3982 5400
495 239 565 294 ετ
1818 233 2120 291 USUARDI
2149 233 2454 294 nomen!
3505 217 3507 219 ’
3680 243 3754 300 ss

497 350 862 406 Theodericus
910 350 1001 427 re;
1066 346 1419 427 tyrannidem
1441 346 1735 427 exercebat
1756 347 2017 427 iniquam
2042 389 2057 412 ,
2092 355 2139 413 Α
2167 352 2312 419 scopi
2339 350 2762 427 et_confessoris.
2788 348 2847 404 In
2877 358 3060 427 monte
3101 350 3407 427 Ollvetl.....
3438 353 3748 427 Mediolani,

498 429 618 488 post
655 435 936 475 excessum
979 416 1116 473 beati
1158 416 1822 488 Ultaniabbatis,gratia
1867 426 2065 488 sanctae

498 485 922 544 conversationis
958 489 1180 542 traditus
1214 486 1314 540 fuit
1342 487 1394 540 in
1430 485 1750 542 custodiam.
1792 485 2060 553 Scriptum

497 559 657 620 estin
680 557 800 623 Vita
831 559 1012 627 ipsius.
1042 576 1060 627 ξ
1088 555 1222 627 Tum
1249 555 1441 627 litteris
1466 556 1761 627 minoribus
1786 574 1847 627 :_t
1877 555 2064 625 Brugis

497 629 747 682 servatur
771 625 998 682 ollicium
1033 626 1101 679 de
1135 625 1276 692 bono
1311 625 1518 679 latrone
1552 640 1674 680 cum
1702 625 1916 680 Christo
1942 641 2065 678 cru-

497 697 676 752 cillxo.
707 716 726 749 ι
757 698 1026 751 Editioncs
1054 695 1170 750 aliae
1195 697 1520 749 conveniunt
1539 710 1661 749 cum
1693 695 1862 763 prima
1896 696 1948 748 in
1975 692 2065 749 Jo-

499 767 734 820 viniano.
774 767 906 819 Tum
936 784 951 820 :
999 783 1016 816 ι
1048 765 1104 819 In
1146 763 1348 827 Sicilia,
1381 767 1517 834 apud
1548 765 1798 834 oppidum
1828 763 2067 818 Leocha-

499 845 634 904 tam,
664 836 774 889 sive
794 835 1083 904 Acbatam,
1102 835 1287 904 natale
1315 833 1486 887 sancti
1517 833 1720 904 Angeli,
1755 853 1774 884 υ
1806 843 1909 888 etc.
1933 834 2063 887 ltem

499 907 552 960 In
599 903 911 958 Fmtunato.
963 906 1016 959 lu
1070 903 1345 956 Mauroute
1385 904 1541 971 paulo
1589 904 1916 958 contractior
1959 913 2063 968 est,

499 974 781 1053 utrobique
818 976 1212 1053 subobscurns;
1250 989 1360 1026 rem
1395 988 1459 1053 ex
1488 974 1636 1053 Actis
1666 972 1866 1053 clarius
1891 974 2067 1053 perci-

497 1044 628 1112 pies.
660 1041 733 1098 Dc
754 1043 1028 1107 Avertino,
1059 1051 1116 1095 ut
1145 1058 1324 1112 supra.
1358 1060 1376 1092 ι
1399 1041 1668 1108 Treveris,
1703 1041 1934 1096 Britouis
1958 1041 2070 1112 epi-

497 1163 679 1223 Pridie
711 1171 854 1225 Non.
889 1193 892 1196 ’

2170 421 2452 494 conversio
2490 419 2662 475 sancti
2708 421 3014 494 Augustini,
3044 440 3062 472 ι
3101 431 3207 477 etc.
3246 431 3306 494 ut
3345 425 3396 478 in
3443 427 3618 494 prima
3641 419 3754 484 edi;

2173 491 2336 562 tione.
2356 489 2610 562 ~Pronum
2644 499 2736 562 est
2771 491 3081 557 observare,
3125 491 3403 562 praefatam
3439 489 3614 550 sancti
3644 497 3753 554 Ati-

2207 560 2368 614 ustini
2415 558 2851 623 conversionem,
2895 575 3000 614 non
3023 558 3147 616 ante
3187 562 3346 615 linem
3376 563 3554 618 seaculi
3587 581 3656 621 xv
3695 569 3750 622 in

2215 629 2408 683 cclesia
2438 629 2766 683 celebratam
2811 629 3010 693 fuisse,
3039 639 3132 685 aut
3181 633 3232 686 iu
3271 631 3459 688 Festos
3501 634 3748 690 relatam.

2170 697 2303 752 Nam
2330 699 2419 767 qui
2448 699 2874 772 primocitantur
2897 698 3052 772 codd.
3079 701 3192 772 Flet
3205 702 3393 772 entini,
3417 704 3752 772 antiquiores

2171 784 2275 837 non
2295 780 2440 830 sunt,
2453 778 2517 837 et
2542 769 2758 836 quidem
2781 783 2904 836 pars
2924 769 3199 837 potissima
3236 770 3383 826 abest
3410 774 3479 827 ab
3512 769 3753 830 editione

2175 836 2403 894 Usuardi
2449 835 2756 892 Florentina
2787 835 2938 891 anni
2974 855 3306 894 ucccexxxvr
3359 841 3532 896 sicut
3578 842 3753 900 ferme

2170 907 2370 1031 ἓειιςέο
2407 922 2473 962 ea
2519 908 2908 978 qualiscunque
2954 910 3396 965 commemoratio
3430 912 3753 989 adscriben-

2209 995 2238 1031 a
2265 993 2309 1031 SI
2340 1016 2356 1030 .
3157 991 3162 996 ‘

2209 995 2238 1031 il
2265 991 2356 1031 δη.
3157 991 3162 996 ’

3567 1176 3674 1231 Die
3694 1176 3752 1231 6.

565 1245 768 1318 Natalis
791 1263 928 1317 beati
958 1261 1183 1318 Joannis
1215 1265 1464 1334 apostoli,
1491 1264 1706 1334 quando
1730 1265 1797 1318 ab
1825 1265 2058 1334 Epheso,
2084 1265 2240 1335 jussu
2277 1265 2568 1320 Domitiani
2595 1265 2823 1320 Romam
2854 1267 3164 1336 perductus,
3196 1278 3250 1322 et
3273 1277 3539 1339 praesente
3559 1264 3750 1342 senatu

492 1355 620 1402 ante
648 1358 856 1418 portam
885 1349 1130 1404 Latinam
1165 1352 1214 1404 iu
1251 1351 1357 1406 olei
1398 1351 1655 1407 ferventis
1691 1351 1894 1406 dolium
1923 1353 2120 1408 missus
2145 1364 2263 1418 est,
2293 1354 2394 1410 sed.
2427 1355 2647 1410 minime
2680 1354 2858 1410 laesus.
2892 1356 2993 1412 Ubi
3036 1357 3231 1413 festum
3269 1358 3456 1414 eadem
3500 1359 3586 1414 die
3623 1375 3754 1414 con-

490 1453 706 1493 cursum
737 1439 922 1495 tldcles
957 1440 1155 1510 populi
1178 1456 1350 1512 usque
1387 1443 1547 1497 hodie
1579 1442 1804 1498 faciunt.
1828 1444 2149 1510 Antiochize,
2181 1447 2353 1500 sancti
2381 1447 2570 1502 Evodii
2603 1447 2712 1516 qui,
2741 1457 2800 1502 ut
2832 1450 3022 1504 beatus
3048 1449 3286 1516 lgnatius
3311 1451 3512 1513 scribit,
3541 1453 3753 1521 primus

493 1530 689 1585 ibidem
717 1532 1001 1602 episcopus
1030 1532 1098 1586 ab
1127 1533 1395 1604 Apostolis
1424 1535 1707 1590 ordinatus
1733 1544 1834 1590 est.
1870 1535 1969 1590 Hic
2000 1537 2236 1607 glorioso
2264 1537 2522 1607 martyrio
2553 1540 2694 1608 apud
2715 1539 2958 1593 eamdem
2988 1540 3174 1594 urbem
3203 1542 3370 1596 vitam
3399 1541 3590 1596 ﬁnivit.
3615 1541 3750 1595 [tem

492 1623 661 1677 sancti
702 1621 849 1677 Lucii
878 1623 1201 1693 Cyrenensis
1222 1663 1236 1684 ,
1265 1625 1356 1694 qui
1386 1625 1526 1695 apud
1558 1625 1827 1696 Cyreuem
1865 1627 2071 1696 primus
2117 1630 2400 1698 episcopus
2443 1645 2476 1682 a
2507 1630 2712 1685 sanctis
2737 1629 3007 1699 Apostolis
3045 1632 3322 1688 institutus
3345 1642 3464 1698 est,
3495 1647 3656 1701 quem
3693 1635 3748 1688 in

484 1712 713 1767 Actibus
741 1711 1106 1781 apostolorum
1136 1713 1326 1768 beatus
1355 1713 1529 1767 Lucas
1554 1722 1966 1769 commemorat.
2000 1715 2058 1770 ιη
2085 1715 2288 1782 Africa,
2321 1728 2635 1774 sanctorum
2673 1725 2970 1788 martyrum
2999 1718 3272 1776 Heliodori
3292 1759 3308 1785 ,
3337 1719 3555 1775 Venuin
3573 1759 3590 1785 ,
3621 1735 3750 1776 cum

488 1803 612 1858 aliis
648 1804 986 1874 septuaginta
1021 1803 1283 1876 quinque.

2009 1876 2242 1934 ΝΟΤΕ.

488 1993 545 2043 ιι.
560 1962 638 2016 Ex
656 1972 766 2018 toto
786 1965 904 2043 pigri
931 1963 1313 2043 suntPraten.,
1330 1957 1619 2043 Η-ςιῖῖηζεηη
1642 1965 2068 2043 [intuere-illa},
2104 1975 2147 2032 Β
2175 1969 2322 2043 den"
2345 1968 2658 2037 Lemniam,
2685 1969 2986 2041 Albergen.,
3008 1969 3200 2026 Danic.
3221 1981 3276 2028 et
3302 1971 3428 2026 Edit
3461 1969 3745 2043 Ultraject-

490 2025 1027 2097 Hunerat.,'6reven.
1057 2045 1102 2087 et
1137 2025 1613 2089 Malm-irProxime
1645 2025 1908 2089 accedunt
1935 2025 2063 2088 Anti

489 2117 631 2170 uerp.
653 2111 710 2156 et
728 2101 1117 2168 Mean-Labeo,
1140 2103 1591 2172 Autverp.-tlla:c.,
1610 2103 1883 2173 Ultraject.
1896 2144 1910 2168 ,
1929 2104 2064 2174 Ley—

2171 2037 2319 2109 Belg.

1698 2211 2093 2267 VARIANTES
2131 2213 2535 2269 LECTIONES.

563 2296 616 2369 tu
667 2297 975 2369 purioribus
1022 2296 1297 2352 codicibus
1350 2299 1417 2353 ad
1467 2315 1635 2369 pauca
1705 2301 2052 2354 reducuntur.

487 2363 764 2419 Herinien.
804 2377 860 2420 et
908 2367 1169 2426 Munerat.
1219 2383 1366 2422 more
1397 2363 1492 2423 suo
1529 2370 1772 2423 scribunt
1808 2369 2052 2421 Joannis.

487 2432 694 2506 Rursus
724 2435 992 2490 Heriuien.
1026 2435 1150 2506 legit
1184 2435 1467 2506 Cirinensis
1501 2448 1555 2492 et
1592 2437 1835 2492 Cit-enen.
1870 2437 2055 2490 Mune-

487 2513 588 2574 rat.
632 2505 806 2572 festive
831 2520 928 2574 pro
969 2505 1191 2571 festum:
1219 2505 1448 2560 Grcvcn.
1479 2518 1532 2560 et
1563 2509 1757 2560 Molan.
1798 2507 2050 2560 Venustii.

487 2572 564 2646 l_)e
611 2572 1082 2646 Aphricddictum
1122 2575 1270 2646 alibi.
1325 2577 1534 2646 Reliqui
1561 2577 1795 2640 codices,
1831 2585 2056 2646 escepto

483 2641 742 2712 Antverp.
776 2644 994 2712 majore,
1027 2643 1282 2697 omittunt
1309 2641 1536 2712 primam
1564 2659 1775 2710 vocem,
1821 2641 2054 2698 Natalis.

487 2709 702 2774 Codex,
725 2713 816 2781 qui
841 2709 1126 2782 excipitur,
1161 2709 1323 2782 ponit
1355 2715 1547 2769 natale.
1597 2709 1909 2785 ldem'pro,
1957 2712 2058 2766 llic

2161 2300 2387 2383 glorioso
2413 2301 2686 2383 martyrio,
2716 2299 2940 2383 brevius
2959 2303 3159 2383 posuit,
3185 2302 3268 2356 hic
3288 2287 3740 2383 ςιοζὶοεξηϐαειθη

2162 2370 2405 2442 Adonem
2458 2370 2645 2442 potius
2686 2370 3201 2442 quamAUs’uardum
3249 2370 3398 2442 sequi
3462 2375 3735 2437 videntur,

2164 2442 2288 2494 dum
2319 2440 2499 2510 legunt
2528 2440 2719 2495 melius
2746 2449 2799 2494 et
2817 2440 3046 2510 elarius,
3075 2443 3160 2494 ubi
3188 2440 3427 2510 festiuum
3452 2443 3632 2496 eadem
3653 2444 3736 2496 die

2163 2508 2496 2580 concursum,
2520 2518 2649 2580 etc.,
2681 2509 2772 2562 sed
2800 2508 3058 2580 Antverp.
3093 2520 3148 2565 et
3177 2508 3522 2566 Max-Lubec.
3555 2527 3733 2566 naevos

2164 2578 2297 2650 alios
2323 2579 2655 2650 habent,_t1t_i
2683 2588 2756 2650 est
2785 2578 3238 2650 missum—cursim,
3269 2590 3367 2650 pro
3403 2597 3734 2647 concursum,

2165 2657 2219 2702 et
2239 2647 2292 2700 in
2313 2647 2530 2702 Actibus
2548 2645 2856 2718 Ilelyodori,
2891 2656 2995 2703 etc.
3199 2669 3202 2672 η

1838 2797 2434 2858 OBSERVATIONES.

561 2891 897 2947 Laterculum
947 2901 1149 2958 totum,
1201 2893 1248 2949 si
1294 2893 1538 2950 ultimam
1589 2894 2051 2948 annuntiationem

487 2963 745 3035 excipias,
794 2979 857 3016 es
908 2961 1356 3035 Romano__parvo
1399 2965 1784 3035 proliciscitur,
1826 2978 1950 3016 nam
1999 2963 2053 3016 in

485 3031 770 3103 praecipuis
800 3034 1117 3103 apograpltis
1145 3031 1572 3103 Hierouymianis
1600 3035 1664 3088 de
1689 3036 1894 3087 Joanne
1935 3042 2054 3084 ante

486 3110 690 3168 portam
731 3101 1222 3163 Lunaque—Evodio
1244 3113 1297 3157 et
1328 3101 1488 3157 Lucio
1520 3118 1618 3157 nec
1644 3105 1864 3158 verbum
1896 3116 2052 3170 repe-

487 3170 617 3223 rias.
653 3170 724 3224 Ea
756 3183 931 3225 tamen
965 3172 1104 3224 inter
1151 3181 1351 3226 textum
1380 3181 1618 3227 nostrum
1657 3181 1709 3226 et
1752 3173 2052 3225 Romanum

486 3252 710 3312 parvum
724 3239 1017 3312 diversitas
1041 3250 1145 3312 est,
1170 3244 1310 3312 quod
1335 3242 1586 3305 Joannes,
1633 3243 1719 3295 hic
1752 3241 1951 3312 primo,
1974 3239 2052 3312 ibi

484 3308 675 3380 pltimo
724 3309 838 3363 loco
893 3308 1198 3380 reponatur.
1256 3311 1526 3380 Nusquam
1577 3326 1702 3364 vero
1750 3308 2054 3364 distinctius

484 3374 721 3448 locutum
768 3393 888 3433 esse
932 3374 1156 3431 Romani
1185 3382 1333 3447 parvi
1375 3374 1812 3448 compilatorem,
1849 3389 2053 3432 textum

485 3447 603 3519 ejus
635 3448 824 3519 legenti
859 3448 1197 3519 manifestum
1227 3451 1348 3503 erit.
1387 3447 1509 3503 Ado
1531 3449 1790 3519 prolixius
1819 3448 2054 3519 elogium

485 3517 650 3569 etiam
695 3517 866 3588 primo
897 3518 1016 3571 loco
1043 3516 1234 3573 Joanui
1263 3521 1484 3588 aptavit,
1516 3516 1657 3586 quod
1685 3518 1846 3588 solito
1865 3516 2056 3588 nitore

485 3588 753 3656 contraxit
787 3585 998 3650 Noster,
1029 3601 1186 3656 quem
1218 3585 1411 3641 mirum
1446 3585 1837 3656 est’obscurius
1864 3586 2058 3656 legisse

486 3653 675 3724 festum
697 3671 1022 3718 concursant,
1046 3653 1140 3710 ubi
1162 3656 1276 3710 Ado
1295 3656 1494 3710 clarius
1520 3663 1772 3724 posuerat
1792 3655 2054 3724 festivum.

487 3722 752 3777 Notkcrus
784 3726 870 3778 hic
897 3738 1061 3792 supra
1095 3728 1369 3779 ductorem
1402 3722 1597 3793 sapuit,
1631 3722 2058 3793 auctoplnribus

487 3803 551 3862 et
585 3793 905 3862 interpolato
948 3794 1066 3861 ejus
1113 3793 1306 3862 elogio.
1358 3792 1485 3860 Qua:
1532 3810 1595 3847 ex
1629 3792 1961 3862 'l‘ertulliauo
2004 3800 2058 3846 et

492 3858 818 3932 Hieronymo
844 3858 990 3916 circa
1020 3858 1283 3916 celebrem
1312 3858 1454 3917 illam
1485 3864 1654 3917 sancti
1679 3861 1904 3916 Joannis
1931 3877 2058 3930 apo-

489 3930 610 4000 stoli
659 3930 982 3999 passionem,
1025 3932 1178 4000 cujus
1223 3933 1402 3985 Romae
1428 3941 1693 3986 servatam
1744 3934 2056 3985 memoriam

488 3998 751 4063 vidinuts,
800 3998 1112 4055 illustranda
1156 4011 1368 4062 essent,
1421 4003 1554 4056 bene
1603 4004 1668 4054 ab
1718 4001 2059 4054 Heusclienio

492 4069 838 4138 remittuntur
857 4073 922 4123 ad
957 4071 1098 4124 diem
1125 4070 1241 4138 ejus
1270 4071 1501 4124 natalem
1532 4088 1677 4125 xxvn
1725 4069 2054 4124 Decembris.

491 4137 757 4262 Aqdli)atur
783 4139 869 4194 hic
896 4137 1332 4196 Wandelb’ertus.
1359 4139 1581 4194 Joannis
1618 4141 1948 4210 triumphum
1979 4138 2060 4194 sic

492 4221 553 4260 ce
575 4225 604 4260 e
647 4223 802 4262 rans:

492 4221 802 4263 εειευηιιιδιε

583 4320 872 4384 [ξαρρθιπιιηι
897 4323 1050 4384 pridie
1068 4297 1325 4372 celebrant
1351 4321 1558 4370 ltomana
1581 4320 1817 4370 Joannem

580 4381 780 4446 Templa
805 4381 922 4444 Dei,
947 4387 1026 4446 qui
1053 4389 1199 4447 pleno
1225 4385 1382 4432 ltansnt
1401 4386 1465 4432 de
1491 4393 1690 4446 pectore
1715 4386 1938 4432 verbum.

567 4482 640 4534 De
670 4482 863 4536 Evodio
907 4484 1073 4536 nihilo
1119 4483 1237 4552 plus
1263 4483 1397 4536 dixit
1425 4483 1542 4537 Ado
1568 4483 1620 4536 in
1650 4480 2056 4552 Martyrologio,

491 4563 654 4622 quam
677 4553 727 4604 in
758 4552 997 4606 lionnano
1027 4551 1193 4622 parvo
1223 4562 1515 4621 repererat,
1547 4553 1719 4622 sediu
1745 4551 2057 4622 festivitati-

490 4619 592 4672 bus
631 4619 1040 4689 Apostolorum,
1064 4624 1221 4676 verba
1253 4619 1310 4676 S.
1343 4622 1527 4691 lguatii
1559 4621 1768 4683 recitat,
1801 4636 1921 4690 quae
1951 4619 2056 4674 No-

490 4696 601 4740 ster
644 4707 744 4760 nou
786 4692 1086 4760 descripsit,
1132 4709 1196 4745 ex
1229 4701 1338 4746 toto
1367 4693 1567 4745 Adonis
1603 4700 1855 4745 contextu
1895 4691 2057 4744 breve

491 4771 644 4830 suum
671 4759 896 4830 elogium
927 4759 1216 4815 centiciens
1244 4779 1255 4813 :
1287 4761 1386 4814 llic
1411 4761 1632 4830 glorioso
1649 4763 1919 4829 martyrio,
1948 4767 2055 4813 etc.

491 4824 623 4900 quae
650 4824 804 4900 apud
851 4829 1190 4883 Mosandrmn
1238 4824 1506 4900 leguntur,
1548 4824 1884 4900 iipsissim'um
1928 4836 2054 4882 sunt

489 4894 852 4950 Adonisinter
873 4900 1186 4952 festivitates
1204 4894 1522 4953 cncinnium.
1545 4894 1807 4952 Not'kerus
1835 4913 1926 4952 eas
1947 4914 2052 4950 non

489 4965 776 5030 consuluit,
801 4969 890 5037 qui
925 4981 1120 5038 praeter
1150 4967 1511 5039 Martyrologii
1543 4970 1724 5033 verba,
1754 4966 1902 5021 Pauli
1934 4967 2052 5036 cpia

2159 2893 2350 2946 stolam
2397 2891 2464 2944 ad
2509 2889 2876 2962 Philippenses
2908 2905 3013 2945 non
3040 2892 3174 2962 satis
3199 2901 3322 2962 apte
3347 2893 3453 2948 huc
3481 2894 3730 2948 reduxit:

2159 2962 2236 3016 De
2257 2977 2357 3032 quo
2384 2963 2490 3030 ipse
2517 2958 2720 3032 Paulus
2743 2958 3165 3032 Pliilippensibus
3186 2958 3436 3027 scribens,
3457 2965 3533 3016 ait
3555 2979 3575 3017 :
3603 2964 3734 3017 Evo-

2159 3027 2303 3084 diw'n
2354 3027 2474 3098 rogo
2515 3039 2562 3082 et
2609 3027 2931 3098 Syntychen,
2965 3039 3095 3093 etc.,
3125 3047 3231 3084 non
3253 3032 3398 3085 enim
3423 3034 3490 3086 de
3533 3032 3732 3088 Evodio

2159 3101 2268 3155 illic
2297 3099 2541 3153 meminit
2587 3098 2892 3166 Apostolus,
2924 3100 3018 3152 sed
3046 3101 3112 3153 de
3143 3101 3368 3164 Evodia,
3416 3111 3475 3154 ut
3505 3103 3727 3156 notissi-

2159 3186 2306 3224 mum
2331 3178 2448 3238 est.
2469 3167 2662 3238 Paucis
2689 3167 2906 3238 colligit
2923 3167 3316 3232 Heuséheuius,
3352 3185 3472 3238 qua:
3497 3172 3560 3224 de
3590 3171 3730 3224 Evo-

2159 3240 2248 3292 dio
2280 3239 2330 3291 in
2383 3237 2590 3309 tabulis_
2613 3237 2994 3309 ecclesiasticis
3037 3242 3252 3309 reperit,
3305 3237 3406 3294 nec
3444 3239 3594 3308 plura
3636 3240 3728 3293 alii

2161 3309 2513 3362 tradiderunt.
2538 3306 2778 3376 Lucium
2809 3305 2990 3376 _rel'ert
3031 3305 3331 3361 Bonnauum
3378 3305 3598 3376 parvum
3645 3311 3730 3363 liis

2158 3379 2374 3433 verbis:
2408 3376 2474 3429 Et
2520 3375 2581 3430 S.
2618 3376 2768 3429 Lucii
2793 3374 3119 3445 Cyrenensis.
3148 3379 3237 3446 qui
3261 3374 3476 3446 Cyrene:
3498 3378 3562 3430 ab
3588 3377 3730 3446 Apo-

2157 3449 2304 3502 stolis
2344 3448 2615 3515 episcopus.
2653 3446 2924 3499 ordinatus
2965 3455 3059 3498 est.
3085 3446 3294 3500 Gzetera
3333 3447 3401 3500 ab
3427 3447 3613 3500 Adone
3635 3448 3731 3501 ad-

2152 3516 2357 3582 juncta,
2389 3515 2581 3568 Noster
2607 3516 2674 3567 ad
2702 3515 2924 3567 verbum
2959 3515 3248 3568 transtulit.
3287 3515 3451 3569 Recte
3477 3516 3730 3570 observat

2160 3585 2528 3638 Henscheuius
2551 3583 2701 3650 plura
2724 3583 2810 3636 hic
2830 3599 2859 3636 a
2893 3582 2973 3635 Ma
2983 3585 3263 3655 rtyrologis
3283 3585 3449 3655 Lucio
3470 3586 3726 3649 adscribi.

2158 3669 2319 3722 quam
2365 3666 2520 3722 sacer
2559 3661 2736 3706 textus
2771 3655 3117 3720 expresserit,
3156 3653 3353 3708 rectius
3395 3653 3642 3717 iacturis,
3683 3656 3728 3708 si

2161 3721 2300 3776 idem
2333 3723 2382 3776 ei
2424 3721 2652 3791 elogium
2683 3723 3023 3792 tribuissent,
3073 3726 3215 3792 quod
3264 3725 3424 3777 habet
3464 3723 3725 3778 Manaben

2159 3809 2287 3846 xxw
2338 3792 2484 3849 Maii.
2518 3789 2713 3858 nempe
2756 3789 3048 3858 PrOphetw,
3078 3789 3138 3845 ac
3165 3793 3409 3854 doctoris,
3455 3794 3549 3846 sub
3579 3792 3728 3846 Novo

2162 3862 2506 3915 Testamento.
2534 3860 2747 3928 Nequeo
2773 3861 3040 3925 conjicere
3066 3877 3132 3915 ex
3161 3878 3266 3930 quo
3294 3861 3510 3929 qualive
3541 3861 3730 3916 Hiero-

2160 3933 2305 4002 nymi
2351 3933 2658 4002 apographo
2689 3929 3028 4002 Heliodorum
3050 3942 3098 3983 et
3141 3929 3419 4002 l'enustunt
3441 3945 3726 4002 cuni_t.xxv

2160 3999 2321 4055 sociis
2356 4001 2629 4054 Usnardus
2651 4000 2939 4068 acceperit,
2972 4015 3199 4067 quorum
3237 4001 3353 4054 loco
3383 4000 3522 4068 apud
3552 3999 3730 4053 Raba-

2162 4087 2288 4124 num
2329 4081 2385 4125 et
2423 4070 2712 4123 Notkerum
2747 4067 3024 4121 Marianas
3058 4077 3113 4122 et
3156 4068 3386 4126 Jacobus
3413 4067 3534 4122 eum
3565 4070 3728 4124 sociis

2162 4138 2356 4194 iterum
2383 4140 2787 4192 tumultuantur.
2821 4137 2877 4190 Si
2909 4147 3051 4192 recte
3077 4137 3442 4193 Henschenius
3475 4153 3729 4192 numero-

2161 4225 2276 4264 sam
2317 4209 2456 4278 apud
2487 4209 2797 4278 Hieronym.
2833 4217 3130 4278 martyrum
3158 4217 3390 4278 turmam
3412 4207 3724 4278 dispescuit,

2163 4275 2501 4341 Heliodorus,
2533 4275 2807 4330 Mai-ianus
2841 4284 2896 4330 et
2931 4275 3161 4330 Jacobus
3203 4277 3269 4329 ad
3305 4278 3549 4330 eamdem
3585 4277 3730 4330 Afri-

2162 4362 2349 4401 canam
2377 4349 2652 4402 cohortem
2680 4345 2947 4416 pertinent
2972 4361 2988 4409 ;
3028 4355 3084 4416 at
3124 4345 3375 4399 Venustus
3404 4347 3469 4398 ad
3502 4346 3726 4416 legatio-

2161 4432 2308 4481 nem,
2334 4417 2379 4471 si
2409 4419 2480 4471 ita
2517 4417 2661 4485 loqui
2695 4415 2844 4485 licet,
2889 4414 3731 4485 Mediolanenseurreducendus

2163 4495 2264 4542 est.
2297 4488 2447 4552 Quod
2478 4483 2604 4539 vero
2631 4486 2682 4538 in
2727 4483 3110 4551 l’matermissis
3144 4493 3294 4538 notat
3332 4483 3721 4549 Hensclienius,

2166 4573 2197 4610 a
2227 4555 2450 4610 Rabano
2497 4554 2720 4608 indicari
2768 4553 3067 4606 Marianum
3095 4553 3332 4606 lectorem
3375 4562 3430 4607 et
3470 4554 3726 4606 Jacobum

2164 4628 2463 4688 diaconum,
2495 4626 2560 4676 de
2596 4625 2789 4691 quibus
2827 4638 2936 4675 xxx
2974 4622 3204 4690 Aprilis;
3227 4623 3422 4676 additu:
3443 4639 3472 4674 a
3504 4624 3726 4675 ltabano

2161 4694 2580 4751 circumstantia:
2619 4694 2774 4762 plane
2825 4692 3128 4762 verositnile
3181 4692 3400 4762 iaciunt.
3455 4692 3721 4762 Etuhunc

2158 4779 2346 4821 verum
2371 4759 2787 4833 martyrii'diem
2819 4774 2959 4833 esse,
3003 4759 3074 4812 ibi
3108 4760 3478 4833 indicavimus.
3522 4759 3720 4833 Utcun-

2158 4851 2264 4903 que
2294 4848 2380 4886 res
2409 4829 2621 4903 habeat,
2649 4839 2791 4903 certa
2815 4829 3042 4903 _videtur
3066 4838 3121 4884 et
3147 4829 3446 4884 indubitata
3475 4844 3547 4884 ex
3570 4829 3719 4884 codi-

2154 4897 2306 4959 cibus
2331 4902 2531 4957 nostris
2558 4900 2786 4956 Usuardi
2813 4897 2992 4952 lectio»

1942 5049 2316 5108 AUCTARIA.
