  <div class='ocr_page' id='page_1' title='image "/cluster/home/n/w/nwhite01/storage/ocr_20150623/124/hvd.32044011218096/083.png"; bbox 0 0 3982 5400; ppageno 0'>
   <div class='ocr_carea' id='block_1_1' title="bbox 1332 186 1363 211">
    <p class='ocr_par' dir='ltr' id='par_1_1' title="bbox 1332 186 1363 211">
     <span class='ocr_line' id='line_1_1' title="bbox 1332 186 1363 211; baseline 0 0"><span class='ocrx_word' id='word_1_1' title='bbox 1332 186 1363 211; x_wconf 59' lang='grc' dir='ltr'><em>θ</em></span> 
     </span>
    </p>
   </div>
   <div class='ocr_carea' id='block_1_2' title="bbox 534 290 640 347">
    <p class='ocr_par' dir='ltr' id='par_1_2' title="bbox 534 290 640 347">
     <span class='ocr_line' id='line_1_2' title="bbox 534 290 640 347; baseline -0.009 0"><span class='ocrx_word' id='word_1_2' title='bbox 534 290 640 347; x_wconf 69' lang='grc'><strong>155</strong></span> 
     </span>
    </p>
   </div>
   <div class='ocr_carea' id='block_1_3' title="bbox 1848 286 2499 345">
    <p class='ocr_par' dir='ltr' id='par_1_3' title="bbox 1848 286 2499 345">
     <span class='ocr_line' id='line_1_3' title="bbox 1848 286 2499 345; baseline 0.003 -3"><span class='ocrx_word' id='word_1_3' title='bbox 1848 286 2152 342; x_wconf 76' lang='lat' dir='ltr'><strong>USUABDI</strong></span> <span class='ocrx_word' id='word_1_4' title='bbox 2191 287 2499 345; x_wconf 74' lang='lat' dir='ltr'><strong>MONACHI</strong></span> 
     </span>
    </p>
   </div>
   <div class='ocr_carea' id='block_1_4' title="bbox 3708 285 3815 340">
    <p class='ocr_par' dir='ltr' id='par_1_4' title="bbox 3708 285 3815 340">
     <span class='ocr_line' id='line_1_4' title="bbox 3708 285 3815 340; baseline -0.019 0"><span class='ocrx_word' id='word_1_5' title='bbox 3708 285 3815 340; x_wconf 70' lang='lat'><strong>156</strong></span> 
     </span>
    </p>
   </div>
   <div class='ocr_carea' id='block_1_5' title="bbox 531 398 3810 474">
    <p class='ocr_par' dir='ltr' id='par_1_5' title="bbox 531 398 3810 474">
     <span class='ocr_line' id='line_1_5' title="bbox 531 398 3810 474; baseline -0.001 -19"><span class='ocrx_word' id='word_1_6' title='bbox 531 414 661 466; x_wconf 79' lang='lat' dir='ltr'><strong>etet,</strong></span> <span class='ocrx_word' id='word_1_7' title='bbox 698 403 909 459; x_wconf 78' lang='lat' dir='ltr'><strong>dicetur</strong></span> <span class='ocrx_word' id='word_1_8' title='bbox 929 401 996 474; x_wconf 85' lang='lat' dir='ltr'><strong>de</strong></span> <span class='ocrx_word' id='word_1_9' title='bbox 1015 417 1078 456; x_wconf 88' lang='lat' dir='ltr'><strong>ea</strong></span> <span class='ocrx_word' id='word_1_10' title='bbox 1102 400 1168 456; x_wconf 89' lang='lat' dir='ltr'><strong>ad</strong></span> <span class='ocrx_word' id='word_1_11' title='bbox 1190 401 1333 456; x_wconf 88' lang='lat' dir='ltr'><strong>diem</strong></span> <span class='ocrx_word' id='word_1_12' title='bbox 1357 398 1725 474; x_wconf 69' lang='lat' dir='ltr'><strong>ejusnataletn</strong></span> <span class='ocrx_word' id='word_1_13' title='bbox 1759 416 1863 455; x_wconf 78' lang='lat' dir='ltr'><strong>xvu</strong></span> <span class='ocrx_word' id='word_1_14' title='bbox 1890 400 2112 456; x_wconf 89' lang='lat' dir='ltr'><strong>Decem-</strong></span> <span class='ocrx_word' id='word_1_15' title='bbox 2139 408 2187 464; x_wconf 82' lang='grc' dir='ltr'>Α</span> <span class='ocrx_word' id='word_1_16' title='bbox 2217 402 2323 474; x_wconf 84' lang='lat' dir='ltr'><strong>die,</strong></span> <span class='ocrx_word' id='word_1_17' title='bbox 2354 404 2524 474; x_wconf 86' lang='lat' dir='ltr'><strong>sancti</strong></span> <span class='ocrx_word' id='word_1_18' title='bbox 2547 402 2827 472; x_wconf 84' lang='lat' dir='ltr'><strong>Qolnciani</strong></span> <span class='ocrx_word' id='word_1_19' title='bbox 2853 403 3151 474; x_wconf 80' lang='lat' dir='ltr'><strong>presbyteri</strong></span> <span class='ocrx_word' id='word_1_20' title='bbox 3171 412 3227 461; x_wconf 85' lang='lat' dir='ltr'><strong>et</strong></span> <span class='ocrx_word' id='word_1_21' title='bbox 3253 402 3380 474; x_wconf 80' lang='lat' dir='ltr'><strong>Sicii</strong></span> <span class='ocrx_word' id='word_1_22' title='bbox 3408 400 3810 474; x_wconf 70' lang='lat' dir='ltr'><strong>confessorum.</strong></span> 
     </span>
    </p>
   </div>
   <div class='ocr_carea' id='block_1_6' title="bbox 531 471 1647 541">
    <p class='ocr_par' dir='ltr' id='par_1_6' title="bbox 531 471 1647 541">
     <span class='ocr_line' id='line_1_6' title="bbox 531 471 1647 541; baseline -0.005 -12"><span class='ocrx_word' id='word_1_23' title='bbox 531 473 669 533; x_wconf 85' lang='lat' dir='ltr'><strong>bris.</strong></span> <span class='ocrx_word' id='word_1_24' title='bbox 708 490 815 541; x_wconf 90' lang='lat' dir='ltr'><strong>quo</strong></span> <span class='ocrx_word' id='word_1_25' title='bbox 843 473 1037 527; x_wconf 86' lang='lat' dir='ltr'><strong>similia</strong></span> <span class='ocrx_word' id='word_1_26' title='bbox 1067 486 1280 539; x_wconf 80' lang='lat' dir='ltr'><strong>semper</strong></span> <span class='ocrx_word' id='word_1_27' title='bbox 1304 471 1647 525; x_wconf 90' lang='lat' dir='ltr'><strong>remittimus.</strong></span> 
     </span>
    </p>
   </div>
   <div class='ocr_carea' id='block_1_7' title="bbox 608 539 2113 599">
    <p class='ocr_par' dir='ltr' id='par_1_7' title="bbox 608 539 2113 599">
     <span class='ocr_line' id='line_1_7' title="bbox 608 539 2113 599; baseline -0.001 -2"><span class='ocrx_word' id='word_1_28' title='bbox 608 539 1320 599; x_wconf 61' lang='lat' dir='ltr'><strong>hlarntc-Csn&#39;rus-Unnu.</strong></span> <span class='ocrx_word' id='word_1_29' title='bbox 1352 559 1364 594; x_wconf 91' lang='lat'>:</span> <span class='ocrx_word' id='word_1_30' title='bbox 1395 559 1412 591; x_wconf 72' lang='grc' dir='ltr'>ι</span> <span class='ocrx_word' id='word_1_31' title='bbox 1451 541 1627 594; x_wconf 81' lang='lat' dir='ltr'><strong>Rutini</strong></span> <span class='ocrx_word' id='word_1_32' title='bbox 1654 539 1938 596; x_wconf 80' lang='lat' dir='ltr'><strong>et-Valerii</strong></span> <span class='ocrx_word' id='word_1_33' title='bbox 1967 556 2113 595; x_wconf 88' lang='lat' dir='ltr'><strong>mar-</strong></span> 
     </span>
    </p>
   </div>
   <div class='ocr_carea' id='block_1_8' title="bbox 533 609 2115 683">
    <p class='ocr_par' dir='ltr' id='par_1_8' title="bbox 533 609 2115 683">
     <span class='ocr_line' id='line_1_8' title="bbox 533 609 2115 683; baseline -0.001 -17"><span class='ocrx_word' id='word_1_34' title='bbox 533 621 738 683; x_wconf 86' lang='lat' dir='ltr'><strong>tyrum.</strong></span> <span class='ocrx_word' id='word_1_35' title='bbox 784 612 965 683; x_wconf 83' lang='lat' dir='ltr'><strong>Basilii</strong></span> <span class='ocrx_word' id='word_1_36' title='bbox 1022 609 1683 683; x_wconf 38' lang='grc' dir='ltr'><strong>(διήθει)ρί-ϐζρείῃι-ἰιξηδὶε.Δ</strong></span> <span class='ocrx_word' id='word_1_37' title='bbox 1724 609 1938 683; x_wconf 69' lang='lat' dir='ltr'><strong>llelisazi</strong></span> <span class='ocrx_word' id='word_1_38' title='bbox 1992 626 2115 681; x_wconf 79' lang='lat' dir='ltr'><strong>pro—</strong></span> 
     </span>
    </p>
   </div>
   <div class='ocr_carea' id='block_1_9' title="bbox 533 678 1900 753">
    <p class='ocr_par' dir='ltr' id='par_1_9' title="bbox 533 678 1900 753">
     <span class='ocr_line' id='line_1_9' title="bbox 533 678 1900 753; baseline -0.004 -16"><span class='ocrx_word' id='word_1_39' title='bbox 533 678 711 752; x_wconf 65' lang='lat' dir='ltr'><strong>pheta:</strong></span> <span class='ocrx_word' id='word_1_40' title='bbox 740 684 877 753; x_wconf 88' lang='lat' dir='ltr'><strong>apud</strong></span> <span class='ocrx_word' id='word_1_41' title='bbox 902 678 1523 753; x_wconf 73' lang='lat' dir='ltr'><strong>Satnarian1.__Qnintiani</strong></span> <span class='ocrx_word' id='word_1_42' title='bbox 1547 680 1862 753; x_wconf 81' lang='lat' dir='ltr'><strong>presbyteri.</strong></span> <span class='ocrx_word' id='word_1_43' title='bbox 1881 704 1900 731; x_wconf 73' lang='grc' dir='ltr'>ι</span> 
     </span>
    </p>
   </div>
   <div class='ocr_carea' id='block_1_10' title="bbox 606 748 2114 814">
    <p class='ocr_par' dir='ltr' id='par_1_10' title="bbox 606 748 2114 814">
     <span class='ocr_line' id='line_1_10' title="bbox 606 748 2114 814; baseline -0.001 -9"><span class='ocrx_word' id='word_1_44' title='bbox 606 754 663 807; x_wconf 89' lang='lat' dir='ltr'><strong>lu</strong></span> <span class='ocrx_word' id='word_1_45' title='bbox 697 748 983 814; x_wconf 43' lang='lat' dir='ltr'><strong>Vincare,</strong></span> <span class='ocrx_word' id='word_1_46' title='bbox 1022 767 1172 803; x_wconf 89' lang='lat' dir='ltr'><strong>num.</strong></span> <span class='ocrx_word' id='word_1_47' title='bbox 1217 748 1379 814; x_wconf 65' lang='lat'><strong>5949,</strong></span> <span class='ocrx_word' id='word_1_48' title='bbox 1429 748 1580 805; x_wconf 79' lang='lat' dir='ltr'><strong>deeSt</strong></span> <span class='ocrx_word' id='word_1_49' title='bbox 1608 770 1625 800; x_wconf 69' lang='grc' dir='ltr'>ι</span> <span class='ocrx_word' id='word_1_50' title='bbox 1670 748 1870 814; x_wconf 26' lang='lat' dir='ltr'><strong>E‘lismi,</strong></span> <span class='ocrx_word' id='word_1_51' title='bbox 1900 751 2114 811; x_wconf 85' lang='lat' dir='ltr'><strong>Basilii.</strong></span> 
     </span>
    </p>
   </div>
   <div class='ocr_carea' id='block_1_11' title="bbox 536 820 2116 888">
    <p class='ocr_par' dir='ltr' id='par_1_11' title="bbox 536 820 2116 888">
     <span class='ocr_line' id='line_1_11' title="bbox 536 820 2116 888; baseline 0 -13"><span class='ocrx_word' id='word_1_52' title='bbox 536 823 833 888; x_wconf 72' lang='lat' dir='ltr'><strong>Quintiani.</strong></span> <span class='ocrx_word' id='word_1_53' title='bbox 868 843 886 873; x_wconf 77' lang='grc' dir='ltr'><strong><em>ι</em></strong></span> <span class='ocrx_word' id='word_1_54' title='bbox 920 820 1202 887; x_wconf 87' lang='lat' dir='ltr'><strong>Adjectum</strong></span> <span class='ocrx_word' id='word_1_55' title='bbox 1232 837 1244 873; x_wconf 91' lang='lat'>:</span> <span class='ocrx_word' id='word_1_56' title='bbox 1277 839 1295 872; x_wconf 74' lang='grc' dir='ltr'><strong><em>ο</em></strong></span> <span class='ocrx_word' id='word_1_57' title='bbox 1328 820 1385 874; x_wconf 93' lang='lat' dir='ltr'><strong>ln</strong></span> <span class='ocrx_word' id='word_1_58' title='bbox 1404 820 1733 885; x_wconf 91' lang='lat' dir='ltr'><strong>Benevento,</strong></span> <span class='ocrx_word' id='word_1_59' title='bbox 1767 821 1825 876; x_wconf 90' lang='lat' dir='ltr'><strong>S.</strong></span> <span class='ocrx_word' id='word_1_60' title='bbox 1856 821 2116 877; x_wconf 83' lang='lat' dir='ltr'><strong>Marciani</strong></span> 
     </span>
    </p>
   </div>
   <div class='ocr_carea' id='block_1_12' title="bbox 533 889 1275 963">
    <p class='ocr_par' dir='ltr' id='par_1_12' title="bbox 533 889 1275 963">
     <span class='ocr_line' id='line_1_12' title="bbox 533 889 1275 963; baseline -0.005 -16"><span class='ocrx_word' id='word_1_61' title='bbox 533 894 768 963; x_wconf 80' lang='lat' dir='ltr'><strong>episcopi</strong></span> <span class='ocrx_word' id='word_1_62' title='bbox 795 899 851 945; x_wconf 88' lang='lat' dir='ltr'><strong>et</strong></span> <span class='ocrx_word' id='word_1_63' title='bbox 877 889 1225 963; x_wconf 78' lang='lat' dir='ltr'><strong>confessoris.</strong></span> <span class='ocrx_word' id='word_1_64' title='bbox 1257 911 1275 943; x_wconf 75' lang='grc' dir='ltr'><strong><em>ι</em></strong></span> 
     </span>
    </p>
   </div>
   <div class='ocr_carea' id='block_1_13' title="bbox 2216 470 3809 540">
    <p class='ocr_par' dir='ltr' id='par_1_13' title="bbox 2216 470 3809 540">
     <span class='ocr_line' id='line_1_13' title="bbox 2216 470 3809 540; baseline 0 -16"><span class='ocrx_word' id='word_1_65' title='bbox 2216 472 2542 537; x_wconf 83' lang='lat' dir='ltr'><strong>Aurelianis,</strong></span> <span class='ocrx_word' id='word_1_66' title='bbox 2574 470 2875 529; x_wconf 78' lang='lat' dir='ltr'><strong>translatio</strong></span> <span class='ocrx_word' id='word_1_67' title='bbox 2927 470 3098 529; x_wconf 71' lang='lat' dir='ltr'><strong>sancti</strong></span> <span class='ocrx_word' id='word_1_68' title='bbox 3129 473 3347 538; x_wconf 85' lang='lat' dir='ltr'><strong>Auiaui,</strong></span> <span class='ocrx_word' id='word_1_69' title='bbox 3385 492 3403 524; x_wconf 75' lang='grc' dir='ltr'><strong><em>ι</em></strong></span> <span class='ocrx_word' id='word_1_70' title='bbox 3432 483 3542 526; x_wconf 92' lang='lat' dir='ltr'><strong>etc.</strong></span> <span class='ocrx_word' id='word_1_71' title='bbox 3578 470 3653 525; x_wconf 84' lang='lat' dir='ltr'><strong>De</strong></span> <span class='ocrx_word' id='word_1_72' title='bbox 3699 488 3809 540; x_wconf 80' lang='lat' dir='ltr'><strong>qua</strong></span> 
     </span>
    </p>
   </div>
   <div class='ocr_carea' id='block_1_14' title="bbox 2217 543 3017 599">
    <p class='ocr_par' dir='ltr' id='par_1_14' title="bbox 2217 543 3017 599">
     <span class='ocr_line' id='line_1_14' title="bbox 2217 543 3017 599; baseline 0.001 -3"><span class='ocrx_word' id='word_1_73' title='bbox 2217 544 2382 596; x_wconf 89' lang='lat' dir='ltr'><strong>etiam</strong></span> <span class='ocrx_word' id='word_1_74' title='bbox 2407 543 2576 597; x_wconf 86' lang='lat' dir='ltr'><strong>altera</strong></span> <span class='ocrx_word' id='word_1_75' title='bbox 2603 544 2787 599; x_wconf 77' lang='lat' dir='ltr'><strong>Bcum</strong></span> <span class='ocrx_word' id='word_1_76' title='bbox 2828 545 3017 598; x_wconf 86' lang='lat' dir='ltr'><strong>editio.</strong></span> 
     </span>
    </p>
   </div>
   <div class='ocr_carea' id='block_1_15' title="bbox 2288 612 3813 671">
    <p class='ocr_par' dir='ltr' id='par_1_15' title="bbox 2288 612 3813 671">
     <span class='ocr_line' id='line_1_15' title="bbox 2288 612 3813 671; baseline -0.001 -4"><span class='ocrx_word' id='word_1_77' title='bbox 2288 612 2527 667; x_wconf 64' lang='lat' dir='ltr'><strong>Genavam.</strong></span> <span class='ocrx_word' id='word_1_78' title='bbox 2576 614 2709 671; x_wconf 85' lang='lat' dir='ltr'><strong>Nota</strong></span> <span class='ocrx_word' id='word_1_79' title='bbox 2758 633 2771 668; x_wconf 88' lang='lat'>:</span> <span class='ocrx_word' id='word_1_80' title='bbox 2810 634 2827 665; x_wconf 74' lang='grc' dir='ltr'>ι</span> <span class='ocrx_word' id='word_1_81' title='bbox 2866 614 2978 667; x_wconf 92' lang='lat' dir='ltr'><strong>lloc</strong></span> <span class='ocrx_word' id='word_1_82' title='bbox 3021 614 3109 667; x_wconf 89' lang='lat' dir='ltr'><strong>die</strong></span> <span class='ocrx_word' id='word_1_83' title='bbox 3139 613 3432 667; x_wconf 87' lang='lat' dir='ltr'><strong>translatus</strong></span> <span class='ocrx_word' id='word_1_84' title='bbox 3461 620 3545 666; x_wconf 89' lang='lat' dir='ltr'><strong>est</strong></span> <span class='ocrx_word' id='word_1_85' title='bbox 3583 623 3813 667; x_wconf 72' lang='lat' dir='ltr'><strong>sanans</strong></span> 
     </span>
    </p>
   </div>
   <div class='ocr_carea' id='block_1_16' title="bbox 2217 681 3812 745">
    <p class='ocr_par' dir='ltr' id='par_1_16' title="bbox 2217 681 3812 745">
     <span class='ocr_line' id='line_1_16' title="bbox 2217 681 3812 745; baseline -0.001 -9"><span class='ocrx_word' id='word_1_86' title='bbox 2217 681 2468 745; x_wconf 75' lang='lat' dir='ltr'><strong>Basilius,</strong></span> <span class='ocrx_word' id='word_1_87' title='bbox 2503 683 2755 739; x_wconf 80' lang='lat' dir='ltr'><strong>Kalendis</strong></span> <span class='ocrx_word' id='word_1_88' title='bbox 2779 699 2905 738; x_wconf 89' lang='lat' dir='ltr'><strong>vero</strong></span> <span class='ocrx_word' id='word_1_89' title='bbox 2928 683 3169 737; x_wconf 88' lang='lat' dir='ltr'><strong>Januarii</strong></span> <span class='ocrx_word' id='word_1_90' title='bbox 3201 686 3353 737; x_wconf 85' lang='lat' dir='ltr'><strong>obiit.</strong></span> <span class='ocrx_word' id='word_1_91' title='bbox 3402 682 3536 736; x_wconf 85' lang='lat' dir='ltr'><strong>Item</strong></span> <span class='ocrx_word' id='word_1_92' title='bbox 3588 692 3812 735; x_wconf 79' lang='lat' dir='ltr'><strong>smcto—</strong></span> 
     </span>
    </p>
   </div>
   <div class='ocr_carea' id='block_1_17' title="bbox 2219 751 3813 820">
    <p class='ocr_par' dir='ltr' id='par_1_17' title="bbox 2219 751 3813 820">
     <span class='ocr_line' id='line_1_17' title="bbox 2219 751 3813 820; baseline 0.001 -16"><span class='ocrx_word' id='word_1_93' title='bbox 2219 768 2338 807; x_wconf 86' lang='lat' dir='ltr'><strong>runt</strong></span> <span class='ocrx_word' id='word_1_94' title='bbox 2367 753 2683 820; x_wconf 84' lang='lat' dir='ltr'><strong>Antheonis,</strong></span> <span class='ocrx_word' id='word_1_95' title='bbox 2715 754 2926 818; x_wconf 85' lang='lat' dir='ltr'><strong>Galani,</strong></span> <span class='ocrx_word' id='word_1_96' title='bbox 2959 764 3014 807; x_wconf 92' lang='lat' dir='ltr'><strong>et</strong></span> <span class='ocrx_word' id='word_1_97' title='bbox 3042 753 3239 816; x_wconf 89' lang='lat' dir='ltr'><strong>Jovini,</strong></span> <span class='ocrx_word' id='word_1_98' title='bbox 3271 752 3554 813; x_wconf 80' lang='lat' dir='ltr'><strong>Tlieanli,</strong></span> <span class='ocrx_word' id='word_1_99' title='bbox 3602 751 3725 803; x_wconf 79' lang='lat' dir='ltr'><strong>Afri</strong></span> <span class='ocrx_word' id='word_1_100' title='bbox 3759 760 3813 805; x_wconf 78' lang='lat' dir='ltr'><strong>ct</strong></span> 
     </span>
    </p>
   </div>
   <div class='ocr_carea' id='block_1_18' title="bbox 2218 820 3815 891">
    <p class='ocr_par' dir='ltr' id='par_1_18' title="bbox 2218 820 3815 891">
     <span class='ocr_line' id='line_1_18' title="bbox 2218 820 3815 891; baseline -0.002 -16"><span class='ocrx_word' id='word_1_101' title='bbox 2218 820 2426 876; x_wconf 81' lang='lat' dir='ltr'><strong>Protlti.</strong></span> <span class='ocrx_word' id='word_1_102' title='bbox 2453 842 2471 874; x_wconf 72' lang='grc' dir='ltr'><strong><em>ι</em></strong></span> <span class='ocrx_word' id='word_1_103' title='bbox 2518 823 2652 878; x_wconf 90' lang='lat' dir='ltr'><strong>Vide</strong></span> <span class='ocrx_word' id='word_1_104' title='bbox 2687 826 2841 880; x_wconf 81' lang='lat' dir='ltr'><strong>Acta.</strong></span> <span class='ocrx_word' id='word_1_105' title='bbox 2875 840 2895 873; x_wconf 79' lang='lat' dir='ltr'><strong>t</strong></span> <span class='ocrx_word' id='word_1_106' title='bbox 2938 825 3173 886; x_wconf 63' lang='lat' dir='ltr'><strong>Vienna),</strong></span> <span class='ocrx_word' id='word_1_107' title='bbox 3216 823 3417 878; x_wconf 85' lang='lat' dir='ltr'><strong>Etlterii</strong></span> <span class='ocrx_word' id='word_1_108' title='bbox 3465 823 3709 891; x_wconf 82' lang='lat' dir='ltr'><strong>episcopi</strong></span> <span class='ocrx_word' id='word_1_109' title='bbox 3757 831 3815 873; x_wconf 86' lang='lat' dir='ltr'><strong>et</strong></span> 
     </span>
    </p>
   </div>
   <div class='ocr_carea' id='block_1_19' title="bbox 2220 889 3814 965">
    <p class='ocr_par' dir='ltr' id='par_1_19' title="bbox 2220 889 3814 965">
     <span class='ocr_line' id='line_1_19' title="bbox 2220 889 3814 965; baseline -0.001 -19"><span class='ocrx_word' id='word_1_110' title='bbox 2220 893 2568 965; x_wconf 79' lang='lat' dir='ltr'><strong>confessoris.</strong></span> <span class='ocrx_word' id='word_1_111' title='bbox 2594 895 2839 965; x_wconf 83' lang='lat' dir='ltr'><strong>Gregorii</strong></span> <span class='ocrx_word' id='word_1_112' title='bbox 2865 894 3111 965; x_wconf 15' lang='lat' dir='ltr'><strong>episcopi,</strong></span> <span class='ocrx_word' id='word_1_113' title='bbox 3132 904 3187 947; x_wconf 90' lang='lat' dir='ltr'><strong>et</strong></span> <span class='ocrx_word' id='word_1_114' title='bbox 3228 889 3577 965; x_wconf 75' lang='lat' dir='ltr'><strong>confessoris.</strong></span> <span class='ocrx_word' id='word_1_115' title='bbox 3611 911 3643 965; x_wconf 71' lang='lat' dir='ltr'><strong>i_</strong></span> <span class='ocrx_word' id='word_1_116' title='bbox 3677 889 3814 957; x_wconf 84' lang='lat' dir='ltr'><strong>Quis</strong></span> 
     </span>
    </p>
   </div>
   <div class='ocr_carea' id='block_1_20' title="bbox 606 960 3812 1032">
    <p class='ocr_par' dir='ltr' id='par_1_20' title="bbox 606 960 3812 1032">
     <span class='ocr_line' id='line_1_20' title="bbox 606 960 3812 1032; baseline -0.001 -16"><span class='ocrx_word' id='word_1_117' title='bbox 606 960 878 1018; x_wconf 67' lang='lat' dir='ltr'><strong>Amans.</strong></span> <span class='ocrx_word' id='word_1_118' title='bbox 905 978 918 1014; x_wconf 92' lang='lat'><strong>:</strong></span> <span class='ocrx_word' id='word_1_119' title='bbox 949 980 966 1011; x_wconf 75' lang='grc' dir='ltr'><strong><em>ι</em></strong></span> <span class='ocrx_word' id='word_1_120' title='bbox 999 960 1118 1031; x_wconf 85' lang='lat' dir='ltr'><strong>Ipso</strong></span> <span class='ocrx_word' id='word_1_121' title='bbox 1140 961 1244 1021; x_wconf 88' lang='lat' dir='ltr'><strong>die,</strong></span> <span class='ocrx_word' id='word_1_122' title='bbox 1273 960 1549 1032; x_wconf 75' lang='lat' dir='ltr'><strong>Quintiani</strong></span> <span class='ocrx_word' id='word_1_123' title='bbox 1571 962 1871 1032; x_wconf 81' lang='lat' dir='ltr'><strong>presbyteri</strong></span> <span class='ocrx_word' id='word_1_124' title='bbox 1900 970 2123 1016; x_wconf 79' lang='lat' dir='ltr'><strong>etmar-</strong></span> <span class='ocrx_word' id='word_1_125' title='bbox 2220 964 2310 1021; x_wconf 87' lang='lat' dir='ltr'><strong>sit.</strong></span> <span class='ocrx_word' id='word_1_126' title='bbox 2337 964 2596 1019; x_wconf 90' lang='lat' dir='ltr'><strong>uescitur.</strong></span> <span class='ocrx_word' id='word_1_127' title='bbox 2624 985 2642 1016; x_wconf 75' lang='grc' dir='ltr'>ι</span> <span class='ocrx_word' id='word_1_128' title='bbox 2678 960 2954 1032; x_wconf 72' lang='lat' dir='ltr'><strong>Hertholdi</strong></span> <span class='ocrx_word' id='word_1_129' title='bbox 2984 960 3330 1017; x_wconf 82' lang='lat' dir='ltr'><strong>confessoris.</strong></span> <span class='ocrx_word' id='word_1_130' title='bbox 3366 981 3386 1015; x_wconf 74' lang='grc' dir='ltr'><strong><em>ι</em></strong></span> <span class='ocrx_word' id='word_1_131' title='bbox 3434 962 3599 1032; x_wconf 83' lang='lat' dir='ltr'><strong>Forte</strong></span> <span class='ocrx_word' id='word_1_132' title='bbox 3631 960 3681 1032; x_wconf 81' lang='lat' dir='ltr'><strong>is</strong></span> <span class='ocrx_word' id='word_1_133' title='bbox 3700 970 3812 1020; x_wconf 86' lang='lat' dir='ltr'><strong>est,</strong></span> 
     </span>
    </p>
   </div>
   <div class='ocr_carea' id='block_1_21' title="bbox 537 1030 1706 1103">
    <p class='ocr_par' dir='ltr' id='par_1_21' title="bbox 537 1030 1706 1103">
     <span class='ocr_line' id='line_1_21' title="bbox 537 1030 1706 1103; baseline -0.003 -17"><span class='ocrx_word' id='word_1_134' title='bbox 537 1033 688 1103; x_wconf 64' lang='lat' dir='ltr'><strong>tytjs.</strong></span> <span class='ocrx_word' id='word_1_135' title='bbox 707 1053 725 1084; x_wconf 72' lang='grc' dir='ltr'><strong><em>ι</em></strong></span> <span class='ocrx_word' id='word_1_136' title='bbox 755 1032 943 1085; x_wconf 79' lang='lat' dir='ltr'><strong>Melius</strong></span> <span class='ocrx_word' id='word_1_137' title='bbox 972 1032 1026 1085; x_wconf 90' lang='lat' dir='ltr'><strong>in</strong></span> <span class='ocrx_word' id='word_1_138' title='bbox 1046 1042 1281 1103; x_wconf 61' lang='lat' dir='ltr'><strong>_textu,t</strong></span> <span class='ocrx_word' id='word_1_139' title='bbox 1316 1030 1661 1086; x_wconf 82' lang='lat' dir='ltr'><strong>confessoris.</strong></span> <span class='ocrx_word' id='word_1_140' title='bbox 1689 1052 1706 1083; x_wconf 75' lang='grc' dir='ltr'><strong><em>ι</em></strong></span> 
     </span>
    </p>
   </div>
   <div class='ocr_carea' id='block_1_22' title="bbox 608 1100 2123 1172">
    <p class='ocr_par' dir='ltr' id='par_1_22' title="bbox 608 1100 2123 1172">
     <span class='ocr_line' id='line_1_22' title="bbox 608 1100 2123 1172; baseline 0.001 -17"><span class='ocrx_word' id='word_1_141' title='bbox 608 1101 937 1157; x_wconf 60' lang='grc' dir='ltr'><strong>Ειοιιεκτικ.</strong></span> <span class='ocrx_word' id='word_1_142' title='bbox 959 1118 1018 1172; x_wconf 79' lang='lat' dir='ltr'><strong>:_t</strong></span> <span class='ocrx_word' id='word_1_143' title='bbox 1046 1100 1167 1170; x_wconf 85' lang='lat' dir='ltr'><strong>Ipso</strong></span> <span class='ocrx_word' id='word_1_144' title='bbox 1218 1101 1326 1172; x_wconf 87' lang='lat' dir='ltr'><strong>die,</strong></span> <span class='ocrx_word' id='word_1_145' title='bbox 1351 1109 1679 1172; x_wconf 75' lang='lat' dir='ltr'><strong>_sanctorum</strong></span> <span class='ocrx_word' id='word_1_146' title='bbox 1707 1111 2004 1172; x_wconf 88' lang='lat' dir='ltr'><strong>martyrum</strong></span> <span class='ocrx_word' id='word_1_147' title='bbox 2028 1101 2123 1156; x_wconf 71' lang='grc' dir='ltr'><strong>Μ’-</strong></span> 
     </span>
    </p>
   </div>
   <div class='ocr_carea' id='block_1_23' title="bbox 536 1169 2115 1242">
    <p class='ocr_par' dir='ltr' id='par_1_23' title="bbox 536 1169 2115 1242">
     <span class='ocr_line' id='line_1_23' title="bbox 536 1169 2115 1242; baseline -0.001 -16"><span class='ocrx_word' id='word_1_148' title='bbox 536 1172 647 1235; x_wconf 86' lang='lat' dir='ltr'><strong>frii,</strong></span> <span class='ocrx_word' id='word_1_149' title='bbox 674 1172 860 1226; x_wconf 86' lang='lat' dir='ltr'><strong>Protbi</strong></span> <span class='ocrx_word' id='word_1_150' title='bbox 884 1180 941 1225; x_wconf 88' lang='lat' dir='ltr'><strong>et</strong></span> <span class='ocrx_word' id='word_1_151' title='bbox 966 1169 1260 1242; x_wconf 80' lang='lat' dir='ltr'><strong>Quintiani.</strong></span> <span class='ocrx_word' id='word_1_152' title='bbox 1293 1192 1312 1223; x_wconf 74' lang='grc' dir='ltr'><strong><em>ι</em></strong></span> <span class='ocrx_word' id='word_1_153' title='bbox 1350 1169 1483 1242; x_wconf 82' lang='lat' dir='ltr'><strong>Vide</strong></span> <span class='ocrx_word' id='word_1_154' title='bbox 1508 1183 1789 1242; x_wconf 79' lang='lat' dir='ltr'><strong>martyres</strong></span> <span class='ocrx_word' id='word_1_155' title='bbox 1808 1169 2115 1225; x_wconf 74' lang='lat' dir='ltr'><strong>Africanos.</strong></span> 
     </span>
    </p>
   </div>
   <div class='ocr_carea' id='block_1_24' title="bbox 537 1240 2119 1313">
    <p class='ocr_par' dir='ltr' id='par_1_24' title="bbox 537 1240 2119 1313">
     <span class='ocr_line' id='line_1_24' title="bbox 537 1240 2119 1313; baseline -0.001 -17"><span class='ocrx_word' id='word_1_156' title='bbox 537 1242 615 1296; x_wconf 84' lang='lat' dir='ltr'><strong>De</strong></span> <span class='ocrx_word' id='word_1_157' title='bbox 635 1242 868 1306; x_wconf 84' lang='lat' dir='ltr'><strong>Aniano,</strong></span> <span class='ocrx_word' id='word_1_158' title='bbox 898 1249 959 1294; x_wconf 86' lang='lat' dir='ltr'><strong>ut</strong></span> <span class='ocrx_word' id='word_1_159' title='bbox 994 1240 1291 1313; x_wconf 61' lang='lat' dir='ltr'><strong>Pucssjsss.</strong></span> <span class='ocrx_word' id='word_1_160' title='bbox 1320 1261 1340 1313; x_wconf 59' lang='grc' dir='ltr'><strong><em>ς</em></strong></span> <span class='ocrx_word' id='word_1_161' title='bbox 1389 1241 1541 1305; x_wconf 85' lang='lat' dir='ltr'><strong>Item,</strong></span> <span class='ocrx_word' id='word_1_162' title='bbox 1586 1240 1757 1295; x_wconf 78' lang='lat' dir='ltr'><strong>sancti</strong></span> <span class='ocrx_word' id='word_1_163' title='bbox 1784 1241 1979 1313; x_wconf 74' lang='lat' dir='ltr'><strong>lguatii</strong></span> <span class='ocrx_word' id='word_1_164' title='bbox 2002 1242 2119 1311; x_wconf 88' lang='lat' dir='ltr'><strong>epi-</strong></span> 
     </span>
    </p>
   </div>
   <div class='ocr_carea' id='block_1_25' title="bbox 454 1310 2119 1392">
    <p class='ocr_par' dir='ltr' id='par_1_25' title="bbox 454 1310 2119 1392">
     <span class='ocr_line' id='line_1_25' title="bbox 454 1310 2119 1392; baseline -0.001 -27"><span class='ocrx_word' id='word_1_165' title='bbox 454 1352 465 1371; x_wconf 69' lang='lat'><strong>.</strong></span> <span class='ocrx_word' id='word_1_166' title='bbox 538 1313 688 1392; x_wconf 71' lang='lat' dir='ltr'><strong>scopi</strong></span> <span class='ocrx_word' id='word_1_167' title='bbox 713 1323 769 1392; x_wconf 84' lang='lat' dir='ltr'><strong>et</strong></span> <span class='ocrx_word' id='word_1_168' title='bbox 818 1312 1072 1392; x_wconf 76' lang='lat' dir='ltr'><strong>martyris</strong></span> <span class='ocrx_word' id='word_1_169' title='bbox 1246 1311 1506 1392; x_wconf 27' lang='lat' dir='ltr'><strong>{dequo</strong></span> <span class='ocrx_word' id='word_1_170' title='bbox 1554 1310 1907 1392; x_wconf 40' lang='lat' dir='ltr'><strong>snp_ra.‘_«.:ln</strong></span> <span class='ocrx_word' id='word_1_171' title='bbox 1955 1310 2119 1392; x_wconf 64' lang='lat' dir='ltr'><strong>Pagia</strong></span> 
     </span>
    </p>
   </div>
   <div class='ocr_carea' id='block_1_26' title="bbox 2220 1031 3808 1100">
    <p class='ocr_par' dir='ltr' id='par_1_26' title="bbox 2220 1031 3808 1100">
     <span class='ocr_line' id='line_1_26' title="bbox 2220 1031 3808 1100; baseline 0.001 -16"><span class='ocrx_word' id='word_1_172' title='bbox 2220 1033 2311 1100; x_wconf 87' lang='lat' dir='ltr'><strong>qui</strong></span> <span class='ocrx_word' id='word_1_173' title='bbox 2341 1034 2535 1088; x_wconf 88' lang='lat' dir='ltr'><strong>colitur</strong></span> <span class='ocrx_word' id='word_1_174' title='bbox 2563 1051 2652 1089; x_wconf 82' lang='lat' dir='ltr'><strong>xvr</strong></span> <span class='ocrx_word' id='word_1_175' title='bbox 2693 1034 2858 1089; x_wconf 82' lang='lat' dir='ltr'><strong>Junii.</strong></span> <span class='ocrx_word' id='word_1_176' title='bbox 2881 1052 2900 1085; x_wconf 82' lang='lat' dir='ltr'><strong>t</strong></span> <span class='ocrx_word' id='word_1_177' title='bbox 2935 1031 3265 1097; x_wconf 87' lang='lat' dir='ltr'><strong>Suessionis,</strong></span> <span class='ocrx_word' id='word_1_178' title='bbox 3306 1034 3476 1086; x_wconf 80' lang='lat' dir='ltr'><strong>sancti</strong></span> <span class='ocrx_word' id='word_1_179' title='bbox 3506 1031 3808 1085; x_wconf 84' lang='lat' dir='ltr'><strong>Aristionis</strong></span> 
     </span>
    </p>
   </div>
   <div class='ocr_carea' id='block_1_27' title="bbox 2221 1101 3815 1174">
    <p class='ocr_par' dir='ltr' id='par_1_27' title="bbox 2221 1101 3815 1174">
     <span class='ocr_line' id='line_1_27' title="bbox 2221 1101 3815 1174; baseline -0.003 -18"><span class='ocrx_word' id='word_1_180' title='bbox 2221 1103 2565 1174; x_wconf 80' lang='lat' dir='ltr'><strong>confessoris.</strong></span> <span class='ocrx_word' id='word_1_181' title='bbox 2609 1124 2628 1156; x_wconf 75' lang='grc' dir='ltr'><strong><em>ι</em></strong></span> <span class='ocrx_word' id='word_1_182' title='bbox 2666 1105 2743 1159; x_wconf 90' lang='lat' dir='ltr'><strong>De</strong></span> <span class='ocrx_word' id='word_1_183' title='bbox 2784 1120 2892 1174; x_wconf 91' lang='lat' dir='ltr'><strong>quo</strong></span> <span class='ocrx_word' id='word_1_184' title='bbox 2945 1104 3026 1174; x_wconf 12' lang='lat' dir='ltr'><strong>in!</strong></span> <span class='ocrx_word' id='word_1_185' title='bbox 3053 1105 3228 1159; x_wconf 88' lang='lat' dir='ltr'><strong>indice</strong></span> <span class='ocrx_word' id='word_1_186' title='bbox 3282 1101 3815 1174; x_wconf 69' lang='lat' dir='ltr'><strong>Praetermissonnu.</strong></span> 
     </span>
    </p>
   </div>
   <div class='ocr_carea' id='block_1_28' title="bbox 2229 1172 3815 1242">
    <p class='ocr_par' dir='ltr' id='par_1_28' title="bbox 2229 1172 3815 1242">
     <span class='ocr_line' id='line_1_28' title="bbox 2229 1172 3815 1242; baseline -0.001 -19"><span class='ocrx_word' id='word_1_187' title='bbox 2229 1191 2247 1222; x_wconf 76' lang='grc' dir='ltr'>ι</span> <span class='ocrx_word' id='word_1_188' title='bbox 2280 1172 2441 1236; x_wconf 82' lang='lat' dir='ltr'><strong>Tulli,</strong></span> <span class='ocrx_word' id='word_1_189' title='bbox 2467 1175 2748 1230; x_wconf 84' lang='lat' dir='ltr'><strong>translatio</strong></span> <span class='ocrx_word' id='word_1_190' title='bbox 2774 1172 2945 1229; x_wconf 78' lang='lat' dir='ltr'><strong>sancti</strong></span> <span class='ocrx_word' id='word_1_191' title='bbox 2980 1172 3243 1227; x_wconf 64' lang='lat' dir='ltr'><strong>Mansueti</strong></span> <span class='ocrx_word' id='word_1_192' title='bbox 3280 1173 3516 1242; x_wconf 87' lang='lat' dir='ltr'><strong>episcopi</strong></span> <span class='ocrx_word' id='word_1_193' title='bbox 3568 1181 3627 1223; x_wconf 86' lang='lat' dir='ltr'><strong>et</strong></span> <span class='ocrx_word' id='word_1_194' title='bbox 3676 1186 3815 1242; x_wconf 85' lang='lat' dir='ltr'><strong>con-</strong></span> 
     </span>
    </p>
   </div>
   <div class='ocr_carea' id='block_1_29' title="bbox 2223 1241 3816 1313">
    <p class='ocr_par' dir='ltr' id='par_1_29' title="bbox 2223 1241 3816 1313">
     <span class='ocr_line' id='line_1_29' title="bbox 2223 1241 3816 1313; baseline -0.003 -17"><span class='ocrx_word' id='word_1_195' title='bbox 2223 1242 2466 1313; x_wconf 82' lang='lat' dir='ltr'><strong>fessoris.</strong></span> <span class='ocrx_word' id='word_1_196' title='bbox 2496 1263 2514 1293; x_wconf 72' lang='grc' dir='ltr'><strong><em>ι</em></strong></span> <span class='ocrx_word' id='word_1_197' title='bbox 2548 1243 2755 1299; x_wconf 87' lang='lat' dir='ltr'><strong>Colitur</strong></span> <span class='ocrx_word' id='word_1_198' title='bbox 2783 1260 2843 1300; x_wconf 83' lang='lat' dir='ltr'><strong>Ill</strong></span> <span class='ocrx_word' id='word_1_199' title='bbox 2879 1244 3233 1313; x_wconf 82' lang='lat' dir='ltr'><strong>Septembris.</strong></span> <span class='ocrx_word' id='word_1_200' title='bbox 3258 1263 3275 1294; x_wconf 76' lang='grc' dir='ltr'>ι</span> <span class='ocrx_word' id='word_1_201' title='bbox 3307 1241 3485 1297; x_wconf 78' lang='lat' dir='ltr'><strong>Beata:</strong></span> <span class='ocrx_word' id='word_1_202' title='bbox 3532 1241 3816 1295; x_wconf 68' lang='lat' dir='ltr'><strong>memoria:</strong></span> 
     </span>
    </p>
   </div>
   <div class='ocr_carea' id='block_1_30' title="bbox 2222 1312 3818 1383">
    <p class='ocr_par' dir='ltr' id='par_1_30' title="bbox 2222 1312 3818 1383">
     <span class='ocr_line' id='line_1_30' title="bbox 2222 1312 3818 1383; baseline -0.002 -18"><span class='ocrx_word' id='word_1_203' title='bbox 2222 1312 2427 1376; x_wconf 88' lang='lat' dir='ltr'><strong>Basilii,</strong></span> <span class='ocrx_word' id='word_1_204' title='bbox 2478 1314 2675 1382; x_wconf 87' lang='lat' dir='ltr'><strong>prioris</strong></span> <span class='ocrx_word' id='word_1_205' title='bbox 2724 1312 3258 1383; x_wconf 70' lang='lat' dir='ltr'><strong>majorisCartusite,</strong></span> <span class='ocrx_word' id='word_1_206' title='bbox 3310 1314 3401 1383; x_wconf 90' lang='lat' dir='ltr'><strong>qui</strong></span> <span class='ocrx_word' id='word_1_207' title='bbox 3450 1322 3657 1383; x_wconf 81' lang='lat' dir='ltr'><strong>octavo</strong></span> <span class='ocrx_word' id='word_1_208' title='bbox 3691 1318 3818 1383; x_wconf 71' lang='lat' dir='ltr'><strong>post</strong></span> 
     </span>
    </p>
   </div>
   <div class='ocr_carea' id='block_1_31' title="bbox 539 1379 3817 1454">
    <p class='ocr_par' dir='ltr' id='par_1_31' title="bbox 539 1379 3817 1454">
     <span class='ocr_line' id='line_1_31' title="bbox 539 1379 3817 1454; baseline -0.001 -20"><span class='ocrx_word' id='word_1_209' title='bbox 539 1379 781 1454; x_wconf 75' lang='lat' dir='ltr'><strong>civitate,</strong></span> <span class='ocrx_word' id='word_1_210' title='bbox 806 1379 1008 1454; x_wconf 70' lang='lat' dir='ltr'><strong>sanctae</strong></span> <span class='ocrx_word' id='word_1_211' title='bbox 1029 1382 1326 1454; x_wconf 68' lang='lat' dir='ltr'><strong>Autheonis</strong></span> <span class='ocrx_word' id='word_1_212' title='bbox 1338 1390 1399 1454; x_wconf 84' lang='lat' dir='ltr'><strong>_et</strong></span> <span class='ocrx_word' id='word_1_213' title='bbox 1416 1379 1625 1454; x_wconf 53' lang='lat' dir='ltr'><strong>_saucta’</strong></span> <span class='ocrx_word' id='word_1_214' title='bbox 1646 1381 1907 1435; x_wconf 70' lang='lat' dir='ltr'><strong>Ludidiac.</strong></span> <span class='ocrx_word' id='word_1_215' title='bbox 1940 1401 1959 1433; x_wconf 72' lang='grc' dir='ltr'><strong><em>ι</em></strong></span> <span class='ocrx_word' id='word_1_216' title='bbox 1979 1379 2125 1454; x_wconf 75' lang='lat' dir='ltr'><strong>_Vide</strong></span> <span class='ocrx_word' id='word_1_217' title='bbox 2223 1379 2985 1447; x_wconf 55' lang='lat' dir='ltr'><strong>sanctum&#39;Brunonem&#39;loco,</strong></span> <span class='ocrx_word' id='word_1_218' title='bbox 3007 1385 3166 1439; x_wconf 89' lang='lat' dir='ltr'><strong>annis</strong></span> <span class='ocrx_word' id='word_1_219' title='bbox 3192 1379 3375 1454; x_wconf 73' lang='lat' dir='ltr'><strong>viginti</strong></span> <span class='ocrx_word' id='word_1_220' title='bbox 3411 1382 3588 1454; x_wconf 86' lang='lat' dir='ltr'><strong>tribus</strong></span> <span class='ocrx_word' id='word_1_221' title='bbox 3616 1379 3817 1454; x_wconf 68' lang='lat' dir='ltr'><strong>praedi-</strong></span> 
     </span>
    </p>
   </div>
   <div class='ocr_carea' id='block_1_32' title="bbox 540 1448 3813 1521">
    <p class='ocr_par' dir='ltr' id='par_1_32' title="bbox 540 1448 3813 1521">
     <span class='ocr_line' id='line_1_32' title="bbox 540 1448 3813 1521; baseline -0.001 -17"><span class='ocrx_word' id='word_1_222' title='bbox 540 1453 595 1504; x_wconf 84' lang='lat' dir='ltr'><strong>in</strong></span> <span class='ocrx_word' id='word_1_223' title='bbox 625 1452 778 1521; x_wconf 83' lang='lat' dir='ltr'><strong>Actis</strong></span> <span class='ocrx_word' id='word_1_224' title='bbox 803 1448 1161 1521; x_wconf 76' lang='lat' dir='ltr'><strong>Antheonem.</strong></span> <span class='ocrx_word' id='word_1_225' title='bbox 1192 1469 1209 1500; x_wconf 75' lang='grc' dir='ltr'><strong><em>ι</em></strong></span> <span class='ocrx_word' id='word_1_226' title='bbox 1246 1451 1303 1505; x_wconf 92' lang='lat' dir='ltr'><strong>ln</strong></span> <span class='ocrx_word' id='word_1_227' title='bbox 1334 1451 1568 1521; x_wconf 86' lang='lat' dir='ltr'><strong>Epheso,</strong></span> <span class='ocrx_word' id='word_1_228' title='bbox 1616 1461 1929 1505; x_wconf 89' lang='lat' dir='ltr'><strong>sanctorum</strong></span> <span class='ocrx_word' id='word_1_229' title='bbox 1978 1449 2125 1518; x_wconf 80' lang='lat' dir='ltr'><strong>Mag—</strong></span> <span class='ocrx_word' id='word_1_230' title='bbox 2224 1461 2365 1506; x_wconf 88' lang='lat' dir='ltr'><strong>ctam</strong></span> <span class='ocrx_word' id='word_1_231' title='bbox 2392 1454 2531 1508; x_wconf 78' lang='lat' dir='ltr'><strong>rexit</strong></span> <span class='ocrx_word' id='word_1_232' title='bbox 2555 1456 2796 1517; x_wconf 83' lang='lat' dir='ltr'><strong>domum,</strong></span> <span class='ocrx_word' id='word_1_233' title='bbox 2818 1464 2872 1508; x_wconf 91' lang='lat' dir='ltr'><strong>et</strong></span> <span class='ocrx_word' id='word_1_234' title='bbox 2902 1455 3177 1508; x_wconf 80' lang='lat' dir='ltr'><strong>miracubs</strong></span> <span class='ocrx_word' id='word_1_235' title='bbox 3205 1448 3498 1508; x_wconf 73' lang='lat' dir='ltr'><strong>coruscans</strong></span> <span class='ocrx_word' id='word_1_236' title='bbox 3533 1448 3813 1506; x_wconf 82' lang='lat' dir='ltr'><strong>obdormi-</strong></span> 
     </span>
    </p>
   </div>
   <div class='ocr_carea' id='block_1_33' title="bbox 539 1519 2125 1587">
    <p class='ocr_par' dir='ltr' id='par_1_33' title="bbox 539 1519 2125 1587">
     <span class='ocr_line' id='line_1_33' title="bbox 539 1519 2125 1587; baseline 0.001 -13"><span class='ocrx_word' id='word_1_237' title='bbox 539 1521 675 1587; x_wconf 80' lang='lat' dir='ltr'><strong>gini,</strong></span> <span class='ocrx_word' id='word_1_238' title='bbox 705 1519 913 1576; x_wconf 82' lang='lat' dir='ltr'><strong>Gastini</strong></span> <span class='ocrx_word' id='word_1_239' title='bbox 938 1530 992 1574; x_wconf 90' lang='lat' dir='ltr'><strong>et</strong></span> <span class='ocrx_word' id='word_1_240' title='bbox 1017 1520 1244 1575; x_wconf 87' lang='lat' dir='ltr'><strong>Viviani.</strong></span> <span class='ocrx_word' id='word_1_241' title='bbox 1272 1522 1328 1575; x_wconf 93' lang='lat' dir='ltr'><strong>In</strong></span> <span class='ocrx_word' id='word_1_242' title='bbox 1354 1519 1556 1584; x_wconf 77' lang='lat' dir='ltr'><strong>Africa,</strong></span> <span class='ocrx_word' id='word_1_243' title='bbox 1607 1529 1919 1575; x_wconf 88' lang='lat' dir='ltr'><strong>sanctorum</strong></span> <span class='ocrx_word' id='word_1_244' title='bbox 1954 1522 2125 1585; x_wconf 70' lang='lat' dir='ltr'><strong>Afrae,</strong></span> 
     </span>
    </p>
   </div>
   <div class='ocr_carea' id='block_1_34' title="bbox 541 1589 2120 1658">
    <p class='ocr_par' dir='ltr' id='par_1_34' title="bbox 541 1589 2120 1658">
     <span class='ocr_line' id='line_1_34' title="bbox 541 1589 2120 1658; baseline 0.001 -16"><span class='ocrx_word' id='word_1_245' title='bbox 541 1591 841 1657; x_wconf 80' lang='lat' dir='ltr'><strong>Quintiani,</strong></span> <span class='ocrx_word' id='word_1_246' title='bbox 894 1589 1172 1651; x_wconf 73' lang='lat' dir='ltr'><strong>Theodoti,</strong></span> <span class='ocrx_word' id='word_1_247' title='bbox 1221 1590 1438 1653; x_wconf 46' lang='lat' dir='ltr'><strong>Thedan</strong></span> <span class='ocrx_word' id='word_1_248' title='bbox 1489 1589 1721 1645; x_wconf 67' lang='lat' dir='ltr'><strong>Festina:</strong></span> <span class='ocrx_word' id='word_1_249' title='bbox 1770 1600 1824 1644; x_wconf 87' lang='lat' dir='ltr'><strong>et</strong></span> <span class='ocrx_word' id='word_1_250' title='bbox 1869 1590 2120 1658; x_wconf 85' lang='lat' dir='ltr'><strong>Quintia-</strong></span> 
     </span>
    </p>
   </div>
   <div class='ocr_carea' id='block_1_35' title="bbox 542 1660 2122 1783">
    <p class='ocr_par' dir='ltr' id='par_1_35' title="bbox 542 1660 2122 1783">
     <span class='ocr_line' id='line_1_35' title="bbox 542 1660 2122 1783; baseline 0.001 -70"><span class='ocrx_word' id='word_1_251' title='bbox 542 1660 700 1783; x_wconf 61' lang='lat' dir='ltr'><strong>nilltAe.</strong></span> <span class='ocrx_word' id='word_1_252' title='bbox 731 1680 750 1743; x_wconf 59' lang='grc' dir='ltr'><em>ρ</em></span> <span class='ocrx_word' id='word_1_253' title='bbox 784 1660 918 1715; x_wconf 91' lang='lat' dir='ltr'><strong>Vide</strong></span> <span class='ocrx_word' id='word_1_254' title='bbox 966 1661 1159 1715; x_wconf 87' lang='lat' dir='ltr'><strong>borum</strong></span> <span class='ocrx_word' id='word_1_255' title='bbox 1208 1671 1508 1730; x_wconf 87' lang='lat' dir='ltr'><strong>martyrum</strong></span> <span class='ocrx_word' id='word_1_256' title='bbox 1538 1662 1757 1715; x_wconf 89' lang='lat' dir='ltr'><strong>nomina</strong></span> <span class='ocrx_word' id='word_1_257' title='bbox 1787 1663 2122 1718; x_wconf 85' lang='lat' dir='ltr'><strong>correctiora</strong></span> 
     </span>
     <span class='ocr_line' id='line_1_36' title="bbox 542 1739 795 1783; baseline 0 0"><span class='ocrx_word' id='word_1_258' title='bbox 542 1746 598 1783; x_wconf 75' lang='lat' dir='ltr'><strong>in</strong></span> <span class='ocrx_word' id='word_1_259' title='bbox 674 1739 795 1783; x_wconf 80' lang='lat' dir='ltr'><strong>ctts.</strong></span> 
     </span>
    </p>
   </div>
   <div class='ocr_carea' id='block_1_36' title="bbox 540 1731 795 1785">
    <p class='ocr_par' dir='ltr' id='par_1_36' title="bbox 540 1731 795 1785">
     <span class='ocr_line' id='line_1_37' title="bbox 540 1731 795 1785; baseline -0.004 -1"><span class='ocrx_word' id='word_1_260' title='bbox 540 1731 598 1784; x_wconf 86' lang='lat' dir='ltr'><strong>in</strong></span> <span class='ocrx_word' id='word_1_261' title='bbox 625 1731 795 1785; x_wconf 86' lang='lat' dir='ltr'><strong>Actis.</strong></span> 
     </span>
    </p>
   </div>
   <div class='ocr_carea' id='block_1_37' title="bbox 602 1799 2123 1865">
    <p class='ocr_par' dir='ltr' id='par_1_37' title="bbox 602 1799 2123 1865">
     <span class='ocr_line' id='line_1_38' title="bbox 602 1799 2123 1865; baseline 0.001 -11"><span class='ocrx_word' id='word_1_262' title='bbox 602 1800 824 1863; x_wconf 77' lang='lat' dir='ltr'><strong>,Monrts</strong></span> <span class='ocrx_word' id='word_1_263' title='bbox 864 1800 993 1855; x_wconf 72' lang='lat' dir='ltr'><strong>SION</strong></span> <span class='ocrx_word' id='word_1_264' title='bbox 1038 1814 1053 1853; x_wconf 89' lang='lat'><strong>:</strong></span> <span class='ocrx_word' id='word_1_265' title='bbox 1116 1816 1136 1851; x_wconf 76' lang='lat' dir='ltr'><strong>t</strong></span> <span class='ocrx_word' id='word_1_266' title='bbox 1190 1799 1497 1854; x_wconf 83' lang='lat' dir='ltr'><strong>Aurelianis</strong></span> <span class='ocrx_word' id='word_1_267' title='bbox 1548 1801 1789 1865; x_wconf 83' lang='lat' dir='ltr'><strong>civitate,</strong></span> <span class='ocrx_word' id='word_1_268' title='bbox 1838 1800 2123 1855; x_wconf 85' lang='lat' dir='ltr'><strong>translatio</strong></span> 
     </span>
    </p>
   </div>
   <div class='ocr_carea' id='block_1_38' title="bbox 544 1869 2117 1941">
    <p class='ocr_par' dir='ltr' id='par_1_38' title="bbox 544 1869 2117 1941">
     <span class='ocr_line' id='line_1_39' title="bbox 544 1869 2117 1941; baseline -0.003 -16"><span class='ocrx_word' id='word_1_269' title='bbox 544 1871 790 1939; x_wconf 89' lang='lat' dir='ltr'><strong>corporis</strong></span> <span class='ocrx_word' id='word_1_270' title='bbox 816 1870 956 1924; x_wconf 86' lang='lat' dir='ltr'><strong>beati</strong></span> <span class='ocrx_word' id='word_1_271' title='bbox 984 1870 1178 1941; x_wconf 84' lang='lat' dir='ltr'><strong>Aniani</strong></span> <span class='ocrx_word' id='word_1_272' title='bbox 1212 1869 1537 1941; x_wconf 78' lang='lat' dir='ltr'><strong>confessoris</strong></span> <span class='ocrx_word' id='word_1_273' title='bbox 1573 1880 1734 1940; x_wconf 90' lang='lat' dir='ltr'><strong>atque</strong></span> <span class='ocrx_word' id='word_1_274' title='bbox 1773 1871 2065 1941; x_wconf 78' lang='lat' dir='ltr'><strong>pontificis.</strong></span> <span class='ocrx_word' id='word_1_275' title='bbox 2098 1889 2117 1921; x_wconf 76' lang='grc' dir='ltr'><strong><em>ι</em></strong></span> 
     </span>
    </p>
   </div>
   <div class='ocr_carea' id='block_1_39' title="bbox 614 1940 2125 2009">
    <p class='ocr_par' dir='ltr' id='par_1_39' title="bbox 614 1940 2125 2009">
     <span class='ocr_line' id='line_1_40' title="bbox 614 1940 2125 2009; baseline -0.001 -14"><span class='ocrx_word' id='word_1_276' title='bbox 614 1941 851 1995; x_wconf 71' lang='lat' dir='ltr'><strong>Bsusns.</strong></span> <span class='ocrx_word' id='word_1_277' title='bbox 883 1940 983 1995; x_wconf 88' lang='lat' dir='ltr'><strong>SS.</strong></span> <span class='ocrx_word' id='word_1_278' title='bbox 1022 1940 1163 1993; x_wconf 83' lang='lat' dir='ltr'><strong>Tim.</strong></span> <span class='ocrx_word' id='word_1_279' title='bbox 1190 1950 1245 1993; x_wconf 91' lang='lat' dir='ltr'><strong>et</strong></span> <span class='ocrx_word' id='word_1_280' title='bbox 1272 1940 1461 2009; x_wconf 85' lang='lat' dir='ltr'><strong>Apoll:</strong></span> <span class='ocrx_word' id='word_1_281' title='bbox 1508 1959 1527 1990; x_wconf 78' lang='lat' dir='ltr'><strong>t</strong></span> <span class='ocrx_word' id='word_1_282' title='bbox 1585 1940 1791 2004; x_wconf 75' lang='lat' dir='ltr'><strong>Remis,</strong></span> <span class='ocrx_word' id='word_1_283' title='bbox 1843 1941 2125 1995; x_wconf 83' lang='lat' dir='ltr'><strong>translatio</strong></span> 
     </span>
    </p>
   </div>
   <div class='ocr_carea' id='block_1_40' title="bbox 544 2010 2120 2091">
    <p class='ocr_par' dir='ltr' id='par_1_40' title="bbox 544 2010 2120 2091">
     <span class='ocr_line' id='line_1_41' title="bbox 544 2010 2120 2091; baseline -0.003 -25"><span class='ocrx_word' id='word_1_284' title='bbox 544 2011 788 2091; x_wconf 63' lang='lat' dir='ltr'><strong>corporis</strong></span> <span class='ocrx_word' id='word_1_285' title='bbox 811 2011 985 2091; x_wconf 64' lang='lat' dir='ltr'><strong>sancti</strong></span> <span class='ocrx_word' id='word_1_286' title='bbox 1038 2010 1312 2090; x_wconf 69' lang='lat' dir='ltr'><strong>Bigoberti</strong></span> <span class='ocrx_word' id='word_1_287' title='bbox 1342 2012 1579 2080; x_wconf 86' lang='lat' dir='ltr'><strong>episcopi</strong></span> <span class='ocrx_word' id='word_1_288' title='bbox 1623 2021 1679 2066; x_wconf 93' lang='lat' dir='ltr'><strong>et</strong></span> <span class='ocrx_word' id='word_1_289' title='bbox 1718 2010 2066 2065; x_wconf 85' lang='lat' dir='ltr'><strong>confessoris.</strong></span> <span class='ocrx_word' id='word_1_290' title='bbox 2100 2030 2120 2062; x_wconf 75' lang='grc' dir='ltr'><strong><em>ι</em></strong></span> 
     </span>
    </p>
   </div>
   <div class='ocr_carea' id='block_1_41' title="bbox 544 2079 1110 2136">
    <p class='ocr_par' dir='ltr' id='par_1_41' title="bbox 544 2079 1110 2136">
     <span class='ocr_line' id='line_1_42' title="bbox 544 2079 1110 2136; baseline -0.005 0"><span class='ocrx_word' id='word_1_291' title='bbox 544 2079 751 2136; x_wconf 82' lang='lat' dir='ltr'><strong>Colitur</strong></span> <span class='ocrx_word' id='word_1_292' title='bbox 774 2096 827 2133; x_wconf 89' lang='lat' dir='ltr'><strong>tv</strong></span> <span class='ocrx_word' id='word_1_293' title='bbox 850 2079 1110 2135; x_wconf 76' lang='lat' dir='ltr'><strong>Januarii.</strong></span> 
     </span>
    </p>
   </div>
   <div class='ocr_carea' id='block_1_42' title="bbox 617 2147 2125 2221">
    <p class='ocr_par' dir='ltr' id='par_1_42' title="bbox 617 2147 2125 2221">
     <span class='ocr_line' id='line_1_43' title="bbox 617 2147 2125 2221; baseline 0.001 -18"><span class='ocrx_word' id='word_1_294' title='bbox 617 2150 811 2205; x_wconf 77' lang='lat' dir='ltr'><strong>Eot&#39;no</strong></span> <span class='ocrx_word' id='word_1_295' title='bbox 839 2149 1202 2221; x_wconf 65' lang='lat' dir='ltr'><strong>Lenaeo-Con.</strong></span> <span class='ocrx_word' id='word_1_296' title='bbox 1258 2150 1315 2204; x_wconf 91' lang='lat' dir='ltr'><strong>ln</strong></span> <span class='ocrx_word' id='word_1_297' title='bbox 1364 2150 1562 2221; x_wconf 72' lang='lat' dir='ltr'><strong>Eliztco</strong></span> <span class='ocrx_word' id='word_1_298' title='bbox 1609 2149 1986 2221; x_wconf 80' lang='lat' dir='ltr'><strong>interpolatur.</strong></span> <span class='ocrx_word' id='word_1_299' title='bbox 2024 2147 2125 2204; x_wconf 84' lang='lat' dir='ltr'><strong>Se-</strong></span> 
     </span>
    </p>
   </div>
   <div class='ocr_carea' id='block_1_43' title="bbox 548 2220 2122 2289">
    <p class='ocr_par' dir='ltr' id='par_1_43' title="bbox 548 2220 2122 2289">
     <span class='ocr_line' id='line_1_44' title="bbox 548 2220 2122 2289; baseline 0.001 -17"><span class='ocrx_word' id='word_1_300' title='bbox 548 2221 732 2288; x_wconf 91' lang='lat' dir='ltr'><strong>quitur</strong></span> <span class='ocrx_word' id='word_1_301' title='bbox 756 2222 821 2275; x_wconf 89' lang='lat' dir='ltr'><strong>de</strong></span> <span class='ocrx_word' id='word_1_302' title='bbox 846 2220 1079 2284; x_wconf 86' lang='lat' dir='ltr'><strong>Valerio,</strong></span> <span class='ocrx_word' id='word_1_303' title='bbox 1128 2230 1259 2284; x_wconf 88' lang='lat' dir='ltr'><strong>etc.,</strong></span> <span class='ocrx_word' id='word_1_304' title='bbox 1303 2236 1456 2289; x_wconf 87' lang='lat' dir='ltr'><strong>pure.</strong></span> <span class='ocrx_word' id='word_1_305' title='bbox 1484 2220 1658 2275; x_wconf 87' lang='lat' dir='ltr'><strong>Tum:</strong></span> <span class='ocrx_word' id='word_1_306' title='bbox 1700 2240 1717 2271; x_wconf 75' lang='grc' dir='ltr'>ι</span> <span class='ocrx_word' id='word_1_307' title='bbox 1758 2220 1913 2289; x_wconf 77' lang='lat' dir='ltr'><strong>Apud</strong></span> <span class='ocrx_word' id='word_1_308' title='bbox 1938 2220 2122 2274; x_wconf 72' lang='lat' dir='ltr'><strong>Caesa-</strong></span> 
     </span>
    </p>
   </div>
   <div class='ocr_carea' id='block_1_44' title="bbox 546 2290 2126 2359">
    <p class='ocr_par' dir='ltr' id='par_1_44' title="bbox 546 2290 2126 2359">
     <span class='ocr_line' id='line_1_45' title="bbox 546 2290 2126 2359; baseline 0 -16"><span class='ocrx_word' id='word_1_309' title='bbox 546 2305 699 2343; x_wconf 83' lang='lat' dir='ltr'><strong>ream</strong></span> <span class='ocrx_word' id='word_1_310' title='bbox 729 2290 1065 2358; x_wconf 69' lang='lat' dir='ltr'><strong>Capadnciac,</strong></span> <span class='ocrx_word' id='word_1_311' title='bbox 1092 2291 1373 2346; x_wconf 84' lang='lat' dir='ltr'><strong>translatio</strong></span> <span class='ocrx_word' id='word_1_312' title='bbox 1403 2291 1575 2344; x_wconf 87' lang='lat' dir='ltr'><strong>sancti</strong></span> <span class='ocrx_word' id='word_1_313' title='bbox 1602 2292 1782 2345; x_wconf 88' lang='lat' dir='ltr'><strong>Basilii</strong></span> <span class='ocrx_word' id='word_1_314' title='bbox 1809 2290 2046 2359; x_wconf 83' lang='lat' dir='ltr'><strong>episcopi</strong></span> <span class='ocrx_word' id='word_1_315' title='bbox 2070 2296 2126 2343; x_wconf 84' lang='lat' dir='ltr'><strong>et</strong></span> 
     </span>
    </p>
   </div>
   <div class='ocr_carea' id='block_1_45' title="bbox 548 2359 2127 2425">
    <p class='ocr_par' dir='ltr' id='par_1_45' title="bbox 548 2359 2127 2425">
     <span class='ocr_line' id='line_1_46' title="bbox 548 2359 2127 2425; baseline -0.001 -12"><span class='ocrx_word' id='word_1_316' title='bbox 548 2360 896 2414; x_wconf 87' lang='lat' dir='ltr'><strong>confessoris.</strong></span> <span class='ocrx_word' id='word_1_317' title='bbox 929 2360 1305 2415; x_wconf 83' lang='lat' dir='ltr'><strong>Suessionensi</strong></span> <span class='ocrx_word' id='word_1_318' title='bbox 1335 2361 1574 2425; x_wconf 84' lang='lat' dir='ltr'><strong>civitate,</strong></span> <span class='ocrx_word' id='word_1_319' title='bbox 1628 2362 1799 2417; x_wconf 88' lang='lat' dir='ltr'><strong>sancti</strong></span> <span class='ocrx_word' id='word_1_320' title='bbox 1834 2359 2127 2413; x_wconf 82' lang='lat' dir='ltr'><strong>Aristionis</strong></span> 
     </span>
    </p>
   </div>
   <div class='ocr_carea' id='block_1_46' title="bbox 448 2428 2125 2494">
    <p class='ocr_par' dir='ltr' id='par_1_46' title="bbox 448 2428 2125 2494">
     <span class='ocr_line' id='line_1_47' title="bbox 448 2428 2125 2494; baseline 0.004 -17"><span class='ocrx_word' id='word_1_321' title='bbox 448 2458 467 2477; x_wconf 91' lang='lat'><strong>.</strong></span> <span class='ocrx_word' id='word_1_322' title='bbox 548 2431 893 2485; x_wconf 83' lang='lat' dir='ltr'><strong>confessoris.</strong></span> <span class='ocrx_word' id='word_1_323' title='bbox 924 2448 944 2481; x_wconf 74' lang='grc' dir='ltr'><strong><em>ι</em></strong></span> <span class='ocrx_word' id='word_1_324' title='bbox 984 2428 1111 2484; x_wconf 83' lang='lat' dir='ltr'><strong>Vide</strong></span> <span class='ocrx_word' id='word_1_325' title='bbox 1152 2430 1571 2486; x_wconf 73' lang='lat' dir='ltr'><strong>Praetermissos.</strong></span> <span class='ocrx_word' id='word_1_326' title='bbox 1601 2451 1618 2482; x_wconf 78' lang='grc' dir='ltr'>ι</span> <span class='ocrx_word' id='word_1_327' title='bbox 1652 2433 1892 2494; x_wconf 63' lang='lat' dir='ltr'><strong>Viennae,</strong></span> <span class='ocrx_word' id='word_1_328' title='bbox 1949 2429 2125 2484; x_wconf 86' lang='lat' dir='ltr'><strong>sancti</strong></span> 
     </span>
    </p>
   </div>
   <div class='ocr_carea' id='block_1_47' title="bbox 552 2498 2126 2571">
    <p class='ocr_par' dir='ltr' id='par_1_47' title="bbox 552 2498 2126 2571">
     <span class='ocr_line' id='line_1_48' title="bbox 552 2498 2126 2571; baseline -0.001 -18"><span class='ocrx_word' id='word_1_329' title='bbox 552 2498 805 2554; x_wconf 85' lang='lat' dir='ltr'><strong>Eucherii</strong></span> <span class='ocrx_word' id='word_1_330' title='bbox 859 2500 1109 2571; x_wconf 82' lang='lat' dir='ltr'><strong>(Etherii)</strong></span> <span class='ocrx_word' id='word_1_331' title='bbox 1169 2500 1401 2571; x_wconf 89' lang='lat' dir='ltr'><strong>episcopi</strong></span> <span class='ocrx_word' id='word_1_332' title='bbox 1448 2511 1504 2555; x_wconf 90' lang='lat' dir='ltr'><strong>et</strong></span> <span class='ocrx_word' id='word_1_333' title='bbox 1540 2500 1891 2558; x_wconf 87' lang='lat' dir='ltr'><strong>confessoris.</strong></span> <span class='ocrx_word' id='word_1_334' title='bbox 1924 2500 2126 2554; x_wconf 85' lang='lat' dir='ltr'><strong>Eodem</strong></span> 
     </span>
    </p>
   </div>
   <div class='ocr_carea' id='block_1_48' title="bbox 2226 1523 3340 1581">
    <p class='ocr_par' dir='ltr' id='par_1_48' title="bbox 2226 1523 3340 1581">
     <span class='ocr_line' id='line_1_49' title="bbox 2226 1523 3340 1581; baseline 0.004 -7"><span class='ocrx_word' id='word_1_335' title='bbox 2226 1523 2304 1575; x_wconf 90' lang='lat' dir='ltr'><strong>vit</strong></span> <span class='ocrx_word' id='word_1_336' title='bbox 2333 1523 2385 1576; x_wconf 92' lang='lat' dir='ltr'><strong>in</strong></span> <span class='ocrx_word' id='word_1_337' title='bbox 2416 1523 2663 1579; x_wconf 85' lang='lat' dir='ltr'><strong>Domino.</strong></span> <span class='ocrx_word' id='word_1_338' title='bbox 2700 1545 2719 1576; x_wconf 73' lang='grc' dir='ltr'><strong><em>ι</em></strong></span> <span class='ocrx_word' id='word_1_339' title='bbox 2756 1525 2888 1581; x_wconf 89' lang='lat' dir='ltr'><strong>Vide</strong></span> <span class='ocrx_word' id='word_1_340' title='bbox 2916 1524 3340 1579; x_wconf 68' lang='lat' dir='ltr'><strong>Prmtermissos.</strong></span> 
     </span>
    </p>
   </div>
   <div class='ocr_carea' id='block_1_49' title="bbox 2296 1588 3813 1662">
    <p class='ocr_par' dir='ltr' id='par_1_49' title="bbox 2296 1588 3813 1662">
     <span class='ocr_line' id='line_1_50' title="bbox 2296 1588 3813 1662; baseline -0.003 -17"><span class='ocrx_word' id='word_1_341' title='bbox 2296 1591 2505 1646; x_wconf 71' lang='lat' dir='ltr'><strong>MOLAN.</strong></span> <span class='ocrx_word' id='word_1_342' title='bbox 2539 1596 2592 1648; x_wconf 92' lang='lat' dir='ltr'><strong>in</strong></span> <span class='ocrx_word' id='word_1_343' title='bbox 2639 1596 3030 1662; x_wconf 83' lang='lat' dir='ltr'><strong>posterioribus</strong></span> <span class='ocrx_word' id='word_1_344' title='bbox 3075 1594 3448 1648; x_wconf 89' lang='lat' dir='ltr'><strong>editiouibns:</strong></span> <span class='ocrx_word' id='word_1_345' title='bbox 3490 1609 3509 1642; x_wconf 71' lang='grc' dir='ltr'>ι</span> <span class='ocrx_word' id='word_1_346' title='bbox 3560 1588 3813 1662; x_wconf 65' lang='lat' dir='ltr'><strong>Viennae,</strong></span> 
     </span>
    </p>
   </div>
   <div class='ocr_carea' id='block_1_50' title="bbox 2226 1657 3817 1734">
    <p class='ocr_par' dir='ltr' id='par_1_50' title="bbox 2226 1657 3817 1734">
     <span class='ocr_line' id='line_1_51' title="bbox 2226 1657 3817 1734; baseline -0.003 -20"><span class='ocrx_word' id='word_1_347' title='bbox 2226 1662 2397 1734; x_wconf 84' lang='lat' dir='ltr'><strong>sancti</strong></span> <span class='ocrx_word' id='word_1_348' title='bbox 2428 1657 2655 1719; x_wconf 49' lang='lat' dir='ltr'><strong>Etherii&#39;</strong></span> <span class='ocrx_word' id='word_1_349' title='bbox 2675 1666 2931 1734; x_wconf 85' lang='lat' dir='ltr'><strong>episcopi.</strong></span> <span class='ocrx_word' id='word_1_350' title='bbox 2958 1663 3284 1734; x_wconf 84' lang='lat' dir='ltr'><strong>Syracusis,</strong></span> <span class='ocrx_word' id='word_1_351' title='bbox 3333 1662 3505 1734; x_wconf 58' lang='lat' dir='ltr'><strong>sancti</strong></span> <span class='ocrx_word' id='word_1_352' title='bbox 3557 1657 3817 1734; x_wconf 73' lang='lat' dir='ltr'><strong>Martiani</strong></span> 
     </span>
    </p>
   </div>
   <div class='ocr_carea' id='block_1_51' title="bbox 2161 1730 3816 1808">
    <p class='ocr_par' dir='ltr' id='par_1_51' title="bbox 2161 1730 3816 1808">
     <span class='ocr_line' id='line_1_52' title="bbox 2161 1730 3816 1808; baseline -0.004 -21"><span class='ocrx_word' id='word_1_353' title='bbox 2161 1750 2203 1808; x_wconf 70' lang='grc' dir='ltr'><strong>Β</strong></span> <span class='ocrx_word' id='word_1_354' title='bbox 2231 1733 2487 1808; x_wconf 71' lang='lat' dir='ltr'><strong>episcopi,</strong></span> <span class='ocrx_word' id='word_1_355' title='bbox 2515 1735 2607 1803; x_wconf 89' lang='lat' dir='ltr'><strong>qui</strong></span> <span class='ocrx_word' id='word_1_356' title='bbox 2631 1730 2725 1788; x_wconf 56' lang='lat' dir='ltr'><strong>ab&#39;</strong></span> <span class='ocrx_word' id='word_1_357' title='bbox 2751 1730 3033 1808; x_wconf 48' lang='lat' dir='ltr'><strong>Apostolo:</strong></span> <span class='ocrx_word' id='word_1_358' title='bbox 3055 1736 3274 1808; x_wconf 81' lang='lat' dir='ltr'><strong>missus,</strong></span> <span class='ocrx_word' id='word_1_359' title='bbox 3334 1730 3622 1808; x_wconf 81' lang='lat' dir='ltr'><strong>Seleucum</strong></span> <span class='ocrx_word' id='word_1_360' title='bbox 3654 1730 3816 1808; x_wconf 50' lang='lat' dir='ltr'><strong>ibim</strong></span> 
     </span>
    </p>
   </div>
   <div class='ocr_carea' id='block_1_52' title="bbox 2231 1798 3815 1874">
    <p class='ocr_par' dir='ltr' id='par_1_52' title="bbox 2231 1798 3815 1874">
     <span class='ocr_line' id='line_1_53' title="bbox 2231 1798 3815 1874; baseline -0.004 -19"><span class='ocrx_word' id='word_1_361' title='bbox 2231 1798 2491 1874; x_wconf 81' lang='lat' dir='ltr'><strong>Gordium</strong></span> <span class='ocrx_word' id='word_1_362' title='bbox 2531 1798 2586 1859; x_wconf 77' lang='lat' dir='ltr'><strong>et</strong></span> <span class='ocrx_word' id='word_1_363' title='bbox 2631 1798 2880 1874; x_wconf 72' lang='lat' dir='ltr'><strong>magnam</strong></span> <span class='ocrx_word' id='word_1_364' title='bbox 2918 1803 3319 1874; x_wconf 81' lang='lat' dir='ltr'><strong>multitudinem</strong></span> <span class='ocrx_word' id='word_1_365' title='bbox 3370 1800 3663 1874; x_wconf 82' lang='lat' dir='ltr'><strong>convertit.</strong></span> <span class='ocrx_word' id='word_1_366' title='bbox 3723 1798 3815 1874; x_wconf 67' lang='lat' dir='ltr'><strong>bie</strong></span> 
     </span>
    </p>
   </div>
   <div class='ocr_carea' id='block_1_53' title="bbox 2231 1868 3819 1943">
    <p class='ocr_par' dir='ltr' id='par_1_53' title="bbox 2231 1868 3819 1943">
     <span class='ocr_line' id='line_1_54' title="bbox 2231 1868 3819 1943; baseline -0.004 -17"><span class='ocrx_word' id='word_1_367' title='bbox 2231 1872 2442 1927; x_wconf 88' lang='lat' dir='ltr'><strong>decima</strong></span> <span class='ocrx_word' id='word_1_368' title='bbox 2489 1868 2930 1943; x_wconf 41' lang='lat' dir='ltr'><strong>quartafsancti</strong></span> <span class='ocrx_word' id='word_1_369' title='bbox 2975 1874 3143 1941; x_wconf 86' lang='lat' dir='ltr'><strong>patris</strong></span> <span class='ocrx_word' id='word_1_370' title='bbox 3191 1872 3442 1926; x_wconf 80' lang='lat' dir='ltr'><strong>Methodii</strong></span> <span class='ocrx_word' id='word_1_371' title='bbox 3490 1868 3819 1943; x_wconf 71' lang='lat' dir='ltr'><strong>patriarcha:</strong></span> 
     </span>
    </p>
   </div>
   <div class='ocr_carea' id='block_1_54' title="bbox 2230 1937 3817 2013">
    <p class='ocr_par' dir='ltr' id='par_1_54' title="bbox 2230 1937 3817 2013">
     <span class='ocr_line' id='line_1_55' title="bbox 2230 1937 3817 2013; baseline -0.008 -15"><span class='ocrx_word' id='word_1_372' title='bbox 2230 1937 2749 2013; x_wconf 74' lang='lat' dir='ltr'><strong>Constantinopolis.</strong></span> <span class='ocrx_word' id='word_1_373' title='bbox 2767 1964 2785 1997; x_wconf 74' lang='grc' dir='ltr'><strong>ο</strong></span> <span class='ocrx_word' id='word_1_374' title='bbox 2814 1944 2944 1998; x_wconf 88' lang='lat' dir='ltr'><strong>Dein</strong></span> <span class='ocrx_word' id='word_1_375' title='bbox 2961 1937 3277 1997; x_wconf 82' lang='lat' dir='ltr'><strong>charactere</strong></span> <span class='ocrx_word' id='word_1_376' title='bbox 3305 1937 3585 2013; x_wconf 47' lang='lat' dir='ltr'><strong>minuti—ori</strong></span> <span class='ocrx_word' id='word_1_377' title='bbox 3609 1958 3622 1991; x_wconf 88' lang='lat'><strong>:</strong></span> <span class='ocrx_word' id='word_1_378' title='bbox 3655 1937 3817 2013; x_wconf 30' lang='lat' dir='ltr'><strong>(AA!!-</strong></span> 
     </span>
    </p>
   </div>
   <div class='ocr_carea' id='block_1_55' title="bbox 2231 2009 3820 2076">
    <p class='ocr_par' dir='ltr' id='par_1_55' title="bbox 2231 2009 3820 2076">
     <span class='ocr_line' id='line_1_56' title="bbox 2231 2009 3820 2076; baseline -0.003 -14"><span class='ocrx_word' id='word_1_379' title='bbox 2231 2012 2471 2076; x_wconf 84' lang='lat' dir='ltr'><strong>rclianis,</strong></span> <span class='ocrx_word' id='word_1_380' title='bbox 2505 2009 2787 2068; x_wconf 68' lang='lat' dir='ltr'><strong>translatio</strong></span> <span class='ocrx_word' id='word_1_381' title='bbox 2810 2025 3121 2069; x_wconf 88' lang='lat' dir='ltr'><strong>sanctorum</strong></span> <span class='ocrx_word' id='word_1_382' title='bbox 3177 2014 3397 2071; x_wconf 83' lang='lat' dir='ltr'><strong>Auiani.</strong></span> <span class='ocrx_word' id='word_1_383' title='bbox 3444 2009 3733 2064; x_wconf 78' lang='lat' dir='ltr'><strong>Mouitoris</strong></span> <span class='ocrx_word' id='word_1_384' title='bbox 3767 2015 3820 2059; x_wconf 87' lang='lat' dir='ltr'><strong>et</strong></span> 
     </span>
    </p>
   </div>
   <div class='ocr_carea' id='block_1_56' title="bbox 2231 2078 3820 2153">
    <p class='ocr_par' dir='ltr' id='par_1_56' title="bbox 2231 2078 3820 2153">
     <span class='ocr_line' id='line_1_57' title="bbox 2231 2078 3820 2153; baseline -0.003 -19"><span class='ocrx_word' id='word_1_385' title='bbox 2231 2079 2487 2153; x_wconf 75' lang='lat' dir='ltr'><strong>Floscnli,</strong></span> <span class='ocrx_word' id='word_1_386' title='bbox 2513 2084 2749 2138; x_wconf 87' lang='lat' dir='ltr'><strong>civitatis</strong></span> <span class='ocrx_word' id='word_1_387' title='bbox 2772 2084 2890 2153; x_wconf 89' lang='lat' dir='ltr'><strong>ejus</strong></span> <span class='ocrx_word' id='word_1_388' title='bbox 2912 2084 3289 2153; x_wconf 84' lang='lat' dir='ltr'><strong>episcoporum</strong></span> <span class='ocrx_word' id='word_1_389' title='bbox 3311 2080 3586 2153; x_wconf 78' lang='lat' dir='ltr'><strong>;Eu5picii</strong></span> <span class='ocrx_word' id='word_1_390' title='bbox 3609 2078 3820 2131; x_wconf 90' lang='lat' dir='ltr'><strong>abbatis</strong></span> 
     </span>
    </p>
   </div>
   <div class='ocr_carea' id='block_1_57' title="bbox 2233 2151 3821 2225">
    <p class='ocr_par' dir='ltr' id='par_1_57' title="bbox 2233 2151 3821 2225">
     <span class='ocr_line' id='line_1_58' title="bbox 2233 2151 3821 2225; baseline -0.005 -20"><span class='ocrx_word' id='word_1_391' title='bbox 2233 2151 2569 2225; x_wconf 69' lang='lat' dir='ltr'><strong>Mielacettsis</strong></span> <span class='ocrx_word' id='word_1_392' title='bbox 2595 2154 2775 2223; x_wconf 89' lang='lat' dir='ltr'><strong>primi,</strong></span> <span class='ocrx_word' id='word_1_393' title='bbox 2806 2151 3043 2225; x_wconf 83' lang='lat' dir='ltr'><strong>Baudelii</strong></span> <span class='ocrx_word' id='word_1_394' title='bbox 3070 2162 3147 2225; x_wconf 15' lang='lat' dir='ltr'><strong>ret</strong></span> <span class='ocrx_word' id='word_1_395' title='bbox 3173 2152 3375 2225; x_wconf 86' lang='lat' dir='ltr'><strong>Scubili</strong></span> <span class='ocrx_word' id='word_1_396' title='bbox 3407 2161 3740 2225; x_wconf 67' lang='lat' dir='ltr'><strong>martyrum,</strong></span> <span class='ocrx_word' id='word_1_397' title='bbox 3767 2155 3821 2225; x_wconf 80' lang='lat' dir='ltr'><strong>et</strong></span> 
     </span>
    </p>
   </div>
   <div class='ocr_carea' id='block_1_58' title="bbox 2234 2219 3817 2295">
    <p class='ocr_par' dir='ltr' id='par_1_58' title="bbox 2234 2219 3817 2295">
     <span class='ocr_line' id='line_1_59' title="bbox 2234 2219 3817 2295; baseline -0.005 -20"><span class='ocrx_word' id='word_1_398' title='bbox 2234 2222 2383 2295; x_wconf 75' lang='lat' dir='ltr'><strong>Agite</strong></span> <span class='ocrx_word' id='word_1_399' title='bbox 2413 2219 2611 2295; x_wconf 75' lang='lat' dir='ltr'><strong>matris</strong></span> <span class='ocrx_word' id='word_1_400' title='bbox 2632 2224 2802 2295; x_wconf 83' lang='lat' dir='ltr'><strong>sancti</strong></span> <span class='ocrx_word' id='word_1_401' title='bbox 2832 2224 2966 2292; x_wconf 83' lang='lat' dir='ltr'><strong>Lupi</strong></span> <span class='ocrx_word' id='word_1_402' title='bbox 2995 2222 3255 2295; x_wconf 80' lang='lat' dir='ltr'><strong>episcopi,</strong></span> <span class='ocrx_word' id='word_1_403' title='bbox 3304 2231 3359 2275; x_wconf 92' lang='lat' dir='ltr'><strong>et</strong></span> <span class='ocrx_word' id='word_1_404' title='bbox 3407 2220 3661 2295; x_wconf 70' lang='lat' dir='ltr'><strong>liberalia</strong></span> <span class='ocrx_word' id='word_1_405' title='bbox 3691 2219 3817 2270; x_wconf 83' lang='lat' dir='ltr'><strong>civi-</strong></span> 
     </span>
    </p>
   </div>
   <div class='ocr_carea' id='block_1_59' title="bbox 2235 2290 3814 2364">
    <p class='ocr_par' dir='ltr' id='par_1_59' title="bbox 2235 2290 3814 2364">
     <span class='ocr_line' id='line_1_60' title="bbox 2235 2290 3814 2364; baseline -0.006 -19"><span class='ocrx_word' id='word_1_406' title='bbox 2235 2290 2359 2364; x_wconf 71' lang='lat' dir='ltr'><strong>tatis</strong></span> <span class='ocrx_word' id='word_1_407' title='bbox 2384 2294 2453 2346; x_wconf 89' lang='lat' dir='ltr'><strong>ab</strong></span> <span class='ocrx_word' id='word_1_408' title='bbox 2477 2292 2686 2348; x_wconf 88' lang='lat' dir='ltr'><strong>llunnis</strong></span> <span class='ocrx_word' id='word_1_409' title='bbox 2714 2309 2810 2364; x_wconf 91' lang='lat' dir='ltr'><strong>per</strong></span> <span class='ocrx_word' id='word_1_410' title='bbox 2848 2290 3092 2348; x_wconf 79' lang='lat' dir='ltr'><strong>sanctum</strong></span> <span class='ocrx_word' id='word_1_411' title='bbox 3126 2290 3398 2364; x_wconf 85' lang='lat' dir='ltr'><strong>Auianum</strong></span> <span class='ocrx_word' id='word_1_412' title='bbox 3424 2290 3764 2364; x_wconf 75' lang='lat' dir='ltr'><strong>episcopum.</strong></span> <span class='ocrx_word' id='word_1_413' title='bbox 3797 2304 3814 2335; x_wconf 76' lang='grc' dir='ltr'><strong><em>ι</em></strong></span> 
     </span>
    </p>
   </div>
   <div class='ocr_carea' id='block_1_60' title="bbox 2232 2359 3824 2434">
    <p class='ocr_par' dir='ltr' id='par_1_60' title="bbox 2232 2359 3824 2434">
     <span class='ocr_line' id='line_1_61' title="bbox 2232 2359 3824 2434; baseline -0.004 -19"><span class='ocrx_word' id='word_1_414' title='bbox 2232 2362 2302 2434; x_wconf 88' lang='lat' dir='ltr'><strong>lu</strong></span> <span class='ocrx_word' id='word_1_415' title='bbox 2324 2359 2934 2434; x_wconf 52' lang='lat' dir='ltr'><strong>Przetermissis7singuli</strong></span> <span class='ocrx_word' id='word_1_416' title='bbox 2965 2363 3033 2418; x_wconf 88' lang='lat' dir='ltr'><strong>ad</strong></span> <span class='ocrx_word' id='word_1_417' title='bbox 3061 2363 3348 2433; x_wconf 82' lang='lat' dir='ltr'><strong>proprium</strong></span> <span class='ocrx_word' id='word_1_418' title='bbox 3371 2375 3531 2415; x_wconf 90' lang='lat' dir='ltr'><strong>suum</strong></span> <span class='ocrx_word' id='word_1_419' title='bbox 3554 2359 3702 2413; x_wconf 88' lang='lat' dir='ltr'><strong>diem</strong></span> <span class='ocrx_word' id='word_1_420' title='bbox 3732 2372 3824 2410; x_wconf 78' lang='lat' dir='ltr'><strong>na-</strong></span> 
     </span>
    </p>
   </div>
   <div class='ocr_carea' id='block_1_61' title="bbox 2235 2432 2782 2489">
    <p class='ocr_par' dir='ltr' id='par_1_61' title="bbox 2235 2432 2782 2489">
     <span class='ocr_line' id='line_1_62' title="bbox 2235 2432 2782 2489; baseline 0.004 -4"><span class='ocrx_word' id='word_1_421' title='bbox 2235 2432 2395 2487; x_wconf 86' lang='lat' dir='ltr'><strong>talem</strong></span> <span class='ocrx_word' id='word_1_422' title='bbox 2435 2434 2782 2489; x_wconf 88' lang='lat' dir='ltr'><strong>reducuntur.</strong></span> 
     </span>
    </p>
   </div>
   <div class='ocr_carea' id='block_1_62' title="bbox 2014 2617 2390 2632">
    <p class='ocr_par' dir='ltr' id='par_1_62' title="bbox 2014 2617 2390 2632">
     <span class='ocr_line' id='line_1_63' title="bbox 2014 2617 2390 2632; baseline -0.011 0"><span class='ocrx_word' id='word_1_423' title='bbox 2014 2617 2390 2632; x_wconf 64' lang='lat'><strong>_—</strong></span> 
     </span>
    </p>
   </div>
   <div class='ocr_carea' id='block_1_63' title="bbox 552 2657 859 2715">
    <p class='ocr_par' dir='ltr' id='par_1_63' title="bbox 552 2657 859 2715">
     <span class='ocr_line' id='line_1_64' title="bbox 552 2657 859 2715; baseline 0.003 -2"><span class='ocrx_word' id='word_1_424' title='bbox 552 2658 691 2714; x_wconf 82' lang='lat' dir='ltr'><strong>XVll</strong></span> <span class='ocrx_word' id='word_1_425' title='bbox 731 2657 859 2715; x_wconf 84' lang='lat' dir='ltr'><strong>Kal.</strong></span> 
     </span>
    </p>
   </div>
   <div class='ocr_carea' id='block_1_64' title="bbox 3604 2647 3861 2702">
    <p class='ocr_par' dir='ltr' id='par_1_64' title="bbox 3604 2647 3861 2702">
     <span class='ocr_line' id='line_1_65' title="bbox 3604 2647 3861 2702; baseline -0.004 0"><span class='ocrx_word' id='word_1_426' title='bbox 3604 2648 3709 2702; x_wconf 78' lang='lat' dir='ltr'><strong>Dte</strong></span> <span class='ocrx_word' id='word_1_427' title='bbox 3737 2647 3827 2702; x_wconf 73' lang='grc'><strong>15.</strong></span> <span class='ocrx_word' id='word_1_428' title='bbox 3854 2666 3861 2675; x_wconf 95' lang='grc'><strong>·</strong></span> 
     </span>
    </p>
   </div>
   <div class='ocr_carea' id='block_1_65' title="bbox 624 2742 3823 2820">
    <p class='ocr_par' dir='ltr' id='par_1_65' title="bbox 624 2742 3823 2820">
     <span class='ocr_line' id='line_1_66' title="bbox 624 2742 3823 2820; baseline -0.002 -16"><span class='ocrx_word' id='word_1_429' title='bbox 624 2753 681 2805; x_wconf 89' lang='lat' dir='ltr'><strong>ln</strong></span> <span class='ocrx_word' id='word_1_430' title='bbox 716 2751 921 2815; x_wconf 87' lang='lat' dir='ltr'><strong>Sicilia,</strong></span> <span class='ocrx_word' id='word_1_431' title='bbox 948 2751 1146 2806; x_wconf 86' lang='lat' dir='ltr'><strong>natalis</strong></span> <span class='ocrx_word' id='word_1_432' title='bbox 1174 2758 1485 2805; x_wconf 90' lang='lat' dir='ltr'><strong>sanctorum</strong></span> <span class='ocrx_word' id='word_1_433' title='bbox 1512 2748 1645 2813; x_wconf 87' lang='lat' dir='ltr'><strong>Viti,</strong></span> <span class='ocrx_word' id='word_1_434' title='bbox 1678 2749 1924 2814; x_wconf 85' lang='lat' dir='ltr'><strong>Modesti,</strong></span> <span class='ocrx_word' id='word_1_435' title='bbox 1956 2758 2011 2804; x_wconf 89' lang='lat' dir='ltr'><strong>et</strong></span> <span class='ocrx_word' id='word_1_436' title='bbox 2052 2749 2402 2813; x_wconf 74' lang='lat' dir='ltr'><strong>Crescentitc,</strong></span> <span class='ocrx_word' id='word_1_437' title='bbox 2453 2748 2548 2820; x_wconf 88' lang='lat' dir='ltr'><strong>qui</strong></span> <span class='ocrx_word' id='word_1_438' title='bbox 2599 2758 2700 2804; x_wconf 76' lang='lat' dir='ltr'><strong>sub</strong></span> <span class='ocrx_word' id='word_1_439' title='bbox 2741 2746 3073 2803; x_wconf 69' lang='lat' dir='ltr'><strong>Diocletiano</strong></span> <span class='ocrx_word' id='word_1_440' title='bbox 3114 2744 3443 2813; x_wconf 84' lang='lat' dir='ltr'><strong>imperatore</strong></span> <span class='ocrx_word' id='word_1_441' title='bbox 3487 2751 3614 2812; x_wconf 84' lang='lat' dir='ltr'><strong>post</strong></span> <span class='ocrx_word' id='word_1_442' title='bbox 3664 2742 3823 2797; x_wconf 82' lang='lat' dir='ltr'><strong>ollam</strong></span> 
     </span>
    </p>
   </div>
   <div class='ocr_carea' id='block_1_66' title="bbox 550 2820 3830 2917">
    <p class='ocr_par' dir='ltr' id='par_1_66' title="bbox 550 2820 3830 2917">
     <span class='ocr_line' id='line_1_67' title="bbox 550 2820 3830 2917; baseline -0.001 -19"><span class='ocrx_word' id='word_1_443' title='bbox 550 2847 754 2917; x_wconf 85' lang='lat' dir='ltr'><strong>plumbi</strong></span> <span class='ocrx_word' id='word_1_444' title='bbox 780 2846 1062 2911; x_wconf 84' lang='lat' dir='ltr'><strong>ferventis,</strong></span> <span class='ocrx_word' id='word_1_445' title='bbox 1087 2856 1209 2917; x_wconf 90' lang='lat' dir='ltr'><strong>post</strong></span> <span class='ocrx_word' id='word_1_446' title='bbox 1230 2846 1436 2901; x_wconf 88' lang='lat' dir='ltr'><strong>bestias</strong></span> <span class='ocrx_word' id='word_1_447' title='bbox 1461 2855 1517 2899; x_wconf 89' lang='lat' dir='ltr'><strong>et</strong></span> <span class='ocrx_word' id='word_1_448' title='bbox 1536 2854 1776 2900; x_wconf 87' lang='lat' dir='ltr'><strong>catastas</strong></span> <span class='ocrx_word' id='word_1_449' title='bbox 1801 2847 1982 2901; x_wconf 87' lang='lat' dir='ltr'><strong>divina</strong></span> <span class='ocrx_word' id='word_1_450' title='bbox 2010 2820 2207 2901; x_wconf 76' lang='lat' dir='ltr'><strong>virtute</strong></span> <span class='ocrx_word' id='word_1_451' title='bbox 2237 2857 2522 2916; x_wconf 85' lang='lat' dir='ltr'><strong>superatas</strong></span> <span class='ocrx_word' id='word_1_452' title='bbox 2542 2887 2558 2911; x_wconf 94' lang='lat'><strong>,</strong></span> <span class='ocrx_word' id='word_1_453' title='bbox 2616 2859 2832 2900; x_wconf 91' lang='lat' dir='ltr'><strong>cursum</strong></span> <span class='ocrx_word' id='word_1_454' title='bbox 2880 2841 3101 2913; x_wconf 74' lang='lat' dir='ltr'><strong>gloriosi</strong></span> <span class='ocrx_word' id='word_1_455' title='bbox 3157 2839 3473 2895; x_wconf 83' lang='lat' dir='ltr'><strong>certaminis</strong></span> <span class='ocrx_word' id='word_1_456' title='bbox 3500 2850 3830 2909; x_wconf 82' lang='lat' dir='ltr'><strong>peregerunt</strong></span> 
     </span>
    </p>
   </div>
   <div class='ocr_carea' id='block_1_67' title="bbox 555 2934 3831 3015">
    <p class='ocr_par' dir='ltr' id='par_1_67' title="bbox 555 2934 3831 3015">
     <span class='ocr_line' id='line_1_68' title="bbox 555 2934 3831 3015; baseline -0.002 -20"><span class='ocrx_word' id='word_1_457' title='bbox 555 2942 852 3015; x_wconf 80' lang='lat' dir='ltr'><strong>[luterserit</strong></span> <span class='ocrx_word' id='word_1_458' title='bbox 880 2942 1141 2998; x_wconf 82' lang='lat' dir='ltr'><strong>Bouillart</strong></span> <span class='ocrx_word' id='word_1_459' title='bbox 1169 2956 1235 2996; x_wconf 67' lang='grc' dir='ltr'><strong>ευ</strong></span> <span class='ocrx_word' id='word_1_460' title='bbox 1268 2942 1499 2998; x_wconf 87' lang='lat' dir='ltr'><strong>Civitale</strong></span> <span class='ocrx_word' id='word_1_461' title='bbox 1532 2943 1860 3005; x_wconf 87' lang='lat' dir='ltr'><strong>Benevento,</strong></span> <span class='ocrx_word' id='word_1_462' title='bbox 1915 2944 2089 2998; x_wconf 88' lang='lat' dir='ltr'><strong>sancti</strong></span> <span class='ocrx_word' id='word_1_463' title='bbox 2132 2937 2385 2998; x_wconf 81' lang='lat' dir='ltr'><strong>Mercurii</strong></span> <span class='ocrx_word' id='word_1_464' title='bbox 2424 2941 2727 3013; x_wconf 88' lang='lat' dir='ltr'><strong>martyris.]</strong></span> <span class='ocrx_word' id='word_1_465' title='bbox 2771 2940 2926 3010; x_wconf 84' lang='lat' dir='ltr'><strong>Apud</strong></span> <span class='ocrx_word' id='word_1_466' title='bbox 2977 2936 3195 2994; x_wconf 85' lang='lat' dir='ltr'><strong>Mesiam</strong></span> <span class='ocrx_word' id='word_1_467' title='bbox 3246 2937 3463 2991; x_wconf 86' lang='lat' dir='ltr'><strong>civitate</strong></span> <span class='ocrx_word' id='word_1_468' title='bbox 3508 2934 3831 3001; x_wconf 86' lang='lat' dir='ltr'><strong>Dorostoro,</strong></span> 
     </span>
    </p>
   </div>
   <div class='ocr_carea' id='block_1_68' title="bbox 554 3026 3828 3106">
    <p class='ocr_par' dir='ltr' id='par_1_68' title="bbox 554 3026 3828 3106">
     <span class='ocr_line' id='line_1_69' title="bbox 554 3026 3828 3106; baseline -0.003 -15"><span class='ocrx_word' id='word_1_469' title='bbox 554 3038 724 3091; x_wconf 82' lang='lat' dir='ltr'><strong>sancti</strong></span> <span class='ocrx_word' id='word_1_470' title='bbox 756 3036 958 3091; x_wconf 86' lang='lat' dir='ltr'><strong>Esichii</strong></span> <span class='ocrx_word' id='word_1_471' title='bbox 1010 3036 1279 3100; x_wconf 89' lang='lat' dir='ltr'><strong>militaris,</strong></span> <span class='ocrx_word' id='word_1_472' title='bbox 1314 3037 1407 3106; x_wconf 85' lang='lat' dir='ltr'><strong>qui</strong></span> <span class='ocrx_word' id='word_1_473' title='bbox 1437 3052 1561 3091; x_wconf 88' lang='lat' dir='ltr'><strong>cum</strong></span> <span class='ocrx_word' id='word_1_474' title='bbox 1591 3036 1754 3093; x_wconf 86' lang='lat' dir='ltr'><strong>beato</strong></span> <span class='ocrx_word' id='word_1_475' title='bbox 1787 3032 1933 3089; x_wconf 88' lang='lat' dir='ltr'><strong>Julio</strong></span> <span class='ocrx_word' id='word_1_476' title='bbox 1979 3037 2423 3102; x_wconf 83' lang='lat' dir='ltr'><strong>comprehensus,</strong></span> <span class='ocrx_word' id='word_1_477' title='bbox 2455 3035 2555 3091; x_wconf 88' lang='lat' dir='ltr'><strong>sub</strong></span> <span class='ocrx_word' id='word_1_478' title='bbox 2600 3033 2828 3104; x_wconf 62' lang='lat' dir='ltr'><strong>praeside</strong></span> <span class='ocrx_word' id='word_1_479' title='bbox 2857 3030 3090 3085; x_wconf 79' lang='lat' dir='ltr'><strong>Maximo</strong></span> <span class='ocrx_word' id='word_1_480' title='bbox 3131 3037 3319 3100; x_wconf 87' lang='lat' dir='ltr'><strong>postea</strong></span> <span class='ocrx_word' id='word_1_481' title='bbox 3362 3026 3629 3097; x_wconf 88' lang='lat' dir='ltr'><strong>martyrio</strong></span> <span class='ocrx_word' id='word_1_482' title='bbox 3678 3041 3828 3083; x_wconf 89' lang='lat' dir='ltr'><strong>coro-</strong></span> 
     </span>
    </p>
   </div>
   <div class='ocr_carea' id='block_1_69' title="bbox 554 3138 838 3186">
    <p class='ocr_par' dir='ltr' id='par_1_69' title="bbox 554 3138 838 3186">
     <span class='ocr_line' id='line_1_70' title="bbox 554 3138 838 3186; baseline -0.004 -2"><span class='ocrx_word' id='word_1_483' title='bbox 554 3140 716 3185; x_wconf 90' lang='lat' dir='ltr'><strong>natus</strong></span> <span class='ocrx_word' id='word_1_484' title='bbox 736 3138 838 3186; x_wconf 86' lang='lat' dir='ltr'><strong>est.</strong></span> 
     </span>
    </p>
   </div>
   <div class='ocr_carea' id='block_1_70' title="bbox 624 3227 2125 3389">
    <p class='ocr_par' dir='ltr' id='par_1_70' title="bbox 624 3227 2125 3389">
     <span class='ocr_line' id='line_1_71' title="bbox 2066 3227 2125 3282; baseline -0.068 0"><span class='ocrx_word' id='word_1_485' title='bbox 2066 3227 2125 3282; x_wconf 66' lang='grc' dir='ltr'><strong>Νι</strong></span> 
     </span>
     <span class='ocr_line' id='line_1_72' title="bbox 624 3315 2125 3389; baseline 0.001 -17"><span class='ocrx_word' id='word_1_486' title='bbox 624 3316 753 3372; x_wconf 84' lang='lat' dir='ltr'><strong>Puri</strong></span> <span class='ocrx_word' id='word_1_487' title='bbox 777 3324 902 3372; x_wconf 87' lang='lat' dir='ltr'><strong>sunt</strong></span> <span class='ocrx_word' id='word_1_488' title='bbox 928 3315 1224 3383; x_wconf 81' lang='lat' dir='ltr'><strong>Herinien.,</strong></span> <span class='ocrx_word' id='word_1_489' title='bbox 1252 3317 1567 3383; x_wconf 80' lang='lat' dir='ltr'><strong>Tornacen.,</strong></span> <span class='ocrx_word' id='word_1_490' title='bbox 1592 3320 1933 3389; x_wconf 78' lang='lat' dir='ltr'><strong>Anlucrpien.</strong></span> <span class='ocrx_word' id='word_1_491' title='bbox 1961 3328 2017 3375; x_wconf 87' lang='lat' dir='ltr'><strong>et</strong></span> <span class='ocrx_word' id='word_1_492' title='bbox 2042 3319 2125 3374; x_wconf 78' lang='lat' dir='ltr'><strong>Ma</strong></span> 
     </span>
    </p>
   </div>
   <div class='ocr_carea' id='block_1_71' title="bbox 2235 3227 3521 3389">
    <p class='ocr_par' dir='ltr' id='par_1_71' title="bbox 2235 3229 3521 3385">
     <span class='ocr_line' id='line_1_73' title="bbox 2235 3229 3521 3385; baseline -0.005 -10"><span class='ocrx_word' id='word_1_493' title='bbox 2235 3229 2427 3385; x_wconf 53' lang='lat' dir='ltr'><strong>Ehem,</strong></span> <span class='ocrx_word' id='word_1_494' title='bbox 2448 3318 2741 3383; x_wconf 78' lang='lat' dir='ltr'><strong>Munerat.,</strong></span> <span class='ocrx_word' id='word_1_495' title='bbox 2765 3315 2962 3383; x_wconf 63' lang='lat' dir='ltr'><strong>Betim,</strong></span> <span class='ocrx_word' id='word_1_496' title='bbox 2991 3314 3211 3371; x_wconf 77' lang='lat' dir='ltr'><strong>Greren.</strong></span> <span class='ocrx_word' id='word_1_497' title='bbox 3238 3324 3295 3371; x_wconf 88' lang='lat' dir='ltr'><strong>et</strong></span> <span class='ocrx_word' id='word_1_498' title='bbox 3317 3315 3521 3371; x_wconf 69' lang='lat' dir='ltr'><strong>Halms.</strong></span> 
     </span>
    </p>
   </div>
   <div class='ocr_carea' id='block_1_72' title="bbox 631 3446 3835 3523">
    <p class='ocr_par' dir='ltr' id='par_1_72' title="bbox 631 3446 3835 3523">
     <span class='ocr_line' id='line_1_74' title="bbox 631 3446 3835 3523; baseline 0 -21"><span class='ocrx_word' id='word_1_499' title='bbox 631 3461 659 3489; x_wconf 77' lang='grc' dir='ltr'><strong>ει</strong></span> <span class='ocrx_word' id='word_1_500' title='bbox 686 3449 761 3503; x_wconf 90' lang='lat' dir='ltr'><strong>De</strong></span> <span class='ocrx_word' id='word_1_501' title='bbox 790 3447 1243 3523; x_wconf 73' lang='lat' dir='ltr'><strong>sancti_Mercurii</strong></span> <span class='ocrx_word' id='word_1_502' title='bbox 1278 3450 1571 3523; x_wconf 68' lang='lat' dir='ltr'><strong>mentione,</strong></span> <span class='ocrx_word' id='word_1_503' title='bbox 1610 3465 1869 3523; x_wconf 80' lang='lat' dir='ltr'><strong>quamex</strong></span> <span class='ocrx_word' id='word_1_504' title='bbox 1894 3450 2139 3506; x_wconf 91' lang='lat' dir='ltr'><strong>codicum</strong></span> <span class='ocrx_word' id='word_1_505' title='bbox 2168 3457 2212 3519; x_wconf 65' lang='grc' dir='ltr'><strong>(ζ</strong></span> <span class='ocrx_word' id='word_1_506' title='bbox 2246 3452 2336 3507; x_wconf 88' lang='lat' dir='ltr'><strong>illa</strong></span> <span class='ocrx_word' id='word_1_507' title='bbox 2394 3451 2637 3523; x_wconf 84' lang='lat' dir='ltr'><strong>reperire</strong></span> <span class='ocrx_word' id='word_1_508' title='bbox 2682 3465 2790 3505; x_wconf 90' lang='lat' dir='ltr'><strong>non</strong></span> <span class='ocrx_word' id='word_1_509' title='bbox 2839 3449 3008 3523; x_wconf 83' lang='lat' dir='ltr'><strong>potui.</strong></span> <span class='ocrx_word' id='word_1_510' title='bbox 3062 3447 3225 3523; x_wconf 82' lang='lat' dir='ltr'><strong>Forte</strong></span> <span class='ocrx_word' id='word_1_511' title='bbox 3250 3463 3355 3523; x_wconf 82' lang='lat' dir='ltr'><strong>non</strong></span> <span class='ocrx_word' id='word_1_512' title='bbox 3405 3446 3642 3523; x_wconf 75' lang='lat' dir='ltr'><strong>restituit</strong></span> <span class='ocrx_word' id='word_1_513' title='bbox 3672 3447 3721 3501; x_wconf 92' lang='lat' dir='ltr'><strong>is</strong></span> <span class='ocrx_word' id='word_1_514' title='bbox 3742 3447 3835 3502; x_wconf 77' lang='lat' dir='ltr'><strong>cui</strong></span> 
     </span>
    </p>
   </div>
   <div class='ocr_carea' id='block_1_73' title="bbox 558 3518 2137 3577">
    <p class='ocr_par' dir='ltr' id='par_1_73' title="bbox 558 3518 2137 3577">
     <span class='ocr_line' id='line_1_75' title="bbox 558 3518 2137 3577; baseline 0.001 -4"><span class='ocrx_word' id='word_1_515' title='bbox 558 3535 780 3573; x_wconf 86' lang='lat' dir='ltr'><strong>suorum</strong></span> <span class='ocrx_word' id='word_1_516' title='bbox 808 3518 1024 3574; x_wconf 86' lang='lat' dir='ltr'><strong>silentio</strong></span> <span class='ocrx_word' id='word_1_517' title='bbox 1067 3528 1122 3573; x_wconf 89' lang='lat' dir='ltr'><strong>et</strong></span> <span class='ocrx_word' id='word_1_518' title='bbox 1169 3520 1329 3575; x_wconf 90' lang='lat' dir='ltr'><strong>litura</strong></span> <span class='ocrx_word' id='word_1_519' title='bbox 1377 3518 1654 3576; x_wconf 82' lang='lat' dir='ltr'><strong>Pratensis</strong></span> <span class='ocrx_word' id='word_1_520' title='bbox 1703 3521 1974 3575; x_wconf 88' lang='lat' dir='ltr'><strong>inductam</strong></span> <span class='ocrx_word' id='word_1_521' title='bbox 2012 3536 2137 3577; x_wconf 86' lang='lat' dir='ltr'><strong>esse</strong></span> 
     </span>
    </p>
   </div>
   <div class='ocr_carea' id='block_1_74' title="bbox 561 3589 2137 3658">
    <p class='ocr_par' dir='ltr' id='par_1_74' title="bbox 561 3589 2137 3658">
     <span class='ocr_line' id='line_1_76' title="bbox 561 3589 2137 3658; baseline 0.003 -15"><span class='ocrx_word' id='word_1_522' title='bbox 561 3598 808 3644; x_wconf 88' lang='lat' dir='ltr'><strong>autumat</strong></span> <span class='ocrx_word' id='word_1_523' title='bbox 840 3589 1137 3653; x_wconf 86' lang='lat' dir='ltr'><strong>Sollerius;</strong></span> <span class='ocrx_word' id='word_1_524' title='bbox 1180 3590 1249 3645; x_wconf 87' lang='lat' dir='ltr'><strong>ab</strong></span> <span class='ocrx_word' id='word_1_525' title='bbox 1277 3590 1397 3658; x_wconf 90' lang='lat' dir='ltr'><strong>ejus</strong></span> <span class='ocrx_word' id='word_1_526' title='bbox 1434 3589 1639 3658; x_wconf 88' lang='lat' dir='ltr'><strong>judicio</strong></span> <span class='ocrx_word' id='word_1_527' title='bbox 1668 3592 1735 3644; x_wconf 90' lang='lat' dir='ltr'><strong>ad</strong></span> <span class='ocrx_word' id='word_1_528' title='bbox 1768 3607 1929 3645; x_wconf 92' lang='lat' dir='ltr'><strong>sanos</strong></span> <span class='ocrx_word' id='word_1_529' title='bbox 1950 3591 2137 3647; x_wconf 86' lang='lat' dir='ltr'><strong>oculos</strong></span> 
     </span>
    </p>
   </div>
   <div class='ocr_carea' id='block_1_75' title="bbox 561 3658 2138 3729">
    <p class='ocr_par' dir='ltr' id='par_1_75' title="bbox 561 3658 2138 3729">
     <span class='ocr_line' id='line_1_77' title="bbox 561 3658 2138 3729; baseline 0.001 -16"><span class='ocrx_word' id='word_1_530' title='bbox 561 3660 793 3729; x_wconf 89' lang='lat' dir='ltr'><strong>appello.</strong></span> <span class='ocrx_word' id='word_1_531' title='bbox 828 3658 884 3714; x_wconf 92' lang='lat' dir='ltr'><strong>Si</strong></span> <span class='ocrx_word' id='word_1_532' title='bbox 912 3659 993 3714; x_wconf 87' lang='lat' dir='ltr'><strong>vel</strong></span> <span class='ocrx_word' id='word_1_533' title='bbox 1025 3660 1354 3715; x_wconf 89' lang='lat' dir='ltr'><strong>levissimum</strong></span> <span class='ocrx_word' id='word_1_534' title='bbox 1386 3661 1669 3729; x_wconf 78' lang='lat' dir='ltr'><strong>scriptura:</strong></span> <span class='ocrx_word' id='word_1_535' title='bbox 1709 3662 2001 3715; x_wconf 88' lang='lat' dir='ltr'><strong>discrimen</strong></span> <span class='ocrx_word' id='word_1_536' title='bbox 2042 3677 2138 3715; x_wconf 89' lang='lat' dir='ltr'><strong>su-</strong></span> 
     </span>
    </p>
   </div>
   <div class='ocr_carea' id='block_1_76' title="bbox 559 3730 2138 3798">
    <p class='ocr_par' dir='ltr' id='par_1_76' title="bbox 559 3730 2138 3798">
     <span class='ocr_line' id='line_1_78' title="bbox 559 3730 2138 3798; baseline -0.001 -15"><span class='ocrx_word' id='word_1_537' title='bbox 559 3731 856 3797; x_wconf 86' lang='lat' dir='ltr'><strong>spicentur,</strong></span> <span class='ocrx_word' id='word_1_538' title='bbox 888 3745 1105 3785; x_wconf 87' lang='lat' dir='ltr'><strong>causam</strong></span> <span class='ocrx_word' id='word_1_539' title='bbox 1131 3746 1237 3784; x_wconf 90' lang='lat' dir='ltr'><strong>non</strong></span> <span class='ocrx_word' id='word_1_540' title='bbox 1284 3730 1428 3792; x_wconf 90' lang='lat' dir='ltr'><strong>dico,</strong></span> <span class='ocrx_word' id='word_1_541' title='bbox 1467 3731 1596 3797; x_wconf 88' lang='lat' dir='ltr'><strong>quin</strong></span> <span class='ocrx_word' id='word_1_542' title='bbox 1657 3746 1819 3798; x_wconf 86' lang='lat' dir='ltr'><strong>super</strong></span> <span class='ocrx_word' id='word_1_543' title='bbox 1865 3732 2138 3784; x_wconf 87' lang='lat' dir='ltr'><strong>inductam</strong></span> 
     </span>
    </p>
   </div>
   <div class='ocr_carea' id='block_1_77' title="bbox 558 3798 2138 3866">
    <p class='ocr_par' dir='ltr' id='par_1_77' title="bbox 558 3798 2138 3866">
     <span class='ocr_line' id='line_1_79' title="bbox 558 3798 2138 3866; baseline 0.001 -15"><span class='ocrx_word' id='word_1_544' title='bbox 558 3815 679 3853; x_wconf 89' lang='lat' dir='ltr'><strong>esse</strong></span> <span class='ocrx_word' id='word_1_545' title='bbox 720 3798 985 3866; x_wconf 88' lang='lat' dir='ltr'><strong>judicent.</strong></span> <span class='ocrx_word' id='word_1_546' title='bbox 1039 3800 1294 3854; x_wconf 86' lang='lat' dir='ltr'><strong>Additam</strong></span> <span class='ocrx_word' id='word_1_547' title='bbox 1349 3798 1515 3853; x_wconf 84' lang='lat' dir='ltr'><strong>fuisse</strong></span> <span class='ocrx_word' id='word_1_548' title='bbox 1554 3814 1740 3854; x_wconf 89' lang='lat' dir='ltr'><strong>verum</strong></span> <span class='ocrx_word' id='word_1_549' title='bbox 1783 3808 1885 3862; x_wconf 90' lang='lat' dir='ltr'><strong>est,</strong></span> <span class='ocrx_word' id='word_1_550' title='bbox 1929 3802 2021 3854; x_wconf 89' lang='lat' dir='ltr'><strong>sed</strong></span> <span class='ocrx_word' id='word_1_551' title='bbox 2070 3800 2138 3853; x_wconf 91' lang='lat' dir='ltr'><strong>ab</strong></span> 
     </span>
    </p>
   </div>
   <div class='ocr_carea' id='block_1_78' title="bbox 561 3867 2141 3940">
    <p class='ocr_par' dir='ltr' id='par_1_78' title="bbox 561 3867 2141 3940">
     <span class='ocr_line' id='line_1_80' title="bbox 561 3867 2141 3940; baseline 0 -17"><span class='ocrx_word' id='word_1_552' title='bbox 561 3868 808 3923; x_wconf 86' lang='lat' dir='ltr'><strong>Usuardo</strong></span> <span class='ocrx_word' id='word_1_553' title='bbox 832 3884 847 3934; x_wconf 89' lang='lat'><strong>;</strong></span> <span class='ocrx_word' id='word_1_554' title='bbox 875 3867 1015 3921; x_wconf 89' lang='lat' dir='ltr'><strong>unde</strong></span> <span class='ocrx_word' id='word_1_555' title='bbox 1044 3878 1335 3940; x_wconf 81' lang='lat' dir='ltr'><strong>sumptam,</strong></span> <span class='ocrx_word' id='word_1_556' title='bbox 1364 3884 1469 3922; x_wconf 92' lang='lat' dir='ltr'><strong>non</strong></span> <span class='ocrx_word' id='word_1_557' title='bbox 1497 3868 1684 3940; x_wconf 85' lang='lat' dir='ltr'><strong>liquet.</strong></span> <span class='ocrx_word' id='word_1_558' title='bbox 1714 3868 1858 3924; x_wconf 89' lang='lat' dir='ltr'><strong>Illius</strong></span> <span class='ocrx_word' id='word_1_559' title='bbox 1887 3869 2141 3940; x_wconf 88' lang='lat' dir='ltr'><strong>martyris</strong></span> 
     </span>
    </p>
   </div>
   <div class='ocr_carea' id='block_1_79' title="bbox 556 3938 2135 4006">
    <p class='ocr_par' dir='ltr' id='par_1_79' title="bbox 556 3938 2135 4006">
     <span class='ocr_line' id='line_1_81' title="bbox 556 3938 2135 4006; baseline -0.001 -15"><span class='ocrx_word' id='word_1_560' title='bbox 556 3940 691 3991; x_wconf 80' lang='lat' dir='ltr'><strong>Acta</strong></span> <span class='ocrx_word' id='word_1_561' title='bbox 724 3952 890 4006; x_wconf 85' lang='lat' dir='ltr'><strong>penes</strong></span> <span class='ocrx_word' id='word_1_562' title='bbox 926 3953 1025 3991; x_wconf 87' lang='lat' dir='ltr'><strong>nos</strong></span> <span class='ocrx_word' id='word_1_563' title='bbox 1051 3938 1179 3992; x_wconf 91' lang='lat' dir='ltr'><strong>olim</strong></span> <span class='ocrx_word' id='word_1_564' title='bbox 1209 3939 1445 4000; x_wconf 87' lang='lat' dir='ltr'><strong>fuerunt,</strong></span> <span class='ocrx_word' id='word_1_565' title='bbox 1491 3939 1753 4006; x_wconf 85' lang='lat' dir='ltr'><strong>siquidem</strong></span> <span class='ocrx_word' id='word_1_566' title='bbox 1797 3939 1850 3993; x_wconf 91' lang='lat' dir='ltr'><strong>in</strong></span> <span class='ocrx_word' id='word_1_567' title='bbox 1904 3956 2004 3993; x_wconf 89' lang='lat' dir='ltr'><strong>ms.</strong></span> <span class='ocrx_word' id='word_1_568' title='bbox 2032 3938 2135 3991; x_wconf 83' lang='lat' dir='ltr'><strong>no-</strong></span> 
     </span>
    </p>
   </div>
   <div class='ocr_carea' id='block_1_80' title="bbox 559 4006 2137 4064">
    <p class='ocr_par' dir='ltr' id='par_1_80' title="bbox 559 4006 2137 4064">
     <span class='ocr_line' id='line_1_82' title="bbox 559 4006 2137 4064; baseline 0.002 -4"><span class='ocrx_word' id='word_1_569' title='bbox 559 4015 792 4061; x_wconf 82' lang='lat' dir='ltr'><strong>strorutu</strong></span> <span class='ocrx_word' id='word_1_570' title='bbox 844 4006 1089 4062; x_wconf 83' lang='lat' dir='ltr'><strong>codicum</strong></span> <span class='ocrx_word' id='word_1_571' title='bbox 1142 4008 1320 4063; x_wconf 88' lang='lat' dir='ltr'><strong>indice</strong></span> <span class='ocrx_word' id='word_1_572' title='bbox 1368 4018 1739 4064; x_wconf 89' lang='lat' dir='ltr'><strong>memorantur</strong></span> <span class='ocrx_word' id='word_1_573' title='bbox 1767 4026 1819 4063; x_wconf 92' lang='lat' dir='ltr'><strong>n.</strong></span> <span class='ocrx_word' id='word_1_574' title='bbox 1848 4009 1975 4063; x_wconf 71' lang='lat'><strong>461.</strong></span> <span class='ocrx_word' id='word_1_575' title='bbox 2028 4008 2137 4063; x_wconf 86' lang='lat' dir='ltr'><strong>Sed</strong></span> 
     </span>
    </p>
   </div>
   <div class='ocr_carea' id='block_1_81' title="bbox 2245 3516 3824 3582">
    <p class='ocr_par' dir='ltr' id='par_1_81' title="bbox 2245 3516 3824 3582">
     <span class='ocr_line' id='line_1_83' title="bbox 2245 3516 3824 3582; baseline -0.004 -4"><span class='ocrx_word' id='word_1_576' title='bbox 2245 3532 2430 3578; x_wconf 91' lang='lat' dir='ltr'><strong>mutuo</strong></span> <span class='ocrx_word' id='word_1_577' title='bbox 2454 3516 2578 3577; x_wconf 78' lang='lat' dir='ltr'><strong>data</strong></span> <span class='ocrx_word' id='word_1_578' title='bbox 2607 3516 2855 3582; x_wconf 52' lang='lat' dir='ltr'><strong>fuerant;</strong></span> <span class='ocrx_word' id='word_1_579' title='bbox 2872 3520 3009 3573; x_wconf 87' lang='lat' dir='ltr'><strong>forte</strong></span> <span class='ocrx_word' id='word_1_580' title='bbox 3045 3518 3207 3573; x_wconf 87' lang='lat' dir='ltr'><strong>etiam</strong></span> <span class='ocrx_word' id='word_1_581' title='bbox 3235 3517 3443 3573; x_wconf 87' lang='lat' dir='ltr'><strong>sublata</strong></span> <span class='ocrx_word' id='word_1_582' title='bbox 3485 3516 3632 3572; x_wconf 85' lang='lat' dir='ltr'><strong>furta</strong></span> <span class='ocrx_word' id='word_1_583' title='bbox 3682 3528 3824 3573; x_wconf 82' lang='lat' dir='ltr'><strong>sunt.</strong></span> 
     </span>
    </p>
   </div>
   <div class='ocr_carea' id='block_1_82' title="bbox 2244 3586 3829 3659">
    <p class='ocr_par' dir='ltr' id='par_1_82' title="bbox 2244 3586 3829 3659">
     <span class='ocr_line' id='line_1_84' title="bbox 2244 3586 3829 3659; baseline -0.004 -11"><span class='ocrx_word' id='word_1_584' title='bbox 2244 3595 2321 3648; x_wconf 92' lang='lat' dir='ltr'><strong>De</strong></span> <span class='ocrx_word' id='word_1_585' title='bbox 2347 3592 2563 3655; x_wconf 74' lang='lat' dir='ltr'><strong>Alexio,</strong></span> <span class='ocrx_word' id='word_1_586' title='bbox 2609 3588 2837 3659; x_wconf 88' lang='lat' dir='ltr'><strong>margini</strong></span> <span class='ocrx_word' id='word_1_587' title='bbox 2885 3589 3089 3652; x_wconf 85' lang='lat' dir='ltr'><strong>addito,</strong></span> <span class='ocrx_word' id='word_1_588' title='bbox 3114 3604 3237 3659; x_wconf 76' lang='lat' dir='ltr'><strong>non</strong></span> <span class='ocrx_word' id='word_1_589' title='bbox 3269 3588 3526 3659; x_wconf 74' lang='lat' dir='ltr'><strong>estquod</strong></span> <span class='ocrx_word' id='word_1_590' title='bbox 3575 3586 3829 3659; x_wconf 69' lang='lat' dir='ltr'><strong>Pratensi</strong></span> 
     </span>
    </p>
   </div>
   <div class='ocr_carea' id='block_1_83' title="bbox 2245 3656 3827 3728">
    <p class='ocr_par' dir='ltr' id='par_1_83' title="bbox 2245 3656 3827 3728">
     <span class='ocr_line' id='line_1_85' title="bbox 2245 3656 3827 3728; baseline -0.006 -10"><span class='ocrx_word' id='word_1_591' title='bbox 2245 3663 2418 3718; x_wconf 85' lang='lat' dir='ltr'><strong>codici</strong></span> <span class='ocrx_word' id='word_1_592' title='bbox 2449 3668 2661 3716; x_wconf 85' lang='lat' dir='ltr'><strong>moveat</strong></span> <span class='ocrx_word' id='word_1_593' title='bbox 2689 3656 2859 3722; x_wconf 72' lang='lat' dir='ltr'><strong>litem,</strong></span> <span class='ocrx_word' id='word_1_594' title='bbox 2890 3675 3012 3712; x_wconf 89' lang='lat' dir='ltr'><strong>nam</strong></span> <span class='ocrx_word' id='word_1_595' title='bbox 3038 3657 3240 3712; x_wconf 90' lang='lat' dir='ltr'><strong>nullum</strong></span> <span class='ocrx_word' id='word_1_596' title='bbox 3260 3666 3345 3712; x_wconf 87' lang='lat' dir='ltr'><strong>est</strong></span> <span class='ocrx_word' id='word_1_597' title='bbox 3365 3656 3827 3728; x_wconf 85' lang='lat' dir='ltr'><strong>Martyrologium,</strong></span> 
     </span>
    </p>
   </div>
   <div class='ocr_carea' id='block_1_84' title="bbox 2246 3727 3831 3803">
    <p class='ocr_par' dir='ltr' id='par_1_84' title="bbox 2246 3727 3831 3803">
     <span class='ocr_line' id='line_1_86' title="bbox 2246 3727 3831 3803; baseline -0.004 -16"><span class='ocrx_word' id='word_1_598' title='bbox 2246 3733 2389 3803; x_wconf 91' lang='lat' dir='ltr'><strong>quod</strong></span> <span class='ocrx_word' id='word_1_599' title='bbox 2431 3732 2622 3803; x_wconf 84' lang='lat' dir='ltr'><strong>saltem</strong></span> <span class='ocrx_word' id='word_1_600' title='bbox 2640 3730 2707 3803; x_wconf 85' lang='lat' dir='ltr'><strong>_in</strong></span> <span class='ocrx_word' id='word_1_601' title='bbox 2734 3728 3050 3803; x_wconf 80' lang='lat' dir='ltr'><strong>usu_fuerit_,</strong></span> <span class='ocrx_word' id='word_1_602' title='bbox 3085 3728 3215 3803; x_wconf 81' lang='lat' dir='ltr'><strong>quin</strong></span> <span class='ocrx_word' id='word_1_603' title='bbox 3263 3727 3567 3803; x_wconf 77' lang='lat' dir='ltr'><strong>hujusmOdi</strong></span> <span class='ocrx_word' id='word_1_604' title='bbox 3615 3727 3831 3803; x_wconf 81' lang='lat' dir='ltr'><strong>addita-</strong></span> 
     </span>
    </p>
   </div>
   <div class='ocr_carea' id='block_1_85' title="bbox 2249 3796 3829 3867">
    <p class='ocr_par' dir='ltr' id='par_1_85' title="bbox 2249 3796 3829 3867">
     <span class='ocr_line' id='line_1_87' title="bbox 2249 3796 3829 3867; baseline -0.004 -11"><span class='ocrx_word' id='word_1_605' title='bbox 2249 3796 2801 3858; x_wconf 80' lang='lat' dir='ltr'><strong>mentisinfarciatnr.</strong></span> <span class='ocrx_word' id='word_1_606' title='bbox 2828 3799 2893 3853; x_wconf 86' lang='lat' dir='ltr'><strong>Et</strong></span> <span class='ocrx_word' id='word_1_607' title='bbox 2915 3799 3042 3867; x_wconf 91' lang='lat' dir='ltr'><strong>quid</strong></span> <span class='ocrx_word' id='word_1_608' title='bbox 3087 3796 3333 3852; x_wconf 85' lang='lat' dir='ltr'><strong>mirum?</strong></span> <span class='ocrx_word' id='word_1_609' title='bbox 3369 3796 3452 3850; x_wconf 79' lang='lat' dir='ltr'><strong>An</strong></span> <span class='ocrx_word' id='word_1_610' title='bbox 3499 3797 3829 3867; x_wconf 87' lang='lat' dir='ltr'><strong>oportuisset</strong></span> 
     </span>
    </p>
   </div>
   <div class='ocr_carea' id='block_1_86' title="bbox 2248 3867 3835 3944">
    <p class='ocr_par' dir='ltr' id='par_1_86' title="bbox 2248 3867 3835 3944">
     <span class='ocr_line' id='line_1_88' title="bbox 2248 3867 3835 3944; baseline -0.004 -18"><span class='ocrx_word' id='word_1_611' title='bbox 2248 3873 2515 3944; x_wconf 84' lang='lat' dir='ltr'><strong>integrum</strong></span> <span class='ocrx_word' id='word_1_612' title='bbox 2534 3870 2783 3944; x_wconf 83' lang='lat' dir='ltr'><strong>volumen</strong></span> <span class='ocrx_word' id='word_1_613' title='bbox 2805 3869 3037 3944; x_wconf 72' lang='lat' dir='ltr'><strong>describi</strong></span> <span class='ocrx_word' id='word_1_614' title='bbox 3063 3867 3279 3937; x_wconf 89' lang='lat' dir='ltr'><strong>quoties</strong></span> <span class='ocrx_word' id='word_1_615' title='bbox 3299 3878 3519 3923; x_wconf 88' lang='lat' dir='ltr'><strong>sanctus</strong></span> <span class='ocrx_word' id='word_1_616' title='bbox 3555 3867 3752 3939; x_wconf 86' lang='lat' dir='ltr'><strong>aliquis</strong></span> <span class='ocrx_word' id='word_1_617' title='bbox 3774 3867 3835 3920; x_wconf 80' lang='lat' dir='ltr'><strong>in.</strong></span> 
     </span>
    </p>
   </div>
   <div class='ocr_carea' id='block_1_87' title="bbox 2241 3940 3147 3998">
    <p class='ocr_par' dir='ltr' id='par_1_87' title="bbox 2241 3940 3147 3998">
     <span class='ocr_line' id='line_1_89' title="bbox 2241 3940 3147 3998; baseline -0.006 -1"><span class='ocrx_word' id='word_1_618' title='bbox 2241 3940 2420 3998; x_wconf 82' lang='lat' dir='ltr'><strong>Fastis</strong></span> <span class='ocrx_word' id='word_1_619' title='bbox 2445 3940 2781 3997; x_wconf 75' lang='lat' dir='ltr'><strong>addebatur?</strong></span> <span class='ocrx_word' id='word_1_620' title='bbox 2816 3940 3147 3996; x_wconf 68' lang='lat' dir='ltr'><strong>Boumun&#39;r.</strong></span> 
     </span>
    </p>
   </div>
   <div class='ocr_carea' id='block_1_88' title="bbox 1761 4116 2599 4174">
    <p class='ocr_par' dir='ltr' id='par_1_88' title="bbox 1761 4116 2599 4174">
     <span class='ocr_line' id='line_1_90' title="bbox 1761 4116 2599 4174; baseline -0.004 0"><span class='ocrx_word' id='word_1_621' title='bbox 1761 4118 2156 4174; x_wconf 79' lang='lat' dir='ltr'><strong>VARIANTES</strong></span> <span class='ocrx_word' id='word_1_622' title='bbox 2190 4116 2599 4174; x_wconf 82' lang='lat' dir='ltr'><strong>LECTIONES.</strong></span> 
     </span>
    </p>
   </div>
   <div class='ocr_carea' id='block_1_89' title="bbox 631 4217 2142 4292">
    <p class='ocr_par' dir='ltr' id='par_1_89' title="bbox 631 4217 2142 4292">
     <span class='ocr_line' id='line_1_91' title="bbox 631 4217 2142 4292; baseline -0.003 -17"><span class='ocrx_word' id='word_1_623' title='bbox 631 4220 834 4276; x_wconf 88' lang='lat' dir='ltr'><strong>Sensus</strong></span> <span class='ocrx_word' id='word_1_624' title='bbox 860 4221 1023 4292; x_wconf 77' lang='lat' dir='ltr'><strong>exigit</strong></span> <span class='ocrx_word' id='word_1_625' title='bbox 1048 4230 1349 4276; x_wconf 84' lang='lat' dir='ltr'><strong>sanctorum</strong></span> <span class='ocrx_word' id='word_1_626' title='bbox 1379 4217 1507 4292; x_wconf 84' lang='lat' dir='ltr'><strong>V_i_ti,</strong></span> <span class='ocrx_word' id='word_1_627' title='bbox 1526 4229 1631 4274; x_wconf 89' lang='lat' dir='ltr'><strong>etc.</strong></span> <span class='ocrx_word' id='word_1_628' title='bbox 1653 4237 1666 4273; x_wconf 91' lang='lat'>:</span> <span class='ocrx_word' id='word_1_629' title='bbox 1691 4218 1990 4292; x_wconf 84' lang='lat' dir='ltr'><strong>singulares</strong></span> <span class='ocrx_word' id='word_1_630' title='bbox 2016 4227 2142 4292; x_wconf 70' lang='lat' dir='ltr'><strong>sunt</strong></span> 
     </span>
    </p>
   </div>
   <div class='ocr_carea' id='block_1_90' title="bbox 559 4287 2136 4358">
    <p class='ocr_par' dir='ltr' id='par_1_90' title="bbox 559 4287 2136 4358">
     <span class='ocr_line' id='line_1_92' title="bbox 559 4287 2136 4358; baseline -0.004 -11"><span class='ocrx_word' id='word_1_631' title='bbox 559 4291 790 4347; x_wconf 85' lang='lat' dir='ltr'><strong>Greven.</strong></span> <span class='ocrx_word' id='word_1_632' title='bbox 818 4301 873 4346; x_wconf 93' lang='lat' dir='ltr'><strong>et</strong></span> <span class='ocrx_word' id='word_1_633' title='bbox 898 4287 1093 4345; x_wconf 60' lang='lat' dir='ltr'><strong>Midan.</strong></span> <span class='ocrx_word' id='word_1_634' title='bbox 1126 4292 1180 4346; x_wconf 91' lang='lat' dir='ltr'><strong>in</strong></span> <span class='ocrx_word' id='word_1_635' title='bbox 1200 4293 1367 4345; x_wconf 81' lang='lat' dir='ltr'><strong>sancti</strong></span> <span class='ocrx_word' id='word_1_636' title='bbox 1411 4289 1537 4353; x_wconf 84' lang='lat' dir='ltr'><strong>Viti,</strong></span> <span class='ocrx_word' id='word_1_637' title='bbox 1567 4299 1672 4344; x_wconf 92' lang='lat' dir='ltr'><strong>etc.</strong></span> <span class='ocrx_word' id='word_1_638' title='bbox 1728 4287 1819 4344; x_wconf 88' lang='lat' dir='ltr'><strong>Sic</strong></span> <span class='ocrx_word' id='word_1_639' title='bbox 1866 4287 2136 4358; x_wconf 86' lang='lat' dir='ltr'><strong>superflua</strong></span> 
     </span>
    </p>
   </div>
   <div class='ocr_carea' id='block_1_91' title="bbox 558 4360 2137 4430">
    <p class='ocr_par' dir='ltr' id='par_1_91' title="bbox 558 4360 2137 4430">
     <span class='ocr_line' id='line_1_93' title="bbox 558 4360 2137 4430; baseline -0.001 -16"><span class='ocrx_word' id='word_1_640' title='bbox 558 4370 643 4414; x_wconf 84' lang='lat' dir='ltr'><strong>est</strong></span> <span class='ocrx_word' id='word_1_641' title='bbox 674 4361 935 4430; x_wconf 87' lang='lat' dir='ltr'><strong>particula</strong></span> <span class='ocrx_word' id='word_1_642' title='bbox 965 4372 1021 4416; x_wconf 88' lang='lat' dir='ltr'><strong>et</strong></span> <span class='ocrx_word' id='word_1_643' title='bbox 1056 4363 1196 4417; x_wconf 92' lang='lat' dir='ltr'><strong>inter</strong></span> <span class='ocrx_word' id='word_1_644' title='bbox 1238 4360 1338 4414; x_wconf 83' lang='lat' dir='ltr'><strong>Viti</strong></span> <span class='ocrx_word' id='word_1_645' title='bbox 1369 4369 1424 4415; x_wconf 89' lang='lat' dir='ltr'><strong>et</strong></span> <span class='ocrx_word' id='word_1_646' title='bbox 1471 4360 1718 4424; x_wconf 79' lang='lat' dir='ltr'><strong>Modesti,</strong></span> <span class='ocrx_word' id='word_1_647' title='bbox 1769 4374 1929 4429; x_wconf 88' lang='lat' dir='ltr'><strong>quam</strong></span> <span class='ocrx_word' id='word_1_648' title='bbox 1958 4369 2137 4430; x_wconf 77' lang='lat' dir='ltr'><strong>tamen</strong></span> 
     </span>
    </p>
   </div>
   <div class='ocr_carea' id='block_1_92' title="bbox 558 4428 2139 4501">
    <p class='ocr_par' dir='ltr' id='par_1_92' title="bbox 558 4428 2139 4501">
     <span class='ocr_line' id='line_1_94' title="bbox 558 4428 2139 4501; baseline -0.003 -16"><span class='ocrx_word' id='word_1_649' title='bbox 558 4428 822 4501; x_wconf 83' lang='lat' dir='ltr'><strong>adjiciunt</strong></span> <span class='ocrx_word' id='word_1_650' title='bbox 859 4432 1186 4496; x_wconf 89' lang='lat' dir='ltr'><strong>Tornacen.,</strong></span> <span class='ocrx_word' id='word_1_651' title='bbox 1223 4430 1508 4501; x_wconf 81' lang='lat' dir='ltr'><strong>Antuerp.,</strong></span> <span class='ocrx_word' id='word_1_652' title='bbox 1538 4428 2139 4501; x_wconf 69' lang='lat' dir='ltr'><strong>Max._-_Lubec.,_Mnne-_</strong></span> 
     </span>
    </p>
   </div>
   <div class='ocr_carea' id='block_1_93' title="bbox 559 4498 2139 4573">
    <p class='ocr_par' dir='ltr' id='par_1_93' title="bbox 559 4498 2139 4573">
     <span class='ocr_line' id='line_1_95' title="bbox 559 4498 2139 4573; baseline -0.003 -17"><span class='ocrx_word' id='word_1_653' title='bbox 559 4498 664 4556; x_wconf 78' lang='lat' dir='ltr'><strong>rat.</strong></span> <span class='ocrx_word' id='word_1_654' title='bbox 696 4502 950 4573; x_wconf 80' lang='lat' dir='ltr'><strong>et_Belin.</strong></span> <span class='ocrx_word' id='word_1_655' title='bbox 1001 4504 1089 4573; x_wconf 91' lang='lat' dir='ltr'><strong>qui</strong></span> <span class='ocrx_word' id='word_1_656' title='bbox 1140 4498 1445 4573; x_wconf 68' lang='lat' dir='ltr'><strong>postremus</strong></span> <span class='ocrx_word' id='word_1_657' title='bbox 1491 4501 1619 4572; x_wconf 83' lang='lat' dir='ltr'><strong>legit</strong></span> <span class='ocrx_word' id='word_1_658' title='bbox 1672 4499 1774 4553; x_wconf 84' lang='lat' dir='ltr'><strong>Viti</strong></span> <span class='ocrx_word' id='word_1_659' title='bbox 1816 4509 1863 4573; x_wconf 78' lang='lat' dir='ltr'><strong>et</strong></span> <span class='ocrx_word' id='word_1_660' title='bbox 1914 4498 2139 4573; x_wconf 58' lang='lat' dir='ltr'><strong>ifodesti</strong></span> 
     </span>
    </p>
   </div>
   <div class='ocr_carea' id='block_1_94' title="bbox 557 4568 2138 4642">
    <p class='ocr_par' dir='ltr' id='par_1_94' title="bbox 557 4568 2138 4642">
     <span class='ocr_line' id='line_1_96' title="bbox 557 4568 2138 4642; baseline -0.003 -17"><span class='ocrx_word' id='word_1_661' title='bbox 557 4582 711 4642; x_wconf 79' lang='lat' dir='ltr'><strong>atque</strong></span> <span class='ocrx_word' id='word_1_662' title='bbox 737 4568 1067 4629; x_wconf 69' lang='lat' dir='ltr'><strong>Crescentitir.</strong></span> <span class='ocrx_word' id='word_1_663' title='bbox 1117 4568 1193 4628; x_wconf 77' lang='lat' dir='ltr'><strong>De</strong></span> <span class='ocrx_word' id='word_1_664' title='bbox 1243 4571 1411 4626; x_wconf 77' lang='lat' dir='ltr'><strong>Mesia</strong></span> <span class='ocrx_word' id='word_1_665' title='bbox 1458 4568 1599 4642; x_wconf 63' lang='lat' dir='ltr'><strong>smpe</strong></span> <span class='ocrx_word' id='word_1_666' title='bbox 1645 4579 1700 4642; x_wconf 76' lang='lat' dir='ltr'><strong>et</strong></span> <span class='ocrx_word' id='word_1_667' title='bbox 1753 4570 1884 4642; x_wconf 85' lang='lat' dir='ltr'><strong>satis</strong></span> <span class='ocrx_word' id='word_1_668' title='bbox 1912 4568 2138 4642; x_wconf 85' lang='lat' dir='ltr'><strong>dictum.</strong></span> 
     </span>
    </p>
   </div>
   <div class='ocr_carea' id='block_1_95' title="bbox 556 4638 2142 4713">
    <p class='ocr_par' dir='ltr' id='par_1_95' title="bbox 556 4638 2142 4713">
     <span class='ocr_line' id='line_1_97' title="bbox 556 4638 2142 4713; baseline -0.003 -18"><span class='ocrx_word' id='word_1_669' title='bbox 556 4638 670 4713; x_wconf 73' lang='lat' dir='ltr'><strong>(_an</strong></span> <span class='ocrx_word' id='word_1_670' title='bbox 706 4641 1039 4699; x_wconf 85' lang='lat' dir='ltr'><strong>Heriniensis</strong></span> <span class='ocrx_word' id='word_1_671' title='bbox 1081 4643 1364 4713; x_wconf 80' lang='lat' dir='ltr'><strong>scripserit</strong></span> <span class='ocrx_word' id='word_1_672' title='bbox 1403 4658 1417 4713; x_wconf 83' lang='lat'><strong>:</strong></span> <span class='ocrx_word' id='word_1_673' title='bbox 1448 4640 1608 4713; x_wconf 60' lang='lat' dir='ltr'><strong>Apud</strong></span> <span class='ocrx_word' id='word_1_674' title='bbox 1637 4638 1857 4713; x_wconf 78' lang='lat' dir='ltr'><strong>Mesiam</strong></span> <span class='ocrx_word' id='word_1_675' title='bbox 1884 4639 2142 4713; x_wconf 53' lang='lat' dir='ltr'><strong>civitatem</strong></span> 
     </span>
    </p>
   </div>
   <div class='ocr_carea' id='block_1_96' title="bbox 555 4708 2138 4780">
    <p class='ocr_par' dir='ltr' id='par_1_96' title="bbox 555 4708 2138 4780">
     <span class='ocr_line' id='line_1_98' title="bbox 555 4708 2138 4780; baseline -0.003 -15"><span class='ocrx_word' id='word_1_676' title='bbox 555 4708 866 4780; x_wconf 70' lang='lat' dir='ltr'><strong>Dorostoro,</strong></span> <span class='ocrx_word' id='word_1_677' title='bbox 894 4730 1004 4769; x_wconf 91' lang='lat' dir='ltr'><strong>non</strong></span> <span class='ocrx_word' id='word_1_678' title='bbox 1027 4708 1227 4769; x_wconf 80' lang='lat' dir='ltr'><strong>divino.</strong></span> <span class='ocrx_word' id='word_1_679' title='bbox 1254 4708 1521 4775; x_wconf 70' lang='lat' dir='ltr'><strong>Messium,</strong></span> <span class='ocrx_word' id='word_1_680' title='bbox 1554 4708 1861 4774; x_wconf 72' lang='lat' dir='ltr'><strong>Massiuam,</strong></span> <span class='ocrx_word' id='word_1_681' title='bbox 1885 4717 1939 4764; x_wconf 92' lang='lat' dir='ltr'><strong>et</strong></span> <span class='ocrx_word' id='word_1_682' title='bbox 1966 4708 2138 4763; x_wconf 88' lang='lat' dir='ltr'><strong>Doro-</strong></span> 
     </span>
    </p>
   </div>
   <div class='ocr_carea' id='block_1_97' title="bbox 2246 4204 3831 4278">
    <p class='ocr_par' dir='ltr' id='par_1_97' title="bbox 2246 4204 3831 4278">
     <span class='ocr_line' id='line_1_99' title="bbox 2246 4204 3831 4278; baseline -0.005 -9"><span class='ocrx_word' id='word_1_683' title='bbox 2246 4225 2376 4278; x_wconf 86' lang='lat' dir='ltr'><strong>stro,</strong></span> <span class='ocrx_word' id='word_1_684' title='bbox 2408 4213 2578 4268; x_wconf 90' lang='lat' dir='ltr'><strong>Belini</strong></span> <span class='ocrx_word' id='word_1_685' title='bbox 2612 4211 2743 4266; x_wconf 90' lang='lat' dir='ltr'><strong>vitia</strong></span> <span class='ocrx_word' id='word_1_686' title='bbox 2771 4218 2915 4265; x_wconf 88' lang='lat' dir='ltr'><strong>sunt.</strong></span> <span class='ocrx_word' id='word_1_687' title='bbox 2944 4209 3078 4264; x_wconf 84' lang='lat' dir='ltr'><strong>Item</strong></span> <span class='ocrx_word' id='word_1_688' title='bbox 3122 4204 3307 4271; x_wconf 70' lang='lat' dir='ltr'><strong>Exilii,</strong></span> <span class='ocrx_word' id='word_1_689' title='bbox 3344 4223 3443 4278; x_wconf 91' lang='lat' dir='ltr'><strong>pro</strong></span> <span class='ocrx_word' id='word_1_690' title='bbox 3485 4204 3709 4264; x_wconf 79' lang='lat' dir='ltr'><strong>Esichii.</strong></span> <span class='ocrx_word' id='word_1_691' title='bbox 3739 4206 3831 4261; x_wconf 74' lang='lat' dir='ltr'><strong>Vi-</strong></span> 
     </span>
    </p>
   </div>
   <div class='ocr_carea' id='block_1_98' title="bbox 2246 4278 3830 4349">
    <p class='ocr_par' dir='ltr' id='par_1_98' title="bbox 2246 4278 3830 4349">
     <span class='ocr_line' id='line_1_100' title="bbox 2246 4278 3830 4349; baseline -0.006 -9"><span class='ocrx_word' id='word_1_692' title='bbox 2246 4287 2404 4340; x_wconf 91' lang='lat' dir='ltr'><strong>detur</strong></span> <span class='ocrx_word' id='word_1_693' title='bbox 2432 4284 2655 4338; x_wconf 90' lang='lat' dir='ltr'><strong>nimium</strong></span> <span class='ocrx_word' id='word_1_694' title='bbox 2682 4296 2872 4349; x_wconf 88' lang='lat' dir='ltr'><strong>sapere</strong></span> <span class='ocrx_word' id='word_1_695' title='bbox 2896 4280 3129 4335; x_wconf 89' lang='lat' dir='ltr'><strong>voluisse</strong></span> <span class='ocrx_word' id='word_1_696' title='bbox 3159 4278 3489 4341; x_wconf 88' lang='lat' dir='ltr'><strong>Muneratus,</strong></span> <span class='ocrx_word' id='word_1_697' title='bbox 3520 4280 3650 4349; x_wconf 70' lang='lat' dir='ltr'><strong>dum</strong></span> <span class='ocrx_word' id='word_1_698' title='bbox 3692 4279 3830 4332; x_wconf 86' lang='lat' dir='ltr'><strong>mili-</strong></span> 
     </span>
    </p>
   </div>
   <div class='ocr_carea' id='block_1_99' title="bbox 2244 4347 3831 4423">
    <p class='ocr_par' dir='ltr' id='par_1_99' title="bbox 2244 4347 3831 4423">
     <span class='ocr_line' id='line_1_101' title="bbox 2244 4347 3831 4423; baseline -0.005 -14"><span class='ocrx_word' id='word_1_699' title='bbox 2244 4357 2394 4418; x_wconf 86' lang='lat' dir='ltr'><strong>taris,</strong></span> <span class='ocrx_word' id='word_1_700' title='bbox 2415 4370 2523 4423; x_wconf 90' lang='lat' dir='ltr'><strong>quo</strong></span> <span class='ocrx_word' id='word_1_701' title='bbox 2541 4352 2699 4407; x_wconf 88' lang='lat' dir='ltr'><strong>modo</strong></span> <span class='ocrx_word' id='word_1_702' title='bbox 2731 4347 3031 4406; x_wconf 80' lang='lat' dir='ltr'><strong>Romanum</strong></span> <span class='ocrx_word' id='word_1_703' title='bbox 3049 4349 3442 4423; x_wconf 75' lang='lat' dir='ltr'><strong>_parvnm,_Ado</strong></span> <span class='ocrx_word' id='word_1_704' title='bbox 3466 4358 3523 4403; x_wconf 85' lang='lat' dir='ltr'><strong>et</strong></span> <span class='ocrx_word' id='word_1_705' title='bbox 3549 4347 3831 4423; x_wconf 81' lang='lat' dir='ltr'><strong>Usuardus</strong></span> 
     </span>
    </p>
   </div>
   <div class='ocr_carea' id='block_1_100' title="bbox 2244 4417 3825 4491">
    <p class='ocr_par' dir='ltr' id='par_1_100' title="bbox 2244 4417 3825 4491">
     <span class='ocr_line' id='line_1_102' title="bbox 2244 4417 3825 4491; baseline -0.006 -12"><span class='ocrx_word' id='word_1_706' title='bbox 2244 4417 2553 4480; x_wconf 78' lang='lat' dir='ltr'><strong>constanter</strong></span> <span class='ocrx_word' id='word_1_707' title='bbox 2602 4423 2805 4491; x_wconf 84' lang='lat' dir='ltr'><strong>legunt,</strong></span> <span class='ocrx_word' id='word_1_708' title='bbox 2858 4417 3089 4491; x_wconf 43' lang='lat' dir='ltr'><strong>multavit</strong></span> <span class='ocrx_word' id='word_1_709' title='bbox 3141 4418 3194 4472; x_wconf 91' lang='lat' dir='ltr'><strong>in</strong></span> <span class='ocrx_word' id='word_1_710' title='bbox 3247 4417 3427 4491; x_wconf 73' lang='lat' dir='ltr'><strong>militis</strong></span> <span class='ocrx_word' id='word_1_711' title='bbox 3455 4428 3502 4471; x_wconf 80' lang='lat' dir='ltr'><strong>et</strong></span> <span class='ocrx_word' id='word_1_712' title='bbox 3556 4418 3825 4491; x_wconf 74' lang='lat' dir='ltr'><strong>martyris.</strong></span> 
     </span>
    </p>
   </div>
   <div class='ocr_carea' id='block_1_101' title="bbox 2246 4486 3833 4557">
    <p class='ocr_par' dir='ltr' id='par_1_101' title="bbox 2246 4486 3833 4557">
     <span class='ocr_line' id='line_1_103' title="bbox 2246 4486 3833 4557; baseline -0.006 -8"><span class='ocrx_word' id='word_1_713' title='bbox 2246 4496 2389 4549; x_wconf 88' lang='lat' dir='ltr'><strong>ldem</strong></span> <span class='ocrx_word' id='word_1_714' title='bbox 2415 4486 2722 4548; x_wconf 76' lang='lat' dir='ltr'><strong>Muneratus</strong></span> <span class='ocrx_word' id='word_1_715' title='bbox 2750 4506 2874 4546; x_wconf 91' lang='lat' dir='ltr'><strong>cum</strong></span> <span class='ocrx_word' id='word_1_716' title='bbox 2914 4489 3100 4544; x_wconf 90' lang='lat' dir='ltr'><strong>Belino</strong></span> <span class='ocrx_word' id='word_1_717' title='bbox 3138 4489 3318 4557; x_wconf 91' lang='lat' dir='ltr'><strong>posuit</strong></span> <span class='ocrx_word' id='word_1_718' title='bbox 3343 4486 3833 4557; x_wconf 28' lang='lat' dir='ltr'><strong>Maximianogpro</strong></span> 
     </span>
    </p>
   </div>
   <div class='ocr_carea' id='block_1_102' title="bbox 2248 4556 3825 4625">
    <p class='ocr_par' dir='ltr' id='par_1_102' title="bbox 2248 4556 3825 4625">
     <span class='ocr_line' id='line_1_104' title="bbox 2248 4556 3825 4625; baseline -0.008 -5"><span class='ocrx_word' id='word_1_719' title='bbox 2248 4564 2503 4619; x_wconf 68' lang='lat' dir='ltr'><strong>Maximo.</strong></span> <span class='ocrx_word' id='word_1_720' title='bbox 2536 4564 2618 4617; x_wconf 90' lang='lat' dir='ltr'><strong>An</strong></span> <span class='ocrx_word' id='word_1_721' title='bbox 2669 4560 2973 4617; x_wconf 88' lang='lat' dir='ltr'><strong>Usuardum</strong></span> <span class='ocrx_word' id='word_1_722' title='bbox 3017 4574 3085 4613; x_wconf 78' lang='lat' dir='ltr'><strong>ex</strong></span> <span class='ocrx_word' id='word_1_723' title='bbox 3109 4556 3299 4612; x_wconf 86' lang='lat' dir='ltr'><strong>Adone</strong></span> <span class='ocrx_word' id='word_1_724' title='bbox 3338 4557 3614 4625; x_wconf 83' lang='lat' dir='ltr'><strong>corrigere</strong></span> <span class='ocrx_word' id='word_1_725' title='bbox 3646 4556 3825 4609; x_wconf 85' lang='lat' dir='ltr'><strong>volue-</strong></span> 
     </span>
    </p>
   </div>
   <div class='ocr_carea' id='block_1_103' title="bbox 2250 4626 3829 4699">
    <p class='ocr_par' dir='ltr' id='par_1_103' title="bbox 2250 4626 3829 4699">
     <span class='ocr_line' id='line_1_105' title="bbox 2250 4626 3829 4699; baseline -0.005 -10"><span class='ocrx_word' id='word_1_726' title='bbox 2250 4636 2380 4698; x_wconf 90' lang='lat' dir='ltr'><strong>rint,</strong></span> <span class='ocrx_word' id='word_1_727' title='bbox 2407 4634 2589 4688; x_wconf 90' lang='lat' dir='ltr'><strong>nescio</strong></span> <span class='ocrx_word' id='word_1_728' title='bbox 2615 4649 2629 4697; x_wconf 93' lang='lat'><strong>;</strong></span> <span class='ocrx_word' id='word_1_729' title='bbox 2660 4641 2817 4687; x_wconf 84' lang='lat' dir='ltr'><strong>certe</strong></span> <span class='ocrx_word' id='word_1_730' title='bbox 2838 4632 2911 4685; x_wconf 89' lang='lat' dir='ltr'><strong>ita</strong></span> <span class='ocrx_word' id='word_1_731' title='bbox 2952 4629 3081 4699; x_wconf 85' lang='lat' dir='ltr'><strong>legit</strong></span> <span class='ocrx_word' id='word_1_732' title='bbox 3108 4639 3339 4697; x_wconf 89' lang='lat' dir='ltr'><strong>utraque</strong></span> <span class='ocrx_word' id='word_1_733' title='bbox 3382 4626 3589 4682; x_wconf 85' lang='lat' dir='ltr'><strong>Adonis</strong></span> <span class='ocrx_word' id='word_1_734' title='bbox 3615 4626 3780 4682; x_wconf 87' lang='lat' dir='ltr'><strong>editio</strong></span> <span class='ocrx_word' id='word_1_735' title='bbox 3806 4642 3829 4692; x_wconf 74' lang='lat'><strong>;</strong></span> 
     </span>
    </p>
   </div>
   <div class='ocr_carea' id='block_1_104' title="bbox 2243 4699 3462 4771">
    <p class='ocr_par' dir='ltr' id='par_1_104' title="bbox 2243 4699 3462 4771">
     <span class='ocr_line' id='line_1_106' title="bbox 2243 4699 3462 4771; baseline -0.007 -11"><span class='ocrx_word' id='word_1_736' title='bbox 2243 4706 2456 4760; x_wconf 88' lang='lat' dir='ltr'><strong>codices</strong></span> <span class='ocrx_word' id='word_1_737' title='bbox 2477 4703 2650 4759; x_wconf 86' lang='lat' dir='ltr'><strong>nostri</strong></span> <span class='ocrx_word' id='word_1_738' title='bbox 2673 4701 2865 4771; x_wconf 90' lang='lat' dir='ltr'><strong>reliqui</strong></span> <span class='ocrx_word' id='word_1_739' title='bbox 2889 4714 3100 4767; x_wconf 87' lang='lat' dir='ltr'><strong>omnes,</strong></span> <span class='ocrx_word' id='word_1_740' title='bbox 3125 4707 3187 4753; x_wconf 88' lang='lat' dir='ltr'><strong>ut</strong></span> <span class='ocrx_word' id='word_1_741' title='bbox 3210 4699 3266 4753; x_wconf 89' lang='lat' dir='ltr'><strong>in</strong></span> <span class='ocrx_word' id='word_1_742' title='bbox 3294 4705 3462 4753; x_wconf 78' lang='lat' dir='ltr'><strong>textu.</strong></span> 
     </span>
    </p>
   </div>
   <div class='ocr_carea' id='block_1_105' title="bbox 1896 4815 2505 4877">
    <p class='ocr_par' dir='ltr' id='par_1_105' title="bbox 1896 4815 2505 4877">
     <span class='ocr_line' id='line_1_107' title="bbox 1896 4815 2505 4877; baseline -0.011 0"><span class='ocrx_word' id='word_1_743' title='bbox 1896 4815 2505 4877; x_wconf 81' lang='lat' dir='ltr'><strong>OBSERVATIONES.</strong></span> 
     </span>
    </p>
   </div>
   <div class='ocr_carea' id='block_1_106' title="bbox 627 4929 3829 5008">
    <p class='ocr_par' dir='ltr' id='par_1_106' title="bbox 627 4929 3829 5008">
     <span class='ocr_line' id='line_1_108' title="bbox 627 4929 3829 5008; baseline -0.004 -14"><span class='ocrx_word' id='word_1_744' title='bbox 627 4940 1033 4995; x_wconf 84' lang='lat' dir='ltr'><strong>Nobilissimum</strong></span> <span class='ocrx_word' id='word_1_745' title='bbox 1085 4948 1382 5008; x_wconf 87' lang='lat' dir='ltr'><strong>martyrum</strong></span> <span class='ocrx_word' id='word_1_746' title='bbox 1458 4937 1784 5008; x_wconf 81' lang='lat' dir='ltr'><strong>Siculorum</strong></span> <span class='ocrx_word' id='word_1_747' title='bbox 1834 4934 2132 5008; x_wconf 77' lang='lat' dir='ltr'><strong>ternarium</strong></span> <span class='ocrx_word' id='word_1_748' title='bbox 2162 4948 2211 5006; x_wconf 86' lang='grc' dir='ltr'>υ</span> <span class='ocrx_word' id='word_1_749' title='bbox 2237 4943 2549 5008; x_wconf 70' lang='lat' dir='ltr'><strong>martyrum.</strong></span> <span class='ocrx_word' id='word_1_750' title='bbox 2576 4932 2694 5008; x_wconf 80' lang='lat' dir='ltr'><strong>Atto</strong></span> <span class='ocrx_word' id='word_1_751' title='bbox 2720 4930 2887 5002; x_wconf 91' lang='lat' dir='ltr'><strong>priori</strong></span> <span class='ocrx_word' id='word_1_752' title='bbox 2918 4929 3460 5008; x_wconf 63' lang='lat' dir='ltr'><strong>llieronymianornm</strong></span> <span class='ocrx_word' id='word_1_753' title='bbox 3481 4929 3681 5008; x_wconf 80' lang='lat' dir='ltr'><strong>_ordine</strong></span> <span class='ocrx_word' id='word_1_754' title='bbox 3714 4929 3829 4984; x_wconf 71' lang='lat' dir='ltr'><strong>viu-</strong></span> 
     </span>
    </p>
   </div>
   <div class='ocr_carea' id='block_1_107' title="bbox 556 5004 2134 5083">
    <p class='ocr_par' dir='ltr' id='par_1_107' title="bbox 556 5004 2134 5083">
     <span class='ocr_line' id='line_1_109' title="bbox 556 5004 2134 5083; baseline -0.006 -17"><span class='ocrx_word' id='word_1_755' title='bbox 556 5012 760 5083; x_wconf 90' lang='lat' dir='ltr'><strong>passim</strong></span> <span class='ocrx_word' id='word_1_756' title='bbox 783 5010 1071 5083; x_wconf 83' lang='lat' dir='ltr'><strong>celebrant</strong></span> <span class='ocrx_word' id='word_1_757' title='bbox 1096 5004 1489 5083; x_wconf 70' lang='lat' dir='ltr'><strong>Latiniomnes</strong></span> <span class='ocrx_word' id='word_1_758' title='bbox 1534 5006 1898 5083; x_wconf 80' lang='lat' dir='ltr'><strong>Martyrologi.</strong></span> <span class='ocrx_word' id='word_1_759' title='bbox 1945 5004 2134 5083; x_wconf 80' lang='lat' dir='ltr'><strong>lliero-</strong></span> 
     </span>
    </p>
   </div>
   <div class='ocr_carea' id='block_1_108' title="bbox 556 5074 2135 5152">
    <p class='ocr_par' dir='ltr' id='par_1_108' title="bbox 556 5074 2135 5152">
     <span class='ocr_line' id='line_1_110' title="bbox 556 5074 2135 5152; baseline -0.006 -16"><span class='ocrx_word' id='word_1_760' title='bbox 556 5074 750 5152; x_wconf 74' lang='lat' dir='ltr'><strong>nymns</strong></span> <span class='ocrx_word' id='word_1_761' title='bbox 780 5081 1068 5152; x_wconf 85' lang='lat' dir='ltr'><strong>imprimis,</strong></span> <span class='ocrx_word' id='word_1_762' title='bbox 1110 5080 1166 5132; x_wconf 89' lang='lat' dir='ltr'><strong>in</strong></span> <span class='ocrx_word' id='word_1_763' title='bbox 1204 5080 1367 5152; x_wconf 80' lang='lat' dir='ltr'><strong>cujus</strong></span> <span class='ocrx_word' id='word_1_764' title='bbox 1396 5074 1717 5148; x_wconf 84' lang='lat' dir='ltr'><strong>apographis</strong></span> <span class='ocrx_word' id='word_1_765' title='bbox 1762 5074 1851 5152; x_wconf 62' lang='lat' dir='ltr'><strong>eaw</strong></span> <span class='ocrx_word' id='word_1_766' title='bbox 1882 5074 1993 5129; x_wconf 87' lang='lat' dir='ltr'><strong>sola</strong></span> <span class='ocrx_word' id='word_1_767' title='bbox 2043 5090 2135 5128; x_wconf 89' lang='lat' dir='ltr'><strong>oc-</strong></span> 
     </span>
    </p>
   </div>
   <div class='ocr_carea' id='block_1_109' title="bbox 555 5147 2136 5218">
    <p class='ocr_par' dir='ltr' id='par_1_109' title="bbox 555 5147 2136 5218">
     <span class='ocr_line' id='line_1_111' title="bbox 555 5147 2136 5218; baseline -0.005 -12"><span class='ocrx_word' id='word_1_768' title='bbox 555 5147 733 5206; x_wconf 80' lang='lat' dir='ltr'><strong>currit</strong></span> <span class='ocrx_word' id='word_1_769' title='bbox 763 5147 1072 5213; x_wconf 83' lang='lat' dir='ltr'><strong>diversitas,</strong></span> <span class='ocrx_word' id='word_1_770' title='bbox 1102 5150 1245 5218; x_wconf 93' lang='lat' dir='ltr'><strong>quod</strong></span> <span class='ocrx_word' id='word_1_771' title='bbox 1273 5147 1522 5202; x_wconf 86' lang='lat' dir='ltr'><strong>ultimum</strong></span> <span class='ocrx_word' id='word_1_772' title='bbox 1548 5162 1763 5218; x_wconf 88' lang='lat' dir='ltr'><strong>nomen</strong></span> <span class='ocrx_word' id='word_1_773' title='bbox 1810 5147 1864 5218; x_wconf 73' lang='lat' dir='ltr'><strong>in</strong></span> <span class='ocrx_word' id='word_1_774' title='bbox 1910 5160 2016 5198; x_wconf 90' lang='lat' dir='ltr'><strong>uno</strong></span> <span class='ocrx_word' id='word_1_775' title='bbox 2043 5152 2136 5218; x_wconf 81' lang='lat' dir='ltr'><strong>aut</strong></span> 
     </span>
    </p>
   </div>
   <div class='ocr_carea' id='block_1_110' title="bbox 555 5215 2133 5291">
    <p class='ocr_par' dir='ltr' id='par_1_110' title="bbox 555 5215 2133 5291">
     <span class='ocr_line' id='line_1_112' title="bbox 555 5215 2133 5291; baseline -0.006 -16"><span class='ocrx_word' id='word_1_776' title='bbox 555 5222 747 5286; x_wconf 87' lang='lat' dir='ltr'><strong>altero,</strong></span> <span class='ocrx_word' id='word_1_777' title='bbox 777 5234 974 5291; x_wconf 88' lang='lat' dir='ltr'><strong>genere</strong></span> <span class='ocrx_word' id='word_1_778' title='bbox 999 5215 1297 5291; x_wconf 63' lang='lat' dir='ltr'><strong>mascplino</strong></span> <span class='ocrx_word' id='word_1_779' title='bbox 1332 5217 1778 5291; x_wconf 78' lang='lat' dir='ltr'><strong>malecﬂ‘eratur,</strong></span> <span class='ocrx_word' id='word_1_780' title='bbox 1809 5215 2133 5291; x_wconf 65' lang='lat' dir='ltr'><strong>crescentias</strong></span> 
     </span>
    </p>
   </div>
   <div class='ocr_carea' id='block_1_111' title="bbox 553 5283 2136 5366">
    <p class='ocr_par' dir='ltr' id='par_1_111' title="bbox 553 5283 2136 5366">
     <span class='ocr_line' id='line_1_113' title="bbox 553 5283 2136 5366; baseline -0.004 -23"><span class='ocrx_word' id='word_1_781' title='bbox 553 5291 639 5346; x_wconf 87' lang='lat' dir='ltr'><strong>vel</strong></span> <span class='ocrx_word' id='word_1_782' title='bbox 664 5283 1077 5366; x_wconf 49' lang='lat' dir='ltr'><strong>Crescentiunus.</strong></span> <span class='ocrx_word' id='word_1_783' title='bbox 1131 5288 1292 5366; x_wconf 68' lang='lat' dir='ltr'><strong>Beda,</strong></span> <span class='ocrx_word' id='word_1_784' title='bbox 1348 5286 1745 5366; x_wconf 55' lang='lat' dir='ltr'><strong>quodunirere,</strong></span> <span class='ocrx_word' id='word_1_785' title='bbox 1799 5285 1965 5340; x_wconf 90' lang='lat' dir='ltr'><strong>solius</strong></span> <span class='ocrx_word' id='word_1_786' title='bbox 2029 5283 2136 5337; x_wconf 85' lang='lat' dir='ltr'><strong>Viti</strong></span> 
     </span>
    </p>
   </div>
   <div class='ocr_carea' id='block_1_112' title="bbox 2240 4999 3825 5073">
    <p class='ocr_par' dir='ltr' id='par_1_112' title="bbox 2240 4999 3825 5073">
     <span class='ocr_line' id='line_1_114' title="bbox 2240 4999 3825 5073; baseline -0.004 -16"><span class='ocrx_word' id='word_1_787' title='bbox 2240 4999 2444 5067; x_wconf 76' lang='lat' dir='ltr'><strong>dicato,</strong></span> <span class='ocrx_word' id='word_1_788' title='bbox 2498 4999 2772 5073; x_wconf 85' lang='lat' dir='ltr'><strong>egregiam</strong></span> <span class='ocrx_word' id='word_1_789' title='bbox 2828 5001 2993 5073; x_wconf 86' lang='lat' dir='ltr'><strong>tradit.</strong></span> <span class='ocrx_word' id='word_1_790' title='bbox 3025 4999 3301 5073; x_wconf 67' lang='lat' dir='ltr'><strong>Actorum</strong></span> <span class='ocrx_word' id='word_1_791' title='bbox 3370 4999 3825 5073; x_wconf 80' lang='lat' dir='ltr'><strong>qualiumcunque</strong></span> 
     </span>
    </p>
   </div>
   <div class='ocr_carea' id='block_1_113' title="bbox 2238 5075 2598 5143">
    <p class='ocr_par' dir='ltr' id='par_1_113' title="bbox 2238 5075 2598 5143">
     <span class='ocr_line' id='line_1_115' title="bbox 2238 5075 2598 5143; baseline -0.003 -15"><span class='ocrx_word' id='word_1_792' title='bbox 2238 5075 2533 5143; x_wconf 89' lang='lat' dir='ltr'><strong>epitomen,</strong></span> <span class='ocrx_word' id='word_1_793' title='bbox 2569 5090 2598 5127; x_wconf 87' lang='lat' dir='ltr'><strong>a</strong></span> 
     </span>
    </p>
   </div>
   <div class='ocr_carea' id='block_1_114' title="bbox 2240 5141 3825 5213">
    <p class='ocr_par' dir='ltr' id='par_1_114' title="bbox 2240 5141 3825 5213">
     <span class='ocr_line' id='line_1_116' title="bbox 2240 5141 3825 5213; baseline -0.003 -15"><span class='ocrx_word' id='word_1_794' title='bbox 2240 5141 2553 5213; x_wconf 81' lang='lat' dir='ltr'><strong>pebrochio,</strong></span> <span class='ocrx_word' id='word_1_795' title='bbox 2592 5159 2658 5196; x_wconf 82' lang='lat' dir='ltr'><strong>ex</strong></span> <span class='ocrx_word' id='word_1_796' title='bbox 2687 5158 2793 5213; x_wconf 89' lang='lat' dir='ltr'><strong>qua</strong></span> <span class='ocrx_word' id='word_1_797' title='bbox 2843 5141 3044 5196; x_wconf 86' lang='lat' dir='ltr'><strong>Noster</strong></span> <span class='ocrx_word' id='word_1_798' title='bbox 3076 5141 3518 5213; x_wconf 78' lang='lat' dir='ltr'><strong>compendiosius</strong></span> <span class='ocrx_word' id='word_1_799' title='bbox 3548 5156 3709 5195; x_wconf 91' lang='lat' dir='ltr'><strong>suum</strong></span> <span class='ocrx_word' id='word_1_800' title='bbox 3735 5155 3825 5194; x_wconf 82' lang='lat' dir='ltr'><strong>en-</strong></span> 
     </span>
    </p>
   </div>
   <div class='ocr_carea' id='block_1_115' title="bbox 2240 5210 3826 5281">
    <p class='ocr_par' dir='ltr' id='par_1_115' title="bbox 2240 5210 3826 5281">
     <span class='ocr_line' id='line_1_117' title="bbox 2240 5210 3826 5281; baseline -0.006 -12"><span class='ocrx_word' id='word_1_801' title='bbox 2240 5210 2476 5269; x_wconf 75' lang='lat' dir='ltr'><strong>comium</strong></span> <span class='ocrx_word' id='word_1_802' title='bbox 2506 5210 3046 5267; x_wconf 77' lang='lat' dir='ltr'><strong>nitidissimetexuit.</strong></span> <span class='ocrx_word' id='word_1_803' title='bbox 3075 5211 3150 5266; x_wconf 84' lang='lat' dir='ltr'><strong>De</strong></span> <span class='ocrx_word' id='word_1_804' title='bbox 3177 5211 3448 5281; x_wconf 68' lang='lat' dir='ltr'><strong>palaestra,</strong></span> <span class='ocrx_word' id='word_1_805' title='bbox 3479 5210 3535 5281; x_wconf 80' lang='lat' dir='ltr'><strong>in</strong></span> <span class='ocrx_word' id='word_1_806' title='bbox 3559 5226 3667 5280; x_wconf 88' lang='lat' dir='ltr'><strong>qua</strong></span> <span class='ocrx_word' id='word_1_807' title='bbox 3695 5225 3826 5262; x_wconf 85' lang='lat' dir='ltr'><strong>mar-</strong></span> 
     </span>
    </p>
   </div>
   <div class='ocr_carea' id='block_1_116' title="bbox 2679 5069 3823 5135">
    <p class='ocr_par' dir='ltr' id='par_1_116' title="bbox 2679 5069 3823 5135">
     <span class='ocr_line' id='line_1_118' title="bbox 2679 5069 3823 5135; baseline -0.005 -8"><span class='ocrx_word' id='word_1_808' title='bbox 2679 5072 2971 5127; x_wconf 90' lang='lat' dir='ltr'><strong>lorentinio</strong></span> <span class='ocrx_word' id='word_1_809' title='bbox 3024 5071 3317 5135; x_wconf 88' lang='lat' dir='ltr'><strong>laudatam,</strong></span> <span class='ocrx_word' id='word_1_810' title='bbox 3356 5069 3642 5124; x_wconf 88' lang='lat' dir='ltr'><strong>recitatam</strong></span> <span class='ocrx_word' id='word_1_811' title='bbox 3668 5085 3700 5125; x_wconf 72' lang='grc' dir='ltr'><strong><em>ι</em></strong></span> <span class='ocrx_word' id='word_1_812' title='bbox 3725 5070 3823 5123; x_wconf 81' lang='lat' dir='ltr'><strong>Pa-</strong></span> 
     </span>
    </p>
   </div>
   <div class='ocr_carea' id='block_1_117' title="bbox 2243 5279 3820 5364">
    <p class='ocr_par' dir='ltr' id='par_1_117' title="bbox 2243 5279 3820 5364">
     <span class='ocr_line' id='line_1_119' title="bbox 2243 5279 3820 5364; baseline -0.006 -26"><span class='ocrx_word' id='word_1_813' title='bbox 2243 5294 2387 5364; x_wconf 77' lang='lat' dir='ltr'><strong>tyres</strong></span> <span class='ocrx_word' id='word_1_814' title='bbox 2407 5285 2754 5342; x_wconf 81' lang='lat' dir='ltr'><strong>certaverint.</strong></span> <span class='ocrx_word' id='word_1_815' title='bbox 2783 5298 3082 5362; x_wconf 38' lang='lat' dir='ltr'><strong>noti-unam.</strong></span> <span class='ocrx_word' id='word_1_816' title='bbox 3102 5279 3463 5360; x_wconf 68' lang='lat' dir='ltr'><strong>recentiorum</strong></span> <span class='ocrx_word' id='word_1_817' title='bbox 3488 5279 3820 5358; x_wconf 82' lang='lat' dir='ltr'><strong>Scriptorum</strong></span> 
     </span>
    </p>
   </div>
  </div>
