  <div class='ocr_page' id='page_1' title='image "/cluster/home/n/w/nwhite01/storage/ocr_20150623/124/hvd.32044011218096/304.png"; bbox 0 0 3898 5338; ppageno 0'>
   <div class='ocr_carea' id='block_1_1' title="bbox 58 264 3343 330">
    <p class='ocr_par' dir='ltr' id='par_1_1' title="bbox 58 264 3343 330">
     <span class='ocr_line' id='line_1_1' title="bbox 58 264 3343 330; baseline -0.002 0"><span class='ocrx_word' id='word_1_1' title='bbox 58 273 169 330; x_wconf 81' lang='grc'><strong>59⁸1</strong></span> <span class='ocrx_word' id='word_1_2' title='bbox 1101 264 1722 324; x_wconf 72' lang='lat' dir='ltr'><strong>MARTYROLOGIUM.</strong></span> <span class='ocrx_word' id='word_1_3' title='bbox 1758 296 1832 308; x_wconf 93' lang='lat'>—</span> <span class='ocrx_word' id='word_1_4' title='bbox 1867 266 2074 324; x_wconf 78' lang='lat' dir='ltr'><strong>MENS.</strong></span> <span class='ocrx_word' id='word_1_5' title='bbox 2114 267 2270 325; x_wconf 88' lang='lat' dir='ltr'><strong>OCT.</strong></span> <span class='ocrx_word' id='word_1_6' title='bbox 3236 268 3343 326; x_wconf 74' lang='lat'><strong>598</strong></span> 
     </span>
    </p>
   </div>
   <div class='ocr_carea' id='block_1_2' title="bbox 57 377 3346 500">
    <p class='ocr_par' dir='ltr' id='par_1_2' title="bbox 57 377 3346 500">
     <span class='ocr_line' id='line_1_2' title="bbox 57 377 3346 500; baseline 0.001 -66"><span class='ocrx_word' id='word_1_7' title='bbox 57 388 348 462; x_wconf 75' lang='lat' dir='ltr'><strong>ageretur,</strong></span> <span class='ocrx_word' id='word_1_8' title='bbox 383 386 740 436; x_wconf 74' lang='lat' dir='ltr'><strong>transmutata</strong></span> <span class='ocrx_word' id='word_1_9' title='bbox 759 387 845 434; x_wconf 89' lang='lat' dir='ltr'><strong>est</strong></span> <span class='ocrx_word' id='word_1_10' title='bbox 867 394 960 433; x_wconf 74' lang='lat' dir='ltr'><strong>xw</strong></span> <span class='ocrx_word' id='word_1_11' title='bbox 987 378 1104 432; x_wconf 80' lang='lat' dir='ltr'><strong>Kal.</strong></span> <span class='ocrx_word' id='word_1_12' title='bbox 1129 377 1389 434; x_wconf 84' lang='lat' dir='ltr'><strong>Novemb.</strong></span> <span class='ocrx_word' id='word_1_13' title='bbox 1419 391 1485 433; x_wconf 84' lang='lat' dir='ltr'><strong>eo</strong></span> <span class='ocrx_word' id='word_1_14' title='bbox 1509 377 1653 500; x_wconf 74' lang='lat' dir='ltr'><strong>quod</strong></span> <span class='ocrx_word' id='word_1_15' title='bbox 1679 384 1730 440; x_wconf 79' lang='grc' dir='ltr'>Α</span> <span class='ocrx_word' id='word_1_16' title='bbox 1757 378 2062 462; x_wconf 44' lang='grc' dir='ltr'><strong>ἀείημγρὶξ</strong></span> <span class='ocrx_word' id='word_1_17' title='bbox 2083 379 2402 460; x_wconf 83' lang='lat' dir='ltr'><strong>minoribus,</strong></span> <span class='ocrx_word' id='word_1_18' title='bbox 2424 380 2800 461; x_wconf 47' lang='lat' dir='ltr'><strong>.Eboramst&#39;s</strong></span> <span class='ocrx_word' id='word_1_19' title='bbox 2850 379 3256 500; x_wconf 48' lang='lat' dir='ltr'><strong>ETEbroitensis].</strong></span> <span class='ocrx_word' id='word_1_20' title='bbox 3284 383 3346 439; x_wconf 89' lang='lat' dir='ltr'><strong>In</strong></span> 
     </span>
     <span class='ocr_line' id='line_1_3' title="bbox 58 447 3342 500; baseline 0 0"><span class='ocrx_word' id='word_1_21' title='bbox 58 464 184 500; x_wconf 72' lang='lat' dir='ltr'><strong>roso</strong></span> <span class='ocrx_word' id='word_1_22' title='bbox 213 451 308 500; x_wconf 75' lang='lat' dir='ltr'><strong>die</strong></span> <span class='ocrx_word' id='word_1_23' title='bbox 337 451 602 500; x_wconf 77' lang='lat' dir='ltr'><strong>translata</strong></span> <span class='ocrx_word' id='word_1_24' title='bbox 647 459 774 500; x_wconf 88' lang='lat' dir='ltr'><strong>sunt</strong></span> <span class='ocrx_word' id='word_1_25' title='bbox 812 463 1040 500; x_wconf 75' lang='lat' dir='ltr'><strong>corpora</strong></span> <span class='ocrx_word' id='word_1_26' title='bbox 1071 463 1282 500; x_wconf 89' lang='lat' dir='ltr'><strong>eorum.</strong></span> <span class='ocrx_word' id='word_1_27' title='bbox 1311 457 1367 500; x_wconf 88' lang='lat' dir='ltr'><strong>et</strong></span> <span class='ocrx_word' id='word_1_28' title='bbox 1390 462 1526 500; x_wconf 66' lang='lat' dir='ltr'><strong>anne</strong></span> <span class='ocrx_word' id='word_1_29' title='bbox 1549 461 1646 500; x_wconf 63' lang='lat' dir='ltr'><strong>lca:</strong></span> <span class='ocrx_word' id='word_1_30' title='bbox 1752 447 1965 500; x_wconf 66' lang='lat' dir='ltr'><strong>Analta.</strong></span> <span class='ocrx_word' id='word_1_31' title='bbox 2015 457 2235 500; x_wconf 84' lang='lat' dir='ltr'><strong>cmtate</strong></span> <span class='ocrx_word' id='word_1_32' title='bbox 2264 449 2580 500; x_wconf 78' lang='lat' dir='ltr'><strong>Oxomenst-</strong></span> <span class='ocrx_word' id='word_1_33' title='bbox 2622 461 2825 500; x_wconf 70' lang='lat' dir='ltr'><strong>sanctm</strong></span> <span class='ocrx_word' id='word_1_34' title='bbox 2889 452 3204 500; x_wconf 77' lang='lat' dir='ltr'><strong>-redeswide</strong></span> <span class='ocrx_word' id='word_1_35' title='bbox 3225 452 3342 500; x_wconf 82' lang='lat' dir='ltr'><strong>vir-</strong></span> 
     </span>
    </p>
   </div>
   <div class='ocr_carea' id='block_1_3' title="bbox 58 446 3342 519">
    <p class='ocr_par' dir='ltr' id='par_1_3' title="bbox 58 446 3342 519">
     <span class='ocr_line' id='line_1_4' title="bbox 58 446 3342 519; baseline 0.001 -15"><span class='ocrx_word' id='word_1_36' title='bbox 58 446 184 519; x_wconf 69' lang='lat' dir='ltr'><strong>ipso</strong></span> <span class='ocrx_word' id='word_1_37' title='bbox 213 451 308 506; x_wconf 87' lang='lat' dir='ltr'><strong>die</strong></span> <span class='ocrx_word' id='word_1_38' title='bbox 337 451 602 506; x_wconf 84' lang='lat' dir='ltr'><strong>translata</strong></span> <span class='ocrx_word' id='word_1_39' title='bbox 647 459 774 504; x_wconf 91' lang='lat' dir='ltr'><strong>sunt</strong></span> <span class='ocrx_word' id='word_1_40' title='bbox 812 463 1040 518; x_wconf 84' lang='lat' dir='ltr'><strong>corpora</strong></span> <span class='ocrx_word' id='word_1_41' title='bbox 1071 463 1282 519; x_wconf 86' lang='lat' dir='ltr'><strong>eorum,</strong></span> <span class='ocrx_word' id='word_1_42' title='bbox 1311 457 1367 501; x_wconf 89' lang='lat' dir='ltr'><strong>et</strong></span> <span class='ocrx_word' id='word_1_43' title='bbox 1390 446 1646 519; x_wconf 64' lang='lat' dir='ltr'><strong>angelica:</strong></span> <span class='ocrx_word' id='word_1_44' title='bbox 1752 446 1988 518; x_wconf 53' lang='lat' dir='ltr'><strong>Anglia,</strong></span> <span class='ocrx_word' id='word_1_45' title='bbox 2015 450 2235 519; x_wconf 78' lang='lat' dir='ltr'><strong>civitate</strong></span> <span class='ocrx_word' id='word_1_46' title='bbox 2264 449 2580 514; x_wconf 80' lang='lat' dir='ltr'><strong>Oxoniensi,</strong></span> <span class='ocrx_word' id='word_1_47' title='bbox 2622 461 2825 506; x_wconf 80' lang='lat' dir='ltr'><strong>sach</strong></span> <span class='ocrx_word' id='word_1_48' title='bbox 2850 446 3342 508; x_wconf 60' lang='lat' dir='ltr'><strong>F-redeswide&#39;vir-</strong></span> 
     </span>
    </p>
   </div>
   <div class='ocr_carea' id='block_1_4' title="bbox 54 516 3344 588">
    <p class='ocr_par' dir='ltr' id='par_1_4' title="bbox 54 516 3344 588">
     <span class='ocr_line' id='line_1_5' title="bbox 54 516 3344 588; baseline 0.002 -15"><span class='ocrx_word' id='word_1_49' title='bbox 54 516 233 575; x_wconf 75' lang='lat' dir='ltr'><strong>voces</strong></span> <span class='ocrx_word' id='word_1_50' title='bbox 263 529 390 575; x_wconf 91' lang='lat' dir='ltr'><strong>sunt</strong></span> <span class='ocrx_word' id='word_1_51' title='bbox 419 522 638 580; x_wconf 63' lang='lat' dir='ltr'><strong>auditas,</strong></span> <span class='ocrx_word' id='word_1_52' title='bbox 670 522 812 574; x_wconf 86' lang='lat' dir='ltr'><strong>sicut</strong></span> <span class='ocrx_word' id='word_1_53' title='bbox 839 519 894 573; x_wconf 90' lang='lat' dir='ltr'><strong>in</strong></span> <span class='ocrx_word' id='word_1_54' title='bbox 911 516 1280 588; x_wconf 69' lang='lat' dir='ltr'><strong>translatione</strong></span> <span class='ocrx_word' id='word_1_55' title='bbox 1305 531 1492 588; x_wconf 86' lang='lat' dir='ltr'><strong>eorum</strong></span> <span class='ocrx_word' id='word_1_56' title='bbox 1520 516 1650 588; x_wconf 84' lang='lat' dir='ltr'><strong>legi-</strong></span> <span class='ocrx_word' id='word_1_57' title='bbox 1753 516 1912 588; x_wconf 85' lang='lat' dir='ltr'><strong>ginis.</strong></span> <span class='ocrx_word' id='word_1_58' title='bbox 1951 537 1970 570; x_wconf 74' lang='grc' dir='ltr'><strong>ι</strong></span> <span class='ocrx_word' id='word_1_59' title='bbox 2014 517 2290 574; x_wconf 87' lang='lat' dir='ltr'><strong>Editiones</strong></span> <span class='ocrx_word' id='word_1_60' title='bbox 2335 519 2454 574; x_wconf 64' lang='lat' dir='ltr'><strong>alia:</strong></span> <span class='ocrx_word' id='word_1_61' title='bbox 2486 519 2688 574; x_wconf 87' lang='lat' dir='ltr'><strong>habent</strong></span> <span class='ocrx_word' id='word_1_62' title='bbox 2725 537 2739 574; x_wconf 88' lang='lat'>:</span> <span class='ocrx_word' id='word_1_63' title='bbox 2778 539 2798 573; x_wconf 81' lang='grc' dir='ltr'><strong>ι</strong></span> <span class='ocrx_word' id='word_1_64' title='bbox 2839 522 3121 588; x_wconf 79' lang='lat' dir='ltr'><strong>Ebroicas,</strong></span> <span class='ocrx_word' id='word_1_65' title='bbox 3163 523 3344 578; x_wconf 91' lang='lat' dir='ltr'><strong>sancti</strong></span> 
     </span>
    </p>
   </div>
   <div class='ocr_carea' id='block_1_5' title="bbox 55 586 3344 658">
    <p class='ocr_par' dir='ltr' id='par_1_5' title="bbox 55 586 3344 658">
     <span class='ocr_line' id='line_1_6' title="bbox 55 586 3344 658; baseline 0.002 -17"><span class='ocrx_word' id='word_1_66' title='bbox 55 598 170 642; x_wconf 92' lang='lat' dir='ltr'><strong>tur.</strong></span> <span class='ocrx_word' id='word_1_67' title='bbox 245 589 459 654; x_wconf 89' lang='lat' dir='ltr'><strong>Duaco,</strong></span> <span class='ocrx_word' id='word_1_68' title='bbox 516 589 796 644; x_wconf 77' lang='lat' dir='ltr'><strong>translatio</strong></span> <span class='ocrx_word' id='word_1_69' title='bbox 847 590 1021 644; x_wconf 79' lang='lat' dir='ltr'><strong>sancti</strong></span> <span class='ocrx_word' id='word_1_70' title='bbox 1071 587 1249 658; x_wconf 86' lang='lat' dir='ltr'><strong>Amati</strong></span> <span class='ocrx_word' id='word_1_71' title='bbox 1306 586 1680 658; x_wconf 23' lang='lat' dir='ltr'><strong>episcopi‘et,</strong></span> <span class='ocrx_word' id='word_1_72' title='bbox 1750 587 2012 658; x_wconf 83' lang='lat' dir='ltr'><strong>Aquilini,</strong></span> <span class='ocrx_word' id='word_1_73' title='bbox 2072 589 2310 658; x_wconf 90' lang='lat' dir='ltr'><strong>episcopi</strong></span> <span class='ocrx_word' id='word_1_74' title='bbox 2365 598 2419 644; x_wconf 90' lang='lat' dir='ltr'><strong>et</strong></span> <span class='ocrx_word' id='word_1_75' title='bbox 2452 590 2802 644; x_wconf 85' lang='lat' dir='ltr'><strong>confessoris.</strong></span> <span class='ocrx_word' id='word_1_76' title='bbox 2861 586 3344 654; x_wconf 31' lang='lat' dir='ltr'><strong>Oxonia&#39;sanctaa</strong></span> 
     </span>
    </p>
   </div>
   <div class='ocr_carea' id='block_1_6' title="bbox 52 655 1646 729">
    <p class='ocr_par' dir='ltr' id='par_1_6' title="bbox 52 655 1646 729">
     <span class='ocr_line' id='line_1_7' title="bbox 52 655 1646 729; baseline -0.002 -18"><span class='ocrx_word' id='word_1_77' title='bbox 52 658 419 714; x_wconf 88' lang='lat' dir='ltr'><strong>confessoris.</strong></span> <span class='ocrx_word' id='word_1_78' title='bbox 451 661 553 727; x_wconf 87' lang='lat' dir='ltr'><strong>Qui</strong></span> <span class='ocrx_word' id='word_1_79' title='bbox 596 671 879 729; x_wconf 83' lang='lat' dir='ltr'><strong>postquam</strong></span> <span class='ocrx_word' id='word_1_80' title='bbox 906 657 1196 729; x_wconf 74' lang='lat' dir='ltr'><strong>execrabili</strong></span> <span class='ocrx_word' id='word_1_81' title='bbox 1217 655 1370 724; x_wconf 91' lang='lat' dir='ltr'><strong>jussu</strong></span> <span class='ocrx_word' id='word_1_82' title='bbox 1399 655 1646 729; x_wconf 81' lang='lat' dir='ltr'><strong>Theodo-</strong></span> 
     </span>
    </p>
   </div>
   <div class='ocr_carea' id='block_1_7' title="bbox 54 726 1648 799">
    <p class='ocr_par' dir='ltr' id='par_1_7' title="bbox 54 726 1648 799">
     <span class='ocr_line' id='line_1_8' title="bbox 54 726 1648 799; baseline -0.002 -19"><span class='ocrx_word' id='word_1_83' title='bbox 54 729 155 781; x_wconf 91' lang='lat' dir='ltr'><strong>rici</strong></span> <span class='ocrx_word' id='word_1_84' title='bbox 217 729 388 799; x_wconf 77' lang='lat' dir='ltr'><strong>regis,</strong></span> <span class='ocrx_word' id='word_1_85' title='bbox 436 726 748 799; x_wconf 31' lang='lat' dir='ltr'><strong>gregi&#39;suo’</strong></span> <span class='ocrx_word' id='word_1_86' title='bbox 776 728 1097 799; x_wconf 73' lang='lat' dir='ltr'><strong>condolens,</strong></span> <span class='ocrx_word' id='word_1_87' title='bbox 1131 729 1230 799; x_wconf 83' lang='lat' dir='ltr'><strong>sed</strong></span> <span class='ocrx_word' id='word_1_88' title='bbox 1264 726 1648 799; x_wconf 85' lang='lat' dir='ltr'><strong>commendans</strong></span> 
     </span>
    </p>
   </div>
   <div class='ocr_carea' id='block_1_8' title="bbox 52 797 1646 866">
    <p class='ocr_par' dir='ltr' id='par_1_8' title="bbox 52 797 1646 866">
     <span class='ocr_line' id='line_1_9' title="bbox 52 797 1646 866; baseline -0.003 -16"><span class='ocrx_word' id='word_1_89' title='bbox 52 797 600 862; x_wconf 29' lang='lat' dir='ltr'><strong>sanctte‘Tritiitati,</strong></span> <span class='ocrx_word' id='word_1_90' title='bbox 648 799 1016 866; x_wconf 79' lang='lat' dir='ltr'><strong>episcopatum</strong></span> <span class='ocrx_word' id='word_1_91' title='bbox 1069 797 1378 865; x_wconf 89' lang='lat' dir='ltr'><strong>dereliquit,</strong></span> <span class='ocrx_word' id='word_1_92' title='bbox 1427 809 1646 848; x_wconf 89' lang='lat' dir='ltr'><strong>carnem</strong></span> 
     </span>
    </p>
   </div>
   <div class='ocr_carea' id='block_1_9' title="bbox 51 866 1646 936">
    <p class='ocr_par' dir='ltr' id='par_1_9' title="bbox 51 866 1646 936">
     <span class='ocr_line' id='line_1_10' title="bbox 51 866 1646 936; baseline -0.003 -17"><span class='ocrx_word' id='word_1_93' title='bbox 51 882 221 919; x_wconf 89' lang='lat' dir='ltr'><strong>suam</strong></span> <span class='ocrx_word' id='word_1_94' title='bbox 265 870 612 928; x_wconf 85' lang='lat' dir='ltr'><strong>macerando,</strong></span> <span class='ocrx_word' id='word_1_95' title='bbox 655 867 851 921; x_wconf 88' lang='lat' dir='ltr'><strong>multas</strong></span> <span class='ocrx_word' id='word_1_96' title='bbox 878 867 1154 935; x_wconf 84' lang='lat' dir='ltr'><strong>passiones</strong></span> <span class='ocrx_word' id='word_1_97' title='bbox 1193 882 1290 936; x_wconf 88' lang='lat' dir='ltr'><strong>pro</strong></span> <span class='ocrx_word' id='word_1_98' title='bbox 1313 866 1529 920; x_wconf 84' lang='lat' dir='ltr'><strong>Christo</strong></span> <span class='ocrx_word' id='word_1_99' title='bbox 1555 879 1646 936; x_wconf 80' lang='lat' dir='ltr'><strong>su-</strong></span> 
     </span>
    </p>
   </div>
   <div class='ocr_carea' id='block_1_10' title="bbox 51 933 1644 1008">
    <p class='ocr_par' dir='ltr' id='par_1_10' title="bbox 51 933 1644 1008">
     <span class='ocr_line' id='line_1_11' title="bbox 51 933 1644 1008; baseline -0.001 -20"><span class='ocrx_word' id='word_1_100' title='bbox 51 937 280 989; x_wconf 89' lang='lat' dir='ltr'><strong>stinuit.</strong></span> <span class='ocrx_word' id='word_1_101' title='bbox 319 939 387 992; x_wconf 82' lang='lat' dir='ltr'><strong>Et</strong></span> <span class='ocrx_word' id='word_1_102' title='bbox 430 939 605 992; x_wconf 91' lang='lat' dir='ltr'><strong>sancti</strong></span> <span class='ocrx_word' id='word_1_103' title='bbox 649 933 890 1006; x_wconf 84' lang='lat' dir='ltr'><strong>Aquilini</strong></span> <span class='ocrx_word' id='word_1_104' title='bbox 916 937 1155 1008; x_wconf 89' lang='lat' dir='ltr'><strong>episcopi</strong></span> <span class='ocrx_word' id='word_1_105' title='bbox 1191 933 1246 990; x_wconf 80' lang='lat' dir='ltr'><strong>et</strong></span> <span class='ocrx_word' id='word_1_106' title='bbox 1273 933 1644 991; x_wconf 75' lang='lat' dir='ltr'><strong>confessoris:</strong></span> 
     </span>
    </p>
   </div>
   <div class='ocr_carea' id='block_1_11' title="bbox 52 1063 3340 1126">
    <p class='ocr_par' dir='ltr' id='par_1_11' title="bbox 52 1063 3340 1126">
     <span class='ocr_line' id='line_1_12' title="bbox 52 1063 3340 1126; baseline -0.001 -2"><span class='ocrx_word' id='word_1_107' title='bbox 52 1071 174 1125; x_wconf 74' lang='lat' dir='ltr'><strong>XIII</strong></span> <span class='ocrx_word' id='word_1_108' title='bbox 222 1070 357 1126; x_wconf 82' lang='lat' dir='ltr'><strong>Kal.</strong></span> <span class='ocrx_word' id='word_1_109' title='bbox 3110 1065 3212 1121; x_wconf 84' lang='lat' dir='ltr'><strong>Die</strong></span> <span class='ocrx_word' id='word_1_110' title='bbox 3245 1063 3340 1121; x_wconf 70' lang='lat'><strong>20.</strong></span> 
     </span>
    </p>
   </div>
   <div class='ocr_carea' id='block_1_12' title="bbox 125 1153 3343 1231">
    <p class='ocr_par' dir='ltr' id='par_1_12' title="bbox 125 1153 3343 1231">
     <span class='ocr_line' id='line_1_13' title="bbox 125 1153 3343 1231; baseline -0.001 -17"><span class='ocrx_word' id='word_1_111' title='bbox 125 1161 295 1231; x_wconf 90' lang='lat' dir='ltr'><strong>Apud</strong></span> <span class='ocrx_word' id='word_1_112' title='bbox 323 1161 612 1216; x_wconf 83' lang='lat' dir='ltr'><strong>Aviensem</strong></span> <span class='ocrx_word' id='word_1_113' title='bbox 639 1157 997 1229; x_wconf 84' lang='lat' dir='ltr'><strong>provinciam,</strong></span> <span class='ocrx_word' id='word_1_114' title='bbox 1021 1155 1216 1210; x_wconf 80' lang='lat' dir='ltr'><strong>natalis</strong></span> <span class='ocrx_word' id='word_1_115' title='bbox 1237 1156 1381 1211; x_wconf 88' lang='lat' dir='ltr'><strong>beati</strong></span> <span class='ocrx_word' id='word_1_116' title='bbox 1404 1155 1622 1210; x_wconf 80' lang='lat' dir='ltr'><strong>Maximi</strong></span> <span class='ocrx_word' id='word_1_117' title='bbox 1644 1154 1821 1210; x_wconf 60' lang='lat' dir='ltr'><strong>levitas</strong></span> <span class='ocrx_word' id='word_1_118' title='bbox 1847 1165 1901 1210; x_wconf 89' lang='lat' dir='ltr'><strong>et</strong></span> <span class='ocrx_word' id='word_1_119' title='bbox 1929 1153 2206 1228; x_wconf 86' lang='lat' dir='ltr'><strong>martyris,</strong></span> <span class='ocrx_word' id='word_1_120' title='bbox 2236 1156 2328 1226; x_wconf 86' lang='lat' dir='ltr'><strong>qui</strong></span> <span class='ocrx_word' id='word_1_121' title='bbox 2360 1155 2605 1226; x_wconf 87' lang='lat' dir='ltr'><strong>patiendi</strong></span> <span class='ocrx_word' id='word_1_122' title='bbox 2626 1154 2916 1222; x_wconf 88' lang='lat' dir='ltr'><strong>desiderio,</strong></span> <span class='ocrx_word' id='word_1_123' title='bbox 2941 1155 3343 1230; x_wconf 82' lang='lat' dir='ltr'><strong>inquirentibus</strong></span> 
     </span>
    </p>
   </div>
   <div class='ocr_carea' id='block_1_13' title="bbox 48 1242 3334 1323">
    <p class='ocr_par' dir='ltr' id='par_1_13' title="bbox 48 1242 3334 1323">
     <span class='ocr_line' id='line_1_14' title="bbox 48 1242 3334 1323; baseline -0.003 -14"><span class='ocrx_word' id='word_1_124' title='bbox 48 1270 111 1309; x_wconf 87' lang='lat' dir='ltr'><strong>se</strong></span> <span class='ocrx_word' id='word_1_125' title='bbox 139 1253 592 1323; x_wconf 84' lang='lat' dir='ltr'><strong>persecutoribus</strong></span> <span class='ocrx_word' id='word_1_126' title='bbox 616 1251 791 1322; x_wconf 89' lang='lat' dir='ltr'><strong>palam</strong></span> <span class='ocrx_word' id='word_1_127' title='bbox 820 1248 1073 1312; x_wconf 87' lang='lat' dir='ltr'><strong>ostendit,</strong></span> <span class='ocrx_word' id='word_1_128' title='bbox 1103 1257 1159 1303; x_wconf 92' lang='lat' dir='ltr'><strong>et</strong></span> <span class='ocrx_word' id='word_1_129' title='bbox 1179 1256 1300 1317; x_wconf 88' lang='lat' dir='ltr'><strong>post</strong></span> <span class='ocrx_word' id='word_1_130' title='bbox 1321 1248 1730 1318; x_wconf 83' lang='lat' dir='ltr'><strong>responsionum</strong></span> <span class='ocrx_word' id='word_1_131' title='bbox 1763 1249 2145 1315; x_wconf 88' lang='lat' dir='ltr'><strong>constantiam,</strong></span> <span class='ocrx_word' id='word_1_132' title='bbox 2191 1247 2420 1318; x_wconf 85' lang='lat' dir='ltr'><strong>equuleo</strong></span> <span class='ocrx_word' id='word_1_133' title='bbox 2448 1242 2746 1317; x_wconf 76' lang='lat' dir='ltr'><strong>suspenSus</strong></span> <span class='ocrx_word' id='word_1_134' title='bbox 2769 1265 2833 1303; x_wconf 88' lang='lat' dir='ltr'><strong>ac</strong></span> <span class='ocrx_word' id='word_1_135' title='bbox 2865 1256 3062 1313; x_wconf 87' lang='lat' dir='ltr'><strong>tortus,</strong></span> <span class='ocrx_word' id='word_1_136' title='bbox 3093 1246 3219 1302; x_wconf 88' lang='lat' dir='ltr'><strong>dein</strong></span> <span class='ocrx_word' id='word_1_137' title='bbox 3249 1244 3334 1300; x_wconf 83' lang='lat' dir='ltr'><strong>fu-</strong></span> 
     </span>
    </p>
   </div>
   <div class='ocr_carea' id='block_1_14' title="bbox 48 1339 3336 1414">
    <p class='ocr_par' dir='ltr' id='par_1_14' title="bbox 48 1339 3336 1414">
     <span class='ocr_line' id='line_1_15' title="bbox 48 1339 3336 1414; baseline -0.002 -12"><span class='ocrx_word' id='word_1_138' title='bbox 48 1349 233 1402; x_wconf 88' lang='lat' dir='ltr'><strong>stibus</strong></span> <span class='ocrx_word' id='word_1_139' title='bbox 261 1362 442 1402; x_wconf 64' lang='lat' dir='ltr'><strong>casus</strong></span> <span class='ocrx_word' id='word_1_140' title='bbox 460 1355 515 1400; x_wconf 90' lang='lat' dir='ltr'><strong>et</strong></span> <span class='ocrx_word' id='word_1_141' title='bbox 541 1345 608 1398; x_wconf 85' lang='lat' dir='ltr'><strong>ad</strong></span> <span class='ocrx_word' id='word_1_142' title='bbox 631 1344 879 1398; x_wconf 90' lang='lat' dir='ltr'><strong>ultimum</strong></span> <span class='ocrx_word' id='word_1_143' title='bbox 913 1341 1141 1397; x_wconf 89' lang='lat' dir='ltr'><strong>obrutus</strong></span> <span class='ocrx_word' id='word_1_144' title='bbox 1163 1341 1438 1397; x_wconf 87' lang='lat' dir='ltr'><strong>occubuit.</strong></span> <span class='ocrx_word' id='word_1_145' title='bbox 1469 1341 1527 1396; x_wconf 91' lang='lat' dir='ltr'><strong>In</strong></span> <span class='ocrx_word' id='word_1_146' title='bbox 1547 1339 1739 1397; x_wconf 86' lang='lat' dir='ltr'><strong>Galliis</strong></span> <span class='ocrx_word' id='word_1_147' title='bbox 1763 1342 1981 1396; x_wconf 87' lang='lat' dir='ltr'><strong>civitate</strong></span> <span class='ocrx_word' id='word_1_148' title='bbox 2013 1341 2259 1411; x_wconf 86' lang='lat' dir='ltr'><strong>Agenno,</strong></span> <span class='ocrx_word' id='word_1_149' title='bbox 2288 1342 2464 1397; x_wconf 86' lang='lat' dir='ltr'><strong>sancti</strong></span> <span class='ocrx_word' id='word_1_150' title='bbox 2501 1342 2742 1412; x_wconf 80' lang='lat' dir='ltr'><strong>Caprasii</strong></span> <span class='ocrx_word' id='word_1_151' title='bbox 2775 1343 3050 1414; x_wconf 87' lang='lat' dir='ltr'><strong>martyris,</strong></span> <span class='ocrx_word' id='word_1_152' title='bbox 3076 1345 3169 1413; x_wconf 91' lang='lat' dir='ltr'><strong>qui</strong></span> <span class='ocrx_word' id='word_1_153' title='bbox 3203 1356 3336 1396; x_wconf 92' lang='lat' dir='ltr'><strong>cum</strong></span> 
     </span>
    </p>
   </div>
   <div class='ocr_carea' id='block_1_15' title="bbox 47 1433 3338 1507">
    <p class='ocr_par' dir='ltr' id='par_1_15' title="bbox 47 1433 3338 1507">
     <span class='ocr_line' id='line_1_16' title="bbox 47 1433 3338 1507; baseline -0.002 -15"><span class='ocrx_word' id='word_1_154' title='bbox 47 1439 264 1493; x_wconf 77' lang='lat' dir='ltr'><strong>rabiem</strong></span> <span class='ocrx_word' id='word_1_155' title='bbox 277 1437 675 1507; x_wconf 85' lang='lat' dir='ltr'><strong>persecutionis</strong></span> <span class='ocrx_word' id='word_1_156' title='bbox 689 1435 988 1499; x_wconf 88' lang='lat' dir='ltr'><strong>declinans,</strong></span> <span class='ocrx_word' id='word_1_157' title='bbox 1003 1433 1260 1487; x_wconf 88' lang='lat' dir='ltr'><strong>lateretin</strong></span> <span class='ocrx_word' id='word_1_158' title='bbox 1274 1433 1551 1502; x_wconf 81' lang='lat' dir='ltr'><strong>spelunca,</strong></span> <span class='ocrx_word' id='word_1_159' title='bbox 1565 1433 1781 1488; x_wconf 83' lang='lat' dir='ltr'><strong>tandem</strong></span> <span class='ocrx_word' id='word_1_160' title='bbox 1796 1433 2068 1489; x_wconf 86' lang='lat' dir='ltr'><strong>animatus</strong></span> <span class='ocrx_word' id='word_1_161' title='bbox 2107 1433 2175 1489; x_wconf 88' lang='lat' dir='ltr'><strong>ad</strong></span> <span class='ocrx_word' id='word_1_162' title='bbox 2203 1434 2548 1489; x_wconf 84' lang='lat' dir='ltr'><strong>tolerantiam</strong></span> <span class='ocrx_word' id='word_1_163' title='bbox 2577 1435 2909 1503; x_wconf 87' lang='lat' dir='ltr'><strong>passionum,</strong></span> <span class='ocrx_word' id='word_1_164' title='bbox 2924 1435 2989 1488; x_wconf 89' lang='lat' dir='ltr'><strong>ad</strong></span> <span class='ocrx_word' id='word_1_165' title='bbox 3019 1449 3201 1488; x_wconf 86' lang='lat' dir='ltr'><strong>aream</strong></span> <span class='ocrx_word' id='word_1_166' title='bbox 3216 1448 3338 1487; x_wconf 87' lang='lat' dir='ltr'><strong>cer-</strong></span> 
     </span>
    </p>
   </div>
   <div class='ocr_carea' id='block_1_16' title="bbox 48 1521 3340 1598">
    <p class='ocr_par' dir='ltr' id='par_1_16' title="bbox 48 1521 3340 1598">
     <span class='ocr_line' id='line_1_17' title="bbox 48 1521 3340 1598; baseline -0.001 -15"><span class='ocrx_word' id='word_1_167' title='bbox 48 1528 281 1583; x_wconf 84' lang='lat' dir='ltr'><strong>laminis</strong></span> <span class='ocrx_word' id='word_1_168' title='bbox 293 1528 624 1598; x_wconf 86' lang='lat' dir='ltr'><strong>properavit,</strong></span> <span class='ocrx_word' id='word_1_169' title='bbox 640 1536 697 1580; x_wconf 93' lang='lat' dir='ltr'><strong>et</strong></span> <span class='ocrx_word' id='word_1_170' title='bbox 709 1525 939 1596; x_wconf 87' lang='lat' dir='ltr'><strong>palmam</strong></span> <span class='ocrx_word' id='word_1_171' title='bbox 956 1523 1198 1594; x_wconf 85' lang='lat' dir='ltr'><strong>martyrii</strong></span> <span class='ocrx_word' id='word_1_172' title='bbox 1228 1522 1442 1577; x_wconf 80' lang='lat' dir='ltr'><strong>fortiter</strong></span> <span class='ocrx_word' id='word_1_173' title='bbox 1455 1521 1760 1578; x_wconf 87' lang='lat' dir='ltr'><strong>dimicando</strong></span> <span class='ocrx_word' id='word_1_174' title='bbox 1773 1524 2092 1592; x_wconf 88' lang='lat' dir='ltr'><strong>promeruit.</strong></span> <span class='ocrx_word' id='word_1_175' title='bbox 2123 1524 2354 1579; x_wconf 87' lang='lat' dir='ltr'><strong>Civitate</strong></span> <span class='ocrx_word' id='word_1_176' title='bbox 2376 1524 2817 1596; x_wconf 87' lang='lat' dir='ltr'><strong>Colonia,passio</strong></span> <span class='ocrx_word' id='word_1_177' title='bbox 2840 1535 3154 1580; x_wconf 91' lang='lat' dir='ltr'><strong>sanctarum</strong></span> <span class='ocrx_word' id='word_1_178' title='bbox 3172 1527 3340 1596; x_wconf 85' lang='lat' dir='ltr'><strong>virgi-</strong></span> 
     </span>
    </p>
   </div>
   <div class='ocr_carea' id='block_1_17' title="bbox 45 1611 3333 1686">
    <p class='ocr_par' dir='ltr' id='par_1_17' title="bbox 45 1611 3333 1686">
     <span class='ocr_line' id='line_1_18' title="bbox 45 1611 3333 1686; baseline -0.002 -11"><span class='ocrx_word' id='word_1_179' title='bbox 45 1635 186 1675; x_wconf 86' lang='lat' dir='ltr'><strong>num</strong></span> <span class='ocrx_word' id='word_1_180' title='bbox 212 1619 450 1675; x_wconf 71' lang='lat' dir='ltr'><strong>Martha:</strong></span> <span class='ocrx_word' id='word_1_181' title='bbox 473 1627 530 1675; x_wconf 89' lang='lat' dir='ltr'><strong>et</strong></span> <span class='ocrx_word' id='word_1_182' title='bbox 554 1616 731 1673; x_wconf 77' lang='lat' dir='ltr'><strong>Saula:</strong></span> <span class='ocrx_word' id='word_1_183' title='bbox 763 1631 887 1671; x_wconf 89' lang='lat' dir='ltr'><strong>cum</strong></span> <span class='ocrx_word' id='word_1_184' title='bbox 911 1614 1032 1669; x_wconf 89' lang='lat' dir='ltr'><strong>aliis</strong></span> <span class='ocrx_word' id='word_1_185' title='bbox 1053 1613 1314 1684; x_wconf 87' lang='lat' dir='ltr'><strong>pluribus.</strong></span> <span class='ocrx_word' id='word_1_186' title='bbox 1331 1611 1842 1683; x_wconf 77' lang='lat' dir='ltr'><strong>Ipso~die,exceptio</strong></span> <span class='ocrx_word' id='word_1_187' title='bbox 1861 1622 2170 1669; x_wconf 89' lang='lat' dir='ltr'><strong>sanctorum</strong></span> <span class='ocrx_word' id='word_1_188' title='bbox 2190 1623 2488 1686; x_wconf 81' lang='lat' dir='ltr'><strong>martyrum</strong></span> <span class='ocrx_word' id='word_1_189' title='bbox 2503 1613 2723 1686; x_wconf 82' lang='lat' dir='ltr'><strong>Georgii</strong></span> <span class='ocrx_word' id='word_1_190' title='bbox 2746 1615 2959 1671; x_wconf 89' lang='lat' dir='ltr'><strong>diaconi</strong></span> <span class='ocrx_word' id='word_1_191' title='bbox 2979 1623 3036 1670; x_wconf 91' lang='lat' dir='ltr'><strong>ct</strong></span> <span class='ocrx_word' id='word_1_192' title='bbox 3053 1614 3258 1670; x_wconf 85' lang='lat' dir='ltr'><strong>Aurelii</strong></span> <span class='ocrx_word' id='word_1_193' title='bbox 3281 1626 3333 1668; x_wconf 80' lang='grc' dir='ltr'>ι.</span> 
     </span>
    </p>
   </div>
   <div class='ocr_carea' id='block_1_18' title="bbox 1601 1721 1834 1779">
    <p class='ocr_par' dir='ltr' id='par_1_18' title="bbox 1601 1721 1834 1779">
     <span class='ocr_line' id='line_1_19' title="bbox 1601 1721 1834 1779; baseline 0.004 -1"><span class='ocrx_word' id='word_1_194' title='bbox 1601 1721 1834 1779; x_wconf 66' lang='lat' dir='ltr'><strong>NOTAE.</strong></span> 
     </span>
    </p>
   </div>
   <div class='ocr_carea' id='block_1_19' title="bbox 116 1833 2166 1912">
    <p class='ocr_par' dir='ltr' id='par_1_19' title="bbox 116 1833 2166 1912">
     <span class='ocr_line' id='line_1_20' title="bbox 116 1833 2166 1912; baseline -0.004 -12"><span class='ocrx_word' id='word_1_195' title='bbox 116 1843 366 1901; x_wconf 83' lang='lat' dir='ltr'><strong>Omnino</strong></span> <span class='ocrx_word' id='word_1_196' title='bbox 393 1841 515 1912; x_wconf 89' lang='lat' dir='ltr'><strong>puri</strong></span> <span class='ocrx_word' id='word_1_197' title='bbox 543 1848 672 1895; x_wconf 83' lang='lat' dir='ltr'><strong>sunt</strong></span> <span class='ocrx_word' id='word_1_198' title='bbox 691 1837 793 1895; x_wconf 87' lang='lat' dir='ltr'><strong>soli</strong></span> <span class='ocrx_word' id='word_1_199' title='bbox 826 1837 1066 1905; x_wconf 80' lang='lat' dir='ltr'><strong>Praten.,</strong></span> <span class='ocrx_word' id='word_1_200' title='bbox 1088 1836 1542 1907; x_wconf 77' lang='lat' dir='ltr'><strong>Antuerp.-Maj.,</strong></span> <span class='ocrx_word' id='word_1_201' title='bbox 1567 1833 1834 1892; x_wconf 70' lang='lat' dir='ltr'><strong>Munerat.</strong></span> <span class='ocrx_word' id='word_1_202' title='bbox 1864 1845 1922 1894; x_wconf 87' lang='lat' dir='ltr'><strong>et</strong></span> <span class='ocrx_word' id='word_1_203' title='bbox 1947 1834 2166 1893; x_wconf 84' lang='lat' dir='ltr'><strong>Greven.</strong></span> 
     </span>
    </p>
   </div>
   <div class='ocr_carea' id='block_1_20' title="bbox 1755 729 3341 798">
    <p class='ocr_par' dir='ltr' id='par_1_20' title="bbox 1755 729 3341 798">
     <span class='ocr_line' id='line_1_21' title="bbox 1755 729 3341 798; baseline 0.002 -16"><span class='ocrx_word' id='word_1_204' title='bbox 1755 730 2035 798; x_wconf 71' lang='lat' dir='ltr'><strong>martyris.</strong></span> <span class='ocrx_word' id='word_1_205' title='bbox 2069 748 2087 778; x_wconf 75' lang='grc' dir='ltr'><strong>ι</strong></span> <span class='ocrx_word' id='word_1_206' title='bbox 2117 729 2195 782; x_wconf 89' lang='lat' dir='ltr'><strong>De</strong></span> <span class='ocrx_word' id='word_1_207' title='bbox 2223 729 2518 782; x_wconf 87' lang='lat' dir='ltr'><strong>Saviniano</strong></span> <span class='ocrx_word' id='word_1_208' title='bbox 2546 738 2602 782; x_wconf 91' lang='lat' dir='ltr'><strong>et</strong></span> <span class='ocrx_word' id='word_1_209' title='bbox 2631 729 2792 783; x_wconf 85' lang='lat' dir='ltr'><strong>sociis</strong></span> <span class='ocrx_word' id='word_1_210' title='bbox 2822 747 2836 787; x_wconf 87' lang='lat'>:</span> <span class='ocrx_word' id='word_1_211' title='bbox 2871 732 3002 785; x_wconf 87' lang='lat' dir='ltr'><strong>item</strong></span> <span class='ocrx_word' id='word_1_212' title='bbox 3028 731 3094 785; x_wconf 88' lang='lat' dir='ltr'><strong>de</strong></span> <span class='ocrx_word' id='word_1_213' title='bbox 3121 731 3341 796; x_wconf 86' lang='lat' dir='ltr'><strong>Amato,</strong></span> 
     </span>
    </p>
   </div>
   <div class='ocr_carea' id='block_1_21' title="bbox 1752 798 3332 867">
    <p class='ocr_par' dir='ltr' id='par_1_21' title="bbox 1752 798 3332 867">
     <span class='ocr_line' id='line_1_22' title="bbox 1752 798 3332 867; baseline 0.004 -19"><span class='ocrx_word' id='word_1_214' title='bbox 1752 798 1912 865; x_wconf 83' lang='lat' dir='ltr'><strong>plane</strong></span> <span class='ocrx_word' id='word_1_215' title='bbox 1942 809 1998 850; x_wconf 92' lang='lat' dir='ltr'><strong>ut</strong></span> <span class='ocrx_word' id='word_1_216' title='bbox 2041 800 2092 851; x_wconf 91' lang='lat' dir='ltr'><strong>in</strong></span> <span class='ocrx_word' id='word_1_217' title='bbox 2138 798 2323 867; x_wconf 88' lang='lat' dir='ltr'><strong>priori.</strong></span> <span class='ocrx_word' id='word_1_218' title='bbox 2354 799 2433 852; x_wconf 82' lang='lat' dir='ltr'><strong>Ad</strong></span> <span class='ocrx_word' id='word_1_219' title='bbox 2474 799 2631 851; x_wconf 84' lang='lat' dir='ltr'><strong>linem</strong></span> <span class='ocrx_word' id='word_1_220' title='bbox 2664 800 2918 865; x_wconf 86' lang='lat' dir='ltr'><strong>adjicitur</strong></span> <span class='ocrx_word' id='word_1_221' title='bbox 2940 801 3060 854; x_wconf 86' lang='lat' dir='ltr'><strong>aliis</strong></span> <span class='ocrx_word' id='word_1_222' title='bbox 3087 801 3284 856; x_wconf 90' lang='lat' dir='ltr'><strong>litteris</strong></span> <span class='ocrx_word' id='word_1_223' title='bbox 3313 818 3332 854; x_wconf 88' lang='lat'><strong>:</strong></span> 
     </span>
    </p>
   </div>
   <div class='ocr_carea' id='block_1_22' title="bbox 1758 867 3302 936">
    <p class='ocr_par' dir='ltr' id='par_1_22' title="bbox 1758 867 3302 936">
     <span class='ocr_line' id='line_1_23' title="bbox 1758 867 3302 936; baseline 0.005 -20"><span class='ocrx_word' id='word_1_224' title='bbox 1758 885 1776 916; x_wconf 72' lang='grc' dir='ltr'><strong>ι</strong></span> <span class='ocrx_word' id='word_1_225' title='bbox 1825 867 1882 922; x_wconf 84' lang='grc' dir='ltr'><strong>ιιι</strong></span> <span class='ocrx_word' id='word_1_226' title='bbox 1913 867 2216 936; x_wconf 84' lang='lat' dir='ltr'><strong>Britannia,</strong></span> <span class='ocrx_word' id='word_1_227' title='bbox 2247 869 2422 925; x_wconf 87' lang='lat' dir='ltr'><strong>sancti</strong></span> <span class='ocrx_word' id='word_1_228' title='bbox 2464 868 2669 936; x_wconf 81' lang='lat' dir='ltr'><strong>Etbini,</strong></span> <span class='ocrx_word' id='word_1_229' title='bbox 2700 871 2912 926; x_wconf 78' lang='lat' dir='ltr'><strong>abbatis</strong></span> <span class='ocrx_word' id='word_1_230' title='bbox 2937 869 3240 926; x_wconf 76' lang='lat' dir='ltr'><strong>Nectcnsis.</strong></span> <span class='ocrx_word' id='word_1_231' title='bbox 3277 887 3302 924; x_wconf 68' lang='grc' dir='ltr'><strong>ι</strong></span> 
     </span>
    </p>
   </div>
   <div class='ocr_carea' id='block_1_23' title="bbox 117 1967 3330 2071">
    <p class='ocr_par' dir='ltr' id='par_1_23' title="bbox 117 1967 3330 2071">
     <span class='ocr_line' id='line_1_24' title="bbox 117 1967 3330 2071; baseline 0.002 -17"><span class='ocrx_word' id='word_1_232' title='bbox 117 2014 145 2040; x_wconf 73' lang='grc' dir='ltr'><strong>ι</strong></span> <span class='ocrx_word' id='word_1_233' title='bbox 176 1998 353 2054; x_wconf 81' lang='lat' dir='ltr'><strong>Addit</strong></span> <span class='ocrx_word' id='word_1_234' title='bbox 386 1995 680 2071; x_wconf 61' lang='lat' dir='ltr'><strong>Dervensis</strong></span> <span class='ocrx_word' id='word_1_235' title='bbox 715 1996 881 2071; x_wconf 72' lang='lat' dir='ltr'><strong>codex</strong></span> <span class='ocrx_word' id='word_1_236' title='bbox 909 2011 925 2051; x_wconf 88' lang='lat'><strong>:</strong></span> <span class='ocrx_word' id='word_1_237' title='bbox 958 1995 1126 2071; x_wconf 54' lang='lat' dir='ltr'><strong>illac</strong></span> <span class='ocrx_word' id='word_1_238' title='bbox 1155 1995 1345 2071; x_wconf 79' lang='lat' dir='ltr'><strong>eadem</strong></span> <span class='ocrx_word' id='word_1_239' title='bbox 1370 1995 1456 2050; x_wconf 89' lang='lat' dir='ltr'><strong>die</strong></span> <span class='ocrx_word' id='word_1_240' title='bbox 1481 1995 1641 2071; x_wconf 73' lang='lat' dir='ltr'><strong>depo-</strong></span> <span class='ocrx_word' id='word_1_241' title='bbox 1668 2000 1716 2060; x_wconf 87' lang='lat' dir='ltr'><strong>B</strong></span> <span class='ocrx_word' id='word_1_242' title='bbox 1745 1994 2041 2071; x_wconf 78' lang='lat' dir='ltr'><strong>fessoribus</strong></span> <span class='ocrx_word' id='word_1_243' title='bbox 2068 1997 2265 2071; x_wconf 75' lang='lat' dir='ltr'><strong>digitos</strong></span> <span class='ocrx_word' id='word_1_244' title='bbox 2292 2013 2420 2054; x_wconf 90' lang='lat' dir='ltr'><strong>suos</strong></span> <span class='ocrx_word' id='word_1_245' title='bbox 2455 1999 2686 2069; x_wconf 82' lang='lat' dir='ltr'><strong>impleas</strong></span> <span class='ocrx_word' id='word_1_246' title='bbox 2723 2015 2900 2071; x_wconf 85' lang='lat' dir='ltr'><strong>myrra</strong></span> <span class='ocrx_word' id='word_1_247' title='bbox 2939 1967 3330 2069; x_wconf 67' lang='lat' dir='ltr'><strong>probatissima</strong></span> 
     </span>
    </p>
   </div>
   <div class='ocr_carea' id='block_1_24' title="bbox 1753 657 3441 724">
    <p class='ocr_par' dir='ltr' id='par_1_24' title="bbox 1753 657 3441 724">
     <span class='ocr_line' id='line_1_25' title="bbox 1753 657 3441 724; baseline 0.003 -12"><span class='ocrx_word' id='word_1_248' title='bbox 1753 657 2117 713; x_wconf 67' lang='lat' dir='ltr'><strong>Fredeswidze</strong></span> <span class='ocrx_word' id='word_1_249' title='bbox 2147 659 2390 724; x_wconf 78' lang='lat' dir='ltr'><strong>virginis.</strong></span> <span class='ocrx_word' id='word_1_250' title='bbox 2417 660 2512 713; x_wconf 89' lang='lat' dir='ltr'><strong>Dic</strong></span> <span class='ocrx_word' id='word_1_251' title='bbox 2566 659 2774 713; x_wconf 87' lang='lat' dir='ltr'><strong>decima</strong></span> <span class='ocrx_word' id='word_1_252' title='bbox 2813 676 2980 724; x_wconf 93' lang='lat' dir='ltr'><strong>nona,</strong></span> <span class='ocrx_word' id='word_1_253' title='bbox 3005 663 3179 716; x_wconf 88' lang='lat' dir='ltr'><strong>sancti</strong></span> <span class='ocrx_word' id='word_1_254' title='bbox 3211 661 3343 717; x_wconf 79' lang='lat' dir='ltr'><strong>Vari</strong></span> <span class='ocrx_word' id='word_1_255' title='bbox 3434 701 3441 710; x_wconf 81' lang='lat'><strong>.</strong></span> 
     </span>
    </p>
   </div>
   <div class='ocr_carea' id='block_1_25' title="bbox 40 2065 1646 2136">
    <p class='ocr_par' dir='ltr' id='par_1_25' title="bbox 40 2065 1646 2136">
     <span class='ocr_line' id='line_1_26' title="bbox 40 2065 1646 2136; baseline -0.004 -11"><span class='ocrx_word' id='word_1_256' title='bbox 40 2072 169 2126; x_wconf 66' lang='lat' dir='ltr'><strong>sitio</strong></span> <span class='ocrx_word' id='word_1_257' title='bbox 217 2069 398 2122; x_wconf 86' lang='lat' dir='ltr'><strong>sancti</strong></span> <span class='ocrx_word' id='word_1_258' title='bbox 446 2066 670 2122; x_wconf 83' lang='lat' dir='ltr'><strong>Sindulﬁ</strong></span> <span class='ocrx_word' id='word_1_259' title='bbox 701 2067 1059 2130; x_wconf 84' lang='lat' dir='ltr'><strong>confessoris,</strong></span> <span class='ocrx_word' id='word_1_260' title='bbox 1090 2067 1200 2136; x_wconf 82' lang='lat' dir='ltr'><strong>qui</strong></span> <span class='ocrx_word' id='word_1_261' title='bbox 1253 2067 1306 2119; x_wconf 88' lang='lat' dir='ltr'><strong>in</strong></span> <span class='ocrx_word' id='word_1_262' title='bbox 1355 2065 1646 2136; x_wconf 78' lang='lat' dir='ltr'><strong>gymnasio</strong></span> 
     </span>
    </p>
   </div>
   <div class='ocr_carea' id='block_1_26' title="bbox 41 2134 1638 2208">
    <p class='ocr_par' dir='ltr' id='par_1_26' title="bbox 41 2134 1638 2208">
     <span class='ocr_line' id='line_1_27' title="bbox 41 2134 1638 2208; baseline -0.005 -13"><span class='ocrx_word' id='word_1_263' title='bbox 41 2149 399 2208; x_wconf 82' lang='lat' dir='ltr'><strong>contemptus</strong></span> <span class='ocrx_word' id='word_1_264' title='bbox 432 2137 614 2208; x_wconf 85' lang='lat' dir='ltr'><strong>mundi</strong></span> <span class='ocrx_word' id='word_1_265' title='bbox 645 2137 934 2205; x_wconf 82' lang='lat' dir='ltr'><strong>agouizans</strong></span> <span class='ocrx_word' id='word_1_266' title='bbox 961 2135 1250 2208; x_wconf 81' lang='lat' dir='ltr'><strong>volubilem</strong></span> <span class='ocrx_word' id='word_1_267' title='bbox 1276 2134 1444 2208; x_wconf 80' lang='lat' dir='ltr'><strong>solem</strong></span> <span class='ocrx_word' id='word_1_268' title='bbox 1473 2134 1638 2188; x_wconf 89' lang='lat' dir='ltr'><strong>vertit</strong></span> 
     </span>
    </p>
   </div>
   <div class='ocr_carea' id='block_1_27' title="bbox 41 2206 1636 2278">
    <p class='ocr_par' dir='ltr' id='par_1_27' title="bbox 41 2206 1636 2278">
     <span class='ocr_line' id='line_1_28' title="bbox 41 2206 1636 2278; baseline -0.004 -13"><span class='ocrx_word' id='word_1_269' title='bbox 41 2213 96 2265; x_wconf 93' lang='lat' dir='ltr'><strong>in</strong></span> <span class='ocrx_word' id='word_1_270' title='bbox 129 2206 292 2264; x_wconf 80' lang='lat' dir='ltr'><strong>usum</strong></span> <span class='ocrx_word' id='word_1_271' title='bbox 328 2224 392 2262; x_wconf 91' lang='lat' dir='ltr'><strong>ac</strong></span> <span class='ocrx_word' id='word_1_272' title='bbox 438 2207 676 2278; x_wconf 86' lang='lat' dir='ltr'><strong>perfecte</strong></span> <span class='ocrx_word' id='word_1_273' title='bbox 713 2221 885 2278; x_wconf 65' lang='lat' dir='ltr'><strong>aevum</strong></span> <span class='ocrx_word' id='word_1_274' title='bbox 916 2221 1190 2278; x_wconf 68' lang='lat' dir='ltr'><strong>praesens</strong></span> <span class='ocrx_word' id='word_1_275' title='bbox 1221 2206 1523 2278; x_wconf 79' lang='lat' dir='ltr'><strong>despiciens</strong></span> <span class='ocrx_word' id='word_1_276' title='bbox 1567 2219 1636 2278; x_wconf 76' lang='lat' dir='ltr'><strong>ex</strong></span> 
     </span>
    </p>
   </div>
   <div class='ocr_carea' id='block_1_28' title="bbox 40 2274 1636 2342">
    <p class='ocr_par' dir='ltr' id='par_1_28' title="bbox 40 2274 1636 2342">
     <span class='ocr_line' id='line_1_29' title="bbox 40 2274 1636 2342; baseline -0.003 -9"><span class='ocrx_word' id='word_1_277' title='bbox 40 2290 159 2333; x_wconf 83' lang='lat' dir='ltr'><strong>toto</strong></span> <span class='ocrx_word' id='word_1_278' title='bbox 187 2279 361 2334; x_wconf 88' lang='lat' dir='ltr'><strong>corde</strong></span> <span class='ocrx_word' id='word_1_279' title='bbox 392 2274 610 2332; x_wconf 82' lang='lat' dir='ltr'><strong>secutus</strong></span> <span class='ocrx_word' id='word_1_280' title='bbox 663 2284 748 2328; x_wconf 92' lang='lat' dir='ltr'><strong>est</strong></span> <span class='ocrx_word' id='word_1_281' title='bbox 800 2274 1096 2330; x_wconf 84' lang='lat' dir='ltr'><strong>Christum.</strong></span> <span class='ocrx_word' id='word_1_282' title='bbox 1153 2274 1317 2342; x_wconf 86' lang='lat' dir='ltr'><strong>Cujus</strong></span> <span class='ocrx_word' id='word_1_283' title='bbox 1353 2274 1636 2330; x_wconf 89' lang='lat' dir='ltr'><strong>conversio</strong></span> 
     </span>
    </p>
   </div>
   <div class='ocr_carea' id='block_1_29' title="bbox 39 2345 1639 2404">
    <p class='ocr_par' dir='ltr' id='par_1_29' title="bbox 39 2345 1639 2404">
     <span class='ocr_line' id='line_1_30' title="bbox 39 2345 1639 2404; baseline -0.003 -2"><span class='ocrx_word' id='word_1_284' title='bbox 39 2350 348 2404; x_wconf 76' lang='lat' dir='ltr'><strong>virtutibus</strong></span> <span class='ocrx_word' id='word_1_285' title='bbox 372 2357 427 2402; x_wconf 89' lang='lat' dir='ltr'><strong>et</strong></span> <span class='ocrx_word' id='word_1_286' title='bbox 458 2345 729 2400; x_wconf 84' lang='lat' dir='ltr'><strong>miraculis</strong></span> <span class='ocrx_word' id='word_1_287' title='bbox 770 2361 1062 2399; x_wconf 91' lang='lat' dir='ltr'><strong>coruscans</strong></span> <span class='ocrx_word' id='word_1_288' title='bbox 1107 2345 1353 2399; x_wconf 68' lang='lat' dir='ltr'><strong>caelibem</strong></span> <span class='ocrx_word' id='word_1_289' title='bbox 1394 2345 1639 2398; x_wconf 86' lang='lat' dir='ltr'><strong>declarat</strong></span> 
     </span>
    </p>
   </div>
   <div class='ocr_carea' id='block_1_30' title="bbox 38 2413 1633 2484">
    <p class='ocr_par' dir='ltr' id='par_1_30' title="bbox 38 2413 1633 2484">
     <span class='ocr_line' id='line_1_31' title="bbox 38 2413 1633 2484; baseline -0.004 -13"><span class='ocrx_word' id='word_1_290' title='bbox 38 2436 165 2472; x_wconf 87' lang='lat' dir='ltr'><strong>eum</strong></span> <span class='ocrx_word' id='word_1_291' title='bbox 195 2421 370 2471; x_wconf 90' lang='lat' dir='ltr'><strong>vitam</strong></span> <span class='ocrx_word' id='word_1_292' title='bbox 399 2417 638 2470; x_wconf 82' lang='lat' dir='ltr'><strong>duxisse.</strong></span> <span class='ocrx_word' id='word_1_293' title='bbox 671 2415 879 2484; x_wconf 79' lang='lat' dir='ltr'><strong>Quique</strong></span> <span class='ocrx_word' id='word_1_294' title='bbox 909 2415 1174 2483; x_wconf 89' lang='lat' dir='ltr'><strong>duplicem</strong></span> <span class='ocrx_word' id='word_1_295' title='bbox 1211 2424 1408 2468; x_wconf 87' lang='lat' dir='ltr'><strong>terram</strong></span> <span class='ocrx_word' id='word_1_296' title='bbox 1451 2413 1633 2484; x_wconf 81' lang='lat' dir='ltr'><strong>ellica-</strong></span> 
     </span>
    </p>
   </div>
   <div class='ocr_carea' id='block_1_31' title="bbox 37 2482 1631 2558">
    <p class='ocr_par' dir='ltr' id='par_1_31' title="bbox 37 2482 1631 2558">
     <span class='ocr_line' id='line_1_32' title="bbox 37 2482 1631 2558; baseline -0.003 -16"><span class='ocrx_word' id='word_1_297' title='bbox 37 2492 180 2543; x_wconf 82' lang='lat' dir='ltr'><strong>citer</strong></span> <span class='ocrx_word' id='word_1_298' title='bbox 212 2487 432 2558; x_wconf 77' lang='lat' dir='ltr'><strong>fugiens</strong></span> <span class='ocrx_word' id='word_1_299' title='bbox 473 2495 634 2558; x_wconf 90' lang='lat' dir='ltr'><strong>atque</strong></span> <span class='ocrx_word' id='word_1_300' title='bbox 672 2482 830 2558; x_wconf 38' lang='lat' dir='ltr'><strong>alie—.1</strong></span> <span class='ocrx_word' id='word_1_301' title='bbox 859 2482 1085 2538; x_wconf 77' lang='lat' dir='ltr'><strong>exiliens</strong></span> <span class='ocrx_word' id='word_1_302' title='bbox 1132 2500 1252 2539; x_wconf 90' lang='lat' dir='ltr'><strong>cum</strong></span> <span class='ocrx_word' id='word_1_303' title='bbox 1304 2482 1631 2553; x_wconf 84' lang='lat' dir='ltr'><strong>patriarchis</strong></span> 
     </span>
    </p>
   </div>
   <div class='ocr_carea' id='block_1_32' title="bbox 38 2554 1631 2628">
    <p class='ocr_par' dir='ltr' id='par_1_32' title="bbox 38 2554 1631 2628">
     <span class='ocr_line' id='line_1_33' title="bbox 38 2554 1631 2628; baseline -0.004 -15"><span class='ocrx_word' id='word_1_304' title='bbox 38 2561 92 2613; x_wconf 88' lang='lat' dir='ltr'><strong>in</strong></span> <span class='ocrx_word' id='word_1_305' title='bbox 121 2554 388 2628; x_wconf 76' lang='lat' dir='ltr'><strong>lacryinis</strong></span> <span class='ocrx_word' id='word_1_306' title='bbox 415 2557 712 2618; x_wconf 90' lang='lat' dir='ltr'><strong>seminans,</strong></span> <span class='ocrx_word' id='word_1_307' title='bbox 737 2554 1078 2628; x_wconf 83' lang='lat' dir='ltr'><strong>fructumque</strong></span> <span class='ocrx_word' id='word_1_308' title='bbox 1096 2562 1306 2628; x_wconf 73' lang='lat' dir='ltr'><strong>sancta:</strong></span> <span class='ocrx_word' id='word_1_309' title='bbox 1340 2567 1631 2628; x_wconf 66' lang='lat' dir='ltr'><strong>conversa-</strong></span> 
     </span>
    </p>
   </div>
   <div class='ocr_carea' id='block_1_33' title="bbox 37 2622 1629 2695">
    <p class='ocr_par' dir='ltr' id='par_1_33' title="bbox 37 2622 1629 2695">
     <span class='ocr_line' id='line_1_34' title="bbox 37 2622 1629 2695; baseline -0.003 -14"><span class='ocrx_word' id='word_1_310' title='bbox 37 2629 209 2684; x_wconf 89' lang='lat' dir='ltr'><strong>tionis</strong></span> <span class='ocrx_word' id='word_1_311' title='bbox 242 2622 574 2695; x_wconf 72' lang='lat' dir='ltr'><strong>relinquens,</strong></span> <span class='ocrx_word' id='word_1_312' title='bbox 603 2640 724 2680; x_wconf 92' lang='lat' dir='ltr'><strong>cum</strong></span> <span class='ocrx_word' id='word_1_313' title='bbox 739 2622 1008 2695; x_wconf 83' lang='lat' dir='ltr'><strong>apostolis</strong></span> <span class='ocrx_word' id='word_1_314' title='bbox 1033 2623 1269 2694; x_wconf 91' lang='lat' dir='ltr'><strong>seipsum</strong></span> <span class='ocrx_word' id='word_1_315' title='bbox 1296 2637 1394 2692; x_wconf 90' lang='lat' dir='ltr'><strong>pro</strong></span> <span class='ocrx_word' id='word_1_316' title='bbox 1413 2622 1629 2695; x_wconf 75' lang='lat' dir='ltr'><strong>Christo</strong></span> 
     </span>
    </p>
   </div>
   <div class='ocr_carea' id='block_1_34' title="bbox 36 2691 1628 2764">
    <p class='ocr_par' dir='ltr' id='par_1_34' title="bbox 36 2691 1628 2764">
     <span class='ocr_line' id='line_1_35' title="bbox 36 2691 1628 2764; baseline -0.003 -13"><span class='ocrx_word' id='word_1_317' title='bbox 36 2707 314 2760; x_wconf 85' lang='lat' dir='ltr'><strong>mactans,</strong></span> <span class='ocrx_word' id='word_1_318' title='bbox 355 2691 481 2751; x_wconf 85' lang='lat' dir='ltr'><strong>cum</strong></span> <span class='ocrx_word' id='word_1_319' title='bbox 509 2691 834 2764; x_wconf 85' lang='lat' dir='ltr'><strong>martyribus</strong></span> <span class='ocrx_word' id='word_1_320' title='bbox 860 2691 1132 2764; x_wconf 76' lang='lat' dir='ltr'><strong>utrasque</strong></span> <span class='ocrx_word' id='word_1_321' title='bbox 1167 2691 1358 2764; x_wconf 85' lang='lat' dir='ltr'><strong>manus</strong></span> <span class='ocrx_word' id='word_1_322' title='bbox 1399 2694 1467 2748; x_wconf 89' lang='lat' dir='ltr'><strong>de</strong></span> <span class='ocrx_word' id='word_1_323' title='bbox 1513 2691 1628 2746; x_wconf 89' lang='lat' dir='ltr'><strong>salo</strong></span> 
     </span>
    </p>
   </div>
   <div class='ocr_carea' id='block_1_35' title="bbox 35 2763 1630 2840">
    <p class='ocr_par' dir='ltr' id='par_1_35' title="bbox 35 2763 1630 2840">
     <span class='ocr_line' id='line_1_36' title="bbox 35 2763 1630 2840; baseline -0.004 -18"><span class='ocrx_word' id='word_1_324' title='bbox 35 2769 206 2840; x_wconf 83' lang='lat' dir='ltr'><strong>hujus</strong></span> <span class='ocrx_word' id='word_1_325' title='bbox 231 2763 686 2838; x_wconf 74' lang='lat' dir='ltr'><strong>peregrinationis</strong></span> <span class='ocrx_word' id='word_1_326' title='bbox 707 2764 1035 2834; x_wconf 87' lang='lat' dir='ltr'><strong>protendens</strong></span> <span class='ocrx_word' id='word_1_327' title='bbox 1061 2763 1131 2819; x_wconf 90' lang='lat' dir='ltr'><strong>ad</strong></span> <span class='ocrx_word' id='word_1_328' title='bbox 1171 2763 1320 2827; x_wconf 86' lang='lat' dir='ltr'><strong>litus,</strong></span> <span class='ocrx_word' id='word_1_329' title='bbox 1347 2778 1470 2817; x_wconf 91' lang='lat' dir='ltr'><strong>cum</strong></span> <span class='ocrx_word' id='word_1_330' title='bbox 1499 2778 1630 2817; x_wconf 83' lang='lat' dir='ltr'><strong>con-</strong></span> 
     </span>
    </p>
   </div>
   <div class='ocr_carea' id='block_1_36' title="bbox 1743 2068 3335 2139">
    <p class='ocr_par' dir='ltr' id='par_1_36' title="bbox 1743 2068 3335 2139">
     <span class='ocr_line' id='line_1_37' title="bbox 1743 2068 3335 2139; baseline 0.006 -19"><span class='ocrx_word' id='word_1_331' title='bbox 1743 2081 1865 2120; x_wconf 92' lang='lat' dir='ltr'><strong>cum</strong></span> <span class='ocrx_word' id='word_1_332' title='bbox 1893 2068 2190 2136; x_wconf 80' lang='lat' dir='ltr'><strong>virginibus</strong></span> <span class='ocrx_word' id='word_1_333' title='bbox 2219 2071 2414 2123; x_wconf 70' lang='lat' dir='ltr'><strong>anima:</strong></span> <span class='ocrx_word' id='word_1_334' title='bbox 2444 2068 2554 2125; x_wconf 79' lang='lat' dir='ltr'><strong>sua:</strong></span> <span class='ocrx_word' id='word_1_335' title='bbox 2582 2068 2791 2139; x_wconf 79' lang='lat' dir='ltr'><strong>sponso</strong></span> <span class='ocrx_word' id='word_1_336' title='bbox 2809 2068 3082 2139; x_wconf 79' lang='lat' dir='ltr'><strong>resptmdit</strong></span> <span class='ocrx_word' id='word_1_337' title='bbox 3113 2075 3335 2128; x_wconf 81' lang='lat' dir='ltr'><strong>cantico</strong></span> 
     </span>
    </p>
   </div>
   <div class='ocr_carea' id='block_1_37' title="bbox 1742 2139 3328 2208">
    <p class='ocr_par' dir='ltr' id='par_1_37' title="bbox 1742 2139 3328 2208">
     <span class='ocr_line' id='line_1_38' title="bbox 1742 2139 3328 2208; baseline 0.004 -18"><span class='ocrx_word' id='word_1_338' title='bbox 1742 2150 1902 2200; x_wconf 90' lang='lat' dir='ltr'><strong>novo,</strong></span> <span class='ocrx_word' id='word_1_339' title='bbox 1928 2152 2210 2208; x_wconf 87' lang='lat' dir='ltr'><strong>quousque</strong></span> <span class='ocrx_word' id='word_1_340' title='bbox 2240 2139 2312 2192; x_wconf 91' lang='lat' dir='ltr'><strong>illi</strong></span> <span class='ocrx_word' id='word_1_341' title='bbox 2341 2150 2651 2194; x_wconf 89' lang='lat' dir='ltr'><strong>occurreret</strong></span> <span class='ocrx_word' id='word_1_342' title='bbox 2679 2155 2842 2208; x_wconf 90' lang='lat' dir='ltr'><strong>super</strong></span> <span class='ocrx_word' id='word_1_343' title='bbox 2877 2152 3085 2195; x_wconf 82' lang='lat' dir='ltr'><strong>tuontes</strong></span> <span class='ocrx_word' id='word_1_344' title='bbox 3112 2157 3328 2196; x_wconf 84' lang='lat' dir='ltr'><strong>amma-</strong></span> 
     </span>
    </p>
   </div>
   <div class='ocr_carea' id='block_1_38' title="bbox 1743 2207 3328 2278">
    <p class='ocr_par' dir='ltr' id='par_1_38' title="bbox 1743 2207 3328 2278">
     <span class='ocr_line' id='line_1_39' title="bbox 1743 2207 3328 2278; baseline 0.005 -19"><span class='ocrx_word' id='word_1_345' title='bbox 1743 2213 1857 2259; x_wconf 92' lang='lat' dir='ltr'><strong>tum</strong></span> <span class='ocrx_word' id='word_1_346' title='bbox 1893 2207 2055 2260; x_wconf 90' lang='lat' dir='ltr'><strong>simili</strong></span> <span class='ocrx_word' id='word_1_347' title='bbox 2093 2224 2309 2278; x_wconf 67' lang='lat' dir='ltr'><strong>caprea:</strong></span> <span class='ocrx_word' id='word_1_348' title='bbox 2332 2218 2386 2263; x_wconf 92' lang='lat' dir='ltr'><strong>et</strong></span> <span class='ocrx_word' id='word_1_349' title='bbox 2425 2209 2649 2263; x_wconf 90' lang='lat' dir='ltr'><strong>hinnulo</strong></span> <span class='ocrx_word' id='word_1_350' title='bbox 2671 2207 2978 2264; x_wconf 83' lang='lat' dir='ltr'><strong>cervorum.</strong></span> <span class='ocrx_word' id='word_1_351' title='bbox 3019 2231 3038 2262; x_wconf 84' lang='grc'>›</span> <span class='ocrx_word' id='word_1_352' title='bbox 3070 2211 3195 2266; x_wconf 72' lang='lat' dir='ltr'><strong>Haec</strong></span> <span class='ocrx_word' id='word_1_353' title='bbox 3228 2213 3328 2266; x_wconf 86' lang='lat' dir='ltr'><strong>du-</strong></span> 
     </span>
    </p>
   </div>
   <div class='ocr_carea' id='block_1_39' title="bbox 1742 2277 3326 2348">
    <p class='ocr_par' dir='ltr' id='par_1_39' title="bbox 1742 2277 3326 2348">
     <span class='ocr_line' id='line_1_40' title="bbox 1742 2277 3326 2348; baseline 0.004 -18"><span class='ocrx_word' id='word_1_354' title='bbox 1742 2284 1845 2348; x_wconf 50' lang='lat' dir='ltr'><strong>cta:</strong></span> <span class='ocrx_word' id='word_1_355' title='bbox 1874 2285 1998 2348; x_wconf 80' lang='lat' dir='ltr'><strong>sunt</strong></span> <span class='ocrx_word' id='word_1_356' title='bbox 2025 2293 2092 2348; x_wconf 70' lang='lat' dir='ltr'><strong>ex</strong></span> <span class='ocrx_word' id='word_1_357' title='bbox 2128 2279 2245 2332; x_wconf 88' lang='lat' dir='ltr'><strong>Vita</strong></span> <span class='ocrx_word' id='word_1_358' title='bbox 2296 2277 2352 2332; x_wconf 93' lang='lat' dir='ltr'><strong>S.</strong></span> <span class='ocrx_word' id='word_1_359' title='bbox 2403 2279 2662 2342; x_wconf 85' lang='lat' dir='ltr'><strong>Siudulli,</strong></span> <span class='ocrx_word' id='word_1_360' title='bbox 2718 2295 2879 2348; x_wconf 87' lang='lat' dir='ltr'><strong>quam</strong></span> <span class='ocrx_word' id='word_1_361' title='bbox 2935 2296 3076 2335; x_wconf 88' lang='lat' dir='ltr'><strong>nono</strong></span> <span class='ocrx_word' id='word_1_362' title='bbox 3126 2281 3326 2337; x_wconf 65' lang='lat' dir='ltr'><strong>saecqu</strong></span> 
     </span>
    </p>
   </div>
   <div class='ocr_carea' id='block_1_40' title="bbox 1742 2346 3326 2413">
    <p class='ocr_par' dir='ltr' id='par_1_40' title="bbox 1742 2346 3326 2413">
     <span class='ocr_line' id='line_1_41' title="bbox 1742 2346 3326 2413; baseline 0.006 -16"><span class='ocrx_word' id='word_1_363' title='bbox 1742 2346 1960 2413; x_wconf 84' lang='lat' dir='ltr'><strong>scripsit</strong></span> <span class='ocrx_word' id='word_1_364' title='bbox 2017 2347 2352 2410; x_wconf 87' lang='lat' dir='ltr'><strong>Almannus,</strong></span> <span class='ocrx_word' id='word_1_365' title='bbox 2405 2351 2704 2404; x_wconf 84' lang='lat' dir='ltr'><strong>monachus</strong></span> <span class='ocrx_word' id='word_1_366' title='bbox 2739 2346 3206 2413; x_wconf 17' lang='lat' dir='ltr'><strong>IAltovillarensis,</strong></span> <span class='ocrx_word' id='word_1_367' title='bbox 3269 2361 3326 2406; x_wconf 90' lang='lat' dir='ltr'><strong>et</strong></span> 
     </span>
    </p>
   </div>
   <div class='ocr_carea' id='block_1_41' title="bbox 1741 2415 3320 2490">
    <p class='ocr_par' dir='ltr' id='par_1_41' title="bbox 1741 2415 3320 2490">
     <span class='ocr_line' id='line_1_42' title="bbox 1741 2415 3320 2490; baseline 0.004 -22"><span class='ocrx_word' id='word_1_368' title='bbox 1741 2415 1923 2490; x_wconf 70' lang='lat' dir='ltr'><strong>edidit</strong></span> <span class='ocrx_word' id='word_1_369' title='bbox 1942 2416 2176 2490; x_wconf 75' lang='lat' dir='ltr'><strong>Mabillio</strong></span> <span class='ocrx_word' id='word_1_370' title='bbox 2202 2429 2386 2472; x_wconf 90' lang='lat' dir='ltr'><strong>noster</strong></span> <span class='ocrx_word' id='word_1_371' title='bbox 2406 2426 2538 2490; x_wconf 63' lang='lat' dir='ltr'><strong>tum.</strong></span> <span class='ocrx_word' id='word_1_372' title='bbox 2565 2418 2583 2470; x_wconf 92' lang='grc' dir='ltr'><strong>Ι</strong></span> <span class='ocrx_word' id='word_1_373' title='bbox 2606 2419 2749 2483; x_wconf 82' lang='lat' dir='ltr'><strong>Act.,</strong></span> <span class='ocrx_word' id='word_1_374' title='bbox 2781 2435 2836 2490; x_wconf 64' lang='lat' dir='ltr'><strong>pi</strong></span> <span class='ocrx_word' id='word_1_375' title='bbox 2868 2419 2993 2475; x_wconf 81' lang='lat'><strong>568.</strong></span> <span class='ocrx_word' id='word_1_376' title='bbox 3022 2419 3194 2473; x_wconf 71' lang='lat' dir='ltr'><strong>Nemo</strong></span> <span class='ocrx_word' id='word_1_377' title='bbox 3224 2435 3320 2475; x_wconf 91' lang='lat' dir='ltr'><strong>ne-</strong></span> 
     </span>
    </p>
   </div>
   <div class='ocr_carea' id='block_1_42' title="bbox 1737 2485 3322 2545">
    <p class='ocr_par' dir='ltr' id='par_1_42' title="bbox 1737 2485 3322 2545">
     <span class='ocr_line' id='line_1_43' title="bbox 1737 2485 3322 2545; baseline 0.003 -5"><span class='ocrx_word' id='word_1_378' title='bbox 1737 2485 1842 2540; x_wconf 88' lang='lat' dir='ltr'><strong>scit</strong></span> <span class='ocrx_word' id='word_1_379' title='bbox 1861 2485 2277 2542; x_wconf 86' lang='lat' dir='ltr'><strong>Altovillarense</strong></span> <span class='ocrx_word' id='word_1_380' title='bbox 2309 2496 2366 2542; x_wconf 90' lang='lat' dir='ltr'><strong>et</strong></span> <span class='ocrx_word' id='word_1_381' title='bbox 2406 2487 2678 2544; x_wconf 90' lang='lat' dir='ltr'><strong>Dervense</strong></span> <span class='ocrx_word' id='word_1_382' title='bbox 2727 2485 3055 2544; x_wconf 77' lang='lat' dir='ltr'><strong>monasteria</strong></span> <span class='ocrx_word' id='word_1_383' title='bbox 3099 2490 3322 2545; x_wconf 81' lang='lat' dir='ltr'><strong>fuissea</strong></span> 
     </span>
    </p>
   </div>
   <div class='ocr_carea' id='block_1_43' title="bbox 1739 2553 3322 2628">
    <p class='ocr_par' dir='ltr' id='par_1_43' title="bbox 1739 2553 3322 2628">
     <span class='ocr_line' id='line_1_44' title="bbox 1739 2553 3322 2628; baseline 0.005 -21"><span class='ocrx_word' id='word_1_384' title='bbox 1739 2553 1796 2608; x_wconf 89' lang='lat' dir='ltr'><strong>S.</strong></span> <span class='ocrx_word' id='word_1_385' title='bbox 1828 2555 2062 2611; x_wconf 84' lang='lat' dir='ltr'><strong>Nivardo</strong></span> <span class='ocrx_word' id='word_1_386' title='bbox 2096 2558 2328 2626; x_wconf 90' lang='lat' dir='ltr'><strong>primum</strong></span> <span class='ocrx_word' id='word_1_387' title='bbox 2373 2557 2594 2612; x_wconf 90' lang='lat' dir='ltr'><strong>fundata</strong></span> <span class='ocrx_word' id='word_1_388' title='bbox 2629 2576 2642 2612; x_wconf 90' lang='lat'><strong>:</strong></span> <span class='ocrx_word' id='word_1_389' title='bbox 2684 2574 2752 2613; x_wconf 80' lang='lat' dir='ltr'><strong>ex</strong></span> <span class='ocrx_word' id='word_1_390' title='bbox 2793 2574 2899 2628; x_wconf 91' lang='lat' dir='ltr'><strong>qua</strong></span> <span class='ocrx_word' id='word_1_391' title='bbox 2941 2558 3200 2614; x_wconf 78' lang='lat' dir='ltr'><strong>allinitate</strong></span> <span class='ocrx_word' id='word_1_392' title='bbox 3238 2560 3322 2615; x_wconf 89' lang='lat' dir='ltr'><strong>fa-</strong></span> 
     </span>
    </p>
   </div>
   <div class='ocr_carea' id='block_1_44' title="bbox 1733 2627 3319 2748">
    <p class='ocr_par' dir='ltr' id='par_1_44' title="bbox 1733 2627 3319 2748">
     <span class='ocr_line' id='line_1_45' title="bbox 1733 2627 3319 2748; baseline 0.005 -72"><span class='ocrx_word' id='word_1_393' title='bbox 1733 2632 1882 2748; x_wconf 57' lang='lat' dir='ltr'><strong>ﬁtum</strong></span> <span class='ocrx_word' id='word_1_394' title='bbox 1910 2634 1996 2680; x_wconf 93' lang='lat' dir='ltr'><strong>est</strong></span> <span class='ocrx_word' id='word_1_395' title='bbox 2024 2635 2083 2682; x_wconf 92' lang='lat' dir='ltr'><strong>ut</strong></span> <span class='ocrx_word' id='word_1_396' title='bbox 2109 2641 2427 2684; x_wconf 83' lang='lat' dir='ltr'><strong>communes</strong></span> <span class='ocrx_word' id='word_1_397' title='bbox 2455 2628 2754 2700; x_wconf 65' lang='lat' dir='ltr'><strong>utriusque</strong></span> <span class='ocrx_word' id='word_1_398' title='bbox 2781 2627 2910 2686; x_wconf 86' lang='lat' dir='ltr'><strong>festi</strong></span> <span class='ocrx_word' id='word_1_399' title='bbox 2948 2629 3063 2686; x_wconf 90' lang='lat' dir='ltr'><strong>dies</strong></span> <span class='ocrx_word' id='word_1_400' title='bbox 3110 2637 3319 2686; x_wconf 85' lang='lat' dir='ltr'><strong>essent.</strong></span> 
     </span>
     <span class='ocr_line' id='line_1_46' title="bbox 1779 2709 2068 2748; baseline 0 0"><span class='ocrx_word' id='word_1_401' title='bbox 1779 2709 2068 2748; x_wconf 78' lang='lat' dir='ltr'><strong>OUILLAR‘I&#39;.</strong></span> 
     </span>
    </p>
   </div>
   <div class='ocr_carea' id='block_1_45' title="bbox 1779 2709 2068 2753">
    <p class='ocr_par' dir='ltr' id='par_1_45' title="bbox 1779 2709 2068 2753">
     <span class='ocr_line' id='line_1_47' title="bbox 1779 2709 2068 2753; baseline 0 -3"><span class='ocrx_word' id='word_1_402' title='bbox 1779 2709 2068 2753; x_wconf 75' lang='lat' dir='ltr'><strong>OUILLAR‘I&#39;.</strong></span> 
     </span>
    </p>
   </div>
   <div class='ocr_carea' id='block_1_46' title="bbox 1259 2869 2100 2930">
    <p class='ocr_par' dir='ltr' id='par_1_46' title="bbox 1259 2869 2100 2930">
     <span class='ocr_line' id='line_1_48' title="bbox 1259 2869 2100 2930; baseline -0.002 0"><span class='ocrx_word' id='word_1_403' title='bbox 1259 2871 1652 2930; x_wconf 80' lang='lat' dir='ltr'><strong>VARIAN’I‘ES</strong></span> <span class='ocrx_word' id='word_1_404' title='bbox 1689 2869 2100 2928; x_wconf 85' lang='lat' dir='ltr'><strong>LECTIONES.</strong></span> 
     </span>
    </p>
   </div>
   <div class='ocr_carea' id='block_1_47' title="bbox 108 2964 1628 3035">
    <p class='ocr_par' dir='ltr' id='par_1_47' title="bbox 108 2964 1628 3035">
     <span class='ocr_line' id='line_1_49' title="bbox 108 2964 1628 3035; baseline -0.003 -11"><span class='ocrx_word' id='word_1_405' title='bbox 108 2971 386 3024; x_wconf 80' lang='lat' dir='ltr'><strong>Munerat.</strong></span> <span class='ocrx_word' id='word_1_406' title='bbox 435 2978 490 3023; x_wconf 92' lang='lat' dir='ltr'><strong>et</strong></span> <span class='ocrx_word' id='word_1_407' title='bbox 539 2967 872 3023; x_wconf 88' lang='lat' dir='ltr'><strong>recentiores</strong></span> <span class='ocrx_word' id='word_1_408' title='bbox 919 2965 1082 3035; x_wconf 90' lang='lat' dir='ltr'><strong>aliqui</strong></span> <span class='ocrx_word' id='word_1_409' title='bbox 1123 2964 1338 3020; x_wconf 87' lang='lat' dir='ltr'><strong>codices</strong></span> <span class='ocrx_word' id='word_1_410' title='bbox 1384 2965 1628 3019; x_wconf 90' lang='lat' dir='ltr'><strong>scribunt</strong></span> 
     </span>
    </p>
   </div>
   <div class='ocr_carea' id='block_1_48' title="bbox 32 3035 1624 3108">
    <p class='ocr_par' dir='ltr' id='par_1_48' title="bbox 32 3035 1624 3108">
     <span class='ocr_line' id='line_1_50' title="bbox 32 3035 1624 3108; baseline -0.005 -11"><span class='ocrx_word' id='word_1_411' title='bbox 32 3043 348 3103; x_wconf 76' lang='lat' dir='ltr'><strong>Aniensem,</strong></span> <span class='ocrx_word' id='word_1_412' title='bbox 363 3040 456 3093; x_wconf 90' lang='lat' dir='ltr'><strong>scd</strong></span> <span class='ocrx_word' id='word_1_413' title='bbox 479 3055 578 3108; x_wconf 89' lang='lat' dir='ltr'><strong>pro</strong></span> <span class='ocrx_word' id='word_1_414' title='bbox 592 3039 862 3108; x_wconf 72' lang='lat' dir='ltr'><strong>Aviensem</strong></span> <span class='ocrx_word' id='word_1_415' title='bbox 883 3045 1242 3108; x_wconf 77' lang='lat' dir='ltr'><strong>stant_o_mt_i_es</strong></span> <span class='ocrx_word' id='word_1_416' title='bbox 1267 3035 1624 3108; x_wconf 80' lang='lat' dir='ltr'><strong>antiquiores,</strong></span> 
     </span>
    </p>
   </div>
   <div class='ocr_carea' id='block_1_49' title="bbox 30 3104 1628 3168">
    <p class='ocr_par' dir='ltr' id='par_1_49' title="bbox 30 3104 1628 3168">
     <span class='ocr_line' id='line_1_51' title="bbox 30 3104 1628 3168; baseline -0.005 -1"><span class='ocrx_word' id='word_1_417' title='bbox 30 3112 169 3167; x_wconf 80' lang='lat' dir='ltr'><strong>licet</strong></span> <span class='ocrx_word' id='word_1_418' title='bbox 199 3110 354 3164; x_wconf 87' lang='lat' dir='ltr'><strong>locus</strong></span> <span class='ocrx_word' id='word_1_419' title='bbox 403 3104 562 3164; x_wconf 83' lang='lat' dir='ltr'><strong>hodie</strong></span> <span class='ocrx_word' id='word_1_420' title='bbox 606 3109 660 3161; x_wconf 90' lang='lat' dir='ltr'><strong>in</strong></span> <span class='ocrx_word' id='word_1_421' title='bbox 706 3106 960 3168; x_wconf 85' lang='lat' dir='ltr'><strong>Vestinis,</strong></span> <span class='ocrx_word' id='word_1_422' title='bbox 1003 3104 1091 3158; x_wconf 83' lang='lat' dir='ltr'><strong>tibi</strong></span> <span class='ocrx_word' id='word_1_423' title='bbox 1123 3105 1250 3158; x_wconf 90' lang='lat' dir='ltr'><strong>olim</strong></span> <span class='ocrx_word' id='word_1_424' title='bbox 1296 3104 1419 3167; x_wconf 90' lang='lat' dir='ltr'><strong>fuit,</strong></span> <span class='ocrx_word' id='word_1_425' title='bbox 1468 3113 1628 3159; x_wconf 84' lang='lat' dir='ltr'><strong>notus</strong></span> 
     </span>
    </p>
   </div>
   <div class='ocr_carea' id='block_1_50' title="bbox 31 3175 1628 3244">
    <p class='ocr_par' dir='ltr' id='par_1_50' title="bbox 31 3175 1628 3244">
     <span class='ocr_line' id='line_1_52' title="bbox 31 3175 1628 3244; baseline -0.005 -8"><span class='ocrx_word' id='word_1_426' title='bbox 31 3200 149 3237; x_wconf 83' lang='lat' dir='ltr'><strong>non</strong></span> <span class='ocrx_word' id='word_1_427' title='bbox 185 3181 278 3241; x_wconf 87' lang='lat' dir='ltr'><strong>sit,</strong></span> <span class='ocrx_word' id='word_1_428' title='bbox 311 3195 374 3232; x_wconf 88' lang='lat' dir='ltr'><strong>ac</strong></span> <span class='ocrx_word' id='word_1_429' title='bbox 404 3179 626 3244; x_wconf 87' lang='lat' dir='ltr'><strong>proinde</strong></span> <span class='ocrx_word' id='word_1_430' title='bbox 655 3177 955 3244; x_wconf 85' lang='lat' dir='ltr'><strong>computari</strong></span> <span class='ocrx_word' id='word_1_431' title='bbox 979 3175 1161 3244; x_wconf 81' lang='lat' dir='ltr'><strong>possit</strong></span> <span class='ocrx_word' id='word_1_432' title='bbox 1181 3176 1322 3227; x_wconf 90' lang='lat' dir='ltr'><strong>inter</strong></span> <span class='ocrx_word' id='word_1_433' title='bbox 1349 3189 1444 3228; x_wconf 90' lang='lat' dir='ltr'><strong>eos</strong></span> <span class='ocrx_word' id='word_1_434' title='bbox 1465 3189 1628 3244; x_wconf 86' lang='lat' dir='ltr'><strong>pagos</strong></span> 
     </span>
    </p>
   </div>
   <div class='ocr_carea' id='block_1_51' title="bbox 28 3243 1628 3320">
    <p class='ocr_par' dir='ltr' id='par_1_51' title="bbox 28 3243 1628 3320">
     <span class='ocr_line' id='line_1_53' title="bbox 28 3243 1628 3320; baseline -0.006 -15"><span class='ocrx_word' id='word_1_435' title='bbox 28 3254 121 3305; x_wconf 65' lang='lat' dir='ltr'><strong>vel</strong></span> <span class='ocrx_word' id='word_1_436' title='bbox 156 3250 356 3320; x_wconf 89' lang='lat' dir='ltr'><strong>oppida</strong></span> <span class='ocrx_word' id='word_1_437' title='bbox 387 3243 453 3302; x_wconf 83' lang='lat' dir='ltr'><strong>tle</strong></span> <span class='ocrx_word' id='word_1_438' title='bbox 473 3243 840 3320; x_wconf 26' lang='lat' dir='ltr'><strong>quibusrec’te</strong></span> <span class='ocrx_word' id='word_1_439' title='bbox 863 3243 1094 3320; x_wconf 68' lang='lat' dir='ltr'><strong>dixeris:</strong></span> <span class='ocrx_word' id='word_1_440' title='bbox 1111 3243 1244 3298; x_wconf 68' lang='lat' dir='ltr'><strong>Haec</strong></span> <span class='ocrx_word' id='word_1_441' title='bbox 1269 3253 1392 3320; x_wconf 63' lang='lat' dir='ltr'><strong>tunc</strong></span> <span class='ocrx_word' id='word_1_442' title='bbox 1415 3243 1628 3320; x_wconf 67' lang='lat' dir='ltr'><strong>nomina</strong></span> 
     </span>
    </p>
   </div>
   <div class='ocr_carea' id='block_1_52' title="bbox 29 3311 1630 3384">
    <p class='ocr_par' dir='ltr' id='par_1_52' title="bbox 29 3311 1630 3384">
     <span class='ocr_line' id='line_1_54' title="bbox 29 3311 1630 3384; baseline -0.008 -7"><span class='ocrx_word' id='word_1_443' title='bbox 29 3311 300 3384; x_wconf 47' lang='lat' dir='ltr'><strong>{uerti-tit,</strong></span> <span class='ocrx_word' id='word_1_444' title='bbox 334 3335 472 3374; x_wconf 85' lang='lat' dir='ltr'><strong>nunc</strong></span> <span class='ocrx_word' id='word_1_445' title='bbox 492 3311 618 3372; x_wconf 70' lang='lat' dir='ltr'><strong>sunt</strong></span> <span class='ocrx_word' id='word_1_446' title='bbox 645 3317 758 3371; x_wconf 77' lang='lat' dir='ltr'><strong>sine</strong></span> <span class='ocrx_word' id='word_1_447' title='bbox 783 3316 1009 3370; x_wconf 84' lang='lat' dir='ltr'><strong>nomine.</strong></span> <span class='ocrx_word' id='word_1_448' title='bbox 1040 3314 1309 3369; x_wconf 69' lang='lat' dir='ltr'><strong>Praeterea</strong></span> <span class='ocrx_word' id='word_1_449' title='bbox 1341 3314 1482 3368; x_wconf 91' lang='lat' dir='ltr'><strong>idem</strong></span> <span class='ocrx_word' id='word_1_450' title='bbox 1515 3311 1630 3365; x_wconf 80' lang='lat' dir='ltr'><strong>Mu-</strong></span> 
     </span>
    </p>
   </div>
   <div class='ocr_carea' id='block_1_53' title="bbox 1733 2962 3324 3039">
    <p class='ocr_par' dir='ltr' id='par_1_53' title="bbox 1733 2962 3324 3039">
     <span class='ocr_line' id='line_1_55' title="bbox 1733 2962 3324 3039; baseline 0.003 -21"><span class='ocrx_word' id='word_1_451' title='bbox 1733 2971 1908 3039; x_wconf 79' lang='lat' dir='ltr'><strong>nerat.</strong></span> <span class='ocrx_word' id='word_1_452' title='bbox 1941 2964 2148 3039; x_wconf 54' lang='lat' dir='ltr'><strong>omisit</strong></span> <span class='ocrx_word' id='word_1_453' title='bbox 2169 2962 2383 3039; x_wconf 63' lang='lat' dir='ltr'><strong>titulun:</strong></span> <span class='ocrx_word' id='word_1_454' title='bbox 2418 2963 2574 3018; x_wconf 81' lang='lat' dir='ltr'><strong>beati.</strong></span> <span class='ocrx_word' id='word_1_455' title='bbox 2605 2964 2915 3039; x_wconf 83' lang='lat' dir='ltr'><strong>Legendum</strong></span> <span class='ocrx_word' id='word_1_456' title='bbox 2955 2977 3044 3039; x_wconf 89' lang='lat' dir='ltr'><strong>est</strong></span> <span class='ocrx_word' id='word_1_457' title='bbox 3086 2970 3324 3039; x_wconf 80' lang='lat' dir='ltr'><strong>patiendi</strong></span> 
     </span>
    </p>
   </div>
   <div class='ocr_carea' id='block_1_54' title="bbox 1734 3032 3327 3104">
    <p class='ocr_par' dir='ltr' id='par_1_54' title="bbox 1734 3032 3327 3104">
     <span class='ocr_line' id='line_1_56' title="bbox 1734 3032 3327 3104; baseline 0.006 -20"><span class='ocrx_word' id='word_1_458' title='bbox 1734 3032 2014 3104; x_wconf 63' lang='lat' dir='ltr'><strong>desiderio.</strong></span> <span class='ocrx_word' id='word_1_459' title='bbox 2047 3033 2184 3088; x_wconf 87' lang='lat' dir='ltr'><strong>Male</strong></span> <span class='ocrx_word' id='word_1_460' title='bbox 2227 3033 2280 3086; x_wconf 90' lang='lat' dir='ltr'><strong>in</strong></span> <span class='ocrx_word' id='word_1_461' title='bbox 2309 3032 2542 3088; x_wconf 87' lang='lat' dir='ltr'><strong>Greven.</strong></span> <span class='ocrx_word' id='word_1_462' title='bbox 2573 3032 2835 3104; x_wconf 81' lang='lat' dir='ltr'><strong>patiendo.</strong></span> <span class='ocrx_word' id='word_1_463' title='bbox 2865 3037 2922 3092; x_wconf 92' lang='lat' dir='ltr'><strong>In</strong></span> <span class='ocrx_word' id='word_1_464' title='bbox 2971 3032 3236 3094; x_wconf 79' lang='lat' dir='ltr'><strong>Munerat.</strong></span> <span class='ocrx_word' id='word_1_465' title='bbox 3269 3050 3327 3094; x_wconf 91' lang='lat' dir='ltr'><strong>et</strong></span> 
     </span>
    </p>
   </div>
   <div class='ocr_carea' id='block_1_55' title="bbox 1734 3101 3321 3171">
    <p class='ocr_par' dir='ltr' id='par_1_55' title="bbox 1734 3101 3321 3171">
     <span class='ocr_line' id='line_1_57' title="bbox 1734 3101 3321 3171; baseline 0.005 -14"><span class='ocrx_word' id='word_1_466' title='bbox 1734 3101 1964 3171; x_wconf 63' lang='lat' dir='ltr'><strong>Greven.</strong></span> <span class='ocrx_word' id='word_1_467' title='bbox 2009 3113 2092 3157; x_wconf 92' lang='lat' dir='ltr'><strong>est</strong></span> <span class='ocrx_word' id='word_1_468' title='bbox 2138 3103 2487 3170; x_wconf 78' lang='lat' dir='ltr'><strong>responsionis</strong></span> <span class='ocrx_word' id='word_1_469' title='bbox 2530 3101 2913 3171; x_wconf 79' lang='lat' dir='ltr'><strong>constantiam;</strong></span> <span class='ocrx_word' id='word_1_470' title='bbox 2954 3109 3138 3164; x_wconf 66' lang='lat' dir='ltr'><strong>caeteri</strong></span> <span class='ocrx_word' id='word_1_471' title='bbox 3167 3119 3227 3164; x_wconf 91' lang='lat' dir='ltr'><strong>ut</strong></span> <span class='ocrx_word' id='word_1_472' title='bbox 3267 3111 3321 3165; x_wconf 91' lang='lat' dir='ltr'><strong>iu</strong></span> 
     </span>
    </p>
   </div>
   <div class='ocr_carea' id='block_1_56' title="bbox 1735 3169 3310 3246">
    <p class='ocr_par' dir='ltr' id='par_1_56' title="bbox 1735 3169 3310 3246">
     <span class='ocr_line' id='line_1_58' title="bbox 1735 3169 3310 3246; baseline 0.004 -20"><span class='ocrx_word' id='word_1_473' title='bbox 1735 3180 1905 3226; x_wconf 80' lang='lat' dir='ltr'><strong>textu.</strong></span> <span class='ocrx_word' id='word_1_474' title='bbox 1924 3169 2160 3246; x_wconf 78' lang='lat' dir='ltr'><strong>Captusii</strong></span> <span class='ocrx_word' id='word_1_475' title='bbox 2187 3169 2434 3246; x_wconf 77' lang='lat' dir='ltr'><strong>errorest</strong></span> <span class='ocrx_word' id='word_1_476' title='bbox 2459 3174 2523 3246; x_wconf 82' lang='lat' dir='ltr'><strong>in</strong></span> <span class='ocrx_word' id='word_1_477' title='bbox 2538 3169 3053 3246; x_wconf 73' lang='lat' dir='ltr'><strong>Antuerp.-lllajore.</strong></span> <span class='ocrx_word' id='word_1_478' title='bbox 3075 3178 3310 3234; x_wconf 90' lang='lat' dir='ltr'><strong>Greven.</strong></span> 
     </span>
    </p>
   </div>
   <div class='ocr_carea' id='block_1_57' title="bbox 1778 3241 3324 3321">
    <p class='ocr_par' dir='ltr' id='par_1_57' title="bbox 1778 3241 3324 3321">
     <span class='ocr_line' id='line_1_59' title="bbox 1778 3241 3324 3321; baseline 0.003 -27"><span class='ocrx_word' id='word_1_479' title='bbox 1778 3257 1840 3321; x_wconf 70' lang='lat' dir='ltr'><strong>ro</strong></span> <span class='ocrx_word' id='word_1_480' title='bbox 1869 3243 2169 3321; x_wconf 74' lang='lat' dir='ltr'><strong>passionum</strong></span> <span class='ocrx_word' id='word_1_481' title='bbox 2197 3241 2357 3295; x_wconf 86' lang='lat' dir='ltr'><strong>habet</strong></span> <span class='ocrx_word' id='word_1_482' title='bbox 2382 3243 2660 3321; x_wconf 68' lang='lat' dir='ltr'><strong>passionis.</strong></span> <span class='ocrx_word' id='word_1_483' title='bbox 2688 3241 2932 3316; x_wconf 73' lang='lat' dir='ltr'><strong>Denique</strong></span> <span class='ocrx_word' id='word_1_484' title='bbox 2953 3251 3004 3302; x_wconf 90' lang='lat' dir='ltr'><strong>in</strong></span> <span class='ocrx_word' id='word_1_485' title='bbox 3031 3249 3324 3321; x_wconf 70' lang='lat' dir='ltr'><strong>Antuerp...</strong></span> 
     </span>
    </p>
   </div>
   <div class='ocr_carea' id='block_1_58' title="bbox 1792 3309 3128 3388">
    <p class='ocr_par' dir='ltr' id='par_1_58' title="bbox 1792 3309 3128 3388">
     <span class='ocr_line' id='line_1_60' title="bbox 1792 3309 3128 3388; baseline 0.006 -24"><span class='ocrx_word' id='word_1_486' title='bbox 1792 3309 1942 3378; x_wconf 87' lang='lat' dir='ltr'><strong>ajore</strong></span> <span class='ocrx_word' id='word_1_487' title='bbox 1968 3313 2169 3366; x_wconf 87' lang='lat' dir='ltr'><strong>omissa</strong></span> <span class='ocrx_word' id='word_1_488' title='bbox 2195 3321 2279 3366; x_wconf 88' lang='lat' dir='ltr'><strong>est</strong></span> <span class='ocrx_word' id='word_1_489' title='bbox 2302 3309 2565 3382; x_wconf 83' lang='lat' dir='ltr'><strong>particula</strong></span> <span class='ocrx_word' id='word_1_490' title='bbox 2594 3323 2647 3369; x_wconf 84' lang='lat' dir='ltr'><strong>et</strong></span> <span class='ocrx_word' id='word_1_491' title='bbox 2671 3324 2794 3385; x_wconf 90' lang='lat' dir='ltr'><strong>post</strong></span> <span class='ocrx_word' id='word_1_492' title='bbox 2813 3309 3128 3388; x_wconf 65' lang='lat' dir='ltr'><strong>praperavit.</strong></span> 
     </span>
    </p>
   </div>
   <div class='ocr_carea' id='block_1_59' title="bbox 1375 3422 1974 3482">
    <p class='ocr_par' dir='ltr' id='par_1_59' title="bbox 1375 3422 1974 3482">
     <span class='ocr_line' id='line_1_61' title="bbox 1375 3422 1974 3482; baseline -0.003 0"><span class='ocrx_word' id='word_1_493' title='bbox 1375 3422 1974 3482; x_wconf 80' lang='lat' dir='ltr'><strong>OBSERVATIONES.</strong></span> 
     </span>
    </p>
   </div>
   <div class='ocr_carea' id='block_1_60' title="bbox 107 3515 3318 3585">
    <p class='ocr_par' dir='ltr' id='par_1_60' title="bbox 107 3515 3318 3585">
     <span class='ocr_line' id='line_1_62' title="bbox 107 3515 3318 3585; baseline 0.003 -13"><span class='ocrx_word' id='word_1_494' title='bbox 107 3520 191 3573; x_wconf 87' lang='lat' dir='ltr'><strong>De</strong></span> <span class='ocrx_word' id='word_1_495' title='bbox 225 3519 464 3575; x_wconf 74' lang='lat' dir='ltr'><strong>Maximo</strong></span> <span class='ocrx_word' id='word_1_496' title='bbox 491 3522 594 3575; x_wconf 93' lang='lat' dir='ltr'><strong>hoc</strong></span> <span class='ocrx_word' id='word_1_497' title='bbox 635 3527 822 3573; x_wconf 90' lang='lat' dir='ltr'><strong>nostro</strong></span> <span class='ocrx_word' id='word_1_498' title='bbox 845 3518 1064 3572; x_wconf 88' lang='lat' dir='ltr'><strong>Aviensi</strong></span> <span class='ocrx_word' id='word_1_499' title='bbox 1095 3518 1439 3585; x_wconf 88' lang='lat' dir='ltr'><strong>antiquorum</strong></span> <span class='ocrx_word' id='word_1_500' title='bbox 1485 3515 1628 3568; x_wconf 66' lang='grc' dir='ltr'><strong>Μαι·-</strong></span> <span class='ocrx_word' id='word_1_501' title='bbox 1657 3517 1702 3580; x_wconf 85' lang='lat' dir='ltr'><strong>C</strong></span> <span class='ocrx_word' id='word_1_502' title='bbox 1733 3515 1838 3579; x_wconf 88' lang='lat' dir='ltr'><strong>bis,</strong></span> <span class='ocrx_word' id='word_1_503' title='bbox 1886 3531 2010 3572; x_wconf 91' lang='lat' dir='ltr'><strong>eum</strong></span> <span class='ocrx_word' id='word_1_504' title='bbox 2043 3525 2288 3572; x_wconf 90' lang='lat' dir='ltr'><strong>sanctum</strong></span> <span class='ocrx_word' id='word_1_505' title='bbox 2329 3518 2416 3572; x_wconf 91' lang='lat' dir='ltr'><strong>die</strong></span> <span class='ocrx_word' id='word_1_506' title='bbox 2441 3520 2764 3584; x_wconf 63' lang='lat' dir='ltr'><strong>praecedenti</strong></span> <span class='ocrx_word' id='word_1_507' title='bbox 2809 3520 3113 3578; x_wconf 86' lang='lat' dir='ltr'><strong>collocavit.</strong></span> <span class='ocrx_word' id='word_1_508' title='bbox 3145 3523 3318 3580; x_wconf 83' lang='lat' dir='ltr'><strong>Wan-</strong></span> 
     </span>
    </p>
   </div>
   <div class='ocr_carea' id='block_1_61' title="bbox 29 3585 1622 3660">
    <p class='ocr_par' dir='ltr' id='par_1_61' title="bbox 29 3585 1622 3660">
     <span class='ocr_line' id='line_1_63' title="bbox 29 3585 1622 3660; baseline -0.003 -17"><span class='ocrx_word' id='word_1_509' title='bbox 29 3591 414 3660; x_wconf 75' lang='lat' dir='ltr'><strong>tyrologorum</strong></span> <span class='ocrx_word' id='word_1_510' title='bbox 447 3591 691 3644; x_wconf 89' lang='lat' dir='ltr'><strong>meminit</strong></span> <span class='ocrx_word' id='word_1_511' title='bbox 720 3590 931 3660; x_wconf 75' lang='lat' dir='ltr'><strong>nullus,</strong></span> <span class='ocrx_word' id='word_1_512' title='bbox 957 3597 1180 3656; x_wconf 77' lang='lat' dir='ltr'><strong>excepto</strong></span> <span class='ocrx_word' id='word_1_513' title='bbox 1217 3588 1330 3641; x_wconf 90' lang='lat' dir='ltr'><strong>solo</strong></span> <span class='ocrx_word' id='word_1_514' title='bbox 1359 3585 1622 3649; x_wconf 89' lang='lat' dir='ltr'><strong>Usuardo,</strong></span> 
     </span>
    </p>
   </div>
   <div class='ocr_carea' id='block_1_62' title="bbox 24 3659 1624 3729">
    <p class='ocr_par' dir='ltr' id='par_1_62' title="bbox 24 3659 1624 3729">
     <span class='ocr_line' id='line_1_64' title="bbox 24 3659 1624 3729; baseline -0.001 -19"><span class='ocrx_word' id='word_1_515' title='bbox 24 3659 130 3728; x_wconf 82' lang='lat' dir='ltr'><strong>qui</strong></span> <span class='ocrx_word' id='word_1_516' title='bbox 161 3661 306 3714; x_wconf 87' lang='lat' dir='ltr'><strong>unde</strong></span> <span class='ocrx_word' id='word_1_517' title='bbox 336 3661 484 3714; x_wconf 87' lang='lat' dir='ltr'><strong>illum</strong></span> <span class='ocrx_word' id='word_1_518' title='bbox 515 3660 803 3729; x_wconf 87' lang='lat' dir='ltr'><strong>acceperit,</strong></span> <span class='ocrx_word' id='word_1_519' title='bbox 829 3659 1073 3729; x_wconf 85' lang='lat' dir='ltr'><strong>divinare</strong></span> <span class='ocrx_word' id='word_1_520' title='bbox 1103 3673 1324 3727; x_wconf 90' lang='lat' dir='ltr'><strong>prorsus</strong></span> <span class='ocrx_word' id='word_1_521' title='bbox 1368 3670 1579 3729; x_wconf 83' lang='lat' dir='ltr'><strong>nequeo</strong></span> <span class='ocrx_word' id='word_1_522' title='bbox 1607 3693 1624 3721; x_wconf 92' lang='lat'><strong>,</strong></span> 
     </span>
    </p>
   </div>
   <div class='ocr_carea' id='block_1_63' title="bbox 27 3726 1626 3799">
    <p class='ocr_par' dir='ltr' id='par_1_63' title="bbox 27 3726 1626 3799">
     <span class='ocr_line' id='line_1_65' title="bbox 27 3726 1626 3799; baseline -0.003 -17"><span class='ocrx_word' id='word_1_523' title='bbox 27 3726 146 3783; x_wconf 81' lang='lat' dir='ltr'><strong>nisi</strong></span> <span class='ocrx_word' id='word_1_524' title='bbox 178 3731 544 3799; x_wconf 87' lang='lat' dir='ltr'><strong>suspicemur,</strong></span> <span class='ocrx_word' id='word_1_525' title='bbox 568 3726 823 3799; x_wconf 78' lang='lat' dir='ltr'><strong>martyris</strong></span> <span class='ocrx_word' id='word_1_526' title='bbox 851 3728 992 3782; x_wconf 92' lang='lat' dir='ltr'><strong>illius</strong></span> <span class='ocrx_word' id='word_1_527' title='bbox 1019 3726 1344 3799; x_wconf 83' lang='lat' dir='ltr'><strong>passionem,</strong></span> <span class='ocrx_word' id='word_1_528' title='bbox 1381 3735 1474 3779; x_wconf 92' lang='lat' dir='ltr'><strong>aut</strong></span> <span class='ocrx_word' id='word_1_529' title='bbox 1506 3726 1626 3799; x_wconf 76' lang='lat' dir='ltr'><strong>bre-</strong></span> 
     </span>
    </p>
   </div>
   <div class='ocr_carea' id='block_1_64' title="bbox 26 3794 1626 3869">
    <p class='ocr_par' dir='ltr' id='par_1_64' title="bbox 26 3794 1626 3869">
     <span class='ocr_line' id='line_1_66' title="bbox 26 3794 1626 3869; baseline -0.003 -18"><span class='ocrx_word' id='word_1_530' title='bbox 26 3801 126 3852; x_wconf 82' lang='lat' dir='ltr'><strong>via</strong></span> <span class='ocrx_word' id='word_1_531' title='bbox 153 3794 406 3869; x_wconf 68' lang='lat' dir='ltr'><strong>quaedam</strong></span> <span class='ocrx_word' id='word_1_532' title='bbox 437 3801 594 3863; x_wconf 85' lang='lat' dir='ltr'><strong>Acta,</strong></span> <span class='ocrx_word' id='word_1_533' title='bbox 621 3801 674 3852; x_wconf 91' lang='lat' dir='ltr'><strong>in</strong></span> <span class='ocrx_word' id='word_1_534' title='bbox 699 3794 822 3869; x_wconf 79' lang='lat' dir='ltr'><strong>ejus</strong></span> <span class='ocrx_word' id='word_1_535' title='bbox 855 3794 1046 3869; x_wconf 76' lang='lat' dir='ltr'><strong>manus</strong></span> <span class='ocrx_word' id='word_1_536' title='bbox 1071 3797 1411 3869; x_wconf 84' lang='lat' dir='ltr'><strong>pervenisse,</strong></span> <span class='ocrx_word' id='word_1_537' title='bbox 1445 3794 1626 3869; x_wconf 69' lang='lat' dir='ltr'><strong>qualia</strong></span> 
     </span>
    </p>
   </div>
   <div class='ocr_carea' id='block_1_65' title="bbox 26 3865 1620 3932">
    <p class='ocr_par' dir='ltr' id='par_1_65' title="bbox 26 3865 1620 3932">
     <span class='ocr_line' id='line_1_67' title="bbox 26 3865 1620 3932; baseline -0.003 -10"><span class='ocrx_word' id='word_1_538' title='bbox 26 3865 220 3924; x_wconf 81' lang='lat' dir='ltr'><strong>ferme</strong></span> <span class='ocrx_word' id='word_1_539' title='bbox 249 3869 421 3924; x_wconf 90' lang='lat' dir='ltr'><strong>edidit</strong></span> <span class='ocrx_word' id='word_1_540' title='bbox 468 3871 658 3924; x_wconf 87' lang='lat' dir='ltr'><strong>Petrus</strong></span> <span class='ocrx_word' id='word_1_541' title='bbox 685 3865 751 3922; x_wconf 84' lang='lat' dir='ltr'><strong>de</strong></span> <span class='ocrx_word' id='word_1_542' title='bbox 780 3865 1198 3922; x_wconf 50' lang='lat' dir='ltr'><strong>Natalibus&#39;lib.</strong></span> <span class='ocrx_word' id='word_1_543' title='bbox 1243 3883 1317 3928; x_wconf 82' lang='lat' dir='ltr'><strong>Ix,</strong></span> <span class='ocrx_word' id='word_1_544' title='bbox 1366 3881 1486 3932; x_wconf 89' lang='lat' dir='ltr'><strong>cap.</strong></span> <span class='ocrx_word' id='word_1_545' title='bbox 1533 3865 1620 3919; x_wconf 82' lang='grc'><strong>85.</strong></span> 
     </span>
    </p>
   </div>
   <div class='ocr_carea' id='block_1_66' title="bbox 24 3935 1628 4007">
    <p class='ocr_par' dir='ltr' id='par_1_66' title="bbox 24 3935 1628 4007">
     <span class='ocr_line' id='line_1_68' title="bbox 24 3935 1628 4007; baseline -0.003 -15"><span class='ocrx_word' id='word_1_546' title='bbox 24 3939 158 3992; x_wconf 81' lang='lat' dir='ltr'><strong>Alia</strong></span> <span class='ocrx_word' id='word_1_547' title='bbox 204 3943 347 4007; x_wconf 87' lang='lat' dir='ltr'><strong>apud</strong></span> <span class='ocrx_word' id='word_1_548' title='bbox 381 3955 478 3993; x_wconf 91' lang='lat' dir='ltr'><strong>nos</strong></span> <span class='ocrx_word' id='word_1_549' title='bbox 519 3955 648 3993; x_wconf 88' lang='lat' dir='ltr'><strong>mss.</strong></span> <span class='ocrx_word' id='word_1_550' title='bbox 695 3946 942 4001; x_wconf 77' lang='lat' dir='ltr'><strong>exstant,</strong></span> <span class='ocrx_word' id='word_1_551' title='bbox 987 3946 1042 3992; x_wconf 92' lang='lat' dir='ltr'><strong>et</strong></span> <span class='ocrx_word' id='word_1_552' title='bbox 1087 3937 1303 4007; x_wconf 88' lang='lat' dir='ltr'><strong>quidem</strong></span> <span class='ocrx_word' id='word_1_553' title='bbox 1353 3936 1525 3998; x_wconf 90' lang='lat' dir='ltr'><strong>varia,</strong></span> <span class='ocrx_word' id='word_1_554' title='bbox 1571 3935 1628 3987; x_wconf 90' lang='lat' dir='ltr'><strong>in</strong></span> 
     </span>
    </p>
   </div>
   <div class='ocr_carea' id='block_1_67' title="bbox 24 4006 1630 4077">
    <p class='ocr_par' dir='ltr' id='par_1_67' title="bbox 24 4006 1630 4077">
     <span class='ocr_line' id='line_1_69' title="bbox 24 4006 1630 4077; baseline -0.002 -17"><span class='ocrx_word' id='word_1_555' title='bbox 24 4006 277 4077; x_wconf 86' lang='lat' dir='ltr'><strong>quorum</strong></span> <span class='ocrx_word' id='word_1_556' title='bbox 314 4009 586 4063; x_wconf 90' lang='lat' dir='ltr'><strong>nonnullis</strong></span> <span class='ocrx_word' id='word_1_557' title='bbox 613 4009 897 4062; x_wconf 89' lang='lat' dir='ltr'><strong>manifesta</strong></span> <span class='ocrx_word' id='word_1_558' title='bbox 943 4008 1086 4060; x_wconf 89' lang='lat' dir='ltr'><strong>inter</strong></span> <span class='ocrx_word' id='word_1_559' title='bbox 1115 4006 1377 4077; x_wconf 72' lang='lat' dir='ltr'><strong>Maximos</strong></span> <span class='ocrx_word' id='word_1_560' title='bbox 1404 4013 1630 4077; x_wconf 80' lang='lat' dir='ltr'><strong>apparet</strong></span> 
     </span>
    </p>
   </div>
   <div class='ocr_carea' id='block_1_68' title="bbox 25 4075 1628 4148">
    <p class='ocr_par' dir='ltr' id='par_1_68' title="bbox 25 4075 1628 4148">
     <span class='ocr_line' id='line_1_70' title="bbox 25 4075 1628 4148; baseline -0.004 -16"><span class='ocrx_word' id='word_1_561' title='bbox 25 4075 326 4142; x_wconf 77' lang='lat' dir='ltr'><strong>confusio,</strong></span> <span class='ocrx_word' id='word_1_562' title='bbox 379 4081 446 4133; x_wconf 91' lang='lat' dir='ltr'><strong>de</strong></span> <span class='ocrx_word' id='word_1_563' title='bbox 479 4095 584 4148; x_wconf 89' lang='lat' dir='ltr'><strong>qua</strong></span> <span class='ocrx_word' id='word_1_564' title='bbox 641 4080 1006 4147; x_wconf 89' lang='lat' dir='ltr'><strong>disputantem</strong></span> <span class='ocrx_word' id='word_1_565' title='bbox 1059 4078 1178 4130; x_wconf 90' lang='lat' dir='ltr'><strong>vide</strong></span> <span class='ocrx_word' id='word_1_566' title='bbox 1207 4075 1628 4148; x_wconf 29' lang='lat' dir='ltr'><strong>‘Tillemontium</strong></span> 
     </span>
    </p>
   </div>
   <div class='ocr_carea' id='block_1_69' title="bbox 29 4143 1626 4216">
    <p class='ocr_par' dir='ltr' id='par_1_69' title="bbox 29 4143 1626 4216">
     <span class='ocr_line' id='line_1_71' title="bbox 29 4143 1626 4216; baseline -0.003 -15"><span class='ocrx_word' id='word_1_567' title='bbox 29 4160 192 4201; x_wconf 82' lang='grc' dir='ltr'>ιοιιιο</span> <span class='ocrx_word' id='word_1_568' title='bbox 223 4149 309 4212; x_wconf 92' lang='lat' dir='ltr'><strong>III,</strong></span> <span class='ocrx_word' id='word_1_569' title='bbox 361 4143 630 4216; x_wconf 59' lang='lat' dir='ltr'><strong>pag.&#39;7l0</strong></span> <span class='ocrx_word' id='word_1_570' title='bbox 677 4143 741 4201; x_wconf 56' lang='lat' dir='ltr'><strong>et&#39;</strong></span> <span class='ocrx_word' id='word_1_571' title='bbox 778 4148 900 4202; x_wconf 83' lang='lat' dir='ltr'><strong>7H.</strong></span> <span class='ocrx_word' id='word_1_572' title='bbox 952 4148 1161 4201; x_wconf 82' lang='lat' dir='ltr'><strong>Asserit</strong></span> <span class='ocrx_word' id='word_1_573' title='bbox 1207 4145 1470 4199; x_wconf 87' lang='lat' dir='ltr'><strong>Baronins</strong></span> <span class='ocrx_word' id='word_1_574' title='bbox 1512 4143 1626 4212; x_wconf 86' lang='lat' dir='ltr'><strong>ejus</strong></span> 
     </span>
    </p>
   </div>
   <div class='ocr_carea' id='block_1_70' title="bbox 27 4217 1628 4288">
    <p class='ocr_par' dir='ltr' id='par_1_70' title="bbox 27 4217 1628 4288">
     <span class='ocr_line' id='line_1_72' title="bbox 27 4217 1628 4288; baseline -0.004 -16"><span class='ocrx_word' id='word_1_575' title='bbox 27 4222 289 4287; x_wconf 79' lang='lat' dir='ltr'><strong>martyrii</strong></span> <span class='ocrx_word' id='word_1_576' title='bbox 331 4231 486 4288; x_wconf 85' lang='lat' dir='ltr'><strong>utque</strong></span> <span class='ocrx_word' id='word_1_577' title='bbox 529 4217 888 4288; x_wconf 78' lang='lat' dir='ltr'><strong>translationis</strong></span> <span class='ocrx_word' id='word_1_578' title='bbox 916 4218 1190 4288; x_wconf 85' lang='lat' dir='ltr'><strong>historiam</strong></span> <span class='ocrx_word' id='word_1_579' title='bbox 1220 4217 1628 4288; x_wconf 82' lang='lat' dir='ltr'><strong>manuscriptam</strong></span> 
     </span>
    </p>
   </div>
   <div class='ocr_carea' id='block_1_71' title="bbox 28 4286 1626 4358">
    <p class='ocr_par' dir='ltr' id='par_1_71' title="bbox 28 4286 1626 4358">
     <span class='ocr_line' id='line_1_73' title="bbox 28 4286 1626 4358; baseline -0.004 -17"><span class='ocrx_word' id='word_1_580' title='bbox 28 4307 88 4341; x_wconf 80' lang='lat' dir='ltr'><strong>se</strong></span> <span class='ocrx_word' id='word_1_581' title='bbox 120 4286 488 4354; x_wconf 70' lang='lat' dir='ltr'><strong>accepissent:</strong></span> <span class='ocrx_word' id='word_1_582' title='bbox 517 4287 1072 4358; x_wconf 75' lang='lat' dir='ltr'><strong>ecclesia_.4quilatta;</strong></span> <span class='ocrx_word' id='word_1_583' title='bbox 1095 4286 1391 4358; x_wconf 81' lang='lat' dir='ltr'><strong>nimirum,</strong></span> <span class='ocrx_word' id='word_1_584' title='bbox 1414 4286 1626 4358; x_wconf 72' lang='lat' dir='ltr'><strong>opinor,</strong></span> 
     </span>
    </p>
   </div>
   <div class='ocr_carea' id='block_1_72' title="bbox 26 4351 1630 4427">
    <p class='ocr_par' dir='ltr' id='par_1_72' title="bbox 26 4351 1630 4427">
     <span class='ocr_line' id='line_1_74' title="bbox 26 4351 1630 4427; baseline -0.004 -16"><span class='ocrx_word' id='word_1_585' title='bbox 26 4360 173 4411; x_wconf 84' lang='lat' dir='ltr'><strong>Acta</strong></span> <span class='ocrx_word' id='word_1_586' title='bbox 230 4351 317 4411; x_wconf 85' lang='lat' dir='ltr'><strong>illa</strong></span> <span class='ocrx_word' id='word_1_587' title='bbox 367 4360 502 4427; x_wconf 85' lang='lat' dir='ltr'><strong>ipsa,</strong></span> <span class='ocrx_word' id='word_1_588' title='bbox 547 4373 612 4409; x_wconf 75' lang='lat' dir='ltr'><strong>ex</strong></span> <span class='ocrx_word' id='word_1_589' title='bbox 647 4351 841 4426; x_wconf 80' lang='lat' dir='ltr'><strong>quibus</strong></span> <span class='ocrx_word' id='word_1_590' title='bbox 868 4357 1224 4426; x_wconf 61' lang='lat' dir='ltr'><strong>compositum</strong></span> <span class='ocrx_word' id='word_1_591' title='bbox 1270 4351 1504 4427; x_wconf 72' lang='lat' dir='ltr'><strong>subinde</strong></span> <span class='ocrx_word' id='word_1_592' title='bbox 1529 4351 1630 4406; x_wconf 88' lang='lat' dir='ltr'><strong>fuit</strong></span> 
     </span>
    </p>
   </div>
   <div class='ocr_carea' id='block_1_73' title="bbox 32 4425 1624 4495">
    <p class='ocr_par' dir='ltr' id='par_1_73' title="bbox 32 4425 1624 4495">
     <span class='ocr_line' id='line_1_75' title="bbox 32 4425 1624 4495; baseline -0.001 -18"><span class='ocrx_word' id='word_1_593' title='bbox 32 4429 282 4481; x_wconf 65' lang='lat' dir='ltr'><strong>omnium</strong></span> <span class='ocrx_word' id='word_1_594' title='bbox 311 4425 738 4481; x_wconf 75' lang='lat' dir='ltr'><strong>ecclesiasticum</strong></span> <span class='ocrx_word' id='word_1_595' title='bbox 769 4425 1048 4495; x_wconf 69' lang='lat' dir='ltr'><strong>Aquilana:</strong></span> <span class='ocrx_word' id='word_1_596' title='bbox 1074 4425 1291 4479; x_wconf 62' lang='lat' dir='ltr'><strong>dioecesi</strong></span> <span class='ocrx_word' id='word_1_597' title='bbox 1327 4425 1624 4494; x_wconf 89' lang='lat' dir='ltr'><strong>pr0prium,</strong></span> 
     </span>
    </p>
   </div>
   <div class='ocr_carea' id='block_1_74' title="bbox 32 4495 1627 4566">
    <p class='ocr_par' dir='ltr' id='par_1_74' title="bbox 32 4495 1627 4566">
     <span class='ocr_line' id='line_1_76' title="bbox 32 4495 1627 4566; baseline -0.004 -14"><span class='ocrx_word' id='word_1_598' title='bbox 32 4499 229 4553; x_wconf 63' lang='lat' dir='ltr'><strong>Romae</strong></span> <span class='ocrx_word' id='word_1_599' title='bbox 255 4499 578 4566; x_wconf 75' lang='lat' dir='ltr'><strong>impressum</strong></span> <span class='ocrx_word' id='word_1_600' title='bbox 621 4511 764 4549; x_wconf 90' lang='lat' dir='ltr'><strong>anno</strong></span> <span class='ocrx_word' id='word_1_601' title='bbox 791 4497 950 4557; x_wconf 75' lang='grc'><strong>1604,</strong></span> <span class='ocrx_word' id='word_1_602' title='bbox 977 4495 1130 4561; x_wconf 87' lang='lat' dir='ltr'><strong>cujus</strong></span> <span class='ocrx_word' id='word_1_603' title='bbox 1154 4495 1430 4562; x_wconf 76' lang='lat' dir='ltr'><strong>exemplar</strong></span> <span class='ocrx_word' id='word_1_604' title='bbox 1461 4495 1627 4566; x_wconf 84' lang='lat' dir='ltr'><strong>hahe-</strong></span> 
     </span>
    </p>
   </div>
   <div class='ocr_carea' id='block_1_75' title="bbox 31 4563 1629 4636">
    <p class='ocr_par' dir='ltr' id='par_1_75' title="bbox 31 4563 1629 4636">
     <span class='ocr_line' id='line_1_77' title="bbox 31 4563 1629 4636; baseline -0.002 -17"><span class='ocrx_word' id='word_1_605' title='bbox 31 4585 183 4630; x_wconf 85' lang='lat' dir='ltr'><strong>mus,</strong></span> <span class='ocrx_word' id='word_1_606' title='bbox 213 4579 268 4621; x_wconf 91' lang='lat' dir='ltr'><strong>et</strong></span> <span class='ocrx_word' id='word_1_607' title='bbox 300 4563 367 4622; x_wconf 63' lang='lat' dir='ltr'><strong>ei</strong></span> <span class='ocrx_word' id='word_1_608' title='bbox 396 4583 504 4636; x_wconf 89' lang='lat' dir='ltr'><strong>quo</strong></span> <span class='ocrx_word' id='word_1_609' title='bbox 535 4565 822 4635; x_wconf 84' lang='lat' dir='ltr'><strong>descripsit</strong></span> <span class='ocrx_word' id='word_1_610' title='bbox 864 4566 1147 4636; x_wconf 84' lang='lat' dir='ltr'><strong>Ferrarius</strong></span> <span class='ocrx_word' id='word_1_611' title='bbox 1187 4579 1531 4636; x_wconf 67' lang='lat' dir='ltr'><strong>quaecunque</strong></span> <span class='ocrx_word' id='word_1_612' title='bbox 1561 4563 1629 4617; x_wconf 90' lang='lat' dir='ltr'><strong>de</strong></span> 
     </span>
    </p>
   </div>
   <div class='ocr_carea' id='block_1_76' title="bbox 32 4633 1630 4705">
    <p class='ocr_par' dir='ltr' id='par_1_76' title="bbox 32 4633 1630 4705">
     <span class='ocr_line' id='line_1_78' title="bbox 32 4633 1630 4705; baseline -0.003 -13"><span class='ocrx_word' id='word_1_613' title='bbox 32 4639 279 4692; x_wconf 75' lang='lat' dir='ltr'><strong>Maximo</strong></span> <span class='ocrx_word' id='word_1_614' title='bbox 315 4633 540 4691; x_wconf 82' lang='lat' dir='ltr'><strong>annotat</strong></span> <span class='ocrx_word' id='word_1_615' title='bbox 569 4637 620 4689; x_wconf 91' lang='lat' dir='ltr'><strong>in</strong></span> <span class='ocrx_word' id='word_1_616' title='bbox 659 4633 872 4690; x_wconf 80' lang='lat' dir='ltr'><strong>sanctis</strong></span> <span class='ocrx_word' id='word_1_617' title='bbox 895 4635 1090 4700; x_wconf 70' lang='lat' dir='ltr'><strong>Italus,</strong></span> <span class='ocrx_word' id='word_1_618' title='bbox 1116 4651 1238 4705; x_wconf 89' lang='lat' dir='ltr'><strong>pag.</strong></span> <span class='ocrx_word' id='word_1_619' title='bbox 1271 4634 1394 4687; x_wconf 79' lang='grc'>657.</span> <span class='ocrx_word' id='word_1_620' title='bbox 1422 4633 1630 4688; x_wconf 85' lang='lat' dir='ltr'><strong>Colitur</strong></span> 
     </span>
    </p>
   </div>
   <div class='ocr_carea' id='block_1_77' title="bbox 28 4705 1626 4776">
    <p class='ocr_par' dir='ltr' id='par_1_77' title="bbox 28 4705 1626 4776">
     <span class='ocr_line' id='line_1_79' title="bbox 28 4705 1626 4776; baseline -0.002 -16"><span class='ocrx_word' id='word_1_621' title='bbox 28 4711 105 4761; x_wconf 82' lang='lat' dir='ltr'><strong>ah</strong></span> <span class='ocrx_word' id='word_1_622' title='bbox 137 4709 443 4775; x_wconf 84' lang='lat' dir='ltr'><strong>Aquilanis.</strong></span> <span class='ocrx_word' id='word_1_623' title='bbox 478 4706 621 4762; x_wconf 84' lang='lat' dir='ltr'><strong>sacri</strong></span> <span class='ocrx_word' id='word_1_624' title='bbox 646 4705 878 4776; x_wconf 88' lang='lat' dir='ltr'><strong>depositi</strong></span> <span class='ocrx_word' id='word_1_625' title='bbox 916 4707 1344 4776; x_wconf 84' lang='lat' dir='ltr'><strong>possessoribus,</strong></span> <span class='ocrx_word' id='word_1_626' title='bbox 1372 4715 1626 4776; x_wconf 83' lang='lat' dir='ltr'><strong>tanquam</strong></span> 
     </span>
    </p>
   </div>
   <div class='ocr_carea' id='block_1_78' title="bbox 26 4773 1628 4846">
    <p class='ocr_par' dir='ltr' id='par_1_78' title="bbox 26 4773 1628 4846">
     <span class='ocr_line' id='line_1_80' title="bbox 26 4773 1628 4846; baseline -0.002 -16"><span class='ocrx_word' id='word_1_627' title='bbox 26 4773 332 4846; x_wconf 78' lang='lat' dir='ltr'><strong>peculiaris</strong></span> <span class='ocrx_word' id='word_1_628' title='bbox 365 4788 640 4845; x_wconf 87' lang='lat' dir='ltr'><strong>patronus,</strong></span> <span class='ocrx_word' id='word_1_629' title='bbox 675 4773 768 4829; x_wconf 81' lang='lat' dir='ltr'><strong>xix</strong></span> <span class='ocrx_word' id='word_1_630' title='bbox 796 4773 1076 4840; x_wconf 84' lang='lat' dir='ltr'><strong>Octobris;</strong></span> <span class='ocrx_word' id='word_1_631' title='bbox 1112 4792 1209 4830; x_wconf 92' lang='lat' dir='ltr'><strong>nos</strong></span> <span class='ocrx_word' id='word_1_632' title='bbox 1234 4773 1511 4846; x_wconf 85' lang='lat' dir='ltr'><strong>alterutro</strong></span> <span class='ocrx_word' id='word_1_633' title='bbox 1539 4774 1628 4846; x_wconf 86' lang='lat' dir='ltr'><strong>die</strong></span> 
     </span>
    </p>
   </div>
   <div class='ocr_carea' id='block_1_79' title="bbox 1731 3585 2858 3657">
    <p class='ocr_par' dir='ltr' id='par_1_79' title="bbox 1731 3585 2858 3657">
     <span class='ocr_line' id='line_1_81' title="bbox 1731 3585 2858 3657; baseline 0.004 -18"><span class='ocrx_word' id='word_1_634' title='bbox 1731 3585 2012 3642; x_wconf 86' lang='lat' dir='ltr'><strong>dalbertus</strong></span> <span class='ocrx_word' id='word_1_635' title='bbox 2037 3587 2102 3642; x_wconf 89' lang='lat' dir='ltr'><strong>de</strong></span> <span class='ocrx_word' id='word_1_636' title='bbox 2129 3589 2244 3657; x_wconf 87' lang='lat' dir='ltr'><strong>ipso</strong></span> <span class='ocrx_word' id='word_1_637' title='bbox 2275 3587 2388 3643; x_wconf 93' lang='lat' dir='ltr'><strong>solo</strong></span> <span class='ocrx_word' id='word_1_638' title='bbox 2418 3589 2580 3644; x_wconf 92' lang='lat' dir='ltr'><strong>hodie</strong></span> <span class='ocrx_word' id='word_1_639' title='bbox 2611 3591 2812 3644; x_wconf 90' lang='lat' dir='ltr'><strong>cecinit</strong></span> <span class='ocrx_word' id='word_1_640' title='bbox 2844 3610 2858 3645; x_wconf 91' lang='lat'><strong>:</strong></span> 
     </span>
    </p>
   </div>
   <div class='ocr_carea' id='block_1_80' title="bbox 1851 3683 3086 3750">
    <p class='ocr_par' dir='ltr' id='par_1_80' title="bbox 1851 3683 3086 3750">
     <span class='ocr_line' id='line_1_82' title="bbox 1851 3683 3086 3750; baseline 0.006 -14"><span class='ocrx_word' id='word_1_641' title='bbox 1851 3683 2072 3736; x_wconf 75' lang='lat' dir='ltr'><strong>Tertium</strong></span> <span class='ocrx_word' id='word_1_642' title='bbox 2095 3698 2203 3734; x_wconf 89' lang='lat' dir='ltr'><strong>cum</strong></span> <span class='ocrx_word' id='word_1_643' title='bbox 2227 3684 2375 3748; x_wconf 88' lang='lat' dir='ltr'><strong>deuo,</strong></span> <span class='ocrx_word' id='word_1_644' title='bbox 2403 3686 2600 3750; x_wconf 79' lang='lat' dir='ltr'><strong>Caprasi</strong></span> <span class='ocrx_word' id='word_1_645' title='bbox 2624 3697 2828 3750; x_wconf 86' lang='lat' dir='ltr'><strong>martyr,</strong></span> <span class='ocrx_word' id='word_1_646' title='bbox 2856 3691 3086 3744; x_wconf 81' lang='lat' dir='ltr'><strong>bonoras.</strong></span> 
     </span>
    </p>
   </div>
   <div class='ocr_carea' id='block_1_81' title="bbox 1801 3789 3318 3866">
    <p class='ocr_par' dir='ltr' id='par_1_81' title="bbox 1801 3789 3318 3866">
     <span class='ocr_line' id='line_1_83' title="bbox 1801 3789 3318 3866; baseline 0.007 -23"><span class='ocrx_word' id='word_1_647' title='bbox 1801 3789 2060 3866; x_wconf 78' lang='lat' dir='ltr'><strong>_Sequitur</strong></span> <span class='ocrx_word' id='word_1_648' title='bbox 2091 3789 2282 3866; x_wconf 79' lang='lat' dir='ltr'><strong>classis</strong></span> <span class='ocrx_word' id='word_1_649' title='bbox 2308 3790 2574 3866; x_wconf 69' lang='lat' dir='ltr'><strong>virginum</strong></span> <span class='ocrx_word' id='word_1_650' title='bbox 2607 3793 3032 3860; x_wconf 88' lang='lat' dir='ltr'><strong>Coloniensium,</strong></span> <span class='ocrx_word' id='word_1_651' title='bbox 3056 3797 3318 3866; x_wconf 86' lang='lat' dir='ltr'><strong>quandiu,</strong></span> 
     </span>
    </p>
   </div>
   <div class='ocr_carea' id='block_1_82' title="bbox 1729 3860 3320 3943">
    <p class='ocr_par' dir='ltr' id='par_1_82' title="bbox 1729 3860 3320 3943">
     <span class='ocr_line' id='line_1_84' title="bbox 1729 3860 3320 3943; baseline 0.006 -29"><span class='ocrx_word' id='word_1_652' title='bbox 1729 3861 1838 3941; x_wconf 80' lang='lat' dir='ltr'><strong>sed_</strong></span> <span class='ocrx_word' id='word_1_653' title='bbox 1869 3860 2088 3941; x_wconf 80' lang='lat' dir='ltr'><strong>frustra,</strong></span> <span class='ocrx_word' id='word_1_654' title='bbox 2127 3861 2271 3943; x_wconf 75' lang='lat' dir='ltr'><strong>apud</strong></span> <span class='ocrx_word' id='word_1_655' title='bbox 2291 3860 2710 3943; x_wconf 50' lang='lat' dir='ltr'><strong>“Martyrologos</strong></span> <span class='ocrx_word' id='word_1_656' title='bbox 2738 3873 2833 3918; x_wconf 91' lang='lat' dir='ltr'><strong>aut</strong></span> <span class='ocrx_word' id='word_1_657' title='bbox 2861 3866 2996 3943; x_wconf 81' lang='lat' dir='ltr'><strong>alios</strong></span> <span class='ocrx_word' id='word_1_658' title='bbox 3024 3860 3320 3943; x_wconf 69' lang='lat' dir='ltr'><strong>scriptores</strong></span> 
     </span>
    </p>
   </div>
   <div class='ocr_carea' id='block_1_83' title="bbox 1729 3930 3322 4004">
    <p class='ocr_par' dir='ltr' id='par_1_83' title="bbox 1729 3930 3322 4004">
     <span class='ocr_line' id='line_1_85' title="bbox 1729 3930 3322 4004; baseline 0.004 -19"><span class='ocrx_word' id='word_1_659' title='bbox 1729 3930 2118 4004; x_wconf 81' lang='lat' dir='ltr'><strong>antiquos,ilno</strong></span> <span class='ocrx_word' id='word_1_660' title='bbox 2133 3930 2636 4004; x_wconf 72' lang='lat' dir='ltr'><strong>apudColouienses</strong></span> <span class='ocrx_word' id='word_1_661' title='bbox 2651 3936 2812 4002; x_wconf 91' lang='lat' dir='ltr'><strong>ipsos,</strong></span> <span class='ocrx_word' id='word_1_662' title='bbox 2831 3930 3210 4004; x_wconf 68' lang='lat' dir='ltr'><strong>qutesiverain,</strong></span> <span class='ocrx_word' id='word_1_663' title='bbox 3227 3939 3322 3993; x_wconf 87' lang='lat' dir='ltr'><strong>do-</strong></span> 
     </span>
    </p>
   </div>
   <div class='ocr_carea' id='block_1_84' title="bbox 1729 3999 3318 4072">
    <p class='ocr_par' dir='ltr' id='par_1_84' title="bbox 1729 3999 3318 4072">
     <span class='ocr_line' id='line_1_86' title="bbox 1729 3999 3318 4072; baseline 0.004 -16"><span class='ocrx_word' id='word_1_664' title='bbox 1729 4016 1833 4056; x_wconf 86' lang='lat' dir='ltr'><strong>nec</strong></span> <span class='ocrx_word' id='word_1_665' title='bbox 1852 4014 1980 4072; x_wconf 87' lang='lat' dir='ltr'><strong>c_a_su</strong></span> <span class='ocrx_word' id='word_1_666' title='bbox 2006 4000 2168 4072; x_wconf 78' lang='lat' dir='ltr'><strong>incidi</strong></span> <span class='ocrx_word' id='word_1_667' title='bbox 2193 3999 2244 4052; x_wconf 91' lang='lat' dir='ltr'><strong>in</strong></span> <span class='ocrx_word' id='word_1_668' title='bbox 2270 4001 2445 4072; x_wconf 83' lang='lat' dir='ltr'><strong>locum</strong></span> <span class='ocrx_word' id='word_1_669' title='bbox 2464 3999 2803 4058; x_wconf 83' lang='lat' dir='ltr'><strong>Cromhachii</strong></span> <span class='ocrx_word' id='word_1_670' title='bbox 2835 3999 2898 4058; x_wconf 80' lang='lat' dir='ltr'><strong>de</strong></span> <span class='ocrx_word' id='word_1_671' title='bbox 2921 4005 3110 4061; x_wconf 88' lang='lat' dir='ltr'><strong>Ursula</strong></span> <span class='ocrx_word' id='word_1_672' title='bbox 3139 3999 3230 4062; x_wconf 82' lang='lat' dir='ltr'><strong>lib.</strong></span> <span class='ocrx_word' id='word_1_673' title='bbox 3257 4025 3318 4072; x_wconf 85' lang='grc' dir='ltr'>ιι,</span> 
     </span>
    </p>
   </div>
   <div class='ocr_carea' id='block_1_85' title="bbox 1730 4067 3321 4150">
    <p class='ocr_par' dir='ltr' id='par_1_85' title="bbox 1730 4067 3321 4150">
     <span class='ocr_line' id='line_1_87' title="bbox 1730 4067 3321 4150; baseline 0.004 -25"><span class='ocrx_word' id='word_1_674' title='bbox 1730 4069 1944 4150; x_wconf 38' lang='grc' dir='ltr'><strong>εει)..ίὲ</strong></span> <span class='ocrx_word' id='word_1_675' title='bbox 1962 4069 2098 4150; x_wconf 44' lang='grc' dir='ltr'><strong>,Ιυζιί</strong></span> <span class='ocrx_word' id='word_1_676' title='bbox 2125 4067 2427 4150; x_wconf 68' lang='lat' dir='ltr'><strong>Usuardutn</strong></span> <span class='ocrx_word' id='word_1_677' title='bbox 2457 4072 2747 4150; x_wconf 64' lang='lat' dir='ltr'><strong>primorum</strong></span> <span class='ocrx_word' id='word_1_678' title='bbox 2775 4075 3034 4142; x_wconf 84' lang='lat' dir='ltr'><strong>virginum</strong></span> <span class='ocrx_word' id='word_1_679' title='bbox 3062 4067 3321 4132; x_wconf 73' lang='lat' dir='ltr'><strong>cwsarum</strong></span> 
     </span>
    </p>
   </div>
   <div class='ocr_carea' id='block_1_86' title="bbox 1728 4137 3320 4212">
    <p class='ocr_par' dir='ltr' id='par_1_86' title="bbox 1728 4137 3320 4212">
     <span class='ocr_line' id='line_1_88' title="bbox 1728 4137 3320 4212; baseline 0.008 -21"><span class='ocrx_word' id='word_1_680' title='bbox 1728 4137 1899 4212; x_wconf 70' lang='lat' dir='ltr'><strong>pridie</strong></span> <span class='ocrx_word' id='word_1_681' title='bbox 1949 4137 2422 4212; x_wconf 14' lang='lat' dir='ltr'><strong>cladisrgeneralis</strong></span> <span class='ocrx_word' id='word_1_682' title='bbox 2459 4137 2758 4212; x_wconf 76' lang='lat' dir='ltr'><strong>Ursulame,</strong></span> <span class='ocrx_word' id='word_1_683' title='bbox 2806 4137 2904 4212; x_wconf 78' lang='lat' dir='ltr'><strong>per</strong></span> <span class='ocrx_word' id='word_1_684' title='bbox 2926 4153 3104 4199; x_wconf 77' lang='lat' dir='ltr'><strong>textus</strong></span> <span class='ocrx_word' id='word_1_685' title='bbox 3148 4149 3320 4203; x_wconf 91' lang='lat' dir='ltr'><strong>nostri</strong></span> 
     </span>
    </p>
   </div>
   <div class='ocr_carea' id='block_1_87' title="bbox 1730 4209 3316 4282">
    <p class='ocr_par' dir='ltr' id='par_1_87' title="bbox 1730 4209 3316 4282">
     <span class='ocr_line' id='line_1_89' title="bbox 1730 4209 3316 4282; baseline 0.006 -20"><span class='ocrx_word' id='word_1_686' title='bbox 1730 4209 1894 4282; x_wconf 77' lang='lat' dir='ltr'><strong>verba</strong></span> <span class='ocrx_word' id='word_1_687' title='bbox 1925 4209 2235 4282; x_wconf 82' lang='lat' dir='ltr'><strong>meminisse</strong></span> <span class='ocrx_word' id='word_1_688' title='bbox 2256 4211 2554 4282; x_wconf 82' lang='lat' dir='ltr'><strong>contendit,</strong></span> <span class='ocrx_word' id='word_1_689' title='bbox 2579 4209 2820 4277; x_wconf 33' lang='lat' dir='ltr'><strong>addensp</strong></span> <span class='ocrx_word' id='word_1_690' title='bbox 2841 4213 3172 4270; x_wconf 82' lang='lat' dir='ltr'><strong>Colonienses</strong></span> <span class='ocrx_word' id='word_1_691' title='bbox 3196 4217 3316 4282; x_wconf 81' lang='lat' dir='ltr'><strong>has,</strong></span> 
     </span>
    </p>
   </div>
   <div class='ocr_carea' id='block_1_88' title="bbox 1731 4277 3317 4350">
    <p class='ocr_par' dir='ltr' id='par_1_88' title="bbox 1731 4277 3317 4350">
     <span class='ocr_line' id='line_1_90' title="bbox 1731 4277 3317 4350; baseline 0.004 -16"><span class='ocrx_word' id='word_1_692' title='bbox 1731 4277 1808 4334; x_wconf 77' lang='lat' dir='ltr'><strong>vel</strong></span> <span class='ocrx_word' id='word_1_693' title='bbox 1853 4294 1956 4350; x_wconf 68' lang='lat' dir='ltr'><strong>non</strong></span> <span class='ocrx_word' id='word_1_694' title='bbox 1999 4279 2166 4350; x_wconf 84' lang='lat' dir='ltr'><strong>colere</strong></span> <span class='ocrx_word' id='word_1_695' title='bbox 2186 4277 2294 4350; x_wconf 62' lang='lat' dir='ltr'><strong>_t{el</strong></span> <span class='ocrx_word' id='word_1_696' title='bbox 2329 4289 2534 4332; x_wconf 84' lang='lat' dir='ltr'><strong>tantum</strong></span> <span class='ocrx_word' id='word_1_697' title='bbox 2566 4284 2812 4350; x_wconf 81' lang='lat' dir='ltr'><strong>postridie</strong></span> <span class='ocrx_word' id='word_1_698' title='bbox 2839 4301 2956 4337; x_wconf 85' lang='lat' dir='ltr'><strong>cum</strong></span> <span class='ocrx_word' id='word_1_699' title='bbox 2979 4295 3087 4338; x_wconf 89' lang='lat' dir='ltr'><strong>tota</strong></span> <span class='ocrx_word' id='word_1_700' title='bbox 3113 4277 3317 4340; x_wconf 50' lang='lat' dir='ltr'><strong>sodali;</strong></span> 
     </span>
    </p>
   </div>
   <div class='ocr_carea' id='block_1_89' title="bbox 1732 4347 3315 4418">
    <p class='ocr_par' dir='ltr' id='par_1_89' title="bbox 1732 4347 3315 4418">
     <span class='ocr_line' id='line_1_91' title="bbox 1732 4347 3315 4418; baseline 0.005 -16"><span class='ocrx_word' id='word_1_701' title='bbox 1732 4359 1838 4403; x_wconf 84' lang='lat' dir='ltr'><strong>tate</strong></span> <span class='ocrx_word' id='word_1_702' title='bbox 1870 4347 2155 4401; x_wconf 85' lang='lat' dir='ltr'><strong>Ursulana.</strong></span> <span class='ocrx_word' id='word_1_703' title='bbox 2186 4347 2285 4404; x_wconf 87' lang='lat' dir='ltr'><strong>llic</strong></span> <span class='ocrx_word' id='word_1_704' title='bbox 2309 4351 2496 4418; x_wconf 87' lang='lat' dir='ltr'><strong>paucis</strong></span> <span class='ocrx_word' id='word_1_705' title='bbox 2529 4347 2751 4406; x_wconf 86' lang='lat' dir='ltr'><strong>edoctus</strong></span> <span class='ocrx_word' id='word_1_706' title='bbox 2775 4369 2892 4406; x_wconf 87' lang='lat' dir='ltr'><strong>sum</strong></span> <span class='ocrx_word' id='word_1_707' title='bbox 2917 4369 3014 4407; x_wconf 85' lang='lat' dir='ltr'><strong>cur</strong></span> <span class='ocrx_word' id='word_1_708' title='bbox 3041 4355 3091 4408; x_wconf 91' lang='lat' dir='ltr'><strong>in</strong></span> <span class='ocrx_word' id='word_1_709' title='bbox 3119 4371 3315 4410; x_wconf 79' lang='lat' dir='ltr'><strong>vanum</strong></span> 
     </span>
    </p>
   </div>
   <div class='ocr_carea' id='block_1_90' title="bbox 1730 4418 3318 4490">
    <p class='ocr_par' dir='ltr' id='par_1_90' title="bbox 1730 4418 3318 4490">
     <span class='ocr_line' id='line_1_92' title="bbox 1730 4418 3318 4490; baseline 0.005 -19"><span class='ocrx_word' id='word_1_710' title='bbox 1730 4418 2035 4490; x_wconf 65' lang='lat' dir='ltr'><strong>quaesierim</strong></span> <span class='ocrx_word' id='word_1_711' title='bbox 2084 4435 2096 4470; x_wconf 94' lang='lat'><strong>:</strong></span> <span class='ocrx_word' id='word_1_712' title='bbox 2145 4426 2225 4490; x_wconf 45' lang='lat' dir='ltr'><strong>at“</strong></span> <span class='ocrx_word' id='word_1_713' title='bbox 2245 4420 2384 4472; x_wconf 89' lang='lat' dir='ltr'><strong>unde</strong></span> <span class='ocrx_word' id='word_1_714' title='bbox 2429 4420 2662 4490; x_wconf 89' lang='lat' dir='ltr'><strong>virgines</strong></span> <span class='ocrx_word' id='word_1_715' title='bbox 2706 4438 2833 4476; x_wconf 87' lang='lat' dir='ltr'><strong>suas</strong></span> <span class='ocrx_word' id='word_1_716' title='bbox 2894 4423 3171 4477; x_wconf 87' lang='lat' dir='ltr'><strong>Usuardus</strong></span> <span class='ocrx_word' id='word_1_717' title='bbox 3222 4436 3318 4479; x_wconf 92' lang='lat' dir='ltr'><strong>aut</strong></span> 
     </span>
    </p>
   </div>
   <div class='ocr_carea' id='block_1_91' title="bbox 1733 4486 3318 4562">
    <p class='ocr_par' dir='ltr' id='par_1_91' title="bbox 1733 4486 3318 4562">
     <span class='ocr_line' id='line_1_93' title="bbox 1733 4486 3318 4562; baseline 0.002 -19"><span class='ocrx_word' id='word_1_718' title='bbox 1733 4486 2003 4562; x_wconf 75' lang='lat' dir='ltr'><strong>acceperit</strong></span> <span class='ocrx_word' id='word_1_719' title='bbox 2030 4499 2123 4541; x_wconf 88' lang='lat' dir='ltr'><strong>aut</strong></span> <span class='ocrx_word' id='word_1_720' title='bbox 2148 4486 2537 4562; x_wconf 61' lang='lat' dir='ltr'><strong>ell&#39;ormaverit,</strong></span> <span class='ocrx_word' id='word_1_721' title='bbox 2579 4507 2730 4560; x_wconf 69' lang='lat' dir='ltr'><strong>mque</strong></span> <span class='ocrx_word' id='word_1_722' title='bbox 2762 4493 3026 4546; x_wconf 88' lang='lat' dir='ltr'><strong>incertum</strong></span> <span class='ocrx_word' id='word_1_723' title='bbox 3057 4493 3318 4562; x_wconf 88' lang='lat' dir='ltr'><strong>relinqui-</strong></span> 
     </span>
    </p>
   </div>
   <div class='ocr_carea' id='block_1_92' title="bbox 1734 4558 3314 4630">
    <p class='ocr_par' dir='ltr' id='par_1_92' title="bbox 1734 4558 3314 4630">
     <span class='ocr_line' id='line_1_94' title="bbox 1734 4558 3314 4630; baseline 0.003 -18"><span class='ocrx_word' id='word_1_724' title='bbox 1734 4569 1840 4612; x_wconf 89' lang='lat' dir='ltr'><strong>tur.</strong></span> <span class='ocrx_word' id='word_1_725' title='bbox 1877 4558 2065 4612; x_wconf 89' lang='lat' dir='ltr'><strong>Utrum</strong></span> <span class='ocrx_word' id='word_1_726' title='bbox 2097 4573 2229 4611; x_wconf 87' lang='lat' dir='ltr'><strong>vero</strong></span> <span class='ocrx_word' id='word_1_727' title='bbox 2255 4559 2386 4612; x_wconf 89' lang='lat' dir='ltr'><strong>satis</strong></span> <span class='ocrx_word' id='word_1_728' title='bbox 2412 4558 2688 4630; x_wconf 82' lang='lat' dir='ltr'><strong>comperta</strong></span> <span class='ocrx_word' id='word_1_729' title='bbox 2714 4562 2826 4614; x_wconf 89' lang='lat' dir='ltr'><strong>sint</strong></span> <span class='ocrx_word' id='word_1_730' title='bbox 2857 4577 2978 4630; x_wconf 72' lang='lat' dir='ltr'><strong>qua:</strong></span> <span class='ocrx_word' id='word_1_731' title='bbox 3018 4563 3084 4618; x_wconf 86' lang='lat' dir='ltr'><strong>de</strong></span> <span class='ocrx_word' id='word_1_732' title='bbox 3113 4558 3314 4617; x_wconf 74' lang='lat' dir='ltr'><strong>Usuar-</strong></span> 
     </span>
    </p>
   </div>
   <div class='ocr_carea' id='block_1_93' title="bbox 1732 4629 3314 4698">
    <p class='ocr_par' dir='ltr' id='par_1_93' title="bbox 1732 4629 3314 4698">
     <span class='ocr_line' id='line_1_95' title="bbox 1732 4629 3314 4698; baseline 0.002 -15"><span class='ocrx_word' id='word_1_733' title='bbox 1732 4629 1857 4683; x_wconf 89' lang='lat' dir='ltr'><strong>dina</strong></span> <span class='ocrx_word' id='word_1_734' title='bbox 1887 4637 2072 4682; x_wconf 89' lang='lat' dir='ltr'><strong>nostra</strong></span> <span class='ocrx_word' id='word_1_735' title='bbox 2100 4632 2618 4684; x_wconf 88' lang='lat' dir='ltr'><strong>commemoratione</strong></span> <span class='ocrx_word' id='word_1_736' title='bbox 2647 4632 2856 4685; x_wconf 89' lang='lat' dir='ltr'><strong>censuit</strong></span> <span class='ocrx_word' id='word_1_737' title='bbox 2880 4629 3314 4698; x_wconf 85' lang='lat' dir='ltr'><strong>Cromhachius;</strong></span> 
     </span>
    </p>
   </div>
   <div class='ocr_carea' id='block_1_94' title="bbox 1734 4698 3318 4770">
    <p class='ocr_par' dir='ltr' id='par_1_94' title="bbox 1734 4698 3318 4770">
     <span class='ocr_line' id='line_1_96' title="bbox 1734 4698 3318 4770; baseline 0.005 -20"><span class='ocrx_word' id='word_1_738' title='bbox 1734 4709 1898 4770; x_wconf 86' lang='lat' dir='ltr'><strong>atque</strong></span> <span class='ocrx_word' id='word_1_739' title='bbox 1926 4699 2054 4770; x_wconf 84' lang='lat' dir='ltr'><strong>item</strong></span> <span class='ocrx_word' id='word_1_740' title='bbox 2076 4714 2150 4770; x_wconf 83' lang='lat' dir='ltr'><strong>an</strong></span> <span class='ocrx_word' id='word_1_741' title='bbox 2177 4698 2310 4751; x_wconf 90' lang='lat' dir='ltr'><strong>satis</strong></span> <span class='ocrx_word' id='word_1_742' title='bbox 2337 4713 2572 4770; x_wconf 84' lang='lat' dir='ltr'><strong>consona</strong></span> <span class='ocrx_word' id='word_1_743' title='bbox 2598 4701 2832 4770; x_wconf 81' lang='lat' dir='ltr'><strong>vulgatis</strong></span> <span class='ocrx_word' id='word_1_744' title='bbox 2855 4703 3004 4756; x_wconf 88' lang='lat' dir='ltr'><strong>Actis</strong></span> <span class='ocrx_word' id='word_1_745' title='bbox 3030 4701 3318 4758; x_wconf 89' lang='lat' dir='ltr'><strong>Ursulanis</strong></span> 
     </span>
    </p>
   </div>
   <div class='ocr_carea' id='block_1_95' title="bbox 1733 4767 3320 4836">
    <p class='ocr_par' dir='ltr' id='par_1_95' title="bbox 1733 4767 3320 4836">
     <span class='ocr_line' id='line_1_97' title="bbox 1733 4767 3320 4836; baseline 0.003 -14"><span class='ocrx_word' id='word_1_746' title='bbox 1733 4769 1957 4823; x_wconf 90' lang='lat' dir='ltr'><strong>alterius</strong></span> <span class='ocrx_word' id='word_1_747' title='bbox 1987 4767 2087 4821; x_wconf 91' lang='lat' dir='ltr'><strong>loci</strong></span> <span class='ocrx_word' id='word_1_748' title='bbox 2116 4776 2170 4821; x_wconf 89' lang='lat' dir='ltr'><strong>et</strong></span> <span class='ocrx_word' id='word_1_749' title='bbox 2197 4769 2463 4823; x_wconf 74' lang='lat' dir='ltr'><strong>examinis</strong></span> <span class='ocrx_word' id='word_1_750' title='bbox 2485 4778 2588 4824; x_wconf 90' lang='lat' dir='ltr'><strong>est.</strong></span> <span class='ocrx_word' id='word_1_751' title='bbox 2617 4767 2855 4825; x_wconf 43' lang='lat' dir='ltr'><strong>At—euim</strong></span> <span class='ocrx_word' id='word_1_752' title='bbox 2878 4813 2893 4836; x_wconf 93' lang='lat'><strong>,</strong></span> <span class='ocrx_word' id='word_1_753' title='bbox 2935 4786 3002 4827; x_wconf 81' lang='lat' dir='ltr'><strong>ex</strong></span> <span class='ocrx_word' id='word_1_754' title='bbox 3045 4773 3320 4836; x_wconf 89' lang='lat' dir='ltr'><strong>Usuardo,</strong></span> 
     </span>
    </p>
   </div>
   <div class='ocr_carea' id='block_1_96' title="bbox 28 4838 3322 4918">
    <p class='ocr_par' dir='ltr' id='par_1_96' title="bbox 28 4838 3322 4918">
     <span class='ocr_line' id='line_1_98' title="bbox 28 4838 3322 4918; baseline -0.002 -18"><span class='ocrx_word' id='word_1_755' title='bbox 28 4838 204 4901; x_wconf 61' lang='lat' dir='ltr'><strong>&#39;vitam</strong></span> <span class='ocrx_word' id='word_1_756' title='bbox 235 4859 292 4902; x_wconf 89' lang='lat' dir='ltr'><strong>et</strong></span> <span class='ocrx_word' id='word_1_757' title='bbox 319 4838 492 4918; x_wconf 76' lang='lat' dir='ltr'><strong>gesta,</strong></span> <span class='ocrx_word' id='word_1_758' title='bbox 522 4862 634 4918; x_wconf 87' lang='lat' dir='ltr'><strong>qua</strong></span> <span class='ocrx_word' id='word_1_759' title='bbox 659 4847 961 4914; x_wconf 91' lang='lat' dir='ltr'><strong>poterimus</strong></span> <span class='ocrx_word' id='word_1_760' title='bbox 990 4838 1474 4918; x_wconf 81' lang='lat' dir='ltr'><strong>verosiniilitudine</strong></span> <span class='ocrx_word' id='word_1_761' title='bbox 1505 4845 1625 4898; x_wconf 90' lang='lat' dir='ltr'><strong>illu-</strong></span> <span class='ocrx_word' id='word_1_762' title='bbox 1657 4859 1705 4918; x_wconf 77' lang='grc' dir='ltr'>υ</span> <span class='ocrx_word' id='word_1_763' title='bbox 1734 4847 1988 4918; x_wconf 78' lang='lat' dir='ltr'><strong>tanquam</strong></span> <span class='ocrx_word' id='word_1_764' title='bbox 2019 4838 2084 4918; x_wconf 81' lang='lat' dir='ltr'><strong>de</strong></span> <span class='ocrx_word' id='word_1_765' title='bbox 2115 4845 2329 4917; x_wconf 80' lang='lat' dir='ltr'><strong>recepta</strong></span> <span class='ocrx_word' id='word_1_766' title='bbox 2347 4855 2456 4918; x_wconf 43' lang='grc' dir='ltr'><strong>,δυο</strong></span> <span class='ocrx_word' id='word_1_767' title='bbox 2485 4839 2680 4918; x_wconf 75' lang='lat' dir='ltr'><strong>saeculo</strong></span> <span class='ocrx_word' id='word_1_768' title='bbox 2705 4881 2721 4904; x_wconf 90' lang='lat'><strong>,</strong></span> <span class='ocrx_word' id='word_1_769' title='bbox 2755 4857 2948 4918; x_wconf 79' lang='lat' dir='ltr'><strong>nempe</strong></span> <span class='ocrx_word' id='word_1_770' title='bbox 2983 4857 3138 4918; x_wconf 63' lang='grc' dir='ltr'><strong>Διιοιιο</strong></span> <span class='ocrx_word' id='word_1_771' title='bbox 3157 4881 3174 4906; x_wconf 93' lang='lat'><strong>,</strong></span> <span class='ocrx_word' id='word_1_772' title='bbox 3205 4842 3322 4918; x_wconf 89' lang='lat' dir='ltr'><strong>opi-</strong></span> 
     </span>
    </p>
   </div>
   <div class='ocr_carea' id='block_1_97' title="bbox 27 4913 1626 4987">
    <p class='ocr_par' dir='ltr' id='par_1_97' title="bbox 27 4913 1626 4987">
     <span class='ocr_line' id='line_1_99' title="bbox 27 4913 1626 4987; baseline -0.003 -15"><span class='ocrx_word' id='word_1_773' title='bbox 27 4913 357 4972; x_wconf 72' lang='lat' dir='ltr'><strong>strabinitis.</strong></span> <span class='ocrx_word' id='word_1_774' title='bbox 417 4913 731 4987; x_wconf 69' lang='lat' dir='ltr'><strong>Capi-asiam</strong></span> <span class='ocrx_word' id='word_1_775' title='bbox 792 4926 943 4970; x_wconf 90' lang='lat' dir='ltr'><strong>certo</strong></span> <span class='ocrx_word' id='word_1_776' title='bbox 1003 4924 1308 4987; x_wconf 78' lang='lat' dir='ltr'><strong>memorant</strong></span> <span class='ocrx_word' id='word_1_777' title='bbox 1361 4913 1626 4985; x_wconf 81' lang='lat' dir='ltr'><strong>Hierony-</strong></span> 
     </span>
    </p>
   </div>
   <div class='ocr_carea' id='block_1_98' title="bbox 29 4983 1619 5056">
    <p class='ocr_par' dir='ltr' id='par_1_98' title="bbox 29 4983 1619 5056">
     <span class='ocr_line' id='line_1_100' title="bbox 29 4983 1619 5056; baseline 0.003 -14"><span class='ocrx_word' id='word_1_778' title='bbox 29 4990 246 5049; x_wconf 87' lang='lat' dir='ltr'><strong>miana,</strong></span> <span class='ocrx_word' id='word_1_779' title='bbox 280 5003 380 5040; x_wconf 79' lang='lat' dir='ltr'><strong>nec</strong></span> <span class='ocrx_word' id='word_1_780' title='bbox 407 4983 614 5042; x_wconf 50' lang='lat' dir='ltr'><strong>est&#39;cur</strong></span> <span class='ocrx_word' id='word_1_781' title='bbox 637 4983 972 5056; x_wconf 82' lang='lat' dir='ltr'><strong>adjectitinm</strong></span> <span class='ocrx_word' id='word_1_782' title='bbox 1004 4997 1213 5056; x_wconf 87' lang='lat' dir='ltr'><strong>reputet</strong></span> <span class='ocrx_word' id='word_1_783' title='bbox 1238 4983 1619 5046; x_wconf 26' lang='lat' dir='ltr'><strong>Florentiniu‘s.</strong></span> 
     </span>
    </p>
   </div>
   <div class='ocr_carea' id='block_1_99' title="bbox 27 5055 1623 5127">
    <p class='ocr_par' dir='ltr' id='par_1_99' title="bbox 27 5055 1623 5127">
     <span class='ocr_line' id='line_1_101' title="bbox 27 5055 1623 5127; baseline -0.001 -15"><span class='ocrx_word' id='word_1_784' title='bbox 27 5059 135 5112; x_wconf 87' lang='lat' dir='ltr'><strong>nisi</strong></span> <span class='ocrx_word' id='word_1_785' title='bbox 168 5059 316 5127; x_wconf 87' lang='lat' dir='ltr'><strong>quod</strong></span> <span class='ocrx_word' id='word_1_786' title='bbox 348 5057 478 5110; x_wconf 87' lang='lat' dir='ltr'><strong>forte</strong></span> <span class='ocrx_word' id='word_1_787' title='bbox 505 5058 556 5112; x_wconf 89' lang='lat' dir='ltr'><strong>in</strong></span> <span class='ocrx_word' id='word_1_788' title='bbox 587 5055 777 5111; x_wconf 90' lang='lat' dir='ltr'><strong>codice</strong></span> <span class='ocrx_word' id='word_1_789' title='bbox 805 5055 1029 5127; x_wconf 74' lang='lat' dir='ltr'><strong>Lucensi</strong></span> <span class='ocrx_word' id='word_1_790' title='bbox 1053 5055 1315 5114; x_wconf 82' lang='lat' dir='ltr'><strong>defuerit;</strong></span> <span class='ocrx_word' id='word_1_791' title='bbox 1340 5056 1404 5107; x_wconf 88' lang='lat' dir='ltr'><strong>de</strong></span> <span class='ocrx_word' id='word_1_792' title='bbox 1425 5067 1623 5110; x_wconf 70' lang='lat' dir='ltr'><strong>rtctero</strong></span> 
     </span>
    </p>
   </div>
   <div class='ocr_carea' id='block_1_100' title="bbox 25 5124 1618 5197">
    <p class='ocr_par' dir='ltr' id='par_1_100' title="bbox 25 5124 1618 5197">
     <span class='ocr_line' id='line_1_102' title="bbox 25 5124 1618 5197; baseline 0.001 -16"><span class='ocrx_word' id='word_1_793' title='bbox 25 5130 152 5197; x_wconf 87' lang='lat' dir='ltr'><strong>ejus</strong></span> <span class='ocrx_word' id='word_1_794' title='bbox 181 5124 393 5197; x_wconf 82' lang='lat' dir='ltr'><strong>notatio</strong></span> <span class='ocrx_word' id='word_1_795' title='bbox 414 5128 616 5182; x_wconf 88' lang='lat' dir='ltr'><strong>consuli</strong></span> <span class='ocrx_word' id='word_1_796' title='bbox 649 5137 906 5197; x_wconf 73' lang='lat' dir='ltr'><strong>meretur.</strong></span> <span class='ocrx_word' id='word_1_797' title='bbox 955 5124 1214 5197; x_wconf 84' lang='lat' dir='ltr'><strong>Superius</strong></span> <span class='ocrx_word' id='word_1_798' title='bbox 1257 5141 1307 5176; x_wconf 83' lang='lat' dir='ltr'><strong>vt</strong></span> <span class='ocrx_word' id='word_1_799' title='bbox 1335 5128 1618 5197; x_wconf 12' lang='lat' dir='ltr'><strong>octobriss,</strong></span> 
     </span>
    </p>
   </div>
   <div class='ocr_carea' id='block_1_101' title="bbox 1731 4906 3422 4983">
    <p class='ocr_par' dir='ltr' id='par_1_101' title="bbox 1731 4906 3422 4983">
     <span class='ocr_line' id='line_1_103' title="bbox 1731 4906 3422 4983; baseline -0.001 -21"><span class='ocrx_word' id='word_1_800' title='bbox 1731 4909 1935 4968; x_wconf 77' lang='lat' dir='ltr'><strong>lliOlte,-</strong></span> <span class='ocrx_word' id='word_1_801' title='bbox 1955 4908 2321 4983; x_wconf 73' lang='lat' dir='ltr'><strong>testimonium</strong></span> <span class='ocrx_word' id='word_1_802' title='bbox 2345 4906 2576 4974; x_wconf 88' lang='lat' dir='ltr'><strong>ferente,</strong></span> <span class='ocrx_word' id='word_1_803' title='bbox 2605 4911 2657 4964; x_wconf 92' lang='lat' dir='ltr'><strong>id</strong></span> <span class='ocrx_word' id='word_1_804' title='bbox 2684 4906 2914 4983; x_wconf 68' lang='lat' dir='ltr'><strong>eruitur,</strong></span> <span class='ocrx_word' id='word_1_805' title='bbox 2946 4914 3172 4983; x_wconf 69' lang='lat' dir='ltr'><strong>virgines</strong></span> <span class='ocrx_word' id='word_1_806' title='bbox 3205 4906 3326 4983; x_wconf 73' lang='lat' dir='ltr'><strong>plu-</strong></span> <span class='ocrx_word' id='word_1_807' title='bbox 3416 4947 3422 4952; x_wconf 84' lang='grc'><strong>-</strong></span> 
     </span>
    </p>
   </div>
   <div class='ocr_carea' id='block_1_102' title="bbox 1729 4978 3328 5048">
    <p class='ocr_par' dir='ltr' id='par_1_102' title="bbox 1729 4978 3328 5048">
     <span class='ocr_line' id='line_1_104' title="bbox 1729 4978 3328 5048; baseline -0.001 -17"><span class='ocrx_word' id='word_1_808' title='bbox 1729 4996 1808 5032; x_wconf 87' lang='lat' dir='ltr'><strong>res</strong></span> <span class='ocrx_word' id='word_1_809' title='bbox 1841 4980 1982 5046; x_wconf 90' lang='lat' dir='ltr'><strong>apud</strong></span> <span class='ocrx_word' id='word_1_810' title='bbox 2010 4978 2288 5048; x_wconf 80' lang='lat' dir='ltr'><strong>Coloniam</strong></span> <span class='ocrx_word' id='word_1_811' title='bbox 2307 5015 2321 5040; x_wconf 92' lang='lat'><strong>,</strong></span> <span class='ocrx_word' id='word_1_812' title='bbox 2340 5047 2348 5048; x_wconf 15' lang='grc' dir='ltr'>ί</span> <span class='ocrx_word' id='word_1_813' title='bbox 2369 4988 2427 5032; x_wconf 91' lang='lat' dir='ltr'><strong>ut</strong></span> <span class='ocrx_word' id='word_1_814' title='bbox 2464 4982 2707 5048; x_wconf 86' lang='lat' dir='ltr'><strong>sequenti</strong></span> <span class='ocrx_word' id='word_1_815' title='bbox 2737 4981 2824 5034; x_wconf 88' lang='lat' dir='ltr'><strong>die</strong></span> <span class='ocrx_word' id='word_1_816' title='bbox 2853 4978 3328 5038; x_wconf 58' lang='lat' dir='ltr'><strong>etiam&#39;Wandal-</strong></span> 
     </span>
    </p>
   </div>
   <div class='ocr_carea' id='block_1_103' title="bbox 1727 5047 3330 5120">
    <p class='ocr_par' dir='ltr' id='par_1_103' title="bbox 1727 5047 3330 5120">
     <span class='ocr_line' id='line_1_105' title="bbox 1727 5047 3330 5120; baseline -0.001 -18"><span class='ocrx_word' id='word_1_817' title='bbox 1727 5049 1916 5120; x_wconf 83' lang='lat' dir='ltr'><strong>bertus</strong></span> <span class='ocrx_word' id='word_1_818' title='bbox 1965 5047 2298 5120; x_wconf 24' lang='lat' dir='ltr'><strong>testabitur,‘</strong></span> <span class='ocrx_word' id='word_1_819' title='bbox 2337 5047 2422 5113; x_wconf 88' lang='lat' dir='ltr'><strong>id,</strong></span> <span class='ocrx_word' id='word_1_820' title='bbox 2481 5047 2729 5120; x_wconf 81' lang='lat' dir='ltr'><strong>inquam,</strong></span> <span class='ocrx_word' id='word_1_821' title='bbox 2784 5054 3029 5119; x_wconf 86' lang='lat' dir='ltr'><strong>eruitur,</strong></span> <span class='ocrx_word' id='word_1_822' title='bbox 3081 5049 3330 5120; x_wconf 72' lang='lat' dir='ltr'><strong>virgines</strong></span> 
     </span>
    </p>
   </div>
   <div class='ocr_carea' id='block_1_104' title="bbox 1725 5115 3330 5191">
    <p class='ocr_par' dir='ltr' id='par_1_104' title="bbox 1725 5115 3330 5191">
     <span class='ocr_line' id='line_1_106' title="bbox 1725 5115 3330 5191; baseline -0.002 -18"><span class='ocrx_word' id='word_1_823' title='bbox 1725 5117 2032 5191; x_wconf 80' lang='lat' dir='ltr'><strong>plures,et,</strong></span> <span class='ocrx_word' id='word_1_824' title='bbox 2066 5117 2133 5191; x_wconf 39' lang='lat' dir='ltr'><strong>si.</strong></span> <span class='ocrx_word' id='word_1_825' title='bbox 2153 5119 2225 5170; x_wconf 90' lang='lat' dir='ltr'><strong>ita</strong></span> <span class='ocrx_word' id='word_1_826' title='bbox 2253 5115 2354 5179; x_wconf 89' lang='lat' dir='ltr'><strong>vis,</strong></span> <span class='ocrx_word' id='word_1_827' title='bbox 2387 5115 2647 5191; x_wconf 84' lang='lat' dir='ltr'><strong>plurimas</strong></span> <span class='ocrx_word' id='word_1_828' title='bbox 2670 5161 2685 5186; x_wconf 94' lang='lat'><strong>,</strong></span> <span class='ocrx_word' id='word_1_829' title='bbox 2728 5120 2803 5176; x_wconf 86' lang='lat' dir='ltr'><strong>ibi</strong></span> <span class='ocrx_word' id='word_1_830' title='bbox 2829 5137 2930 5191; x_wconf 85' lang='lat' dir='ltr'><strong>pro</strong></span> <span class='ocrx_word' id='word_1_831' title='bbox 2969 5115 3078 5180; x_wconf 81' lang='lat' dir='ltr'><strong>ﬁde</strong></span> <span class='ocrx_word' id='word_1_832' title='bbox 3127 5115 3330 5191; x_wconf 78' lang='lat' dir='ltr'><strong>Christi</strong></span> 
     </span>
    </p>
   </div>
   <div class='ocr_carea' id='block_1_105' title="bbox 29 5185 3330 5270">
    <p class='ocr_par' dir='ltr' id='par_1_105' title="bbox 29 5185 3330 5270">
     <span class='ocr_line' id='line_1_107' title="bbox 29 5185 3330 5270; baseline -0.002 -21"><span class='ocrx_word' id='word_1_833' title='bbox 29 5185 121 5250; x_wconf 68' lang='lat' dir='ltr'><strong>ulti</strong></span> <span class='ocrx_word' id='word_1_834' title='bbox 155 5199 227 5270; x_wconf 80' lang='lat' dir='ltr'><strong>de</strong></span> <span class='ocrx_word' id='word_1_835' title='bbox 256 5196 405 5270; x_wconf 66' lang='lat' dir='ltr'><strong>Fide</strong></span> <span class='ocrx_word' id='word_1_836' title='bbox 429 5193 851 5270; x_wconf 73' lang='lat' dir='ltr'><strong>agendtlnt_fuit,</strong></span> <span class='ocrx_word' id='word_1_837' title='bbox 887 5185 1072 5266; x_wconf 76' lang='lat' dir='ltr'><strong>paucis</strong></span> <span class='ocrx_word' id='word_1_838' title='bbox 1113 5196 1470 5270; x_wconf 85' lang='lat' dir='ltr'><strong>indicavimus</strong></span> <span class='ocrx_word' id='word_1_839' title='bbox 1497 5185 1622 5267; x_wconf 66' lang='lat' dir='ltr'><strong>qua:</strong></span> <span class='ocrx_word' id='word_1_840' title='bbox 1726 5185 2065 5268; x_wconf 61' lang='lat' dir='ltr'><strong>occubuisse.</strong></span> <span class='ocrx_word' id='word_1_841' title='bbox 2100 5185 2360 5270; x_wconf 66' lang='lat' dir='ltr'><strong>Poterunt</strong></span> <span class='ocrx_word' id='word_1_842' title='bbox 2387 5185 2530 5245; x_wconf 78' lang='lat' dir='ltr'><strong>forte</strong></span> <span class='ocrx_word' id='word_1_843' title='bbox 2561 5185 2781 5270; x_wconf 57' lang='lat' dir='ltr'><strong>Mart/ta</strong></span> <span class='ocrx_word' id='word_1_844' title='bbox 2821 5185 2878 5247; x_wconf 75' lang='grc' dir='ltr'>ἐι</span> <span class='ocrx_word' id='word_1_845' title='bbox 2927 5194 3101 5270; x_wconf 84' lang='lat' dir='ltr'><strong>_Saula</strong></span> <span class='ocrx_word' id='word_1_846' title='bbox 3135 5186 3330 5263; x_wconf 58' lang='lat' dir='ltr'><strong>(curio-</strong></span> 
     </span>
    </p>
   </div>
   <div class='ocr_carea' id='block_1_106' title="bbox 25 5261 1623 5335">
    <p class='ocr_par' dir='ltr' id='par_1_106' title="bbox 25 5261 1623 5335">
     <span class='ocr_line' id='line_1_108' title="bbox 25 5261 1623 5335; baseline -0.003 -11"><span class='ocrx_word' id='word_1_847' title='bbox 25 5270 98 5324; x_wconf 85' lang='lat' dir='ltr'><strong>ad</strong></span> <span class='ocrx_word' id='word_1_848' title='bbox 125 5261 494 5324; x_wconf 67' lang='lat' dir='ltr'><strong>celeberrimi:</strong></span> <span class='ocrx_word' id='word_1_849' title='bbox 520 5265 753 5332; x_wconf 81' lang='lat' dir='ltr'><strong>virginis</strong></span> <span class='ocrx_word' id='word_1_850' title='bbox 775 5261 914 5320; x_wconf 57' lang='lat' dir='ltr'><strong>Aetii</strong></span> <span class='ocrx_word' id='word_1_851' title='bbox 949 5268 1284 5333; x_wconf 85' lang='lat' dir='ltr'><strong>spectabant,</strong></span> <span class='ocrx_word' id='word_1_852' title='bbox 1317 5280 1394 5318; x_wconf 75' lang='lat' dir='ltr'><strong>ex.</strong></span> <span class='ocrx_word' id='word_1_853' title='bbox 1421 5261 1623 5335; x_wconf 79' lang='lat' dir='ltr'><strong>quibus</strong></span> 
     </span>
    </p>
   </div>
   <div class='ocr_carea' id='block_1_107' title="bbox 1725 5257 3329 5338">
    <p class='ocr_par' dir='ltr' id='par_1_107' title="bbox 1725 5257 3329 5338">
     <span class='ocr_line' id='line_1_109' title="bbox 1725 5257 3329 5338; baseline 0.001 -2"><span class='ocrx_word' id='word_1_854' title='bbox 1725 5259 1890 5338; x_wconf 58' lang='grc' dir='ltr'><strong>ξίωίξ</strong></span> <span class='ocrx_word' id='word_1_855' title='bbox 1912 5257 2364 5338; x_wconf 63' lang='grc' dir='ltr'><strong>βενξοῐυιθιί9ηίε</strong></span> <span class='ocrx_word' id='word_1_856' title='bbox 2383 5263 2666 5338; x_wconf 62' lang='lat' dir='ltr'><strong>materiam</strong></span> <span class='ocrx_word' id='word_1_857' title='bbox 2686 5262 2978 5338; x_wconf 59' lang='lat' dir='ltr'><strong>aliquando</strong></span> <span class='ocrx_word' id='word_1_858' title='bbox 3007 5257 3329 5338; x_wconf 61' lang='grc' dir='ltr'><strong>ξιξεέετθτο·</strong></span> 
     </span>
    </p>
   </div>
  </div>
