3898 5338
66 342 174 397 601

1104 335 1728 396 MARTVROLOGIUM.
1769 366 1841 379 --
1874 336 2081 394 MENS.
2123 337 2282 396 OCT.

3236 347 3356 402 συθ

65 463 319 523 accepta,
370 461 638 531 testantur
658 452 837 531 ipsius
866 452 1206 531 miraculis._i
1239 453 1365 509 Haec
1384 469 1452 531 ea
1477 453 1641 531 ῌεηι-
1670 459 1716 518 Α
1747 455 1843 531 ris.
1871 454 1937 531 ζει
1963 457 2224 531 transitus
2247 457 2425 531 sancti
2443 456 2770 531 V_Ve_nd_elini,
2799 456 3155 531 confessoris.
3177 461 3340 531 Apuu

64 540 278 588 MRISI,
321 524 417 578 sed
453 523 694 578 nonnihil
741 523 1040 576 immutata.
1101 541 1121 573 ι
1151 523 1352 578 Trecas
1399 524 1640 588 civitate,

67 594 274 648 natalis
319 594 493 648 sancti
536 593 736 646 Arandi
761 591 1089 647 confessoris
1117 602 1173 648 et
1199 593 1588 647 archidiaconi.
1619 614 1637 643 ι

68 665 354 718 l-Zditiones
375 663 495 717 alia:
517 663 569 716 in
596 672 744 716 textu
767 663 1112 718 conveniunt.
1139 663 1194 716 In
1221 663 1326 716 line
1352 681 1364 716 :
1398 663 1482 716 tlu
1511 677 1646 731 pago

64 733 362 796 Remensi,
414 733 676 802 depositio
733 731 1017 802 Sindulphi
1074 733 1450 788 confessoris:
1495 733 1648 799 cujus

63 805 207 863 vita.
245 819 407 873 quam
435 802 597 857 fuerit
631 802 745 873 Deo
771 811 1015 873 accepta,
1052 812 1320 873 testantur
1345 803 1513 873 ipsius
1544 803 1646 855 mi-

65 871 281 926 racula;
312 873 511 927 Trecas
540 871 778 935 civitate,
825 871 1020 926 natalis
1057 873 1229 926 sancti
1267 871 1474 935 Araldi,
1522 887 1650 925 con-

61 943 298 998 fessoris
323 951 378 998 et
403 941 789 998 archidiaconi.
819 942 973 1008 Item,
1001 943 1174 998 sancti
1217 941 1420 998 Neonis
1445 953 1650 1011 marty-

60 1095 164 1149 Xll
196 1095 327 1150 Kal.

1750 525 2006 602 blindam,
2039 527 2233 602 natalis
2256 529 2428 602 sancti
2459 528 2742 602 Feliciani,
2762 528 3009 602 episcopi
3039 537 3095 584 et
3124 525 3335 602 marty-

1753 595 1849 668 ris.
1890 593 2095 668 i_Pu_tat
2115 595 2451 668 Castellanus
2474 599 2671 668 ubique
2685 593 2909 652 indicari
2939 593 3105 652 unum
3119 608 3172 654 et
3185 593 3342 656 eum-

1755 665 1877 718 dem
1911 663 2242 748 Pelii-ianum
2265 663 2637 748 ‘Flligil'l.iil9lti.
2678 668 3133 748 inDie‘vigesima.
3165 673 3350 748 sancti

1756 735 1934 803 magni
1969 737 2224 805 martyris
2251 738 2498 810 Artemii:
2533 737 2771 810 lpsoidie
2802 735 3068 810 Parisiis,
3088 741 3346 810 exceptio

1756 815 2065 877 sanctorum
2111 816 2408 877 martyrum
2458 805 2674 877 Gecrgii
2722 807 2932 862 diaconi
2962 817 3016 861 et
3045 805 3276 862 Aurelii.
3317 831 3338 862 ι

1759 873 1892 952 Yide
1919 875 2060 952 apud
2113 873 2332 952 §urium
2376 877 2592 952 longam
2608 873 2708 952 'de
2749 891 2946 948 magno
2981 877 3073 932 illo
3100 888 3343 952 martyre

1760 942 2003 999 Artemio
2029 960 2095 999 ex
2121 942 2493 1014 Metapbraste
2516 947 2822 1003 historiam.

3118 1101 3218 1157 Die
3245 1103 3306 1158 2i
3323 1143 3338 1158 .

140 1192 304 1263 Apud
330 1191 718 1258 Nicomediam,
745 1195 946 1250 natalis
979 1206 1294 1252 sanctorum
1326 1207 1627 1270 martyrum
1660 1199 1830 1266 Dasii,
1863 1199 2062 1265 Zotici,
2094 1199 2194 1254 Gai
2223 1213 2347 1253 cum
2376 1197 2660 1252 duodecim
2691 1195 2968 1252 militibus.
3000 1198 3199 1254 Eodem
3227 1201 3338 1263 die,

69 1289 247 1342 sancti
282 1287 457 1344 Patris
484 1290 654 1344 nostri
681 1289 996 1358 Hilarionis,
1022 1292 1178 1362 cujus
1203 1293 1382 1348 Vitam
1406 1295 1766 1368 Hieronymus
1803 1297 2094 1352 virtutibus
2123 1297 2336 1366 plenam
2377 1295 2587 1349 scribit.
2622 1295 2678 1347 In
2706 1293 2924 1348 civitate
2954 1294 3122 1360 Ostia,
3155 1295 3332 1351 sancti

61 1383 273 1438 Asterii
301 1385 604 1454 presbiteri,
639 1387 730 1454 qui
758 1387 811 1440 in
839 1388 1091 1458 passione
1132 1390 1280 1446 beati
1321 1390 1510 1448 Calisti
1535 1408 1687 1465 papa:
1715 1393 1932 1463 legitur.
1972 1393 2095 1463 Ipso
2121 1393 2234 1458 die,
2261 1390 2438 1447 saneti
2476 1388 2736 1454 Viatoris,
2769 1389 3006 1445 ministri
3033 1391 3174 1446 beati
3195 1387 3344 1446 Iusti

61 1477 456 1550 Lugdunensis
480 1481 724 1551 episcopi
748 1493 802 1536 ι.

135 1664 292 1719 Inter
313 1664 547 1732 codices,
574 1665 931 1738 undequaque
954 1666 1075 1739 puri
1100 1676 1228 1723 sunt
1253 1668 1354 1725 soli
1389 1578 1928 1724 Ρναιεηιῗῖῗῗιξιαη.

139 1835 168 1864 ι
194 1821 253 1876 In
305 1823 559 1903 Dervensi
605 1825 790 1903 codice
825 1834 950 1903 ante
977 1825 1647 1903 ultimam_co_mmemora-
1680 1832 1725 1892 Β
1754 1829 2061 1892 beatissimi
2087 1829 2312 1902 Remigii
2355 1831 2639 1887 Remorum
2695 1831 3090 1903 archiepiscopi.
3141 1831 3339 1889 Bentt.-

60 1893 299 1962 tionem,
337 1892 560 1949 Civitate
602 1895 962 1966 Lugdunensi,
1003 1909 1198 1953 sancite
1221 1896 1431 1952 Cilinia:
1463 1899 1648 1952 matris

1759 1916 1920 1954 LART.

1280 2006 1679 2062 VARIANTES
1710 2007 2119 2064 LECTIONES.

135 2095 218 2150 De
263 2093 388 2159 Gai,
429 2094 786 2159 Hieronimus,
839 2096 1013 2160 Ostia,
1069 2096 1272 2160 Calicti,
1326 2113 1432 2151 non
1483 2098 1649 2151 semel

60 2165 277 2219 dictum
303 2174 420 2236 est.
470 2165 693 2230 Molan.,
739 2168 932 2236 opinor
973 2184 1039 2220 ex
1086 2166 1352 2231 Grcveno,
1406 2168 1646 2234 phrasim

58 2235 315 2306 nonnihil
333 2237 687 2306 transposuit,
719 2235 900 2303 legens
928 2255 940 2288 :
967 2237 1132 2306 Cujus
1173 2237 1327 2306 vitam
1371 2237 1649 2290 virtutibus

57 2303 280 2375 plenam
323 2303 674 2375 Hieronymus
718 2306 917 2360 scribit.
967 2303 1162 2360 Nostra
1207 2305 1365 2361 lectio
1396 2306 1554 2360 Beda:
1592 2316 1648 2360 et

55 2374 243 2428 Adoni
266 2374 596 2430 conformiOr
626 2383 727 2429 est.
758 2375 856 2430 llic
887 2386 1014 2430 noto
1046 2378 1361 2430 varietatem
1401 2376 1650 2430 lectionis

56 2444 233 2496 etiam
287 2445 428 2498 inter
473 2447 796 2500 vetustiores
835 2448 1050 2500 codices
1096 2447 1150 2500 in
1204 2461 1269 2500 eo
1313 2461 1432 2501 esse
1461 2448 1650 2513 pneci-

99 2529 268 2586 _uam,_
308 2513 450 2586 quod
494 2515 942 2586 Antuerp.-Maj.,
995 2517 1305 2586 Rosweyd.,
1358 2517 1646 2585 Antuerp.,

89 2581 468 2656 las._-Lubec._.
490 2581 754 2656 Munerat.
773 2596 826 2640 et
845 2585 1077 2642 Grc-ven.
1095 2581 1216 2642 cum
1239 2588 1392 2656 signo
1413 2587 1456 2640 L
1479 2581 1646 2641 textui

55 2653 331 2726 adjiciam
374 2654 830 2726 celebratissimas
866 2658 984 2711 illas
1019 2659 1252 2726 virgines
1293 2653 1648 2710 Colonienses

53 2723 324 2777 undecim
373 2724 517 2796 mille
564 2741 812 2790 numero,
855 2727 920 2781 de
972 2723 1168 2796 quibus
1201 2728 1287 2796 die
1320 2727 1646 2794 prwcedrnti

55 2807 228 2862 agere
273 2794 537 2862 cepimus
571 2796 855 2850 occasione
902 2794 1147 2859 Martha},
1195 2795 1374 2850 Saula:
1401 2805 1456 2850 et
1478 2797 1646 2850 socia-

57 2877 184 2914 rum
224 2862 484 2932 plurium,
523 2879 586 2918 ex
625 2881 731 2932 quo
757 2867 842 2921 die
870 2868 921 2920 in
950 2868 1092 2920 hunc
1126 2867 1414 2920 translatas
1452 2867 1646 2920 existi-

55 2942 175 2983 mat
199 2932 563 2989 Castellanus.
596 2933 708 2989 lloc
731 2945 960 3001 certum,
986 2937 1275 2991 hodiernus
1297 2937 1427 2990 istas
1454 2936 1649 2991 Usuar-

57 3003 229 3076 ditias
275 3005 496 3057 omnino
529 3021 632 3058 non
669 3022 810 3070 esse,
845 3022 945 3060 nec
985 3008 1124 3076 apud
1158 3005 1324 3060 ullum
1361 3007 1642 3076 antiquum

51 3071 573 3144 blartyrograpbum
611 3078 709 3129 sub
742 3093 807 3129 eo
835 3071 1059 3130 numero
1090 3076 1356 3144 cognitas.
1389 3071 1648 3130 Wandal-

51 3141 218 3196 berti'
236 3141 448 3208 versus,
479 3160 650 3213 nuper
671 3146 832 3199 etiam
859 3141 1364 3209 indicatosJubens
1394 3144 1646 3213 subjicio,

52 3226 123 3267 ex
154 3213 362 3284 quibus
389 3214 440 3267 id
473 3214 686 3269 demum
727 3217 975 3279 habetur,
1021 3217 1164 3285 quod
1209 3216 1350 3270 ultro
1394 3216 1647 3285 concedi-

52 3297 208 3356 mus,
245 3299 592 3356 numerosam
624 3285 890 3354 virginum
933 3284 1329 3356 multitudinem
1368 3286 1510 3356 apud
1543 3284 1648 3340 Co-

51 3350 272 3408 loniam
299 3355 566 3425 martyrio
591 3350 930 3411 coronatam.
957 3355 1034 3410 Ita
1063 3356 1227 3411 habet
1252 3373 1265 3410 :

1871 2099 2008 2164 Tunc
2033 2113 2288 2164 numerosa
2310 2100 2449 2149 simul
2479 2102 2632 2150 Rheni
2656 2113 2744 2164 per
2768 2100 2933 2150 littora
2957 2101 3150 2164 fulgent

1874 2161 2068 2210 Christo
2092 2163 2322 2220 virgineis
2344 2170 2507 2211 erecta
2533 2161 2713 2220 troiae:
2737 2165 2960 2222 maniplis

1876 2225 2154 2284 Agrippinae
2181 2225 2307 2280 urbi,
2330 2238 2533 2284 quarum
2556 2224 2684 2271 furor
2713 2226 2888 2280 impius
2909 2226 3022 2272 olim

1874 2284 2023 2333 “illia
2046 2287 2275 2334 mactavit
2297 2285 2596 2335 ductricibus
2618 2286 2794 2347 inclyta
2826 2285 3025 2335 sanctis.

1819 2373 2112 2430 Numerum
2170 2375 2257 2429 ltic
2315 2389 2414 2442 pro
2472 2385 2642 2443 poetic
2698 2375 2923 2429 arbitrio
2975 2375 3324 2430 determinari

1749 2446 2094 2516 perspicuum
2130 2445 2393 2516 videtur.
2423 2444 2689 2499 Czeterum
2740 2453 2794 2498 et
2837 2445 3000 2498 millia
3049 2455 3104 2499 et
3151 2447 3327 2516 mille-

1751 2512 1848 2570 iias
1878 2512 2067 2570 'fnisse
2126 2514 2518 2569 illustrissimus
2569 2516 2842 2584 virgines,
2908 2524 3016 2568 tam
3068 2512 3338 2569 indubita-

1751 2595 1862 2640 tum
1895 2597 2168 2654 putamus,
2201 2595 2259 2638 ut
2292 2586 2501 2640 ferreus
2527 2585 2598 2638 sit
2621 2594 2870 2654 oporteat
2896 2586 3110 2654 (loquor
3134 2601 3199 2638 ex
3231 2585 3335 2638 Ma-

1750 2655 1904 2726 gistri
1933 2655 2247 2726 sententia),
2292 2655 2385 2724 qui
2420 2656 2567 2726 hisce
2603 2665 2669 2726 et
2694 2655 2932 2724 antiquis
2971 2655 3338 2726 fundamentis

1751 2725 1890 2780 nixa:
1911 2725 2312 2780 Coloniensium
2345 2725 2620 2778 traditioni
2647 2725 2803 2779 (idem
2829 2739 3024 2795 negare
3045 2725 3332 2779 sustineat.

1748 2797 1882 2850 Acta
1913 2795 2182 2863 equidem,
2213 2804 2274 2848 ut
2299 2795 2498 2864 passim
2523 2795 2736 2865 vulgata
2768 2806 2913 2857 sunt,
2941 2795 3118 2848 nullus
3143 2796 3335 2864 probo,

1749 2883 1850 2921 nec
1889 2867 1954 2919 de
1997 2866 2129 2935 ipsis
2162 2865 2313 2918 varie
2340 2880 2371 2918 a
2399 2866 2567 2919 variis
2602 2876 2656 2918 et
2690 2865 2882 2935 merito
2915 2865 3210 2935 castigatis,
3246 2865 3336 2935 hic

1750 2933 2066 3006 disputandi
2113 2934 2262 2989 locus
2296 2944 2400 2988 est.
2433 2935 2693 3006 Videatnr
2720 2934 2935 3006 Baronii
2969 2933 3203 2996 Notatio,
3241 2933 3336 2987 sed

1751 3005 1872 3060 cum
1924 3021 1987 3059 ea
2034 3006 2386 3060 conferantur
2439 3020 2559 3074 qua:
2609 3005 3017 3074 diligentissime
3064 3011 3338 3074 scrutatus

1750 3085 1831 3131 est
1861 3075 2148 3130 Browerus
2177 3084 2364 3128 noster
2407 3074 2459 3129 in
2512 3073 2763 3128 Venantii
2814 3073 3097 3128 Fortunati
3136 3073 3330 3127 librum

1752 3146 1990 3210 tertium,
2024 3157 2208 3216 apag.
2249 3145 2348 3210 6|;
2391 3143 2952 3216 itetnuliesponsiones
2980 3142 3335 3216 Papebrochii

1749 3217 1816 3270 ad
1843 3213 2130 3270 articulum
2158 3213 2250 3268 iix
2277 3230 2442 3269 num.
2484 3214 2572 3279 l5,
2618 3229 2843 3283 quicque
2882 3216 2954 3268 ibi
2999 3215 3065 3268 ab
3099 3229 3164 3268 eo
3193 3213 3334 3267 indi-

1750 3294 1961 3340 cantur.
1992 3283 2100 3338 Nos
2127 3285 2335 3352 reliqua
2361 3299 2429 3340 ex
2458 3284 2820 3340 Crombachio
2847 3294 2904 3340 et
2929 3285 3049 3339 aliis
3073 3299 3171 3340 suo
3201 3292 3337 3338 tem-

1681 3365 1726 3427 ο
1758 3371 1889 3425 pore
1915 3355 2300 3424 expendemus.

1384 3464 1982 3526 OBSERVATIONES.

126 3565 346 3635 Incipio
383 3581 412 3618 a
453 3565 768 3620 confusione
800 3580 920 3634 qua:
963 3564 1015 3619 in
1043 3563 1341 3621 Adonianis
1373 3562 1648 3635 codicibus

51 3653 197 3692 mss.
232 3631 379 3690 haud
403 3637 564 3689 dubie
590 3631 1060 3699 inveniri—debuit;
1086 3645 1140 3689 et
1164 3642 1385 3704 propter
1409 3631 1649 3704 adjectas

50 3707 312 3777 Virgines
347 3704 659 3777 Urslllatias,
709 3714 765 3759 et
802 3715 1029 3777 propter
1067 3700 1392 3777 transposita
1442 3703 1494 3777 in
1543 3700 1648 3777 lio-

51 3771 232 3831 matio
286 3791 456 3844 parvo
502 3776 717 3828 nomina
765 3771 956 3844 qiue'a
999 3771 1299 3845 Roswey‘do
1355 3771 1487 3845 locis
1537 3771 1649 3845 suis

50 3840 304 3902 feliciter
358 3847 603 3899 restituta
649 3840 798 3908 sunt,
824 3862 854 3898 a
882 3845 1166 3898 Mosandro
1190 3840 1244 3897 et
1274 3841 1442 3912 magis
1484 3840 1648 3894 etiam

51 3933 82 3968 a
120 3914 368 3969 Notkero
400 3916 630 3968 turbata.
665 3915 738 3967 De
764 3924 978 3972 caetero.
1025 3915 1166 3984 quod
1207 3913 1273 3966 ad
1319 3921 1522 3984 textum
1553 3925 1649 3965 no-

50 3997 244 4040 strum
275 3986 484 4049 attinet,
525 3985 569 4038 is
609 3987 762 4053 plane
800 4001 866 4040 ex
901 3984 1082 4038 Adone
1107 3992 1199 4038 aut
1228 3983 1528 4053 descriptus
1557 3989 1650 4035 ant

50 4064 388 4124 contractus
418 4063 528 4115 est;
564 4050 770 4124 singula
813 4055 1000 4108 ordine
1047 4067 1459 4124 prosequamur.
1490 4050 1647 4124 inter

50 4127 299 4195 codices
332 4120 797 4195 liieronyniianos,
837 4135 893 4178 ut
919 4120 1334 4195 vetitstissimus,
1373 4123 1449 4195 ita
1485 4120 1648 4195 hodie

51 4193 509 4249 correctissimus
527 4190 610 4248 est
635 4194 1068 4262 Epternacensis,
1095 4193 1333 4262 natngubi
1364 4191 1450 4244 alii
1480 4190 1648 4262 ferme

51 4265 254 4334 legunt
282 4282 296 4317 :
329 4263 396 4317 In
427 4260 759 4328 Nicomedia,
791 4264 942 4328 Dasi,
979 4264 1165 4325 Zotici,
1207 4260 1336 4334 Βαζιιὶ
1368 4277 1484 4334 cum
1514 4261 1646 4334 duo-

52 4331 240 4388 de'cim
287 4334 520 4399 milibus,
564 4350 841 4390 enormem
885 4348 1200 4396 numerum,
1255 4331 1460 4389 ercis
1518 4331 1648 4399 ipsis

53 4404 430 4472 incognitum,
479 4404 672 4457 melius
701 4404 800 4458 iste
832 4405 1109 4473 restringit
1157 4405 1259 4459 hoc
1306 4403 1484 4473 modo,
1529 4417 1646 4453 runt

54 4473 347 4527 duodecim
376 4475 643 4542 militibus.
677 4473 913 4527 Primam
958 4471 1240 4527 lectionem
1287 4471 1456 4542 pridie
1493 4488 1648 4525 secu-

56 4555 154 4596 tus
174 4552 264 4597 est
293 4541 577 4604 Notkertts,
609 4553 665 4596 at
693 4543 992 4597 llomanum
1036 4559 1281 4612 parvum,
1329 4541 1445 4594 Ado
1484 4550 1538 4594 et
1578 4556 1641 4595 ex

56 4614 170 4668 hoc
220 4612 415 4666 Noster
463 4613 757 4682 probatiori
809 4613 1087 4667 insistunt.
1117 4612 1235 4668 Jatn
1266 4627 1392 4666 vero
1423 4612 1644 4682 praefata

55 4684 258 4744 verba,
290 4700 407 4736 cum
428 4681 700 4737 duodecim
723 4683 971 4746 millibus,
999 4684 1218 4736 dubiuut
1255 4681 1643 4752 injccm'eFIO-

56 4753 310 4806 rentinio
352 4762 529 4807 utrum
568 4754 668 4807 sub
699 4755 800 4806 isto
848 4769 1070 4807 numero
1113 4750 1319 4807 sancta!
1345 4750 1554 4805 Ursulo:
1580 4767 1643 4806 ac

52 4824 336 4898 sociarum
363 4834 638 4898 “certamen
666 4839 796 4898 _t_ion
842 4823 1149 4898 εςῖιειηβιιμνΣ
1204 4823 1312 4898 Nec
1360 4837 1489 4878 sane
1516 4832 1644 4898 Διίμιιι
1672 4838 1724 4898 D

51 4891 259 4961 procul
300 4891 582 4960 rejicienda
627 4893 840 4946 videtur
878 4892 1020 4948 haud
1066 4893 1343 4948 infundata
1383 4893 1639 4960 suspicio,

52 4963 378 5030 praesertim
427 4963 470 5016 si
525 4978 652 5016 vera
710 4972 836 5014 sunt
883 4978 1004 5031 qua:
1055 4963 1238 5018 notula
1293 4977 1388 5020 Sua
1446 4964 1644 5017 asserit

56 5031 430 5092 Casteltanns,
477 5034 757 5102 nimirum,
791 5032 842 5084 in
874 5033 1141 5088 nonnullis
1178 5033 1414 5102 antiquis
1445 5033 1645 5087 codici-

57 5103 172 5156 bus
225 5118 333 5154 non
377 5102 645 5156 duodecim
668 5101 762 5155 sed
787 5103 1022 5156 undecim
1077 5105 1338 5160 duntaxat
1365 5102 1528 5156 millia
1555 5119 1648 5156 ac-

1755 3559 1859 3613 boc
1896 3572 1926 3610 a
1976 3557 2202 3612 Rabano
2236 3557 2428 3616 iisdem
2465 3555 2649 3618 verbis
2688 3574 2700 3611 :
2741 3557 3042 3626 Romanum
3081 3572 3332 3626 parvum,

1753 3628 1976 3698 paucis:
2011 3627 2079 3680 Et
2109 3629 2277 3698 sancti
2319 3627 2614 3698 Hilarionis
2655 3626 2917 3698 monachi.
2959 3625 3169 3698 Verum
3215 3627 3332 3698 Ado

1752 3696 1819 3768 ex
1859 3698 2052 3768 insigni
2108 3697 2261 3768 Vita,
2310 3699 2378 3752 ab
2422 3697 2750 3768 Hieronymo
2793 3696 3084 3768 descripta,
3135 3696 3332 3750 seriem

1751 3767 1889 3822 bene
1919 3767 2130 3838 longam
2165 3767 2543 3838 Martyrologio
2574 3767 2672 3822 suo
2706 3767 2948 3838 inseruit,
2981 3781 3046 3838 ex
3087 3781 3190 3833 qua
3223 3781 3331 3838 non

1752 3839 1918 3891 multa
1967 3835 2257 3900 Notkcrus,
2303 3835 2401 3892 sed
2440 3835 2525 3891 die
2567 3837 2888 3905 praecedenti
2938 3837 3077 3889 male
3109 3835 3328 3901 retulit;

1750 3907 1947 3978 Noster
1985 3906 2154 3961 solum
2197 3909 2426 3977 primam
2469 3907 2774 3978 periodum,
2803 3922 2921 3975 qum
2951 3906 3107 3959 Beda:
3137 3916 3190 3960 et
3221 3906 3329 3978 Ra-

1750 3977 1876 4048 iiatti
1919 3978 2102 4048 plirasi
2146 3978 2438 4046 persimilis
2471 3977 2575 4038 est,
2619 3978 2806 4048 selegit
2850 3985 2904 4030 et
2956 3977 3328 4048 transumpsit.

1750 4045 1884 4117 Vide
1907 4045 2026 4116 qua:
2050 4045 2248 4101 curSim
2279 4063 2308 4099 a
2335 4048 2488 4101 nobis
2513 4045 2832 4117 praesignata
2859 4054 2982 4117 sunt
3012 4062 3098 4100 XXI
3130 4045 3329 4109 Martii,

1748 4125 1803 4169 et
1827 4116 2000 4171 Vitam
2020 4117 2156 4187 apud
2177 4117 2414 4170 Surium.
2433 4120 2622 4170 Asterii
2645 4116 2886 4171 niemiuit
2901 4116 3062 4170 etiam
3085 4117 3331 4187 laudatus

1747 4187 1915 4250 Beda,
1963 4186 2206 4240 meminit
2255 4187 2528 4245 Rabanus.
2574 4188 2821 4241 meminit
2845 4187 2982 4248 Ado,
3011 4201 3202 4240 omnes
3235 4186 3328 4240 iis-

1748 4257 1868 4310 dem
1896 4256 2052 4325 plauc
2081 4257 2342 4311 terminis.
2373 4256 2592 4319 Bedam,
2624 4274 2692 4311 an
2726 4258 2990 4318 Adonem,
3019 4265 3238 4309 secutus
3259 4258 3332 4309 sit

1749 4325 2029 4380 Usuardus
2080 4328 2410 4380 tantumdem
2462 4335 2565 4388 est,
2621 4336 2771 4382 certe
2817 4340 2884 4379 ex
2935 4326 3222 4386 alterutro,
3273 4335 3333 4378 ct

1747 4397 2110 4452 verosimilius
2137 4412 2202 4451 ex
2233 4397 2390 4450 solito
2419 4397 2793 4464 antesignano,
2822 4411 2992 4464 pauca
3021 4411 3084 4448 ea
3113 4396 3331 4461 excepit

1747 4481 1865 4534 qua:
1895 4467 1947 4520 in
1982 4477 2129 4520 textu
2162 4467 2462 4520 retulimus.
2499 4465 2574 4519 De
2603 4467 2751 4520 Actis
2792 4465 3020 4520 videnda
3052 4473 3177 4516 sunt
3210 4477 3331 4534 quin

1746 4532 1802 4590 in
1847 4535 2068 4590 Callisto
2125 4536 2532 4590 observavimus
2585 4552 2674 4590 xw
2727 4535 2999 4590 Octobris.
3051 4532 3328 4587 Asterium

1745 4620 1908 4676 porro
1934 4618 1987 4661 et
2014 4606 2341 4661 llilarionem
2369 4605 2448 4660 sic
2475 4606 2657 4660 laudat
2686 4604 3103 4660 Wandalbertus
3130 4619 3145 4655 :

1899 4697 2168 4758 Presbyter
2193 4698 2416 4746 Asterius
2439 4697 2666 4744 duodena
2685 4695 2834 4758 laude
2857 4697 3101 4755 coruscat,

1901 4757 2132 4822 Egregia,
2157 4760 2333 4822 multos
2348 4759 2524 4822 docuit
2543 4761 2624 4818 qui
2651 4757 2852 4822 vincere
2876 4765 3072 4803 sanctos

1908 4819 2131 4882 L‘iulique
2148 4821 2284 4882 bella
2310 4821 2402 4879 piis
2426 4821 2584 4870 diram
2608 4819 2832 4866 minantia
2856 4825 3098 4882 mortem:

1904 4878 2122 4932 Hunc'et
2145 4878 2359 4930 HilariOn
2385 4885 2550 4934 eremi
2576 4883 2729 4928 bonus
2745 4878 2902 4927 accola
2921 4880 3086 4926 comit.
3179 4909 3182 4912 ~

1819 4964 1896 5018 De
1926 4975 2106 5043 sancto
2151 4964 2596 5043 viatore,_inquit
2623 4961 3003 5043 Florentinius,
3047 4955 3336 5043 apudifial:

1747 5035 1876 5090 licoa
1898 5037 2201 5111 ⁵δενὶριοζιεδ
2245 5035 2453 5111 omnia
2489 5028 2671 5111 ἱιρεςεα
2697 5029 3171 5111 _-sunt..Assentior
3196 5028 3338 5111 {sed

1749 5120 1816 5158 an
1863 5105 1982 5162 eius
2024 5096 2335 5160 coniectura
2383 5096 2546 5160 adp};
2585 5102 2802 5158 fundata
2830 5101 2902 5153 sit
2929 5100 2982 5152 in
3010 5096 3342 5152 restituenda
