3898 5338
586 366 698 426 618

1876 366 2113 424 USU'All
2123 367 2185 422 Dl
2226 365 2533 427 MONAClll

3692 379 3766 435 ωε

593 487 1044 563 quemadmodum
1081 495 1137 541 et
1164 485 1566 563 Notkerusﬂtic
1599 488 1774 563 denuo
1799 489 2043 563 signatas
2069 490 2173 563 Ka-
2201 496 2247 553 Α
2277 493 2484 546 ilicibus
2515 493 2715 547 nostris
2749 491 2906 562 plane
2933 492 3120 563 liquet.
3170 493 3385 549 Baronii
3423 494 3618 551 Nomio
3641 499 3772 554 Ilarti-

588 557 780 615 lettdas
805 575 908 611 uno
933 559 1389 630 dieprieverteus.
1433 557 1601 612 l’orro
1633 561 1774 613 circa
1806 559 1994 612 horttm
2023 561 2173 630 pugi-

593 631 702 685 lum
726 628 966 697 martyrii
992 629 1154 689 diem,
1183 628 1452 681 sociorqu
1471 643 1603 698 fera
1623 630 2060 692 notuina,eoruut
2079 628 2174 698 pa-

591 702 846 757 lmstram,
871 696 1016 749 circa
1043 706 1276 764 tempus,
1301 698 1440 750 circa
1470 696 1661 751 Felicis
1675 699 2035 766 episcopatum
2051 696 2104 754 et
2120 700 2171 754 id

587 783 757 838 genus
776 767 1143 838 alia,plurima
1157 777 1448 838 occurrunt
1463 767 1707 821 iutrieata
1723 779 1778 822 et
1800 778 2170 833 controversa,

591 836 707 891 fuse
736 853 836 890 suo
863 836 980 889 loco
1004 837 1373 904 expendenda,
1406 837 1470 888 de
1495 838 1691 904 quibus
1739 838 1907 892 videri
1956 839 2168 892 interim

585 916 814 978 possunt
834 906 1129 978 Batonius,
1145 916 1255 978 tum
1285 905 1335 958 in
1359 906 1622 978 hodierna
1653 905 1936 978 Notatione
1962 909 2171 963 modice

587 974 947 1039 emendanda,
981 983 1092 1028 tttttt
1119 975 1172 1028 in
1200 974 1497 1029 Annalibus
1527 984 1671 1030 lomo
1704 976 1768 1038 ll,
1807 993 1949 1030 anno
1979 979 2104 1040 302,
2139 995 2169 1033 a

588 1061 739 1100 nttm.
769 1047 869 1100 H8
900 1063 911 1098 :
939 1045 1076 1098 unde
1111 1044 1409 1114 Jauningus
1455 1056 1662 1108 noster,
1708 1045 1892 1100 Roma:
1931 1049 2172 1103 existens

591 1115 1164 1186 16987rogatu_eard._
1191 1114 1458 1186 Coloredi,
1507 1115 1766 1186 lectiones
1807 1117 2017 1186 accepit
2059 1117 2172 1170 for-

590 1185 817 1240 mandas
844 1184 907 1238 et
933 1184 1196 1252 disposuit
1241 1185 1308 1237 ad
1349 1199 1506 1236 usum
1559 1185 1804 1238 ecclesiae
1861 1184 2167 1250 Venusinae,

587 1272 733 1310 anno
760 1255 1001 1323 proxime
1035 1254 1278 1321 sequenti
1310 1255 1630 1375 apgrobatas
1669 1255 1863 1308 ibidem
1891 1264 1946 1308 et
1972 1257 2167 1310 editas.

588 1327 718 1375 Item
761 1324 1075 1375 Ituiuartitts
1102 1324 1153 1375 itt
1195 1322 1344 1375 Actis
1417 1322 1612 1375 inceris
1640 1331 1695 1375 et
1721 1324 1934 1375 selectis
1975 1340 2005 1375 a
2044 1340 2165 1375 nar.

588 1327 718 1379 Item
761 1322 1075 1395 ltuinartius
1102 1324 1153 1395 in
1195 1322 1344 1377 Actis
1374 1322 1612 1395 sinceris
1640 1331 1695 1376 et
1721 1324 1934 1395 selectis
1975 1340 2005 1378 a
2044 1340 2165 1395 pag.

586 1395 716 1457 374,
753 1404 808 1448 et
851 1392 1220 1447 Tillemontius
1252 1403 1398 1446 tomo
1422 1391 1486 1455 V,
1517 1407 1544 1444 a
1569 1409 1688 1462 pag.
1715 1394 1840 1447 202.
1889 1395 2023 1448 Acta
2045 1391 2170 1463 ipsa

587 1480 721 1518 sane
743 1463 1000 1533 prmclara
1023 1478 1193 1530 usque
1219 1464 1353 1515 adeo
1373 1463 1598 1516 eruditis
1628 1463 1895 1531 placuere,
1951 1473 2008 1518 ιιι
2048 1473 2172 1532 post

590 1531 810 1588 Suriutu
869 1543 922 1585 ct
966 1531 1253 1586 Barouium
1297 1548 1358 1584 ea
1401 1547 1611 1585 rursum
1663 1531 2062 1601 evulgaverint,
2115 1542 2170 1588 et

589 1603 958 1658 emcndatiora
1013 1603 1232 1656 reddere
1287 1602 1466 1655 conati
1524 1603 1633 1656 siut
1679 1603 1850 1656 Lucas
1906 1603 2170 1658 Acherius

592 1673 862 1742 Spicilcgii
895 1671 974 1725 sui
989 1681 1150 1742 tumo
1183 1671 1294 1734 XII,
1323 1688 1443 1741 pag.
1489 1670 1611 1734 654,
1643 1682 1696 1725 et
1721 1671 2028 1742 Stephanus
2063 1672 2167 1726 Ba-

589 1740 764 1796 lttzius
797 1740 947 1796 tomo
989 1740 1031 1794 ll
1082 1740 1591 1812 MiscellaneOrum,”
1611 1758 1732 1812 pag.
1783 1740 1869 1794 77.
1929 1742 2066 1808 Quin
2114 1749 2170 1796 et

590 1812 809 1867 Omnia:
838 1826 1021 1866 recusa
1049 1811 1300 1864 dicuntur
1337 1826 1480 1864 anno
1531 1810 1704 1866 168οξ
1747 1812 1896 1865 Adde
1948 1814 2166 1865 brevem

589 1882 877 1944 Castellaui
924 1881 1180 1934 ttotulam.
1243 1881 1370 1946 Qua:
1415 1880 1594 1933 omnia
1639 1881 1964 1934 conferenda
2011 1891 2170 1935 erunt

590 1967 712 2006 eum
741 1951 980 2021 pluribus
1009 1950 1129 2003 aliis
1152 1966 1280 2021 mss.
1318 1965 1384 2002 ex
1439 1950 1601 2021 \jariis
1645 1951 1983 2004 bibliothecis
2028 1951 2168 2021 apud

590 2038 689 2075 nos
718 2019 978 2081 collectis,
1007 2029 1063 2072 ut
1092 2035 1189 2072 suo
1208 2019 1324 2072 loco
1347 2020 1562 2088 copiose
1589 2022 1981 2088 priestabimus.
2023 2019 2168 2074 satis

593 2092 678 2143 hic
705 2091 776 2145 sit
802 2106 1010 2144 summa
1045 2104 1223 2144 rerum
1253 2089 1428 2158 capita
1456 2105 1521 2143 ex
1566 2090 1812 2145 instituto
1837 2100 2024 2144 nostro
2053 2106 2170 2144 cur-

592 2161 695 2213 sim
725 2161 1009 2213 delibasse.

661 2229 925 2281 Martinus
957 2227 1281 2281 Vertavensis
1305 2227 1507 2281 nullum
1539 2227 1784 2284 Usuardo
1810 2229 2170 2298 antiquiorem

590 2307 869 2353 auctorem
915 2298 1095 2364 habet,
1122 2299 1216 2353 sed
1239 2299 1310 2352 ab
1335 2312 1401 2352 eo
1430 2314 1553 2352 vere
1578 2299 1952 2369 consignatum
1982 2314 2048 2352 ex
2082 2314 2170 2353 co-

2201 1840 2244 1898 Β

2277 579 2403 616 nunt
2460 565 2600 616 Iutnc
2649 565 2929 618 confundit
2976 579 3098 617 cum
3144 565 3315 619 altero
3358 565 3575 621 Martino
3601 569 3770 623 Sancto-

2275 633 2448 696 nensi,
2481 632 2649 686 relato
2673 635 2742 686 ab
2770 634 2956 687 Adone
2983 649 3086 686 non
3120 649 3154 686 v
3179 633 3304 689 ldus
3326 677 3341 697 ,
3372 637 3462 689 sed
3494 653 3560 690 vu
3591 638 3690 692 ldus
3711 641 3775 693 [le-

2272 703 2528 763 cembris,
2553 719 2660 770 qtto
2684 704 2771 757 die
2801 704 3027 757 videnda
3063 703 3347 757 Castellani
3393 705 3686 771 observatio,
3724 715 3772 765 nti

2273 781 2328 824 et
2351 773 2876 841 ltodicrua,utraque
2920 773 3177 826 Martiuos
3220 775 3400 839 plures
3442 787 3666 830 accurate
3700 780 3773 832 dis-

2275 842 2540 911 tinguens.
2592 840 2758 908 Hujus
2794 840 3156 896 Vertaveusis
3182 843 3354 897 Vitam
3397 846 3584 898 editam
3619 847 3774 903 invenio

2275 920 2419 964 tomo
2439 912 2459 964 l
2482 912 2970 984 Actoruurordiuis
2994 913 3482 984 sauctiBenedieti,
3509 930 3539 966 a
3565 931 3670 984 pag.
3689 918 3774 982 Sil,

2272 996 2432 1052 quam
2463 982 2707 1052 sequitur
2742 981 3117 1036 Miraculorum
3169 981 3320 1046 liber,
3363 981 3593 1052 ejusdem
3631 981 3777 1042 'verosié

2275 1050 2763 1120 tuiliterauctoris,
2792 1052 2881 1105 ubi
2916 1059 2973 1105 et
2998 1052 3048 1104 in
3074 1053 3365 1120 appendice
3394 1050 3572 1107 altera
3616 1054 3709 1109 Vita
3742 1069 3777 1112 et

2275 1067 2470 1104 numer
2507 1067 2763 1112 auctoris,
2792 1067 2881 1105 uot
2916 1067 2973 1105 et
2998 1067 3048 1104 tn
3074 1067 3140 1120 ap
3179 1067 3365 1106 enatce
3410 1067 3572 1107 altera
3621 1067 3709 1109 Vita
3742 1069 3777 1112 et

2273 1119 2654 1192 miraculorum
2685 1119 2872 1192 relatio
2897 1067 3294 1188 superadditur.
3345 1121 3630 1192 Utrobique
3662 1127 3777 1179 refer.

2275 1197 2364 1242 tttr
2393 1189 2459 1244 ad
2485 1203 2684 1242 annum
2710 1190 2929 1244 circiter
2951 1191 3435 1254 sexcentesimum;
3473 1189 3606 1247 unde
3637 1195 3775 1247 mirum

2271 1257 2406 1312 Acta
2431 1257 2547 1326 ejus
2581 1258 2646 1313 iis
2668 1259 3033 1321 annumerari,
3072 1275 3192 1328 quae
3224 1261 3500 1315 subdititia
3538 1274 3774 1325 censentur,

2275 1337 2527 1398 tanquam
2549 1343 2736 1382 eorum
2764 1338 3071 1398 sanctorum
3097 1328 3187 1396 qui
3204 1337 3329 1383 ante
3355 1339 3599 1398 sanctum
3618 1333 3778 1384 Βυηριιῐ.

2271 1397 2416 1451 etum
2471 1399 2836 1452 decesserunt.
2904 1397 3070 1450 Porro
3127 1398 3370 1452 laudatus
3419 1397 3713 1454 Castellanus
3741 1401 3775 1454 in

2273 1466 2633 1537 Martyrologii
2675 1467 2755 1521 sui
2788 1467 3104 1521 universalis
3127 1468 3368 1520 interiori
3393 1467 3621 1536 margine
3645 1467 3776 1522 litteris

2273 1535 2530 1590 Romanis
2557 1535 2708 1591 tiotat
2734 1553 2933 1589 annum
2959 1537 3137 1590 obitus
3168 1537 3386 1590 circiter
3421 1535 3540 1596 789,
3577 1537 3623 1588 in
3657 1551 3734 1605 quo
3757 1557 3776 1589 ι

2273 1605 2574 1661 Mabilionis
2597 1607 2859 1660 sententia
2894 1606 3053 1676 longe
3084 1606 3306 1676 recedit,
3350 1615 3604 1676 vocatque
3643 1607 3684 1659 itt
3715 1623 3775 1659 on

2271 1677 2469 1730 extima
2497 1676 2696 1730 Gallice
2717 1677 2854 1729 enim
2881 1674 3077 1728 Mat-tiu
3111 1674 3158 1726 le
3184 1675 3316 1738 θεαί,
3347 1675 3514 1729 veluti
3543 1690 3628 1743 per
3643 1677 3775 1730 citan-

2272 1745 2598 1800 cteristicaut
2624 1746 2692 1799 ab
2713 1745 2833 1798 aliis
2857 1745 3099 1798 Martinis
3124 1745 3490 1798 discretivam.
3530 1747 3648 1798 Acta
3669 1761 3775 1813 penes

2273 1831 2371 1868 uos
2393 1830 2522 1868 mss.
2551 1825 2676 1869 sunt
2701 1825 2756 1868 et
2781 1816 2954 1877 varia,
2976 1829 3093 1882 qua:
3122 1829 3244 1866 cum
3271 1814 3564 1881 jmecitzttis
3585 1830 3667 1867 suo
3688 1825 3774 1867 tent-

2309 1900 2402 1938 ore
2429 1886 2697 1938 receuseri
2725 1893 2975 1953 poterunt
2996 1881 3067 1936 iet
3107 1883 3386 1937 illustrari.
3438 1881 3708 1952 Mnglorittnt
3734 1885 3774 1935 ad

2309 1902 2402 1938 ore
2429 1902 2697 1938 recensert
2725 1902 2975 1953 pnterunt
3012 1902 3067 1936 et
3107 1902 3386 1937 IllllStl‘arl.
3438 1902 3708 1952 magicum
3734 1902 3774 1935 at

2271 1902 2503 2008 l’Jsuardi
2535 1963 2736 2008 textum
2771 1969 3108 2022 nequaquam
3147 1963 3398 2022 Spectare
3451 1969 3602 2022 supra
3633 1954 3676 2006 in
3711 1954 3774 2002 ‘ia-

2273 2024 2541 2078 riantibus
2565 2025 2778 2078 abunde
2829 2021 3182 2076 ostendimus.
3235 2021 3642 2076 Wandalbertus
3672 2022 3774 2073 hodie

2274 2103 2539 2147 memorat
2562 2093 2922 2163 quadragenos
2961 2108 3152 2163 sexque
3177 2091 3658 2163 triumpltoLRomte
3682 2093 3772 2142 nili-

2273 2164 2346 2216 tia
2369 2172 2416 2215 et
2446 2160 2624 2216 sancta
2650 2160 2929 2217 certandae
2949 2162 3142 2226 claros,
3187 2160 3278 2230 qui
3329 2163 3403 2216 ad
3449 2161 3585 2216 diem
3618 2174 3774 2229 sequen-

2276 2241 2383 2286 tem
2425 2233 2714 2302 pertinent.

2029 2410 2406 2468 AUC‘I‘ARIA.

663 2501 906 2574 Patren.
935 2510 989 2554 et
1014 2501 1320 2574 TQRNACEN.
1375 2499 1666 2572 Utriusque
1695 2517 1979 2558 excessum
2006 2517 2169 2574 supe-

594 2575 708 2629 rius
733 2571 944 2627 abunde
977 2571 1340 2626 recitavimus.

663 2643 989 2707 PULSANEN.,
1022 2642 1074 2694 in
1103 2641 1275 2711 prima
1305 2640 1712 2697 annuntiatione
1751 2651 2022 2711 utcunque
2067 2657 2170 2711 pu-

592 2730 709 2778 rus,
736 2712 972 2768 secunda
1005 2711 1224 2765 omnino
1253 2719 1434 2776 caret;
1471 2712 1613 2780 quod
1639 2711 1763 2766 huic
1789 2713 1963 2768 codici
1990 2712 2174 2766 insoli-

594 2792 708 2836 tum
740 2799 844 2836 nou
870 2791 971 2835 est.

665 2853 964 2912 Ameana,
1022 2849 1425 2914 MAX.-LUBEC.,
1460 2849 1814 2912 UGIIELLIAN.,
1871 2849 2177 2904 Amoene.-

594 2921 762 2983 Max.,
797 2921 1158 2981 UL'I'IIAJECT.,
1187 2919 1446 2982 Lernam,
1477 2919 1792 2985 LOVANIEN.,
1821 2919 2080 2984 ALBEBG.,
2121 2927 2177 2974 et

598 2992 809 3053 Dum“
834 3003 1022 3042 omnes
1048 2989 1306 3042 deticiuut
1330 2990 1382 3042 in
1413 2989 1598 3042 ultima
1626 3000 1776 3058 parte
1801 2989 1958 3058 elogii
2000 2990 2173 3044 sancti

596 3059 792 3114 Felicis
820 3067 873 3110 et
903 3060 1194 3128 socioruttt.
1224 3074 1335 3128 qua
1362 3059 1518 3128 primi
1553 3070 1686 3113 tetas
1726 3060 2022 3124 iudicatur;
2063 3075 2175 3114 om-

597 3145 696 3182 ttes
732 3129 783 3182 itt
814 3127 918 3181 line
939 3126 1196 3195 adjiciunt
1223 3126 1256 3181 z‘
1276 3149 1293 3177 ι
1321 3126 1454 3181 Item
1477 3129 1646 3182 sancti
1674 3129 1862 3184 Vitalis
1885 3145 1898 3193 ;
1922 3147 1940 3178 ι
1975 3129 2077 3191 vel,
2117 3137 2178 3183 ut

595 3199 758 3252 habet
784 3197 1118 3252 ULTIIAJEC'I'.
1162 3210 1176 3248 :
1228 3214 1246 3248 ‹
1279 3197 1411 3251 Item
1451 3197 1628 3252 natale
1678 3199 1853 3254 sancti
1902 3197 2106 3254 Vitalis.
2149 3218 2166 3250 ι

598 3266 734 3358 Puto
764 3283 871 3358 ἐξ.
897 3266 1329 3358 llieron|y_ntiani.s
1373 3277 1652 3358 accepturu
1696 3283 1851 3358 esse}
1875 3284 1994 3349 .non
2033 3270 2176 3350 enim

2279 2503 2481 2556 miana.
2530 2518 2548 2552 ι
2577 2498 2814 2554 Vertano
2841 2501 3185 2564 monasterio,
3220 2500 3490 2569 depositio
3514 2503 3662 2557 sancti
3683 2500 3770 2553 llat-

2281 2571 2377 2626 titti
2417 2570 2644 2624 abbatis.
2689 2571 2884 2623 Eodem
2931 2572 3037 2633 die,
3087 2572 3354 2640 depositio
3400 2574 3567 2627 sancti
3607 2571 3771 2640 Ilaglotii

2279 2640 2515 2709 episcopi
2546 2649 2600 2694 et
2629 2640 2974 2694 confessoris.
3027 2640 3158 2695 Item
3196 2643 3373 2696 sancti
3416 2643 3611 2696 Vitalis.
3635 2661 3652 2692 ι
3684 2640 3770 2692 Vide

2281 2711 2423 2765 dicta
2473 2710 2741 2776 superius.

2355 2779 2718 2841 “sessorem,
2749 2779 2799 2832 itt
2829 2778 3001 2850 prima
3029 2779 3378 2850 nonomttino
3406 2797 3585 2850 purus,
3611 2782 3772 2850 secanti

2282 2848 2398 2902 loco
2449 2858 2711 2902 memorat
2755 2866 2766 2900 :
2816 2866 2833 2897 ι
2868 2847 3021 2917 Apud
3055 2847 3422 2912 Palestinam,
3460 2851 3620 2904 natale
3659 2848 3771 2902 sancti

2282 2918 2541 2972 IIilarioui
2574 2918 2819 2971 monachi
2850 2927 2913 2988 et
2935 2917 3230 2980 ltereutitm,
3262 2919 3510 2988 discipuli
3539 2920 3679 2973 sancti
3702 2920 3770 2969 Αι-

2285 2989 2414 3043 touii
2445 2989 2644 3057 magni,
2673 2988 2763 3056 qui
2791 2987 2980 3056 spiritu
3000 3056 3004 3057 ν
3024 2988 3317 3056 prophetiae
3353 2987 3548 3044 claruit
3576 2998 3621 3042 et
3643 2988 3772 3041 mulus

2283 3060 2350 3111 ab
2398 3056 2699 3111 infidelibus
2745 3056 3144 3124 persecutiones
3173 3072 3368 3124 passus
3397 3068 3483 3114 est
3505 3099 3521 3122 ,
3551 3069 3603 3113 et
3626 3057 3770 3111 tandem

2281 3128 2472 3197 plenus
2493 3127 2647 3197 bonis
2667 3127 2918 3194 operibus
2944 3126 3196 3197 migravit
3220 3128 3285 3180 ad
3311 3130 3590 3182 Dominum
3614 3127 3655 3197 in
3674 3140 3770 3193 pare.

2283 3195 2472 3267 Cujus
2504 3196 2928 3267 gvitantubeatus
2986 3195 3307 3267 Jeronytnus
3369 3199 3425 3250 iit
3483 3197 3592 3250 Vita
3622 3195 3771 3267 Patrum

2284 3263 2559 3321 describit.
2594 3285 2614 3336 ι
2662 3263 2788 3318 Vide
2825 3281 2985 3336 supra
3026 3281 3113 3336 χιιι
3154 3263 3430 3320 Octobris.
3472 3267 3622 3335 Hujus
3641 3264 3772 3320 codicis

597 3337 917 3414 t'crosimile
944 3347 1046 3400 est,
1090 3335 1176 3389 hic
1221 3337 1444 3390 iudicari
1475 3335 1702 3392 Vitalem
1726 3337 1920 3392 Felicis
1946 3339 2173 3401 socium,
2208 3352 2254 3414 ο
2285 3345 2475 3414 auctor
2502 3335 2634 3389 satis
2671 3350 2768 3414 pro
2793 3335 3016 3414 arbitrio
3053 3335 3423 3414 Sanctosdtuc
3455 3336 3571 3414 illuc
3601 3346 3771 3414 ῑςπωρο-

597 3407 772 3476 quiin
802 3404 950 3459 Actis
982 3415 1327 3459 memoratur.

669 3475 951 3546 Mensam.
1005 3475 1059 3546 in
1097 3483 1246 3546 textu
1276 3475 1498 3530 omnino
1525 3491 1711 3546 purus,
1747 3477 1895 3546 addit
1932 3477 1984 3532 in
2029 3477 2177 3532 fine:

604 3565 623 3596 ε
647 3545 768 3616 Ipso
801 3545 886 3599 die
925 3545 977 3616 in
1012 3545 1321 3616 Britannia,
1343 3545 1604 3600 transitus
1632 3548 1772 3600 beati
1799 3545 2040 3616 Maglorii
2069 3547 2182 3615 epi-

599 3613 1190 3686 scopietconfessoris.
1229 3633 1253 3686 ε
1300 3615 1380 3686 Ita
1421 3616 1587 3669 editio
1616 3616 1829 3685 prima;
1880 3613 1963 3672 est
2008 3617 2060 3670 in
2101 3613 2184 3686 al-

601 3683 714 3739 tera
739 3683 1077 3752 subiungitur
1112 3699 1127 3736 :
1168 3703 1187 3734 r
1216 3683 1380 3753 Cujus
1402 3700 1599 3753 corpus
1618 3683 1928 3739 honoratur
1951 3697 2007 3741 et
2045 3685 2180 3740 coli-

599 3763 691 3808 tur
719 3755 771 3807 in
798 3756 1046 3808 coenobio
1075 3753 1180 3806 divi
1214 3752 1476 3823 Maglorii,
1499 3752 1717 3808 civitate
1743 3755 2000 3810 Parisius.
2038 3774 2058 3807 ι

672 3823 1020 3878 (laureum:
1055 3842 1073 3872 ι
1106 3823 1258 3890 Apud
1318 3823 1596 3892 Apuliam,
1648 3825 1864 3880 civitate
1915 3823 2180 3890 Venusia,

601 3894 775 3948 sancti
807 3893 1000 3946 Felicis
1029 3892 1263 3960 epis00pi
1291 3893 1640 3958 Tubozensis,
1669 3903 1724 3948 et
1749 3895 1982 3949 Audacis
2006 3903 2061 3948 et
2094 3894 2184 3948 Ja-

603 3963 779 4017 nuarii
815 3962 1185 4033 diaconorum,
1222 3961 1590 4033 etAFortunati
1639 3973 1695 4017 et
1747 3963 1973 4033 Septimi
2018 3964 2183 4018 lecto-

603 4047 724 4084 rum
744 4071 759 4095 ,
797 4031 886 4098 qui
917 4031 970 4101 in
994 4030 1264 4101 occisione
1287 4030 1455 4101 ‘gladii
1494 4030 1850 4087 consummati
1882 4043 2025 4088 sunt.
2083 4033 2184 4087 Pa-

606 4101 770 4159 risiis,
807 4100 977 4153 sancti
1004 4100 1242 4161 Maglorii
1272 4100 1508 4161 episcopi
1538 4112 1593 4155 et
1615 4103 1961 4158 confessoris.
1998 4123 2018 4154 ι

676 4155 1018 4243 Danastium.
1076 4155 1209 4243 ΙῖυεΔ
1241 4155 1406 4243 rel’ert
1443 4155 1725 4243 Africanos
1752 4155 2070 4243 martyres,
2098 4172 2183 4243 _de

605 4237 802 4322 quibus
823 4238 1030 4322 egimus
1054 4255 1143 4322 xvi
1173 4237 1465 4322 Octobris.‘
1486 4242 1561 4294 Ita
1588 4241 1745 4322 habet
1769 4261 1782 4296 :
1807 4261 1830 4322 μ
1858 4237 2010 4322 Apud
2025 4241 2184 4322 [Afri-

606 4307 758 4380 eam,
799 4307 1307 4380 natalesanctorum
1331 4319 1629 4380 martyrum
1657 4307 1921 4366 Marciani
1940 4320 1996 4366 et
2024 4311 2184 4365 Satu-

607 4377 910 4450 rianiActtm
959 4379 1167 4433 duobus
1211 4377 1489 4450 fratribus
1514 4396 1732 4450 eorum.
1793 4381 1893 4447 Qui
1943 4391 2183 4450 tempore

607 4445 936 4502 Wandalicat
958 4449 1346 4519 persecutionis
1378 4450 1476 4503 sub
1497 4449 1755 4506 Geserico
1785 4445 1910 4519 rege
1930 4445 2180 4516 Arriano,

606 4532 707 4588 pro
728 4519 1029 4572 constantia
1059 4519 1178 4573 fidei
1206 4517 1518 4583 Catholica},
1568 4521 1800 4588 primum
1839 4517 2057 4575 nodosis
2106 4520 2184 4573 fu.

607 4587 782 4657 atibus
811 4589 957 4649 czcsi,
985 4597 1040 4642 et
1072 4604 1240 4657 usque
1282 4589 1348 4641 ad
1389 4604 1510 4642 ossa
1553 4587 1732 4643 laniati
1781 4598 1922 4650 sunt,
1965 4599 2022 4644 et
2058 4604 2180 4643 cum

607 4656 779 4728 multo
804 4665 1040 4726 tempore
1064 4656 1186 4728 talia
1208 4667 1520 4728 paterentur
1539 4700 1554 4721 ,
1585 4661 1827 4727 sequenti
1859 4660 1945 4712 die
1971 4673 2182 4728 semper

607 4725 924 4780 incolumes
956 4725 1349 4781 reddebantur:
1390 4725 1677 4782 novissime
1722 4739 1900 4782 autem
1943 4729 1993 4782 in
2038 4725 2182 4782 exilii

610 4795 1180 4868 relega_tione,vinctis
1220 4798 1442 4866 pedibus
1485 4809 1605 4866 post
1655 4809 1799 4868 terga
1849 4798 2180 4851 currentium

610 4865 1014 4936 quadrigarum,
1056 4867 1196 4920 inter
1222 4865 1454 4936 ’spittosa
1490 4865 1609 4921 loca
1658 4865 1935 4929 silrarutn,
1982 4869 2185 4934 pariter

605 4934 740 5002 jussi
765 4942 898 5004 sunt
923 4933 1162 5004 interire,
1203 4933 1636 4990 et'curreutibus
1686 4937 1959 4990 indomitis
1986 4933 2181 5004 equis,

611 5002 816 5074 orando
853 5010 909 5056 et
943 5003 1217 5074 psallendo
1257 5005 1371 5074 pias
1413 5008 1619 5059 animas
1646 5007 1960 5060 emiserunt.
2019 5002 2184 5057 Passa

611 5079 697 5142 est
734 5071 898 5123 etiant
945 5071 1067 5124 eum
1115 5073 1194 5126 eis
1240 5071 1452 5142 egregia
1493 5075 1691 5129 Christi
1735 5075 1924 5128 ancilla
1954 5074 2183 5127 Maxima

613 5139 788 5212 yirgo,
818 5153 938 5206 qua:
975 5142 1187 5212 tandem
1234 5139 1344 5212 sua:
1373 5139 1622 5196 libertati
1669 5145 1909 5208 dimissa,
1947 5153 2186 5212 postmo-

617 5207 743 5284 dum
769 5215 941 5260 mater
964 5209 1250 5284 multarum
1279 5211 1541 5284 rirginttm
1576 5213 1663 5266 Dei
1697 5213 1907 5275 ell'ecta,
1947 5207 2004 5267 in
2056 5228 2184 5266 cou-

2210 4693 2261 4752 D

2286 3406 2383 3458 nit.
2410 3406 2486 3457 En
2509 3404 2810 3472 exemplum
2837 3405 2979 3458 aliud
3007 3419 3073 3457 ex
3101 3419 3233 3457 xxttt
3258 3405 3513 3459 Octobris
3539 3423 3551 3456 :
3583 3423 3600 3454 ‹
3624 3403 3667 3456 In
3687 3414 3772 3470 pag»

2280 3474 2625 3537 Pictaviensi,
2659 3473 2830 3527 sancti
2859 3473 3130 3528 Benedicti
3159 3473 3509 3528 confessoris.
3545 3495 3561 3524 ι
3599 3473 3770 3539 Rursus;

2288 3564 2306 3595 ‹
2342 3543 2398 3597 In
2431 3543 2704 3615 territorio
2732 3544 3103 3615 A_t_ttbiattensi,
3133 3545 3320 3615 sancti
3346 3541 3773 3615 Domicii,episutpt

2282 3622 2338 3668 et
2371 3613 2715 3668 confessoris.
2770 3613 2998 3680 Vertago
3035 3614 3400 3677 monasterio,
3446 3614 3604 3667 sancti
3629 3609 3773 3664 Martini

2282 3683 2510 3737 abbatis.
2543 3683 2696 3747 Item,
2725 3683 2900 3737 sancti
2929 3681 3117 3736 Vitalis
3147 3685 3423 3753 martyris.
3461 3703 3480 3734 ι
3579 3751 3587 3753 _
3719 3743 3741 3753 η

2350 3743 2760 3815 Αρυιαικοτζὶιι
2805 3753 2912 3805 fine
2945 3753 3094 3804 addit
3132 3769 3144 3804 :
3189 3771 3206 3802 ε
3248 3743 3380 3805 Item
3429 3751 3590 3805 sancti
3630 3743 3771 3800 Vitalis.

2281 3821 2338 3874 In
2370 3838 2506 3890 pago
2531 3821 2821 3884 Turonico,
2855 3821 3028 3876 Lucas
3058 3831 3257 3886 castro,
3286 3823 3462 3876 sancti
3493 3819 3674 3875 Senoclt
3690 3829 3772 3868 cou-

2284 3890 2506 3945 fessoris
2534 3899 2696 3960 atque
2725 3892 2956 3960 abbatis.
3492 3959 3506 3960 7
3767 3950 3771 3957 ι

2353 3959 2716 4023 ΒΑνειιυΝΕΝ..
2743 3969 2865 4030 post
2892 3959 3130 4023 Martini,
3164 3960 3344 4015 subdit
3381 3978 3396 4013 :
3444 3979 3464 4011 ‹
3490 3959 3632 4030 ltetn.
3663 3963 3773 4030 sant"

2285 4028 2494 4084 Vitalis.
2530 4031 2702 4085 Lucas
2744 4025 2955 4092 castro,
3004 4031 3173 4083 sancti
3207 4030 3421 4084 Senoch
3455 4025 3771 4098 confessoris.)

2353 4097 3267 4168 lllarntc.-Canruus.eUtxrtmtzcr.
3304 4140 3317 4152 .
3357 4120 3375 4150 ι
3410 4095 3676 4168 Evergisli,
3706 4095 3774 4168 epi-

2283 4171 2429 4238 scopi
2457 4179 2512 4223 et
2553 4170 2822 4239 martyris.
2870 4167 3110 4239 Maglorii
3151 4170 3389 4239 episcopi
3415 4179 3472 4223 et
3513 4166 3772 4239 confessam

2283 4237 2496 4293 Martini
2545 4237 2756 4293 abbatis
2798 4247 2855 4292 et
2901 4237 3245 4293 confessoris.
3299 4237 3499 4292 Felicis
3531 4237 3774 4306 episcottiﬂ

2285 4309 2538 4379 martyris
2573 4324 2695 4362 cum
2728 4309 2911 4363 sociis.
2951 4327 2968 4379 ρ

2354 4373 2655 4442 meorum,
2686 4379 2826 4448 sign.
2852 4379 2912 4441 D,
2939 4377 2973 4431 9
3006 4395 3017 4428 :
3042 4396 3072 4448 ς»
3092 4376 3274 4432 Sancti
3307 4373 3611 4431 Frotmuttdi
3637 4376 3773 4434 many

2285 4449 2380 4502 ris.
2417 4469 2435 4499 ι
2480 4446 2814 4502 (ΖυδιριΙίιιιιιε
2843 4457 2998 4501 vocat
3034 4446 3414 4516 Fromundunt.
3576 4513 3592 4516 _
3716 4505 3739 4516 η

2352 4519 2535 4572 Com-:1
2584 4519 2644 4570 D.
2696 4517 2772 4586 Du
2817 4517 3030 4570 CIIEVAL
3078 4515 3323 4586 signatus
3365 4515 3413 4586 C7
3456 4528 3472 4568 :
3508 4533 3549 4586 _r
3575 4513 3673 4586 Ipso
3703 4505 3774 4586 die,

2283 4589 2453 4641 sancti
2507 4585 2735 4639 Antaudi
2788 4581 3155 4640 confessoris.—
3195 4584 3461 4650 Luciani,
3504 4581 3713 4639 Marciani
3743 4581 3775 4624 ει

2287 4657 2455 4709 Flori.
2488 4674 2505 4705 ι
2550 4655 2624 4707 De
2652 4655 2734 4709 ltis
2763 4671 2888 4708 XXVI
2920 4654 3188 4709 Octobris.

2359 4726 2414 4779 ln
2447 4724 2726 4788 VATICAN.,
2760 4726 2857 4779 sub
2885 4741 3032 4777 num.
3063 4723 3202 4777 5949
3227 4721 3378 4778 deest
3409 4721 3628 4776 Martini.
3666 4785 3675 4788 _
3753 4779 3773 4788 η

2361 4795 2632 4848 Aureus.
2667 4808 2681 4845 :
2712 4779 2736 4843 ἦ
2771 4794 2824 4847 Itt
2867 4808 3003 4862 pago
3040 4791 3386 4857 Bituricensi,
3415 4792 3575 4846 sancti
3600 4779 3774 4842 Dulcardi

2290 4863 2636 4936 confessoris.
2665 4862 2994 4936 Itemgsancti
3028 4862 3314 4936 Fremun_d_i
3341 4862 3601 4936 martyris.
3627 4877 3679 4936 ι,Δ
3730 4920 3738 4930 ¹

2364 4932 2713 4998 Ιτιοιιεκιικη
2737 4933 2909 5002 primo
2933 4932 3049 4986 loco
3072 4947 3086 4985 :
3110 4951 3126 4981 ι
3155 4931 3211 4984 1η
3237 4931 3538 5002 Florentino
3559 4931 3772 4999 territam

2293 5003 2348 5058 in
2383 5002 2426 5056 Τ
2433 5003 2637 5059 huscia.
2682 5001 2859 5070 passio
2887 5003 3057 5056 sancti
3087 5001 3289 5056 Crescii
3319 5001 3562 5071 martyris
3583 5004 3629 5050 et

2294 5087 2412 5126 runt
2441 5071 2576 5138 ejus.
2612 5067 2713 5137 Qui
2744 5087 2882 5125 anno
2910 5072 3119 5125 Domini
3148 5085 3339 5124 ccum
3374 5067 3558 5140 [potius
3580 5067 3769 5140 ξαιιιοηιιέ

2292 5142 2392 5196 sub
2418 5134 2791 5209 persecutione
2818 5142 2958 5195 Deus
2985 5141 3359 5210 tyranniipassi
3375 5134 3572 5210 'suntin
3584 5134 3697 5210 loco.
3714 5139 3770 5210 φξξ

2291 5203 2488 5281 dicitur
2517 5210 2680 5264 Vallis
2712 5226 2878 5275 cavae,
2905 5203 3078 5265 ubi'itt
3106 5203 3333 5263 ecclesia
3365 5210 3464 5262 sal;
3493 5203 3626 5275 tif.qu
3657 5203 3770 5276 ξιξιςυ
