3898 5338
530 278 632 336 619

1849 277 2152 334 υδυΑιωι
2193 278 2498 335 MONACHI
2818 248 2828 256 ’
3697 282 3786 336 eeo

598 393 836 448 lllustres
868 392 940 445 illi
983 391 1178 464 gemini
1208 390 1625 464 Suessionenses
1666 400 1932 462 martyres
1965 393 2042 445 sic
2083 407 2109 444 a
2141 399 2189 457 Α
2218 391 2283 446 Et
2320 393 2398 446 sic
2430 391 2619 464 melius
2650 407 2910 464 propago
2942 403 3032 448 aut
3065 395 3364 455 territorio,
3399 411 3568 464 quam
3604 409 3698 463 pro
3729 399 3789 448 ci-

525 465 667 519 Beda
683 459 1093 532 consignantur}
1113 459 1440 524 Suessiones,
1459 461 1633 515 iuitule
1654 459 1952 516 sanctorum
1970 480 2051 515 mu
2061 477 2110 512 ν-

523 547 698 606 tyrum
716 530 940 606 Crispini
967 542 1012 585 et
1045 530 1382 606 Crispiniuni.
1412 533 1601 606 Florus
1633 533 1860 606 elogiqu
1891 533 2110 606 addidit,

529 601 782 660 Haliartus
804 604 1094 672 longiorem
1111 603 1392 656 historiam
1409 620 1470 657 ex
1491 605 1698 663 eodem.
1715 601 1923 672 opinor,
1947 601 2110 664 fonte,

531 694 599 730 ex
630 692 736 745 quo
764 677 924 728 etiam
958 690 1050 725 sua
1086 674 1178 726 sed
1209 674 1417 728 diversa
1455 684 1508 727 et
1551 675 1781 728 breviori
1815 674 1996 745 phrasi
2030 688 2115 726 ae-

528 744 669 816 cepit
717 747 866 808 Ado;
919 760 1034 816 eam
1092 759 1157 816 ex
1207 745 1308 797 hoc
1355 747 1524 813 magis
1576 747 1846 798 contraxit
1890 744 2109 807 Noster;

527 815 798 870 Nolkcrus
841 815 1012 868 verosi
1041 815 1198 867 cilius
1239 830 1304 867 ex
1341 817 1577 868 llabauo.
1621 816 2113 870 Celeberrimorum

527 888 763 957 pugilum
809 887 1065 957 Inetnoitia
1113 885 1386 957 antiquior
1428 895 1511 940 est
1541 888 1614 957 fin
1663 887 1936 940 codicibus
1992 885 2115 938 Hie-

525 954 860 1027 i'ouymianis
882 975 892 1007 :
913 954 1121 1019 Galliis,
1141 955 1396 1010 Sessionis
1420 957 1500 1011 vel
1525 956 1782 1020 Sessonis,
1811 956 2036 1024 Crispini
2062 965 2115 1008 et

509 1026 868 1095 ‘Crispiniuni,
905 1027 1101 1080 additis
1143 1027 1303 1080 sociis
1339 1028 1425 1095 qui
1461 1028 1674 1082 aliunde
1704 1027 1894 1080 divulsi
1932 1026 2114 1079 viden-

524 1108 636 1151 tur.
671 1099 840 1163 Quam
869 1105 1080 1150 :etatem
1110 1107 1226 1151 acta
1257 1099 1554 1161 redoleant,
1586 1098 1709 1150 alibi
1739 1098 2110 1150 discutiemus.

527 1168 601 1221 Ea
649 1168 784 1236 apud
836 1167 1196 1220 Motnbritium
1239 1169 1377 1220 edita
1419 1178 1564 1231 sunt,
1599 1185 1628 1221 ει
1661 1167 1820 1220 Surio
1867 1167 2113 1220 nonnihil

522 1246 850 1309 contracta,
903 1253 931 1290 a
980 1239 1133 1291 nobis
1165 1238 1495 1309 primigenia:
1533 1238 1715 1306 phrasi
1761 1238 2110 1309 restituenda,

529 1307 871 1373 illustranda,
919 1317 1005 1370 et,
1055 1309 1096 1361 si
1147 1309 1260 1360 fieri
1307 1307 1512 1376 potest,
1555 1319 1742 1361 contra
1785 1308 2114 1361 recentiores

523 1379 748 1432 'crilicos
780 1379 1120 1431 vindicanda.
1164 1379 1236 1430 lie
1275 1378 1492 1432 Miniate
1526 1380 1656 1431 nihil
1689 1379 1827 1447 apud
1860 1379 2114 1431 vetustio-

531 1466 616 1502 res
646 1464 869 1516 usquam
904 1449 1132 1517 reperio,
1161 1465 1257 1501 uec
1283 1450 1414 1502 satis
1441 1449 1710 1516 conj-icere
1733 1465 1946 1518 possum
1975 1449 2115 1502 unde

528 1535 650 1572 cum
686 1518 961 1572 Usuardus
1007 1519 1276 1587 aeccperit
1313 1537 1324 1571 :
1360 1535 1536 1588 neque
1567 1520 1710 1573 enim
1744 1529 1860 1572 acta
1895 1535 1922 1572 a
1957 1518 2116 1572 Surio

527 1591 742 1659 vulgata
786 1588 982 1643 vidisse
1021 1590 1413 1642 existitnatnlus
1442 1587 1547 1656 est,
1585 1591 1674 1658 qui
1707 1600 1812 1642 tam
1837 1587 2018 1658 jejune
2050 1589 2114 1643 de

527 1675 593 1730 eo
646 1661 902 1730 loquitur.
961 1659 1073 1712 Non
1125 1660 1298 1729 magis
1366 1671 1526 1730 notus
1589 1663 1729 1729 apud
1780 1660 2114 1730 antiquiores

534 1729 793 1812 Hilarius.
849 1729 1105 1811 Suspicor
1154 1740 1330 1783 tamen
1373 1729 1679 1812 Csuardqni
1728 1732 1968 1812 codicem
2013 1729 2113 1812 ali-
2145 1751 2191 1812 Β

527 1815 688 1870 quem
733 1800 1211 1871 llierouymiauum
1251 1802 1548 1854 auctiorem
1596 1803 1850 1855 habuisse
1877 1842 1891 1865 ,
1939 1800 2114 1870 qualis

527 1881 612 1925 est
641 1872 799 1925 hodie
838 1871 1178 1925 Corbeiensis
1199 1911 1228 1941 ,ν
1260 1871 1310 1924 in
1347 1887 1452 1938 quo
1495 1873 1608 1926 solo
1640 1872 1833 1941 legitur
1862 1890 1873 1923 :
1913 1871 1979 1923 In
2008 1871 2114 1924 Cu-

529 1943 678 2007 valis,
711 1942 964 2012 depositio
1008 1942 1139 1994 beati
1187 1940 1402 2006 Hilarii,
1435 1943 1658 2012 episcoui
1696 1940 1742 1995 et
1780 1943 2110 1996 confessoris.

2219 463 2380 515 vitate
2411 463 2690 530 accipitur.
2737 463 3000 516 Caeterum
3051 465 3173 516 inde
3210 463 3431 530 Noster"
3460 465 3608 518 haud
3653 466 3790 519 dubie

2217 543 2491 586 mutuatus
2522 527 2621 587 cst.
2654 535 2782 588 Vide
2807 550 2926 602 qua:
2951 535 3016 586 ad
3049 527 3320 589 Miniatéin
3356 544 3626 589 notarunt
3653 534 3792 588 Βεεθ-

2217 605 2336 676 nius
2365 615 2416 657 ct
2445 604 2812 669 Castellauus;
2862 605 2927 658 de
2956 605 3157 658 llilario
3186 608 3315 660 nihil
3349 618 3649 676 prieterea,
3673 608 3790 674 quod

2216 674 2405 738 sciam,
2425 676 2694 728 memoria:
2710 676 2978 743 proditum
3003 685 3102 730 est.
3125 676 3255 731 Vide
3278 674 3464 730 noiula
3475 693 3527 730 ut
3545 677 3789 729 Mothcrii.

2218 744 2657 818 Waudallsertus,
2688 747 2778 816 qui
2811 747 2982 818 pridie
3011 747 3077 801 de
3109 749 3472 818 quadraginta
3507 764 3604 800 sex
3645 747 3792 799 militi-

2215 816 2316 869 bus
2345 826 2546 886 ego-rat,
2583 818 2682 869 hoc
2726 818 2811 871 die
2865 817 3126 871 Hilarium
3169 816 3362 873 ultimo
3394 818 3521 873 loco
3552 818 3790 882 celebrat,

2215 889 2506 958 przennssis
2557 887 2805 956 Crispino
2850 898 2905 941 et
2961 888 3334 958 Crispiniano,
3392 888 3708 958 Chrysauto
3750 898 3791 941 et

2218 957 2398 1010 Daria.
2453 957 2760 1012 Postremos
2797 959 2931 1011 duos
2981 957 3143 1013 etiam
3190 961 3350 1014 hodie
3403 957 3658 1014 referunt
3705 960 3792 1012 Ra-

2216 1028 2387 1081 banus
2417 1030 2591 1095 primo
2623 1029 2737 1082 loco
2766 1037 2818 1082 et
2848 1045 2912 1082 ex
2939 1044 3005 1082 eo
3035 1029 3320 1091 Notkerus,
3347 1029 3791 1099 quemadmodum

2216 1108 2269 1150 et
2301 1099 2353 1150 in
2384 1099 2655 1170 Allatiiac
2688 1099 2974 1170 Frontonis
3007 1102 3241 1170 antiquis
3272 1100 3630 1154 Kalendariis
3655 1100 3794 1152 coll-io

2217 1178 2437 1232 cautur;
2472 1178 2527 1220 at
2558 1169 2750 1223 Noster
2775 1169 3012 1223 Adonem
3055 1169 3294 1232 secutus.
3329 1171 3548 1224 distulit
3577 1170 3647 1222 ad
3674 1186 3688 1221 ι
3716 1171 3794 1221 De-

2217 1241 2480 1303 cembris,
2524 1250 2578 1293 ut
2627 1240 2695 1292 ibi
2746 1240 3006 1296 dicemus.
3063 1241 3158 1295 Hic
3210 1241 3600 1296 Wandalberti
3637 1256 3794 1294 versus

2218 1308 2450 1377 subjicio
2490 1327 2500 1362 :

2281 1453 2513 1516 Octavum
2537 1454 2784 1516 CriSpinus
2808 1454 2955 1503 habet
2979 1469 3086 1503 cum
3104 1455 3432 1514 Crispiniano,

2282 1515 2519 1564 Flammas
2541 1519 2629 1578 qui
2646 1515 2796 1576 passi,
2817 1530 3000 1566 saevum
3022 1519 3189 1564 vicere
3215 1524 3508 1578 tyranuum.

2283 1578 2512 1628 Gemmas
2535 1575 2755 1640 martyrii
2776 1585 3000 1639 geminas
3031 1578 3158 1629 festo
3177 1578 3354 1641 (posset
3376 1575 3543 1626 deleri
3564 1575 3714 1641 resth
3729 1588 3796 1624 ve-

3316 1652 3553 1687 neramur
3580 1639 3749 1686 eodem

2282 1701 2604 1763 Cbrysaututn
2626 1703 2939 1763 Dariamque,
2963 1714 3113 1752 novos
3131 1714 3254 1762 quos
3277 1713 3492 1748 munere
3518 1701 3715 1760 ειιηδιί,

2281 1762 2429 1812 Roma
2457 1777 2582 1812 nunc
2609 1773 2771 1813 vectos
2795 1762 2988 1823 tu':i.ul..s
3013 1778 3130 1812 nova
3157 1763 3287 1814 Cella
3317 1771 3574 1821 venustat,

2286 1831 2436 1883 Quam
2458 1825 2583 1887 (lege
2606 1833 2717 1888 qua}
2741 1825 2895 1873 Rheni
2916 1822 3060 1874 celsis
3082 1824 3351 1888 succedunt
3371 1836 3572 1886 aequora
3601 1822 3745 1874 silvis

2289 1888 2502 1937 “llal‘llh'
2526 1885 2605 1937 hic
2625 1885 2773 1937 etiam
2798 1890 2922 1938 nitet
2946 1889 3102 1949 amplo
3127 1885 3305 1950 prasul
3331 1885 3538 1936 uouere.

1973 2055 2343 2112 AUCTARIA.

602 2148 903 2209 "summa,
923 2155 1034 2200 toto
1063 2156 1206 2200 textu
1233 2146 1575 2216 purissimus,
1599 2147 1813 2215 subjicit
1838 2147 2114 2216 prOprium

531 2219 837 2274 Rhemense
877 2235 888 2271 :
939 2237 954 2268 ι
995 2217 1113 2285 Ipso
1139 2218 1245 2280 die,
1270 2217 1536 2286 depositio
1563 2220 1733 2271 sancti
1761 2217 1957 2271 Celsini
1992 2233 2117 2286 pre-

529 2290 732 2346 sbvteri
759 2299 813 2342 et
849 2287 1195 2342 confessoris.
1230 2307 1246 2337 i
1281 2287 1412 2340 Vide
1447 2288 1829 2341 Castellanum.

595 2349 934 2422 Tonsacrxv,
967 2360 1019 2412 in
1051 2359 1242 2427 prima,
1275 2359 1428 2411 tertia
1460 2370 1514 2411 et
1536 2360 1720 2428 quinta
1746 2375 1932 2428 purus,
1959 2360 2120 2411 omit—

532 2432 595 2484 tit
626 2432 917 2485 secundam
947 2439 1000 2483 et
1026 2439 1295 2497 quartam.

602 2504 1033 2556 ANTUEIUh-HAJ.
1066 2500 1246 2553 deficit
1271 2501 1319 2553 iu
1345 2500 1456 2554 sola
1474 2500 1885 2555 aunnntiatione
1903 2509 2116 2570 quarta,

533 2573 584 2626 in
618 2573 823 2640 reliquo
855 2579 998 2624 textu
1030 2572 1164 2623 satis
1192 2587 1377 2639 purus.

605 2645 1130 2717 liosn'itvu._qttat'lo
1183 2641 1297 2694 loco
1334 2642 1533 2717 inserit
1589 2657 1666 2717 εὴ(
1732 2642 1858 2717 Item
1913 2641 2118 2717 Rutilae,

540 2713 758 2768 Maximi
789 2722 842 2766 et
881 2712 1107 2765 aliortun
1141 2728 1243 2765 cxx
1277 2713 1527 2766 militum.
1570 2733 1587 2763 ι
1624 2712 1878 2778 Sequitur
1915 2712 2117 2779 sim'pli-

534 2782 710 2838 citer:
766 2783 997 2835 Minimis
1042 2783 1305 2850 martyris.
1351 2782 1484 2835 Tum
1539 2801 1550 2834 :
1610 2802 1625 2831 ‹
1691 2783 1891 2842 lionue,
1942 2783 2119 2836 natale

533 2865 846 2908 sanctorum
907 2861 1200 2921 martyrum
1255 2851 1487 2906 Crisanti
1538 2862 1592 2905 et
1646 2853 1816 2905 Dat-ia:
1873 2854 2114 2921 virginis.

535 2926 635 2992 Qui
663 2932 786 2992 post
823 2923 1206 2990 multas,quas
1251 2937 1350 2990 pro
1401 2924 1616 2977 Christo
1667 2923 1853 2976 lucrati
1905 2923 2120 2977 fuerant

535 2995 838 3064 passiones,
867 2993 1000 3062 jussi
1034 3004 1158 3046 sunt
1203 3011 1230 3046 a
1280 2993 1610 3048 Numeriano
1662 2996 1983 3062 imperatore
2034 2996 2117 3048 via

536 3067 745 3119 Salaria
776 3064 827 3116 in
858 3064 1106 3134 arenario
1137 3065 1327 3132 deponi
1353 3076 1406 3117 et
1426 3067 1665 3118 viventes
1690 3075 1829 3118 terra
1858 3077 1910 3118 ct
1934 3066 2120 3134 lapidi-

536 3137 636 3190 bus
667 3136 842 3190 obrui.
885 3154 901 3183 ι
937 3133 1055 3188 Jam
1081 3135 1313 3189 diximus
1363 3137 1460 3190 bos
1500 3137 1566 3189 ab
1605 3136 1791 3189 Adone
1839 3139 1902 3190 ad
1949 3133 2118 3189 tlte-

535 3207 773 3266 cembris
803 3205 1112 3260 translatos.

606 3277 1052 3354 l—’ULsasEs._li:_ec
1081 3276 1438 3354 so_lum__habet
1466 3295 1493 3354 ςΔ
1522 3297 1540 3328 ‹
1568 3277 1779 3354 _Natalis
1807 3289 2120 3354 sant-torum
2148 3281 2194 3354 ρ

537 3347 1144 3420 martyrumClirisanti
1168 3356 1221 3401 et
1249 3347 1419 3420 [)aria;
1446 3349 1688 3420 virginis.
1733 3347 1832 3415 Qui
1878 3358 2120 3417 tcnqiore

539 3389 855 3473 Numeriani
915 3435 942 3470 a
1005 3417 1188 3486 judice
1243 3417 1494 3473 Celeriuo
1531 3389 1918 3487 itonuekpassi
1976 3389 2118 3472 sluut.

534 3489 743 3553 Ronan,
777 3488 971 3543 natalis
1006 3490 1395 3558 quinquaginta
1436 3500 1491 3544 et
1537 3505 1633 3543 sex
1689 3490 1962 3543 militum.
1991 3491 2121 3544 ltctn

534 3561 756 3616 civitate
793 3560 1029 3623 Cavalis,
1054 3560 1223 3613 sancti
1261 3560 1426 3615 Ylarii
1470 3561 1703 3629 episcopi
1750 3570 1803 3614 ct
1851 3560 2123 3615 confesso-

535 3632 628 3687 Iis.
664 3653 681 3682 ι
719 3631 921 3684 Scribit
948 3639 1002 3684 et
1033 3630 1312 3685 abbreviat
1342 3634 1500 3686 modo
1530 3648 1645 3683 suo.

610 3704 892 3757 MUNEMT.
929 3716 1026 3768 pro
1056 3716 1176 3754 XLVI
1229 3701 1485 3766 militum,
1529 3703 1738 3766 scribit,
1786 3701 1977 3754 natalis
2035 3719 2123 3755 sea:

536 3775 761 3827 milium.
793 3773 908 3824 Alia
939 3772 992 3824 in
1023 3779 1169 3824 textu
1201 3781 1323 3825 sunt
1349 3787 1451 3826 non
1484 3773 1614 3826 satis
1640 3781 1847 3826 exacta.
1879 3773 1932 3824 ln
1968 3772 2071 3826 fine
2107 3792 2117 3826 :

542 3866 557 3894 ι
605 3842 1085 3913 Corhoilo,sancti
1111 3842 1246 3912 Lupi
1293 3843 1532 3913 episcopi
1578 3853 1632 3897 et
1676 3844 2024 3900 confessoris.
2098 3866 2116 3896 ι

449 3937 454 3940 -
539 3915 672 3966 Vide
702 3912 1083 3966 Castellanum.

607 3985 846 4039 Games.
879 3984 1042 4036 textui
1078 3982 1298 4037 ascribit
1335 4001 1347 4035 :
1389 4004 1405 4031 α
1439 3983 1591 4052 Apud
1618 3985 1945 4048 Carnotum,
1973 3985 2122 4039 dedi-

543 4057 686 4108 catio
734 4055 975 4108 ecclesia:
1024 4055 1195 4109 sancti
1245 4052 1467 4108 Joannis
1519 4055 1800 4124 Baptistae,
1856 4066 1908 4109 et
1954 4058 2122 4112 sancti

549 4125 813 4178 Vincentii
841 4125 1012 4178 levita:
1041 4135 1095 4179 et
1122 4126 1393 4196 martyris.
1435 4146 1452 4176 ι

619 4197 980 4260 [ιιτιωιςοτη
1010 4196 1507 4256 ιιςῑυεΝηΑιιςεηα.
1528 4206 1580 4249 et
1608 4197 1793 4250 DANIC.
1822 4197 2119 4265 incipiunt:

547 4290 564 4316 ι
605 4267 804 4326 llomaa,
839 4277 1148 4322 sanctorum
1176 4269 1412 4322 Crisanti
1444 4277 1496 4321 et
1528 4269 1700 4322 Daria:
1732 4269 1971 4338 virginis.
2020 4269 2123 4334 Qui

534 4348 660 4407 post.
692 4339 882 4392 multas
923 4338 1354 4408 passionesjuSsi
1383 4355 1412 4391 a
1441 4339 1765 4392 Numeriano
1793 4339 2122 4406 imperatore

539 4411 624 4464 via
661 4410 867 4463 Salaria
895 4410 946 4462 in
975 4410 1223 4464 arenario
1255 4410 1472 4477 deponi,
1511 4421 1671 4477 atque
1708 4410 1814 4463 illic
1856 4411 2120 4475 viventes,

542 4491 681 4533 terra
716 4491 765 4534 et
799 4481 1061 4549 lapidibus
1093 4479 1268 4533 obrui.
1310 4480 1516 4543 Retine,
1553 4483 1634 4534 via
1680 4481 1908 4545 Salaria,
1946 4482 2123 4536 natale

539 4551 680 4604 beati
713 4552 970 4604 Bonil'acii
1000 4551 1013 4602 I
1041 4567 1209 4620 papie.
1243 4549 1339 4604 llic
1371 4553 1683 4614 constituit,
1719 4567 1935 4605 servum
1967 4554 2123 4605 cleri-

2223 2153 2531 2199 sanctorum
2562 2142 2796 2212 Crispini
2827 2153 2882 2198 et
2909 2143 3254 2212 Crispiniani.
3286 2143 3394 2210 Qui
3423 2143 3527 2197 sub
3561 2157 3790 2210 perseca-

2224 2217 2369 2270 tione
2414 2214 2790 2284 Dyoclesiani’,
2825 2216 3041 2270 beatum
3085 2214 3402 2282 Quintinum
3452 2215 3652 2272 secuti.
3700 2225 3791 2282 post

2223 2287 2478 2340 immania
2508 2293 2774 2339 tormenta
2815 2302 2842 2338 a
2895 2286 3185 2340 Rixiovaro
3225 2284 3458 2355 praiside
3494 2285 3596 2338 sibi
3647 2284 3789 2346 illata,

2223 2358 2344 2412 caesi
2376 2356 2551 2426 gladio
2583 2365 2929 2410 coronantur.
2956 2378 2972 2408 ι
3006 2357 3060 2410 lu
3083 2357 3357 2426 Frontone
3373 2356 3625 2408 nonnihil
3656 2358 3790 2408 etiam

2221 2443 2289 2482 ex
2319 2425 2506 2480 Adone
2538 2427 2895 2495 interpolatus
2925 2437 3026 2480 est.
3060 2447 3076 2477 ι
3112 2427 3266 2495 Apud
3298 2425 3649 2479 Florenciain
3679 2428 3789 2479 αἰεὶ-

2226 2508 2412 2568 tatem,
2446 2498 2624 2566 passio
2656 2497 2796 2553 beati
2844 2497 3072 2553 Nimetis
3105 2517 3122 2548 ι
3164 2495 3446 2568 [Miniatis]
3504 2499 3607 2550 sub
3657 2499 3790 2549 Decio

2227 2567 2461 2623 Caesare.
2489 2567 2693 2632 Romze,
2719 2569 2803 2620 via
2829 2570 3058 2632 Salaria,
3086 2567 3280 2621 natalis
3319 2576 3639 2622 sanctorum
3674 2583 3789 2620 mar-

2229 2655 2404 2709 tyrum
2433 2638 2687 2702 Crisanti,
2736 2648 2790 2692 et
2837 2640 3007 2694 Duriae
3057 2639 3292 2709 virginis.
3345 2637 3447 2703 Qui
3493 2637 3790 2709 cunt_nulla

2227 2707 2424 2780 genere
2458 2719 2848 2763 tormentorum
2883 2711 3023 2765 vinci
3063 2707 3301 2780 poésent,
3337 2709 3560 2762 tandem
3611 2707 3786 2780 Nume-

2228 2778 2380 2834 riano
2413 2782 2739 2848 imperatore
2761 2780 3005 2850 jubente,
3033 2778 3129 2850 pro
3161 2781 3377 2835 Christo
3410 2789 3559 2833 terra
3591 2790 3645 2834 et
3676 2778 3786 2846 lapi-

2228 2852 2385 2904 dibus
2418 2851 2594 2905 obruti
2628 2861 2772 2905 suut.
2803 2850 2984 2905 Roma:
3009 2854 3093 2905 via
3120 2851 3352 2912 Salaria,
3401 2850 3586 2904 natale
3639 2861 3787 2903 sancti

2227 2921 2681 2991 Bouifaciipapat,
2715 2923 2804 2991 qui
2834 2924 3113 2978 constituit
3160 2939 3226 2978 ne
3271 2938 3466 2978 servus
3512 2931 3607 2974 aut
3649 2921 3789 2974 eui-ia;

2226 2994 2491 3046 obnoxius
2517 2993 2746 3046 clericus
2772 2992 2944 3047 fieret.
2983 3015 3000 3045 ι
3035 2995 3089 3047 In
3117 2991 3320 3047 Hilario
3349 2994 3481 3049 satis
3517 3009 3683 3060 purus
3703 3003 3783 3044 est.

2226 3063 2280 3116 In
2316 3067 2419 3117 line
2455 3082 2466 3116 :
2506 3084 2522 3113 ι
2559 3064 2712 3132 Apud
2741 3063 3010 3118 Bituricas
3036 3066 3334 3126 civitatem,
3364 3063 3668 3119 Ambiliaco
3699 3079 3787 3114 mo-

2227 3136 2484 3197 nasterio,
2534 3133 2674 3187 beati
2727 3135 2978 3188 DUiCul'tii
3028 3136 3377 3190 confessoris.
3419 3155 3440 3188 ι
3472 3134 3787 3189 Castellanus

2226 3206 2409 3260 scribit
2440 3204 2706 3267 Ainiliaci,
2730 3205 2932 3260 Gallice
2957 3206 3174 3261 Amblis.

2299 3276 2642 3331 llacssovaa.
2670 3274 2774 3330 Pro
2807 3293 2928 3331 xLVt
2959 3277 3119 3332 habet
3151 3293 3298 3332 XLVII-
3320 3275 3575 3340 militum,
3600 3276 3654 3330 in
3688 3276 3786 3328 reli—

2226 3363 2328 3416 qua
2360 3347 2766 3401 annuntiatioue
2805 3348 2943 3418 satis
2974 3363 3156 3418 purus.
3206 3348 3461 3416 Sequitur
3507 3366 3520 3400 :
3586 3367 3604 3397 ‹
3652 3346 3783 3414 Apud

2227 3418 2414 3471 urbem
2444 3418 2802 3472 chssioncm
2834 3419 2888 3472 in
2920 3417 3311 3488 Gallia,passio
3337 3427 3649 3473 sanctorum
3674 3432 3787 3471 mar-

2226 3496 2401 3558 tyrum
2439 3488 2670 3558 Crispini
2705 3499 2759 3542 et
2797 3489 3144 3556 Crispiuiani.
3202 3491 3305 3558 Qui
3334 3489 3560 3544 fuerunt.
3609 3489 3789 3543 nobiles

2225 3573 2443 3628 genere,
2475 3561 2540 3613 de
2579 3560 2797 3613 Perside
2846 3561 3108 3629 fugientes
3155 3561 3592 3630 persecutionem
3644 3559 3784 3612 Μδιί·

2227 3631 2414 3694 miani,
2448 3647 2608 3699 quam
2644 3632 2770 3684 fecit
2812 3633 3122 3685 christianis
3150 3635 3202 3686 in
3248 3631 3492 3693 Oriente,
3546 3631 3611 3683 ad
3656 3645 3785 3683 caru—

2227 3701 2347 3754 dem
2390 3702 2663 3755 civitatem
2716 3703 2898 3756 deven.
2924 3712 3064 3755 runt.
3108 3705 3175 3757 Et
3215 3714 3342 3756 tunc
3373 3719 3497 3755 eum
3528 3703 3720 3754 victum
3744 3710 3785 3750 rt

2226 3773 2479 3825 vestitum
2515 3789 2619 3826 non
2650 3772 2931 3836 haberent,
2962 3775 3028 3826 ad
3053 3785 3226 3828 artem
3258 3774 3523 3826 sutorium
3571 3774 3784 3825 animum

2227 3859 2382 3896 suum
2419 3851 2711 3910 posuerunt
2741 3853 2793 3896 et
2823 3844 3150 3914 pauperibus
3187 3845 3359 3914 gratis
3405 3844 3782 3898 laboraveratu.

2227 3925 2281 3966 et
2323 3916 2569 3968 mercede
2600 3916 2910 3967 carentibus
2941 3925 2994 3969 et
3018 3917 3302 3979 omnibus;
3350 3924 3406 3967 et
3433 3915 3684 3967 omnibus
3715 3929 3783 3965 su-

2229 3986 2434 4038 toribus
2468 3985 2881 4052 prievalucrunt.
2910 3985 2973 4040 Et
3006 3985 3075 4039 ob
3107 3987 3364 4039 invidiam
3395 3988 3635 4038 accusati
3664 3981 3783 4052 quod

2227 4053 2523 4109 Christiani
2569 4064 2769 4118 essent,
2801 4066 2854 4107 et
2902 4073 3006 4110 non
3053 4065 3499 4126 negaverunt,et
3547 4056 3662 4109 ideo
3705 4057 3783 4107 suo

2229 4126 2577 4196 Dyoclctiauo
2633 4141 2727 4193 per
2789 4126 3157 4182 Rictiovarum
3218 4128 3504 4196 praesidem
3557 4127 3785 4180 immania

2231 4195 2498 4267 tormenta
2523 4198 2662 4266 passi
2693 4207 2836 4256 sunt,
2863 4201 3006 4251 etad
3057 4195 3304 4253 ultimum
3355 4199 3537 4265 gladio
3579 4195 3785 4267 jugulari

2221 4265 2499 4338 jubentur.
2525 4265 2560 4318 ί»
2599 4269 2672 4321 De
2695 4269 2968 4323 Bouil’acio
3000 4271 3158 4322 habet
3191 4269 3362 4323 lenne
3393 4278 3452 4322 ut
3479 4265 3660 4338 supra;
3705 4267 3783 4320 Pio

2228 4337 2451 4392 Minime
2481 4339 2668 4393 scribit
2697 4338 2952 4408 Mymate.
2984 4339 3058 4394 De
3089 4341 3368 4394 Frontone
3400 4348 3455 4393 et
3479 4337 3695 4403 Hilario,
3717 4340 3783 4391 die

2227 4410 2494 4478 sequenti.

2299 4483 2618 4553 AQUiciNcr.
2654 4481 2705 4532 iu
2741 4480 2844 4533 tiae
2873 4482 3020 4534 addit
3063 4497 3076 4534 :
3139 4502 3156 4532 ‹
3221 4481 3273 4534 In
3333 4497 3476 4553 pago
3526 4481 3783 4553 Turonico,

2230 4553 2402 4606 sancti
2456 4550 2620 4620 Spani
2674 4553 2946 4622 martyris.
2991 4573 3009 4603 ι
3041 4553 3124 4622 lta
3165 4561 3218 4606 et
3273 4550 3364 4606 alii
3414 4550 3693 4614 scribunt,
3722 4552 3784 4601 \ci

537 4638 663 4700 cum
696 4623 1099 4700 itoit_fieri,ttec
1138 4622 1430 4675 obnoxium
1490 4623 1653 4676 curia:
1703 4623 1782 4674 vel
1840 4622 2203 4700 cujuslibet!)
2232 4621 2457 4700 Speraui
2506 4632 2613 4700 etc.
2662 4621 3568 4700 Castellum,_llispatlii,_Gallice
3625 4623 3784 4700 Emis.

543 4693 640 4747 rei.
679 4713 694 4744 ι
733 4693 977 4746 Dubitari
1010 4692 1121 4746 fcre
1170 4702 1352 4763 posset
1397 4709 1464 4746 an
1510 4701 1623 4746 haec
1662 4703 1933 4763 postrema
1982 4694 2123 4748 Ado-

543 4764 703 4834 niana
738 4781 843 4817 non
872 4763 998 4817 sint.
1033 4763 1190 4816 Certe
1231 4762 1500 4816 Notkerus
1546 4764 1610 4817 de
1667 4762 1948 4817 llonifacio
1991 4769 2120 4834 agit,

544 4832 828 4888 Mosander
871 4851 992 4886 eum
1019 4834 1182 4888 etiam
1215 4834 1394 4902 posuit
1425 4852 1437 4886 :
1477 4834 1808 4904 llosweydus
1841 4832 2125 4889 autem—ad

543 4918 667 4956 xxiv
710 4905 959 4958 Octobris
1001 4906 1052 4957 in
1110 4905 1458 4972 appendicem
1505 4903 1708 4971 rejecit.
1755 4905 2012 4974 Sequitur
2071 4906 2121 4960 in

543 4973 724 5044 citatis
752 4975 1027 5028 codicibus
1059 4983 1235 5027 textus
1261 4975 1370 5027 fere
1405 4992 1587 5044 purus.

532 5099 536 5102 _
615 5043 907 5113 Lyovmn-zs.
935 5045 1156 5112 puritati
1187 5043 1464 5113 proximus
1489 5057 1593 5109 est,
1619 5045 1790 5101 solum
1819 5048 1962 5101 enim
1995 5047 2126 5102 defi—

547 5113 621 5166 cit
654 5112 707 5166 in
739 5113 1029 5167 Frontonis
1059 5112 1251 5181 elogio.

617 5183 924 5257 Carnuns".
956 5202 977 5257 μ
1014 5184 1067 5257 lu
1094 5181 1524 5257 Galliiscivitate
1569 5186 1897 5250 Suessionis,
1943 5185 2124 5257 passio

546 5263 852 5338 sanctorum
879 5252 1113 5338 Crispini
1145 5263 1199 5305 et
1226 5253 1547 5334 Crispiniaui
1566 5269 1890 5338 martyrum,
1910 5252 2003 5338 q'ui
2026 5261 2124 5313 sub

2239 4711 2256 4744 ι
2299 4693 2500 4748 Eodem
2534 4694 2640 4757 die,
2665 4704 2970 4747 sanctorum
2995 4694 3217 4764 benigni
3241 4705 3296 4748 et
3323 4695 3476 4749 Beati
3505 4714 3626 4750 cum
3657 4695 3788 4748 sociis

2233 4779 2441 4837 eorum.
2474 4785 2497 4837 ρ
2533 4765 2661 4837 Vide
2692 4765 2908 4818 nomina
2937 4765 3098 4818 etiam
3122 4767 3416 4821 vernacula
3449 4769 3591 4837 apud
3613 4766 3789 4837 Castelf

2235 4834 2438 4888 lanum.
2473 4835 2675 4889 Deinde
2707 4837 3007 4890 recentiore
3050 4851 3208 4890 manu
3255 4855 3267 4889 :
3304 4857 3322 4888 ι
3381 4834 3593 4903 “ornat,
3647 4834 3788 4891 sancti

2234 4906 2495 4960 Bouil'acii
2529 4921 2698 4976 papie.
2731 4905 2828 4961 llic
2853 4907 3157 4970 constituit,
3183 4907 3449 4962 clericum
3481 4927 3586 4964 non
3636 4909 3787 4963 ﬁeri...

2235 4977 2526 5050 obnoxium
2566 4977 2794 5050 cuilibet
2823 4978 2921 5032 rei.
2967 4997 2984 5029 ι
3021 4977 3244 5033 lliulcus
3274 4994 3476 5035 sensus
3521 4993 3633 5047 est,
3660 4994 3788 5050 quisa

2237 5064 2398 5117 supra
2417 5049 2685 5118 integrum
2713 5048 2895 5103 habes.

2307 5139 2588 5192 VICTURIN.
2641 5141 2880 5194 secundo
2929 5138 3048 5194 loco
3092 5139 3333 5195 inserit:
3373 5162 3392 5193 ‹
3432 5143 3568 5198 Item
3619 5144 3789 5203 Romr,

2231 5212 2401 5264 sancti
2431 5209 2691 5264 Bouil‘acii
2717 5225 2885 5280 papae.
2911 5209 3011 5266 Hic
3033 5212 3344 5277 constituit,
3373 5224 3437 5267 ut
3471 5231 3659 5270 servus
3677 5211 3792 5268 nuila

2232 5282 2391 5334 inodo
2420 5281 2647 5338 clericus
2678 5282 2850 5335 fieret.
2887 5301 2906 5334 ι
2939 5282 3004 5336 Et
3039 5283 3092 5336 in
3122 5283 3227 5338 (ine
3259 5301 3272 5336 :
3308 5303 3328 5335 ι
3370 5284 3510 5338 Item
3537 5283 3792 5338 Clirvsaati
