3916 5434
91 389 211 446 825

94 509 348 580 Parthis_
370 518 426 564 et
467 508 636 580 Medis
679 507 1005 580 przedicans,
1050 518 1242 580 passus
1269 512 1354 560 est
1392 505 1446 560 in
1481 503 1633 580 lndi_a_
1661 520 1696 580 γ
1723 507 1777 568 Α
1872 506 2208 580 Frontinus.
2250 526 2264 562 :

94 580 294 636 Nonas
322 578 470 636 Julii.
525 575 735 650 Corpus
781 579 899 648 ejus
946 578 1000 632 in
1045 577 1352 650 civitatem,
1379 591 1542 650 quam
1579 575 1688 630 Siri

93 651 352 708 Edissam
378 659 595 715 vocant,
625 647 942 705 translatum
967 656 1074 713 est,
1100 648 1281 718 ibique
1304 647 1465 718 digno
1489 647 1694 718 honore

93 723 395 791 sepultum.
447 721 818 784 Cathalaunis,
865 717 1337 791 sanctihMemmii
1362 717 1609 791 episcopi
1639 725 1693 772 et

93 787 464 859 confessoris,
517 793 678 863 primi
725 789 963 847 civitatis
1012 789 1175 846 illius.
1208 809 1228 844 ι
1275 787 1415 844 Vide
1450 789 1692 845 codicem

91 873 449 930 sequentem.
484 863 542 918 1n
570 863 758 918 ultima
785 876 955 933 purus
979 869 1082 917 est.

169 929 546 1005 Rauennam,
578 935 632 990 in
659 929 1143 1005 prima_ntcunque
1174 945 1362 1000 purus,
1387 929 1478 1005 εἰς
1500 945 1690 1005 prose-

91 1005 287 1076 quitur
315 1023 328 1060 :
363 1024 381 1058 ‹
414 1004 624 1067 Roma,
647 999 821 1076 sancti
847 999 1147 1076 Innocentii
1175 999 1347 1076 papae.
1377 999 1480 1067 Qui
1502 999 1695 1056 decre-

91 1073 176 1130 vit
197 1076 444 1131 osculum
472 1077 622 1147 pacis
643 1076 709 1129 ad
735 1075 956 1147 missam
978 1073 1117 1147 dari,
1141 1087 1206 1147 ac
1231 1073 1350 1147 oleo
1373 1080 1694 1147 consecrato

136 1163 197 1200 ro
230 1139 571 1202 intirmis'uti
607 1146 907 1202 constituit.
943 1164 962 1196 ι
1019 1143 1276 1212 Sequitur
1305 1142 1370 1196 de
1400 1139 1606 1197 Joanne
1640 1151 1695 1197 et

115 1217 284 1272 é‘esto.
335 1216 470 1271 Tum
495 1235 508 1272 :
545 1237 564 1270 ‹
599 1217 655 1272 In
684 1216 930 1279 Eraclea,
959 1213 1138 1281 natale
1160 1213 1332 1270 sancti
1360 1212 1511 1268 Passi
1544 1229 1692 1267 mar-

92 1289 260 1366 ιγε-ἱεἶ
285 1287 682 1366 Gathallaunis,
703 1286 970 1366 depositio
987 1284 1693 1366 sancti‘Memuiii‘episcopi

93 1353 284 1428 primi,
329 1359 402 1413 illi
433 1358 638 1413 civitati
670 1358 737 1411 ab
769 1353 901 1412 urbe
931 1355 1102 1411 Roma
1133 1354 1366 1428 directi._
1403 1353 1516 1428 Qui
1553 1355 1695 1409 inter

90 1423 201 1483 alia
223 1430 508 1484 innumera
529 1429 791 1484 miracula
814 1436 1088 1483 mortuum
1112 1424 1416 1486 suscitavit,
1432 1423 1696 1494 cujusque

92 1515 248 1570 nunc
299 1498 928 1570 sepulcrum_miraculis
971 1497 1321 1570 creberrimis
1366 1495 1689 1570 illustratur.

92 1565 376 1650 Treveris;
409 1570 579 1650 sanc_t_i
611 1568 898 1650 zepherini
930 1568 1170 1638 episcopi
1198 1576 1252 1650 ρ
1282 1565 1632 1650 confessoris.
1669 1585 1688 1650 ξ

91 1640 236 1693 Vide
269 1639 448 1695 infra:
483 1660 501 1692 ι
535 1640 602 1695 Ει
635 1636 801 1706 alibi,
855 1636 1166 1694 sanctorum
1203 1637 1393 1701 F0092,
1431 1636 1597 1706 Florii
1637 1645 1696 1692 et

95 1709 364 1764 Honorati
418 1705 793 1781 episcoporum
842 1719 900 1765 et
949 1707 1342 1781 confessorum.
1372 1727 1401 1781 _J
1453 1705 1694 1781 Nomina

91 1781 152 1853 in
207 1778 487 1838 codicibus
539 1778 980 1853 Hieronymianis
1030 1779 1286 1846 invenio,
1345 1778 1533 1835 titulos
1585 1794 1694 1833 non

92 1852 253 1906 item.

168 1921 558 1980 Humorem:
595 1941 614 1975 ι
645 1921 703 1978 In
750 1921 930 1986 ludia,
983 1921 1167 1993 passio
1195 1921 1396 1993 sancti
1445 1920 1689 1993 Thomze,

89 1992 257 2048 electi
290 1994 381 2049 Dei
413 1993 680 2065 apostoli,
722 1993 812 2064 qui
842 1991 1240 2048 tanti'l'ervoris
1269 2001 1388 2065 erat
1415 1991 1480 2045 ad
1512 1991 1694 2065 Domi:

90 2079 256 2128 num,
287 2063 462 2120 adhuc
491 2066 545 2120 in
575 2063 749 2121 carne
768 2065 1112 2126 existentem,
1141 2064 1283 2132 quod
1311 2077 1434 2117 cum
1462 2077 1527 2116 eo
1555 2063 1694 2116 mori

90 2133 290 2199 voluit,
322 2144 375 2190 et
404 2135 538 2191 alios
565 2136 817 2191 similiter
846 2134 1024 2190 facere
1057 2135 1308 2188 hortatus
1335 2142 1437 2198 νει,
1472 2133 1694 2203 quando

92 2206 164 2258 ad
196 2207 664 2262 resuscitzttionem
690 2205 880 2260 Lazari
909 2206 1170 2260 Dominus
1198 2204 1276 2257 ire
1305 2203 1491 2267 voluit,
1517 2223 1535 2254 ι
1556 2211 1693 2269 etc.,

92 2291 221 2347 quae
250 2276 373 2330 vide
411 2279 552 2347 apud
583 2277 836 2347 Suritun.
881 2275 1017 2330 Tum
1065 2289 1201 2347 nova
1250 2274 1505 2347 confusio
1534 2292 1547 2326 :
1582 2293 1600 2325 ι
1635 2274 1693 2347 l_n

93 2342 322 2400 civitate
348 2342 590 2410 Treveri,
615 2348 788 2402 sancti
815 2345 1002 2400 Severi
1025 2345 1260 2414 episcopi
1287 2353 1341 2399 et
1363 2342 1693 2400 confessoris

92 2416 341 2484 ejusdem
371 2418 623 2473 civitatis.
661 2418 763 2485 Qui
795 2418 861 2471 de
888 2418 1107 2470 civitate
1129 2414 1349 2470 Treveri
1382 2415 1608 2470 veniens
1636 2415 1692 2469 in

93 2487 471 2567 aquitaniam,
499 2489 639 2567 unde
667 2500 825 2567 natus
850 2496 986 2551 erat,
1007 2487 1120 2555 jam
1150 2500 1440 2567 senesper
1461 2486 1692 2567 gratiam

93 2554 222 2622 Dei,
255 2574 416 2627 quam
450 2559 502 2613 in
535 2576 592 2614 se
624 2559 830 2622 habuit,
868 2554 1057 2612 ouines
1088 2572 1224 2625 quos
1248 2554 1386 2610 vidit
1412 2554 1690 2627 cognovit,

91 2641 164 2680 ex
195 2626 415 2684 nomine
458 2629 675 2700 proprio
714 2629 837 2683 illos
877 2627 1162 2700 salutavit,
1215 2626 1461 2700 et‘quod
1511 2627 1686 2700 majus

94 2707 246 2770 erat,
293 2713 388 2753 eos
415 2697 830 2770 quos—cognovit
857 2699 1130 2763 exterius,
1175 2697 1392 2752 eosdem
1433 2697 1691 2770 cognovit

94 2767 361 2840 interius,
410 2767 481 2825 ita
520 2779 579 2824 ut
612 2767 855 2840 pluribus
889 2785 1106 2840 eorum,
1159 2783 1287 2840 suas
1329 2767 1690 2840 cogitationes

94 2839 268 2912 bonas
297 2850 391 2912 aut
420 2841 590 2895 malas
615 2838 891 2912 proderet,
924 2848 978 2895 et
1005 2839 1193 2912 plenus
1225 2838 1688 2912 bon_is_operibus,

96 2909 301 2982 ibidem
349 2911 483 2966 obiit
535 2913 586 2966 in
622 2909 785 2982 pace.
845 2911 1045 2982 Eodem
1080 2910 1169 2982 die
1201 2910 1341 2982 apud
1372 2909 1686 2982 Tbuscian},

96 2980 280 3053 natale
325 2979 651 3038 sanctorum
670 2992 976 3053 martyrum
1009 2979 1272 3053 Johannis
1310 2989 1366 3034 et
1414 2979 1582 3035 Festi.
1630 2979 1689 3035 ln

96 3049 325 3107 Eraclea
353 3053 595 3118 civitate,
627 3049 982 3107 sancti'Passi
1013 3051 1286 3121 martyris.
1311 3071 1342 3121 3

168 3122 489 3186 AQUICINCT.
520 3125 572 3178 in
603 3123 706 3177 line
738 3124 919 3178 subdit
946 3139 959 3174 :
995 3140 1011 3172 ε
1046 3121 1101 3176 lu
1131 3119 1269 3191 pago
1295 3119 1683 3186 Cavillonensi,

1173 384 1794 446 MARTYROLOGIUM.
1836 389 2112 448 —-MENS.
2155 392 2308 449 DEC.

3284 398 3390 454 826

2317 525 2338 559 ‹
2370 506 2930 580 Catalaunis,_sancti
2961 506 3228 580 Memmii,
3269 512 3385 580 epi-

1805 578 1953 648 scopi
1996 579 2194 648 primi,
2237 578 2304 633 ab
2344 581 2477 634 urbe
2509 578 2680 634 Roma
2712 578 2920 633 directi.
2975 578 3077 646 Qui
3114 580 3258 636 inter
3283 578 3389 639 alia

1797 649 2060 704 miracula
2111 649 2286 705 fertur
2332 657 2605 705 mortuum
2657 649 2992 714 suscitasse;
3045 649 3198 717 cujus
3243 667 3388 707 nunc

1797 719 2107 791 sepulcrum
2143 720 2493 776 creberrimis
2524 719 2801 791 miraculis
2831 719 3156 791 illustratur.
3191 742 3209 773 ι
3253 722 3389 778 Vide

1798 789 1940 862 diota
1963 792 2227 862 superius,
2263 792 2364 862 sub
2394 792 2554 862 linem
2584 789 3058 846 Observationum.
3087 790 3343 862 Sequitur
3371 811 3386 847 :

1802 881 1821 915 ‹
1859 861 2047 918 Romaé
2065 903 2100 933 ,ν
2121 861 2431 933 Nicodemi,
2447 861 3236 933 7qu_i_sanctorumAmartyrum
3269 879 3391 918 cor-

1797 947 1964 1004 pora,
2009 932 2218 1004 scilicet
2247 929 2499 997 Claudii,
2527 930 2854 1004 Nicostrati,
2896 929 3131 1004 Castorii
3163 942 3220 988 et
3248 934 3393 988 Sim-

1797 1002 1940 1073 plicii
1962 1045 1978 1070 ,
2021 1004 2087 1059 de
2113 1003 2275 1058 fluvio
2301 1011 2545 1058 extracta
2564 1045 2578 1068 ,
2620 1002 2766 1057 domi
2807 1018 2918 1059 sua:
2945 1002 3216 1072 sepelivit,
3247 1014 3306 1060 ut
3335 1007 3392 1060 in

1797 1075 1964 1145 gestis
1990 1089 2178 1130 eorqu
2204 1074 2420 1145 legitur.
2447 1095 2464 1126 ι
2495 1073 2628 1129 Vide
2651 1073 2918 1145 diotorum
2942 1081 3217 1144 gestorum
3245 1091 3392 1130 com-

1797 1141 2052 1270 gendium
2097 1145 2238 1227 apud
2262 1141 2527 1202 'Adonem
2556 1160 2656 1200 VIII
2685 1141 3039 1212 Novembris,
3089 1145 3181 1200 ubi
3227 1155 3282 1202 et
3325 1145 3392 1202 de

1848 1217 2092 1270 icodemo
2122 1225 2318 1270 agitur.

1848 1215 2092 1272 icodemo
2122 1215 2318 1286 agitur.

1868 1287 2049 1340 Editio
2093 1287 2470 1343 Lussco-Cos.
2527 1287 2603 1342 De
2649 1285 2856 1358 Thomoa
2901 1286 3089 1350 addit,
3148 1287 3392 1358 cibique

1798 1356 1961 1426 digno
1989 1359 2195 1414 honore
2233 1358 2510 1413 conditum
2553 1366 2654 1413 est.
2708 1359 2766 1412 In
2799 1356 3020 1424 Tuscia,
3053 1357 3232 1412 natale
3258 1356 3390 1413 san-

1797 1435 2007 1483 ctorum
2049 1427 2314 1484 Johannis
2361 1437 2416 1483 et
2445 1429 2590 1484 Festi
2641 1427 3036 1485 confessorum.
3075 1428 3133 1483 In
3167 1428 3394 1484 Eraclea

1798 1497 2038 1571 civitate,
2067 1501 2244 1571 natale
2268 1500 2440 1571 sancti
2471 1499 2622 1571 Passi
2650 1498 2925 1571 martyris.
2956 1498 3234 1566 Treveris,
3267 1516 3394 1554 san-

1798 1569 1868 1622 cti
1913 1567 2190 1642 Severini,
2240 1570 2461 1627 secundi
2501 1569 2742 1640 ejusdem
2773 1567 3013 1627 civitatis
3046 1571 3286 1642 episcopi
3337 1581 3394 1626 et

1799 1638 2149 1697 confessoris.
2190 1661 2210 1694 ι

1871 1709 2155 1766 Games:
2208 1733 2225 1763 ι
2277 1711 2339 1782 lu
2373 1711 2621 1777 Eraclea,
2677 1712 2850 1768 sancti
2907 1711 3062 1767 Passi
3112 1712 3392 1782 martyris.

1797 1779 1929 1835 Item
1961 1790 2271 1837 sanctorum
2301 1781 2488 1847 Focaa,
2533 1784 2812 1838 Honorati.
2870 1782 3089 1847 Romae,
3132 1779 3396 1851 depositio

1724 1863 1774 1925 Β
1803 1853 1978 1925 sancti
2017 1851 2314 1925 Innocentii
2345 1852 2605 1925 episcOpi2
2660 1853 2790 1925 Item
2822 1854 3118 1925 secundum
3149 1852 3394 1925 Adonem

1802 1923 1910 1994 hic,
1938 1921 2318 1989 Cathalaunis,
2348 1921 2794 1979 sancti'Memmii
2823 1923 3064 1994 episcopi
3091 1923 3282 1994 primi,
3319 1923 3394 1978 illi

1797 1993 2007 2048 civitati
2038 1994 2106 2048 ab
2135 1995 2270 2050 urbe
2309 1994 2480 2050 Roma
2518 1995 2745 2060 directi,
2797 1995 2888 2064 qui
2933 1993 3211 2049 interalia
3242 2008 3392 2048 mor-

1799 2073 1947 2118 tuum
1982 2065 2298 2130 suscitavit,
2352 2063 2504 2133 cujus
2539 2066 2702 2120 etiam
2741 2063 2884 2135 nunc
2919 2065 3230 2135 sepulcrum
3273 2079 3392 2119 cre-

1795 2135 2052 2191 berrimis
2081 2135 2357 2191 miraculis
2387 2136 2709 2192 illustratur.
2742 2134 2899 2190 Hunc
2926 2134 3205 2190 Usuardus
3235 2135 3397 2189 habet

1796 2203 1965 2261 Nonis
2003 2206 2251 2277 Augusti.
2310 2206 2597 2269 Treveris,
2650 2207 2793 2261 beati
2825 2204 3389 2277 ,Severinihsecundi,

1796 2277 2034 2346 episcopi
2083 2275 2138 2331 et
2183 2277 2529 2341 confessoris,
2579 2277 2669 2346 qui
2714 2288 2768 2332 et
2813 2276 3048 2332 Severus
3079 2275 3256 2330 dictus
3284 2285 3389 2330 est.

1795 2346 1927 2420 item
1982 2346 2685 2420 secundumCathalogum
2738 2346 3191 2420 hic_,__memoria
3244 2346 3392 2420 beati

1796 2417 2034 2489 Dionysii
2067 2418 2340 2489 episcopi,
2388 2415 2637 2488 discipuli
2665 2418 2840 2474 sancti
2873 2417 3099 2489 Thomas
3126 2415 3381 2489 apostoli,

1795 2497 1849 2542 et
1878 2486 2116 2560 Pelagine
2137 2486 2271 2560 filia!
2290 2489 2455 2560 regis,
2487 2486 2699 2560 sponsa:
2729 2504 2838 2544 suae
2857 2527 2873 2554 ,
2912 2502 3050 2558 quos
3089 2487 3231 2560 idem
3259 2503 3392 2560 apo-

1797 2557 1966 2614 stolus
1995 2557 2285 2632 convertit.
2340 2557 2630 2632 Dionysius
2668 2569 2849 2632 autem
2887 2557 3230 2632 postmodum
3274 2557 3392 2626 epi-

1795 2643 1992 2699 scopus
2011 2630 2315 2700 ordinatus,
2339 2628 2529 2700 plenus
2551 2630 2839 2686 sanctitate
2863 2628 2929 2684 ad
2951 2628 3240 2683 Dominum
3269 2643 3396 2698 per-

1795 2701 1936 2772 rexit
1961 2719 1974 2754 :
2007 2699 2223 2772 Pelagia
2253 2699 2386 2756 vero
2411 2717 2570 2757 sacro
2583 2701 2868 2772 .velamine
2897 2708 3396 2772 consecrata,_post

1794 2771 1912 2840 ejus
1936 2768 2177 2837 obitum',
2206 2786 2328 2826 cum
2361 2787 2462 2828 nec
2489 2768 2690 2828 nubere
2719 2771 2911 2837 vellet,
2944 2785 3047 2827 nec
3075 2768 3358 2827 immolare
3376 2811 3391 2838 ,

1796 2842 1975 2915 capite
2004 2841 2159 2915 plexa
2189 2843 2512 2915 martyrium
2540 2841 2850 2915 complevit.
2899 2861 2918 2894 ι
2966 2875 2996 2915 ξ-

1919 2928 2074 2970 omn.
2109 2913 2164 2966 in
2197 2911 2304 2968 ﬁne
2329 2911 2347 2966 Ξ
2377 2932 2395 2964 ι
2430 2911 2762 2978 Catalauuis,
2803 2913 2980 2982 sancti
3013 2911 3250 2967 Memmii
3279 2912 3394 2982 epi-

1794 2986 1968 3055 scopi,
2002 2983 2160 3055 primi
2197 2983 2273 3038 illi
2310 2985 2514 3040 civitati
2550 2986 2617 3041 ab
2647 2984 2780 3040 urbe
2815 2981 2987 3038 Roma
3028 2983 3256 3055 directi,
3296 2981 3391 3055 qui

1796 3054 1938 3111 inter
1967 3054 2074 3111 alia
2119 3055 2401 3110 innumera
2447 3055 2708 3110 miracula
2757 3064 3032 3110 mortuum
3082 3054 3388 3110 suscitavit.

1794 3127 1998 3181 Eodem
2030 3126 2147 3190 die,
2193 3128 2366 3180 sancti
2401 3127 2650 3182 Severini
2683 3127 2922 3196 episcopi
2954 3123 3325 3196 Treverensis.
3367 3143 3386 3176 ι

97 3194 273 3288 ooncti
298 3193 556 3288 Cypil-iaiii
585 3194 815 3248 abbatis.
841 3214 859 3244 ι
893 3192 1118 3288 Notatos
1146 3203 1230 3246 est
1257 3192 1374 3247 heri
1403 3200 1460 3247 et
1489 3193 1688 3248 nudius
1716 3225 1762 3288 ρ
1793 3196 1850 3251 ln
1880 3196 2210 3288 coitionibus
2243 3197 2632 3288 posterjpribus
2673 3192 3000 3288 esastat'lioc
3038 3195 3226 3288 soluto
3254 3210 3388 3275 aug-

98 3264 317 3334 tertius,
345 3263 441 3320 sed
470 3265 646 3319 adhuc
671 3278 853 3334 qutero
877 3264 1000 3334 quis
1028 3263 1118 3318 sit.

170 3331 1086 3407 MA-rmc.ﬂanrnuanL'rn'ut-zc'r.
1110 3351 1124 3389 :
1157 3353 1174 3387 ι
1196 3332 1419 3390 Thomte
1439 3333 1686 3407 apostoli.

95 3399 326 3463 Joannis
351 3417 408 3462 et
429 3405 580 3464 Festi
604 3415 924 3480 martyrum.
956 3425 975 3458 ι
1042 3479 1048 3486 ¹

97 3585 173 3641 XI
211 3585 340 3642 Kal.

1799 3276 2041 3336 mentum
2065 3285 2079 3320 :
2114 3285 2132 3318 σ
2167 3267 2366 3322 Eodem
2395 3268 2504 3336 die,
2530 3268 2704 3323 sancti
2734 3266 2981 3324 Severini
3005 3266 3254 3334 secundi,
3277 3265 3392 3336 epi-

1799 3337 1948 3410 scopi
1975 3335 2320 3395 Trcverensi.
2352 3356 2372 3392 ›
2404 3333 2539 3398 Vide
2564 3337 2804 3396 Gnsvsu.

3161 3583 3263 3639 Die
3293 3581 3387 3638 22.

170 3677 361 3735 Roma:
388 3680 480 3736 via
510 3679 783 3737 Lavicana
831 3681 974 3736 inter
1019 3679 1158 3736 duas
1206 3679 1420 3746 lauros,
1473 3681 1674 3738 natalis
1718 3681 1942 3753 triginta
1982 3686 2319 3749 martyrum,
2361 3676 2453 3746 qui
2494 3689 2684 3732 omnes
2729 3689 2839 3731 uno
2884 3674 2970 3731 die
3015 3675 3391 3746 persecutione

94 3771 423 3828 Diocletiani
455 3771 702 3828 coronati
732 3778 877 3827 sunt.
912 3769 1277 3837 Alexandriae,
1308 3770 1455 3826 beati
1485 3769 1818 3841 lscbyrionis
1850 3769 2127 3840 martyris.
2164 3765 2215 3822 ls
2240 3782 2365 3822 cum
2391 3765 2458 3820 ad
2483 3764 2901 3821 sacriﬁcandum
2925 3763 3201 3821 blanditiis
3227 3774 3389 3835 atque

90 3862 316 3934 injuriis
341 3874 652 3939 cogeretur,
676 3872 732 3919 et
753 3871 1161 3928 contemneret;
1195 3871 1468 3934 praeacuta
1495 3863 1629 3918 sude
1655 3863 2127 3918 transverberatus
2155 3874 2254 3929 per
2273 3858 2506 3922 viscera,
2531 3857 2649 3912 neci
2679 3855 2929 3912 traditur.
2961 3854 3192 3913 Civitate
3213 3853 3386 3925 Ostia,

93 3969 417 4043 sanctorum
441 3959 730 4027 Demetrii,
760 3957 1025 4015 Honorati
1049 3965 1106 4013 et
1132 3955 1299 4013 Flori.
1331 3955 1645 4030 [Bouillart.
1673 3975 1688 4013 :
1719 3967 1746 3998 ι
1775 3955 2007 4013 Civitate
2033 3951 2244 4020 Hostia,
2275 3950 2450 4009 sancti
2480 3947 2722 4024 Basilei.]

1613 4075 1848 4133 NOTE.

1613 4075 1659 4131 N
1833 4117 1848 4133 .

163 4173 247 4229 Ita
274 4171 581 4239 Herinien.,
610 4170 930 4240 Tornacen.,
959 4172 1216 4242 Antuerp.
1245 4178 1302 4225 et
1329 4075 2056 4237 Mam-Lubegrflzuneratq
2089 4166 2290 4234 Betim,
2321 4163 2544 4222 Greuen.
2577 4173 2634 4222 et
2660 4164 2865 4222 Molon.

167 4301 195 4329 ι
224 4287 423 4343 Fateor
443 4285 716 4340 Basileum
746 4287 833 4340 hic
860 4301 965 4340 non
991 4285 1128 4340 bene
1155 4283 1322 4339 fuisse
1349 4283 1418 4338 ab
1438 4282 1689 4340 Usuardo

92 4360 501 4415 annuntiatum.
529 4355 662 4428 Nam
685 4357 730 4410 si
765 4355 1214 4428 Hieronymianos
1241 4354 1448 4428 indices
1469 4365 1690 4428 secutus

91 4440 196 4493 est,
229 4431 475 4484 scribere
501 4427 724 4483 debuit:
757 4422 984 4481 Civitaté
1008 4425 1232 4489 Hostia,
1273 4422 1376 4480 SS.
1409 4424 1684 4489 Demetrii,

94 4501 361 4555 Honorati
391 4499 543 4560 (nam
577 4498 644 4553 de
670 4496 832 4552 Floro
863 4497 1009 4551 nulla
1041 4497 1246 4552 mentio
1281 4495 1334 4549 in
1375 4504 1687 4565 pervetusto

91 4580 284 4626 nostro
318 4569 567 4640 codice);
618 4577 710 4640 out
750 4569 795 4622 si
839 4568 1104 4640 Basileum
1138 4566 1352 4640 animus
1382 4574 1508 4640 erat
1531 4581 1681 4619 com-

89 4655 431 4706 memorare,
469 4636 577 4694 non
608 4637 849 4693 Hostiam
896 4638 990 4693 sed
1037 4636 1368 4692 Antiochiam
1407 4636 1681 4691 civitatem

86 4712 362 4780 assignari
392 4708 701 4780 oportebat.
740 4708 1012 4780 Quaerenti
1047 4707 1206 4780 hujus
1233 4707 1409 4780 errati
1434 4722 1677 4771 causam,

83 4785 138 4837 in
182 4776 445 4836 mentem'
458 4779 622 4835 rediit
647 4780 752 4834 diei
771 4776 873 4833 ’xx1
902 4776 1240 4842 Novembris,
1273 4777 1363 4831 ubi
1395 4777 1632 4846 legeram
1662 4795 1675 4829 :

81 4853 313 4908 Cicitate
340 4849 548 4916 Hostia,
574 4859 878 4904 sanctorum
904 4859 1196 4916 martyrum
1219 4849 1471 4903 Demetrii
1499 4860 1550 4902 et
1572 4846 1683 4901 Ho-

81 4923 249 4977 norii.
311 4920 508 4976 Statim
547 4919 723 4975 evolvi
767 4927 1011 4975 nostrum
1041 4918 1450 4990 Hieronymiani
1481 4918 1684 4990 Marty-

79 4993 285 5062 rologii
338 4992 578 5047 codicem
626 4991 719 5061 qui
770 4991 836 5062 ad
887 4999 1100 5062 aetatem
1149 4988 1382 5062 Usuardi
1431 4988 1681 5062 proxime

77 5060 342 5128 accedit,
375 5060 656 5132 quemque
674 5060 966 5134 verisimile
996 5069 1082 5116 est
1117 5073 1182 5133 es
1224 5060 1314 5116 illo
1342 5060 1679 5134 exs’criptum
1712 5114 1760 5134 ﬁ

1797 4282 2076 4347 versibus,
2127 4279 2360 4344 Hostiae,
2410 4276 2508 4350 SS.
2548 4279 2895 4350 Demetrium
2945 4292 3000 4337 et
3047 4281 3380 4350 Honorium,

1795 4353 2121 4416 Antiochiae,
2147 4358 2391 4408 sanctum
2437 4349 2733 4415 Basileum,
2767 4352 2868 4407 hoc
2901 4368 3008 4407 uno
3042 4349 3380 4419 discrimine,

1794 4425 2079 4495 quodxxn
2107 4419 2431 4495 Decembris
2456 4435 2554 4489 pro
2585 4419 2858 4495 Honorius
2891 4421 3102 4493 legatur
3128 4422 3381 4495 Honora-

1798 4489 1904 4550 ius.
1947 4493 2210 4563 Equidem
2239 4491 2471 4561 conjicio
2498 4505 2565 4563 ex
2594 4489 2683 4543 illa
2715 4489 3026 4563 sanctorum
3058 4493 3382 4563 urbiumque

1794 4559 2150 4621 similitudine
2199 4559 2446 4618 errorem
2493 4559 2735 4616 ﬂuxusse.
2794 4562 3050 4619 Fortasse
3103 4559 3382 4620 Usuardus

1794 4634 2082 4692 articulum
2112 4649 2269 4689 suum
2298 4633 2574 4688 clauserat
2608 4629 2711 4687 SS.
2739 4633 2994 4689 Demetrii
3030 4643 3083 4689 et
3112 4633 3378 4690 Honorati

1790 4705 2325 4764 commemoratione.
2360 4703 2554 4759 Postea
2584 4702 2636 4756 in
2667 4705 2983 4759 memoriam
3016 4705 3230 4760 rediens
3258 4719 3382 4762 eos-

1789 4779 1912 4834 dem
1951 4785 2166 4834 sanctos
2201 4790 2293 4846 χει
2325 4772 2762 4846 ἀίθοΝογθωὺπίε
2803 4774 2966 4846 fuisse
3005 4776 3373 4846 consignatos,

1790 4849 1981 4904 vitium
2014 4845 2636 4917 scriptorissuspicaius
2677 4843 2878 4917 delevit
2907 4847 3050 4917 quod
3085 4843 3383 4917 scripserat

1789 4919 1938 4991 (nam
1964 4918 2101 4991 falso
2128 4913 2344 4991 monuit
2363 4913 2702 4991 castellanos
2732 4913 2942 4972 nullam
2966 4913 3380 4991 esseiituratn),

1787 4983 2034 5047 sanctum
2059 4985 2333 5058 Basileum
2362 4983 2698 5058 subrogavit.
2722 4995 2778 5042 et
2801 4988 3077 5044 memoriae
3102 4987 3254 5058 lapsu
3278 4983 3378 5057 pro

1786 5061 2062 5116 Antiochia
2095 5056 2331 5132 scripsit
2352 5053 2565 5130 Hostia".
2621 5053 2783 5130 Utrut
2808 5069 2926 5126 est,
2971 5058 3102 5114 nihil
3140 5053 3385 5118 i'nde'au-
