3916 5434
96 356 3375 420 W

2802 423 2814 434 ο

1282 466 1454 515 ANNO
1497 464 1731 509 DOHINI
1782 462 2190 506 DCCCLXXVII.

659 603 1783 872 ganows
1918 542 2971 872 (sums;

501 906 565 967 ω
1365 872 1866 939 FRANCORUM
1920 873 2113 935 REX.

422 1130 1122 1366 CAROLI
1289 1199 1856 1360 CALVI
1989 1198 3057 1381 EPISTOLXE.

438 1660 445 1667 ·
545 1632 947 1692 EPISTOLA
997 1630 1252 1689 PRIMA

597 1763 663 1802 AD
699 1761 965 1802 Νιοοιλωι
1004 1759 1199 1800 ΡΑΡΑΙ.

94 1868 383 1925 lutercedit
404 1882 499 1938 pro
520 1864 770 1919 Adventio
791 1864 1050 1947 episcopo,
1072 1861 1297 1932 petitque
1318 1867 1374 1915 ut
1396 1861 1449 1915 in
1474 1859 1701 1931 gratiam

744 1943 1048 2003 recipiatur.

164 2050 351 2123 [Apud
400 2047 697 2103 Labbeum.
755 2016 956 2100 confit.
1008 2052 1137 2098 tom.
1197 2041 1331 2109 vm,
1386 2058 1509 2114 pag.
1546 2040 1700 2116 445.]

166 2140 532 2196 Sanctissimo
562 2153 625 2193 ac
657 2136 1106 2191 reverendissimo
1144 2134 1293 2191 Patri
1334 2133 1573 2191 NICOLAO
1611 2150 1702 2190 ca-

93 2232 319 2287 tholica:
354 2239 411 2284 et
446 2228 755 2298 apostolica:
808 2227 953 2282 sedis
980 2242 1192 2282 summo
1218 2225 1461 2295 pontifici
1498 2235 1552 2280 et
1583 2226 1703 2280 uni-

86 2323 297 2378 versali
325 2336 479 2393 papa:
494 2320 743 2376 Canows
764 2318 937 2390 gratia
958 2317 1053 2375 Dei
1082 2334 1178 2373 rex
1206 2327 1261 2373 et
1282 2318 1541 2389 spiritalis
1559 2317 1702 2375 filius

86 2424 301 2470 VBSICI'.
1374 2418 1393 2431 ⁸

163 2504 306 2573 Quia
371 2502 514 2560 sicut
538 2502 754 2559 devotio
790 2512 975 2559 nostra
1028 2518 1157 2574 erga
1210 2512 1453 2559 sanctam
1518 2502 1701 2560 sedem

90 2596 460 2668 apostolicam
506 2606 561 2652 et
593 2597 757 2651 vestri
789 2597 1051 2652 honorem
1094 2599 1146 2652 in
1181 2598 1299 2654 istis
1328 2598 1702 2669 Transalpinis

90 2687 421 2760 regionibus
443 2688 598 2757 longe
618 2686 855 2757 lateque,
893 2689 1099 2758 gratias
1153 2688 1262 2745 Deo
1286 2729 1300 2755 ,
1333 2690 1699 2761 cognoscitur,

86 2790 147 2835 et
177 2778 427 2834 colenda:
452 2793 572 2832 cum
603 2779 803 2833 summi
832 2778 1035 2834 amoris
1073 2781 1424 2836 veneratione
1454 2780 1698 2850 paterni-

90 2869 227 2923 tatis
255 2877 458 2923 vestra:
504 2868 812 2939 benignitas
848 2883 979 2938 erga
1027 2867 1244 2925 filialem
1295 2878 1538 2925 nostram
1571 2869 1703 2925 dile-

89 2960 357 3024 ctiouem,
388 2975 496 3014 non
528 2958 700 3014 solum
722 2959 924 3014 nostris
945 2959 1242 3027 benevolis,
1270 2960 1363 3015 sed
1390 2968 1445 3014 et
1467 2960 1698 3026 aemulis,

91 3058 326 3104 auctore
356 3047 470 3102 Deo
491 3088 505 3110 ,
556 3048 720 3103 certis
756 3048 973 3104 indiciis
1018 3049 1181 3105 veluti
1238 3049 1581 3105 sanctitatem
1610 3066 1702 3105 ve—
1734 3052 1780 3110 Β

91 3150 275 3191 stram
338 3138 543 3193 scilicet
601 3138 883 3209 religionis
931 3138 1143 3194 culmen
1198 3140 1375 3205 decet,
1425 3141 1700 3195 innotuit:

93 3232 407 3287 Adventius
466 3230 784 3288 Metensium
840 3234 1162 3289 venerabilis
1203 3235 1509 3306 episcopus,
1562 3237 1706 3292 hunc

95 3324 337 3377 fratrem
382 3323 600 3377 nomine
634 3322 915 3379 Bettonem
960 3324 1118 3380 nobis
1154 3325 1385 3391 fidelem,
1420 3335 1479 3381 ut
1525 3326 1705 3382 credi-

96 3429 253 3478 mus,
279 3413 334 3467 in
360 3413 687 3468 monasterio
718 3415 868 3485 regni
906 3414 1077 3470 nostri
1116 3416 1184 3470 ab
1233 3415 1458 3470 infantia
1489 3417 1704 3487 regula-

98 3506 244 3559 riter
287 3502 609 3569 educatum,
642 3512 697 3558 et
724 3513 909 3559 nostra
936 3505 1332 3571 nutnificentia,
1386 3506 1529 3560 sicut
1563 3506 1707 3561 inter

98 3611 209 3649 nos
242 3596 516 3660 convenit,
548 3595 649 3650 sibi
676 3610 1015 3662 concessum,
1067 3597 1135 3650 ad
1163 3613 1261 3652 nos
1295 3597 1462 3662 misit,
1518 3607 1707 3667 petens

99 3704 132 3740 θ
156 3686 319 3741 nobis
345 3694 537 3741 vestrae
559 3686 945 3742 amantissimae
966 3689 1274 3757 paternitati
1291 3704 1390 3759 pro
1408 3705 1472 3745 eo
1496 3689 1707 3747 litteras

99 3777 278 3842 mitti,
310 3792 447 3847 quas
475 3776 819 3847 profuturas,
849 3787 905 3834 et
932 3796 1038 3833 non
1067 3781 1275 3836 modice
1302 3781 1403 3836 sibi
1437 3782 1576 3851 apud
1606 3797 1708 3836 au-

101 3867 422 3922 Ctnritatem
447 3876 684 3923 vestram
715 3869 889 3925 credit
912 3869 1214 3942 suffragari.
1243 3871 1515 3927 Mandavit
1543 3875 1707 3928 etiam

102 3956 273 4021 mihi,
298 3958 441 4027 quod
470 3956 860 4026 professionem
883 3974 1034 4014 suam
1060 3961 1464 4033 subreptionmn
1484 3972 1709 4034 praster-

104 4050 314 4103 itarum
349 4048 741 4105 correctionem
782 4058 836 4105 et
869 4049 1173 4106 futurarum
1230 4053 1496 4107 cautelam
1537 4055 1708 4110 conti-

102 4149 356 4203 nentem,
408 4139 549 4194 sicut
592 4139 791 4208 regula:
821 4152 1023 4197 sancta:
1053 4144 1396 4215 praecipiunt,
1427 4161 1707 4202 manusua

106 4229 477 4298 subscriptam
500 4238 684 4285 vestro
708 4232 1028 4301 apostolatui
1053 4249 1151 4303 per
1175 4234 1320 4289 hunc
1344 4233 1566 4290 fratrem
1595 4236 1709 4289 vcl-

108 4320 189 4375 let
209 4320 462 4390 dirigere,
489 4332 755 4391 quatenus
785 4332 840 4377 et
868 4337 1189 4378 excessuum
1223 4325 1456 4391 veniam,
1485 4336 1539 4381 ct
1578 4342 1709 4397 apo-

108 4412 324 4468 stoliea:
366 4413 513 4468 sedis
534 4414 990 4481 communionem,
1015 4423 1070 4471 et
1118 4417 1280 4471 vestri
1317 4417 1595 4487 apostolici
1628 4420 1707 4473 vi-
1737 4406 1783 4469 C

106 4502 264 4572 goris
291 4503 521 4573 gratiam
553 4503 731 4558 valeat
754 4505 1019 4561 obtinere.
1062 4506 1213 4563 Unde
1244 4510 1499 4578 quoniam
1544 4525 1708 4566 vene-

109 4592 326 4647 randus
346 4602 399 4648 et
426 4595 832 4651 amantissimus
883 4606 1106 4667 patruus
1134 4610 1319 4654 noster
1352 4600 1526 4671 Drogo
1551 4640 1567 4664 ,
1616 4601 1709 4671 qui

110 4682 247 4736 licet
278 4681 335 4735 in
363 4698 528 4753 regno
550 4682 738 4740 fratris
766 4685 938 4740 nostri
965 4684 1209 4741 Lotharii
1232 4689 1504 4758 quondam
1544 4690 1713 4759 impe-

112 4776 343 4841 ratoris,
371 4785 493 4846 post
515 4776 721 4833 obitum
751 4777 933 4832 domui
959 4786 1012 4833 et
1050 4781 1222 4850 patris
1258 4780 1423 4836 nostri
1454 4782 1706 4854 degisset,

110 4883 182 4924 eo
208 4867 361 4937 quod
395 4867 548 4923 sedes
574 4867 627 4921 in
652 4875 859 4937 partem
886 4869 1040 4939 regni
1068 4871 1234 4942 ipsius
1282 4873 1591 4940 devenerat,
1618 4888 1713 4928 no-

110 4958 204 5013 bis
262 4965 444 5011 tamen
484 4960 645 5013 unice
696 4957 1007 5015 dulcissima
1036 4962 1322 5021 dileCtione
1349 5005 1362 5028 ,
1415 4974 1472 5020 et
1511 4965 1712 5022 obnixa

115 5049 384 5106 ﬁdelitate
409 5050 881 5123 conjunctissimus
906 5051 1026 5117 fuit,
1074 5056 1320 5111 eumdem
1344 5056 1711 5114 venerabilem

111 5139 446 5195 Adventium
464 5140 712 5203 nutrivit,
738 5148 791 5193 et
805 5140 1097 5199 domestica
1115 5145 1478 5203 familiaritate
1501 5148 1711 5213 habuit,

113 5238 172 5284 et
205 5229 324 5297 ipse
351 5228 647 5287 Adventius
674 5228 829 5283 nobis
855 5229 1025 5286 fidelis
1048 5243 1105 5289 et
1130 5235 1339 5293 amicus
1366 5238 1552 5295 existit
1581 5253 1596 5289 :
1650 5252 1713 5292 ac

115 5321 163 5375 si
201 5319 427 5388 vestigia
478 5319 839 5379 sanctissimze
881 5326 1220 5392 paternitatis
1248 5338 1456 5385 vestrae
1484 5331 1712 5385 deoscu-

115 5412 296 5434 1..--ιηη
352 5425 459 5434 nn“.
498 5411 644 5434 _._-..:
689 5411 962 5434 .1υ-..ιίξ....-
1015 5413 1103 5434 Δ-..
1160 5418 1227 5434 -.⁸
1482 5429 1489 5434 .
1634 5429 1643 5434 .

352 5425 459 5434 nn“.
498 5411 644 5434 _..-..:
689 5409 962 5434 .I..-..cn!-..-
1015 5413 1103 5434 Δ-..

1800 1629 2091 1686 stulatione
2115 1628 2201 1684 avi
2239 1629 2412 1685 nostri
2443 1629 2583 1685 divze
2621 1630 2899 1686 memorize
2936 1628 3117 1685 Caroli
3160 1629 3399 1699 impera-

1722 1703 1774 1763 Α
1804 1720 1940 1775 toris
1966 1718 2221 1775 honorari
2272 1718 2340 1773 ab
2378 1718 2670 1787 apostolica
2719 1719 2848 1773 sede
2874 1718 3095 1782 meruit,
3128 1725 3190 1771 ut
3213 1717 3400 1787 Engil-

1805 1824 2029 1864 ramnus
2053 1807 2421 1878 pnedecessor
2450 1807 2630 1873 istius,
2670 1821 2918 1862 summus
2941 1805 3255 1877 capellanus
3283 1807 3401 1876 ejus

1803 1905 1859 1957 et
1885 1896 2272 1968 apocrisiarius
2305 1896 2616 1965 apostolicae
2662 1896 2808 1951 sedis
2856 1896 2912 1950 in
2942 1896 3060 1950 istis
3086 1895 3403 1966 regionibus

1803 1990 2116 2060 aliquandiu
2169 1989 2368 2045 fieret:
2424 1997 2482 2043 et
2526 1996 2717 2058 postea
2767 1987 3147 2057 deprecatione
3200 1996 3404 2044 sanctae

1803 2082 2197 2139 recordationis
2234 2082 2317 2137 Pii
2338 2081 2568 2152 Augusti
2609 2080 2795 2137 domni
2820 2088 2877 2136 et
2916 2079 3182 2152 genitoris
3226 2081 3402 2136 nostri

1802 2173 2087 2231 excellenti
2113 2173 2273 2243 genio
2319 2187 2349 2226 a
2384 2174 2516 2227 sede
2544 2167 2838 2243 apostdlica
2864 2171 2918 2225 in
2958 2170 3184 2240 praefato
3201 2179 3397 2240 patruo

1802 2274 1991 2322 nostro
2021 2264 2272 2334 Drogone
2292 2262 2601 2319 venerando
2628 2261 2881 2332 episcopo
2908 2260 3087 2316 fuerat
3109 2261 3393 2328 honorata,

1802 2363 1864 2409 ut
1893 2369 1998 2409 una
2050 2370 2173 2410 cum
2215 2354 2472 2424 pmdicto
2522 2350 2831 2409 ministerio
2873 2363 2929 2408 et
2976 2353 3324 2425 imperatoris
3348 2363 3405 2409 et

1803 2444 2111 2516 apostolica:
2132 2444 2302 2510 sedis,
2324 2445 2491 2500 etiam
2517 2459 2616 2499 usu
2642 2444 2791 2514 pallii
2820 2444 3108 2514 potiretur.
3137 2443 3275 2499 Nam
3301 2444 3404 2500 etsi

1804 2535 1896 2592 hic
1922 2535 2003 2589 vir
2030 2536 2358 2592 venerabilis
2386 2536 2706 2601 Adtentius,
2738 2547 2832 2590 aut
2874 2536 3135 2607 principis
3178 2535 3264 2591 sui
3311 2544 3407 2591 aut

1804 2627 2191 2699 magistrorum
2230 2627 2618 2698 superstitione
2646 2634 2821 2694 actus,
2869 2636 2963 2683 aut
2990 2627 3177 2684 favore
3204 2642 3236 2683 a
3269 2643 3404 2684 cou-

1804 2729 1966 2771 sensu
1996 2715 2353 2786 plurimorum
2397 2725 2688 2783 attractus,
2717 2716 2802 2771 vel
2842 2716 2948 2771 alio
2976 2716 3219 2786 quolibet
3242 2717 3405 2774 modo

1805 2805 2113 2876 subreptus,
2172 2805 2256 2861 vel
2286 2804 2644 2877 interceptus,
2696 2807 2753 2862 in
2799 2806 2982 2878 aliquo
3026 2807 3206 2863 minus
3240 2822 3403 2878 quam

1806 2895 2070 2951 debuerat
2095 2895 2353 2966 providus
2397 2897 2653 2952 exstitit:
2699 2897 2992 2966 quoniam,
3032 2904 3095 2951 ut
3136 2896 3402 2969 Augusti-

1808 3000 1910 3040 nus
1936 2986 2087 3051 dicit,
2113 2984 2276 3039 Amat
2308 2985 2454 3041 Deus
2485 2987 2869 3043 confitentibus
2903 3002 3160 3058 parcere,
3212 2996 3269 3043 et
3310 3002 3407 3044 eos

1807 3082 1899 3149 qui
1951 3079 2275 3148 semetipsos
2320 3079 2605 3151 judicant,
2649 3096 2755 3136 non
2788 3078 3078 3149 judicare;
3122 3089 3408 3150 cessatque

1807 3169 1989 3223 divina
2038 3169 2276 3223 vindicta
2306 3208 2322 3234 ,
2373 3170 2419 3224 si
2445 3171 2731 3225 conversio
2788 3178 3088 3239 praacurrat
3123 3171 3401 3225 humana:

1809 3260 1977 3314 vestri
2026 3258 2365 3329 apostolatus
2412 3259 2701 3314 mitissima
2742 3268 2797 3313 et
2826 3259 3152 3328 praestabilis
3197 3258 3409 3314 cunctis

1809 3350 2086 3404 conversis
2117 3349 2453 3417 benignitas,
2493 3349 2549 3403 in
2597 3364 2664 3404 eo
2693 3349 3018 3403 sententiam
3045 3351 3409 3417 prwdecesso-

1809 3439 1887 3494 ris
1910 3438 1992 3492 sui
2023 3437 2219 3493 Leonis
2248 3445 2528 3505 sequetur,
2577 3452 2685 3505 qua
2716 3437 2848 3492 dicit
2874 3453 2888 3489 :
2925 3434 3099 3502 Sedis,
3132 3436 3404 3507 inquiens,

1811 3529 2121 3600 apostolica:
2149 3529 2450 3584 moderatio
2486 3528 2628 3583 hanc
2656 3528 3071 3597 temperantiam
3097 3536 3297 3594 servat,
3348 3539 3411 3584 ut

1810 3632 1866 3676 et
1896 3622 2137 3676 severius
2178 3628 2304 3692 agat
2352 3634 2476 3676 cum
2522 3619 2805 3676 obduratis
2828 3659 2843 3684 ,
2876 3628 2930 3673 et
2964 3619 3176 3673 veniam
3226 3619 3410 3688 cupiat

1810 3722 2073 3785 prmstare
2113 3713 2417 3768 correctis:
2464 3721 2734 3783 quatenus
2770 3711 2928 3766 venia
2961 3711 3313 3777 concedatur,
3362 3712 3409 3767 si

1782 3820 1967 3862 .error
2010 3802 2280 3860 aboletur.
2325 3803 2571 3859 Petimus
2620 3803 2928 3873 siquidem,
2983 3809 3046 3857 ut
3090 3802 3254 3858 istum
3300 3818 3409 3859 non

1811 3896 1973 3952 modo
2002 3910 2183 3960 suum,
2214 3909 2403 3949 verum
2432 3901 2488 3949 et
2531 3903 2777 3950 nostrum
2823 3893 3058 3964 legatum
3083 3933 3099 3959 ,
3131 3893 3411 3948 Bettonem

1812 3986 2123 4060 religiosum
2152 3986 2497 4050 monachum,
2542 3993 2599 4041 et
2624 3985 2927 4041 litterarum
2953 3982 3203 4048 scientia,
3251 3983 3409 4038 boni-

1812 4092 1918 4147 que
1949 4075 2149 4148 ingenii
2195 4073 2529 4146 capacitate,
2567 4073 2663 4128 Dei
2688 4074 2886 4145 gratia,
2921 4081 2979 4128 et
3015 4072 3204 4128 sedulo
3229 4072 3411 4128 studio

1814 4167 2104 4232 imbutum,
2145 4166 2378 4238 benigne
2402 4172 2457 4219 et
2481 4164 2823 4220 familiariter
2851 4163 3148 4234 recipiatis,
3200 4178 3308 4233 quo
3344 4178 3408 4217 ea

1815 4276 1944 4350 quae
1962 4261 2068 4317 sibi
2096 4259 2339 4329 injuncta
2367 4266 2514 4324 sunt,
2557 4257 2961 4313 mansuetudini
2997 4256 3160 4311 vestri
3187 4265 3408 4325 aposto-

1816 4345 1958 4408 latus
1985 4352 2295 4407 domestica'
2331 4348 2674 4421 suggestione
2708 4347 2885 4402 valeat
2929 4360 3211 4402 enarrare.
3264 4345 3408 4401 Deus

1813 4446 2156 4515 omnipotens
2180 4456 2429 4500 orantem
2472 4458 2569 4515 pro
2596 4441 2753 4497 nobis
2782 4441 3125 4497 sanctitatem
3168 4448 3407 4495 vestram

1813 4551 1929 4591 :evo
1958 4535 2199 4606 longiore
2237 4549 2565 4591 conservare
2606 4534 2660 4587 in
2687 4532 2967 4587 voluntate
2995 4546 3092 4587 sua
3132 4531 3407 4602 dignetur,

1813 4627 2154 4683 sanctissime
2180 4634 2237 4682 et
2260 4623 2697 4682 reverentissime
2724 4631 2878 4695 pater
2901 4622 2955 4677 in
2978 4621 3225 4678 Domino.
3300 4628 3329 4652 °
3385 4616 3393 4627 ‘

2402 4772 2736 4835 EPISTOLA
2782 4770 2827 4830 ll

2478 4885 2765 4960 Synodalis

2094 5022 2168 5063 Al)
2206 5017 2492 5063 EPISCOI‘OS
2526 5016 2595 5054 ET
2634 5013 2864 5055 COIIITES
2900 5014 3126 5065 GALLIA'Z,

2245 5095 2352 5152 Sub
2387 5096 2598 5156 nomine
2623 5086 2805 5146 Caroli
2835 5096 2989 5165 regis.

1925 5211 2103 5285 [Apud
2134 5206 2437 5279 Labbeum,
2461 5201 2666 5266 Concil.
2696 5212 2830 5260 tom.
2850 5205 2977 5271 \‘lll,
3003 5221 3127 5277 pag.
3151 5199 3311 5269 246.1
3402 5194 3405 5197 ’

1886 5322 1948 5379 In
1981 5325 2201 5380 nomine
2226 5331 2439 5381 sancta:
2463 5329 2519 5380 et
2552 5314 2846 5374 individua:
2870 5318 3150 5375 Trinitatis
3173 5314 3428 5370 (ἕλκοι.ιέ

1814 5411 1913 5434 n_-
2043 5419 2075 5434 .-
2182 5428 2237 5434 -_-
2265 5412 2355 5434 :n__
2405 5430 2415 5434 _
2455 5420 2467 5432 ο
2558 5410 2822 5434 -..ξηιλ-ε,
2848 5423 2892 5434 -.
2933 5411 3119 5434 ιει--.ξ-
3161 5422 3221 5434 ..Α
3255 5403 3423 5434 Ωιιηιὶ-

2417 744 3039 918 πη
3073 744 3563 885 λέξο-βρίί-έέ
