3916 5434
505 252 614 310 865

1538 248 1790 308 CAROLI
1826 249 2033 309 CALVI
2071 248 2499 308 FRANCORUM
2538 254 2742 313 REGIS

3674 261 3768 316 εδδ

504 364 765 435 synodum
794 376 819 405 α
844 363 1226 420 venerabilium
1253 362 1727 435 episcoporum,ac
1756 375 2081 422 conventum
2108 370 2161 428 A
2186 367 2506 423 sententiam
2533 408 2549 434 ,
2604 377 2659 425 et
2701 369 2995 427 secundum
3044 370 3192 442 leges
3238 384 3304 426 ac
3354 369 3593 442 capitula
3636 377 3769 442 h‘gia

503 452 741 507 tidelium
779 462 1091 508 nostrorum
1135 454 1276 524 apud
1316 452 1651 511 Carisiacum
1691 455 1918 512 fecimus
1956 471 2088 512 con-

503 544 705 598 venire.
740 542 873 599 Cum
900 546 1116 627 quibus,
1145 544 1287 601 inter
1316 547 1906 603 caetera'ecclesiastica
1937 547 2087 603 utili-

498 636 629 691 latis
668 650 733 690 ac
777 630 923 706 regni
969 637 1311 695 necessitatis
1340 638 1555 708 negotia
1600 640 2082 706 consideravimus,

493 726 730 797 qualiter
756 729 986 797 rapinae,
1029 736 1083 783 et
1117 727 1583 798 depopulationes,
1615 744 1734 799 quae
1758 730 1954 800 partim
1988 745 2082 784 oc-

489 818 720 873 casione
761 818 1247 888 superirruentium
1276 834 1606 889 paganorum
1633 861 1648 885 ,
1681 821 1878 891 partim
1911 823 2085 878 mobi—

489 909 650 965 litate
687 910 1045 979 quorumdam
1077 908 1315 964 ftdelium
1348 919 1656 965 nostrorum
1694 911 1747 964 in
1781 926 1946 983 regno
1980 929 2081 967 no-

487 1008 631 1065 stro,
673 1016 773 1071 per
805 1015 900 1055 eos
935 1002 1098 1055 etiam
1130 1001 1220 1069 qui
1253 1000 1549 1055 Ecclesiam
1580 999 1674 1055 Dei
1712 999 2002 1056 defendere
2027 1009 2084 1057 et

486 1089 674 1154 tueri,
721 1099 775 1145 et
823 1089 974 1157 regni
1025 1089 1353 1145 soliditatem
1399 1097 1455 1144 et
1498 1090 1733 1159 quietem
1782 1089 2082 1146 debuerant

493 1180 776 1248 providere
803 1219 820 1244 ,
860 1188 1198 1250 grassantur,
1241 1179 1423 1248 aliquo
1464 1180 1648 1245 modo,
1672 1188 1944 1236 annuente
1968 1180 2077 1237 Do—

495 1272 660 1337 mino,
688 1272 865 1327 sedari
897 1271 1111 1326 valeant
1132 1280 1187 1326 et
1211 1271 1473 1326 amoveri.

561 1367 801 1430 Quorum
846 1362 1093 1417 consultu
1145 1362 1513 1427 decrevimus,
1563 1371 1624 1417 ut
1664 1362 1790 1431 quia
1834 1372 2076 1433 peccata,

492 1467 609 1523 qua:
634 1452 686 1507 in
710 1465 809 1507 suo
840 1451 1016 1516 initio,
1044 1458 1104 1505 ut
1129 1459 1284 1517 sunt,
1313 1451 1493 1519 magni
1522 1449 1777 1521 ponderis
1806 1455 2078 1509 aestiman-

492 1555 600 1609 tur,
635 1545 937 1616 pernicioso
965 1558 1218 1615 processu
1260 1542 1375 1614 ipso
1414 1542 1579 1597 etiam
1614 1543 1877 1600 exitiabili
1914 1560 2076 1615 supra

491 1655 572 1709 tus
611 1640 882 1695 mentibus
909 1639 1218 1709 loquantur,
1260 1647 1314 1692 et
1350 1638 1503 1709 quasi
1541 1635 1882 1692 insensibiles
1912 1637 1940 1677 ι’
1971 1655 1985 1691 :
2011 1652 2078 1693 ac

2187 457 2468 513 emendari
2512 467 2737 529 cogetur
2788 469 2844 516 et
2887 460 3181 516 secundum
3224 458 3496 529 judicium
3540 460 3771 517 fidelium

2184 556 2499 603 nostrorum
2527 549 2847 619 condignam
2878 550 3171 605 vindictam
3193 550 3479 618 suscipiet.

2255 639 2324 694 Et
2349 640 2393 695 si
2424 638 2543 694 talis
2568 654 2799 710 persona
2831 639 3023 706 fuerit,
3050 650 3110 696 ut
3144 641 3388 712 episcopi
3417 651 3478 694 et
3501 640 3655 694 missi
3683 656 3769 693 no-
3862 638 3863 715 ξ

2185 729 2281 784 stri
2307 745 2371 784 ac
2404 729 2630 786 comites
2674 731 2727 785 in
2769 731 2980 785 illorum
3024 732 3347 786 ministeriis
3380 732 3532 801 quod
3558 748 3768 802 pravum

2185 828 2363 872 actum
2394 818 2558 873 fuerit
2582 822 2855 890 potuerint
2880 822 3194 887 emendare,
3219 822 3530 876 secundum
3563 821 3769 891 pratis:

2183 910 2386 963 monita
2433 910 2563 965 illud
2606 911 2895 966 emendare
2933 912 3222 977 studeant,
3250 922 3347 966 aut
3375 927 3478 981 per
3504 913 3769 982 lidcjuﬁo-

2182 1015 2274 1055 res
2301 1002 2367 1056 ad
2399 1009 2642 1055 nostram
2668 1002 3009 1071 praesentiam
3033 1004 3222 1057 venire
3244 1001 3478 1057 faciant.
3512 1001 3571 1056 Si
3599 1012 3765 1057 autem

2182 1089 2380 1159 aliquis
2410 1090 2746 1161 quiscunque
2784 1092 3099 1147 inobediens
3132 1092 3440 1157 exstiterit,
3477 1107 3605 1146 cum
3640 1108 3770 1146 sum-

2182 1195 2269 1235 ma
2296 1177 2645 1237 festinatione
2671 1182 2826 1237 nobis
2855 1192 3038 1238 notum
3069 1182 3253 1237 facere
3274 1192 3501 1248 curent,
3530 1191 3590 1235 ut
3614 1198 3769 1252 quau-

2181 1277 2238 1322 to
2263 1268 2425 1324 citius
2448 1269 2513 1349 ad
2540 1280 2780 1326 nostram
2806 1271 3148 1342 pnesentiatn
3184 1272 3337 1326 illum
3370 1272 3570 1326 venire
3592 1272 3769 1343 jubea-

2182 1359 2631 1430 mus,etdignam
2654 1358 2913 1415 ultionem
2936 1363 3233 1415 secundum
3249 1361 3527 1432 judicium
3550 1361 3767 1417 fidelium

2178 1458 2493 1516 nostrorum
2536 1451 2822 1505 sustineat.
2863 1451 2931 1506 Et
2969 1453 3013 1506 si
3046 1452 3212 1523 (quod
3234 1452 3404 1523 absit)
3439 1452 3570 1507 talis
3605 1466 3765 1506 cinctu

2180 1541 2332 1607 serit,
2363 1541 2454 1610 qui
2482 1540 2577 1596 Dei
2605 1542 2852 1597 timorem
2895 1552 3217 1612 postponat,
3260 1550 3318 1597 et
3345 1542 3765 1598 ecclesiasticam

2179 1633 2556 1687 auctoritatem
2592 1642 2907 1689 contemnat
2928 1674 2944 1700 ,
2996 1649 3061 1689 ac
3094 1635 3302 1705 regiam
3331 1644 3667 1705 potestatem
3695 1649 3764 1688 re-

491 1734 532 1788 si
563 1732 777 1801 quando
810 1731 1128 1800 resipiscere
1156 1729 1472 1794 moliuntur,
1516 1729 1642 1801 [eas
1670 1728 1899 1801 stcpius]
1930 1730 2073 1784 casi-
2103 1719 2150 1779 B
2179 1723 2377 1795 fugiat;
2413 1724 2581 1790 sciat,
2629 1727 2967 1795 quiscunque
2993 1725 3083 1781 ille
3117 1725 3318 1792 fuerit,
3347 1727 3482 1796 quia
3511 1737 3566 1781 et
3592 1741 3764 1781 secan—

488 1835 585 1879 Dus
612 1824 726 1879 suis
750 1822 1012 1895 obligem,
1039 1829 1099 1876 ut
1121 1822 1165 1876 si
1184 1835 1468 1892 resurgere
1495 1820 1692 1886 velint,
1717 1836 1821 1875 non
1841 1821 2072 1891 possint.

489 1915 787 1984 Antequam
830 1929 1058 1968 censura
1086 1912 1453 1968 ecclesiastica
1476 1952 1490 1976 ,
1540 1927 1604 1966 ac
1632 1911 1831 1982 legales
1854 1921 2074 1967 sentcn-

486 2004 574 2059 tiae
602 2002 907 2073 huiusmodi
944 2001 1272 2072 prtedatores
1308 1998 1622 2056 terribiliter
1658 2007 1714 2055 et
1748 1999 2074 2054 damnabili-

484 2108 570 2154 ter
605 2097 845 2163 feriant,
887 2097 1123 2168 episcopi
1169 2098 1370 2167 quique
1422 2095 1476 2150 itt
1524 2095 1638 2150 suis
1678 2095 1983 2165 parncltiis,
2021 2101 2077 2150 et

488 2191 637 2246 missi
687 2191 740 2245 in
785 2190 994 2245 illorum
1036 2188 1366 2255 missaticis,
1412 2188 1748 2258 comitesque
1790 2188 1842 2242 in
1885 2204 2074 2242 eorum

485 2281 829 2337 comitatibus
855 2281 1062 2350 pariter
1085 2281 1283 2352 placita
1315 2288 1567 2346 teneant,
1605 2294 1712 2350 quo
1743 2294 1933 2335 omnes
1965 2281 2073 2335 rei-

484 2372 708 2444 publicze
751 2371 986 2426 ministri
1023 2379 1081 2425 et
1125 2371 1268 2426 vassi
1304 2370 1589 2437 dominici,
1635 2385 1931 2441 omnesque
1955 2371 2075 2440 qui-

483 2478 695 2532 cunque
726 2463 810 2518 vel
839 2477 1283 2532 quorumcnnque
1315 2462 1565 2517 homines
1604 2463 1657 2517 in
1687 2462 1879 2517 iisdem
1910 2477 2072 2532 paro-

482 2556 618 2613 chiis
632 2564 686 2610 et
707 2555 1073 2620 comitatibus,
1093 2555 1211 2609 sine
1240 2554 1343 2608 ulla
1376 2568 1728 2625 personarum
1758 2554 2074 2624 acceptione

481 2653 530 2699 et
560 2646 909 2701 excusatione
936 2652 1024 2698 aut
1056 2642 1312 2699 dilatione
1341 2645 1692 2699 conveniant.
1744 2643 1812 2715 Et
1833 2643 2072 2714 episcopi

481 2735 624 2791 illius
676 2736 946 2807 parocltize
1008 2732 1247 2789 breviter
1297 2744 1584 2790 annotatas
1648 2735 1946 2790 sententias
2008 2736 2074 2789 de

480 2824 745 2895 ejusmodi
788 2840 987 2891 causa,
1039 2825 1365 2894 evangelicae
1404 2826 1653 2882 videlicet
1687 2834 1741 2880 et
1767 2826 2074 2895 apostolicae

480 2926 534 2973 et
571 2918 901 2987 prophetica:
937 2917 1309 2981 auctoritatis,
1345 2932 1554 2972 necnon
1602 2927 1657 2972 et
1698 2919 1915 2973 decreta
1945 2935 2073 2989 apo-

479 3007 669 3064 stolica
696 3016 860 3078 atque
903 3007 1163 3062 canonica
1203 3009 1454 3063 omnibus
1495 3007 1769 3081 relegant,
1799 3017 2066 3080 etaperto

2179 1815 2306 1869 dum
2352 1816 2671 1871 canonicam
2718 1815 3098 1871 auctoritatem
3125 1815 3196 1869 ab
3223 1817 3477 1871 omnium
3514 1814 3761 1872 Christia-

2178 1918 2372 1958 norum
2419 1913 2585 1969 ccetu,
2636 1912 2690 1958 et
2734 1912 2936 1959 sanctae
2978 1903 3232 1959 Ecclesia:
3277 1904 3597 1967 consortio,
3642 1904 3760 1958 etin

2177 1992 2314 2047 celo
2340 2004 2397 2048 et
2424 1992 2478 2046 in
2512 2001 2659 2047 terra
2681 1991 2889 2067 alienus
2916 1990 3198 2057 eicietur,
3227 2002 3285 2047 et
3313 1993 3487 2062 regali
3513 2001 3760 2062 potestate

2176 2091 2340 2152 atque
2363 2083 2602 2137 omnium
2635 2083 2784 2153 regni
2816 2081 3054 2138 fidelium
3084 2082 3474 2148 unanimitate,
3510 2084 3655 2137 sicut
3682 2084 3757 2141 Dei

2175 2181 2231 2225 et
2274 2171 2531 2227 Ecclesiae
2566 2171 2817 2227 inimicus
2855 2180 2912 2227 et
2954 2172 3106 2242 regni
3133 2172 3455 2226 devastator
3484 2188 3756 2243 perseque-

2179 2272 2285 2328 tur,
2319 2279 2490 2335 ttsque
2518 2264 2646 2317 dunt
2676 2279 2705 2317 a
2735 2278 2901 2334 regno
2929 2263 3343 2317 exterminetur.

2245 2355 2313 2410 Et
2332 2354 2376 2409 si
2402 2354 2598 2425 aliquis
2621 2370 2802 2409 comes
2824 2354 3019 2420 fuerit,
3052 2355 3144 2423 qui
3175 2356 3227 2407 in
3252 2355 3358 2409 hoc
3385 2369 3487 2408 suo
3511 2355 3755 2409 comitata

2174 2445 2404 2511 fecerit,
2437 2455 2528 2501 ant
2574 2447 2650 2501 ibi
2696 2446 2822 2500 talia
2855 2441 3158 2501 increscere
3186 2446 3536 2517 permiserit,
3557 2456 3615 2500 et
3658 2448 3757 2515 ipse

2175 2540 2265 2595 illa
2295 2555 2403 2595 non
2426 2539 2702 2604 emendet,
2733 2547 2827 2594 aut
2857 2548 2981 2594 nota
3007 2540 3163 2593 nobis
3194 2554 3301 2592 non
3328 2538 3554 2602 fecerit,
3591 2549 3653 2592 ut
3676 2555 3756 2592 no-

2174 2640 2287 2688 stra
2316 2631 2615 2686 auctoritas
2645 2630 2770 2685 talia
2814 2630 3081 2702 corrigat;
3125 2631 3266 2684 sciat
3295 2631 3425 2699 quia
3454 2631 3621 2684 talem
3647 2646 3755 2685 seno

2177 2725 2398 2782 tentiam
2442 2724 2566 2778 inde
2614 2724 2938 2790 sustinebit,
2987 2724 3128 2778 sicut
3175 2732 3423 2792 tempore
3460 2732 3755 2778 antecesso-

2175 2830 2294 2869 rutn
2340 2822 2650 2868 nostrorum
2698 2813 3032 2868 consuetudo
3057 2812 3176 2866 fuit.
3220 2811 3289 2865 Et
3324 2813 3371 2866 si
3413 2812 3579 2881 aliqui
3610 2813 3752 2865 itine-

2174 2916 2356 2960 rantes
2377 2903 2806 2974 depraedationes
2832 2911 2886 2958 et
2915 2902 3128 2973 rapinas
3154 2918 3252 2972 per
3274 2914 3751 2972 regnumuostruta

2173 2993 2427 3059 fecerint,
2460 3001 2518 3047 et
2546 2992 2785 3063 episcopi
2816 3008 2910 3048 seu
2938 2993 3085 3047 missi
3115 3002 3169 3046 et
3199 2993 3434 3047 comites
3456 2992 3561 3047 hoc
3583 3007 3751 3046 como

480 3114 733 3156 sermone
777 3099 988 3154 cunctis
1030 3099 1189 3169 quale
1235 3110 1609 3172 quantumque
1653 3109 1931 3171 peccatum
1973 3103 2061 3166 sit,

2176 3082 2302 3138 dare
2320 3098 2424 3137 non
2450 3062 2744 3152 potuerint,
2768 3097 2928 3152 quam
2951 3081 3108 3135 citius
3133 3081 3370 3151 possint,
3394 3082 3556 3136 nobis
3581 3092 3747 3136 notem

478 3199 537 3247 et
573 3189 785 3260 qualem
832 3199 1199 3261 quantamque
1243 3191 1651 3262 pmnitentiam,
1694 3200 1750 3247 et
1774 3208 1936 3263 quam
1966 3193 2066 3247 itn-

479 3295 690 3335 manem
728 3280 1234 3350 severissimamque
1272 3282 1563 3338 vindictam
1599 3291 1893 3352 exposcat,
1938 3298 2064 3338 cum

477 3369 598 3426 aliis
625 3370 820 3425 debitis
848 3378 902 3425 et
926 3370 1249 3426 necessariis
1280 3380 1441 3442 atque
1469 3371 1689 3429 utilibus
1718 3372 2062 3445 praedicatio-

477 3461 635 3516 nibus
660 3461 1000 3517 innotescere
1025 3468 1237 3517 curent.

548 3551 695 3608 Missi
722 3568 936 3623 quoque
960 3552 1160 3623 legales
1183 3553 1501 3619 sententias,
1529 3553 1670 3609 sicut
1695 3568 1788 3610 eas
1816 3553 2062 3625 cognitas

478 3643 713 3709 habent,
749 3643 1039 3707 adnotcnt,
1078 3652 1131 3698 et
1154 3644 1614 3712 praedecessorum
1642 3654 1950 3700 nostrorum
1976 3661 2065 3701 re-

477 3749 604 3804 gum
630 3742 790 3804 atque
824 3733 1213 3803 imperatorum
1236 3774 1251 3800 ,
1288 3743 1578 3804 nostraque
1606 3735 1839 3806 capitula
1869 3736 1935 3792 de
1964 3738 2066 3792 hac

477 3839 643 3879 causa
693 3825 747 3879 in
801 3840 968 3879 unum
1022 3824 1246 3880 collecta
1295 3825 1544 3881 omnibus
1596 3835 1722 3881 nota
1772 3827 1925 3882 flant.
2000 3828 2067 3883 Et

477 3915 717 3985 episc0pi
744 3915 836 3969 Dei
868 3923 923 3970 et
943 3916 1169 3986 apostoli
1196 3914 1513 3971 auctoritate
1544 3915 1679 3972 tales
1707 3916 2066 3987 depraedatio-

481 4017 581 4058 nes
602 4003 854 4058 omnibus
875 4004 1235 4071 interdicant,
1272 4013 1328 4060 et
1369 4006 1518 4061 missi
1548 4015 1604 4060 et
1640 4007 1867 4063 comites
1897 4009 2067 4064 nostri

482 4092 696 4148 cunctis
738 4107 805 4148 ex
859 4093 1009 4164 regio
1057 4103 1242 4150 nostro
1285 4095 1463 4151 hanno
1509 4096 1796 4165 prohibere
1839 4097 2068 4154 firmiter

481 4181 753 4246 studeant,
783 4191 837 4237 et
866 4193 1193 4254 cognoscant
1214 4197 1401 4239 omnes
1422 4185 1548 4254 quia
1584 4184 1631 4240 si
1656 4186 1856 4242 abhinc
1884 4186 2069 4243 inante

482 4273 537 4328 in
580 4286 747 4343 regno
778 4283 962 4328 nostro
996 4274 1122 4329 talia
1178 4273 1356 4330 facere
1397 4274 1593 4345 aliquis
1639 4277 2065 4348 praesumpserit,

480 4365 777 4419 secundum
835 4363 1046 4421 divinas
1102 4365 1398 4421 sententias
1464 4365 1775 4438 specialiter
1830 4368 2067 4438 excipiet

551 4526 581 4557 ι
620 4513 909 4588 Synodum.
948 4516 1078 4571 Cum
1112 4517 1202 4572 liis
1232 4519 1564 4588 temporibus
1600 4519 1653 4574 in
1684 4518 1858 4575 Gallia
1891 4520 2059 4577 undi—.

479 4602 588 4658 qua
628 4586 890 4658 factiones
926 4595 981 4641 et
1013 4586 1359 4641 subditornni
1382 4589 1703 4644 relielliones
1732 4590 2019 4645 ebullirent
2041 4632 2058 4657 ,

482 4656 682 4726 tibique
719 4656 894 4728 furta,
931 4658 1389 4728 deprtetlationes,
1430 4660 1826 4728 grassationes,
1860 4670 1915 4715 et
1954 4656 2059 4716 (εωέ

480 4728 596 4797 des,
624 4727 914 4794 omniaque
957 4727 1206 4797 violentn'
1256 4727 1601 4797 turpitudinis
1640 4745 1838 4797 genera
1888 4731 2061 4786 incre-

480 4796 1051 4859 brescerent,tiarolus
1080 4814 1169 4851 rev
1201 4801 1266 4851 ad
1291 4796 1567 4852 evellenda
1597 4796 1685 4853 illa
1714 4802 2058 4855 incommoda

481 4880 624 4919 anno
648 4865 847 4919 Christi
877 4865 981 4919 856
1017 4867 1069 4919 in
1100 4868 1221 4921 villa
1247 4870 1583 4924 Carisiacutn‘
1614 4872 1885 4924 nominata
1918 4871 2058 4926 hanc

482 4935 745 5009 synodum
768 4937 1146 5009 congregavit,
1179 4953 1244 5009 ett
1273 4955 1376 5006 qua
1406 4940 1473 4993 ad
1502 4942 1804 5009 episcopos,
1841 4941 2056 5006 missos,

482 5003 539 5058 et
573 5003 801 5080 comites
834 5003 1018 5080 Gallia:
1051 5003 1401 5080 epistola'illa
1440 5003 1713 5079 synodalis
1750 5003 1951 5080 (quam
1990 5003 2057 5064 ei

484 5071 676 5144 codice
716 5070 934 5144 Antonii
967 5070 1251 5143 Augustini
1305 5070 1506 5144 primus
1555 5080 1611 5134 in
1656 5070 1826 5134 lt‘tceni
1877 5080 2060 5135 emisit

481 5140 792 5219 Barcinus)
831 5140 930 5219 sttb
960 5140 1174 5219 nomine
1198 5140 1371 5219 Caroli
1401 5151 1541 5215 regis
1570 5150 1767 5219 scripta
1800 5161 1855 5204 et
1879 5159 2059 5206 trans-

491 5212 658 5264 missa
688 5202 809 5262 [υἰέ.
839 5202 915 5261 Ex
945 5211 1130 5264 eadem
1161 5228 1214 5265 sv
1226 5216 1365 5266 nodo
1402 5202 1650 5266 ιιοῖιιιιιιιιι
1682 5202 2059 5266 lcanilitlavini"

2089 4420 2142 4481 D

2167 3171 2347 3227 facere
2393 3179 2618 3236 curent,
2653 3180 2713 3225 ut
2746 3169 3031 3240 jubeamus
3058 3169 3206 3240 ipsos
3236 3170 3644 3239 depr:etlatores
3668 3185 3752 3241 per

2166 3265 2419 3321 eamdem
2462 3263 2606 3317 viam
2633 3278 2756 3318 cum
2788 3263 2956 3318 misso
2985 3271 3173 3318 nostro
3204 3262 3418 3330 redire,
3449 3274 3510 3318 et
3533 3264 3621 3319 illa
3644 3279 3744 3318 om-

2167 3357 2280 3423 nia,
2308 3372 2431 3427 qure
2457 3355 2547 3410 alii
2579 3364 2843 3428 egerunt,
2889 3356 3136 3427 legaliter
3163 3357 3498 3422 emendare,
3528 3368 3583 3413 et
3606 3358 3745 3411 talem

2167 3450 2522 3503 armiscaram
2551 3488 2566 3514 ,
2601 3448 2744 3504 sicut
2785 3462 2816 3501 a
2836 3514 2841 3519 _
2864 3446 3252 3516 nobisjussum
3279 3447 3480 3515 fuerit,
3510 3448 3743 3520 autjadi-

2166 3541 2335 3607 cinm,
2362 3541 2505 3597 sicut
2532 3555 2655 3596 cum
2691 3538 2939 3597 fidelibus
2975 3540 3177 3595 nostris
3207 3542 3743 3603 consideraret-imus,

2166 3632 2462 3687 sustinere.
2526 3629 2585 3685 Si
2626 3638 2809 3685 autem
2853 3629 3033 3686 dilecti
3064 3629 3253 3686 fratris
3278 3632 3492 3698 nostri,
3523 3648 3587 3687 ac
3604 3646 3743 3701 ηεεκι-

2169 3743 2281 3789 tum
2307 3741 2614 3788 nostrorum
2644 3730 2891 3786 homines
2913 3728 3138 3795 fuerint,
3169 3730 3263 3799 qui
3292 3730 3425 3784 talia
3451 3731 3674 3801 egerint,
3696 3738 3741 3783 et

2167 3827 2271 3882 ltoc
2305 3826 2461 3881 nobis
2496 3825 2829 3890 innotescat,
2860 3831 2920 3878 ut
2954 3823 3059 3879 illis
3094 3832 3221 3878 nota
3260 3822 3568 3890 faciamus;
3607 3822 3738 3877 etilli

2167 3932 2295 3972 suos
2324 3915 2587 3980 homines,
2618 3915 2758 3969 sicut
2783 3914 2888 3969 illis
2915 3912 3107 3968 melius
3137 3913 3317 3967 visum
3352 3912 3522 3968 fuerit
3558 3916 3622 3969 de
3644 3912 3738 3965 tali-

2167 4007 2268 4063 bus
2292 4005 2559 4077 castigare
2582 4011 2897 4075 procurent,
2922 4004 3063 4059 sicut
3096 4012 3152 4057 et
3186 4018 3290 4058 nos
3328 4013 3552 4059 nostros
3592 4003 3735 4057 homi-

2167 4114 2264 4154 nes
2288 4098 2557 4170 castigare
2584 4095 2856 4152 volumus.
2895 4095 2951 4150 Si
2975 4095 3027 4149 in
3051 4094 3267 4150 illorum
3294 4096 3485 4166 regnis
3511 4096 3737 4149 indecen-

2169 4189 2266 4256 tia,
2298 4197 2353 4244 et
2382 4172 2561 4259 aliqua
2587 4186 2748 4241 noxia
2775 4184 2950 4258 (quod
2975 4182 3148 4256 absit)
3189 4181 3375 4239 facere
3403 4199 3734 4255 prmsumpse-

2167 4284 2298 4350 rint,
2322 4294 2345 4324 ε
2380 4281 2703 4337 admonendi
2724 4288 2851 4335 sunt
2877 4279 2965 4349 qui
2989 4279 3165 4333 aliena
3190 4294 3386 4348 rapere
3406 4279 3737 4339 contendunt,

2167 4382 2229 4429 ut
2254 4371 2483 4429 sollicite
2505 4370 2743 4434 audiant,
2769 4368 2912 4441 quod
2928 4368 3150 4424 veniens
3175 4368 3227 4421 in
3259 4366 3474 4439 judicio
3503 4369 3733 4424 Dominus

2167 4526 2397 4584 busdam
2426 4527 2531 4581 hac
2551 4526 2763 4598 synodo
2791 4525 2957 4598 gestis
2990 4522 3329 4598 Flodoardus
3371 4523 3485 4598 lib.
3510 4540 3567 4598 tn
3586 4565 3601 4587 ,
3626 4539 3725 4598 cap.

2165 4599 2268 4663 24,
2300 4598 2403 4652 ista
2429 4615 2442 4650 :
2479 4614 2499 4648 t
2534 4595 2667 4667 eam
2699 4595 2901 4667 synodo
2929 4596 3310 4667 episcoporttm
3343 4596 3489 4664 apud
3519 4595 3730 4648 Carisia-

2166 4684 2289 4725 cum
2325 4668 2509 4723 habita
2542 4664 2741 4723 scribit
2776 4665 3027 4720 Hilduino
3074 4664 3258 4719 Caroli
3310 4668 3464 4735 regis
3500 4667 3730 4735 archica-

2203 4739 2411 4804 ellano,
2454 4746 2509 4808 et
2545 4752 2645 4808 pro
2676 4737 2915 4808 Ecclesia
2961 4734 3254 4804 Lingonica
3293 4733 3462 4804 quam
3487 4733 3729 4808 rV'ulfaa’tts

2190 4809 2421 4864 Ecclesia:
2449 4807 2772 4862 themensis
2801 4807 3051 4860 alumnus
3079 4817 3271 4859 contra
3297 4807 3559 4860 canonica
3589 4820 3724 4859 occu-

2165 4888 2391 4949 paverat
2421 4880 2656 4949 decrcta.
2696 4877 2847 4949 Unde
2884 4882 3231 4949 suggesserat
3279 4877 3477 4929 eadem
3516 4876 3725 4946 synodus

2168 4944 2280 5019 regi
2311 4958 2369 5002 ut
2396 4947 2624 5002 alterum
2657 4947 2727 5019 ad
2754 4944 3047 5014 regendam
3073 4944 3365 5019 praefatam
3395 4944 3723 5000 constitueret

2165 5016 2489 5082 Ecclesiam,
2520 5027 2575 5072 et
2600 5032 2692 5071 rex
2711 5017 2951 5089 jusserat
2973 5025 3031 5089 ut
3051 5016 3295 5089 episcopi
3328 5023 3722 5089 quaererent}?

2163 5089 2290 5153 lctn,
2326 5091 2415 5158 qui
2450 5098 2628 5158 posset
2658 5084 2727 5141 inv
2757 5086 3043 5158 episcopali
3078 5084 3391 5158 ministerio
3434 5087 3604 5158 eidem

2164 5153 2573 5227 clesize'prt'elici
2604 5173 2617 5211 :
2651 5153 2955 5226 eorumque
2978 5165 3099 5210 vota
3132 5158 3188 5208 in
3232 5155 3391 5210 Isaac
3433 5157 3597 5227 ipsius
3634 5153 3721 5227 Hil-

2164 5230 2309 5266 duini
2338 5224 2656 5266 (lict-inulti"!
2682 5224 3040 5266 nnnvm—mrmtl
3116 5227 3483 5266 nltcprvanlpc
3511 5224 3654 5266 lmine
3679 5224 3720 5266 in
