3916 5434
77 326 188 383 865

1527 317 1906 376 ΕΡΙΞΤΟῙΜΕ.

3225 328 3331 385 866

80 441 230 496 dicat
256 457 270 493 :
300 439 511 494 Esurivi
536 449 586 495 et
620 455 724 494 non
765 439 979 493 dedistis
1004 436 1132 492 mihi
1170 436 1508 499 manducare,
1537 443 1664 500 ete.;
1698 437 1744 495 Α
1773 430 2060 485 factionem
2080 471 2095 495 ,
2122 430 2175 484 id
2196 438 2280 486 est
2306 430 2699 486 correctionem
2723 466 2739 494 ,
2763 432 2857 481 aut
2887 423 3344 487 emendationem,

77 538 285 608 quibus
315 538 483 592 dicit:
532 537 793 592 Discedite
835 556 867 591 a
907 554 1018 600 me,
1054 537 1349 602 maledicti,
1397 536 1452 589 in
1498 537 1670 605 ignem

78 639 378 694 veternum,
427 630 518 699 qui
561 639 779 700 paratus
829 638 904 684 est
959 628 1168 682 diabolo
1219 638 1267 682 et
1312 626 1511 698 angelis
1556 626 1672 697 ejus

76 723 488 794 (Matth.xxv).
544 723 682 780 Hinc
722 737 850 795 ergo
895 722 1252 793 colligendum
1300 728 1419 785 est,
1469 728 1673 792 quanta

82 813 440 868 damnatione
481 812 746 882 plectendi
789 812 900 867 sint
948 812 1042 881 qui
1099 811 1275 867 aliena
1324 809 1581 881 rapiunt,
1627 809 1673 864 si

82 913 240 958 tanta
280 903 755 959 animadversione
804 902 1074 958 feriuntur
1116 902 1206 971 qui
1249 916 1348 957 sua
1386 902 1674 957 indiscrete

83 1002 407 1049 tenuerunt.
460 993 805 1068 Perpendant
852 1009 959 1063 quo
996 1008 1094 1049 eos
1136 993 1335 1062 obliget
1389 1003 1540 1048 reatu
1587 1007 1675 1049 res

83 1096 270 1157 capta,
304 1088 352 1141 si
387 1086 475 1143 tali
502 1085 719 1154 subjicit
740 1100 915 1156 pana:
940 1102 1045 1140 non
1077 1086 1292 1140 tradita.
1334 1085 1673 1155 Perpendant

86 1194 200 1250 quo
221 1180 537 1234 demeretur
562 1177 826 1248 injustitia
857 1177 1003 1232 illata
1030 1217 1045 1243 ,
1078 1176 1125 1232 si
1157 1186 1301 1231 tanta
1327 1176 1674 1248 percussione

86 1271 251 1341 digna
280 1279 367 1326 est
392 1271 565 1340 pietas
590 1284 696 1324 non
720 1269 984 1340 impensa.

161 1362 405 1416 Audiant
441 1370 682 1431 raptores
707 1361 799 1431 qui
836 1361 1193 1431 multiplicant
1220 1377 1327 1416 non
1353 1377 1448 1417 sua
1481 1376 1675 1431 usque.

88 1466 331 1522 quaque,
358 1461 413 1506 ct
438 1459 734 1523 aggravant
767 1460 957 1506 contra
988 1467 1047 1507 se
1076 1452 1301 1507 densum
1333 1451 1500 1506 lutum
1537 1450 1677 1519 (Ha-

90 1542 204 1595 bac.
252 1541 339 1614 ιι).
407 1543 640 1597 Densum
689 1542 860 1597 lutum
916 1551 1103 1598 contra
1146 1557 1203 1597 se
1250 1557 1543 1613 aggravare
1595 1550 1679 1597 est

93 1643 309 1688 terrena
341 1633 491 1689 lucra
517 1650 638 1688 cum
666 1635 905 1704 pondere
929 1634 1134 1704 peccati
1155 1633 1450 1689 cumulare.

1773 530 1829 578 et
1857 522 2071 591 dignam
2098 522 2487 592 paenitentiam.
2812 520 2854 551 ‘
2905 538 2922 548 ν

1843 612 2079 666 Audiam
2120 613 2262 682 quod
2302 620 2523 667 sanctus
2561 610 2796 667 Joannes
2836 609 3110 681 apostolus
3142 609 3356 667 electus

1772 709 1829 757 et
1852 701 2080 757 dilectus
2123 699 2366 766 Christi,
2412 701 2505 769 qui
2550 700 2602 754 in
2633 715 2789 755 coena
2825 714 2987 768 supra
3011 707 3200 769 pectus
3240 700 3357 770 ejus

1773 792 2041 856 recubuit,
2067 789 2226 844 talem
2247 790 2520 844 hominem
2545 789 2779 843 salutare
2799 796 2963 853 vetat,
2988 772 3208 845 dicens:
3244 787 3358 841 Nec

1774 882 1881 936 Ave
1923 883 2120 935 dixeris
2143 921 2157 944 ,
2200 897 2291 935 nec
2317 882 2369 934 in
2398 881 2610 933 domum
2645 879 2895 950 receperis
2922 878 3008 951 (ΙΙ
3032 877 3195 933 Joan.
3229 877 3356 950 10).

1846 971 1959 1044 (ει,
1988 987 2080 1041 qu.
2102 973 2156 1036 5,
2190 987 2241 1027 c.
2273 971 2389 1040 2t.)
2423 970 2661 1025 Audiant
2685 969 2817 1040 quid
2844 969 2897 1023 in
2933 967 3193 1024 Toletano
3238 982 3341 1023 oon

1772 1063 1898 1119 cilio
1941 1075 1967 1103 ι
2008 1062 2181 1117 sancti
2218 1061 2456 1132 episcopi
2499 1060 2592 1130 qui
2639 1060 2691 1114 in
2730 1058 2869 1115 caelo
2903 1067 3103 1114 etcum
3140 1059 3253 1114 Deo
3284 1072 3352 1113 re-

1774 1161 1940 1227 gnant
1963 1194 1979 1219 ,
2030 1161 2085 1208 et
2134 1153 2187 1208 in
2237 1153 2399 1208 terris
2435 1150 2710 1207 miraculis
2747 1159 3063 1216 coruscant,
3095 1150 3162 1205 de
3191 1150 3365 1204 totius

1772 1247 1958 1301 mundi
1984 1245 2228 1316 partibus
2260 1244 2572 1317 congregati
2614 1243 2994 1299 decreverunt.
3031 1241 3089 1296 Si
3131 1241 3254 1311 quis
3297 1240 3365 1294 de

1774 1337 2089 1407 potentibus
2132 1335 2391 1392 clericum
2447 1344 2540 1390 aut
2579 1334 2876 1406 quemlibet
2924 1348 3216 1404 pauperem
3270 1340 3365 1387 aut

1775 1429 2088 1500 religiosum
2135 1429 2554 1501 exspoliaverit,
2603 1434 2660 1483 et
2702 1427 3041 1483 mandaverit
3083 1428 3148 1481 ad
3178 1426 3359 1497 ipsum

1777 1522 2094 1591 episcopus,
2132 1530 2193 1577 ut
2216 1538 2338 1577 eum
2370 1522 2589 1587 audiat;
2621 1529 2675 1575 et
2698 1522 2741 1575 si
2774 1520 3183 1589 contempserit,
3225 1519 3359 1572 invi-

1778 1625 1896 1666 cem
1940 1626 2065 1667 mox
2094 1611 2297 1681 scripta
2337 1620 2657 1682 percurrant
2697 1626 2795 1680 per
2838 1625 3028 1665 omnes
3065 1608 3362 1678 provincia:

159 1725 404 1780 Audiant
429 1726 556 1795 quid
583 1702 833 1781 Christus
868 1702 1013 1781 dicat
1038 1744 1052 1780 :
1087 1723 1227 1791 Quid
1248 1727 1454 1796 prodest
1476 1726 1675 1780 homini

1790 1703 2082 1774 episcopos,
2128 1719 2476 1774 quoscunque
2519 1703 2668 1758 adire
2697 1702 2991 1774 potuerint,
3034 1709 3093 1755 ut
3136 1714 3360 1755 excom-

94 1831 136 1869 ει
165 1824 335 1868 totum
387 1816 639 1869 mundum
686 1815 941 1880 lucretur,
986 1816 1177 1869 animus
1210 1831 1329 1869 vero
1370 1832 1480 1869 sua:
1523 1815 1680 1868 detri-

1790 1804 2088 1859 municatus
2117 1803 2403 1869 habeatur,
2431 1804 2604 1859 donec
2632 1803 2840 1870 audiat,
2863 1812 2918 1858 et
2944 1802 3136 1858 reddat
3160 1800 3359 1856 aliena.

91 1919 326 1960 mentum
368 1908 606 1977 patiatur
645 1906 860 1979 (Matth.
890 1906 1042 1979 xvi):
1077 1907 1129 1962 id
1153 1916 1268 1972 est,
1302 1907 1428 1976 quid
1465 1907 1685 1976 prodest

88 1998 301 2053 homini
329 2039 346 2064 ,
396 2000 442 2054 si
485 2008 657 2053 totum
706 2000 849 2069 quod
868 2009 971 2055 est
1007 2008 1161 2055 extra
1191 2015 1249 2056 se
1279 2008 1606 2072 congregat,
1630 2007 1687 2056 et

88 2091 196 2146 hoc
220 2090 400 2144 solum
429 2090 571 2160 quod
603 2090 717 2158 ipse
744 2098 831 2144 est
856 2090 1099 2145 damnat.

160 2178 405 2234 Audiam
445 2179 523 2233 illi
566 2180 660 2248 qui
709 2180 927 2249 rapiunt
957 2180 1008 2234 in
1037 2180 1139 2235 hoc
1160 2180 1396 2235 saeculo:
1436 2179 1687 2235 deficient

89 2278 278 2323 autem
304 2309 321 2332 ,
367 2277 428 2322 et
454 2268 506 2323 in
538 2267 736 2323 saeculo
768 2269 1074 2334 dimittent;
1120 2269 1213 2323 scd
1242 2283 1424 2324 secum
1451 2269 1516 2323 ad
1543 2269 1687 2338 judi-

88 2360 239 2414 cium
284 2373 483 2414 causas
537 2360 759 2427 rapinae,
810 2359 861 2415 id
915 2368 997 2416 est
1047 2360 1448 2416 damnationem
1498 2375 1684 2417 secum

89 2449 297 2512 ferent,
330 2456 390 2503 ut
416 2447 544 2503 alibi
569 2449 832 2519 scriptum
863 2458 966 2504 est.

159 2539 407 2594 Audiant
444 2539 569 2608 quia
600 2540 863 2610 propheta
895 2540 1066 2595 lsaias
1097 2541 1267 2596 dicit:
1308 2541 1515 2612 Rapina
1553 2557 1686 2611 pan-

86 2628 231 2698 peris
264 2629 319 2682 in
358 2628 743 2694 domo‘vestru,
801 2640 849 2684 et
891 2647 1054 2685 causa
1080 2632 1248 2686 vidum
1271 2649 1373 2686 non
1395 2631 1687 2702 ingreditur

89 2721 162 2774 ad
185 2736 277 2775 eos
302 2718 436 2790 (Isa.
466 2737 505 2784 ι,
533 2720 641 2792 ιιι),
663 2730 711 2775 et
738 2721 970 2792 lacrynta
1005 2722 1177 2776 vidum
1200 2738 1361 2793 usque
1389 2722 1458 2775 ad
1499 2719 1687 2775 maxil-

88 2813 200 2866 lam
237 2813 537 2878 descendit;
576 2822 624 2868 et
661 2813 918 2868 Dominus
957 2830 1061 2868 non
1094 2812 1439 2868 delectabitur
1488 2813 1544 2867 in
1578 2811 1685 2866 illis

84 2901 290 2970 (Eccli.
324 2900 512 2971 xxxv).

161 2991 412 3045 Audiant
452 2991 577 3062 quia
621 2991 673 3046 in
723 2990 877 3060 cujus
917 2992 1077 3048 domo
1119 2992 1305 3064 rapina
1334 3000 1442 3058 est,
1483 2993 1597 3048 sive
1628 2993 1682 3049 in

87 3081 261 3136 domo
291 3082 557 3151 corporis,
589 3081 704 3139 sive
727 3083 779 3137 in
802 3082 962 3137 domo
984 3082 1302 3146 mansionis,
1330 3098 1437 3137 non
1471 3083 1686 3138 habitat

89 3173 149 3227 in
185 3171 279 3226 illa
304 3148 466 3227 domo
492 3171 726 3241 Spiritus
751 3181 990 3237 sanctus,
1013 3173 1107 3229 sed
1139 3173 1361 3243 spiritus
1395 3173 1681 3244 malignus.
1710 3148 1755 3212 (ἶ

87 3261 158 3315 Ει
182 3261 236 3317 si
270 3263 481 3317 accedit
507 3263 573 3318 ad
597 3263 1029 3319 communionem
1062 3263 1307 3333 corporis
1329 3272 1388 3319 et
1408 3264 1688 3335 sanguinis

87 3353 303 3410 Christi
347 3363 475 3409 ante
516 3354 732 3425 dignam
778 3355 1238 3422 satisfactionem,
1265 3370 1372 3410 non
1399 3357 1689 3413 mandatur

87 3460 196 3515 per
220 3445 369 3500 illam
396 3447 827 3502 communionem
853 3462 885 3500 a
909 3456 1151 3516 peccato,
1176 3448 1270 3503 sed
1298 3447 1528 3518 plenius,
1547 3448 1690 3504 sicut

86 3536 271 3592 ludas
302 3538 518 3607 quando
556 3538 610 3592 in
643 3552 799 3593 caena
826 3538 1021 3607 plenus
1071 3536 1258 3609 rapina
1303 3548 1361 3594 et
1403 3538 1689 3609 iniquitate

88 3633 509 3688 communicare
536 3632 878 3703 praesumpsit
905 3633 971 3687 de
997 3647 1159 3687 manu
1195 3631 1420 3697 Christi,
1447 3632 1692 3702 posside-

90 3733 191 3777 tur
240 3738 274 3777 a
319 3722 557 3789 diabolo,
603 3724 746 3779 unde
789 3732 845 3778 et
885 3738 1178 3792 suspensus
1213 3723 1425 3794 crepuit
1452 3723 1685 3779 medius.

88 3815 181 3868 Ad
208 3829 371 3883 quem
417 3828 583 3869 causa
622 3815 797 3870 vidua:
841 3830 946 3869 non
974 3814 1295 3885 ingreditur,
1336 3829 1437 3870 nec
1467 3815 1613 3885 ipse,
1640 3815 1687 3871 si

89 3905 264 3975 digne
283 3919 389 3960 non
410 3905 755 3973 satisfecerit,
784 3905 839 3961 in
864 3904 1137 3962 caelestem
1158 3904 1455 3962 Ecclesiam
1480 3906 1686 3961 intrare

91 3996 329 4051 valebit.

167 4085 408 4140 Andiant
453 4094 699 4157 raptores
744 4086 875 4158 quid
936 4086 1131 4142 iterum
1179 4087 1440 4157 propheta
1495 4088 1683 4143 dicat:

93 4176 208 4243 Qui
236 4178 518 4245 prcedaris,
546 4192 716 4232 nonne
740 4187 788 4231 et
815 4178 924 4247 ipse
949 4177 1265 4247 prmdaberis
1291 4177 1425 4247 (Isa.
1455 4179 1689 4251 xum)?

93 4268 365 4324 Videlicet
410 4270 538 4340 quia
581 4270 670 4325 ille
713 4270 805 4340 qui
852 4269 1124 4340 praedatur
1168 4284 1253 4324 res
1300 4286 1595 4341 pauperum
1634 4280 1690 4327 et

91 4359 457 4416 ecclesiarum
486 4376 551 4416 ac
579 4376 862 4417 servorum
883 4360 1004 4427 Dei,
1024 4361 1367 4430 depraedatur
1397 4376 1427 4415 a
1450 4360 1686 4427 diabolo,

98 4463 152 4509 et
186 4454 369 4523 praeda
402 4454 547 4510 illius
569 4455 650 4510 lit.

167 4566 413 4620 Audiant
458 4568 586 4637 quid
632 4575 853 4623 sanctus
894 4568 1184 4639 Apostolus
1215 4568 1379 4635 dicat,
1407 4583 1505 4640 per
1526 4583 1688 4639 quem

91 4657 318 4711 locutus
365 4665 452 4713 est
496 4657 769 4723 Christus,
810 4667 867 4714 et
914 4660 1006 4728 qui
1047 4673 1234 4731 raptus
1279 4659 1380 4715 fuit
1418 4676 1589 4731 usque
1619 4660 1689 4715 ad

94 4750 326 4803 tertium
356 4748 588 4815 omium,
635 4758 692 4804 et
728 4750 819 4820 qui
856 4758 1041 4820 raptus
1070 4750 1172 4805 fuit
1197 4752 1248 4805 in
1274 4752 1607 4821 paradisum,
1636 4757 1693 4805 et

91 4841 315 4895 audivit
343 4841 468 4896 talia
496 4850 708 4899 secreta
734 4841 922 4905 verba,
955 4857 1075 4912 quae
1103 4858 1207 4897 non
1236 4842 1431 4899 licebat
1459 4841 1691 4900 homini-

91 4932 198 4986 bus
225 4930 411 5001 loqui;
461 4934 533 4988 ait
561 4946 837 5000 namque:
875 4931 1011 4996 Quia
1034 4950 1196 5004 neque
1230 4951 1473 5004 rapaces,
1529 4948 1693 5004 neque

90 5023 414 5085 homicida,
456 5040 622 5097 neque
662 5022 892 5075 adulteri
934 5039 1148 5093 regnum
1203 5023 1302 5079 Dei
1357 5024 1703 5096 possidebunt

95 5113 151 5185 (Ι
182 5115 311 5169 Cor.
337 5115 429 5185 γι).
476 5118 569 5174 llle
606 5114 856 5171 intendat
899 5115 1057 5183 quale
1097 5126 1468 5189 quantumque
1506 5131 1696 5192 pecca-

1781 1895 1922 1952 Ecce
1948 1896 2015 1951 de
2042 1910 2336 1967 pauperum
2365 1895 2691 1967 raptoribus.

1853 1990 1987 2062 (12,
2022 2006 2078 2061 q.
2106 1991 2142 2046 2
2163 2031 2179 2056 ,
2206 2007 2255 2047 c.
2294 1990 2391 2063 6.)
2423 1990 2659 2046 Audiant
2695 1999 2944 2061 raptores
2976 1998 3031 2046 et
3066 1988 3361 2062 praedones

1781 2096 1964 2137 rerum
2026 2081 2522 2137 ecclesiasiicarum
2580 2084 2725 2151 quod
2785 2089 3007 2137 sanctus
3065 2079 3362 2135 Anacletus

1781 2188 1919 2244 papa
1972 2175 2041 2227 ab
2093 2172 2209 2244 ipso
2259 2172 2421 2227 Petro
2470 2171 2716 2242 apostolo
2763 2170 3051 2242 presbyter
3075 2171 3360 2225 ordinatus

1783 2281 1905 2322 cum
1966 2265 2133 2320 totius
2189 2265 2374 2319 mundi
2426 2264 2801 2320 sacerdotibus
2859 2262 3169 2331 judicavit;
3228 2260 3360 2315 dicit

1781 2371 2059 2428 namque:
2121 2355 2223 2424 Qui
2275 2355 2559 2412 abstulerit
2610 2354 2811 2425 aliquid
2862 2353 3005 2424 patri
3058 2352 3144 2407 vel
3198 2351 3359 2406 matri

1782 2445 2067 2502 homicidae
2114 2447 2385 2517 particeps
2433 2454 2537 2501 est.
2586 2444 2751 2500 Pater
2794 2451 2979 2501 noster
3028 2442 3147 2499 sine
3193 2440 3361 2498 dulfto

1784 2537 1927 2593 Deus
1958 2548 2071 2602 est,
2102 2538 2195 2607 qui
2231 2552 2329 2594 nos
2363 2537 2613 2593 creavit:
2656 2547 2832 2593 mater
2864 2552 2996 2592 vero
3032 2544 3215 2591 nostra
3254 2535 3361 2589 Ec-

1784 2626 1983 2693 clesia,
2019 2642 2137 2696 qua:
2174 2641 2276 2682 nos
2310 2626 2365 2681 in
2400 2625 2669 2696 baptismo
2704 2626 3060 2697 regeneravit.
3095 2624 3234 2696 Ergo
3266 2623 3360 2695 qui

1783 2716 1985 2775 Christi
2017 2719 2275 2790 pecunias
2308 2728 2364 2774 et
2387 2718 2643 2774 Ecclesia:
2671 2719 2831 2789 rapit,
2865 2718 2948 2774 vel
2978 2718 3228 2783 fraudat,
3259 2718 3361 2772 ho-

1784 2810 1980 2865 micida
2018 2818 2138 2875 est,
2176 2820 2341 2881 utque
2374 2809 2645 2865 homicida
2680 2818 2806 2864 ante
2843 2817 3191 2880 conspectum
3228 2807 3362 2878 justi

1784 2901 1988 2959 Judicis
2010 2902 2369 2974 deputabitur.
2394 2901 2494 2970 Qui
2519 2902 2660 2974 rapit
2683 2902 2964 2972 pecuniam
2989 2901 3217 2972 proximi
3244 2903 3365 2967 sui,

1785 2994 2124 3065 iniquitatem
2164 3005 2461 3065 operatur:
2496 2994 2587 3064 qui
2627 3004 2808 3049 autem
2843 2994 3126 3065 pecuniam
3160 2992 3244 3047 vel
3279 3007 3365 3049 res

1785 3088 2040 3144 Ecclesia:
2066 3087 2384 3154 abstulerit,
2417 3086 2761 3158 sacrilegium
2792 3086 2953 3152 facit,
2984 3096 3039 3141 et
3068 3094 3126 3140 ut
3148 3085 3362 3141 sacrile-

1786 3194 1886 3250 gus
1907 3178 2230 3249 judicandus
2257 3187 2358 3233 est.
2393 3177 2496 3249 (17
2514 3218 2530 3244 ,
2558 3193 2617 3248 q.
2644 3177 2679 3230 4
2697 3217 2714 3243 ,
2742 3192 2795 3232 c.
2824 3178 2911 3233 l8.
2935 3176 2955 3247 )
2984 3177 3115 3231 ltem
3146 3184 3368 3231 sanctus

1788 3269 2043 3325 Urbanus
2067 3284 2205 3338 papa
2231 3278 2288 3324 et
2309 3280 2517 3339 martyr
2544 3285 2557 3320 :
2583 3267 2693 3323 Res
2712 3277 2769 3323 et
2795 3267 3082 3323 facultates
3106 3268 3364 3325 Ecclesia:

1787 3356 2090 3414 oblationes
2124 3358 2481 3428 appellantur,
2521 3357 2647 3426 quia
2685 3358 2914 3412 Domino
2946 3356 3270 3422 oll‘eruntur,
3307 3367 3366 3414 et

1786 3457 1909 3505 vota
1945 3456 2073 3503 sunt
2103 3447 2375 3514 ﬁdelium,
2404 3457 2460 3502 et
2488 3447 2662 3517 pretia
2702 3455 3052 3517 peccatorum
3071 3486 3087 3512 ,
3118 3456 3173 3502 et
3202 3448 3357 3518 patri-

1786 3541 1971 3597 monia
2008 3556 2325 3612 pauperum.
2381 3540 2439 3596 Si
2488 3540 2610 3611 quis
2656 3539 2746 3595 illa
2795 3541 3072 3611 rapuerit,
3121 3556 3248 3595 reus
3285 3550 3366 3597 εει

1789 3630 2152 3687 damnationis
2176 3631 2397 3686 Ananiae
2418 3640 2475 3686 ct
2500 3630 2810 3701 Sappbirte,
2845 3639 2902 3685 et
2930 3639 3146 3700 oportet
3183 3629 3360 3699 hujus

1788 3721 1932 3776 modi
1968 3721 2106 3776 tradi
2136 3720 2351 3777 Satanae
2370 3762 2385 3789 ,
2416 3730 2476 3777 ut
2504 3722 2729 3791 spiritus
2757 3722 2941 3778 salvus
2969 3722 3042 3777 sit
3068 3722 3122 3777 in
3144 3722 3232 3777 die
3261 3723 3366 3778 Do-

1790 3811 1939 3866 mini.
1978 3810 1997 3883 (
2023 3811 2110 3877 17,
2141 3825 2195 3881 q.
2226 3810 2295 3878 4,
2327 3826 2376 3867 c.
2409 3810 2507 3882 5.)
2545 3811 2677 3867 ltem
2708 3819 2930 3868 sanctus
2954 3810 3154 3868 Lucius
3182 3826 3319 3882 papa
3350 3830 3366 3866 :

1788 3900 1993 3957 Rerum
2039 3902 2534 3959 ecclesiasticarum
2581 3911 2639 3959 et
2670 3903 2988 3961 facultatum
3024 3916 3303 3977 raptores,
3340 3921 3375 3961 a

1788 3996 2065 4054 liminibus
2097 4008 2300 4054 sancta:
2336 3998 2590 4065 Ecclesia:
2626 4002 3118 4058 anathematizatos
3156 4012 3376 4074 aposto-

1788 4086 1893 4144 lica
1920 4092 2249 4147 auctoritate
2273 4091 2527 4162 pellimus
2555 4099 2611 4147 et
2632 4092 2953 4149 damnamus
2971 4133 2986 4159 ,
3017 4103 3177 4165 atque
3205 4096 3377 4151 sacri-

1791 4179 1943 4252 leges
1969 4197 2090 4239 esse
2110 4182 2459 4252 judicamus;
2488 4191 2545 4237 et
2570 4197 2675 4237 non
2705 4185 2879 4239 solum
2910 4201 3036 4251 eos,
3074 4188 3167 4242 sed
3207 4189 3374 4243 etiam

1792 4287 1984 4328 onmes
2041 4273 2464 4337 consentientes,
2500 4275 2628 4345 quia
2667 4291 2772 4331 non
2815 4276 2989 4331 solum
3023 4279 3115 4347 qui
3164 4278 3373 4334 faciunt

1792 4365 1869 4418 rei
1888 4364 2221 4434 jndicantur,
2247 4366 2338 4422 sed
2359 4368 2522 4422 etiam
2550 4367 2640 4437 qui
2668 4367 2993 4425 facientibus
3024 4372 3375 4426 consentiunt

1794 4457 1812 4529 (
1835 4456 1986 4512 Rom.
2016 4457 2068 4529 ι)
2101 4477 2115 4511 :
2154 4474 2259 4529 par
2286 4459 2432 4512 enim
2459 4472 2618 4529 poena
2645 4469 2868 4530 agentes
2890 4468 2946 4517 et
2975 4462 3378 4518 consentientes

1791 4551 2224 4621 comprehendit.
2723 4545 2760 4571 ⁶

1865 4642 1934 4698 Ει
1951 4652 2172 4699 sanctus
2192 4644 2527 4715 Augustinus
2548 4647 2602 4701 in
2626 4661 2879 4703 sermone
2897 4647 3174 4721 Evangelii
3198 4651 3377 4705 sancti

1792 4732 2016 4789 Joannis
2045 4736 2065 4805 (
2087 4744 2242 4789 tract.
2271 4733 2340 4789 50
2365 4736 2384 4807 )
2415 4738 2490 4794 ita
2518 4736 2650 4791 dicit
2679 4754 2693 4791 :
2726 4737 2836 4793 Fur
2860 4741 3158 4810 sacrilegus
3182 4739 3390 4796 loculo-

1794 4840 1915 4879 rum
1963 4842 2241 4883 sacrorum
2283 4837 2341 4880 et
2389 4826 2789 4886 dominicorum
2830 4840 2915 4886 est
2950 4831 3158 4888 ludas:
3200 4838 3259 4886 et
3298 4831 3394 4899 qui

1793 4913 1999 4986 aliquid
2033 4917 2100 4972 de
2129 4915 2373 4973 Ecclesia
2424 4923 2635 4978 furatur
2666 4926 2726 4971 et
2762 4921 2935 4989 rapit,
2978 4921 3132 4977 ludas
3177 4920 3399 4990 perdito

1796 5017 2167 5079 comparatur.
2202 5007 2343 5062 Item
2381 5012 2449 5071 in
2478 5007 2650 5069 sacris
2673 5012 2974 5069 canonibus
2996 5028 3029 5068 a
3055 5020 3247 5067 sancto
3284 5008 3409 5078 Spi—

1798 5098 1911 5155 ritu
1939 5102 2159 5159 dictatis
2180 5142 2197 5165 ,
2234 5107 2291 5153 et
2313 5098 2550 5167 Christi
2578 5099 2840 5167 sanguine
2871 5102 3207 5165 conﬁrmatis
3238 5101 3414 5168 scrip-
