3916 5434
499 321 603 379 867

1530 306 1783 366 CAROLI
1830 304 2031 361 CALVI
2069 302 2501 361 FRANCORUM
2544 303 2747 359 REGIS

499 437 661 493 debet
705 431 832 505 quid
878 430 1166 485 anathema
1195 425 1302 492 sit;
1347 431 1404 479 et
1441 437 1512 478 ne
1557 423 1870 491 desperent,
1912 426 2090 471 osten-
2118 421 2167 480 Α
2197 417 2527 483 mandastis,
2553 417 2597 471 si
2624 416 2774 471 illum
2800 416 2872 471 ab
2898 430 2996 471 nos
3023 414 3239 471 trahere
3265 422 3327 472 ut
3351 414 3507 471 vobis
3536 415 3788 472 obediret

501 528 628 581 dere
651 523 810 578 debet
832 517 1068 591 quandin
1097 518 1256 571 duret
1283 514 1605 577 anathema,
1636 511 1688 566 id
1722 518 1805 564 est
1840 506 2083 577 quandiu

500 616 729 687 quisque
752 624 996 669 errorem
1025 623 1135 664 non
1163 607 1420 676 corrigit,
1446 613 1504 659 et
1525 604 1684 675 digna
1709 599 2085 657 satisfactione

499 721 607 762 non
632 703 916 765 emendat,
947 709 1009 755 ut
1050 696 1551 754 reconciliationem
1593 702 1648 749 et
1690 689 2085 762 indulgentiam

498 793 679 851 valeat
704 781 1033 863 promereri.
1076 787 1133 842 Si
1162 786 1289 857 quis
1328 801 1459 840 vero
1496 791 1622 838 ante
1659 779 2084 837 satisfactionem

498 893 552 941 et
578 878 1038 938 reconciliationis
1065 874 1457 947 indulgentiam
1484 873 1537 927 in
1560 870 1802 942 peccatis
1826 870 1941 925 suis
1966 876 2087 937 p‘cr-

499 988 756 1031 severans
785 979 1034 1026 mortuus
1060 967 1256 1031 fuerit,
1298 964 1412 1035 jam
1435 964 1723 1019 anathema
1766 970 2085 1031 perpetuum

498 1067 572 1122 illi
601 1067 705 1121 erit
732 1072 790 1119 et
815 1071 1103 1133 peccatum
1135 1059 1202 1114 ad
1235 1066 1464 1113 mortem
1486 1096 1501 1123 ,
1533 1072 1633 1125 pro
1664 1070 1773 1126 quo
1806 1069 1912 1108 non
1960 1053 2092 1108 dicit

498 1155 773 1229 apostolus
799 1160 862 1208 ut
882 1158 1069 1208 oretur
1102 1148 1151 1220 (Ι
1172 1147 1340 1203 Joau.
1370 1163 1401 1199 v
1425 1145 1466 1217 ).
1502 1145 1611 1201 Sed
1633 1153 1689 1199 et
1713 1144 1891 1213 plura,
1919 1141 1965 1197 si
1996 1155 2089 1196 ne-

498 1258 654 1302 resse
685 1243 846 1297 fuerit
871 1281 887 1309 ,
931 1239 1226 1310 episcopus
1262 1235 1493 1306 quisque
1529 1233 1783 1304 colligere
1819 1241 1875 1287 et
1909 1230 2090 1286 dicere

498 1331 838 1405 procurabit.

1060 1435 1393 1495 EPISTOLA
1434 1413 1534 1490 ιη’

874 1567 1067 1608 αλιιοιι
1100 1565 1166 1604 AD
1192 1562 1461 1604 NICOLAUI
1492 1560 1664 1599 ΡΛΡΛΜ
1698 1559 1737 1597 Ι.

505 1666 678 1723 Paulo
718 1674 841 1721 ante
874 1664 1132 1735 synodum
1176 1659 1604 1735 Suessiouensem
1639 1656 1866 1735 scripta,
1904 1661 1960 1734 ut
1990 1651 2099 1735 Ec-

577 1738 790 1792 clesium
824 1727 1207 1790 Bit'uricensem
1253 1729 1483 1799 Vulfado
1520 1727 1727 1781 interim
1767 1727 2091 1779 committere

576 1808 754 1863 liceat.

779 1920 976 1993 [Apud
1004 1917 1279 1974 Labbeum
1308 1915 1460 1981 ibid.,
1485 1930 1612 1986 pag.
1641 1912 1765 1969 8H.
1790 1908 1811 1971 Ἰ

570 2031 929 2089 Sanctissimo
959 2037 1016 2084 et
1045 2025 1506 2083 reverendissimo
1534 2021 1681 2077 Patri
1709 2018 1933 2075 Nicolao
1953 2059 1968 2084 ,
1994 2032 2087 2074 ca-

502 2125 721 2203 tholica;
761 2132 925 2192 atque
957 2117 1267 2191 apostolicae
1303 2116 1446 2171 sedis
1483 2127 1700 2170 summo
1727 2108 1999 2181 pontilici,
2032 2116 2089 2164 et

500 2198 789 2271 universali
816 2226 990 2283 papae,
1012 2208 1267 2265 Canows
1295 2206 1468 2277 gratia
1502 2203 1595 2260 Dei
1630 2216 1722 2257 rex
1748 2209 1804 2257 et
1829 2198 2088 2270 spiritalis

499 2306 642 2361 illius
671 2314 872 2360 vester.

567 2397 933 2484 Sanctitatem
966 2390 1310 2464 paternitatis
1335 2396 1529 2445 vestrze
1561 2385 1605 2441 si
1633 2382 1873 2456 quotidie
1898 2396 2089 2452 corpo-

500 2477 601 2543 rali
636 2486 926 2558 presentize
946 2527 960 2550 ,
990 2484 1156 2540 veluti
1187 2482 1384 2537 mentis
1413 2487 1634 2551 aspectu
1653 2519 1668 2543 ,
1699 2477 1882 2531 videre
1912 2488 2089 2529 mere-

500 2595 703 2643 remur,
747 2577 1027 2646 multiplici
1069 2576 1180 2631 imo
1222 2572 1481 2629 inell’ubili
1528 2570 1726 2643 gaudio
1754 2567 2083 2628 lactaremur,

498 2679 552 2725 et
571 2684 732 2740 quem
755 2668 1051 2724 visceribus
1080 2665 1246 2720 animi
1275 2662 1678 2734 amplectimur,
1704 2657 1894 2714 humili
1926 2657 2090 2713 devo-

500 2771 661 2832 toque
705 2760 1100 2831 stringeremus
1138 2756 1409 2826 amplexu.
1455 2753 1564 2808 Sed
1596 2751 1721 2823 quia
1756 2758 1815 2803 ut
1844 2748 2091 2817 cupimus

497 2852 675 2923 spatia
706 2858 975 2904 terrarum
1001 2847 1055 2902 id
1082 2845 1264 2901 facere
1291 2845 1586 2913 denegant,
1617 2848 1777 2895 nacta
1804 2837 2092 2893 occasione

501 2943 571 2996 ad
620 2939 1011 2996 sublimitatem
1067 2933 1374 2991 sanctitatis
1422 2940 1617 2985 vestra:
1668 2942 1810 2998 saepe
1859 2927 2094 2997 dirigere

497 3040 775 3102 optamus,
809 3037 872 3083 ut
898 3026 1086 3082 saltem
1112 3023 1368 3079 aﬂ'amine
1394 3022 1699 3076 litterarum
1724 3018 2092 3088 colloquentes

503 3119 800 3178 certilicari
841 3119 908 3174 de
939 3125 1129 3172 sancta
1159 3115 1419 3186 sospitate
1448 3120 1626 3167 vestra
1658 3124 1988 3174 mereamur,
2021 3108 2087 3162 de
2117 3122 2160 3187 ρ

499 3228 607 3282 qua
633 3209 787 3266 multi
816 3209 939 3264 aliis
965 3224 1029 3264 ex
1057 3207 1305 3278 partibus
1336 3205 1487 3260 varia
1514 3202 1825 3258 nuntiantes
1852 3215 1949 3256 nos
1977 3210 2085 3254 ter-

500 3317 625 3358 rere
653 3316 761 3357 non
793 3307 1031 3356 cessant.
1062 3296 1179 3352 Non
1209 3296 1355 3350 enim
1387 3294 1598 3349 modico
1627 3291 1934 3346 laetaremur
1955 3303 2084 3359 gau-

499 3394 609 3458 dio,
638 3392 685 3447 si
722 3391 958 3461 aliquem
1000 3397 1313 3444 vestrorum
1354 3387 1420 3441 de
1460 3384 1615 3439 vobis
1652 3395 1910 3454 prospera
1950 3396 2086 3435 utm-

501 3486 725 3539 tiantcm
751 3481 1064 3551 frequenter
1085 3478 1473 3548 reciperemus.
1492 3475 1558 3528 Et
1579 3473 1705 3543 quia
1730 3471 1886 3527 nobis
1909 3478 2088 3524 tantas

500 3577 706 3647 gratias
746 3574 814 3629 de
834 3571 1147 3643 receptione
1186 3568 1347 3623 unius
1387 3564 1634 3629 refertis,
1677 3576 1838 3634 quem
1882 3575 1987 3614 non
2029 3566 2089 3613 ut

499 3667 771 3722 voluimus
790 3705 805 3730 ,
837 3663 932 3718 sed
960 3670 1020 3715 ut
1051 3669 1178 3714 tunc
1209 3667 1424 3726 tempus
1454 3653 1719 3718 dictavit,
1750 3666 1849 3722 pro
1879 3650 2088 3705 honore

500 3763 556 3811 et
581 3769 769 3809 amore
798 3759 985 3807 vestro
1015 3747 1356 3818 suscepimus
1374 3786 1388 3809 ,
1418 3751 1704 3814 appareret
1733 3738 1905 3808 major
1931 3738 2092 3792 devo-

503 3851 614 3916 tio,
646 3849 693 3903 si
725 3861 868 3917 smpe
905 3847 1010 3900 hoc
1051 3858 1211 3914 agere
1250 3840 1608 3909 contingeret.
1652 3834 1787 3890 Nam
1827 3833 1872 3890 si
1894 3873 1909 3897 ,
1946 3831 2089 3904 quod

504 3949 774 4011 optamus,
803 3945 859 3991 et
884 3935 1029 4006 quod
1057 3934 1201 3989 Deus
1226 3931 1572 3999 omnipotens
1597 3942 1694 3983 sua
1717 3923 2089 3981 misericordia

505 4032 798 4095 concedat,
822 4028 1197 4085 celsitudinem
1241 4023 1551 4080 sanctitatis
1582 4028 1778 4075 vestrae
1800 4017 2090 4088 aliquando

504 4123 606 4177 has
645 4121 699 4174 in
739 4128 922 4189 partes
962 4118 1225 4186 recipere,
1254 4114 1341 4170 vel
1380 4111 1489 4168 illic
1517 4111 1704 4165 videre
1731 4121 2088 4170 mererentur,

516 4225 648 4271 tunc
675 4229 802 4269 vere
840 4210 1239 4284 coguosceretis
1282 4223 1444 4278 quam
1468 4204 1645 4261 devoti
1671 4213 1727 4258 et
1753 4201 1939 4257 ﬁdeles
1964 4214 2092 4271 erga

513 4322 613 4363 vos
651 4306 1057 4372 Ecclesiamque
1101 4300 1254 4355 vobis
1293 4316 1322 4352 a
1365 4299 1474 4352 Deo
1515 4296 1862 4352 commissam
1905 4294 2093 4347 existi-

515 4412 657 4453 ntus.
698 4395 933 4451 Omnino
973 4392 1117 4446 enim
1166 4390 1307 4444 sicut
1344 4386 1634 4457 specialem
1666 4393 1875 4455 patrem
1910 4383 2091 4437 divina

510 4486 792 4557 dispositio
821 4498 917 4538 vos
965 4479 1259 4535 universali
1305 4477 1563 4532 Ecclesiae
1602 4490 1713 4529 sua:
1758 4474 2083 4544 praeposuit,
2114 4473 2166 4532 D

508 4581 583 4631 ita
624 4574 935 4645 specialiter
974 4571 1027 4624 in
1060 4558 1327 4622 clm’ritatc
1356 4565 1557 4621 Christi
1584 4572 1826 4619 sanctam
1854 4563 2095 4632 paterni-

510 4675 675 4720 tatem
717 4670 956 4717 vestram
999 4658 1293 4727 diligimus,
1341 4666 1503 4724 atque
1542 4652 1718 4707 sacris
1757 4650 2091 4719 jussionihus

508 4755 706 4811 vestris
750 4752 972 4809 obedire
1017 4747 1410 4803 desideramus.
1462 4743 1617 4811 Quod
1664 4742 1808 4797 enim
1856 4757 1886 4794 a
1937 4741 2092 4796 vobis

509 4843 848 4914 praecipitur,
878 4838 1146 4910 sapientia
1168 4845 1222 4891 et
1246 4833 1726 4904 pictate’muuitur.
1755 4829 2095 4901 Quapropter

512 4934 628 4970 Imm
654 4931 1061 4970 mucidum-tm
1101 4925 1360 4970 nnidnnid
1404 4937 1574 4970 numer
1612 4931 1792 4970 vestra
1835 4924 2097 4970 sanctitas

2188 523 2295 563 non
2325 507 2660 571 valeremus,
2692 507 2925 562 sollicite
2951 521 3273 562 caveremus
3309 523 3380 563 ne
3417 508 3539 577 ipse
3577 524 3687 565 nos
3722 512 3786 567 ad

2187 613 2247 654 se
2293 598 2507 654 trahere
2546 599 2961 669 quibuscunque
2999 599 3210 654 valeret
3253 601 3649 670 argumentis,
3686 618 3789 672 quo

2188 698 2281 746 aut
2328 705 2397 744 ne
2443 691 2596 746 vobis
2640 691 2889 746 obediret
2931 691 3198 747 fautorem
3241 708 3341 748 nos
3382 693 3661 759 haberet,
3701 705 3789 751 aut

2188 790 2379 838 contra
2421 791 2754 837 memoratos
2791 782 3049 851 dejectos.
3076 784 3319 838 animum
3353 793 3618 840 nostrum
3647 800 3789 842 eont-

2189 882 2470 929 moveret:
2501 882 2725 929 econtra
2762 874 2965 929 obnixe
3001 890 3319 944 precamur,
3360 884 3423 930 ut
3466 877 3628 931 nullo
3669 893 3789 932 sua—

2189 965 2351 1022 dente
2394 966 2801 1021 consentientes
2841 967 2985 1035 (ιυοά
3020 982 3118 1021 vos
3147 981 3311 1038 agere
3335 982 3441 1037 pro
3471 983 3672 1024 amore
3696 968 3785 1025 Dei

2189 1058 2431 1128 cmpistis
2460 1057 2781 1123 dimittatis,
2805 1067 2862 1113 et
2888 1058 3034 1127 quod
3060 1072 3159 1114 nos
3181 1073 3283 1128 pro
3309 1058 3571 1127 iussione
3612 1071 3783 1115 vestra

2190 1147 2443 1214 facimus,
2473 1148 2539 1202 ad
2562 1148 2910 1219 opprobrium
2936 1156 2992 1203 et
3014 1148 3402 1204 contumeliam
3429 1151 3662 1204 evenire
3686 1166 3783 1206 nea

2190 1240 2382 1310 possit.
2428 1239 2678 1304 Etenim,
2728 1238 2869 1293 sicut
2897 1238 3179 1307 iussistis,
3219 1240 3557 1296 celebraturi
3607 1256 3784 1296 sumus

2194 1330 2459 1401 synodum
2502 1344 2572 1383 xv
2616 1327 2885 1383 Kalendas
2930 1328 3317 1399 Septembres,
3355 1332 3414 1411 in
3460 1347 3574 1402 qua
3601 1347 3783 1386 omnes

2194 1419 2433 1489 episcopi
2455 1427 2511 1474 et
2534 1417 2718 1473 fideles
2741 1418 2891 1490 regni
2919 1421 3092 1475 nostri
3112 1423 3290 1492 parati
3320 1431 3452 1477 sunt
3482 1423 3539 1476 in
3569 1433 3782 1478 restau-

2195 1512 2408 1568 ratione
2435 1512 2819 1581 praedictorum
2846 1514 3177 1585 deiectorum
3200 1514 3541 1569 unanimiter
3560 1514 3779 1582 adesse,

2195 1614 2252 1661 ct
2280 1604 2426 1675 quod
2451 1605 2749 1661 mandastis
2771 1606 3052 1677 perficere,
3076 1608 3355 1677 vestrique
3381 1608 3555 1662 etiam
3578 1621 3779 1678 partem

2198 1696 2430 1754 salvare.
2455 1697 2523 1752 Et
2566 1712 2635 1753 ne
2681 1698 2955 1754 miremini
2992 1714 3162 1770 quare
3204 1716 3353 1757 nunc
3380 1700 3673 1756 sanctitati
3697 1715 3780 1755 ve-

2114 1771 2164 1832 Β
2196 1798 2324 1846 stt-ae
2354 1790 2480 1843 talia
2499 1829 2514 1856 ,
2546 1799 2601 1844 et
2628 1804 2727 1858 per
2758 1789 2890 1845 tales
2918 1790 3116 1847 missos
3154 1792 3538 1858 inculcamus,
3563 1792 3695 1846 dum
3712 1791 3779 1847 si-

2191 1881 2339 1937 milia
2366 1881 2551 1947 vobis,
2582 1890 2868 1951 postquam
2897 1881 2965 1937 ad
3000 1898 3102 1940 nos
3131 1884 3391 1949 misistis,
3423 1898 3530 1954 per
3565 1884 3775 1939 Ericen

2192 1972 2468 2027 hominem
2510 1972 2817 2028 cbarissimi
2866 1974 3079 2044 nepotis
3108 1976 3286 2030 nostri
3312 1974 3583 2030 Ludovici
3616 1974 3773 2045 iupe-

2192 2062 2389 2118 ratoris
2420 2064 2836 2131 mandavimus;
2864 2081 2934 2120 ne
2958 2080 3057 2135 pro
3083 2066 3268 2136 aliqua
3312 2066 3545 2122 levitate
3580 2067 3773 2122 factum

2190 2164 2248 2210 et
2274 2156 2639 2211 inconstantia
2663 2157 2831 2211 animi
2856 2158 3160 2228 deputetis,
3190 2159 3438 2214 breviter
3469 2159 3632 2214 vobis
3667 2160 3774 2214 inti-

2190 2246 2478 2302 mabimus.
2514 2246 2775 2302 Rudolfus
2800 2247 3153 2304 Bituricensis
3179 2248 3446 2304 Ecclesia:
3476 2249 3773 2318 archiepiso

2191 2354 2358 2410 copus
2389 2354 2561 2410 nuper
2589 2324 2876 2395 defunctus
2904 2348 2988 2396 est
3007 2380 3023 2405 ,
3050 2349 3105 2395 et
3126 2341 3242 2412 ipsa
3268 2340 3523 2396 Ecclesia
3552 2322 3769 2411 sapic-ti

2191 2442 2247 2488 et
2275 2444 2499 2489 strenuo
2527 2431 2780 2503 virilique
2816 2442 3033 2503 pastore
3073 2434 3313 2504 indiget,
3363 2443 3596 2504 propter
3641 2448 3768 2503 quo.

2193 2526 2438 2581 rumdam
2465 2525 2742 2582 levitatem
2768 2540 2979 2580 morum
2998 2566 3014 2591 ,
3046 2533 3103 2580 et
3129 2526 3563 2582 inconstantiam
3606 2527 3764 2596 ipsius

2192 2616 2385 2687 gentis.
2423 2616 2573 2672 Unde
2598 2615 2827 2671 consilio
2849 2624 3074 2687 accepto
3098 2632 3293 2673 omnes
3334 2618 3579 2688 episcopi
3624 2627 3681 2672 et
3715 2618 3770 2671 ﬁ-

2194 2708 2344 2764 dcles
2384 2708 2536 2779 regni
2578 2708 2785 2772 nostri,
2822 2709 3045 2779 ipsaque
3070 2710 3236 2765 etiam
3265 2711 3558 2776 ditecesis,
3585 2710 3767 2765 omni.

2195 2800 2356 2854 miter
2404 2799 2460 2854 in
2507 2799 2776 2857 electione
2819 2802 3063 2870 prmdicli
3094 2800 3308 2857 Vulfadi
3359 2811 3766 2857 consenserunt.

2193 2890 2328 2945 Nam
2359 2891 2405 2947 si
2433 2891 2583 2948 illum
2612 2891 2774 2948 talem
2802 2908 2909 2947 non
2941 2894 3267 2950 haberemus
3293 2895 3348 2949 in
3377 2909 3549 2966 regno
3575 2906 3766 2956 omne,

2194 2984 2490 3040 trahendus
2516 2992 2663 3040 esset
2686 2999 2755 3040 ex
2794 2985 2929 3049 alio,
2956 2994 3179 3057 propter
3204 2987 3507 3041 maximam
3550 2989 3769 3043 accessio

2197 3085 2365 3132 tatem
2407 3076 2577 3147 ipsius
2618 3076 2740 3133 loci.
2792 3077 3023 3132 Maxime
3064 3086 3282 3141 tamen,
3332 3079 3465 3149 quia
3512 3094 3767 3134 commen-

2195 3168 2438 3224 Javimus
2481 3169 2658 3239 ipsum
2698 3182 2949 3240 regnum,
2973 3168 3256 3239 ipsamque
3285 3169 3618 3234 Ecclesiam,
3649 3170 3764 3224 dile-

2192 3261 2444 3317 ctissimo
2488 3260 2599 3317 lilio
2649 3268 2945 3330 nostroque
2987 3261 3285 3331 tequivoco,
3317 3261 3480 3330 cujus
3504 3262 3762 3317 infantiam

2191 3353 2692 3422 infirmitatemque,
2725 3367 2848 3422 qua:
2881 3353 2929 3407 ei
2952 3354 3193 3423 peccatis
3218 3355 3426 3409 nostris
3453 3355 3761 3409 merentibus

2191 3442 2413 3506 accidit,
2430 3442 2860 3507 considerantes,
2876 3457 2983 3497 non
3012 3443 3292 3513 potuimus
3313 3443 3761 3512 recuperationem

2192 3531 2424 3589 similem
2445 3532 2705 3601 reperire.
2730 3530 2836 3586 Sed
2858 3532 2986 3602 quia
3015 3533 3256 3587 nondum
3285 3527 3341 3586 in
3365 3531 3556 3587 futura
3582 3535 3761 3603 synodo

2192 3636 2358 3676 causa
2385 3637 2497 3676 suae
2523 3621 2886 3677 restitutionis
2913 3621 3135 3676 definita
3163 3632 3304 3687 erat,
3333 3623 3611 3679 noluimus
3631 3631 3761 3677 ante-

2192 3728 2353 3783 quam
2386 3728 2483 3767 vos
2511 3713 2941 3777 consuleremus,
2986 3715 3076 3768 cui
3101 3714 3285 3769 omnia
3323 3722 3515 3770 nostra
3544 3715 3759 3775 consilia,

2194 3820 2441 3871 uxorem,
2472 3805 2788 3875 prolemque
2829 3815 3094 3870 nostram,
3141 3820 3393 3875 regnum,
3422 3807 3763 3875 universaque

2194 3904 2377 3949 nostra
2399 3894 2811 3953 committinuts.
2843 3903 2898 3949 et
2927 3908 3025 3963 per
3052 3908 3152 3949 vos
3177 3894 3388 3948 sanctis
3426 3896 3763 3965 principibus-

2193 4002 2298 4058 que
2357 3988 2615 4058 apostolis
2646 4027 2661 4053 ,
2695 4003 2925 4057 quorum
2977 3995 3223 4042 tutamen
3287 3990 3542 4057 quotidie
3598 3990 3758 4058 implo-

2195 4093 2399 4141 ramus,
2453 4091 2793 4147 quorumque
2844 4075 3106 4130 auxilium
3164 4077 3359 4131 humili
3406 4078 3758 4147 deprecatione

2196 4170 2556 4241 deposcimus,
2613 4169 2722 4224 ullo
2785 4168 2943 4224 modo
3008 4168 3158 4222 illum
3216 4170 3497 4239 przedictze
3537 4168 3760 4223 Ecclesia

2196 4275 2533 4333 praeponere.
2568 4259 2776 4315 Idcirco
2803 4273 2946 4313 nunc
2972 4266 3080 4312 tam
3117 4257 3232 4312 cito
3257 4258 3323 4312 ad
3353 4268 3597 4313 vestram
3622 4256 3757 4311 remi-

2197 4357 2367 4411 simus
2401 4354 2771 4417 sanctitatem,
2808 4352 2933 4422 quia
2966 4365 3220 4406 veremur
3250 4367 3321 4406 ne
3347 4352 3539 4420 aliquo
3573 4350 3759 4420 ingenio

2196 4446 2470 4503 ordinatio
2494 4444 2639 4498 illius
2654 4444 2721 4497 ab
2743 4442 2925 4512 aliquo
2954 4441 3167 4496 dilatari
3190 4442 3382 4512 possit.
3404 4440 3757 4496 Penitusenim

2195 4544 2468 4598 dimittere
2517 4556 2617 4597 nec
2647 4541 2823 4605 decet,
2855 4553 2954 4594 nec
2986 4539 3197 4609 justum
3229 4546 3316 4591 est
3348 4555 3361 4589 :
3389 4552 3568 4605 neque
3596 4549 3680 4589 nos
3714 4543 3755 4584 et

2195 4633 2432 4703 episcopi
2483 4631 2655 4686 nostri
2696 4630 2814 4685 fieri
2849 4630 3116 4699 patiemur
3153 4635 3362 4681 tantam
3407 4627 3753 4682 auctoritatem

2197 4724 2479 4780 habentes.
2510 4723 2577 4777 Et
2603 4722 2724 4777 ideo
2755 4736 3029 4792 rogamus,
3053 4728 3113 4773 ut
3156 4719 3499 4773 auctoritate
3535 4717 3755 4772 sanctita-

2198 4819 2267 4873 tis
2323 4826 2539 4882 vcstrac,
2592 4830 2662 4868 ne
2688 4814 2778 4869 diu
2811 4820 2999 4867 contra
3049 4810 3441 4865 auctoritatem
3474 4807 3751 4864 canonicam

2200 4906 2417 4961 viduata
2448 4904 2705 4970 prmdicta
2731 4902 2973 4958 Ecclesia
3000 4909 3238 4965 maneat,
3267 4901 3447 4969 possit
3466 4897 3690 4954 ordinari
3714 4895 3753 4945 in
