3916 5434
69 297 183 353 869

1522 299 1883 357 EPISTOLAS
1895 341 1907 355 .

3253 307 3360 363 870

71 412 353 469 Fatemur
381 413 547 479 enim,
573 413 620 468 si
651 412 724 468 ita
745 414 912 469 vitam
956 414 1100 470 illius
1137 416 1546 484 eognovissetis,
1572 431 1667 470 ve—
1697 426 1744 481 Α
1772 416 1945 485 piens,
1977 424 2034 469 ut
2065 414 2391 474 an‘ectuosus
2418 425 2593 487 pater,
2622 432 2743 473 cum
2773 417 2896 473 aliis
2930 421 3231 490 aggregatis
3260 438 3356 476 ve-

72 504 179 557 luti
216 505 494 568 novimus,
545 503 648 557 etsi
696 502 786 558 ille
834 504 1017 570 nollet,
1050 520 1081 559 a
1126 506 1279 559 vobis
1318 505 1386 558 ad
1429 505 1674 561 ordinem

70 596 439 666 episcopatus
483 595 811 650 traheretur.
874 595 939 650 Et
996 596 1122 666 quia
1176 596 1336 652 talem
1380 597 1528 652 illum
1577 613 1677 653 no-

71 687 264 742 vimus
292 728 310 753 ,
360 686 455 742 ubi
516 679 751 741 maxima
810 688 1107 743 necessitas
1158 689 1311 759 regni
1342 689 1510 744 nostri
1575 690 1678 743 im-

72 777 305 843 minet,
356 776 688 834 constituere
732 778 1020 845 volumus,
1064 779 1174 834 imo
1221 779 1555 849 providentia
1593 779 1677 834 di-

69 868 233 931 vina,
286 868 407 922 sine
451 867 606 937 cujus
647 875 778 921 nutu
834 884 975 921 nunc
1011 867 1156 922 nullo
1204 868 1364 922 modo
1405 868 1676 923 credimus

68 957 378 1022 accidisse,
409 964 469 1012 ut
499 956 621 1012 talis
650 958 813 1012 homo
839 957 929 1011 tali
976 965 1381 1026 prrepoueretur
1409 956 1547 1020 loco,
1583 956 1676 1026 qui

66 1034 388 1103 secundum
439 1046 611 1103 Deum
657 1063 844 1119 regere
894 1056 1079 1118 posset
1123 1057 1179 1103 et
1225 1048 1408 1111 sciret,
1440 1046 1677 1101 maxima

71 1146 271 1193 tamen
296 1138 620 1193 strenuitate
646 1138 846 1193 laboris
870 1146 1082 1208 agente.
1122 1135 1255 1191 Nam
1295 1136 1339 1193 si
1370 1138 1512 1191 inter
1546 1137 1675 1190 bar-

66 1229 249 1284 haras
279 1229 530 1285 nationes
551 1229 696 1283 illum
721 1231 1078 1294 mitteremus,
1108 1244 1209 1285 nec
1237 1229 1498 1301 majorem
1529 1227 1678 1283 labo—

65 1335 220 1385 rem,
263 1335 367 1377 nec
397 1319 655 1390 majorem
684 1321 917 1377 fructum
959 1321 1225 1378 mercedis
1266 1322 1551 1390 acquirere
1599 1321 1676 1376 illi

64 1411 417 1468 valeremus.
454 1413 523 1469 Et
546 1413 650 1468 nisi
680 1414 796 1468 zelo
819 1414 1001 1469 divino
1029 1414 1179 1480 tacti,
1207 1423 1262 1469 et
1291 1429 1384 1483 spe
1413 1412 1676 1469 fructuosi

67 1504 160 1558 sui
187 1504 400 1561 laboris
424 1505 667 1571 animati,
695 1505 843 1561 nullo
894 1507 1054 1560 modo
1082 1523 1113 1559 a
1148 1506 1447 1575 prmscntia
1491 1516 1675 1559 nostra

68 1609 351 1665 separare
392 1595 770 1664 voluissemus,
820 1598 1058 1653 scientes
1104 1597 1305 1651 nostris
1352 1596 1679 1650 utilitatibus

66 1690 235 1744 illum
268 1690 570 1761 proficuum
613 1706 753 1756 esse,
799 1701 962 1761 atque
1007 1691 1382 1761 supplemento
1431 1688 1675 1758 obsequii

1778 505 2109 562 nerabilibus
2137 508 2424 578 episcopis,
2448 525 2634 564 eorum
2663 524 2884 565 causam
2914 511 3196 567 mitissima
3228 514 3361 569 deli-

1776 596 2058 652 beratione
2096 598 2377 663 definivit,
2409 598 2763 655 libentissime
2805 602 3234 659 mansuetudinis
3264 620 3360 660 ve—

1776 696 1905 742 strae
1930 686 2188 742 obediens
2212 688 2535 743 omnimodis
2566 688 2943 759 epistolaribus
2971 689 3222 747 affatibus
3256 710 3272 749 :
3303 703 3362 749 et

1776 793 1912 847 quos
1967 788 2097 832 voto
2151 778 2370 848 pietatis
2412 778 2747 835 excellentiae
2792 790 2989 836 vestrae
3033 792 3356 852 perspecto,

1779 867 2090 938 tranquillo,
2118 868 2362 938 paeiiico,
2389 878 2551 940 atque
2577 871 2813 941 benigno
2840 885 3011 942 usque
3032 872 3099 928 ad
3128 889 3359 944 praesen-

1779 958 1908 1012 tiam
1934 955 2173 1025 ejusdem
2208 958 2419 1029 synodi,
2448 966 2506 1012 ut
2532 958 2811 1015 evidenter
2836 962 3222 1031 comperimus,
3256 973 3363 1018 tra-

1776 1049 1943 1104 ctavit
1967 1049 2168 1112 animo,
2199 1048 2253 1103 in
2283 1050 2492 1106 cunctis
2519 1050 2800 1119 deinceps,
2848 1050 3018 1106 fretus
3042 1054 3208 1125 vestri
3239 1069 3360 1108 mo-

1776 1140 2072 1195 deraminis
2134 1140 2403 1207 concilio,
2457 1143 2803 1212 praescriptos
2864 1142 3061 1198 fratres
3124 1142 3359 1210 fulcire,

1775 1227 1973 1298 pioque
2026 1229 2265 1284 solatiari
2308 1245 2415 1286 non
2462 1230 2670 1286 destitit
2723 1231 2942 1286 auxilio.
2994 1230 3126 1299 Qua:
3175 1235 3361 1289 omnia

1775 1330 2171 1392 consequenter
2197 1312 2319 1377 cum
2364 1321 2588 1392 reliquis
2625 1321 3102 1378 consacerdolibus
3138 1324 3361 1380 omnino

1775 1412 1994 1483 explere
2020 1412 2371 1478 acceleraret,
2397 1412 2501 1468 nisi
2518 1412 2670 1484 juxta
2695 1411 3035 1484 privilegium
3056 1413 3362 1469 decessoris

1777 1506 1944 1561 vestri
1974 1505 2156 1561 domui
2199 1504 2504 1571 Benedicti,
2532 1521 2597 1561 ac
2622 1514 2884 1571 vestrum,
2917 1520 3182 1561 summam
3209 1504 3362 1561 vobis

1777 1596 2159 1652 reservandam
2189 1597 2352 1666 coepti
2381 1597 2446 1652 de
2474 1597 2819 1651 restitutione
2849 1597 3106 1652 docerent
3134 1598 3358 1668 negotii.

1777 1685 1913 1753 Quia
1940 1700 2070 1741 vero
2093 1687 2413 1756 saepedictus
2436 1685 2662 1740 antistes
2682 1684 2950 1739 altitudini
2977 1693 3171 1752 vestrae
3200 1686 3363 1740 devo-

68 1781 262 1850 ipsius
301 1797 403 1838 nos
447 1798 515 1838 ex
564 1778 719 1854 parte
752 1785 1057 1855 quiescere.
1104 1782 1377 1853 Quidquid
1413 1796 1544 1836 vero
1586 1796 1675 1836 re-
1704 1785 1751 1844 Β
1778 1777 2049 1841 tissimus,
2079 1785 2133 1831 et
2163 1775 2456 1844 apostolico
2477 1773 2879 1829 constitutionis
2905 1780 3100 1829 vestrae
3122 1773 3357 1836 decreto,

70 1882 215 1939 stat,
267 1883 442 1929 totum
488 1875 767 1943 sapientia:
805 1874 1112 1930 sanctitatis
1142 1883 1340 1930 vestrae
1385 1872 1681 1928 committic

66 1977 205 2017 mus
239 1980 254 2017 :
285 1972 342 2017 et
366 1963 507 2018 sicut
539 1964 642 2019 sub
664 1964 855 2037 clypeo
879 1963 1231 2035 protectionis
1257 1971 1458 2019 nostra:
1499 1964 1675 2032 ipsum

64 2055 376 2126 sociosque
415 2054 530 2125 ejus
571 2058 958 2124 commisistis,
1005 2058 1081 2113 ita
1114 2057 1290 2128 ipsum
1334 2055 1677 2128 collegasque

65 2147 230 2202 illius
274 2156 468 2203 vestra:
507 2150 777 2203 sanctitati
828 2149 1302 2215 commendamus;
1337 2164 1404 2204 ne
1434 2164 1530 2220 spe
1567 2148 1678 2204 fru-

61 2247 256 2292 strata
289 2239 430 2307 quod
454 2253 521 2294 ex
543 2240 697 2295 vobis
722 2249 1068 2310 acceperunt,
1100 2247 1363 2295 aeternam
1402 2253 1502 2310 pro
1546 2240 1677 2311 ipsis

62 2330 225 2386 inter
252 2331 536 2387 innumera
566 2332 705 2387 bona
732 2331 1009 2403 recipiatis
1037 2332 1365 2388 mercedem.

647 2443 975 2501 EPISTOLA
1020 2445 1108 2501 IV.

705 2575 774 2615 AD
809 2575 1049 2615 EUMDEI.

353 2669 429 2725 De
453 2671 534 2727 Itis
556 2688 674 2743 qua:
696 2672 838 2741 facta
865 2672 1074 2743 fuerant
1096 2673 1153 2729 in
1180 2672 1402 2744 synodo.

601 2783 778 2857 [Apud
811 2784 976 2840 Labb.
1003 2784 1159 2859 ibid.]

147 2890 414 2949 Landans
452 2893 723 2949 liiucmari
753 2895 1139 2961 obedientiam,
1168 2894 1488 2951 clericorum
1529 2896 1672 2951 inte-

59 3001 235 3057 gram
284 2984 682 3041 restitutionem
729 2985 969 3055 pontifici
1010 3001 1040 3041 a
1089 2987 1293 3058 synodo
1318 2997 1673 3053 reservatam,

59 3075 279 3131 scribit
314 3084 370 3129 et
405 3091 435 3130 a
465 3090 523 3131 se
553 3075 769 3131 interim
797 3075 1094 3133 Ecclesiam
1120 3076 1514 3132 Bituricensem
1548 3077 1674 3133 Vul-

57 3168 203 3221 fado
242 3166 700 3222 commendatam.

145 3261 376 3315 Sanctze
414 3261 756 3331 paternitatis
791 3269 983 3317 vestra:
1013 3269 1325 3318 reverenter
1362 3261 1676 3332 excepimus

60 3351 288 3421 apices,
320 3351 516 3420 quibus
558 3352 717 3407 nobis
759 3352 1025 3408 clamores
1058 3360 1116 3408 et
1150 3353 1382 3423 gemitus
1407 3352 1678 3422 deposito-

62 3458 202 3497 rum
238 3442 309 3497 ab
336 3441 625 3498 llincmaro
653 3443 969 3499 honorando
1006 3442 1262 3513 praesule,
1293 3441 1504 3513 Vulfadi
1531 3441 1678 3497 scili-

61 3542 182 3595 cet,
222 3531 607 3602 sociorumque
635 3530 754 3602 ejus
772 3573 786 3598 ,
812 3546 972 3588 aures
1002 3541 1195 3587 vestra:
1229 3530 1553 3602 dignationis
1576 3545 1676 3601 pe-

61 3630 335 3676 netrasse
360 3622 649 3691 aperuistis
673 3641 686 3675 :
714 3623 843 3693 quin
867 3624 1029 3679 etiam
1062 3631 1304 3678 nostram
1332 3621 1674 3687 filiolitatem,

62 3723 131 3769 ut
164 3715 424 3770 eumdem
454 3716 818 3771 venerandum
851 3716 1151 3771 antistitem
1189 3714 1256 3770 ad
1282 3717 1386 3771 hoc
1428 3715 1674 3771 hortare-

62 3821 227 3867 mur,
258 3813 315 3859 et
348 3805 640 3860 admonere
669 3820 767 3876 pro
810 3807 907 3861 Dei
945 3821 1131 3861 amore
1158 3822 1497 3872 curaremus,
1530 3821 1676 3862 sum-

61 3910 307 3965 mopere
355 3896 647 3966 prxedicare
685 3896 1022 3962 decrevistis,
1071 3898 1281 3953 aientes
1320 3904 1381 3951 ut
1426 3896 1676 3952 eumdem

61 3987 142 4042 ad
167 3988 661 4057 obtemperaudum
700 3988 1076 4057 praecellentia:
1099 3997 1295 4045 vestrae
1334 3989 1553 4044 solertia
1580 4005 1679 4044 no-

60 4089 191 4134 stra
224 4078 538 4133 decertaret
564 4076 781 4134 ﬂectere
823 4094 838 4132 :
876 4079 959 4134 sin
990 4088 1171 4134 autem
1219 4079 1446 4135 sollicite
1473 4095 1679 4150 prama-

58 4186 245 4237 vere,
284 4186 355 4225 ne
401 4171 729 4240 quibuslibet
773 4171 1105 4240 argumentis
1152 4172 1206 4225 iu
1238 4186 1343 4226 non
1376 4172 1676 4227 obediendo

57 4264 239 4318 vobis
281 4278 381 4317 nos
428 4263 691 4318 inclinare
733 4263 961 4319 valeret.
1003 4263 1225 4335 Egimus
1260 4264 1444 4333 itaque
1466 4279 1678 4319 summo

57 4356 291 4419 studio,
330 4339 625 4411 secundum
672 4356 1011 4426 paternitatis
1055 4368 1253 4411 vestra:
1302 4364 1584 4428 rogatum,
1623 4365 1678 4410 et

56 4456 404 4503 reverenter
435 4457 790 4501 memoratum
825 4447 1123 4502 antistitem
1152 4447 1341 4503 eodem
1368 4448 1436 4502 de
1463 4448 1678 4518 negotio

54 4539 449 4606 alloqueutes,
482 4538 623 4594 sicut
664 4538 915 4593 devotum
960 4538 1017 4592 in
1062 4537 1320 4607 reliquis,
1351 4536 1426 4592 ita
1464 4553 1677 4609 quoque

53 4629 499 4698 paratissimum
538 4630 594 4684 in
637 4630 741 4686 hoc
784 4629 901 4700 ipso
939 4629 1008 4685 ad
1043 4629 1400 4686 obediendum
1436 4629 1589 4685 vobis
1622 4637 1677 4683 et

52 4723 242 4777 nobis
270 4723 653 4792 comperimus,
683 4723 755 4776 ita
792 4730 853 4776 ut
886 4736 992 4776 non
1036 4721 1209 4777 solum
1252 4737 1359 4775 non
1398 4721 1673 4785 resistere,

52 4832 99 4870 s.
126 4814 164 4868 d
221 4814 393 4869 etiam
429 4815 634 4885 primus
672 4828 865 4885 parere
907 4812 1237 4883 apostolatus
1281 4812 1446 4867 vestri
1490 4826 1675 4882 prom-

52 4909 339 4979 ptissime
364 4908 812 4979 praeceptionibus
842 4905 1141 4961 festinaret.
1173 4905 1352 4973 Quare
1388 4915 1567 4962 autem
1608 4904 1673 4958 de

53 4998 439 5053 restitutione
481 5006 904 5055 memoratarum
944 4997 1218 5062 virorum,
1251 4998 1545 5053 secundum
1583 5010 1675 5049 ve-

53 5101 260 5145 stram
321 5091 384 5143 ad
434 5107 552 5147 eum
602 5088 1098 5154 denuntiationem,
1148 5105 1269 5145 cum
1319 5088 1675 5161 sull'ragaueis

53 5184 195 5237 suis
252 5195 363 5235 non
408 5183 726 5252 perfecerit,
780 5194 811 5232 a
852 5179 1057 5248 synodo
1094 5182 1450 5250 praeceptione
1494 5189 1673 5235 vestra

310 5271 321 5283 ο
632 5274 643 5285 ο
728 5269 761 5294 ρ

60 5290 79 5294 υ
114 5287 253 5294 μ-Ααη
308 5286 413 5294 ·“--
466 5292 517 5293 7.
560 5283 675 5294 γρ.--

1774 1875 1828 1922 et
1866 1874 2053 1921 nostro
2085 1866 2249 1921 etiam
2285 1865 2558 1930 hortatui,
2588 1863 2916 1920 omnimodis
2959 1864 3364 1935 gratantissime

1772 1960 1975 2029 paruit,
2006 1972 2108 2012 nec
2152 1956 2206 2011 in
2251 1955 2432 2026 aliquo
2461 1970 2690 2010 renuere
2718 1954 2975 2019 tentavit,
3008 1964 3193 2009 nostra
3230 1969 3359 2025 sup-

1774 2047 1898 2120 plici
1930 2047 2188 2117 petitione
2211 2047 2524 2117 ampliorem
2553 2046 2740 2116 gratire
2769 2044 3191 2100 munificentiam
3218 2044 3361 2114 apud

1774 2153 1871 2195 vos
1901 2155 1959 2195 se
2002 2137 2307 2209 percepisse
2330 2134 2655 2206 gratuletur,
2688 2135 3023 2207 proindeque
3060 2134 3212 2190 vobis
3240 2147 3363 2191 sese

1777 2233 2133 2304 acceptiorem
2169 2232 2392 2287 omnino
2431 2234 2745 2300 persentiat.
2780 2230 3028 2286 Pos1luec
3048 2269 3062 2295 ,
3090 2228 3219 2298 quia
3252 2227 3362 2281 fra-

1776 2337 1913 2382 trem
1944 2325 2090 2379 illum
2116 2322 2425 2389 Vull'adum,
2455 2323 2521 2377 de
2558 2336 2666 2393 quo
2701 2322 2900 2394 agitur,
2923 2329 2981 2376 ut
3005 2329 3200 2376 vestrae
3227 2335 3357 2375 san-

1775 2416 1981 2472 ctitatis
2010 2415 2191 2485 apices
2219 2422 2515 2484 exponunt,
2545 2413 2787 2468 moribus
2827 2421 2884 2467 et
2926 2412 3149 2468 scientia
3194 2425 3363 2481 penes

1740 2568 1757 2583 ,
1774 2522 1875 2562 nos
1894 2507 2074 2576 vigere
2093 2504 2478 2574 comperimus,
2501 2503 2891 2558 Bituricensem
2914 2500 3234 2566 Ecclesiam,
3258 2514 3361 2555 ceu

1774 2607 1976 2655 sanctae
2001 2597 2310 2670 paternitati
2335 2605 2529 2652 vestrae
2556 2596 2677 2652 aliis
2698 2595 2894 2650 litteris
2916 2594 3359 2665 significavimus,

1774 2692 1899 2763 quia
1931 2693 2060 2748 dare
2090 2693 2293 2761 absque
2331 2689 2664 2761 apostolatus
2701 2688 2868 2744 vestri
2906 2684 3361 2742 determinatioue

1773 2785 2099 2848 distulimus,
2126 2784 2507 2840 commendare
2530 2784 2633 2838 sibi
2655 2782 2901 2838 eamdem
2920 2780 3215 2836 Ecclesiam
3238 2794 3363 2834 cum

1774 2879 1936 2934 rebus
1964 2877 2065 2933 sibi
2094 2875 2489 2948 pertinentibus
2510 2872 2952 2938 acceleravimus,
2983 2871 3190 2927 scilicet
3218 2876 3278 2923 ut
3307 2869 3363 2923 in

1775 2970 2143 3027 destructione
2174 2984 2363 3024 earum
2392 2982 2495 3023 non
2524 2975 2735 3022 tantum
2755 2964 2982 3020 saeviens
3002 2963 3206 3019 valeret
3229 2975 3362 3033 quo-

1778 3059 2032 3115 rumlibet
2073 3073 2362 3129 pravorum
2410 3056 2699 3119 instantia,
2729 3053 3085 3124 quazreutium
3129 3051 3377 3135 diripere~

1701 3155 1746 3217 C
1777 3166 1883 3206 non
1932 3166 2060 3214 sua,
2108 3159 2166 3204 et
2192 3160 2408 3204 vastare
2440 3146 2733 3204 crudeliter
2771 3145 2967 3200 aliena.
3012 3143 3190 3211 Quare
3219 3151 3279 3197 ut
3310 3142 3366 3197 in

1776 3242 1966 3297 eodem
2001 3241 2121 3297 loco
2155 3240 2301 3296 illius
2327 3238 2510 3293 valere
2533 3246 2589 3292 et
2614 3237 2800 3308 vigere
2829 3243 2990 3305 queat
3025 3233 3362 3296 studiositas,

1777 3332 1938 3386 citius
1984 3330 2285 3406 reverentia
2344 3327 2688 3400 paternitatis
2745 3333 2941 3380 vestrae
2988 3323 3117 3395 quid
3176 3332 3364 3379 sancto

1778 3424 1959 3478 animo
1987 3431 2171 3477 vestro
2207 3421 2274 3477 de
2318 3434 2386 3475 eo
2413 3417 2734 3487 eaeterisque
2775 3413 2980 3470 sederit
3027 3413 3242 3482 aperire
3283 3412 3366 3466 di-

1777 3525 1993 3589 gnetur,
2023 3512 2324 3582 eﬂieiatque
2354 3507 2659 3566 sublimitas
2700 3513 2881 3560 vestra
2921 3502 3270 3559 festinantius
3298 3503 3366 3556 de

1778 3608 1927 3677 ipso,
1969 3601 2114 3676 quod
2158 3616 2257 3673 pro
2281 3614 2347 3656 eo
2385 3600 2454 3655 ad
2495 3613 2595 3654 vos
2642 3596 2838 3667 saepius
2890 3600 3076 3649 nostra
3119 3591 3368 3663 poposcit

1778 3698 2001 3768 supplex
2035 3694 2293 3765 expetitio
2318 3709 2331 3747 :
2359 3690 2614 3762 quoniam
2652 3700 2864 3743 summa
2906 3682 3228 3738 necessitate
3259 3681 3366 3735 illis

1776 3797 2004 3861 urgente
2049 3784 2289 3842 melioris
2328 3779 2624 3840 voluntatis
2664 3777 2757 3848 qui
2806 3776 2861 3830 in
2902 3772 2995 3829 illo
3034 3781 3161 3828 sunt
3198 3784 3365 3842 regno

1779 3885 1884 3940 hoc
1912 3885 2085 3954 ipsum
2116 3880 2332 3937 assidua
2375 3877 2767 3949 imprecatione
2810 3873 3125 3943 deposcunt.
3163 3866 3364 3922 Verum

1778 3974 2068 4030 multarum
2111 3969 2576 4041 perturbationum
2616 3964 3018 4036 impedimenta,
3048 3974 3156 4014 nou
3188 3956 3365 4012 solum

1777 4066 1980 4123 nostris
2001 4063 2334 4135 temporibus
2362 4061 2456 4116 sed
2480 4060 2643 4115 etiam
2668 4056 3126 4128 praedecessorum
3154 4059 3367 4106 nostro-

1778 4173 1920 4222 rum,
1951 4164 2044 4211 aut
2062 4155 2150 4209 vix
2179 4163 2270 4208 aut
2297 4165 2573 4220 nunquam
2598 4148 2775 4204 eidem
2808 4160 2976 4216 regno
3001 4142 3237 4200 defuisse
3267 4156 3366 4194 no-

1778 4256 2022 4304 scuntur.
2055 4245 2230 4313 Atque
2256 4241 2377 4297 ideo
2399 4253 2620 4295 necesse
2646 4245 2729 4293 est
2749 4245 2808 4291 ut
2834 4236 2888 4289 in
2911 4233 3238 4303 adjutorium
3265 4230 3360 4285 lilii

1778 4341 1971 4404 nostri,
2002 4353 2132 4394 casu
2158 4336 2314 4391 vobis
2343 4333 2622 4389 notissimo
2650 4328 2936 4392 infirmati,
2975 4336 3031 4382 et
3053 4339 3241 4380 eorum
3270 4320 3366 4391 qui
3462 4406 3467 4411 ο

1779 4432 1880 4487 sibi
1911 4438 2037 4486 sunt
2078 4435 2261 4483 nostra
2293 4424 2550 4481 fidelitate
2574 4431 2628 4477 et
2651 4436 2749 4476 sua
2778 4418 3005 4483 adhaesi,
3043 4429 3151 4486 quo
3178 4414 3361 4467 valen-

1709 4509 1756 4568 D
1785 4525 1889 4580 tius
1936 4523 2191 4578 resistere
2233 4519 2561 4575 adversariis
2588 4513 2914 4572 omnimodis
2952 4508 3190 4583 possint,
3223 4506 3365 4560 idem

1780 4616 1847 4671 de
1887 4630 1995 4686 quo
2028 4612 2331 4683 flagitamus
2355 4609 2626 4666 'maturius
2655 4605 2927 4678 dirigatur
2963 4609 3161 4658 vestrae
3188 4609 3368 4670 pater-

1778 4711 1968 4766 nitatis
1988 4706 2333 4779 provectibus
2355 4700 2795 4773 suffragantibus,
2821 4699 3039 4754 domine
3056 4694 3373 4750 beatissime

1776 4812 1830 4858 et
1861 4800 2149 4858 admodum
2181 4794 2681 4854 desiderantissime
2713 4801 2865 4863 pater
2892 4800 2947 4848 et
2977 4802 3136 4862 papa.

2346 4899 2686 4960 EPISTOLA
2736 4900 2779 4954 V

2406 5034 2474 5074 AD
2512 5028 2760 5069 EUMDEH.

1774 5134 1861 5193 De
1898 5139 2121 5198 Ebbonis
2165 5149 2349 5195 causa,
2381 5142 2437 5186 ut
2472 5125 2713 5199 pontifex
2752 5147 2845 5199 per
2889 5126 3198 5199 Αηεεθξειωῃ
3234 5131 3380 5199 man.

1853 5189 2314 5294 demandari-inte
2332 5189 2535 5284 scribit.
2564 5189 2815 5294 Eafcusu't'
2826 5204 3014 5284 deinde
3028 5189 3389 5294 'ucc‘c’l‘erg‘t’r'ifnt

3131 5276 3187 5294 nn
3247 5264 3343 5294 ner
3380 5292 3384 5293 ,
