3916 5434
518 365 619 422 8H

1554 364 1804 421 CAROLI
1843 362 2049 420 CALVI
2087 364 2516 423 FRANCORUM
2559 365 2767 423 REGIS

3698 367 3806 425 872

513 491 701 548 νίψω,
740 473 1018 539 ϐλκοιυε,
1063 472 1233 544 gratia
1277 471 1371 528 Dei
1414 486 1505 527 rex
1553 482 1610 528 et
1653 471 1913 542 spiritalis
1958 471 2099 530 ﬁlius
2125 479 2175 539 Α
2201 476 2362 531 batus
2390 491 2456 531 ac
2494 475 2640 532 velut
2677 476 2940 546 insipiens
2970 476 3052 541 ab
3097 477 3352 533 omnibus
3398 485 3491 533 est
3534 476 3809 549 deiectos.

519 575 720 620 vester.

588 654 846 723 Quamvis
871 655 1112 709 omnium
1142 654 1257 710 Deo
1290 638 1713 711 ministrantium
1762 657 2104 712 sacerdotum

515 745 628 801 sint
671 746 1011 814 exposcenda
1052 744 1340 815 suﬁ‘ragia,
1379 755 1435 801 et
1482 749 1793 801 veneranda
1850 747 2061 818 fastigia
2088 788 2105 812 ,

517 851 813 908 congruum
867 836 1449 906 deeentissimumque,
1505 847 1663 909 pater
1726 839 2105 906 sanctissime,

517 927 935 998 antistitumque
958 926 1410 982 excellentissime
1428 968 1443 994 ,
1475 940 1660 984 nostra
1686 930 1951 1000 comperit
1976 929 2108 986 libe-

516 1015 705 1072 ralitas
739 1026 934 1073 vestrae
976 1033 1087 1088 pra:
1128 1018 1341 1075 ezeteris
1391 1021 1709 1077 reverentia:
1760 1020 2110 1091 pontiﬁcatus

516 1108 666 1179 regia
701 1109 838 1165 colla
873 1111 1217 1176 submittere,
1244 1112 1548 1182 vestrisque
1588 1112 1959 1169 saluberrimis
1988 1129 2108 1169 mo-

518 1198 650 1255 nitis
694 1215 877 1255 aurem
922 1200 1105 1256 cordis
1153 1202 1219 1256 ad
1270 1202 1752 1271 obtemperandum
1807 1203 2109 1259 humillima

518 1289 803 1345 devotione
825 1292 1077 1348 subdere.
1111 1293 1320 1363 Quippe
1353 1309 1515 1364 quem
1553 1295 1672 1351 luce
1707 1296 1903 1352 clarius
1933 1297 2111 1352 cemi-

519 1393 662 1445 mus,
700 1378 954 1437 Eeclesiae
997 1383 1138 1437 inter
1176 1384 1362 1438 mundi
1403 1385 1766 1440 turbulentam
1796 1387 2110 1457 voraginem

518 1466 867 1526 ﬂuctuantem
918 1472 1303 1529 solidissimam
1361 1476 1658 1531 anchoram
1714 1477 2107 1543 constitutum,

518 1562 885 1632 paxillumque
911 1564 1265 1631 immobilem,
1292 1566 1344 1620 in
1369 1582 1479 1637 quo
1510 1569 1776 1623 sarcinam
1809 1570 2113 1639 dependere

522 1660 848 1707 nostrorum-
876 1654 1153 1711 valeamus
1198 1657 1609 1725 peccaminum,
1659 1658 1754 1714 Dei
1803 1661 2112 1731 gratissima

520 1742 807 1799 clementia
838 1744 1111 1801 credimus
1154 1747 1493 1802 attributum.
1544 1748 1721 1803 Tanto
1751 1764 1983 1819 namque
2021 1750 2114 1805 be-

2208 567 2359 622 Tunc
2379 583 2508 623 vero
2537 568 2735 623 domno
2762 568 3075 636 imperatori
3107 568 3283 623 visum
3311 576 3400 623 est
3447 577 3511 622 ut
3543 568 3812 639 prafatns

2204 655 2356 711 Ebbo
2382 671 2485 727 pro
2511 657 2752 711 scientiae
2802 658 3125 727 capacitate,
3161 644 3605 728 meritorumque
3664 675 3812 715 reve-

2206 748 2404 813 rentia,
2429 749 2496 803 ad
2529 745 2641 816 jam
2691 749 2892 804 dictum
2944 759 3360 820 promoveretur
3402 751 3811 820 episcopatum.

2207 838 2360 907 Quod
2403 854 2524 895 eum
2578 839 2720 909 plebi
2766 849 2929 909 atque
2975 841 3228 895 omnibus
3276 855 3414 896 sane
3467 840 3814 910 sapientibus

2205 938 2351 983 esset
2395 927 2644 994 relatum,
2673 929 2890 999 placere
2934 931 3040 985 sibi
3069 946 3260 986 omnes
3297 931 3649 985 unanimiter
3676 931 3815 985 amr-

2208 1033 2425 1074 mavere
2456 1036 2469 1073 :
2503 1035 2568 1074 ac
2596 1020 2676 1075 sic
2710 1020 3009 1076 secundum
3048 1022 3371 1076 canonicam
3402 1022 3813 1076 institutionem

2208 1119 2294 1167 est
2349 1112 2791 1182 archiepiscopus
2846 1112 3149 1168 ordinatus.
3208 1111 3398 1167 Prima
3451 1127 3593 1168 vero
3659 1114 3813 1178 vice,

2207 1205 2424 1274 quando
2454 1203 2744 1274 instigante
2774 1204 2990 1261 diabolo
3034 1206 3375 1262 Francorum
3422 1206 3673 1277 populus
3720 1206 3815 1260 im-

2207 1304 2516 1368 peratorem
2548 1296 2651 1351 sibi
2679 1311 2710 1349 a
2744 1297 2856 1352 Deo
2879 1298 3188 1353 ordinatum
3215 1338 3232 1363 ,
3278 1306 3336 1354 et
3386 1299 3460 1353 ab
3510 1297 3814 1366 apostolica

2210 1389 2339 1445 sede
2360 1396 2699 1454 coronatum,
2725 1404 2825 1445 suo
2860 1399 2985 1445 sunt
3010 1390 3181 1446 moliti
3208 1390 3526 1461 propellere
3557 1391 3809 1459 imperio,

2211 1481 2326 1551 ipse
2352 1480 2502 1536 Ebbo
2532 1481 2585 1535 in
2617 1480 2786 1551 ipsius
2811 1481 3068 1538 ﬁdelitate
3110 1483 3407 1538 immobilis
3433 1483 3711 1553 perstitit,
3743 1492 3812 1545 et,

2211 1578 2270 1625 ut
2292 1579 2497 1626 rectum
2521 1578 2660 1635 erat,
2696 1585 2865 1640 usque
2887 1571 2952 1626 ad
2982 1572 3457 1641 recuperationem
3494 1586 3815 1641 persevera—

2209 1660 2309 1715 vit.
2341 1659 2586 1716 Secunda
2613 1674 2763 1725 vero,
2786 1676 2909 1716 cum
2929 1661 3145 1716 hortatu
3170 1670 3228 1717 et
3248 1660 3545 1716 molimine
3570 1661 3813 1716 Lotimii

2214 1752 2398 1807 fratris
2427 1752 2599 1809 nostri
2625 1753 2803 1811 omnis
2828 1753 3057 1823 populus
3084 1769 3118 1808 a
3154 1753 3256 1822 piae
3286 1752 3703 1808 recordationis
3727 1768 3813 1823 ges

521 1833 881 1889 nevolentiam
913 1834 1129 1904 pietatis
1164 1844 1361 1891 vestrae
1395 1846 1580 1891 nostra
1623 1836 1920 1892 ferventius
1952 1841 2109 1893 arde-
2140 1835 2189 1899 Β
2215 1844 2391 1899 nitore
2418 1852 2606 1901 nostro
2629 1846 2874 1910 recessit,
2902 1854 3137 1910 etcum,
3161 1860 3340 1900 uxore
3365 1845 3545 1914 ipsius
3600 1845 3659 1900 in
3712 1844 3812 1899 Ita-

519 1926 626 1980 scit
660 1917 994 1991 humanitas,
1028 1935 1234 1995 quanto
1260 1941 1356 1981 vos
1395 1928 1757 1999 perspicimus
1782 1929 2000 1984 unicum
2046 1930 2115 1984 ad

522 2014 893 2071 defensionem
925 2016 1227 2072 crudelium
1254 2017 1554 2072 belluarum
1585 2019 1883 2075 Eeclesiam
1910 2018 2116 2076 Christi

522 2111 876 2168 infestissime
896 2112 1138 2168 lacerare
1156 2111 1453 2168 volentium
1474 2113 1769 2169 exstitisse.
1796 2113 1964 2184 lgitur
1983 2128 2118 2184 quo-

523 2204 671 2258 niam
699 2203 1005 2259 sanctitatis
1028 2211 1224 2259 vestra:
1249 2204 1445 2260 litteris
1472 2205 1738 2274 episcopis
1768 2205 1915 2276 regni
1944 2204 2118 2261 nostri

525 2295 856 2360 mandastis,
905 2303 963 2349 ut
1012 2295 1079 2351 de
1125 2311 1287 2352 causa
1337 2296 1576 2352 Ebbonis
1621 2297 1773 2353 vobis
1817 2297 2119 2353 scriberent

524 2386 784 2456 quidquid
829 2388 1127 2443 secundum
1166 2389 1455 2445 veritatem
1502 2390 1805 2461 comperire
1851 2399 2114 2460 possent:

525 2477 683 2537 nobis
711 2492 839 2531 vero
869 2493 973 2533 non
1002 2478 1217 2544 litteris,
1249 2481 1342 2535 sed
1374 2496 1474 2552 per
1496 2496 1711 2536 servum
1738 2491 1981 2538 vestrum
2006 2483 2119 2536 An-

525 2570 749 2638 sigisum
794 2568 944 2641 [al.,
996 2571 1348 2645 Ansegisum]
1393 2574 1738 2640 monachum,
1776 2574 1992 2644 quando
2018 2576 2121 2632 hoc
2149 2638 2171 2660 .

529 2676 672 2715 anno
716 2661 992 2717 inﬁrmato
1028 2662 1250 2732 Egilone
1275 2663 1685 2734 archiepiscopo
1727 2666 1961 2720 secundo
2007 2666 2114 2720 Ro-

530 2767 673 2806 mam
714 2752 782 2808 ad
814 2763 1049 2809 vestram
1095 2755 1477 2823 paternitatem
1508 2756 1689 2821 rediit,
1735 2756 2032 2812 mandastis
2063 2765 2121 2812 ut

525 2846 679 2901 vobis
707 2846 992 2901 veritatem
1040 2847 1118 2900 rei
1168 2847 1533 2903 scriberemus
1554 2889 1568 2913 ,
1598 2857 1655 2903 et
1699 2848 1902 2919 scripto
1935 2857 2118 2905 nostro

528 2935 889 3005 signaremus.
940 2935 1009 2992 Ut
1052 2951 1182 2992 vero
1230 2947 1425 2992 vestrae
1472 2946 1671 2992 sanctae
1706 2939 2019 3008 paternitati
2064 2939 2119 2995 in

528 3026 781 3079 omnibus
807 3041 1095 3095 pareamus
1112 3065 1127 3090 ,
1153 3042 1275 3096 quae
1301 3029 1368 3081 de
1396 3027 1514 3096 ipso
1553 3027 1784 3083 vidimus
1811 3037 1860 3082 et
1897 3029 2116 3093 scimus,

530 3116 761 3173 ﬁdeliter
788 3119 940 3174 vobis
960 3119 1347 3189 signiﬁcamus.
1379 3118 1512 3174 Nam
1542 3119 1720 3175 nullus
1743 3120 2117 3189 episcoporum

526 3208 640 3277 jam
688 3219 967 3278 superest,
1018 3220 1216 3280 praeter
1260 3210 1601 3277 Rothadum,
1643 3210 1733 3280 qui
1780 3220 1905 3266 tunc
1949 3211 2118 3280 ipsius

534 3315 713 3356 causa:
758 3300 1083 3358 interfuerit.
1113 3302 1192 3358 Ac
1235 3318 1305 3358 ne
1353 3303 1482 3374 quid
1528 3304 1806 3374 praeterire
1848 3304 2141 3377 patiamur_

534 3390 813 3456 intactum,
842 3392 1016 3460 primo
1042 3394 1109 3450 de
1141 3394 1411 3450 natalibus
1436 3396 1606 3464 ipsius
1627 3395 1936 3450 censuimus
1964 3410 2120 3451 exse-

531 3484 825 3553 quendum.
849 3483 968 3554 lpse
992 3484 1155 3555 igitur
1183 3485 1333 3541 Ebbo
1356 3486 1488 3556 regii
1518 3486 1632 3541 ﬁsci
1662 3465 1865 3542 familia
1890 3486 2119 3541 oriundo

529 3590 867 3646 progressus,
885 3577 1031 3647 regia
1059 3577 1262 3647 pietate
1283 3579 1353 3648 pii
1382 3594 1446 3633 ac
1467 3578 1684 3649 gloriosi
1710 3579 1795 3633 avi
1824 3578 1993 3633 nostri
2017 3577 2119 3633 Ca-

478 3680 487 3689 ‘
532 3669 630 3723 roli
652 3679 954 3739 susceptus,
980 3669 1235 3739 palatinis
1259 3670 1491 3741 negetiis
1517 3685 1623 3725 non
1653 3670 1999 3725 mediocriter
2024 3686 2121 3724 an-

530 3761 787 3824 nutritus,
809 3761 1061 3815 libertate
1083 3762 1336 3825 donatus,
1360 3762 1426 3815 ad
1456 3760 1571 3832 [ob]
1599 3760 1931 3817 nobilitatem
1958 3762 2121 3816 vehe-

530 3850 729 3904 mentis
760 3850 982 3918 ingenii,
1017 3850 1071 3903 in
1103 3852 1275 3904 sacris
1302 3850 1583 3906 ordinibus
1612 3850 1876 3921 gradatim
1905 3865 2121 3919 promo-

531 3948 638 4003 tus,
666 3938 897 4008 genitori
921 3947 1107 3993 nostro
1128 3939 1401 3993 Ludovico
1424 3938 1671 4009 piissimo
1693 3939 1931 4010 Augusto
1956 3940 2121 4010 Aqui-

530 4030 771 4084 tanicum
810 4044 1032 4099 regnum
1080 4031 1287 4101 regenti
1333 4031 1399 4086 ab
1443 4030 1633 4085 eodem
1667 4029 1901 4100 glorioso
1930 4039 2013 4085 est
2051 4031 2121 4086 ad

530 4120 876 4175 serviendum
900 4121 1207 4191 deputatus.
1232 4120 1402 4189 Quem
1427 4122 1539 4192 ipse
1567 4121 1791 4177 servitio
1814 4131 2117 4189 strenuum,

532 4211 860 4281 ingenioque
879 4212 1071 4282 agilem
1095 4214 1454 4283 comperiens,
1477 4228 1581 4267 non
1606 4224 1725 4281 post
1747 4212 1970 4267 multum
1991 4223 2130 4283 tem:

530 4305 679 4375 poris
726 4304 1198 4360 bibliothecarium
1232 4306 1534 4361 constituit.
1581 4304 1709 4359 Post
1744 4305 1952 4359 obitum
1987 4320 2120 4361 vero

529 4400 667 4455 divae
703 4398 1093 4459 recordationis
1133 4400 1216 4454 avi
1252 4399 1425 4454 nostri
1456 4398 1634 4453 Caroli
1676 4396 2119 4454 excellentissimi

528 4489 1136 4561 iiuperatoringenitor
1164 4501 1350 4546 noster
1373 4490 1676 4544 Ludovicus
1705 4490 1980 4559 piissimus
2008 4489 2120 4545 An-

2216 1938 2368 2003 liam,
2392 1938 2697 1993 Tardonem
2734 1937 2944 1994 scilicet
2962 1938 3259 2001 civitatem,
3281 1938 3549 2003 abducta,
3571 1937 3811 1992 custodia

2216 2030 2616 2100 manciparere,
2661 2045 2762 2085 nos
2806 2045 3041 2100 quoque,
3105 2045 3211 2085 non
3260 2028 3445 2084 adhuc
3495 2030 3809 2090 decennen,

2217 2122 2370 2193 quasi
2399 2122 2690 2178 multorum
2721 2122 3008 2177 criminum
3048 2120 3372 2184 obnoxium,
3404 2120 3530 2189 pari
3566 2120 3805 2175 custodia

2216 2212 2434 2270 Prumia
2466 2213 2794 2269 monasterio
2841 2212 3260 2282 mancipandum
3309 2212 3671 2281 delegavere.
3713 2211 3808 2264 Ab-

2217 2303 2378 2358 ducto
2408 2312 2587 2357 autem
2626 2303 2952 2371 imperatore
2979 2317 3008 2355 a
3040 2301 3303 2356 Lothario
3344 2299 3670 2355 Suessionis
3702 2316 3809 2355 mo-

2218 2394 2516 2448 nasterium
2544 2391 2602 2447 S.
2636 2391 2898 2456 Medardi,
2945 2392 3058 2462 ipse
3107 2392 3280 2457 Ebbo,
3326 2407 3453 2446 cum
3502 2391 3631 2445 aliis
3682 2407 3808 2459 pene

2217 2485 2469 2541 omnilms
2490 2485 2777 2555 episcopis,
2793 2485 3113 2554 quibusdam
3139 2483 3475 2545 volentibus,
3488 2482 3805 2551 quibusdam

2218 2574 2422 2637 invitis,
2443 2573 2554 2643 jam
2578 2575 2780 2630 dictqu
2810 2574 3190 2644 imperatorem
3220 2588 3324 2628 nec
3348 2571 3693 2637 confessum,
3717 2587 3805 2626 nec

2219 2665 2289 2720 ab
2317 2664 2495 2734 aliquo
2515 2665 2844 2729 convictum,
2872 2679 3041 2718 uxore
3064 2673 3120 2719 et
3145 2663 3273 2729 ﬁlio.
3303 2671 3357 2717 et
3395 2663 3656 2717 onmibus
3685 2663 3807 2715 tida.»

2220 2754 2381 2820 libus,
2413 2755 2675 2826 dignitate
2701 2756 2971 2824 privatum
2992 2796 3006 2819 ,
3034 2755 3102 2809 ab
3139 2755 3401 2810 Ecclesia:
3430 2755 3805 2809 communione

2221 2849 2586 2899 removerant.
2615 2843 2852 2899 Tandem
2883 2858 3014 2898 vero
3044 2844 3339 2899 clementia
3376 2843 3700 2898 miserantis
3719 2841 3803 2896 Dei

2220 2936 2583 2991 humilitatem
2612 2934 2686 3005 pii
2713 2934 3054 3006 imperatoris
3078 2934 3405 3004 respiciens,
3441 2935 3617 3004 tetigit
3650 2937 3802 2989 corda

2218 3042 2450 3096 quorum
2499 3027 2698 3092 voluit,
2728 3035 2783 3082 et
2832 3035 2890 3081 ut
2936 3035 3058 3081 eum
3108 3026 3356 3081 custodia
3386 3026 3709 3089 educerent,
3755 3035 3804 3078 et

2223 3122 2452 3193 imperio
2501 3122 2869 3187 restituerent,
2928 3137 3026 3177 sua
3084 3121 3370 3191 inspiravit
3412 3120 3798 3177 miserieonia.

2145 3196 2189 3257 C
2221 3215 2389 3280 Quem
2421 3214 2474 3267 in
2504 3214 2835 3267 monasterio
2869 3210 3308 3267 beatissimorum
3338 3220 3648 3283 martyrum
3686 3209 3797 3266 Dio-

2218 3306 2377 3377 nysii,
2408 3304 2635 3369 Rustici,
2680 3312 2735 3360 et
2780 3304 3074 3359 Eleutherii
3117 3318 3149 3357 a
3199 3302 3451 3357 custodia
3492 3303 3799 3356 reducentes

2218 3394 2608 3463 archiepiscOpi
2637 3401 2692 3447 et
2715 3393 2971 3462 episcopi,
3005 3401 3064 3446 ut
3084 3391 3307 3461 dignum
3330 3398 3469 3455 erat,
3506 3404 3571 3444 se
3600 3392 3652 3443 in
3688 3402 3796 3442 eum

2217 3485 2493 3540 humiliter
2517 3483 2808 3553 deliquisse
2839 3482 3182 3547 conﬁtentes,
3210 3480 3431 3535 veniam
3461 3480 3533 3535 ab
3577 3495 3646 3534 eo
3682 3494 3797 3547 sup.

2217 3576 2429 3646 pliciter
2456 3575 2885 3645 postulaverunt.
2913 3573 3232 3627 Lotharium
3263 3586 3394 3626 vero
3432 3571 3504 3624 ab
3547 3566 3795 3638 imperiali

2218 3673 2484 3737 potestate
2522 3664 2777 3719 secedere
2818 3662 3016 3717 hortati
3059 3671 3205 3716 sunt.
3259 3660 3413 3716 Unde
3462 3659 3583 3727 ipse
3624 3668 3679 3712 et
3715 3654 3795 3725 qui

2220 3774 2341 3814 cum
2372 3772 2439 3811 eo
2465 3762 2640 3820 erant,
2680 3756 2748 3809 ab
2793 3754 2882 3809 illo
2926 3754 2980 3808 in
3031 3752 3166 3807 alias
3211 3760 3398 3822 partes
3444 3756 3792 3805 recesserunt.

2219 3847 2316 3902 His
2342 3847 2494 3901 Ebbo
2522 3846 2837 3917 compertis,
2865 3844 2990 3899 dum
3028 3844 3254 3898 Rhemis
3282 3851 3626 3906 moraretur,
3654 3840 3795 3895 terri-

2219 3945 2307 3993 tus
2331 3935 2664 3993 Parisiacam
2692 3934 2828 4005 fugit
2863 3934 2930 3988 ad
2970 3935 3160 3988 urbem
3197 3932 3266 3986 ad
3298 3933 3594 4002 quemdam
3640 3929 3794 3985 redu-

2220 4046 2363 4095 sum,
2389 4038 2449 4083 ut
2470 4029 2660 4083 saltem
2687 4044 2813 4084 cum
2839 4040 2903 4082 eo
2925 4026 3268 4091 delitescens,
3298 4025 3647 4095 imperatoris
3673 4024 3793 4077 iram

2219 4121 2473 4175 evaderet
2500 4136 2516 4173 :
2548 4119 2844 4189 imperator
2871 4132 3104 4186 namque
3127 4117 3230 4172 hoc
3262 4116 3517 4179 audiens,
3539 4116 3665 4185 quia
3701 4128 3789 4167 non

2221 4210 2377 4281 longe
2398 4216 2535 4272 erat,
2567 4217 2822 4263 strenuos
2845 4216 2899 4261 et
2921 4206 3105 4261 ﬁdeles
3141 4205 3367 4261 nuntios
3393 4206 3658 4274 dirigens,
3682 4217 3789 4256 eum

2221 4299 2602 4369 comprehendi
2632 4307 2689 4353 et
2712 4298 2954 4354 custodia
2988 4297 3303 4367 mancipari,
3314 4295 3501 4367 jussit,
3527 4295 3791 4350 ecclesiam

2220 4408 2348 4449 vero
2371 4392 2733 4448 Rhemensem
2756 4391 2976 4446 Fulconi
2998 4389 3296 4446 venerabili
3327 4390 3514 4444 abbati
3540 4401 3789 4443 commea-

2221 4485 2387 4541 davit.
2421 4485 2547 4540 lude
2578 4484 2753 4539 Mettis
2775 4484 3048 4539 civitatem
3076 4491 3161 4537 est
3185 4481 3403 4546 ductus,
3429 4480 3523 4535 ubi
3556 4481 3609 4533 in
3637 4477 3788 4533 eccle-

526 4551 736 4649 gnstns,
770 4582 881 4637 Deo
902 4582 1163 4647 donante,
1189 4593 1474 4652 paternum
1515 4582 1738 4651 adeptus
1788 4581 2074 4652 imperiunm
2099 4622 2114 4649 ,
2147 4551 2196 4613 D
2222 4576 2302 4630 sia
2329 4574 2502 4630 sancti
2531 4573 2793 4644 Stephani
2834 4572 3121 4627 ambonem
3168 4585 3355 4626 coram
3395 4570 3651 4624 omnibus
3675 4583 3786 4621 con.

526 4674 857 4731 Rhemorum
896 4675 1047 4729 venit
1095 4674 1163 4729 ad
1213 4675 1403 4728 urbem
1437 4693 1451 4728 :
1487 4674 1576 4729 ubi
1607 4688 1907 4742 praecessor
1943 4683 2123 4729 vester

528 4776 727 4823 sanctae
755 4767 1031 4822 memoria:
1062 4764 1374 4834 Stephanus
1393 4779 1641 4819 summus
1676 4763 1917 4834 pontifex
1947 4766 1995 4820 ei
2023 4766 2121 4820 nb-

526 4857 669 4912 viam
704 4859 871 4923 venit,
901 4866 1063 4926 atque
1098 4857 1151 4911 in
1192 4857 1403 4926 imperii
1436 4856 1694 4911 honorem
1736 4871 1858 4909 eum
1896 4855 2006 4910 Deo
2031 4856 2116 4909 in-

526 4951 767 5019 spirante
789 4949 1149 5005 consecravit.
1178 4949 1254 5003 Eo
1284 4957 1525 5018 tempore
1560 4946 1836 5001 Vulfarius
1878 4946 2118 5016 pnefatte

527 5039 678 5094 urbis
733 5039 1055 5094 venerabilis
1104 5039 1545 5109 archiepiscopus
1590 5037 1772 5092 valida
1820 5037 2119 5093 vexabatur

530 5129 864 5193 inﬁrmitate,
892 5145 998 5198 qua
1023 5137 1078 5184 et
1102 5138 1347 5183 mortuus
1377 5137 1478 5183 est.
1509 5129 1587 5187 Eo
1606 5120 1797 5184 autem
1835 5128 2116 5196 defuncto,

529 5228 586 5272 et
626 5220 693 5272 ab
724 5218 1066 5285 imperatore,
1100 5219 1394 5272 secundum
1422 5235 1700 5275 sacrorum
1739 5234 2003 5274 canonum
2039 5220 2120 5274 in-

532 5309 888 5354 stitutionem-
940 5307 1079 5354 nlehi
1146 5308 1407 5354 electione
1446 5325 1720 5354 οηηρρςςςι-
1770 5311 1995 5354 ρηηιεσίι
2025 5324 2117 5354 me

2224 4668 2511 4732 scendens,
2543 4664 2822 4736 professus
2865 4674 2949 4720 est
2990 4679 3094 4719 non
3141 4678 3358 4732 :equum
3407 4662 3462 4716 in
3518 4661 3783 4732 gloriosum

2224 4760 2607 4829 imperatorem
2635 4757 2912 4812 dominum
2943 4770 3098 4811 suum
3126 4753 3380 4809 intulisse
3402 4751 3686 4821 judicium.
3721 4747 3783 4803 lbi

2221 4849 2383 4903 etiam
2422 4848 2562 4902 idem
2592 4846 2871 4916 piissimus
2899 4845 3194 4916 imperator
3217 4844 3288 4897 ab
3315 4842 3574 4898 omnibus
3596 4841 3782 4911 episco-

2219 4941 2326 5011 pis,
2357 4938 2502 4994 clero
2549 4947 2604 4993 et
2631 4937 2849 5008 populo,
2875 4944 2959 4992 est
2990 4936 3387 4991 honorabiliter
3418 4940 3783 4992 coronatus.et

2219 5030 2450 5101 pristino
2482 5028 2761 5082 restitutus
2793 5028 3042 5097 imperio.
3082 5025 3223 5081 Hinc
3249 5026 3455 5080 iterum
3489 5024 3681 5097 placito
3704 5035 3779 5091 ge—

2220 5122 2394 5178 nerali
2426 5126 2742 5185 convocato,
2772 5118 3052 5190 praefatum
3080 5118 3364 5173 Ebbonem
3397 5119 3503 5173 sibi
3528 5116 3683 5184 jussit
3705 5129 3781 5168 er-

2218 5212 2391 5268 hibcri
2430 5219 2486 5268 et
2527 5226 2651 5266 eum
2696 5225 2794 5279 pro
2824 5206 2968 5264 illata
3009 5206 3333 5276 iniuriarum
3362 5207 3699 5265 contumelia,
3725 5217 3776 5256 ac

2218 5304 2492 5354 :mnnnllis
2528 5301 2795 5354 eniseonis
2837 5286 3216 5354 umentibus.
3246 5301 3492 5354 enisconi
3542 5298 3774 5354 sinuidem

3834 1320 3839 1345 l
