3916 5434
85 276 208 334 873

1530 327 1539 342 ς
1554 283 1908 341 EPISTOLE
1918 326 1933 342 .

3267 296 3376 353 874

92 403 258 449 tutus
283 393 496 458 solatio,
525 397 752 468 tempori
784 398 1092 466 consulens,
1144 400 1412 458 accersito
1457 401 1691 471 quodam
1718 402 1767 460 Α
1795 410 1993 470 gasset,
2020 403 2164 472 quod
2193 404 2408 474 quidem
2452 406 2885 465 moderatissimo
2928 409 3159 468 consilio
3215 426 3378 482 agere

95 483 346 550 recluso,
376 487 594 542 nomine
637 485 1041 562 Framegaudo,
1079 491 1226 546 misit
1261 507 1360 561 per
1387 507 1511 547 eum
1537 493 1689 562 geni-

96 575 226 631 trici
257 587 465 635 nostra
488 577 676 636 Iudith
716 581 966 653 gloriosa:
1017 583 1352 655 imperatrici
1403 584 1684 652 annulum,

94 680 268 734 quem
300 668 373 722 ab
398 683 461 724 ea
490 670 763 739 quondam
803 681 1110 742 acceperat,
1139 688 1300 744 quem
1336 674 1520 737 etiam,
1555 690 1688 744 quo-

93 755 427 828 tiescunque
469 760 651 830 aliquo
690 761 1010 831 tangebatur
1057 763 1419 830 incommodo,
1467 764 1688 820 mittere

93 846 342 912 solebat,
366 856 422 904 et
446 859 508 904 ut
550 851 634 905 sui
683 853 1036 907 misereretur
1087 853 1338 909 ﬂebiliter
1391 856 1682 925 peroravit.

93 937 370 994 Eumdem
404 955 536 996 vero
560 942 814 996 annulum
845 943 1080 1014 genitrix
1119 955 1306 1000 nostra
1348 945 1402 1000 in
1435 946 1551 1016 ipso
1589 962 1686 1001 no-

94 1037 229 1084 strae
259 1031 566 1088 nativitatis
608 1034 870 1099 articulo,
897 1036 1022 1104 quia
1063 1038 1503 1108 archiepise0pus
1547 1046 1681 1103 erat,

89 1135 197 1190 pro
222 1136 326 1176 sua
359 1122 618 1194 religione
645 1133 702 1180 et
729 1126 1036 1191 sanctitate,
1071 1136 1128 1182 ut
1167 1130 1340 1184 nostri
1379 1130 1580 1201 jugiter
1629 1132 1682 1185 in

92 1212 209 1266 suis
233 1213 580 1270 orationibus
607 1230 814 1270 memor
834 1226 1003 1281 esset,
1029 1219 1077 1273 ei
1108 1220 1350 1274 miserat.
1379 1221 1530 1276 Tunc
1567 1221 1683 1290 ipsa

92 1301 294 1358 horum
345 1306 724 1372 reminiscens,
768 1308 991 1378 ejusque
1037 1309 1406 1382 lacrymabilia
1451 1312 1682 1382 suspiria

95 1411 426 1467 agnoscens,
461 1400 552 1470 pio
573 1416 734 1457 suasu
766 1403 908 1472 apud
941 1404 1246 1474 episcopos,
1273 1407 1365 1478 qui
1394 1406 1520 1462 illuc
1547 1423 1680 1463 con-

93 1497 382 1554 venerant,
406 1490 654 1546 obtinere
678 1493 910 1557 curavit,
943 1505 1210 1562 quatenus
1235 1505 1292 1550 et
1335 1496 1681 1566 imperatoris

92 1577 341 1632 animum
392 1580 774 1637 satisfaciendo
840 1583 1094 1651 lenirent,
1155 1595 1212 1640 et
1277 1585 1424 1656 leges
1470 1586 1682 1642 divinas

1791 491 2043 547 dilferens
2070 491 2273 550 efﬁcaci
2297 497 2408 567 egit
2443 499 2760 566 sagacitate,
2783 508 2843 554 ut
2871 508 2926 554 et
2953 500 3032 556 sic
3058 501 3284 557 audacia
3321 501 3377 556 in

1791 578 2096 648 bujusmodi
2125 582 2258 638 viris
2286 587 2589 641 temerariis
2616 588 2871 660 deinceps
2899 590 3380 659 comprimeretur,

1789 679 1844 726 et
1870 671 2125 728 Ecclesia:
2165 683 2337 730 status
2370 691 2474 731 non
2502 677 2938 735 labefactarctur.
2987 680 3116 735 Post
3164 682 3375 738 obitum

1787 776 1920 816 vero
1948 762 2128 818 domui
2155 764 2516 834 imperatoris,
2544 767 2800 837 praefatus
2841 769 2992 824 Ebbo
3032 769 3102 824 ab
3146 770 3238 826 illo
3280 774 3374 844 qui

1786 864 1912 904 eum
1934 854 2450 910 custodiebatfratri
2483 866 2667 914 nostro
2720 859 2980 915 Lotliario
3028 861 3224 917 ductus
3264 873 3372 916 est.

1787 938 1957 1006 Quem
2001 942 2170 997 isdem
2220 944 2389 1000 frater
2429 955 2615 1004 noster
2668 951 3052 1008 venerabiliter
3105 954 3182 1022 et)
3220 954 3376 1028 boni.

1786 1046 1892 1100 gne
1950 1026 2268 1102 suscipiens,
2320 1052 2442 1091 cum
2501 1039 2767 1110 episcopis
2831 1042 2921 1111 qui
2971 1058 3093 1098 cum
3152 1059 3218 1100 eo
3247 1026 3374 1100 tunc

1778 1120 1957 1191 juncti
1988 1133 2163 1190 erant,
2187 1140 2418 1194 quorum
2445 1128 2560 1198 ipse
2603 1131 2752 1187 Ebbo
2799 1148 2930 1189 usus
2973 1135 3222 1201 consilio,
3274 1138 3374 1192 du-

1784 1214 1912 1268 dum
1944 1214 2179 1270 libellum
2206 1231 2316 1272 sua:
2349 1219 2725 1287 confessionis,
2749 1231 2810 1278 ut
2836 1225 3153 1295 imperatori
3212 1229 3374 1283 satis-

1781 1301 2012 1370 faceret,
2036 1308 2309 1362 communi
2334 1324 2520 1364 eorum
2548 1327 2820 1372 consensu
2851 1315 2964 1370 suis
3003 1317 3262 1387 gradibus
3289 1332 3375 1374 est

1784 1395 2087 1452 restitutus.
2114 1397 2280 1454 Nobis
2321 1410 2502 1456 autem
2548 1417 2647 1473 pro
2693 1404 3102 1462 imminentibus
3139 1410 3374 1478 negotiis

1783 1485 1836 1540 in
1868 1485 2169 1556 Aquitania:
2195 1497 2382 1558 partes
2409 1493 2804 1560 recedentibus,
2834 1495 2901 1550 ab
2934 1497 3188 1552 universo
3225 1497 3376 1554 Rhe-

1781 1576 1985 1633 mensis
2001 1573 2257 1658 Ecclesiae
2281 1581 2428 1637 clero
2450 1592 2505 1638 et
2529 1585 2727 1654 populo
2747 1585 3059 1643 avidissime
3075 1591 3368 1658 expetitus,

91 1670 547 1739 transgrediendo
595 1687 701 1727 non
752 1673 1038 1740 violarent,
1079 1691 1150 1731 ne
1198 1653 1354 1732 forte
1381 1676 1661 1732 vindictan

1778 1667 1967 1738 sicque
2003 1653 2220 1725 demum
2269 1687 2299 1725 a
2351 1653 2686 1743 coepiscopis
2744 1687 2801 1730 et
2853 1676 3210 1748 suﬁ'raganeis
3255 1681 3372 1735 suis

88 1757 410 1814 severitatis
433 1769 754 1816 exercentes
784 1762 836 1817 in
867 1778 990 1818 cum
1022 1766 1113 1834 qui
1147 1766 1198 1820 in
1228 1780 1323 1820 eos
1354 1765 1661 1835 deliquerat.

1781 1757 1896 1810 sedi
1949 1757 2192 1827 pristinae
2234 1768 2319 1814 est
2365 1742 2668 1818 restitutus.
2715 1763 2814 1819 Cui
2866 1774 2992 1822 tunc
3023 1742 3228 1823 vomnes
3276 1770 3369 1840 qui

91 1860 203 1900 non
233 1848 552 1904 viderentur
575 1851 790 1920 dignam
814 1853 927 1909 Deo
956 1854 1184 1912 reddere
1220 1857 1674 1926 vicissitudinem,

82 1938 183 2006 qui
205 1953 306 1993 eos
335 1955 364 1994 a
393 1949 542 1995 tanto
571 1943 814 2012 periculo
859 1946 1285 2002 misericorditer
1325 1949 1672 2006 liberaverat.

85 2027 372 2084 Statuerat
399 2031 541 2086 enim
572 2033 785 2100 animo,
815 2044 874 2089 ut
897 2050 998 2105 pro
1027 2038 1328 2092 reverentia
1375 2040 1506 2094 tanti
1568 2041 1673 2094 mi-

84 2119 301 2174 nisterii
334 2121 636 2178 nullatenus
665 2124 721 2178 in
754 2125 1140 2196 depositionem
1186 2129 1502 2200 cujusquam
1555 2130 1672 2200 epi-

79 2209 236 2277 scopi
265 2211 528 2278 przeberet
566 2228 870 2271 assensum.
904 2215 972 2272 Et
996 2219 1065 2272 ob
1097 2220 1199 2274 hoc
1227 2220 1366 2289 apud
1395 2221 1540 2288 pium
1571 2221 1671 2275 im-

81 2307 394 2368 peratorem
418 2301 648 2358 obtinuit
698 2321 766 2360 ne
797 2305 848 2361 in
879 2307 998 2378 ejus
1025 2309 1414 2380 depositionem
1441 2311 1670 2382 amplius

79 2389 412 2458 impelleret.
430 2395 576 2462 quod
602 2403 660 2450 et
685 2399 978 2452 scentulum
1013 2381 1504 2458 moderatissimum
1532 2381 1669 2474 ejus.

78 2482 209 2536 dem
249 2485 528 2554 genitricis
565 2497 766 2544 nostrae
807 2489 1056 2561 gloriosa:
1099 2493 1465 2564 imperatricis
1492 2499 1668 2552 consi-

73 2569 214 2625 lium
245 2573 624 2632 satisfacerent
663 2578 908 2648 piissimo
941 2582 1276 2652 imperatori,
1321 2593 1374 2638 et
1422 2585 1473 2639 in
1515 2601 1666 2640 eum-

75 2658 207 2713 dem
253 2658 526 2717 Ebbonem
578 2680 683 2720 non
731 2665 892 2721 aliam
948 2671 1275 2725 sententiam
1334 2672 1663 2739 intulissent,

73 2749 184 2804 nisi
209 2765 370 2820 quam
395 2753 506 2823 ipse
533 2755 734 2825 scripto
760 2757 1021 2813 ediderat.
1051 2759 1200 2815 Hanc
1227 2772 1408 2817 autem
1438 2763 1665 2819 authen-

78 2839 245 2893 ticam
277 2842 628 2912 scriptionem
655 2861 683 2898 a
716 2848 942 2916 przefato
965 2847 1204 2904 Fulcene
1230 2851 1524 2907 venerabili
1573 2855 1665 2909 ab-

75 2929 224 2992 bate,
252 2930 339 2984 cui
369 2940 494 2987 tunc
523 2933 763 2989 Ecclesia
790 2935 1111 2994 Rhemensis
1137 2941 1423 2997 commissa
1463 2941 1659 3010 fuerat,

75 3018 406 3077 Hiucmarus
450 3025 776 3080 venerabilis
823 3027 1263 3101 archiepiscopus
1306 3033 1548 3102 accepit,
1605 3043 1660 3088 et

1753 1843 2068 1921 adfuerunt
2101 1841 2654 1919 communicaverunt,
2678 1868 2975 1926 omnesque
3018 1856 3367 1928 sulfraganei,

1777 1935 1960 2005 quieo
1984 1938 2210 1995 absente
2236 1941 2469 1998 ordinati
2495 1942 2733 2013 fuerant,
2764 1948 2994 2003 annulos
3027 1959 3085 2004 et
3117 1949 3363 2010 baculos.

1776 2035 1830 2079 et
1857 2042 1967 2082 sum
1990 2030 2420 2090 conﬁrmationis
2439 2035 2667 2107 scripta,
2714 2053 2866 2096 more
2905 2038 3233 2098 Gallicarum
3262 2042 3365 2100 Ec-

1776 2119 2066 2176 clesiarum
2114 2123 2184 2178 ab
2227 2138 2293 2180 eo
2321 2138 2670 2198 acceperunt.
2704 2129 2987 2187 Universis
3013 2142 3215 2198 autem,
3241 2136 3362 2205 qui-

1775 2210 1874 2265 bus
1896 2212 1962 2266 ad
1987 2229 2107 2267 eum
2133 2217 2493 2284 praestabatur
2513 2234 2767 2277 accessus
2812 2224 3357 2292 communicantibus,

1775 2301 2060 2357 Vull'adum
2089 2315 2145 2360 et
2171 2307 2307 2362 alios
2335 2309 2599 2378 quosdam
2626 2311 2795 2382 ipsius
2821 2313 3080 2370 Ecclesiae
3107 2315 3246 2372 ﬁlios
3283 2318 3359 2374 ibi

1771 2396 2058 2454 ordinavit.
2100 2400 2228 2456 Haec
2254 2401 2322 2457 de
2342 2403 2582 2460 Ebbonis
2607 2405 2907 2475 dejectione
2930 2417 2987 2464 et
3012 2410 3361 2468 restitutione

1771 2487 2006 2544 breviter
2032 2491 2454 2560 prmlibavimus,
2486 2505 2546 2551 ut
2573 2512 2638 2553 ex
2683 2498 2768 2554 his
2815 2509 3008 2556 vestrte
3036 2503 3356 2578 sagacitatis

1770 2578 2026 2661 decernat
2042 2582 2352 2650 prudentia,
2371 2594 2551 2641 utrum
2578 2588 2694 2643 haec
2716 2588 2784 2643 ad
2812 2589 3023 2645 Vulfadi
3045 2592 3356 2662 pertineant

1768 2669 2183 2738 depositionem,
2207 2689 2396 2731 necne.
2414 2677 2471 2732 Si
2502 2679 2623 2748 quis
2648 2666 2827 2736 autem
2856 2691 3049 2738 vestras
3072 2685 3352 2738 sanctitati

1764 2761 2033 2818 intimavit
2077 2766 2220 2835 quod
2279 2767 2447 2824 isdem
2523 2769 2590 2824 ad
2646 2769 3027 2829 Suessonicam
3087 2779 3352 2846 synodum

1765 2855 2023 2911 canonice
2049 2866 2272 2914 vocatus
2298 2858 2483 2926 fuerit,
2509 2871 2566 2918 et
2601 2879 2713 2919 suae
2741 2865 3108 2922 damnationis
3136 2867 3350 2924 litteras

1763 2941 2078 3013 ﬁrmaveril,
2107 2957 2201 3002 aut
2227 2953 2556 3019 porrexerit,
2587 2955 2773 3010 sciatis
2811 2955 3122 3012 nullatenus
3160 2972 3348 3013 verum

1762 3049 1902 3102 esse,
1919 3037 2042 3107 quia
2067 3054 2168 3096 nec
2191 3041 2290 3110 ipsi
2317 3045 2522 3114 synodo
2553 3045 2818 3102 interfuit.
2835 3048 2931 3104 llis
2958 3049 3030 3104 ita
3052 3051 3354 3120 gestis,ne—

1010 3095 1024 3098 _
1162 3095 1180 3101 -
1438 3095 1454 3102 -
1536 3095 1544 3099 -
1890 3095 1900 3102 .
1937 3095 1951 3107 .
2205 3095 2224 3110 .
2258 3095 2285 3096 η
2340 3095 2516 3114 μη-
2553 3095 2930 3104 ----
2958 3095 3030 3104 .-η
3052 3095 3323 3120 om.-.“

72 3109 233 3164 vobis
273 3126 416 3178 eam,
455 3121 511 3167 ut
557 3114 674 3184 ipse
719 3115 876 3171 nobis
923 3118 1127 3184 retulit,
1177 3121 1496 3176 transmisit.
1548 3121 1658 3178 Sed
1686 3095 1730 3158 Ο
1762 3129 2055 3183 cessarium
2071 3123 3350 3198 duximus,nosltumillimeétdevotissimeante

69 3207 262 3253 utrum
288 3215 424 3269 pure
456 3217 520 3256 ac
547 3202 867 3274 simpliciter
890 3205 1044 3260 vobis
1080 3206 1151 3261 sit
1189 3207 1396 3263 directa
1446 3210 1659 3280 ignora-

71 3302 222 3341 mus.
256 3288 369 3345 Hoc
408 3299 590 3347 tamen
645 3294 932 3351 verissime
980 3297 1252 3361 novimus,
1290 3302 1434 3368 quod
1482 3301 1660 3355 nullus

65 3379 452 3448 episcoporum
495 3396 616 3437 eam
665 3385 884 3453 propria
932 3401 1093 3441 manu
1147 3387 1653 3444 subtcrﬁmtaverit.

68 3470 211 3526 Nam
243 3473 382 3529 idem
403 3473 578 3540 Ebbo,
604 3487 877 3548 comperta
901 3478 1196 3536 inevitabili
1219 3481 1302 3536 sui
1334 3481 1658 3537 discriminis

61 3579 255 3630 causa,
286 3566 508 3634 protulit
539 3576 648 3622 tres
687 3575 876 3634 testes,
904 3580 1158 3640 tanquam
1203 3588 1329 3628 suos
1378 3573 1655 3630 confesso-

67 3669 179 3716 res,
226 3655 462 3710 Aiull'um
510 3657 760 3713 videlicet
804 3661 1292 3732 archiepiscopum,
1321 3662 1654 3730 Moduinum,

59 3760 120 3804 et
146 3749 485 3807 Badaradum
511 3754 792 3825 episcopos
816 3774 830 3809 :
858 3759 948 3826 qui
974 3759 1146 3814 vicem
1179 3761 1320 3816 iHius
1347 3762 1656 3820 obtinentes

64 3842 330 3906 dicerent,
362 3843 406 3897 si
434 3844 506 3897 ita
539 3859 724 3899 verum
749 3856 856 3912 est,
888 3859 946 3903 ut
971 3851 1083 3920 ipse
1117 3852 1267 3906 Ebbo
1312 3854 1392 3908 eis
1433 3855 1656 3911 conﬁte-

63 3932 248 3991 batur.
289 3934 575 3988 consilium
611 3936 660 3990 ei
690 3937 883 3992 darent
909 3949 968 3994 ut
1012 3957 1041 3994 a
1079 3943 1373 4012 pontiﬁcali
1407 3947 1653 4003 ministe-

64 4021 151 4075 rio
180 4022 495 4077 abstineret.
527 4021 627 4091 Qui
662 4029 827 4082 etiam
855 4030 956 4083 sibi
998 4031 1132 4086 alios
1175 4041 1286 4087 tres
1324 4036 1650 4104 asciverunt,

65 4113 159 4180 qui
199 4129 322 4167 eum
351 4115 456 4170 illis
498 4115 846 4174 confitentem
896 4123 1164 4187 viderunt,
1201 4123 1502 4182 Notltouem
1540 4131 1650 4185 sci-

63 4203 194 4258 licet
256 4207 740 4278 arcliiepiscopum,
803 4210 1196 4268 Tlieudericutn
1250 4225 1305 4270 et
1354 4219 1650 4276 Actardum

57 4295 367 4364 episc0pos.
411 4297 618 4363 Quibus
661 4299 911 4372 expletis,
946 4304 1200 4360 reductus
1243 4315 1328 4361 est
1369 4308 1426 4362 in
1478 4320 1651 4365 custo-

1760 3226 2110 3286 conspectum
2126 3221 2350 3290 majesta
2361 3224 2428 3279 tis
2450 3235 2644 3283 vestra:
2666 3229 2835 3284 nostri
2855 3229 3100 3300 apicibus
3129 3247 3350 3288 excusa-

1761 3307 1896 3362 biles
1923 3309 2179 3375 reddere,
2201 3327 2268 3367 eo
2292 3315 2433 3383 quod
2458 3326 2583 3371 ante
2609 3318 2973 3375 reversionem
2997 3321 3166 3392 Egilis
3192 3311 3348 3378 reve-

1760 3399 1910 3452 rendi
1929 3399 2317 3472 archiepiscopi
2343 3445 2358 3469 ,
2382 3405 2466 3459 vel
2496 3408 2903 3478 rescriptionem
2934 3411 3103 3464 vestri
3134 3426 3342 3480 praesu—

1759 3484 1920 3552 latus,
1934 3488 2161 3557 praefato
2180 3489 2407 3548 Vull‘ade
2423 3494 2605 3550 sedem
2619 3495 3344 3570 Bituriceusisarcbiepisco-

1757 3584 1914 3646 palus
1939 3582 2458 3650 commendavimus,
2474 3596 2528 3641 et
2549 3602 2672 3642 eum
2701 3589 2939 3660 episcopi
2960 3591 3104 3646 nulla
3128 3592 3346 3648 temeri-

1759 3674 1888 3732 tate,
1907 3671 2000 3725 sed
2027 3686 2219 3741 magna
2245 3674 2587 3732 incumbente
2601 3681 2944 3746 necessitate,
2961 3682 3042 3736 fisi
3057 3683 3124 3738 de
3141 3684 3354 3753 magni:

1755 3760 1944 3817 tudine
1965 3763 2352 3822 misericordiae
2386 3778 2598 3835 vestrm,
2615 3771 2681 3826 ad
2707 3773 2965 3827 honorem
2999 3775 3343 3845 episc0patus

1753 3866 2137 3923 provexerunt.
2158 3858 2284 3915 ldeo
2301 3861 2448 3915 enim
2471 3878 2593 3918 cum
2616 3864 2671 3919 in
2695 3864 2817 3919 illas
2835 3867 3142 3936 Aquitania:
3157 3877 3345 3937 partes

1754 3946 1820 4000 ad
1847 3946 2014 4003 ﬁlium
2037 3959 2091 4005 et
2113 3952 2447 4022 :equivocum
2472 3966 2717 4012 nostrum
2738 3959 3054 4024 direximus,
3079 3969 3134 4015 et
3155 3961 3344 4016 Eccle-

1754 4041 1888 4096 siam
1941 4042 2087 4096 illam
2124 4044 2174 4098 ei
2221 4047 2756 4112 commendavimus,
2803 4051 3058 4118 quoniam
3114 4065 3237 4105 eum
3282 4051 3339 4106 in

1753 4132 2070 4188 educatione
2097 4133 2320 4191 alterius
2349 4137 2442 4192 ﬁlii
2484 4141 2658 4194 nostri
2685 4181 2700 4204 ,
2729 4138 3074 4198 Carlomanni
3127 4143 3339 4201 scilicet

1751 4223 1896 4277 servi
1946 4225 2134 4289 vestri,
2171 4240 2348 4294 quem
2405 4237 2601 4282 vestrae
2647 4229 2968 4288 beatitudini
3028 4235 3340 4303 specialiter

1750 4315 2270 4380 commendavimus,
2303 4324 2358 4371 et
2382 4317 2505 4373 aliis
2529 4319 2854 4377 utilitatibus
2896 4323 3097 4378 nostris
3125 4327 3334 4394 experti
3401 4319 3404 4324 ’

59 4386 226 4439 diam.
258 4385 352 4441 llis
380 4397 557 4444 autem
580 4391 648 4445 ab
675 4393 941 4463 episcopis
975 4396 1152 4452 taliter
1175 4399 1416 4456 deﬁnitis
1437 4442 1452 4466 ,
1485 4403 1640 4458 dem-
1669 4443 1721 4504 Β
1750 4419 1937 4460 sumus
1965 4414 2020 4460 et
2043 4404 2258 4476 ingenio
2287 4416 2564 4464 strenuum
2587 4450 2604 4475 ,
2653 4421 2709 4466 et
2735 4412 2974 4469 moribus
2998 4414 3248 4486 probum,
3279 4427 3337 4472 et

62 4493 164 4504 ...η-
224 4479 518 4504 ἕωλλ-,ηΑ-
571 4497 667 4504 _-_
704 4482 775 4504 IV-
798 4485 923 4504 ,l-!,,!
946 4487 961 4504 ι
1305 4500 1314 4504 -
1385 4493 1418 4504 η
1627 4497 1638 4504 .
1819 4494 1832 4504 .
1857 4493 1869 4504 ι
1940 4494 1952 4504 .
2153 4495 2184 4504 η
2302 4495 2326 4504 Α
2354 4497 2365 4504 .
2401 4497 2436 4504 --
2502 4499 2513 4504 -
2718 4502 2733 4504 _
3072 4503 3079 4504 κ

62 4493 166 4531 nus
224 4479 518 4549 imperator
568 4497 668 4552 per
703 4482 1055 4542 Godefridum
1109 4493 1420 4548 monasterii
1468 4497 1641 4551 sancti

55 4567 305 4639 Gregorii
327 4572 689 4628 venerabilem
713 4575 963 4632 abbatem
994 4594 1106 4635 sua:
1127 4581 1404 4652 dignitatis
1432 4584 1642 4643 litteras

57 4661 443 4728 przedecessori
468 4675 648 4721 vestro
669 4668 866 4723 dotnno
883 4670 1147 4740 Gregorio
1169 4682 1476 4733 venerando
1491 4695 1640 4750 papa:

57 4751 259 4821 dirigit,
292 4751 408 4821 ejus
430 4771 732 4822 assensum,
759 4761 803 4813 si
829 4760 943 4814 ﬁeri
974 4773 1178 4832 posset,
1207 4765 1259 4820 in
1303 4753 1640 4838 depositione

58 4843 227 4911 ipsius
251 4845 484 4903 Ebbonis
521 4849 887 4919 espostulans.
917 4852 1034 4923 Ipse
1062 4870 1189 4912 vero
1220 4872 1316 4926 per
1351 4863 1636 4930 prmfatum

56 4935 302 4991 abbatem
326 4953 435 4994 sua:
467 4941 808 4996 auctoritatis
835 4943 1042 5000 litteras
1064 4947 1111 5002 ei
1139 4949 1366 5015 remisit,
1388 4954 1480 5009 sed
1506 4952 1635 5024 quid

57 5028 110 5080 in
145 5028 276 5096 ipsis
321 5029 582 5086 inscrtum
617 5030 801 5096 fuerit,
833 5035 1083 5092 omnibus
1110 5039 1377 5112 episcopis
1415 5055 1471 5102 et
1507 5059 1636 5099 cun-

55 5117 158 5172 ctis
188 5121 334 5191 regni
359 5120 527 5176 nostri
555 5119 843 5177 ordinibus
867 5124 1096 5182 habetur
1125 5129 1474 5200 incognitum.
1521 5131 1634 5192 Sed

55 5209 361 5266 sanctitatis
380 5222 576 5268 vestrae
605 5209 825 5266 solertia
856 5227 954 5283 per
983 5219 1181 5274 scrinia
1211 5219 1492 5292 dignitatis
1540 5237 1634 5276 ve-

54 5312 177 5358 stra
232 5302 551 5374 investigare
601 5301 803 5370 poterit
862 5305 988 5374 quid
1042 5310 1214 5366 isdem
1257 5318 1630 5383 prtedecessor

51 5405 223 5434 vmtar
244 5397 459 5434 spurcari!
487 5394 638 5434 ίιιιῖρ-
671 5391 950 5434 Crinnus":
983 5408 1160 5434 Ισηηοη
1194 5405 1316 5434 ηηῖη
1379 5413 1420 5434 ..ε
1448 5412 1503 5434 ε..
1539 5407 1606 5434 Αιι

1747 4493 1903 4549 nobis
1937 4494 1992 4548 in
2019 4495 2270 4552 omnibus
2294 4495 2688 4554 ﬁdelissimum.
2717 4502 2774 4556 In
2805 4517 2908 4572 qua
2937 4503 3335 4563 acceleratione

1744 4585 1789 4640 si
1818 4585 1949 4655 quid
1991 4595 2189 4642 vestra:
2235 4597 2439 4644 sanctae
2469 4591 2781 4648 serenitatis
2825 4595 3008 4653 animo
3034 4596 3332 4667 displicuit,

1742 4693 1772 4731 a
1804 4686 1982 4732 vestra
2012 4687 2196 4733 sancta
2223 4682 2546 4748 paternitate
2570 4682 2728 4740 nobis
2753 4684 2942 4742 donari
2965 4688 3332 4759 deposcimus.

1742 4767 1812 4824 Et
1856 4769 1980 4837 quia
2012 4767 2066 4821 in
2097 4769 2287 4822 eodem
2337 4785 2504 4841 regno
2553 4786 2744 4843 magna
2780 4765 3113 4848 paganorum
3143 4793 3331 4847 perse-

1742 4858 1890 4914 cutio
1925 4860 2292 4931 grassabatur,
2324 4877 2461 4931 quos
2505 4864 2822 4924 misericors
2853 4869 3118 4928 Dominus
3144 4885 3243 4941 per
3272 4871 3338 4926 ﬁ-

1743 4949 1876 5005 lium
1906 4959 2150 5008 nostrum
2181 4960 2237 5007 et
2265 4951 2453 5012 ﬁdeles
2477 4969 2623 5024 saepe
2650 4964 2967 5031 prostravit,
2995 4970 3054 5019 et
3087 4975 3152 5016 ea
3173 4977 3337 5018 occa—

1726 5042 1893 5100 sione
1936 5059 2041 5100 non
2079 5044 2258 5099 minor
2285 5046 2554 5110 malorum
2589 5045 3028 5113 Christianorum
3059 5052 3344 5112 infestatio

1737 5133 1900 5191 latius
1925 5135 2230 5200 eﬁ‘ervebat,
2258 5135 2403 5193 sicut
2428 5141 2517 5196 hic
2547 5147 2865 5203 nostrorum
2886 5148 3100 5220 apicum
3123 5144 3346 5214 gerulus

1687 5263 1690 5268 .
1736 5224 1858 5280 viva
1882 5241 2016 5282 voce
2041 5222 2191 5279 vobis
2221 5223 2463 5286 indicare
2502 5234 2723 5301 potest;
2759 5233 2873 5308 ipsa
2901 5243 3131 5309 urgente
3155 5247 3344 5289 neces-

1733 5314 1897 5371 sitate
1923 5315 2091 5388 ipsius
2119 5313 2271 5384 regni
2299 5321 2524 5376 excitati
2562 5318 2830 5396 episcopi,
2859 5345 2926 5385 ne
2957 5324 3167 5393 majora
3195 5322 3344 5376 mala

1734 5407 2200 5434 οι-ἎΑ-Α-ΑΑΛΛΠᾸἏῺ
2241 5413 2288 5434 ΔΙ
2317 5409 2609 5434 -..μμ-..ΙΞΑ
2635 5413 2754 5434 Α-..Ι-
2877 5428 2887 5434 .
3015 5423 3057 5434 ,Α
3087 5407 3338 5434 -ιιΑ-ιῖιιαυι
