3916 5434
550 382 664 437 ’8Ἱὸ

1582 370 1834 428 CAROLI
1874 371 2077 427 CALVI
2118 324 2543 427 ιηίιΑΝΟΟιῑιίλι
2589 370 2793 430 REGIS

3714 371 3809 430 εκ

530 488 533 493 ’
560 494 677 561 ejus
691 488 1082 546 ordinationem
1098 485 1582 544 maturaverint.ln
1596 464 1750 558 cujus
1781 484 2139 542 ordinationis
2167 489 2213 544 Λ
2246 465 2613 555 imputabitur,
2646 488 2737 556 qui
2771 470 3062 556 disponere
3091 468 3161 541 eti
3187 484 3466 549 ordinare,
3495 485 3715 541 etiamsi
3742 488 3819 542 di-

560 579 921 637 ntatumtione
940 579 1068 648 quia
1082 588 1260 633 vestra
1279 578 1517 643 licentia,
1538 592 1635 648 pro
1656 575 1768 646 jam
1795 577 1939 631 dicto
1966 575 2143 629 immi-

524 682 529 689 ‘
560 683 723 729 nente
736 672 995 743 periculo,
1010 679 1318 741 exspectata
1338 688 1441 724 non
1455 679 1739 735 est,vestra
1757 669 2142 739 benignissima

560 762 845 818 sanctitate
856 762 1089 831 petimus
1103 758 1771 832 indulgendumPraeterea
1787 768 2016 812 vestram
2035 773 2143 826 pra:

559 854 813 909 omnibus
860 853 1151 923 gloriosam
1196 861 1255 907 ct
1297 849 1712 922 amplexabilem
1759 849 2140 919 paternitatem

530 945 873 1016 suppliciter
898 960 1184 999 exoramus
1208 952 1286 1009 ut,
1319 944 1363 998 si
1410 942 1539 1012 quid
1583 942 1638 996 in
1682 941 1885 997 sanctis
1911 941 2144 1011 promis-

559 1035 804 1091 sionibus
841 1035 1039 1091 vestris
1080 1033 1354 1089 conﬁdere
1399 1034 1679 1097 audemus,
1722 1033 1847 1087 hinc
1886 1038 2144 1102 appareat

526 1115 662 1180 Tuos
696 1125 837 1195 apud
863 1138 961 1178 vos
1004 1123 1293 1194 plurimum
1324 1137 1501 1193 posse,
1534 1131 1594 1177 ut
1625 1122 1883 1192 quidquid
1921 1123 1973 1176 in
2006 1137 2142 1191 prae-

561 1214 720 1270 dictis
749 1213 1126 1268 dimittendum
1144 1222 1238 1268 est
1266 1213 1570 1278 dimittatis,
1595 1220 1651 1268 et
1672 1213 1988 1284 praedictum
2019 1211 2143 1266 ﬁde-

559 1307 825 1363 lissimum
859 1321 1075 1362 servum
1108 1316 1345 1361 vestrum
1392 1304 1677 1359 Vulladum
1723 1304 1887 1376 pallio
1925 1312 2143 1373 aposto-

558 1395 678 1452 licae
705 1396 1045 1453 auctoritatis
1082 1395 1395 1451 exornando
1424 1393 1717 1458 decoretis,
1746 1402 1802 1448 et
1837 1392 2143 1447 decorando

558 1487 910 1544 conﬁrmetis.
957 1488 1251 1542 Actardum
1298 1485 1630 1540 Namnetica:
1677 1484 1948 1554 quondam
1997 1482 2141 1538 sedis

526 1578 527 1581 “
557 1583 925 1639 venerabilem
967 1582 1277 1653 episcOpum
1302 1622 1320 1647 ,
1365 1580 1614 1635 exsilium
1642 1619 1658 1645 ,
1706 1578 1884 1633 vincla
1913 1619 1927 1643 ,
1970 1590 2138 1643 mare,

530 1678 691 1731 'dura
737 1661 979 1745 pe'ricula
1018 1688 1283 1744 passum.
1328 1671 1419 1726 sed
1467 1670 1639 1740 gratia
1686 1670 1782 1725 Dei
1830 1668 2138 1733 liberatum,

556 1764 943 1820 Nortbmannis
985 1763 1213 1818 nimium
1270 1759 1691 1830 Britonibusque
1742 1759 2020 1823 vicinum,
2076 1771 2143 1812 ac

557 1854 782 1928 perinde
826 1854 1018 1909 civitas
1054 1853 1158 1908 sibi
1195 1852 1485 1908 commissa
1510 1890 1526 1915 ,
1574 1849 1704 1905 olim
1738 1848 2143 1915 ﬂorentissima,

528 1952 704 2001 'nuuc
731 1954 922 2000 exusta
958 1954 1013 1999 et
1054 1942 1298 1999 funditus
1332 1944 1535 2009 diruta,
1566 1942 1784 1997 redacta
1818 1955 1917 2010 per
1952 1939 2145 1994 decen-

532 2034 710 2091 'nium
740 2036 984 2091 cernitur
1008 2034 1061 2088 in
1097 2048 1364 2100 eremum,
1397 2032 1607 2088 ﬁdelem
1634 2031 1867 2103 legatum
1896 2040 2142 2085 nostrum

557 2134 753 2182 vestra:
778 2126 1133 2183 sanctissima:
1169 2125 1481 2198 paternitati
1519 2124 1804 2195 dirigimus
1826 2166 1841 2189 ,
1886 2123 2027 2195 quod
2057 2124 2144 2177 lit-

530 2216 690 2274 ἰρι-τε
716 2229 916 2274 nostra:
947 2219 1125 2273 minus
1155 2217 1374 2283 habent,
1404 2231 1505 2288 pro
1533 2225 1777 2286 tempore
1805 2223 1860 2269 et
1898 2229 1994 2285 per
2022 2228 2144 2283 spa-

557 2309 694 2363 tium
721 2308 872 2363 vobis
900 2307 1118 2378 placens
1157 2308 1323 2362 verbo
1366 2315 1521 2362 tenus
1568 2304 1998 2377 signiﬁcandum.
2044 2303 2141 2358 Cui

532 2402 683 2471 'qnia
715 2399 858 2455 nulla
887 2408 1067 2454 manet
1089 2415 1213 2471 spes
1244 2400 1296 2455 in
1332 2399 1547 2470 propria
1574 2440 1590 2466 ,
1634 2399 1678 2453 si
1707 2399 1896 2454 annuit
1921 2407 1976 2452 et
2002 2397 2145 2452 favet

476 2520 491 2537 κ
533 2488 970 2563 'vigilanti'ssima
1000 2499 1198 2546 vestra:
1223 2489 1567 2545 discretionis
1595 2488 1838 2554 solertia,
1867 2488 2143 2542 voluntate

555 2594 612 2640 et
639 2591 818 2639 mente
843 2583 1240 2653 promptissima
1265 2591 1514 2653 optamus
1551 2582 1795 2635 vacantis
1831 2579 1974 2634 sedis
2010 2594 2141 2633 con-

555 2676 815 2730 stituatur
842 2674 1199 2737 in‘cathedra,
1228 2688 1334 2742 quo
1360 2672 1530 2742 possit
1569 2671 1805 2743 iniuncta
1838 2671 1938 2726 sibi
1968 2679 2023 2724 et
2055 2685 2144 2723 or-

556 2770 738 2824 dinata
760 2781 1019 2837 peragere
1039 2765 1364 2831 ministeria,
1388 2778 1603 2834 quoque
1624 2763 1803 2817 valeat
1824 2762 2143 2817 utilitatibus

556 2859 960 2920 ecclesiasticis,
988 2866 1043 2912 et
1062 2856 1337 2925 obsequiis
1361 2870 1552 2926 parere
1577 2856 1797 2910 nostris.
1830 2853 1931 2921 Qui
1959 2854 2144 2909 Roma:

538 2948 850 3003 'destinavit
892 2947 1102 3017 aliquas
1150 2945 1332 3000 facere
1378 2961 1593 3007 moras,
1635 2954 1695 2999 ut
1729 2946 2145 3002 adventantibus

555 3037 868 3093 Britonibus
898 3039 1066 3106 possit
1093 3052 1276 3092 coram
1308 3036 1516 3106 positus
1540 3052 1633 3091 eos
1657 3037 2009 3101 convincens,
2033 3051 2144 3091 sua:

556 3128 1022 3195 ecclesiarumque
1047 3127 1343 3182 vicinarum
1374 3129 1441 3181 ab
1468 3128 1549 3181 eis
1572 3136 1879 3197 perpetrata
1907 3128 2143 3196 pandere

536 3216 902 3274 'detrimenta.
930 3218 1083 3274 Unde
1110 3218 1347 3289 synodus
1373 3216 1717 3273 Suessionica
1747 3226 1801 3273 et
1832 3219 2140 3273 Tricassina
2170 3191 2214 3252 C

536 3311 619 3367 'se
659 3319 945 3367 monuerat
984 3308 1306 3378 legationem
1339 3325 1573 3375 sumere,
1610 3318 1874 3379 quatenus
1904 3328 2036 3380 gens
2063 3320 2142 3366 te-

538 3404 792 3462 meraria
816 3445 830 3470 ,
885 3403 1047 3459 fallax
1089 3412 1143 3458 et
1174 3402 1432 3469 barbara,
1470 3401 1767 3471 apostolico
1815 3418 2071 3457 mucrone
2109 3419 2140 3457 a

554 3495 753 3551 talibus
783 3495 930 3550 ausis
952 3495 1264 3550 excessibus
1290 3503 1624 3557 coercentur,
1647 3502 1701 3549 et
1723 3495 2143 3564 prmsmuptioue

537 3584 831 3658 praesenti.
874 3586 1009 3641 Huic
1050 3595 1237 3641 nostro
1263 3585 1502 3648 alumno,
1535 3593 1826 3653 vestroque
1864 3583 2138 3648 clientulo,

557 3677 718 3734 solito
767 3692 917 3732 more
956 3691 1176 3731 oramus
1221 3674 1440 3746 pietatis
1481 3681 1673 3729 vestrae
1712 3674 2141 3729 charitosissima

554 3767 765 3823 viscera
803 3764 987 3837 patula
1035 3764 1151 3819 fore
1182 3782 1196 3817 :
1228 3778 1336 3833 quo
1366 3761 1543 3817 valeat
1568 3777 1722 3815 mens
1749 3762 1957 3816 diutino
1982 3778 2143 3832 quas-

557 3869 675 3916 sata
697 3873 932 3914 interere
950 3857 1087 3913 vivis
1111 3870 1175 3910 ac
1196 3855 1513 3911 salientibus
1534 3853 1815 3909 resolidari
1834 3862 1889 3909 et
1908 3854 2143 3910 recreari

556 3949 795 4006 ﬂuentis.
1623 3964 1627 3969 -

1132 4054 1462 4113 EPISTOLA
1484 4052 1572 4112 Vl.

752 4190 821 4230 AD
861 4186 1073 4229 ADONEI
1116 4186 1563 4228 Αιιοωενιεεορωί
1603 4183 1957 4226 νιεαηκεει.

464 4368 475 4376 ’
562 4288 641 4344 Dc
688 4286 982 4345 ordinando
1018 4284 1273 4341 Βενιαήο
1317 4285 1375 4339 in
1415 4285 1713 4355 episcopum
1759 4280 2148 4353 Gratianopoli-

1243 4386 1445 4432 tonum.

938 4512 1119 4587 [Apud
1149 4512 1215 4567 D.
1248 4508 1447 4580 Bouq.,
1478 4515 1609 4564 tom.
1639 4505 1777 4580 γη]

634 4631 882 4688 ϐλιιοιυς
909 4643 1006 4683 rex
1028 4626 1200 4683 About
1220 4621 1518 4680 venerabili
1538 4620 1945 4691 archiepiscopo
1968 4618 2153 4673 uobis-

564 4742 671 4799 que
696 4723 1016 4781 charissima
1039 4719 1290 4777 salutem.

636 4815 739 4872 Per
760 4813 1000 4870 Odonem
1016 4819 1072 4866 et
1098 4808 1234 4864 alios
1261 4805 1449 4862 ﬁdeles
1463 4812 1677 4860 nostros
1697 4802 2023 4857 voluntatem
2041 4818 2147 4865 no-

552 4917 738 4964 stram
771 4904 926 4971 vobis
950 4901 1262 4973 aperuimus
1290 4898 1454 4954 :inde
1478 4911 1607 4952 cum
1644 4894 1711 4949 ad
1741 4909 1840 4948 nos
1865 4893 2148 4959 veneritis,

567 4997 828 5046 certiores
864 5009 962 5047 vos
989 4991 1294 5047 reddemus.
1328 4988 1642 5043 Mandamus
1666 4984 1994 5041 ﬁdelissima:
2019 4999 2147 5039 san-

2246 579 2415 633 lectus
2439 593 2604 647 nepos
2642 588 2826 633 noster
2867 579 2919 633 in
2966 577 3071 631 alia
3113 578 3399 633 intendens
3442 579 3712 647 pateﬁt,
3760 596 3821 636 Il

2245 670 2470 741 populus
2494 670 2588 725 Dei
2621 680 2839 740 pastore
2857 683 3051 725 carens
3072 668 3385 734 oberraret,
3418 670 3600 739 ipsum
3625 670 3820 739 episeo-

2244 778 2368 831 pum
2399 771 2453 816 ct
2481 763 2883 831 episcopatum,
2928 776 2991 814 ac
3034 762 3217 815 omnia
3257 760 3431 829 ipsius
3459 759 3821 815 Ecclesizede-

2244 857 2456 910 huistis.
2485 857 2647 911 Vobis
2666 856 2807 910 enim
2835 865 2888 909 et
2912 854 3163 909 omnibus
3181 853 3455 923 episcopis
3475 852 3598 907 sub
3616 868 3820 908 ornata

2244 944 2539 999 Ectlcsiam
2593 959 2746 999 suam
2794 943 3041 999 Christus
3082 942 3224 996 Deus
3270 950 3459 995 noster
3505 942 3819 995 commisit:

2243 1039 2327 1092 cui
2359 1046 2408 1091 ct
2440 1052 2536 1091 nos
2567 1039 2619 1090 in
2652 1035 2904 1090 omnibus
2942 1034 3327 1089 venerabiliter
3372 1033 3536 1088 subdi
3583 1039 3819 1102 oportet;

2245 1138 2303 1182 ut
2330 1143 2450 1181 cum
2480 1142 2575 1180 vos
2597 1143 2715 1196 qua:
2741 1126 2885 1180 illius
2911 1136 3036 1180 sunt
3059 1125 3288 1196 impigre
3318 1123 3695 1193 pet-feceritis,
3722 1124 3820 1177 sine

2244 1220 2406 1271 dubio
2434 1219 2570 1287 apud
2595 1218 2739 1270 illum
2764 1232 2862 1287 pro
2891 1217 3044 1271 nobis
3064 1230 3341 1285 regnoque
3364 1222 3562 1270 nostro
3587 1213 3821 1268 ﬁdentius

2244 1309 2578 1362 intercedere
2605 1323 2700 1362 vos
2731 1322 2835 1361 non
2860 1306 3186 1361 dubitemus.
3214 1304 3426 1371 Valete,
3452 1314 3516 1359 et
3535 1306 3596 1358 in
3629 1303 3820 1357 oratio-

2245 1402 2401 1454 nibus
2440 1399 2635 1453 vestris
2664 1398 2834 1453 nostri
2877 1411 3147 1452 memores
3170 1411 3390 1466 semper
3418 1394 3571 1449 sitis.
3604 1394 3820 1464 Accepta

2242 1491 2308 1546 Vl
2333 1488 2447 1543 Kal.
2477 1487 2828 1559 Septembris.

2786 1613 3121 1670 EPISTOLA
3152 1613 3261 1670 Vl].

2792 1746 2862 1785 AD
2898 1745 3165 1786 ADBILNUI
3205 1745 3270 1784 ll.

2171 1837 2425 1919 B[Apud
2484 1844 2546 1900 Ρ.
2593 1841 2894 1909 Delaland.,
2959 1839 3231 1910 Supplem.
3292 1840 3365 1895 ad
3428 1812 3639 1896 Cone.
3673 1840 3816 1910 antiq.

2945 1930 3110 2004 Gall.]

2313 2048 2543 2103 Domino
2586 2045 2930 2102 sanctissimo
2979 2054 3140 2114 atque
3171 2045 3651 2101 reverendissimo
3691 2041 3817 2098 Patri

2242 2139 2504 2202 ADBIANO,
2535 2136 2781 2193 Cmows
2808 2137 2978 2208 gratia
3003 2137 3095 2189 Dei
3123 2151 3240 2190 rex.

2316 2230 2503 2284 Vestra
2529 2229 2831 2283 veneranda
2868 2227 3164 2295 paternitas
3206 2226 3367 2281 nobis
3404 2225 3701 2296 epistolam
3734 2241 3813 2294 pro

2244 2322 2539 2378 Hincniaro
2561 2320 2924 2384 Laudunensi,
2948 2320 3217 2389 quondam
3238 2320 3527 2389 episcopo,
3556 2320 3717 2373 misit.
3733 2319 3818 2371 Cu-

2237 2415 2325 2486 jus
2359 2411 2650 2484 primordia
2679 2412 2750 2465 ita
2787 2427 2849 2465 se
2878 2411 3097 2465 habent.
3125 2409 3346 2463 Initium
3378 2420 3590 2464 nostra:
3611 2409 3819 2463 locutio-

2244 2506 2328 2561 nis
2354 2506 2418 2560 ad
2453 2513 2525 2568 te,
2560 2503 2630 2557 ﬁli
2648 2503 2986 2565 charissime,
3014 2517 3136 2556 cum
3161 2502 3433 2572 propheta
3462 2510 3572 2555 est.
3590 2501 3722 2555 Ecce
3741 2498 3817 2569 qui

2245 2595 2374 2649 dicit
2410 2611 2424 2648 :
2469 2590 2700 2663 Populus
2738 2593 2822 2645 hic
2848 2608 2930 2645 me
2962 2590 3114 2644 labiis
3151 2593 3407 2654 honorat,
3431 2607 3529 2643 cor
3550 2603 3718 2644 autent
3742 2606 3818 2642 cc-

2244 2704 2361 2742 rum
2388 2686 2537 2757 longe
2553 2695 2628 2739 cst
2665 2703 2695 2738 a
2727 2701 2809 2738 me
2830 2682 2964 2756 (Isa.
2998 2683 3171 2753 XXIX).
3206 2682 3275 2737 Et
3309 2697 3423 2736 non
3454 2691 3819 2752 optavemncs

2245 2780 2386 2850 apud
2415 2775 2774 2831 reverentiam
2807 2784 3044 2829 vestram
3074 2773 3178 2827 alia
3209 2789 3344 2829 voce
3379 2784 3441 2828 et
3474 2772 3818 2844 postulatione

2246 2872 2348 2925 alia
2376 2868 2521 2938 loqui
2552 2868 2597 2922 si
2629 2882 2727 2920 nos
2753 2865 2822 2920 ad
2851 2865 2952 2919 hoc
2972 2905 2987 2928 ,
3018 2880 3136 2932 quae
3163 2864 3319 2917 inviti
3346 2863 3631 2933 loquimur
3658 2873 3714 2917 et
3744 2875 3820 2917 oo-

2246 2962 2352 3017 acti
2386 2958 2722 3030 deposcenda
2751 2957 2997 3011 ducimus
3027 2955 3329 3009 necessitas
3358 2954 3534 3009 nimia
3561 2970 3668 3008 non
3693 2968 3820 3008 coto-

2245 3053 2486 3126 pelleret.
2505 3050 2658 3119 Sarpe
2673 3050 2827 3105 nobis
2843 3047 3322 3118 exprobrationum
3338 3046 3609 3115 epistolas
3628 3046 3819 3100 mittitis

2246 3154 2303 3200 et
2329 3144 2557 3198 crimina
2583 3140 2736 3196 vobis
2775 3139 3071 3211 incognita,
3110 3137 3213 3191 nisi
3242 3148 3517 3206 quantum
3545 3152 3643 3206 per
3676 3135 3817 3191 male-

2245 3252 2434 3292 vorum
2462 3246 2770 3289 nostrorum
2792 3248 2886 3286 ora
2912 3232 3129 3292 auditis.
3156 3230 3317 3284 nobis
3343 3230 3672 3300 impingitis,
3690 3228 3813 3298 quod

2245 3337 2438 3383 vestrm
2468 3325 2773 3381 sanctitatis
2805 3324 3163 3378 ministerium
3191 3338 3301 3376 non
3330 3331 3639 3390 oporteret,
3669 3334 3816 3389 Iteqne

2245 3424 2482 3484 deceret,
2516 3421 2609 3475 sed
2647 3433 2823 3486 neque
2861 3419 3175 3473 decessores
3200 3430 3267 3468 ac
3291 3401 3727 3484 prmdecessores
3743 3429 3818 3465 ve-

2244 3512 2343 3568 stri
2388 3510 2590 3566 nostris
2634 3509 3011 3565 decessoribus
3056 3520 3120 3559 ac
3168 3506 3671 3574 praedecesspribus
3712 3502 3813 3555 talia

2246 3603 2621 3672 intpegerunt,
2686 3598 2771 3653 vel
2823 3596 3234 3652 mandaverunt.
3286 3590 3448 3647 Sicut
3501 3606 3730 3663 namque
3770 3592 3812 3643 ia

2245 3692 2553 3763 apostolicae
2600 3690 2745 3745 sedis
2796 3688 3107 3759 poutiticum
3169 3694 3227 3740 et
3274 3684 3332 3737 in
3398 3684 3811 3739 Christianorum

2246 3800 2453 3855 regum,
2480 3798 2544 3837 ac
2576 3783 2962 3852 imperatorum
2995 3778 3241 3847 epistolis
3282 3776 3522 3847 legimus
3559 3793 3576 3829 ;

2247 3892 2400 3948 rcges
2428 3885 2481 3929 et
2511 3876 2864 3944 imperatores
2885 3872 3025 3927 beati
3054 3869 3201 3924 Petri
3224 3867 3604 3940 apostolorum
3634 3866 3811 3937 princi—

2244 3970 2329 4039 pis
2353 3981 2720 4031 successores,
2750 3962 2937 4020 Patres
2964 3963 3410 4033 appellaverunt;
3438 3971 3498 4016 et
3528 3960 3815 4030 apostolum

2244 4061 2506 4117 Romana!
2528 4059 2672 4115 sedis
2699 4058 3006 4128 pontiﬁces,
3036 4070 3193 4124 reges
3217 4063 3274 4108 et
3298 4054 3665 4123 imperatores
3684 4051 3814 4105 Chn-

2247 4157 2453 4211 stianos
2492 4168 2660 4223 usque
2700 4151 2767 4205 ad
2797 4159 2975 4205 vestra
3018 4158 3265 4218 tempora
3296 4145 3469 4201 Filios
3494 4155 3552 4199 et
3583 4144 3808 4199 Dominus

2246 4253 2596 4301 vocaverunt.
2648 4242 2801 4297 Nunc
2844 4248 3063 4294 econtra
3119 4252 3245 4291 cum
3297 4236 3449 4290 dicat
3501 4233 3806 4304 Apostolus:

2248 4340 2399 4405 Filii,
2423 4338 2619 4392 obedile
2646 4333 2949 4406 parendbus
2973 4330 3178 4394 castris,
3206 4330 3355 4399 quod
3384 4326 3757 4387 devotissime,
3774 4321 3808 4376 ti

2251 4430 2406 4486 nobis
2434 4429 2640 4491 liceret,
2674 4439 2835 4495 agere
2859 4436 3202 4494 cuperemus,
3230 4428 3289 4473 et
3323 4438 3338 4473 :
3371 4431 3576 4489 patres,
3598 4418 3807 4472 «aliud

2175 4536 2228 4596 D
2256 4522 2585 4578 iracundiam
2606 4533 2886 4590 provocare
2914 4514 3053 4585 ﬁlios
3076 4525 3273 4569 vestras
3306 4512 3449 4583 (Col.
3476 4514 3585 4585 tu).
3614 4511 3807 4579 Pedoni

2252 4623 2307 4668 et
2331 4609 2631 4685 tyrannidis
2659 4617 2820 4675 atque
2843 4605 3081 4675 perﬁdia:
3098 4619 3207 4658 non
3238 4603 3513 4667 confessi,
3534 4618 3633 4658 nec
3652 4603 3809 4656 ordiar

2242 4707 2535 4779 judiciario
2560 4702 2802 4774 legaliter
2821 4709 2876 4754 et
2901 4698 3220 4769 regulariter
3247 4700 3493 4753 convicti
3519 4718 3534 4752 :
3556 4715 3674 4753 cum
3700 4700 3810 4751 sitat

2251 4797 2313 4853 Β.
2343 4795 2678 4865 AuguStinus
2704 4806 2772 4845 ex
2816 4790 3025 4860 legibus
3054 4788 3254 4843 divinis
3282 4798 3457 4858 atque
3486 4788 3727 4844 humanis
3750 4787 3809 4838 in-

2252 4896 2492 4943 structus
2519 4883 2661 4938 dicat
2691 4899 2704 4936 :
2735 4880 2874 4947 Quia
2901 4893 3059 4935 nemo
3098 4878 3202 4933 sibi
3243 4888 3549 4950 utrumque
3576 4879 3725 4934 audet
3746 4890 3811 4928 as-

2254 4991 2469 5033 sumere
2488 5015 2503 5040 ,
2534 4982 2588 5028 et
2613 4973 2864 5041 cuiquam
2896 4970 3010 5039 ipse
3045 4969 3116 5022 sit
3145 4980 3448 5023 accusata:
3477 4980 3532 5023 et
3560 4970 3732 5039 iudex.
3758 4964 3807 5017 Et
