3916 5434
50 308 171 370 877

1535 308 1921 365 EPISTOLAE.

3262 317 3368 377 878

46 430 302 501 publico
322 427 599 509 adulterio,
614 436 867 498 nepotem
890 426 1166 499 quondam
1203 433 1448 482 nostrum
1475 422 1676 480 Lotba-
1702 425 1757 486 Α
1786 422 2128 492 Ducendum,
2157 424 2332 498 inquit
2355 429 2634 495 Dominus,
2666 438 2714 486 et
2741 430 2921 487 videbo
2963 439 3141 488 utrum
3173 432 3366 490 clamo-

48 522 218 576 rium
242 520 646 592 deprehensum
690 520 852 590 regiae
879 519 1139 590 potestati
1162 519 1423 573 honorem
1447 530 1672 571 conser-

48 627 242 676 vans.
289 628 402 669 non
443 611 621 668 taliter
650 611 705 666 in
732 611 847 666 suis
872 610 1186 682 apostolicis
1215 608 1411 663 litteris
1439 605 1675 677 appella-

32 705 158 769 vit,
200 706 357 761 sicut
404 720 506 761 nos
535 703 842 775 appellatis,
888 717 1052 774 quem
1096 717 1198 757 nec
1226 701 1536 758 confessum
1570 713 1672 755 nec

42 794 391 850 convictum
423 796 616 851 tenetis
634 834 649 859 ,
681 810 783 850 nec
806 794 955 849 illum
982 793 1503 859 excommunicavit,
1531 792 1674 848 sicut

28 900 157 944 .nos
206 887 342 942 sine
392 886 719 942 auctoritate
750 895 827 941 ‘et
875 886 1085 942 ratione
1121 883 1671 943 excommunicandos

45 975 325 1031 minatis.
355 975 490 1032 Cum
514 992 627 1031 non
668 977 978 1047 ignoremus
1004 992 1073 1032 ex
1101 990 1381 1031 sacrarum
1412 973 1669 1045 Scriptu-

24 1082 263 1121 .rarum
298 1068 518 1123 tramite
561 1075 617 1123 et
639 1067 887 1123 doctrina
933 1068 1243 1139 apostolicae
1268 1067 1412 1124 sedis
1442 1067 1668 1138 pontifi-

45 1173 189 1212 cum
210 1196 232 1224 ,
284 1158 431 1214 unde
467 1166 525 1213 et
548 1157 785 1227 qualiter
804 1199 818 1222 ,
860 1172 926 1213 ac
952 1158 1225 1228 quomodo
1250 1164 1307 1213 et
1345 1173 1454 1228 quo
1478 1159 1669 1216 ordine

38 1262 432 1319 quemquam,
460 1248 703 1320 pontifex
730 1250 958 1320 quilibet
983 1252 1176 1307 debeat
1202 1252 1525 1323 regulariter
1546 1268 1664 1309 .ex-

40 1341 505 1395 communicare.
544 1339 614 1394 Et
640 1349 851 1396 certum
882 1348 1130 1397 tenemus
1167 1357 1329 1398 nosse
1367 1344 1665 1413 paternita-

44 1438 167 1482 tem
206 1439 456 1485 vestram
476 1437 532 1484 et
557 1439 807 1485 sanctam
838 1431 1143 1486 Romanam
1182 1432 1506 1497 Ecclesium,
1530 1449 1665 1504 quas

41 1519 338 1588 epistolas
369 1519 688 1575 decessores
727 1535 792 1574 ac
833 1521 1264 1590 praedecessores
1303 1523 1469 1577 vestri
1508 1521 1665 1579 Chri-

36 1609 269 1664 stianis
298 1609 666 1665 Romanorum
696 1618 751 1665 et
779 1609 1113 1668 Francorum
1146 1612 1581 1682 imperatoribus,
1609 1623 1666 1669 et

0 1694 2 1699 ’
40 1701 513 1771 progenitoribus
541 1701 746 1757 nostris
773 1701 1094 1765 direxerint,
1116 1710 1174 1756 et
1197 1701 1428 1774 qualiter
1446 1718 1561 1769 eos,
1595 1704 1661 1759 de

1776 533 1906 584 rem,
1944 520 2034 590 qui
2063 521 2200 574 venit
2229 522 2299 574 ad
2322 538 2426 588 me,
2454 539 2606 593 opere
2631 523 2993 594 compleverint
3018 538 3038 577 :
3061 543 3131 581 an
3160 542 3266 581 non
3289 534 3366 581 est

1772 610 1848 664 ita
1879 620 1934 665 ut
1958 612 2124 666 sciam
2167 609 2320 682 (Cen.
2353 613 2540 685 xvm);
2573 623 2628 671 et
2656 634 2670 670 :
2696 615 2926 671 Causam
2968 634 3126 690 quam
3161 621 3364 675 nescie-

1757 695 1925 768 'bam,
1951 702 2345 773 diiigeutissime
2382 705 2754 777 inuestigabam
2794 706 2914 780 (Job
2970 710 3142 780 χιιι).
3177 710 3364 768 Sancti

1772 791 1971 862 quippe
2000 792 2251 863 doctique
2288 794 2601 862 pontifices,
2630 804 2686 850 et
2713 794 2826 864 jam
2854 796 2922 851 ab
2947 796 3027 852 eis
3051 799 3363 869 praeiudicia

1754 882 2061 956 patientes,
2086 898 2193 939 non
2223 883 2300 940 sic
2325 884 2697 941 Constantium
2713 886 2992 952 Arianum,
3015 897 3071 943 et
3089 886 3385 947 Julianum‘

1771 980 2080 1041 apostatum
2116 983 2464 1031 vocaverunt.
2510 975 2577 1030 Et
2610 977 2654 1032 si
2681 991 2871 1032 omnes
2896 977 3153 1049 epistolas
3189 980 3366 1035 revol-

1768 1062 1919 1127 vitis,
1951 1078 2088 1133 quas
2130 1050 2394 1121 habemus
2440 1082 2507 1122 ex
2555 1082 2621 1122 eo
2668 1075 2931 1138 tempore,
2975 1085 3083 1140 quo
3130 1069 3365 1127 Romani

1767 1154 2050 1222 pontifices
2097 1155 2165 1210 ad
2210 1170 2364 1228 reges
2407 1158 2743 1214 Francorum
2774 1169 3057 1232 coeperunt
3094 1162 3361 1226 scribere,

1768 1247 1903 1302 nihil
1930 1247 2037 1304 tale
2062 1248 2114 1302 in
2148 1249 2229 1305 eis
2260 1250 2563 1307 invenietis.
2597 1251 2870 1323 Scriptum
2898 1262 2983 1309 est
3011 1253 3174 1311 etiam
3203 1254 3362 1309 nobis

1771 1349 1900 1389 voce
1938 1345 2139 1401 vestra,
2188 1338 2315 1407 quia
2357 1354 2443 1393 res
2481 1355 2673 1395 omnes
2720 1340 3009 1397 liincmaro
3040 1342 3362 1398 commissas

1766 1425 2041 1492 Ecclesiae,
2068 1430 2239 1483 donec
2260 1429 2326 1483 ad
2350 1431 2566 1499 propria
2597 1439 2915 1497 reverteret,
2938 1431 3096 1487 nobis
3114 1430 3362 1487 commit-

1769 1518 1978 1583 teretis,
2012 1526 2072 1571 ut
2100 1519 2379 1573 indemnes
2401 1522 2789 1588 consisterent,
2819 1529 2874 1575 et
2899 1520 3117 1592 aliquod
3141 1521 3361 1591 dispen-

1766 1605 1917 1661 dium
1964 1623 2070 1662 non
2116 1608 2490 1675 incurrerent;
2537 1613 2733 1681 quibus
2778 1611 3089 1678 referimus,
3142 1612 3270 1683 quia
3297 1620 3361 1667 ut

1766 1698 1958 1754 beatus
1984 1700 2116 1755 dicit
2141 1700 2455 1772 Gregorius,
2487 1718 2586 1758 nos
2626 1719 2779 1775 reges
2816 1702 3150 1758 Francorum
3179 1717 3246 1757 ex
3272 1717 3361 1758 re-

42 1794 277 1865 quibus
304 1809 524 1849 necesse
565 1793 771 1858 fuerat,
819 1793 1282 1859 commonuerint,
1322 1809 1431 1850 non
1471 1809 1666 1866 expro-
1691 1778 1740 1838 Β
1767 1791 1856 1862 gio
1891 1806 2087 1862 genere
2116 1793 2405 1863 progeniti,
2445 1810 2550 1848 non
2600 1794 2979 1864 episcoporum
3009 1794 3357 1860 vicedomini,

38 1886 373 1949 baverunt,
401 1898 577 1954 neque
603 1885 832 1939 crimina
860 1884 942 1939 eis
963 1885 1322 1954 impegerunt,
1345 1884 1431 1940 vel
1458 1885 1664 1940 calum-

36 1976 185 2031 nias
208 1975 548 2042 intulcrunt,
577 1977 673 2031 sed
702 1976 767 2030 de
789 1976 873 2032 bis
899 1991 1022 2047 quae
1047 1976 1116 2031 ad
1140 1992 1299 2032 suum
1325 1977 1660 2032 ecclesiasti-

32 2082 191 2121 cum
239 2066 608 2121 ministerium
635 2065 1017 2134 pertinuerint,
1062 2081 1156 2121 eos
1196 2066 1575 2121 instruxerunt
1609 2077 1665 2123 et

37 2163 550 2219 commonuerunt,
595 2163 653 2210 et
693 2155 844 2226 regni
874 2170 939 2210 ac
971 2155 1252 2211 saecularia
1297 2157 1509 2226 negotia
1555 2157 1660 2211 sibi

37 2261 167 2300 non
199 2253 634 2314 usurpaverant,
674 2244 911 2300 scientes
937 2245 1064 2314 quia
1094 2246 1237 2300 sicut
1266 2254 1488 2300 sanctus
1534 2246 1665 2302 dicit

32 2336 349 2400 Gelasius,
380 2336 495 2405 Duo
520 2344 648 2390 sunt
676 2335 872 2405 quibus
898 2336 1270 2406 principaliter
1316 2336 1548 2392 mundus
1575 2339 1664 2393 hic

35 2427 308 2496 regitur,
337 2424 634 2480 auctoritas
659 2432 874 2479 sacrata
899 2424 1239 2494 pontificum,
1263 2434 1320 2480 et
1344 2427 1543 2497 regalis
1571 2442 1664 2496 po—

30 2525 266 2579 testas,
298 2515 548 2584 quoniam
578 2514 828 2570 Christus
848 2530 1059 2570 memor
1080 2515 1387 2587 fragilitatis
1412 2518 1664 2573 humanae

30 2608 210 2677 quod
246 2620 476 2661 suorum
505 2606 666 2661 saluti
712 2615 1057 2676 congrueret,
1107 2590 1510 2677 dispensatione
1549 2625 1664 2663 ma-

26 2698 269 2768 gniﬁca
318 2698 659 2767 temperavit,
705 2699 785 2753 sic
822 2699 1127 2754 actionibus
1173 2701 1432 2770 propriis,
1486 2700 1665 2772 digni-

36 2793 382 2862 tatibusque
409 2791 678 2845 distinetis
697 2788 871 2845 cilicia
892 2792 1178 2861 potestatis
1204 2793 1448 2861 utrisque
1476 2794 1663 2848 decre-

30 2884 131 2936 vit
173 2896 317 2938 suos
362 2880 548 2937 volens
593 2882 904 2936 medicinali
949 2883 1253 2938 humilitate
1286 2884 1522 2951 salvari,
1551 2901 1657 2941 non

27 2973 309 3028 humana
333 2971 585 3049 superbia
617 2988 805 3028 rursus
829 2973 1113 3044 intercipi,
1159 2985 1219 3030 ut
1263 2984 1318 3030 et
1360 2975 1659 3034 Christiani

32 3065 431 3136 imperatores
457 3080 556 3132 pro
580 3072 783 3119 aeterna
811 3064 920 3120 vita
945 3066 1291 3135 pontiﬁcibus
1328 3069 1654 3141 indigerent,
1689 3058 1747 3141 ,ς

22 3166 101 3212 et
129 3122 440 3228 pontifices
464 3170 565 3226 pro
590 3155 973 3226 temporalium,
995 3174 1159 3214 cursu
1188 3175 1397 3227 rerum,
1426 3122 1659 3233 iiupera-
1685 3122 1733 3188 ο

30 3259 252 3305 terum
288 3248 735 3318 dispositionibus
761 3257 1078 3317 uterentur,
1103 3259 1376 3323 quatenus
1397 3256 1659 3323 spiritalis

26 3339 206 3393 actio
230 3353 270 3392 ει
298 3337 608 3394 carnalibus
636 3338 864 3393 distaret
893 3338 1202 3396 incursibus
1222 3380 1238 3405 ,
1270 3350 1324 3397 et
1368 3343 1488 3398 ideo
1518 3344 1660 3399 mili-

26 3438 185 3485 unus
214 3428 335 3483 Deo
361 3428 586 3484 minime
611 3443 671 3484 se
697 3428 927 3501 negotiis
966 3430 1319 3488 saecularibus
1360 3434 1661 3504 implicaret

20 3520 143 3593 (II
172 3519 319 3577 Tim.
356 3520 442 3588 ιι),
460 3535 526 3577 ac
550 3519 793 3576 vicissim
812 3537 923 3579 non
946 3522 1038 3579 ille
1063 3525 1226 3581 rebus
1248 3526 1446 3581 divinis
1471 3529 1658 3598 ιιι»ωεί-

24 3615 190 3669 dere
205 3612 516 3679 videretur,
537 3613 786 3683 quiesset
804 3614 1037 3683 negotiis
1048 3615 1396 3673 saecularibus
1419 3618 1660 3690 implicac

24 3716 170 3759 tus.
214 3701 496 3772 Scriptum
511 3711 596 3759 est
604 3703 716 3774 jam
739 3704 897 3761 nobis
911 3705 1053 3761 inter
1066 3706 1172 3762 alia
1187 3723 1317 3764 voce
1334 3719 1514 3765 vestra
1531 3711 1656 3781 quia

22 3796 98 3849 in
149 3808 325 3850 causa
354 3792 635 3867 Hincmari
656 3810 893 3866 agerem,
914 3784 1029 3854 non
1066 3806 1125 3853 ut
1168 3814 1261 3854 rex
1304 3801 1448 3870 pius,
1479 3802 1574 3857 sed
1599 3810 1660 3856 ut

22 3887 228 3950 alius,
262 3884 315 3940 id
340 3894 428 3940 est
444 3893 708 3955 tyrannus
736 3886 964 3956 impius;
996 3888 1137 3944 sicut
1157 3905 1389 3961 namque
1414 3891 1548 3947 nihil
1574 3900 1658 3949 est

22 3978 333 4045 taedium,
357 3978 451 4049 qui
479 3978 585 4034 dici
610 3994 713 4033 non
736 3988 914 4050 potest
937 3980 1131 4047 bonus,
1152 3989 1322 4037 restat
1344 3993 1402 4037 ut
1439 3978 1658 4039 vocetur

23 4069 277 4135 malus;
317 4070 398 4126 sic
431 4086 538 4126 non
576 4087 671 4126 rex
702 4072 844 4141 pius,
892 4081 1154 4144 tyrannus
1197 4075 1526 4146 intelligatur
1557 4079 1655 4133 im-

17 4162 183 4231 pius
205 4177 224 4225 ;
246 4170 313 4227 et
336 4161 429 4231 qui
472 4176 561 4216 me
590 4173 929 4231 peccator-em
968 4164 1251 4232 confiteor,
1282 4167 1505 4237 impium
1533 4184 1655 4226 esse

15 4248 317 4305 diﬁiteor.
346 4251 416 4305 Et
452 4250 662 4306 Nathan
693 4255 978 4324 propheta,
1016 4254 1181 4309 David
1213 4272 1395 4328 regem
1421 4258 1487 4313 de
1516 4275 1657 4313 mor-

16 4341 242 4396 tiferis
265 4343 504 4411 peccatis
540 4343 886 4413 redargueiis,
923 4347 1200 4401 conﬁtenti
1237 4363 1341 4403 non
1367 4348 1540 4407 dixit:
1571 4350 1653 4406 Tu

8 4449 111 4490 cs
140 4432 242 4536 ille
264 4433 483 4504 impius,
502 4435 607 4536 sed
635 4434 752 4509 :_Tu
780 4453 835 4491 es
868 4436 957 4491 ille
993 4439 1073 4492 uir
1103 4440 1194 4509 qui
1226 4440 1401 4497 fecisti
1441 4442 1566 4509 hoc,
1596 4452 1655 4500 et
1683 4476 1731 4536 Ι)

12 4541 159 4582 sua
205 4523 353 4579 facta
392 4524 719 4593 confitendo,
761 4527 1106 4586 damnantem
1140 4547 1247 4587 non
1279 4532 1487 4601 judicio
1522 4551 1652 4591 con-

6 4617 363 4682 demnavit,
392 4633 578 4675 verum
606 4629 975 4691 competenter
1000 4623 1230 4679 absolvit
1258 4624 1343 4696 (II
1370 4626 1500 4699 Reg.
1526 4629 1646 4702 xu).

7 4707 170 4764 Sed
212 4722 340 4762 cum
379 4709 637 4778 scriptum
682 4710 799 4765 sit:
830 4709 996 4764 Labia
1028 4713 1313 4767 sacerdotis
1358 4718 1649 4774 custodierit

0 4801 362 4866 scientiam,
381 4811 444 4869 (et
476 4800 637 4873 legem
680 4802 940 4872 requirent
963 4820 1029 4858 ea:
1055 4822 1144 4860 ore
1171 4807 1309 4877 ejus,
1337 4810 1462 4879 quia
1492 4826 1650 4882 ange-

0 4900 134 4948 lus
170 4889 393 4949 Domini
418 4895 737 4948 exercituum
761 4902 834 4947 est
862 4892 1121 4964 (Malach.
1146 4896 1234 4967 ιι),
1264 4898 1647 4956 interminante

5 4981 321 5044 Domino,
352 4978 420 5036 ne
440 4984 560 5053 quis
579 4985 729 5040 dicat
750 4982 905 5037 fratri
933 4999 1031 5037 suo
1054 4986 1171 5042 sine
1196 5003 1359 5043 causa
1387 5006 1536 5060 raca,
1564 4989 1649 5047 vel

0 5075 209 5127 fatue
242 5068 455 5139 (Matth.
482 5074 556 5146 v),
583 5089 697 5130 non
727 5073 995 5129 credimus
1031 5085 1090 5130 ut
1126 5077 1252 5132 talia
1275 5092 1404 5151 erga
1435 5099 1521 5140 me
1560 5097 1646 5138 re-

24 5178 177 5188 g-“
217 5161 635 5188 ηιοΛΙΑ-ηΑ---,...--
710 5172 887 5188 lanna--
926 5165 1117 5188 -.ιιι--Ιὲ
1160 5186 1165 5187 γ
1212 5186 1217 5187 γ

1765 1882 1858 1937 sed
1885 1890 2043 1939 terrze
2089 1884 2291 1939 domini
2319 1885 2580 1940 hactenus
2606 1876 2808 1941 fuimus
2834 1886 3131 1957 compulati
3157 1903 3171 1939 :
3215 1895 3271 1940 et
3296 1896 3360 1940 ut

1763 1973 1873 2030 Leo
1894 1991 1957 2030 ac
1981 1975 2353 2048 Byturicensis
2390 1978 2630 2049 synodus
2674 1977 2894 2049 scripsit
2931 1992 2945 2031 :
2975 1976 3149 2048 Reges
3172 1985 3229 2033 et
3252 1978 3356 2032 im-

1768 2078 2069 2136 peratores,
2092 2085 2229 2138 quos
2255 2069 2416 2124 terris
2434 2069 2613 2124 divina
2637 2069 2876 2141 potentia
2891 2084 3125 2139 praeesse
3152 2084 3358 2141 praece-

1762 2156 1861 2227 pit,
1879 2156 1970 2227 jus
1989 2156 2487 2229 distinguendorum
2509 2138 2843 2229 negotiorum
2863 2138 3133 2227 episcopis
3150 2138 3357 2213 sanctis

1758 2248 1910 2318 juxta
1937 2248 2127 2303 divalia
2157 2251 2451 2304 constituta
2479 2250 2859 2320 permiserunt,
2888 2264 2994 2304 non
3021 2258 3203 2304 autem
3233 2250 3350 2320 epi-

1762 2355 2050 2409 scoporum
2087 2339 2248 2393 villici
2296 2341 2639 2395 exstiterunt.
2688 2340 2756 2394 Et
2802 2339 3136 2411 Augustinus
3174 2339 3350 2396 dicit:

1767 2429 1867 2483 Per
1885 2428 2008 2498 jura
2035 2445 2220 2501 regum
2249 2431 2591 2500 possidentur
2610 2432 3003 2502 possessiones,
3035 2447 3142 2487 non
3171 2440 3356 2488 autem

1758 2534 1860 2590 per
1890 2520 2195 2591 epiSCOpale
2216 2520 2530 2590 imperium,
2569 2538 2724 2593 reges
2757 2522 3005 2576 villarum
3033 2523 3174 2578 ﬁunt
3197 2516 3351 2577 acto-

1762 2629 1872 2668 res.
1901 2614 1968 2668 Et
2013 2613 2295 2679 Dominus,
2323 2630 2442 2684 qum
2463 2623 2589 2670 sunt
2609 2614 2837 2671 Caesaris
2863 2613 3086 2681 Caesari,
3116 2631 3237 2687 quae
3257 2615 3356 2671 Dei

1763 2712 1888 2758 sunt
1926 2703 2038 2758 Deo
2088 2703 2237 2759 reddi
2277 2705 2522 2775 praecipit
2568 2705 2782 2776 (Matth.
2830 2706 3009 2778 χχιι),
3053 2707 3145 2776 qui
3188 2707 3354 2762 etiam

1764 2807 1988 2846 censum
2033 2792 2146 2861 regi
2199 2792 2432 2847 reddidit
2482 2792 2697 2864 (Matth.
2753 2796 2909 2865 xvn).
2944 2796 3009 2850 Et
3060 2795 3355 2866 Apostolus

1762 2880 1933 2937 voluit
1961 2883 2169 2939 servire
2204 2884 2437 2954 regibus,
2488 2884 2657 2940 voluit
2691 2885 2973 2952 honorari,
2998 2895 3054 2943 et
3079 2902 3185 2943 non
3217 2901 3352 2943 con-

1760 2975 1960 3031 culcari
1990 2991 2142 3047 reges
2172 2996 2183 3031 :
2210 2976 2417 3048 Regem,
2446 2978 2640 3049 inquit,
2662 2980 3013 3047 honoriﬁcate
3037 2980 3090 3054 (1
3113 2979 3235 3037 Pet.
3259 2984 3346 3054 ιι).

1762 3067 1830 3122 Et
1856 3067 1984 3121 item
2012 3085 2025 3121 :
2053 3067 2258 3132 Omnis,
2293 3068 2565 3139 inquiens,
2598 3070 2776 3124 anima
2804 3070 3146 3140 potestatibus
3191 3071 3357 3126 subli-

1763 3159 2016 3213 mioribus
2047 3160 2259 3213 subdita
2312 3161 2415 3226 sit;
2455 3161 2656 3216 reddite
2706 3179 2832 3234 ergo
2883 3164 3124 3218 omnibus
3179 3156 3355 3218 debita

1761 3248 1932 3322 (Rom.
1973 3254 2117 3319 mu).
2155 3250 2221 3304 Et
2243 3248 2403 3322 paulo
2423 3253 2671 3322 superius
2703 3270 2718 3307 :
2746 3252 2875 3307 Ideo
2898 3255 3204 3310 necessitate
3223 3256 3353 3310 sub-

1741 3331 1857 3395 iditi
1875 3350 2054 3406 estote,
2078 3357 2180 3395 non
2198 3341 2367 3396 solum
2392 3352 2603 3413 prapter
2631 3344 2788 3409 iram,
2813 3345 2903 3398 sed
2928 3355 2975 3399 et
2995 3354 3209 3416 propter
3226 3362 3353 3402 con-

1758 3431 2032 3486 scientiam
2076 3431 2095 3491 (
2103 3429 2127 3482 Ι
2136 3430 2292 3501 bid.).
2325 3430 2393 3484 Et
2436 3431 2579 3501 quod
2610 3431 2676 3487 de
2701 3434 2971 3505 episcopis
2997 3449 3028 3489 a
3055 3434 3210 3490 vobis
3237 3433 3350 3491 llo-

1738 3514 1904 3579 rmam
1949 3538 2015 3577 ex
2065 3537 2232 3594 regno
2284 3531 2472 3577 nostro
2521 3525 2863 3580 accersendis
2913 3527 3178 3597 scriptum
3221 3535 3346 3592 est,

1738 3606 1917 3685 legite
1958 3619 2104 3684 gesta
2137 3612 2279 3668 sedis
2312 3610 2569 3669 Romanae
2617 3612 2953 3685 pontificum,
2991 3625 3045 3671 et
3086 3616 3349 3695 epistolas

1756 3705 1900 3761 beati
1951 3705 2199 3776 Gregorii
2248 3708 2316 3762 ad
2344 3723 2527 3780 regem
2570 3709 2929 3776 Francorum,
2980 3719 3037 3766 et
3064 3712 3228 3766 etiam
3276 3713 3347 3767 ad

1755 3794 2137 3854 Brnncbildem
2166 3798 2292 3856 licet
2317 3797 2598 3867 feminam,
2620 3810 2801 3858 tamen
2823 3801 3088 3871 reginam,
3109 3810 3164 3858 et
3189 3801 3348 3857 aliter

1758 3888 2049 3945 invenietis
2086 3899 2300 3947 vestros
2332 3891 2665 3957 decessores,
2693 3901 2748 3948 et
2769 3891 3219 3963 praedecessores,
3248 3907 3349 3947 no-

1757 3979 1887 4035 stris
1910 3980 2283 4036 decessoribus
2311 3996 2377 4037 ac
2402 3981 2894 4052 praedecessoribus
2933 3998 3030 4056 pro
3057 3998 3344 4039 accersen—

1754 4070 1841 4125 dis
1865 4071 2150 4142 episcopis,
2175 4080 2231 4127 et
2255 4087 2353 4143 pro
2377 4072 2597 4143 synodis
2618 4073 3009 4146 congregandis
3030 4075 3341 4146 scripsisse.

1757 4159 1824 4216 Et
1844 4161 1895 4215 in
1915 4162 2103 4217 eadem
2132 4161 2356 4233 epistola
2381 4160 2535 4217 nobis
2574 4162 2835 4232 scriptum
2867 4170 2970 4227 est,
3001 4170 3061 4218 ut
3088 4163 3339 4218 homines

1756 4249 1822 4304 de
1857 4267 2023 4320 regno
2048 4261 2234 4307 nostro
2255 4251 2543 4307 Celsanum
2575 4263 2630 4308 et
2667 4252 2982 4309 Walconem
3014 4261 3179 4325 atque
3208 4255 3340 4310 Ber-

1736 4342 1951 4403 ‘nonem
1982 4344 2159 4399 salvos
2191 4353 2245 4399 et
2293 4344 2588 4399 incolumes
2639 4359 2763 4400 cum
2819 4344 2932 4400 suis
2967 4345 3343 4416 permitterem
3399 4371 3403 4375 -

1756 4436 2055 4493 consistere
2080 4451 2095 4500 ;
2127 4442 2183 4489 et
2205 4433 2248 4488 si
2274 4433 2436 4488 aliter
2456 4433 2747 4504 egerimus,
2777 4443 2975 4488 vestrae
2996 4434 3342 4489 communio-

1758 4528 1843 4583 nis
1887 4524 2178 4598 participes
2224 4538 2395 4594 usque
2438 4524 2507 4578 ad
2552 4538 2735 4579 veram
2765 4522 3189 4580 satisfactionem
3219 4539 3343 4580 esse

1757 4634 1865 4672 non
1898 4616 2230 4680 valeremus;
2259 4622 2317 4669 et
2344 4630 2449 4669 non
2480 4629 2739 4669 evasuros
2771 4629 2868 4670 nos
2890 4621 3128 4670 vestram
3144 4627 3345 4667 censu-

1756 4722 1871 4761 ram
1900 4707 2187 4767 sciremus,
2237 4704 2281 4759 si
2314 4711 2493 4760 vestra
2518 4719 2548 4759 a
2579 4704 2733 4759 vobis
2764 4703 2965 4759 fuerint
2987 4702 3224 4774 amplius
3249 4702 3342 4757 de-

1728 4790 1906 4853 creta
1925 4797 2012 4852 vel
2042 4796 2242 4851 monita
2273 4794 2495 4850 violata.
2525 4795 2606 4850 Ad
2632 4810 2752 4864 qua:
2783 4796 3158 4858 rescribimus,
3193 4796 3343 4865 quod

1726 4876 1861 4945 non
1898 4890 1992 4945 tali
2037 4885 2198 4944 modo
2237 4885 2548 4955 apostolicae
2586 4884 2732 4940 sedis
2772 4886 3060 4956 pontifices
3103 4881 3348 4938 Franco-

1753 4997 1874 5037 rum
1922 4982 2139 5055 regibus
2179 4977 2440 5034 mandare
2469 4989 2893 5048 consueverunt,
2917 4997 3017 5053 pro
3039 4977 3129 5035 bis
3154 4976 3248 5046 qui
3278 4979 3351 5035 ad

1752 5075 2123 5142 apostolorum
2171 5067 2360 5123 limina
2405 5068 2711 5139 confugium
2739 5071 2854 5128 suis
2889 5069 3228 5147 temporibus
3260 5066 3352 5124 fa-

1953 5177 1969 5188 ι
2020 5164 2128 5188 ‘1-..
2165 5159 2285 5188 In‘:I~
2316 5168 2397 5188 an.
2437 5161 2674 5188 ᾹΑΑΙ-ἶσιιι
2712 5166 2911 5188 ιιι-ιι--ὶὲ
2932 5184 2969 5188 --
3033 5174 3091 5188 --ο
3119 5177 3217 5188 ..-Α
3244 5161 3354 5188 ιι-..
