3916 5434
627 244 735 304 879
1655 218 1913 279 CAROIJ
1948 216 2151 277 CALV‘l
2186 210 2619 269 FBANCORUM
2670 210 2871 268 REGIS
3710 206 3789 269 -ω

628 360 780 421 bant,
808 360 973 435 quam
1007 351 1153 406 iuius
1177 344 1549 419 permaneant,
1577 353 1701 397 cum
1736 336 2001 394 adversus
2016 332 2209 391 Eccle-
2239 339 2287 397 Α
2317 305 2579 405 ριιιπιὲει
2614 330 2775 386 etiam
2812 305 2988 394 nobis,
3032 327 3249 383 misisse
3284 338 3380 382 nos
3409 305 3553 381 vobis"
3578 322 3789 395 epistola.

1625 434 1631 435 '
1724 432 1794 435 “‘
1935 429 1948 435 ·
2036 429 2049 435 ·
2335 426 2348 435 ·
2424 422 2487 435 ··’
2552 434 2555 435 ν
2840 434 2845 435 γ
2900 418 3123 435 Δμ-ιμ..
3188 412 3285 435 “-0
3320 415 3433 435 44--
3484 432 3525 435 μ
3577 416 3733 435 ,ευ-μ

630 451 766 504 siam
794 430 1101 502 nullatenus
1126 442 1427 513 eriguntur,
1459 436 1553 491 sed
1578 434 1635 489 hi
1660 432 1829 489 solida
1858 429 2082 497 unitatis
2118 440 2212 499 pe-
2316 426 2383 480 de
2424 422 2716 478 llincmaro
2759 418 3133 475 accusationes
3186 412 3437 472 nefandas
3476 416 3791 481 continentem,

630 546 719 594 tra
746 535 1043 595 fortissimo
1068 531 1352 590 charitatis
1376 528 1570 583 robore
1611 524 1943 580 radicantur.
1977 518 2058 575 Ad
2108 519 2213 574 hoc
2316 516 2460 588 quod
2503 514 2666 571 scribi
2701 525 2810 569 non
2843 512 3119 574 decuerat,
3144 503 3275 579 quia
3311 506 3549 562 nefandas
3573 510 3793 561 accusatis-

632 635 781 691 enim
808 622 1041 704 pertinet
1068 622 1306 698 quodin
1358 622 1450 678 illo
1502 620 1736 676 Abrahae
1778 613 2048 673 sacritlcio
2078 610 2214 667 dici-
2301 598 2416 664 ‘nes
2460 608 2526 663 de
2566 605 2656 661 illo
2685 604 2840 659 vobis
2871 616 2976 658 non
3015 596 3368 672 scripsimus;
3392 599 3471 653 sed
3492 598 3795 668 qumsnultiet

633 735 728 780 tur
769 742 784 780 :
812 703 951 777 iAves'
977 727 1151 774 autem
1178 732 1281 771 non
1302 713 1476 769 divisit
1505 709 1656 782 (Gen.
1704 706 1817 781 xv).
1848 703 2082 760 Proinde
2107 718 2214 759 non

635 827 721 876 est
755 815 1101 877 credendum,
1148 818 1206 866 ut
1229 810 1345 864 lucc
1392 806 1644 862 mandata
1683 817 1748 857 ex
1792 797 2089 872 apostolico
2127 812 2220 852 ve-

638 914 755 963 stro
774 921 868 961 ore
887 900 1282 976 processerint;
1314 896 1570 967 quoniam
1596 891 1687 962 qui
1717 891 1790 946 ita
1830 888 2069 958 scripsit,
2110 902 2218 967 non

637 999 777 1053 bene
808 993 1062 1051 attendit.
1098 989 1253 1061 quasi
1288 983 1526 1057 quilibet
1563 982 1696 1038 mihi
1743 980 1798 1035 in
1852 976 2116 1034 catholica
2166 983 2222 1029 et

640 1087 936 1161 apostolica
977 1080 1355 1141 couuuuuione
1399 1073 1738 1148 permanenti
1787 1086 1941 1127 suam
1969 1082 2219 1124 commu-

639 1188 858 1240 nionem
883 1166 1235 1240 subtraxerit,
1266 1188 1372 1230 non
1405 1186 1509 1235 me,
1555 1168 1655 1224 sed
1695 1181 1757 1222 se
1795 1181 1827 1219 a
1869 1161 2137 1220 catholica
2169 1166 2225 1213 et

642 1266 934 1348 apostolica
966 1269 1346 1328 communione
1389 1268 1714 1334 sequestrat.
1756 1257 1894 1312 llinc
1924 1255 2068 1310 enim
2097 1252 2225 1307 hea-

642 1343 735 1423 tus
761 1364 1055 1437 Gregorius
1074 1361 1239 1415 etiam
1271 1357 1338 1412 de
1362 1351 1617 1411 Ecclesia:
1639 1358 1853 1405 rectore
1875 1346 2042 1401 dicit:
2072 1343 2226 1411 Saepe

644 1462 700 1518 in
743 1455 1035 1519 solvendis,
1076 1468 1140 1509 ac
1188 1447 1419 1522 ligaudis
1469 1443 1720 1507 subditis,
1768 1456 1880 1496 suae
1928 1433 2227 1493 voluntatis

628 1562 851 1617 ,motus,
875 1549 964 1619 qui
991 1543 1243 1601 Ecclesiae
1267 1537 1470 1596 Christi
1493 1533 1815 1608 prtcpositus
1844 1537 1946 1596 est,
1985 1544 2090 1583 non
2133 1542 2229 1581 au—

646 1653 755 1699 tem
787 1652 1073 1696 causarum
1099 1633 1292 1690 merita
1334 1612 1784 1700 sequitur.'Unde
1806 1620 1866 1677 ﬁt
1895 1630 1954 1676 ut
1978 1620 2092 1690 ipsa
2124 1620 2230 1674 hac

649 1731 852 1807 ligandi
879 1740 934 1787 et
967 1726 1206 1785 solvendi
1221 1730 1497 1795 potestate
1518 1735 1578 1776 se
1601 1718 1796 1789 privet.
1825 1714 1917 1785 qui
1947 1714 2089 1768 hanc
2132 1723 2230 1779 pro
2264 1699 2306 1757 Β

651 1801 767 1885 suis
807 1821 1196 1883 voluntatibus,
1232 1824 1287 1873 et
1312 1829 1423 1870 non
1451 1828 1552 1883 pro
1580 1809 1947 1879 subiectorum
1985 1801 2232 1858 moribus

650 1930 890 1981 exercet.
932 1917 1001 1973 Et
1028 1931 1150 1973 cum
1164 1910 1293 1968 haec
1317 1911 1391 1966 ita
1419 1924 1478 1964 se
1515 1905 1783 1967 habeant,
1813 1900 2023 1969 egimus
2053 1903 2232 1949 tamen

651 2015 723 2070 de
754 2012 986 2067 Celsano
1025 2005 1118 2077 qui
1163 1997 1499 2058 mendaciter
1536 2008 1623 2051 me
1667 2007 1732 2047 ex
1765 1984 2041 2044 mendacis
2066 1982 2235 2037 Hinc-

650 2106 788 2162 mari
819 2111 994 2175 parte,
1016 2097 1170 2169 cujus
1193 2093 1451 2153 Ecclesia:
1479 2090 1585 2146 duo
1606 2085 1825 2144 circiter
1849 2080 2015 2137 millia
2046 2089 2236 2132 mansa

656 2196 781 2267 plus
806 2208 968 2265 quam
1002 2167 1671 2261 temporeantecessorum
1706 2182 2011 2230 nostrorum
2036 2167 2239 2223 habue-

652 2260 747 2350 rit,
774 2260 1122 2346 adauximus,
1161 2288 1217 2335 et
1258 2276 1423 2333 etiam
1468 2271 1902 2342 ipsiuslempore
1929 2260 2048 2332 plus
2073 2272 2236 2328 quam

660 2376 919 2436 sexcenta
945 2371 1335 2434 succrevimus,
1373 2362 1764 2422 distrahentem
1808 2351 2237 2412 ecclesiasticum

655 2478 857 2528 statum
893 2464 1032 2538 apud
1061 2461 1417 2520 Sanctitatem
1458 2461 1704 2510 vestram
1748 2444 2059 2519 apostolica:
2096 2439 2241 2531 sedis

654 2516 1290 2635 Bridiiiieéﬁcénsavn.
1321 2547 1429 2604 Sed
1452 2554 1509 2601 et
1534 2543 1601 2599 de
1623 2516 1885 2596 Walcone
1912 2544 1975 2591 et'
1993 2516 2241 2587 Beriione

655 2621 914 2726 periuris,
936 2654 991 2705 et
1014 2646 1161 2717 regia
1185 2650 1370 2700 nostra
1405 2634 1721 2695 inﬁdelitate
1743 2628 1965 2693 notatis,
2000 2639 2065 2680 ac
2096 2621 2240 2694 iugi-

657 2718 808 2814 tivis,
841 2746 982 2802 sicut
1010 2741 1169 2797 nobis
1202 2752 1270 2795 ex
1297 2742 1478 2791 vestra
1502 2739 1659 2803 parte
1695 2720 1956 2795 scriptum
1979 2728 2084 2786 est,
2114 2718 2245 2773 ohe-

663 2804 918 2911 divimus,
970 2847 1077 2887 non
1117 2825 1460 2905 attendentes
1506 2819 1723 2876 illorum
1753 2808 2056 2873 mendacia,
2088 2815 2145 2862 et
2189 2804 2245 2860 in

665 2908 767 2987 nos
802 2927 978 2982 dictas
1000 2902 1324 2982 calumnias,
1349 2915 1441 2972 sed
1468 2910 1777 2984 apostolicae
1806 2902 1952 2962 sedis
1971 2902 2246 2958 honorem

663 3036 729 3077 ac
754 3016 1148 3079 reverentiam;
1175 3010 1317 3067 unde
1348 3016 1410 3064 ut
1451 3020 1575 3063 cum
1604 3016 1738 3075 pace
1779 3007 1834 3055 et
1874 2995 2032 3052 venia
2060 3002 2243 3048 vestra

665 3113 936 3175 dicamus,
959 3120 1080 3178 quae
1108 3102 1273 3159 vestri
1299 3093 1588 3156 ministerii
1612 3099 1773 3157 sunt,
1819 3082 2127 3159 apostolicae
2157 3095 2248 3136 se-

642 3207 749 3273 dis
775 3202 1050 3268 mandata,
1088 3197 1401 3270 evangelica
1432 3195 1666 3250 veritate
1691 3197 1749 3245 et
1799 3181 2117 3256 apostolica,
2167 3185 2249 3234 at-

662 3312 770 3369 que
795 3294 1057 3351 canonica
1090 3290 1438 3351 auctoritate,
1485 3281 1780 3341 secundum
1828 3275 2098 3333 tramitem
2128 3286 2252 3328 san-

648 3396 876 3469 ctarum
906 3384 1314 3455 Scripturarum
1358 3374 1816 3440 traditionemque
1842 3364 2109 3433 majorum
2139 3356 2253 3415 suf-

662 3484 798 3540 fulta
822 3452 1083 3549 recipere,
1110 3484 1164 3533 et
1187 3476 1266 3530 eis
1288 3470 1529 3528 obedire.
1562 3466 1631 3521 Et
1658 3463 1767 3517 tale
1794 3457 2018 3515 honoris
2036 3452 2255 3525 privile-

668 3576 816 3648 gium
846 3571 1093 3627 volumus
1121 3574 1469 3623 conservare,
1495 3564 1551 3613 et
1578 3550 1915 3611 obaudiendo
1942 3545 2095 3602 vobis
2122 3557 2255 3613 pon-

668 3630 804 3720 tiﬁci
841 3659 1152 3731 apostolica:
1196 3654 1340 3710 sedis
1386 3647 1688 3720 dependere
1737 3643 1791 3697 in
1827 3640 2061 3711 primatu
2108 3630 2253 3690 beati

668 3754 821 3810 Petri
867 3749 1233 3821 apostolorum
1271 3739 1557 3814 principis,
1581 3733 1800 3791 Domini
1824 3745 1957 3786 voce
1978 3734 2256 3799 percepto,

674 3844 840 3915 quod,
865 3813 1111 3895 Ecclesia
1155 3813 1533 3903 subsequente,
1567 3825 1740 3883 tenuit
1776 3836 1993 3892 semper
2031 3826 2088 3873 et
2129 3813 2261 3871 reti-

675 3903 770 3988 uel
798 3950 812 3986 :
837 3930 977 3985 sicut
1012 3935 1070 3982 et
1104 3924 1277 3981 sancti
1322 3932 1559 3976 canones
1577 3925 1644 3971 et
1672 3927 1842 3970 sacrae
1867 3907 2027 3981 leges
2053 3923 2082 3961 a
2106 3903 2260 3961 Chri-

678 4020 873 4077 stianis
895 4017 1310 4089 imperatoribus
1336 4008 1689 4082 promulgata:
1720 4003 1897 4060 eidem
1922 4000 2113 4072 primm
2143 3993 2261 4052 sedi

680 4111 1011 4175 deterentes,
1057 4108 1461 4165 demonstrant;
1512 4105 1570 4154 et
1616 4096 1760 4152 sicut
1807 4094 2145 4153 decessores,
2198 4101 2264 4142 ac

678 4204 1110 4277 praedecessores
1146 4195 1317 4253 nostri
1348 4193 1525 4249 eidem
1561 4197 1764 4244 sanctas
1796 4182 1911 4240 sedi
1936 4179 2263 4241 detulerunt,

683 4268 738 4354 et
792 4304 974 4352 vestra
1019 4290 1320 4365 paternitas
1360 4287 1440 4341 sic
1490 4281 1732 4339 debitum
1785 4278 2052 4333 honorem
2110 4268 2267 4327 nobis

681 4386 958 4450 exhibeat,
1012 4384 1154 4438 sicut
1202 4377 1285 4435 sui
1334 4376 1670 4451 decessorcs,
1724 4383 1790 4423 ac
1832 4365 2268 4436 praedecessores

654 4468 1009 4543 {Christianis
1049 4472 1417 4528 Romanorum
1463 4459 1901 4534 imperatoribus,
1944 4464 2001 4510 et
2031 4451 2273 4508 Franco-

684 4589 806 4629 rum
829 4571 1067 4641 regibus,
1093 4568 1330 4634 itemque
1352 4561 1723 4615 [lomanorum
1738 4561 1795 4608 et
1812 4548 2146 4605 Francorum
2171 4543 2271 4597 im-

684 4634 1047 4736 peratoribus,
1076 4653 1511 4729 progenitoribus
1531 4644 1733 4703 nostris
1755 4640 2138 4700 exhibuerunt.
2155 4634 2273 4691 Cae-

664 4729 864 4815 .terum
899 4730 1031 4822 tales
1048 4748 1283 4810 litteras,
1304 4752 1366 4799 et
1385 4747 1571 4821 vestro
1586 4731 1887 4792 ministerio
1913 4729 2276 4795 incongruen-

690 4860 794 4919 tes,
822 4854 877 4900 et
903 4818 1103 4898 nostrae
1134 4837 1298 4908 regiae
1340 4818 1589 4905 dignitati
1629 4841 1695 4882 ac
1718 4820 1975 4896 potestati
2016 4818 2273 4873 inconve-

671 4914 926 4998 ,uientes,
981 4932 1122 4986 sicut
1164 4926 1320 4982 uobis
1363 4938 1429 4978 ex
1465 4928 1649 4975 vestro
1695 4915 1912 4972 nomine
1940 4909 2266 4980 diriguntur,

694 5046 804 5087 non
854 5041 883 5080 a
928 5020 1082 5075 vobis
1131 5030 1305 5087 neque
1343 5029 1373 5068 a
1418 5019 1607 5067 sancta
1650 5005 1902 5063 Romana
1946 4997 2187 5057 Ecclesia
2218 4996 2272 5050 in

694 5116 947 5174 omnibus
975 5122 1191 5178 semper
1228 5100 1615 5160 discretissima
1643 5107 1805 5168 atque
1833 5091 2147 5150 cautissimo
2195 5087 2277 5143 di-

696 5216 872 5266 ctatas
900 5196 1246 5258 crediderim,
1277 5191 1533 5261 quoniam
1570 5187 1689 5259 ipsa
1740 5193 1928 5242 sancta
1972 5182 2128 5238 sedes
2152 5191 2281 5233 cum

698 5294 964 5355 modestia
1008 5297 1065 5345 et
1106 5283 1431 5355 discretione
1474 5293 1686 5349 semper
1712 5275 2009 5345 corripere,
2039 5279 2095 5327 et
2135 5268 2279 5325 salu-

701 5389 870 5434 hrimr
901 5381 1175 5434 corrigere
1200 5348 1497 5430 secundum
1534 5368 1963 5434 uniuscujusque
1991 5376 2281 5434 personam

2319 696 2577 770 episcopi.
2604 704 2659 749 ct
2690 693 2779 748 alii
2802 692 2908 748 viri
2937 687 3313 752 ecclesiastici,
3358 696 3408 742 et
3440 689 3795 757 primoresregui

2320 768 2514 853 nostri,
2542 797 2595 844 et
2627 786 2854 849 nobiles,
2894 792 2949 840 et
2987 784 3308 842 mediocres.
3338 768 3651 851 et'ignobiles
3671 779 3796 835 deilb

2324 866 2799 943 trmc’l'atebantur,
2832 886 2886 932 et
2906 870 3082 931 adhuc
3109 871 3366 932 fatentur,
3394 869 3537 926 vobis
3560 869 3797 939 srripsim

2322 977 2693 1044 suggerentes,
2722 977 2776 1022 ut
2815 966 2940 1037 quia
2970 980 3091 1020 cum
3136 961 3405 1033 corrigere
3443 960 3730 1023 volebamus,
3756 974 3797 1013 ne

2323 1064 2391 1118 ad
2419 1065 2519 1118 hoc
2551 1060 2858 1131 perveniret
2893 1057 2960 1112 ad
2992 1055 3139 1128 quod
3168 1069 3230 1109 sc
3267 1054 3381 1124 ipse
3408 1052 3635 1123 impegit,
3658 1059 3797 1104 utne-

2324 1164 2428 1220 ret,
2453 1153 2854 1222 vobis‘quisque
2877 1149 3196 1217 surriperet,
3223 1152 3501 1213 antequam
3531 1143 3645 1197 inde
3674 1142 3801 1195 verit:—

2327 1258 2433 1303 tem
2482 1244 2773 1315 reScirctis.
2819 1241 2926 1296 Sed
2967 1239 3092 1309 quia
3136 1234 3498 1305 multipliciter
3533 1242 3582 1288 et
3612 1232 3800 1292 multatis!

2322 1341 2478 1395 illttm
2492 1331 2980 1406 corripuimus,_sed
2994 1329 3269 1401 corrigere
3285 1341 3391 1382 non
3403 1325 3665 1405 valuimus,
3684 1324 3799 1378 adhuc

2330 1448 2499 1500 usque
2527 1427 2795 1501 pervenit,
2839 1395 2982 1481 sicut
3026 1423 3079 1476 in
3127 1394 3298 1493 gestis
3339 1394 3658 1490 synodalibus
3675 1425 3800 1470 vestra

2325 1521 2639 1581 auctoritati
2669 1519 2890 1585 directis
2916 1515 3220 1572 invenietis.
3255 1511 3409 1568 Unde
3446 1510 3625 1565 obnixe
3643 1517 3799 1562 vestra

2334 1613 2710 1670 anetoritatem
2740 1606 3106 1678 deposcimus,
3146 1601 3374 1658 utsicut
3401 1599 3557 1655 vestri
3584 1600 3801 1654 doceam

2335 1720 2398 1761 ac
2442 1701 2889 1775 pundccessores,
2926 1693 3305 1753 decessoribus
3331 1706 3395 1746 ac
3419 1687 3801 1761 praedecessm'iba

2337 1794 2557 1857 nostris,
2591 1800 2647 1847 et
2678 1782 3207 1859 archiepiscoporum
3251 1798 3318 1837 ac
3345 1780 3683 1851 episcoporum
3712 1776 3800 1845 regni

2334 1884 2505 1943 nostri
2549 1883 2726 1937 debita
2749 1887 2806 1935 et
2841 1877 3210 1933 ecclesiastica
3238 1871 3535 1943 privilegia,
3557 1869 3801 1941 dignitaten-

2335 1993 2441 2049 que
2483 1973 2879 2032 distinctiones,
2908 1987 2937 2025 a
2970 1968 3141 2025 sacris
3184 1967 3402 2021 decreta
3445 1973 3594 2033 atque
3635 1962 3800 2017 δίεσθαι

2337 2068 2636 2125 canonilms
2682 2080 2749 2120 ex
2774 2062 2993 2130 antiqua
3024 2057 3415 2115 consuetudine
3448 2060 3796 2111 conservaveth

2338 2158 2512 2221 nobis,
2543 2153 2637 2211 sed
2659 2163 2711 2208 et
2742 2152 2846 2207 illis
2870 2151 3034 2206 etiam
3064 2148 3117 2203 in
3147 2148 3249 2202 hac
3272 2159 3433 2201 causa
3460 2148 3800 2200 consemrestl-

2340 2248 2537 2310 deatis,
2589 2254 2860 2316 quatenus
2905 2242 3049 2296 sicut
3090 2246 3312 2294 sanctus
3349 2236 3479 2292 dicit
3514 2233 3801 2304 Gregoﬁus,et

2340 2336 2635 2410 apostolica
2658 2335 2814 2391 sedes
2849 2330 3125 2403 proprium
3151 2329 3395 2398 vigorem
3434 2327 3659 2387 retineat,
3676 2332 3717 2377 et
3734 2332 3801 2373 an

2342 2443 2600 2486 concessa
2655 2425 2775 2480 aliis
2830 2438 2927 2479 sua
2969 2419 3093 2491 jura
3139 2434 3251 2475 non
3300 2417 3526 2473 minuat.
3571 2414 3696 2470 llult:
3727 2418 3802 2465 sunt

2342 2521 2487 2579 enim
2519 2520 2587 2574 de
2611 2517 2824 2588 quibus,
2851 2528 2974 2570 cum
3002 2511 3108 2576 his,
3149 2524 3215 2566 ex
3256 2507 3458 2579 quibus
3492 2504 3792 2575 indicamus.

2325 2608 2670 2682 regulariter
2710 2604 3068 2676 judicaretur,
3118 2601 3162 2656 si
3207 2614 3313 2654 non
3367 2597 3562 2653 diutius
3605 2596 3649 2649 in
3680 2589 3804 2663 synoda

2346 2681 2587 2757 reSidere
2626 2696 2841 2752 liceret.
2892 2693 3000 2748 Sed
3045 2691 3171 2762 quia
3213 2702 3437 2744 necesse
3465 2686 3607 2742 nobis
3642 2681 3804 2738 {uitem

2348 2790 2667 2863 quibusdam
2711 2784 2977 2858 episcOpis
3028 2784 3099 2836 ad
3138 2777 3469 2849 colloquium
3517 2774 3670 2830 fratris
3701 2768 3802 2824 nostri

2347 2861 2447 2958 pro
2476 2879 2910 2939 reconciliatione
2940 2874 3174 2930 tiliorum
3219 2868 3339 2940 ejus
3378 2869 3447 2924 ad
3476 2875 3655 2938 patrem
3676 2861 3804 2917 illm

2350 2984 2407 3033 et
2437 2975 2660 3030 fratrem
2699 2978 2968 3031 nostrum,
3000 2960 3326 3036 quantocius
3366 2958 3628 3021 festinare,
3658 2963 3805 3009 nenol-

2274 3057 2319 3120 C
2352 3078 2498 3126 mota
2519 3064 2808 3127 seditione,
2843 3070 2897 3116 et
2920 3057 3033 3128 jam
3067 3055 3400 3127 propinquos
3445 3052 3584 3106 inter
3603 3061 3650 3103 se
3670 3055 3803 3110 cow-

2344 3165 2581 3232 gnantes
2603 3150 3033 3211 Christianorum
3060 3142 3422 3217 parricidialis
3448 3139 3644 3211 sanguis
3663 3132 3802 3190 cliuli“

2347 3260 2525 3313 “retur,
2565 3254 2621 3302 et
2646 3246 2750 3301 hac
2777 3241 2845 3297 de
2871 3254 3034 3297 causa
3076 3234 3435 3293 ecclesiarum
3464 3232 3555 3288 Dei
3584 3244 3654 3284 res
3682 3221 3803 3279 scindi”

2336 3332 2562 3400 rentur,
2610 3345 2669 3392 et
2713 3332 3051 3391 sacerdotum
3103 3343 3168 3383 ac
3210 3316 3496 3399 servorum
3528 3321 3608 3376 Dei
3630 3315 3804 3372 facultates

2357 3396 2744 3498 diriperentur,
2773 3431 2828 3476 et
2852 3430 3122 3491 pauperes
3150 3396 3606 3484 depopularentur.
3636 3399 3802 3460 Decoll-

2355 3490 2484 3587 bus,
2529 3516 2598 3571 de
2631 3512 2830 3585 quibus
2862 3490 3246 3570 accusabatur,
3282 3501 3490 3573 judicia
3517 3508 3641 3556 certa
3663 3490 3805 3587 5M

2358 3579 2727 3665 determinare
2755 3619 2860 3658 non
2885 3600 3079 3673 potuit.
3104 3597 3496 3653 Verumtamen
3525 3592 3572 3646 in
3602 3588 3667 3643 liis
3696 3579 3803 3653 gestis.

2360 3716 2482 3773 quae
2527 3705 2721 3753 vestrae
2736 3689 3065 3749 auctoritati
3089 3688 3401 3751 mittuntur,
3435 3678 3803 3754 cogan

2361 3758 2483 3851 ritis
2518 3806 2678 3862 quam
2711 3786 2920 3843 diutino
2948 3778 3346 3853 tempore,'nos
3384 3786 3441 3833 et
3484 3758 3805 3851 episcopicllll’

2363 3852 2550 3944 mores
2573 3881 2722 3955 regni
2765 3878 2958 3943 nostri,
2980 3852 3103 3945 “eius
3132 3864 3517 3944 improbabiles
3538 3852 3803 3955 et

2363 3980 2444 4036 les
2471 3990 2651 4033 mores
2676 3982 2731 4030 et
2757 3982 2908 4027 actus
2935 3983 3059 4025 cum
3084 3966 3270 4021 labore
3300 3962 3537 4017 maximo
3554 3948 3801 4011 sustinui!!-

2366 4072 2707 4139 Qltapropter
2725 4064 2791 4120 de
2838 4060 2931 4117 illo
2957 4054 3133 4114 vestra
3162 4053 3491 4127 pontiﬁcalis
3518 4043 3750 4106 auctoriUS»
3774 4042 3803 4083 υ

2369 4136 2658 4223 credimus,
2689 4156 2850 4213 faciet
2878 4152 3020 4224 quod
3049 4148 3250 4220 regula:
3275 4160 3450 4203 sacra:
3476 4136 3806 4224 decet'lttml;_tals

2372 4266 2551 4311 tamen
2580 4216 2940 4308 certissimum
2969 4216 3266 4304 reddimus,
3282 4238 3413 4309 quia
3438 4229 3643 4305 quando
3659 4216 3805 4311 nos”?

2367 4347 2429 4402 in
2460 4344 2609 4416 regni
2635 4340 2895 4413 regimine
2919 4329 3345 4395 conservaverit,
3374 4321 3669 4398 episcopium
3688 4303 3805 4416 ιισῖ

2303 4417 2352 4476 ί)
2376 4449 2542 4493 nense
2570 4433 2712 4488 idem
2740 4429 3067 4485 ﬂincmarus
3083 4423 3137 4477 in
3164 4436 3264 4476 suo
3278 4417 3539 4488 regimine
3558 4424 3642 4466 non

2373 4527 2461 4582 cui
2508 4522 2893 4581 concessimus,
2948 4512 3195 4588 quamvis
3240 4525 3349 4565 nou
3397 4511 3657 4563 mereatur.

2374 4616 2592 4681 intuitu,
2621 4623 2681 4667 ut
2706 4584 3014 4682 quicunque
3042 4606 3109 4661 de
3135 4601 3375 4665 clericis,
3415 4606 3472 4654 et
3506 4596 3567 4651 de
3586 4584 3805 4682 family!"

2375 4665 2963 4779 scopiiﬁL-auduneusis
2990 4708 3215 4769 pergere
3242 4691 3426 4755 vellet,
3479 4680 3699 4779 licentia:
3720 4665 3806 4779 illi:

2509 4757 2886 4850 leuet-labilem
2914 4757 3149 4856 deniqtie
3175 4782 3490 4842 Actardum,
3510 4786 3645 4847 quem

2356 4852 2528 4961 plebs
2578 4880 2892 4951 metropolis
2921 4852 3166 4934 ecclesia
3192 4870 3525 4926 Turonensis
3550 4865 3596 4918 in
3619 4852 3807 4961 cum:

2380 4935 2545 5039 glesia
2571 4976 2928 5049 baptizatum,
2952 4980 3169 5025 tonsum
3201 4972 3257 5019 et
3286 4962 3558 5018 nutritum.
3599 4962 3641 5009 et
3666 4956 3730 5019 με(

2383 5033 2545 5144 gulos
2583 5033 2789 5140 gr'adus
2835 5033 2924 5117 ad-
2948 5059 3193 5116 ordinem
3238 5054 3573 5125 episcopatus
3618 5033 3805 5144 prout:

2386 5129 2487 5223 sibi
2525 5129 2855 5219 incardinari
2886 5154 3154 5226 deposcit,
3186 5160 3463 5220 quemque
3501 5147 3645 5194 vestra
3671 5129 3804 5226 iam:

2389 5264 2474 5332 tas
2499 5252 2656 5309 nobis
2683 5208 3154 5321 incardinarndum,
3206 5208 3263 5296 et
3287 5208 3404 5312 jam
3446 5236 3487 5293 si
3525 5231 3646 5285 locus

2390 5328 2446 5408 in
2471 5342 2675 5407 nostris
2699 5342 3035 5417 regionibus,
3065 5299 3436 5404 inimetropoli
3473 5299 3805 5434 come
