3916 5434
55 206 137 262 881

1455 206 1813 268 εριετοιέε
1822 255 1838 270 .

3183 237 3288 293 881’.

58 302 177 362 tione
214 295 600 361 concessimus;
645 299 954 355 auctoritati
996 310 1188 357 vestrae
1233 305 1590 370 remittimus,
1623 313 1669 368 Α
1696 307 1822 362 bilia
1856 311 2010 368 ttoliis
2045 315 2246 384 scripta
2267 292 2584 388 .impetrare
2622 321 3000 391 nequivimus,
3036 313 3093 383 ut
3127 331 3283 400 quie-

54 399 283 460 quatenus
309 388 456 440 illum
482 388 534 440 iu
562 389 786 457 praefata
813 392 1112 461 metropoli,
1141 408 1210 450 eo
1240 394 1286 448 si
1312 395 1465 451 vobis
1480 397 1597 466 pla-

57 490 129 536 cet
165 488 336 532 tenore
363 478 830 550 archiepiscopum
859 482 1224 547 incardinetis,
1260 494 1320 540 ut
1343 495 1464 556 post
1497 486 1593 541 de-

58 586 232 626 cessum
255 569 392 623 illius
417 570 655 639 praefatae
701 573 982 643 metropoli
1035 574 1299 639 ecclesiae,
1350 577 1485 632 cleri
1535 586 1593 634 et

59 663 200 733 plebis
223 660 498 726 electione,
534 662 674 718 sicut
706 664 901 735 regulae
944 681 1111 722 sacra:
1153 670 1496 738 precipiuut,
1541 683 1599 726 et

60 763 184 810 vetus
207 753 534 806 consuetudo
563 754 748 824 exigit,
780 770 809 809 a
838 755 1191 829 sull‘ragaueis
1217 768 1272 814 et
1294 762 1596 830 provincia-

61 844 174 919 libus
187 841 441 911 episcopis
464 843 662 897 ibidem
680 846 1124 913 metropolitanus
1145 851 1429 906 ordinetur
1453 854 1597 908 anti-

61 944 166 989 stes.
188 931 414 1000 Tandem
444 934 498 987 in
529 934 912 1002 omnipotentis
942 937 1034 991 Dei
1078 939 1302 1004 honore,
1350 950 1403 995 et
1433 958 1599 1000 vene-

63 1028 233 1082 ratione
251 1034 560 1080 sanctorum
584 1027 949 1096 apostolorum
982 1045 1075 1083 vos
1115 1031 1486 1100 deprecamur,
1538 1043 1598 1090 ut

62 1115 170 1170 tales
191 1115 610 1172 inhuuorationis
639 1129 839 1173 nostra:
867 1119 1145 1187 epistolas,
1174 1123 1406 1192 taliaque
1439 1141 1598 1180 tuan-

63 1213 179 1273 data,
208 1211 338 1264 sicut
377 1211 646 1265 hactenus
689 1227 756 1265 ex
785 1213 1002 1268 nomine
1032 1224 1212 1270 vestro
1254 1217 1409 1272 nobis
1437 1233 1598 1273 vene-

64 1309 182 1363 runt,
225 1300 370 1355 nobis
405 1311 464 1354 et
502 1316 794 1370 regnorum
847 1313 1160 1360 nostrorum
1207 1309 1502 1379 episcopis,
1529 1325 1596 1366 ac

65 1391 344 1459 [uitam-ibus
367 1391 598 1446 ulterius
627 1409 734 1446 non
777 1394 1043 1450 mandetis
1081 1403 1138 1450 et
1161 1413 1265 1451 non
1305 1399 1596 1467 compella-

65 1487 119 1539 tis
140 1499 223 1538 nos
242 1484 516 1549 mandaui;
549 1494 607 1540 et
644 1486 902 1555 epistolas
930 1497 1140 1542 vestras
1187 1490 1596 1548 inhonorandas

63 1587 385 1643 contemnere,
409 1587 468 1634 et
497 1580 696 1636 missos
729 1589 942 1636 vestros
971 1583 1332 1649 dehonorare,
1355 1588 1446 1655 qui
1498 1601 1594 1641 vo-

1702 411 1808 454 tem
1839 403 2068 470 paciset
2091 408 2510 476 venerationem,
2540 427 2700 492 quam
2737 417 2876 485 apud
2911 427 3285 480 antecessores

1697 500 1908 546 vestros
1939 497 2107 550 nostri
2138 497 2451 556 deeessores
2486 511 2542 558 et
2572 519 2670 572 nos
2700 506 3008 576 habuimus,
3037 529 3284 585 quoquo-

1699 584 1858 637 modo
1911 585 2157 643 obtinere
2217 604 2499 659 possemus
2529 634 2544 658 ,
2605 596 2925 667 scripsimus
2979 603 3133 661 vobis
3167 584 3287 677 per

1698 675 1990 732 Actardum
2017 681 2363 752 episcopum,
2377 696 2432 740 et
2462 691 2891 749 mansuetudinis
2913 705 3116 753 uestrae
3139 675 3285 770 lega-

1699 774 1834 833 tum,
1861 769 2172 841 singillatim
2199 790 2263 829 ac
2288 775 2490 831 viritim
2517 794 2676 848 quam
2711 771 3148 846 inconvenientia
3185 769 3286 863 pro

1699 855 1990 914 Hincmaro
2017 865 2288 931 quondam
2313 866 2655 926 Laudunensi
2685 875 2936 946 episcopo
2961 894 3028 944 ex
3065 855 3289 941 nomine

1697 960 1879 1005 vestro
1912 953 2067 1009 nobis
2105 957 2304 1025 scripta
2337 959 2554 1016 fuerunt
2583 981 2596 1017 :
2627 981 2748 1034 qua:
2781 984 2881 1026 nos
2916 986 2946 1024 a
2975 972 3128 1032 vobis
3162 991 3287 1045 pro-

1696 1042 1924 1095 cessisse
1954 1059 2059 1100 non
2079 1047 2460 1114 credebamus,
2489 1061 2740 1120 putantes
2766 1073 2865 1113 nos
2895 1063 3108 1119 ratione
3136 1042 3286 1122 com-

1697 1141 1851 1200 perta
1893 1134 1962 1187 ab
2011 1133 2535 1206 iucompetentibus,
2585 1159 2706 1212 qua:
2749 1147 2978 1206 aliorum
3023 1154 3286 1212 instinctu

1697 1221 1852 1277 nobis
1880 1232 2107 1281 eatenus
2148 1228 2351 1300 scripta
2397 1231 2653 1300 fuerunt,
2695 1238 2963 1296 calamum
3005 1259 3282 1302 revocare.

1698 1311 1806 1369 Sed
1833 1330 1927 1384 spe
1952 1332 2088 1372 vana
2123 1318 2399 1378 frustratis
2439 1323 2597 1379 aliter
2625 1327 2780 1384 nobis
2820 1347 2983 1402 quam
3028 1339 3285 1407 speraba-

1696 1421 1818 1462 mus
1857 1409 2056 1464 evenit.
2090 1410 2148 1465 In
2173 1413 2351 1482 capite
2394 1416 2592 1486 quippe
2636 1418 2976 1492 litterarum,
3016 1443 3152 1498 quas
3189 1445 3286 1500 per

1696 1495 1978 1566 praefatum
2007 1500 2302 1557 Actardum
2331 1505 2643 1576 episcopum
2680 1511 2839 1570 nobis
2868 1495 3052 1573 vestra
3088 1495 3290 1576 direxit

1696 1588 2018 1657 pateruitas,
2045 1592 2282 1645 auditam
2315 1594 2637 1653 laudabilem
2675 1601 2962 1660 charitatis
2987 1615 3042 1661 et
3074 1610 3288 1678 sapien-

66 1670 129 1724 bis
152 1669 194 1722 in
231 1669 326 1732 his,
360 1685 482 1739 qua:
506 1671 578 1724 ad
607 1679 847 1726 vestrum
888 1672 1246 1728 ministerium
1292 1677 1591 1744 pertinent,
1623 1658 1671 1718 Β
1699 1677 1788 1733 tite
1826 1689 2027 1736 nostra:
2055 1685 2479 1754 magnitudinem
2509 1705 2601 1744 vos
2627 1694 2928 1761 praetulisse
2962 1658 3286 1765 inveniinus,

64 1759 309 1815 secundum
337 1763 696 1818 ministerium
743 1773 988 1820 nostrum
1028 1767 1276 1836 cupimus
1319 1770 1597 1841 obtempe-

68 1866 180 1904 rare.
208 1849 326 1918 Qua
351 1866 448 1921 pro
479 1854 649 1908 vestri
677 1853 883 1909 honore
901 1854 1165 1924 privilegii
1193 1857 1442 1921 dicimus,
1466 1861 1596 1929 quia

64 1939 203 2003 vobis,
227 1939 356 1995 sicut
376 1954 568 1996 revera
599 1956 630 1994 a
653 1941 858 1997 vicario
880 1943 1022 1998 beati
1049 1943 1195 1999 Petri
1224 1947 1597 2014 apostolorum

63 2031 280 2100 principis
300 2031 354 2087 in
384 2034 643 2089 omnibus
665 2034 844 2090 debite
877 2051 940 2090 ac
963 2048 1338 2108 competenter
1373 2042 1598 2099 obedire

68 2123 399 2191 desideramus,
430 2133 484 2180 et
513 2141 587 2180 ne
613 2125 771 2182 aliter
791 2129 1026 2193 eveniat,
1058 2144 1251 2185 cavere
1275 2146 1374 2201 per
1411 2134 1595 2188 omnia

65 2214 283 2281 cupimus,
328 2231 391 2271 ac
429 2225 674 2271 vestram
716 2215 1079 2274 Sanctitatem
1127 2221 1359 2292 idipsum
1400 2239 1596 2281 cavere

68 2305 215 2359 humili
238 2322 389 2376 prece
412 2309 777 2379 deposcimus.
806 2309 948 2365 Deus
975 2311 1321 2383 omnipotens
1343 2314 1411 2368 ad
1427 2315 1596 2371 hono-

67 2411 173 2457 rem.
191 2405 240 2452 et
265 2398 611 2454 salvationem
639 2409 802 2468 atque
827 2401 1212 2458 exultationem
1244 2413 1446 2460 sancite
1485 2421 1596 2462 sum

67 2486 292 2552 ibclesiat,
317 2504 411 2544 vos
436 2505 534 2560 per
557 2491 745 2544 omnia
783 2507 1050 2546 annorum
1077 2494 1345 2550 curricula
1373 2511 1596 2552 conser-

69 2593 168 2634 vare
189 2581 438 2652 dignetur,
461 2582 689 2637 domine
725 2585 1087 2652 sanctissime,
1131 2595 1293 2656 atque
1337 2601 1594 2644 reveren-

67 2675 246 2731 dissime
271 2675 426 2734 Pater
453 2677 510 2732 in
545 2677 798 2733 Domino.

541 2792 878 2851 EPISTOLA
934 2793 1066 2850 VIII.

630 2921 698 2959 AD
735 2921 975 2960 EUMDEM.

67 3010 182 3070 Binis
204 3009 406 3073 Adriani
442 3018 631 3074 litteris
661 3029 1030 3090 exasperatus,
1071 3022 1140 3074 ad
1177 3031 1595 3092 utrusqtte—cnm-
1625 3020 1672 3084 C

265 3111 472 3167 motiore
499 3111 827 3182 aliquantum
858 3113 1035 3164 animo
1069 3113 1360 3182 respondet.

183 3218 284 3292 [Ex
318 3221 449 3294 Opp.
493 3222 808 3287 Hincmari,
849 3232 978 3277 tom.
1019 3223 1095 3284 II,
1136 3209 1275 3294 pag,‘
1299 3223 1449 3296 701.]

117 3332 431 3390 Sanctissimo
456 3351 520 3391 ac
544 3337 986 3390 reverentissimo
1007 3335 1154 3389 Patri
1177 3337 1418 3392 ADRIANO
1443 3353 1592 3393 sum-

62 3437 129 3474 κιο
149 3424 361 3491 pontiﬁci
391 3435 446 3481 et
474 3427 763 3481 universali
804 3442 996 3497 papa,
1015 3427 1271 3484 (luctus
1299 3429 1394 3484 Dei
1423 3430 1594 3500 gratia

63 3526 133 3565 rex
157 3507 203 3568 et
231 3517 514 3586 spiritualis
546 3518 690 3572 filius
716 3527 916 3572 vester.

116 3607 334 3678 Legimus
399 3614 451 3667 in
514 3613 654 3667 libro
709 3611 1156 3682 Paralipomenon
1237 3613 1386 3668 ﬁlios-
1432 3613 1595 3670 Israel

61 3709 204 3755 mente
241 3704 456 3772 paciﬁca
484 3706 647 3761 ivisse
685 3706 751 3759 ad
795 3706 1069 3776 praelium,
1105 3707 1235 3777 quia
1272 3723 1378 3762 non
1410 3707 1596 3764 livoris

61 3790 274 3860 vindicta,
316 3795 414 3851 sed
441 3796 748 3851 obtinenda:
781 3797 930 3866 pacis
962 3797 1136 3867 gratia
1179 3797 1591 3852 dimicaverunt.

59 3877 181 3944 Quod
207 3899 406 3940 rursum
435 3887 684 3950 dicimus,
716 3887 842 3956 quia
869 3886 1062 3956 cogitis
1095 3887 1596 3942 nosindecentibus

61 3977 271 4039 potestati
306 3979 462 4050 regite
498 3979 698 4035 litteris
727 3978 934 4033 vestris
958 3979 1370 4042 inhonoratum,
1405 3966 1594 4034 incon-

61 4066 348 4124 venientibus
394 4071 689 4142 episcopali
748 4070 1026 4126 modestiae
1076 4080 1269 4125 vestra:
1322 4069 1594 4125 mandatis

61 4167 319 4223 gravatum,
343 4161 696 4215 contumeliis
727 4169 784 4215 et
816 4160 1123 4231 opprobriis
1154 4161 1595 4232 dehonestatum,

61 4242 188 4299 aliter
219 4263 367 4317 quam
402 4251 660 4306 vellemus
707 4260 888 4305 mente
928 4250 1154 4320 paciﬁca
1191 4251 1344 4307 vobis
1389 4254 1590 4308 rescri-

61 4333 163 4390 bere
187 4356 200 4392 :
227 4353 278 4396 ut
303 4345 510 4400 tandem
541 4345 1008 4411 animadvertatis,
1037 4359 1342 4436 quanquam
1378 4354 1590 4414 pertnr-
1623 4377 1670 4436 υ

64 4426 321 4489 hatiouibus
363 4435 612 4490 humanis
655 4435 977 4498 obnoxium,
1027 4434 1080 4489 in
1125 4435 1360 4506 imagine
1409 4446 1590 4491 tamen

62 4511 137 4567 Dei
159 4521 496 4579 ambulantem
522 4540 645 4580 esse
675 4540 772 4579 nos
798 4525 1069 4579 hominem
1092 4566 1108 4590 ,
1135 4525 1336 4580 habere
1371 4541 1587 4583 sensum

65 4612 246 4664 paterna
274 4619 325 4664 et
347 4613 484 4666 avita
515 4615 878 4680 successione,
908 4614 1002 4670 Dei
1045 4615 1216 4685 gratia
1237 4658 1252 4682 ,
1300 4618 1449 4688 regio
1488 4634 1590 4674 no-

67 4692 180 4748 mine
203 4713 260 4752 ac
283 4703 507 4759 culmine
534 4705 898 4772 sublimatum,
930 4716 986 4763 et
1014 4712 1156 4778 quod
1183 4712 1269 4766 his
1303 4709 1478 4779 majus
1506 4719 1592 4766 est

65 4781 374 4845 Christianum
394 4833 410 4857 ,
437 4796 760 4850 catholicqu
787 4798 911 4854 ﬁdei
947 4802 1262 4858 orthodoxae
1303 4801 1589 4869 cultorem,

66 4876 201 4931 sacris
235 4880 416 4941 litteris
460 4903 524 4942 ac
574 4889 813 4960 legibus,
862 4901 972 4946 tam
1011 4894 1398 4953 ecclesiasticis
1425 4911 1588 4964 quam

65 4969 396 5054 secularibus,
437 4980 506 5034 ab
549 4981 773 5036 infantia
812 4986 1121 5056 eruditum,
1172 4987 1319 5046 nullo
1358 4989 1590 5047 crimine

69 5057 239 5151 publica
269 5066 318 5121 in
343 5072 607 5127 audientia
635 5073 921 5142 episcopali
956 5078 1202 5150 legaliter
1231 5095 1298 5135 ac
1324 5083 1591 5151 regulari-

70 5148 134 5196 ler
155 5162 466 5223 accusatum,
512 5161 734 5218 minime
775 5172 950 5218 autem
999 5148 1330 5228 convictum.
1377 5148 1484 5241 Et,
1527 5180 1590 5229 ut

69 5248 164 5301 (ιιιω
185 5248 516 5312 superaddere
555 5259 864 5321 poteramus
904 5254 1006 5312 alia
1041 5271 1448 5327 taceamusme
1485 5280 1589 5322 nos

66 5329 208 5390 Potius
223 5334 431 5406 jactare,
465 5359 624 5413 quam
654 5359 776 5399 vera
805 5347 981 5405 dicere
1007 5357 1316 5420 videamur.
1346 5355 1475 5416 licet
1508 5361 1586 5415 le-

1696 1780 1752 1825 et
1778 1787 1900 1826 mox
1922 1774 1988 1828 de
2013 1785 2290 1846 comperto
2317 1795 2592 1837 murmure
2613 1792 2669 1838 et
2693 1787 3024 1848 tumultuoso
3050 1790 3290 1850 clamore
3353 1816 3358 1822 ’

1698 1860 1950 1918 indebitae
1995 1867 2429 1934 reprehensionis
2465 1872 2724 1928 adversus
2770 1879 3154 1948 paterpitatem
3194 1896 3291 1938 ve-

1696 1961 1868 2007 stram
1919 1970 2016 2010 nos
2062 1959 2345 2016 denotatos
2395 1962 2697 2032 reperimus
2743 1983 2757 2033 ;
2809 1967 2994 2036 sicque
3047 1971 3290 2028 auditam

1697 2054 1940 2100 nostram
1966 2049 2286 2118 sapientiam
2312 2052 2680 2119 collaudastis,
2717 2064 2777 2111 ut
2797 2061 2950 2126 quasi
2982 2061 3286 2129 honestius,

1696 2144 1752 2190 et
1781 2150 1969 2191 revera
2019 2141 2310 2206 onustius,
2334 2157 2433 2198 nos
2470 2144 2644 2201 solitis
2671 2148 3031 2215 contumeliis
3073 2150 3291 2209 afﬁcere

1696 2227 1995 2294 volueritis,
2030 2247 2199 2302 quem
2220 2249 2328 2288 non
2355 2249 2452 2304 per
2474 2236 2983 2308 insipientiam,.sed
3011 2258 3108 2312 per
3129 2245 3289 2300 indu-

1697 2319 1887 2389 striam
1917 2321 1970 2377 in
2006 2325 2435 2394 murmuratione
2462 2335 2519 2382 et
2557 2328 2796 2386 clamore
2838 2342 3026 2389 contra
3050 2335 3290 2392 debitam

1695 2410 2013 2468 charitatem
2057 2414 2370 2486 delinquere
2403 2419 2890 2490 demonstrabatis,
2927 2435 2984 2481 et
3027 2428 3182 2497 quasi
3219 2433 3289 2484 ad

1694 2517 1790 2557 ora
1845 2505 2048 2560 vasculi
2089 2507 2258 2564 melle.
2280 2508 2435 2575 illiti,
2464 2519 2525 2566 et
2566 2512 2635 2568 de
2675 2515 2864 2570 eodem
2908 2516 3057 2573 fonte
3091 2534 3199 2588 quo
3234 2530 3291 2576 et

1695 2600 1820 2647 ante
1855 2594 2034 2650 missa:
2064 2596 2262 2654 litteras
2301 2599 2418 2656 ista:
2454 2603 2785 2670 posteriores
2831 2608 2988 2663 nobis
3023 2610 3291 2680 pernicio-

1696 2702 1814 2744 sum
1843 2689 2093 2758 poculum
2123 2693 2566 2762 propinaverunt,
2598 2694 2831 2754 fatentes
2859 2699 2971 2767 illa,
3005 2718 3124 2772 qua:
3149 2703 3286 2759 alio-

1697 2795 1814 2834 rum
1845 2781 2113 2838 instinctu.
2124 2793 2180 2840 et
2200 2799 2307 2841 non
2331 2801 2362 2841 a
2387 2787 2540 2843 vobis
2559 2792 2890 2859 processisse
2909 2793 3287 2862 credebamus,

1698 2883 1874 2929 vestra
1903 2876 2089 2934 fuisse.

1769 2965 1906 3023 Nam
1935 2967 1990 3022 in
2029 2969 2456 3038 praecedentibus
2494 2972 2689 3030 litteris
2733 2990 2833 3032 nos
2875 2975 3184 3048 periurum,
3209 2987 3292 3051 ty-

1703 3072 1974 3124 ranuum,
1991 3073 2056 3114 ac
2083 3060 2378 3130 perfidum,
2409 3073 2465 3118 et
2497 3065 2878 3122 distractorem
2910 3083 3090 3124 rerum
3115 3069 3292 3128 eccle-

1696 3149 2042 3204 siasticarum
2061 3191 2076 3216 ,
2106 3166 2212 3206 non
2243 3153 2547 3210 confessum
2575 3195 2592 3220 ,
2642 3172 2742 3213 nec
2770 3158 2960 3214 ordine
2998 3161 3293 3230 judiciario

1697 3239 1939 3310 legaliter
1967 3256 2029 3296 ac
2057 3242 2380 3313 regulariter
2409 3247 2740 3312 convictum,
2763 3250 3004 3305 vocastis
3031 3267 3045 3304 :
3079 3250 3134 3305 in
3171 3252 3291 3308 istis

1697 3342 1874 3387 autem
1927 3335 2372 3389 murmurationis
2415 3337 2620 3391 crimen
2655 3339 2813 3394 nobis
2857 3340 3157 3411 impegistis
3182 3381 3199 3408 ,
3234 3351 3294 3399 et

1697 3424 2014 3480 tumultuosi
2062 3425 2316 3481 clamoris
2366 3443 2577 3483 naevum
2621 3430 2983 3501 imposuistis,
3027 3444 3295 3506 arguente

1696 3516 1926 3571 Domino
1970 3516 2243 3573 carnalem
2284 3517 2449 3573 Israel
2491 3535 2589 3589 per
2629 3523 2973 3593 prophetam,
3005 3527 3148 3581 unde
3188 3543 3293 3586 nos

1698 3609 2014 3679 coarguitis,
2044 3609 2173 3678 quia
2199 3623 2304 3664 non
2333 3610 2524 3666 fecerit
2547 3611 2833 3682 judicium,
2860 3616 2956 3672 sed
2993 3616 3289 3674 clamorem

1698 3700 1832 3774 (lca.
1865 3701 1954 3770 v);
1985 3709 2042 3756 et
2063 3701 2372 3771 Apostolus,
2403 3701 2609 3770 Omnis,
2637 3705 2831 3775 inquit,
2857 3708 3058 3772 clamor
3079 3718 3127 3763 et
3148 3708 3291 3763 indi-

1697 3796 1876 3864 gnatio
1903 3794 2124 3849 tollatur
2148 3813 2180 3850 a
2206 3797 2349 3850 vobis
2377 3794 2592 3869 (Epltes.
2619 3798 2716 3872 tv).
2749 3801 2954 3862 Etnon
2973 3803 3144 3858 levius
3175 3819 3290 3859 ma-

1699 3884 1808 3938 lunt
1855 3893 1939 3941 est
1986 3887 2343 3942 murmuratio
2372 3888 2457 3943 his
2486 3891 2683 3961 quibus
2721 3907 2826 3949 nos
2849 3903 3022 3952 antea
3065 3895 3291 3950 denota-

1699 3975 1820 4038 stis,
1853 3977 2064 4032 (licente
2101 3977 2398 4046 Apostolo:
2441 3978 2624 4050 Neque
2645 3985 3291 4048 tuurmurarcritis,sicut

1697 4069 1911 4139 quidam
1939 4069 2150 4122 illorum
2179 4083 2634 4128 murmurat-erunt
2653 4112 2668 4138 ,
2698 4083 2744 4127 et
2774 4092 2805 4128 α
2847 4075 3170 4145 serpentibus
3203 4094 3293 4145 pe-

1698 4161 1896 4214 rierunt
1927 4159 1978 4231 (Ι
2017 4159 2140 4214 Cor.
2168 4159 2266 4231 γι).
2315 4160 2422 4224 Et...
2465 4162 2764 4219 ut.beatus.
2800 4163 2932 4217 dicit
2972 4161 3286 4234 Gregorius,

1699 4251 1878 4305 nullus
1907 4266 2519 4321 murmurausregttum
2565 4252 2659 4306 Dei
2695 4252 2899 4307 intrare
2930 4253 3287 4322 permittitur.

1697 4341 1835 4396 Ilinc
1861 4342 2217 4412 colligendum
2233 4351 2612 4410 est,qttantum
2639 4352 2920 4412 peccatum
2948 4343 3020 4398 sit
3043 4359 3289 4398 murmu-

1699 4434 1858 4499 ratio,
1889 4449 2009 4503 mue
2035 4448 2257 4504 regnum
2285 4434 2381 4488 Dei
2410 4433 2740 4498 intercludit,
2773 4434 2916 4488 sicut
2948 4443 3004 4489 et
3029 4433 3117 4488 illa
3158 4449 3292 4504 pec-

1699 4533 1820 4579 cata
1843 4525 2050 4594 gravia,
2076 4532 2196 4592 post
2219 4539 2450 4592 quorum
2479 4525 2944 4579 enumerationem
2979 4524 3110 4580 dicit
3149 4524 3310 4596 A904

1698 4621 1869 4676 stohts
1895 4620 2042 4686 ποιά
2067 4618 2200 4672 talia
2228 4628 2414 4688 agunt,
2454 4635 2666 4690 regnum
2697 4618 2796 4672 Dei
2825 4635 2928 4674 non
2957 4617 3296 4688 possidebunt

1700 4709 1844 4784 (βαι.
1864 4713 1951 4782 .v).
1983 4712 2049 4766 Et
2071 4727 2184 4769 non
2205 4753 2220 4777 ,
2249 4711 2669 4787 utscripsistis,
2689 4711 3028 4770 tumultuoso
3054 4711 3301 4767 clamore

1697 4802 2078 4872 paternitatem
2119 4813 2378 4858 vestram,
2404 4802 2647 4864 indebite
2687 4801 3162 4872 reprehendimus,
3207 4803 3305 4856 sed

1699 4907 1819 4964 quae
1863 4892 2116 4950 "obii-el
2160 4899 2339 4948 vesll‘o
2393 4898 2634 4961 nomine.
2663 4894 2866 4964 scripta
2904 4893 3164 4957 fuerunt...
3199 4907 3309 4946 non

1699 4984 2270 5050 multorumvoeibus,
2299 4993 2534 5059 quibus.
2563 4987 2829 5045 tumultus
2858 4987 2977 5066 ﬁeri
2997 4985 3178 5054 solet,
3216 4984 3315 5039 sed

1698 5086 1883 5135 nostra
1919 5088 2124 5134 tantum
2156 5095 2286 5136 voce
2315 5084 2752 5162 rescripsimus.
2794 5080 2860 5136 Et
2899 5082 3148 5154 quoniam
3188 5076 3320 5145 talia

1699 5185 1795 5225 vos
1824 5170 2068 5238 misisse,
2091 5180 2154 5232 et
2175 5187 2206 5226 a
2237 5187 2477 5249 sancta
2502 5188 2743 5245 Romani!
2771 5173 3032 5240 Ecclesia,
3060 5174 3115 5228 iu
3147 5167 3321 5224 omni-
3377 5199 3398 5210 κ

1698 5262 1798 5319 bus
1827 5275 2046 5333 semper
2071 5261 2508 5339 discretissima
2558 5277 2720 5335 atque
2754 5264 3094 5334 cautissimo,
3130 5258 3330 5312 dictata

1699 5353 1866 5416 fuisse
1893 5371 2235 5426 nequaquam
2279 5370 2692 5434 credidimus,
2721 5356 2843 5428 quia
2872 5357 2987 5429 ipsa
3025 5357 3206 5424 sancta
3248 5357 3332 5398 se-
