3916 5434
522 267 626 322 885

1555 245 1804 321 Canem
1843 259 2046 318 eam:
2088 258 2515 316 FRANCORUM
2556 263 2763 318 REGIS
3681 267 3768 323 εει

530 383 670 438 male.
694 381 855 438 loculi
888 365 1076 437 sumus
1093 423 1108 447 ,
1132 381 1498 436 testimonium
1543 366 1820 448 perhibete
1846 362 1910 432 de
1941 375 2101 434 malo.
2133 371 2179 429 Α
2212 373 2350 437 terii,
2370 373 2451 426 vel
2478 374 2846 444 episcopatus,
2869 364 3076 429 mortali
3093 376 3322 430 crimine
3343 376 3649 432 dixeriutse
3667 393 3770 436 esse

531 475 578 529 si
603 483 781 528 autem
809 473 964 536 bene,
989 473 1116 540 quid
1143 470 1296 526 nobis
1317 470 1684 524 sueceacctis?
1711 469 1982 540 Scriptum
2004 475 2110 534 est,

528 563 802 616 Abraham
843 560 967 615 licet
995 569 1238 615 sanctum
1259 601 1273 624 ,
1310 567 1369 613 ut
1396 575 1424 612 a
1456 561 1564 613 Deo
1594 559 1990 614 sanctificatum
2018 559 2114 612 ho-

529 655 760 718 minem,
794 662 972 707 tamen
1007 654 1180 707 eidem
1211 652 1324 707 Deo
1351 653 1588 716 dixisse,
1620 649 1766 706 Num
1797 650 1980 720 perdes
2018 650 2114 719 ju-

526 758 666 801 stum
693 765 811 801 cum
836 749 1035 818 impio?
1063 766 1164 803 non
1199 759 1273 802 est
1307 749 1403 802 hoc
1433 758 1579 801 tuum
1599 789 1612 812 ,
1645 749 1734 819 qui
1761 747 1977 816 judicas
2008 763 2116 799 om-

527 856 644 893 nem
666 850 858 894 terram
883 840 1033 912 (Gen.
1061 841 1240 912 xvtu),
1262 851 1315 895 et
1338 856 1441 894 non
1469 840 1678 910 ingrate
1703 841 1805 893 hoc
1827 838 2113 892 Dominum

524 931 850 1003 suscepisse.
885 932 950 986 Et
980 947 1076 987 nos
1104 933 1357 1003 arguitis,
1385 934 1644 1002 quoniam
1689 931 1880 986 humili
1927 930 2111 1000 placa-

524 1024 676 1079 tione
712 1025 862 1081 vobis
889 1027 1253 1096 suggessimus
1279 1042 1383 1080 non
1420 1042 1541 1080 esse
1563 1035 1822 1088 vestrum,
1855 1041 1960 1078 non
1987 1040 2115 1078 con-

526 1115 694 1181 fesso,
734 1131 834 1171 nec
879 1116 1126 1188 legaliler
1163 1133 1226 1171 ac
1275 1117 1598 1186 regulariter
1642 1116 1918 1179 convicto,
1969 1116 2113 1184 regia

525 1209 692 1262 etiam
721 1217 988 1278 potestate
1015 1209 1190 1280 gratia
1233 1209 1327 1265 Dei
1374 1211 1597 1279 praedito
1619 1252 1634 1275 ,
1667 1210 1790 1263 talia
1823 1211 1961 1264 sicut
1999 1209 2113 1278 ple-

526 1297 650 1351 beio
692 1306 748 1353 et
794 1298 859 1354 de
904 1299 1221 1353 criminibus
1250 1299 1561 1362 confutato,
1595 1301 1887 1354 scribendo
1917 1300 2113 1369 impin-

524 1388 693 1458 gere?
741 1389 1006 1454 scientes,
1033 1404 1194 1457 quam
1241 1404 1404 1458 grave
1447 1389 1518 1443 sit
1550 1390 1737 1453 fratri,
1770 1391 1910 1458 quod
1958 1390 2114 1443 nobis

524 1478 776 1548 impactis
811 1479 990 1552 minus
1019 1489 1128 1543 est,
1154 1480 1334 1534 dicere
1367 1479 1509 1535 fatue
1535 1481 1747 1551 (Matth.
1773 1482 1848 1552 v),
1876 1481 2112 1550 nullique

525 1555 942 1636 detrahendum,
971 1570 1057 1624 vel
1085 1579 1274 1624 contra
1311 1571 1392 1626 fas
1419 1571 1864 1636 maledicendum,
1891 1571 2112 1625 minime

526 1667 711 1714 autem
759 1661 912 1729 regi,
962 1670 1023 1714 ut
1063 1661 1356 1731 apostolica
1406 1661 1685 1727 doctrina,
1730 1670 1890 1729 atque
1937 1662 2107 1715 sancti

2215 464 2462 534 pollutos,
2479 479 2684 534 asupra
2711 465 3312 522 dictisordinationibus
3336 469 3768 522 submovendas.»

2215 553 2282 607 Et
2306 568 2426 618 nos,
2447 553 2492 607 si
2515 553 2581 607 ad
2605 553 2728 607 talia
2751 554 2907 608 nobis
2938 555 3168 623 impacta
3198 557 3430 610 tacendo
3465 558 3773 612 consentire

2215 660 2356 710 mus,
2372 661 2478 700 non
2499 646 2669 702 solum
2686 662 2716 700 a
2731 647 2991 717 regimine
3011 649 3178 720 regio,
3191 664 3381 703 verum
3397 657 3456 704 et
3475 665 3503 702 a
3518 650 3776 706 catholica

2216 735 2470 792 Ecclesia:
2523 739 2903 792 communione
2952 754 3051 794 nos
3109 740 3256 810 ipsos
3305 749 3776 810 sequestraremns.

2215 825 2334 880 Non
2370 827 2540 898 igitur
2569 828 2694 882 talia
2735 829 2891 883 nobis
2925 816 2992 883 ex
3031 838 3185 900 parte
3224 831 3372 885 sedis
3399 831 3705 900 apostolica
3733 843 3779 889 et

2216 919 2434 974 nomine
2462 929 2646 974 vestro
2689 921 2922 990 scripta,
2951 931 3130 976 mente
3177 921 3351 976 alacri
3399 923 3697 992 percipere,
3737 933 3780 979 ct
3868 933 3869 976 ξ

2216 1011 2396 1064 animo
2423 1023 2575 1092 grato
2615 1012 2898 1082 amplecti,
2948 1021 3004 1067 et
3053 1013 3241 1067 humili
3287 1030 3507 1084 semper
3551 1015 3784 1073 debemus
3868 1087 3869 1090 η

2217 1098 2512 1155 intentione
2542 1102 2802 1171 recipere,
2834 1117 2973 1171 quae,
3005 1103 3147 1158 sicut
3191 1105 3245 1158 in
3271 1106 3480 1160 eisdem
3508 1106 3703 1162 litteris
3729 1125 3782 1162 et

2217 1190 2484 1244 sententia
2537 1193 2812 1260 sapientis
2840 1191 3144 1249 Salomonis
3193 1196 3551 1268 subjungitur
3596 1198 3781 1266 (Εεειε.

2215 1280 2335 1345 xu),
2367 1279 2535 1345 Quasi
2562 1282 2787 1347 stimuli,
2814 1291 2862 1336 et
2891 1285 3026 1337 sicut
3054 1284 3187 1339 clavi
3219 1286 3275 1339 in
3307 1285 3481 1340 altum
3512 1287 3677 1355 defixi
3697 1304 3783 1340 esse

2216 1369 2532 1434 riderentur,
2570 1373 2696 1441 quia
2733 1372 2920 1442 culpas
2957 1374 3390 1444 delinquentium
3414 1378 3670 1432 nesciunt
3693 1379 3783 1447 pal-

2216 1476 2367 1531 pare,
2399 1463 2492 1518 sed
2522 1477 2782 1535 pungere.
2800 1463 2898 1518 Cui
2921 1468 3208 1520 sententia:
3233 1467 3364 1521 item
3393 1467 3674 1536 Sapientis
3692 1483 3784 1520 vero

2216 1553 2282 1606 b‘a
2314 1554 2621 1619 referimus,
2645 1555 2841 1625 quibus
2868 1556 3030 1609 dixit:
3053 1554 3376 1627 Priusquam
3401 1559 3711 1629 interroges,
3738 1576 3784 1612 ιε

2216 1646 2467 1714 vituperes
2493 1662 2822 1716 quemquam,
2840 1659 2886 1700 et
2906 1663 3025 1700 cum
3043 1648 3473 1718 interrogaveris,
3501 1653 3559 1704 id
3588 1661 3670 1704 est
3688 1668 3784 1720 prc-

525 1745 698 1802 David
739 1747 792 1803 ίη
822 1720 1011 1804 ξάυιίε
1051 1720 1165 1817 ίέιη
1208 1765 1242 1804 a
1280 1749 1512 1806 Domino
1553 1720 1823 1820 πρε-βυδιῇ
1858 1749 2110 1805 reverti"-
2141 1720 2188 1779 Β
2215 1737 2444 1798 baveris,
2469 1739 2671 1807 corripe
2692 1739 2836 1807 juste
2860 1738 3050 1810 (Eccli.
3077 1752 3190 1808 x1);
3229 1742 3374 1796 sicut
3397 1742 3622 1797 Nathan
3648 1745 3786 1797 David

525 1836 602 1891 tia
638 1836 692 1907 (Ι
715 1836 845 1908 Reg.
872 1837 1046 1910 xxt't),
1075 1848 1131 1893 et
1162 1839 1468 1894 Salomonis
1493 1841 1791 1910 sapientia,
1837 1857 1900 1895 ac
1937 1840 2115 1896 Nabu-

528 1930 637 1984 tbt'c
673 1931 853 2000 prodit
885 1931 1116 1987 historia
1151 1931 1205 2003 (I
1245 1931 1423 1986 Much.
1466 1935 1574 2003 ix).

595 2018 906 2076 Invenimus
932 2023 1098 2077 etiam
1145 2023 1198 2077 in
1240 2024 1443 2078 eisdem
1491 2024 1687 2080 litteris
1729 2025 1886 2082 nobis
1929 2025 2114 2080 datum

527 2112 814 2168 consilium
837 2113 931 2177 ,.si
966 2113 1106 2169 forte
1147 2115 1251 2170 dici
1289 2125 1466 2185 potest
1511 2117 1816 2184 consilium,
1849 2117 1992 2188 quod
2033 2128 2116 2173 est

527 2203 744 2260 Domini
763 2207 1011 2278 exemplo
1023 2209 1378 2274 contrarium,
1393 2218 1450 2263 et
1466 2209 1702 2265 decretis
1715 2219 2021 2266 sanctorum
2040 2211 2118 2266 in-

526 2300 746 2354 venitur
767 2299 1084 2356 adversum:
1103 2302 1333 2367 scilicet,
1350 2311 1408 2357 ut
1430 2303 1609 2358 verbis
1629 2304 1824 2359 vestris
1849 2305 2115 2370 dicamus,

527 2391 710 2444 omnia
738 2407 859 2461 qua:
887 2405 918 2446 a
959 2391 1088 2448 sede
1116 2393 1430 2462 apostolica,
1475 2394 1562 2448 cui
1605 2409 1704 2463 per
1747 2393 1841 2448 Dei
1884 2393 2115 2463 gratiam

525 2480 865 2550 prtesidetis,
911 2483 1118 2538 directa
1169 2491 1327 2548 sunt,
1378 2484 1542 2538 alacri
1595 2492 1775 2540 mente
1811 2485 2111 2554 percipere.

529 2570 801 2641 Scriptum
829 2580 914 2627 est
939 2573 1082 2628 enim
1113 2573 1269 2628 nobis
1300 2589 1368 2627 ex
1396 2584 1580 2627 vestro
1608 2575 1846 2637 nomine,
1873 2588 1970 2627 nos
1995 2587 2116 2643 per-

521 2656 726 2726 jurum,
761 2667 1048 2729 tyrannum
1069 2699 1084 2722 ,
1116 2672 1180 2712 ac
1208 2658 1468 2728 perfidum
1487 2699 1502 2722 ,
1528 2667 1583 2713 et
1611 2659 1992 2713 distractorem
2031 2673 2117 2713 re-

528 2763 652 2802 rum
676 2763 799 2803 esse
828 2749 1338 2804 ecclesiasticarum.
1368 2749 1434 2802 Et
1457 2749 1572 2803 haec
1597 2749 1762 2804 alacri
1789 2757 1968 2804 mente
1994 2763 2115 2819 per-

525 2840 736 2910 cipere,
763 2841 945 2894 animo
973 2849 1130 2910 grato
1156 2839 1406 2909 amplecti
1429 2880 1442 2902 ,
1471 2849 1523 2894 et
1563 2840 1750 2894 humili
1776 2855 1990 2910 semper
2016 2841 2113 2894 de-

524 2935 719 2989 bemus
761 2933 1059 2987 intentione
1096 2933 1374 3001 recipere?
1404 2932 1514 2986 Nisi
1557 2933 1790 3003 scriptor
1818 2932 1955 2987 forte
1986 2932 2116 2986 velit

523 3039 625 3080 nos
661 3041 784 3080 cum
813 3025 972 3097 vulgo
998 3025 1284 3095 {Ethiopes
1324 3043 1520 3081 vocare
1559 3039 1861 3097 argenteos,
1899 3037 1954 3082 et
1989 3029 2111 3083 ideo

526 3118 650 3186 quis
680 3117 837 3172 nobis
862 3119 1086 3187 pulcher
1113 3120 1380 3184 videatur,
1411 3121 1534 3190 quia
1567 3121 1782 3175 nomine
1816 3121 1987 3175 bellus
2011 3136 2111 3174 vo-

525 3216 704 3272 catur,
727 3216 781 3263 et
804 3209 903 3264 sibi
926 3219 1147 3263 cantare
1167 3226 1288 3264 cum
1314 3211 1518 3274 Persio,
1540 3211 1806 3282 Quidquid
1827 3211 2110 3265 calcaveris

523 3313 647 3352 rosa
665 3298 785 3366 ﬁat,
801 3299 1040 3369 illudque
1069 3302 1441 3371 propheticum
1485 3302 1780 3369 incurrere,
1803 3303 1894 3356 Va:
1919 3303 2000 3356 his
2020 3303 2110 3372 qui

521 3401 722 3461 ponunt
741 3408 982 3446 amarum
1004 3393 1056 3445 in
1078 3394 1230 3447 dulce
1245 3393 1463 3464 (lsa.v),
1481 3411 1600 3447 cum
1621 3395 1874 3450 Dominus
1890 3395 2109 3449 dicenti-

523 3483 628 3536 bus
649 3482 720 3536 ad
739 3497 797 3537 se
820 3481 1040 3548 Iudaeis,
1058 3483 1248 3538 Nonne
1264 3489 1387 3538 bene
1409 3487 1631 3539 dicimus
1649 3503 1761 3548 nos,
1776 3486 1898 3553 quia
1917 3484 2110 3539 Sama-

520 3571 726 3626 ritanus
743 3588 796 3626 es
814 3583 892 3638 tu,
907 3582 955 3627 et
968 3575 1194 3628 dwmoui
1201 3591 1284 3627 um
1308 3576 1495 3627 habes?
1512 3577 1654 3644 quod
1679 3576 2009 3645 recognovit,
2033 3584 2111 3628 ta-

521 3663 696 3718 cendo
707 3665 1005 3730 consensit,
1021 3672 1075 3719 et
1093 3665 1360 3734 patienter
1377 3664 1571 3733 repulit
1585 3664 1727 3734 quod
1741 3664 1941 3719 dictum
1956 3664 2109 3719 falla-

519 3756 659 3810 citer
671 3756 1095 3821 audi~vit,dicens
1113 3775 1126 3809 :
1147 3756 1258 3826 Ego
1280 3756 1596 3810 datmonium
1621 3773 1723 3810 non
1743 3757 1906 3810 habeo
1922 3756 2104 3827 (Joan.

518 3863 548 3899 π
560 3845 668 3914 ιιι).
679 3846 844 3916 Cujus
857 3862 956 3916 pro
973 3846 1187 3901 modulo
1199 3856 1386 3901 nostro
1400 3846 1450 3900 in
1469 3847 1568 3900 hoc
1588 3847 1899 3916 exemplum
1911 3847 2106 3911 secuti,

520 3942 612 4011 qui
644 3957 753 3996 non
787 3942 1102 4012 dedignatus
1141 3950 1225 3995 est
1253 3955 1317 3995 ex
1350 3940 1557 3993 ratione
1583 3940 1868 3994 ostendere
1892 3954 1954 3994 se
1979 3954 2107 4008 pec-

521 4040 766 4086 catorem
804 4046 912 4086 non
937 4045 1088 4096 esse,
1121 4032 1212 4100 qui
1243 4047 1311 4086 ex
1339 4031 1539 4084 virtute
1567 4031 1868 4086 divinitatis
1899 4039 2112 4101 poterat

519 4133 838 4194 peccatores
873 4123 1196 4192 justiticare,
1233 4125 1300 4178 de
1328 4124 1413 4178 his
1441 4139 1563 4192 qua:
1597 4123 1652 4178 in
1698 4124 1856 4178 nobis
1884 4140 1989 4180 non
2025 4139 2110 4178 re-

519 4217 870 4286 cognovimus
891 4256 904 4281 ,
938 4215 1212 4269 humiliter
1254 4226 1308 4270 et
1339 4216 1606 4284 patienter
1639 4215 1780 4285 apud
1813 4217 2110 4286 paternita-

516 4318 628 4364 tem
653 4317 886 4376 vestram
929 4323 1027 4364 nos
1051 4308 1450 4373 excusavimus,
1479 4322 1548 4362 ne
1577 4309 1623 4364 si
1655 4310 1868 4379 penitus
1896 4318 2108 4366 tacere-

516 4416 657 4466 mus,
679 4401 833 4467 tales,
857 4401 1480 4471 quales'denotabamur,
1507 4402 1734 4457 tacendo
1775 4412 1830 4456 et
1872 4417 2104 4459 consen-
2130 4430 2182 4488 υ

515 4492 706 4549 tiendo
718 4509 840 4549 esse
863 4490 962 4548 n05
990 4493 1306 4558 lateremur,
1329 4499 1384 4546 et
1404 4493 1560 4562 quasi
1581 4494 1811 4550 confessi
1836 4503 1892 4550 et
1915 4504 2104 4552 nostra

514 4571 854 4640 coul‘eSSio-ne
875 4585 1108 4642 convicti
1135 4584 1523 4655 iudicaremur.

589 4675 654 4729 Et
684 4675 785 4731 hoc
810 4677 1236 4739 hortamentum,
1276 4676 1419 4745 quod
1461 4676 1513 4730 in
1557 4676 1754 4731 litteris
1777 4692 1846 4731 ex
1883 4679 2108 4735 nomine

513 4777 700 4823 vestro
729 4768 799 4823 ab
825 4768 1063 4823 Actardo
1087 4769 1340 4838 episcOpo
1370 4769 1524 4824 nobis
1553 4769 1744 4825 delatis
1773 4772 2098 4839 invenimus,

514 4861 723 4917 ucilicet
741 4901 756 4924 ,
784 4868 842 4914 ut
875 4863 1055 4916 omnia
1075 4902 1092 4926 ,
1118 4878 1239 4931 quae
1265 4879 1295 4917 a
1335 4864 1462 4917 sede
1490 4865 1784 4932 apostolica
1824 4865 1980 4920 nolus
2011 4882 2099 4921 ve-

2216 1844 2396 1900 regem
2424 1831 2572 1900 prius
2598 1832 2969 1901 interrogavit,
2992 1843 3046 1889 et
3067 1835 3508 1906 interrogatione
3529 1837 3787 1906 probatum

2216 1921 2478 1990 corripuit
2517 1935 2531 1973 :
2567 1930 2622 1975 et
2655 1937 2779 1977 cum
2809 1938 2973 1979 causa
3010 1927 3370 1996 correptionis
3397 1927 3601 1992 defuit,
3641 1930 3782 1982 hami-

2215 2011 2340 2065 liter
2374 2013 2640 2078 adoravit,
2665 2013 2826 2067 veluti
2873 2014 2926 2067 in
2972 2029 3123 2070 sacra
3170 2017 3402 2072 historia
3451 2018 3684 2088 legimus
3717 2020 3780 2088 (ll

2218 2101 2346 2172 Reg.
2391 2118 2497 2163 vu,
2548 2104 2668 2172 xu).
2710 2103 2959 2160 Mandate
3003 2115 3056 2160 et
3101 2107 3324 2162 scribite
3369 2124 3500 2177 qua:
3540 2121 3714 2165 vestro
3741 2121 3782 2162 et
3868 2159 3869 2164 η

2217 2205 2402 2250 nostro
2451 2196 2751 2252 ministerio
2801 2207 3139 2269 congruunt,
3181 2212 3243 2254 ut
3281 2203 3613 2258 decessores
3651 2207 3784 2258 vestri

2216 2288 2372 2341 nobis
2412 2296 2469 2341 et
2517 2289 2716 2343 nostris
2759 2289 3136 2346 decessoribus
3181 2295 3617 2359 mandaverunt,
3653 2307 3784 2365 atque

2216 2381 2577 2448 scripserunt,
2609 2390 2663 2435 et
2690 2381 2857 2438 alacri
2886 2393 3095 2451 mente,
3125 2396 3397 2457 gratoque
3440 2389 3631 2445 animo
3671 2391 3779 2445 reci-

2215 2472 2447 2542 piemus.

2290 2565 2506 2620 Litterae
2537 2576 2716 2623 autem
2754 2583 2820 2624 ex
2867 2570 3084 2626 nomine
3123 2579 3309 2626 vestro
3339 2587 3567 2643 semper
3591 2575 3699 2629 sine
3723 2577 3785 2628 iu-

2217 2657 2600 2726 terrogatione,
2632 2659 2685 2713 id
2720 2668 2802 2715 est
2835 2661 2950 2715 sine
2984 2662 3306 2731 probatione
3333 2680 3436 2720 nos
3465 2676 3722 2738 pungunt,
3745 2677 3787 2720 et

2214 2756 2465 2816 peccata,
2513 2765 2612 2818 pro
2637 2749 2831 2818 quibus
2861 2751 3086 2806 invitum
3117 2765 3403 2824 pungunt,
3449 2768 3648 2827 sponte
3682 2773 3786 2812 cm-

2216 2836 2355 2893 fessa
2381 2879 2395 2903 ,
2440 2839 2524 2892 vel
2559 2841 2747 2894 ordine
2786 2839 3074 2909 judiciario
3107 2843 3361 2915 legalitcr
3399 2864 3468 2902 ac
3498 2849 3789 2917 regulariter

2216 2932 2558 3000 comprobata
2601 2949 2703 2987 non
2749 2935 3038 2988 ostendunt
3068 2954 3082 2989 :
3117 2947 3174 2991 et
3203 2954 3328 2992 cum
3368 2950 3597 3007 peccata
3644 2943 3784 2994 mani-

2217 3023 2352 3078 festa
2382 3035 2436 3079 et
2476 3026 2698 3094 probata
2741 3027 2947 3092 desint,
2992 3027 3246 3084 fomentis
3276 3031 3535 3100 benigna:
3557 3035 3786 3088 adhorta-

2215 3115 2374 3169 tionis
2416 3125 2468 3169 et
2518 3115 2855 3170 allocutionis
2904 3133 3008 3171 non
3054 3118 3303 3174 refovent
3333 3139 3347 3173 :
3383 3124 3780 3191 reprehendente

2211 3206 2338 3260 hinc
2369 3206 2593 3259 Domino
2622 3207 2938 3277 pepulorum
2975 3217 3218 3264 rectores
3245 3227 3477 3281 asperos
3496 3255 3513 3277 ,
3543 3227 3700 3283 atque
3722 3216 3782 3267 di-

2211 3307 2394 3351 cente:
2429 3295 2526 3349 Vos
2560 3309 2735 3351 autem
2762 3314 2880 3351 cum
2915 3301 3220 3354 austeritate
3255 3303 3600 3372 imperabatis
3637 3308 3721 3367 eis,
3745 3317 3783 3358 et

2210 3404 2328 3441 cum
2350 3390 2578 3456 potentia
2605 3389 2820 3459 (Ifzech.
2849 3391 3056 3461 xxxxv).
3091 3390 3305 3457 Quibus
3333 3394 3634 3462 Apostolus
3657 3410 3780 3459 rcita—

2209 3477 2315 3532 lam
2357 3480 2503 3534 dedit
2548 3480 3013 3545 comntonitionis,
3057 3481 3292 3551 singulis
3337 3485 3532 3539 dicens
3569 3504 3582 3538 :
3616 3488 3782 3554 Argue,

2209 3568 2442 3634 obsecra,
2467 3570 2676 3640 increpa
2700 3571 2753 3623 iu
2782 3572 2921 3624 omni
2947 3572 3201 3640 patientia
3223 3583 3272 3627 et
3293 3576 3541 3629 doctrina
3563 3575 3613 3646 (1
3623 3577 3645 3628 Ι
3672 3576 3780 3629 Ita.

2209 3660 2308 3730 tv),
2340 3662 2570 3715 misceas
2608 3663 2940 3731 temporibus
2967 3671 3232 3732 tempora,
3269 3668 3578 3722 terroribus
3601 3668 3780 3721 blandi-

2209 3761 2411 3806 menta.
2445 3753 2630 3807 Dirum
2662 3753 2935 3823 magistri,
2966 3755 3114 3823 pium
3153 3757 3334 3825 patris
3356 3761 3701 3812 ostendentes
3721 3757 3783 3810 ai-

2209 3843 2433 3907 fectum,
2464 3844 2516 3896 id
2543 3854 2627 3898 est
2658 3845 3086 3914 indisciplinatos
3108 3856 3162 3902 et
3188 3849 3468 3918 inquietos
3493 3851 3688 3906 debent
3707 3851 3780 3903 du-

2209 3937 2322 3990 rius
2357 3952 2585 4006 arguere
2609 3979 2624 4002 ,
2652 3937 2966 3994 obedientes
2991 3950 3175 3994 autem
3206 3957 3272 3995 ae
3320 3944 3622 4012 patientes,
3662 3952 3712 3995 ut
3739 3945 3780 3994 in

2207 4030 2400 4085 melius
2445 4031 2733 4100 proficiant
2779 4032 3099 4099 obsecrare,
3145 4035 3488 4105 negligentes
3537 4048 3708 4090 autem
3739 4045 3779 4088 et

2209 4131 2615 4180 contemnentes
2660 4123 2855 4179 debent
2886 4125 3071 4194 utique
3117 4127 3408 4197 increpare
3439 4139 3609 4199 atque
3637 4130 3778 4183 cum?

2207 4230 2367 4284 pere,
2406 4225 2462 4269 et
2501 4217 2568 4270 de
2610 4217 2979 4272 criminalibus
3008 4220 3266 4287 peccatis,
3295 4230 3392 4274 aut
3421 4223 3567 4276 ultro
3591 4221 3778 4276 confes-

2208 4325 2316 4373 sos,
2347 4319 2441 4362 aut
2468 4311 2656 4364 ordine
2686 4311 2974 4380 judiciario
3005 4316 3392 4382 cornprohatos
3425 4327 3593 4387 atque
3615 4317 3779 4371 comi

2209 4409 2345 4464 ctos,
2377 4403 2668 4456 secundum
2700 4403 2918 4457 modum
2947 4404 3118 4473 culpae
3160 4405 3416 4477 legaliter
3441 4426 3510 4464 ac
3551 4410 3779 4481 ngulari-
3868 4429 3869 4432 η

2210 4504 2291 4548 ter
2317 4494 2583 4562 judicare.
2625 4513 2644 4545 ι
2676 4493 2856 4549 Noluit
2883 4495 3169 4565 Apostolus
3189 4539 3206 4561 ,
3250 4499 3432 4567 inquit
3467 4502 3656 4555 beatus
3688 4503 3777 4554 Δι-

2208 4583 2454 4654 gustinus
2482 4583 2706 4655 (Homil.
2751 4585 2806 4646 2,
2848 4585 2912 4639 de
2944 4584 3134 4642 Pmuit.
3164 4605 3281 4658 cap.
3311 4590 3394 4659 4),
3425 4592 3694 4646 hominem
3726 4590 3777 4643 ab
3868 4593 3869 4620 ‘

2207 4677 2424 4732 homine
2464 4675 2697 4745 iudicari
2740 4692 2808 4733 ex
2842 4678 3068 4733 arbitrio
3097 4683 3464 4750 suspicionis,
3510 4684 3592 4736 vel
3635 4685 3777 4736 etiam
3868 4663 3869 4668 η

2206 4770 2642 4824 extraordinario
2674 4778 2932 4838 usurpato
2967 4770 3198 4838 judicio,
3233 4774 3328 4826 sed
3357 4774 3543 4842 potius
3577 4790 3638 4827 ex
3683 4773 3776 4840 lege

2208 4862 2302 4916 Dei
2332 4863 2626 4918 secundum
2653 4863 2898 4917 ordinem
2928 4862 3206 4928 Ecclesiae,
3234 4864 3352 4920 sive
3399 4866 3546 4920 ultro
3590 4865 3776 4920 ωειῙες-
3868 4931 3869 4950 χ
