3916 5434
95 292 225 349 883

1560 301 1943 363 EPISTOLAI.

3279 303 3391 363 886

93 423 233 461 rum
272 415 492 478 peccata
519 424 637 479 quae
665 419 964 479 noverunt,
1009 415 1137 484 quia
1176 416 1515 471 documentis
1551 431 1693 486 saepe
1719 424 1769 480 Α
1798 415 2013 471 nomine
2033 425 2216 472 vestro
2228 414 2451 472 directis
2473 416 2542 474 de
2564 414 2861 472 Hincmaro
2879 414 3172 473 hoc‘modo
3197 432 3211 468 :
3233 430 3255 467 ι
3281 413 3386 471 Vo-

86 501 453 565 cleseruntur,
489 511 543 556 ιιι
582 516 644 555 ea
679 517 800 572 qum
829 506 1038 571 sciunt,
1064 506 1339 577 indicibus
1370 505 1698 569 ecclesiasti-

1800 502 2002 570 lumus,
2044 517 2102 561 et
2151 506 2479 562 auctoritate
2525 503 2821 576 apostolica
2878 505 3154 576 iubemus,
3208 505 3385 576 ipsum

86 589 187 642 cis
223 588 458 656 probare
495 604 603 646 non
649 594 877 662 possint.
924 595 1186 663 Quamvis
1231 596 1376 652 enim
1415 612 1544 652 vera
1591 597 1700 652 sint
1800 592 2150 650 Hincmarum
2174 596 2591 655 Laudunensem
2613 599 3157 669 episcopumrveatra
3184 597 3388 657 fretum

82 679 395 748 quaedam,
442 696 552 735 non
599 690 777 738 tamen
819 684 987 755 judici
1039 684 1201 743 facile
1242 689 1508 744 credenda
1549 698 1695 756 sunt,

91 768 210 822 nisi
241 770 411 826 certis
441 771 654 829 indiciis
681 776 1139 843 dentonstrentur,
1179 779 1283 833 nisi
1325 780 1514 836 ordine
1548 778 1696 849 judi-

86 858 281 913 ciario
314 865 784 932 comprobantur:
828 878 890 922 ut
934 869 979 922 si
1022 884 1121 938 per
1162 869 1426 940 judicium
1467 871 1593 925 mali
1628 872 1698 927 ab

91 946 365 1005 Ecclesiae
397 955 780 1011 communione
806 956 1012 1011 auferri
1045 973 1149 1013 non
1188 969 1433 1029 possunt,
1466 961 1696 1017 toleren-

92 1048 192 1092 tur
233 1042 444 1109 potius,
487 1058 555 1098 ne
589 1061 847 1115 perverse
888 1049 1059 1104 malus
1084 1050 1337 1105 evitando
1364 1052 1593 1121 quisque
1625 1053 1696 1109 ab

86 1128 345 1185 Ecclesia
379 1132 493 1202 ipse
537 1135 859 1205 discedens,
905 1155 1000 1196 eos
1044 1156 1181 1211 quos
1227 1139 1415 1213 fugere
1460 1144 1692 1210 videtur,

88 1219 309 1276 vinciat
342 1225 410 1278 ad
447 1228 769 1296 gehennam.
802 1248 822 1280 ι
1090 1260 1097 1265 ο
1567 1238 1577 1246 ”

162 1311 329 1379 Quod
375 1318 633 1386 scriptum
660 1328 744 1374 est
793 1321 848 1375 in
895 1323 1102 1379 eisdem
1131 1340 1201 1380 ex
1237 1326 1457 1383 nomine
1508 1335 1691 1385 vestro

85 1402 322 1470 litteris,
350 1407 475 1475 quia
497 1421 629 1463 sane
650 1424 758 1465 non
790 1413 1063 1481 patienter
1085 1416 1344 1484 pontiﬁcii
1374 1418 1541 1473 vestri
1569 1433 1689 1474 mo-

84 1495 208 1550 nita
236 1505 299 1552 et
326 1500 695 1556 correctiones
723 1518 822 1558 nos
844 1505 1061 1560 audisse
1081 1507 1447 1576 comperistis,
1484 1508 1688 1579 liquido

82 1594 246 1657 patet
273 1591 449 1646 adhuc
476 1592 733 1661 perfecta:
776 1595 977 1666 aliquid
1006 1599 1291 1655 charitatis
1337 1601 1518 1656 minus
1542 1601 1685 1657 dun-

83 1680 496 1747 taxathabere,
527 1683 595 1739 de
632 1699 740 1754 qua
782 1687 914 1742 dicit
955 1687 1285 1760 Apostolus:
1315 1688 1562 1746 Charitas
1589 1709 1687 1763 pa-

1799 689 2061 753 poteutta,
2106 685 2173 740 ad
2220 686 2406 741 limina
2456 695 2769 743 sanctorum
2806 693 3157 755 nostramque
3197 685 3400 747 venire,

1799 771 2162 829 clementiam.
2194 775 2317 843 Quo
2333 792 2467 832 sane
2493 776 2971 841 veniente,.veniat
2988 776 3196 846 pariter
3220 791 3385 834 accu-

1796 874 1949 919 sator
1975 865 2222 929 idoneus,
2254 869 2345 938 qui
2381 867 2524 922 nulla
2556 869 2731 937 possit
2766 867 3095 922 aueloritate
3141 865 3383 939 legitima

1798 955 1981 1024 respui
2015 969 2037 1009 :
2073 965 2129 1011 et
2158 968 2285 1011 tunc
2318 958 2371 1012 in
2402 958 2695 1025 praesentia
2722 967 2929 1021 nostra,
2961 966 3016 1012 et
3042 957 3209 1013 totius
3235 956 3382 1014 sedis

1796 1042 2075 1107 Romanae,
2122 1046 2367 1116 synodali
2435 1045 2664 1115 collegio
2715 1060 2877 1099 causa
2917 1044 3063 1100 illius
3125 1046 3381 1117 prudenti

1797 1134 2053 1189 ventilata
2083 1136 2354 1200 examine,
2379 1152 2443 1191 ac
2472 1138 2760 1207 diligenter
2783 1135 3059 1204 inquisita,
3082 1137 3380 1193 secundum

1794 1222 1973 1279 Deum.
1990 1233 2051 1279 et
2087 1240 2368 1280 sacrorum
2409 1241 2675 1280 canonqu
2716 1225 3378 1296 constitutionesSpiritu

1793 1313 1895 1370 Dei
1908 1316 2150 1385 prolatas
2178 1315 2363 1389 (Cone.
2403 1317 2520 1388 Afr.
2546 1334 2665 1372 can.
2703 1317 2847 1399 ιοξ),
2867 1318 2986 1374 sine
3018 1318 3397 1389 protelationo,

1790 1406 2219 1476 aliquaﬁnietur.
2254 1427 2276 1461 ι
2304 1407 2434 1476 Quae
2456 1408 2778 1480 relegentes,
2799 1407 2927 1464 licet
2949 1416 3138 1465 contra
3163 1423 3374 1466 morem

1791 1495 2137 1551 decessurum
2150 1512 2216 1553 ac
2235 1499 2698 1567 praedecessomm
2717 1506 3026 1553 vestrorum
3050 1498 3154 1555 hoc
3169 1497 3385 1554 dictum,

1788 1584 2175 1653 invenerimus,
2200 1587 2254 1642 id
2282 1598 2365 1643 est
2398 1589 2709 1645 umbrosum
2732 1587 2915 1644 saeculi
2934 1588 3165 1660 typhum
3214 1587 3391 1647 indu-.

1789 1690 1913 1730 cere
1956 1676 2011 1730 iu
2041 1676 2342 1732 Ecclesiam
2364 1693 2545 1743 suam,
2564 1693 2685 1747 qua:
2716 1677 2890 1745 lucem
2932 1676 3293 1747 simplicitatis
3317 1684 3375 1731 et

80 1770 226 1824 tiens
249 1779 348 1836 est,
373 1771 594 1843 benigna
619 1785 720 1842 εει,
740 1793 844 1831 mm
867 1779 1109 1849 ίκμαιην,
1150 1797 1255 1836 mm
1276 1783 1544 1848 irritatur,
1576 1799 1681 1838 ηοη
1713 1768 1761 1829 Β
1788 1765 2109 1823 humilitatis
2133 1767 2278 1841 diem
2323 1769 2533 1824 Domini
2571 1768 2756 1823 videre
2780 1767 3209 1824 desiderantibus
3232 1783 3379 1839 pra:-

78 1863 196 1931 agit
220 1878 516 1932 perperam,
547 1868 725 1921 omnia
744 1870 953 1939 sitfort,
998 1872 1175 1927 omnia
1214 1874 1435 1928 sustinet
1458 1874 1511 1945 (I
1552 1874 1680 1930 Cor.

78 1961 234 2022 xm).
285 1952 453 2025 Cujus
501 1956 785 2014 charitatis
809 1962 1028 2016 modum
1079 1971 1135 2019 et
1177 1964 1565 2034 perfectionem
1625 1966 1683 2022 in

76 2039 448 2112 benignitate,
468 2058 531 2099 ac
550 2046 831 2115 patientia,
854 2049 908 2104 in
931 2051 1237 2107 humilitate
1257 2062 1314 2108 et
1337 2053 1676 2127 sull‘erentia,

73 2132 344 2202 exemplo
364 2141 940 2208 'sanelae'paternitatis
992 2154 1208 2209 vestrae,
1263 2146 1318 2201 in
1358 2146 1555 2203 litteris
1579 2163 1677 2204 ve-

73 2223 216 2275 stris
247 2223 461 2278 discere
485 2226 777 2282 admodum
806 2245 1148 2303 euperemus,
1173 2233 1219 2288 si
1241 2234 1384 2290 Deus
1415 2251 1522 2290 non
1550 2236 1678 2293 inde

74 2314 363 2371 honorare
391 2317 721 2389 dignaretur.
756 2322 905 2388 Quod
922 2332 978 2378 et
1009 2325 1063 2379 in
1086 2327 1191 2381 hoc
1216 2340 1499 2396 possemus
1524 2330 1678 2385 addi-

72 2421 264 2472 chre,
298 2407 346 2461 si
395 2409 449 2464 in
480 2410 585 2476 his,
636 2412 706 2467 ad
754 2429 883 2483 quas
914 2430 982 2470 ex
1021 2417 1241 2473 nomine
1291 2427 1473 2475 vestro
1517 2420 1673 2476 nobis

69 2498 291 2568 scripta
317 2501 588 2556 sanctitati
622 2512 817 2559 vestrae
863 2507 1243 2577 rescripsimus
1274 2526 1290 2563 :
1332 2508 1672 2566 Sustimetis

72 2587 354 2642 modicum
376 2590 502 2659 quid
521 2592 839 2662 insipientia:
859 2607 1075 2662 nostras,
1101 2607 1150 2653 et
1174 2602 1553 2670 supportaretis
1577 2619 1671 2661 nos

70 2678 125 2747 (1
137 2679 164 2732 Ι
191 2678 321 2736 Cor.
353 2685 453 2751 xi),
475 2686 615 2740 sicut
641 2703 871 2758 magnus
896 2688 1110 2756 Petrus,
1145 2693 1454 2762 apostolica:
1479 2702 1536 2749 et
1566 2697 1673 2766 pri-

68 2790 182 2828 ma:
227 2775 379 2831 sedis
417 2778 623 2846 primus
653 2781 960 2852 episcopus,
1007 2798 1112 2838 non
1157 2784 1329 2840 solum
1379 2787 1668 2856 patienter,

68 2864 177 2919 sed
228 2875 287 2921 et
330 2868 626 2935 gaudenter
676 2872 811 2926 adeo
881 2875 1118 2944 suscepit
1191 2878 1667 2946 reprehensionem

67 2973 242 3012 suam
272 2973 303 3013 a
323 2963 633 3030 coapostolo
668 2979 767 3019 suo
795 2964 962 3021 Paulo
990 2967 1092 3022 sibi
1120 2976 1418 3035 ostensam,
1465 2978 1526 3024 ut
1549 2971 1667 3041 ejus

65 3046 360 3116 epistolas,
394 3050 447 3104 in
500 3052 693 3121 quibus
722 3069 781 3108 se
820 3056 1208 3125 reprehensum
1266 3056 1491 3128 legerat,
1539 3076 1663 3115 cunt

1788 1853 1913 1920 fert,
1946 1864 2123 1911 tamen
2166 1857 2233 1913 de
2262 1857 2539 1913 voluntate
2568 1872 2674 1912 non
2704 1858 3092 1926 dubitavimus,
3118 1859 3373 1929 quiabu-

1785 1962 1949 2002 manu
1973 1948 2153 2003 animo
2183 1947 2342 2004 facile
2370 1958 2548 2020 potest
2584 1950 2814 2019 subripi,
2837 1949 2981 2020 quod
3008 1965 3073 2005 ex
3106 1949 3371 2006 delibera.-

1785 2037 1937 2094 tione
1957 2040 2245 2095 conveniat
2279 2040 2577 2096 innnntari.
2614 2041 2719 2095 Sed
2746 2040 2901 2095 valde
2942 2041 3123 2096 niirati
3155 2057 3366 2107 sumus,

1783 2128 1874 2182 ubi
1900 2128 2004 2185 hoc
2036 2128 2271 2185 d;ctator
2315 2130 2557 2200 epistola:
2604 2129 2763 2186 nobis
2806 2145 2904 2200 per
2929 2130 3221 2184 Actardum
3253 2131 3369 2200 epi—

1782 2237 2003 2292 scopum
2055 2223 2246 2279 deiatae
2275 2225 2536 2294 scriptum
2583 2222 2871 2285 invenerit,
2917 2236 3039 2277 esse
3068 2221 3363 2292 apostolica

1781 2311 2105 2367 auctoritate
2129 2314 2570 2383 praecipiendum,
2622 2321 2682 2366 ut
2702 2327 2805 2367 rex
2836 2320 3116 2367 corrector
3142 2312 3357 2382 iniquo.

1779 2420 1921 2469 runt,
1958 2414 2015 2459 et
2058 2405 2337 2461 districtor
2388 2420 2627 2470 reorum,
2660 2419 2725 2482 ac
2758 2404 3053 2459 secundum
3096 2402 3244 2475 leges
3277 2420 3362 2460 ec-

1776 2495 2112 2553 clesiasticas
2157 2507 2321 2566 atque
2347 2498 2649 2555 mundanas
2688 2499 2834 2555 ultor
2854 2499 3168 2566 criminum,
3205 2516 3356 2556 reum

1775 2589 2022 2661 legaliter
2050 2605 2118 2647 ac
2158 2589 2482 2662 regulariter
2525 2606 2628 2663 pro
2654 2591 2971 2648 excessibus
2998 2592 3113 2647 suis
3138 2591 3360 2648 damna-

1776 2688 1912 2747 tum,
1937 2696 2034 2736 sua
2059 2680 2258 2737 fretum
2298 2681 2540 2752 potentia
2572 2681 2802 2737 Romam
2844 2682 3044 2754 dirigat
3072 2700 3088 2739 :
3120 2684 3359 2741 maxime

1774 2782 1955 2827 autem
1984 2772 2156 2837 illum,
2178 2772 2272 2843 qui
2310 2780 2367 2828 et
2385 2781 2512 2829 ante
2536 2773 2927 2843 depositiouem
2955 2786 3146 2831 contra
3176 2787 3362 2832 custo-

1773 2862 1917 2917 diam
1944 2862 2213 2932 publicam
2269 2870 2326 2917 et
2353 2871 2542 2918 contra
2570 2863 2812 2933 quietem
2859 2863 3036 2919 moliri
3086 2865 3141 2920 in
3185 2865 3360 2939 tribus

1773 2952 1992 3022 synodis
2019 2951 2226 3006 exstitit
2254 2951 2646 3023 deprehensus,
2706 2952 2850 3008 sicut
2879 2953 2933 3008 in
2960 2954 3129 3025 gestis
3150 2956 3361 3025 episco-

1770 3040 1981 3112 palibus
2028 3041 2341 3110 paternitati
2390 3051 2588 3099 vestra:
2625 3042 2854 3099 directis
2910 3043 3244 3111 continetur,
3305 3053 3363 3101 et

67 3139 325 3194 maximo
351 3139 535 3197 favore
560 3142 865 3200 laudaverit
894 3145 980 3217 (II
1021 3146 1167 3202 Petr.
1203 3146 1309 3219 ιιι).
1355 3147 1475 3202 Non
1514 3152 1659 3205 enim

1781 3138 1887 3184 tost
1925 3130 2316 3199 depositionetn
2371 3148 2544 3197 suam,
2591 3142 2646 3189 et
2672 3148 2771 3205 per
2791 3148 2876 3200 se,
2903 3143 2960 3189 et
2981 3149 3077 3205 per
3097 3150 3362 3206 quoscun-

66 3232 152 3285 ita
186 3243 477 3304 supputate
525 3252 624 3291 eas
654 3237 874 3293 laudare
916 3248 1151 3310 poterat,
1184 3240 1303 3295 nisi
1346 3239 1582 3310 legisset,
1608 3251 1671 3297 et

67 3324 205 3391 quia
237 3323 367 3393 legit
389 3327 670 3397 scriptum,
697 3331 1086 3399 reprehensum
1116 3346 1181 3386 se
1225 3331 1280 3385 in
1311 3332 1394 3387 eis
1416 3331 1624 3386 invenit
1650 3351 1664 3386 :

62 3422 132 3467 et
163 3415 424 3482 quoniam
450 3428 543 3472 eas
573 3425 681 3470 tam
728 3419 1007 3488 granditer
1032 3418 1293 3485 laudavit,
1337 3435 1499 3489 quam
1541 3436 1669 3491 gra-

67 3514 265 3560 tanter
290 3504 495 3574 justam
539 3510 1015 3579 reprehensionem
1042 3525 1195 3565 suam
1237 3520 1461 3582 accepto
1484 3510 1673 3566 tulerit

65 3616 106 3670 p
128 3599 373 3665 ttienter,
417 3604 674 3658 ostendit.
708 3604 775 3658 Et
814 3620 936 3660 cum
967 3619 999 3660 a
1025 3605 1327 3661 minoribus
1349 3605 1464 3661 suis
1482 3618 1673 3675 repre-

68 3690 287 3744 ltensus
315 3690 417 3745 fuit
451 3708 551 3747 cur
574 3692 640 3746 ad
665 3694 896 3765 gentiles
930 3695 1235 3759 intraverit,
1269 3711 1376 3751 non
1416 3696 1498 3751 eis
1525 3696 1671 3752 nudo

64 3792 129 3836 et
160 3783 372 3837 tumido
420 3800 675 3840 sermone
701 3789 999 3857 respondit,
1026 3797 1084 3842 ut
1112 3788 1297 3843 omnia
1334 3803 1456 3858 quae
1482 3795 1671 3858 egerat

66 3877 475 3947 patientissime
506 3880 860 3945 sustinerent,
884 3896 987 3936 nec
1013 3881 1216 3951 aliquid
1241 3883 1294 3936 in
1317 3897 1508 3937 eorum
1531 3896 1670 3951 que-

68 3969 192 4024 rcla
239 3968 307 4023 de
336 3984 433 4024 sna
463 3979 732 4040 potestate
777 3972 934 4039 dixit,
965 3974 1059 4028 sed
1106 3973 1297 4029 humili
1338 3988 1435 4029 eos
1461 3975 1672 4031 ratione

64 4057 330 4129 placavit,
381 4067 540 4129 atque
569 4060 626 4115 in
664 4077 828 4117 causa
877 4063 1319 4131 reprehensionis
1368 4079 1480 4125 sua:
1503 4063 1674 4119 etiam

68 4156 251 4202 testes
297 4148 543 4205 adhibuit
574 4149 719 4222 (Gai.
754 4151 841 4222 ιι).
879 4171 898 4204 ι
938 4153 1077 4220 Quia
1107 4153 1156 4208 si
1199 4154 1254 4209 in
1283 4154 1504 4224 querela
1533 4153 1671 4211 lide-

68 4235 236 4302 liuut,
258 4246 320 4292 ut
362 4238 553 4296 beatus
577 4241 713 4296 dicit
737 4239 1065 4314 Gregorius,
1104 4243 1309 4315 aliquid
1332 4244 1399 4300 de
1441 4260 1538 4300 sua
1582 4260 1673 4316 po-

68 4336 283 4385 testate
326 4330 548 4397 diceret,
597 4333 840 4403 profecto
870 4336 1062 4390 doctor
1094 4337 1529 4393 mansuetudinis
1560 4354 1672 4395 non

1770 3232 1876 3287 que
1907 3219 2102 3286 potuit,
2140 3235 2173 3274 a
2202 3235 2300 3275 sua
2346 3222 2653 3291 pervicacia
2693 3238 2801 3278 non
2837 3224 3064 3293 quievit.
3112 3224 3219 3280 Sed
3248 3239 3367 3293 non,

1770 3309 2053 3374 miramur,
2086 3310 2132 3364 si
2162 3311 2215 3365 in
2246 3313 2636 3381 posterioribus
2663 3313 2865 3370 litteris
2910 3330 2979 3370 ex
3022 3317 3239 3372 nomine
3267 3332 3361 3373 ve-

1768 3408 1885 3454 stro
1916 3399 2070 3454 nobis
2097 3400 2319 3456 directis
2345 3411 2431 3456 est
2468 3402 2775 3458 inl‘ulcitum
2804 3412 2866 3458 ut
2892 3403 3138 3475 lcgaliter
3170 3420 3235 3463 ac
3279 3423 3361 3465 ne-

1768 3492 2028 3562 gulariter
2067 3492 2376 3558 damnatus,
2413 3495 2507 3563 qui
2545 3494 2705 3550 nullis
2748 3495 2961 3566 legibus
2990 3497 3301 3553 decernitur
3325 3512 3362 3557 a

1768 3598 2040 3653 quoquam
2068 3583 2243 3654 gradu
2289 3599 2385 3640 seu
2412 3586 2575 3640 rebus
2598 3602 2663 3642 ac
2687 3586 3041 3644 facultatibus
3084 3592 3358 3651 redonan-

1769 3675 1891 3740 dus,
1922 3683 2236 3745 antequam,
2272 3675 2321 3730 si
2358 3685 2549 3731 contra
2578 3678 2880 3733 custodiant
2907 3687 2964 3733 et
3003 3680 3237 3748 quietem
3266 3696 3359 3751 pu-

1768 3765 1964 3821 blicam
1991 3766 2166 3821 moliri
2192 3783 2300 3823 non
2327 3767 2497 3825 fuerit
2523 3768 2917 3842 deprehensus,
2942 3781 3198 3829 renovata
3227 3789 3359 3848 apo-

1769 3858 1977 3913 stolicae
2024 3857 2170 3913 sedis
2199 3860 2524 3915 auctoritate
2566 3859 2772 3929 judicio
2817 3861 2870 3916 in
2913 3863 3211 3932 provincia,
3249 3879 3357 3934 qua

1769 3949 1932 4009 fuerit
1980 3950 2279 4021 iudicatus,
2326 3952 2466 4008 forte
2521 3954 2834 4010 inveniatur
2878 3955 3153 4023 innoxius,
3208 3957 3359 4026 regia

1769 4051 1956 4099 nostra
1978 4044 2218 4113 potentia
2240 4043 2307 4098 ad
2331 4052 2569 4098 vestram
2596 4044 2781 4100 veniat
2803 4045 2994 4106 fretus.
3025 4061 3147 4101 cum
3176 4062 3234 4100 se
3260 4062 3359 4098 au-

1770 4144 1922 4190 ctore
1954 4135 2209 4190 damnato
2235 4135 2496 4191 debeatur
2524 4135 2675 4191 zelus
2701 4137 3062 4201 rectitudinis,
3097 4153 3205 4192 non
3249 4137 3360 4193 cle-

1769 4227 1972 4285 utentia
2004 4226 2369 4282 resolutionis.
2399 4227 2530 4295 Quae
2555 4228 2600 4282 si
2627 4243 2734 4285 non
2758 4229 2825 4284 de
2851 4228 3044 4284 eodem
3067 4227 3355 4295 foramine,

1770 4321 1837 4379 de
1863 4321 2054 4377 eodem
2083 4328 2263 4376 tamen
2292 4321 2581 4376 conamine
2611 4328 2923 4387 manarunt,
2955 4321 3023 4375 de
3050 4335 3158 4390 quo
3181 4329 3235 4375 et
3263 4332 3359 4375 an-

69 4420 294 4475 fnisset.
333 4440 354 4474 ι
408 4421 465 4476 Si
518 4400 687 4494 igitur
731 4433 918 4495 pastor
962 4424 1245 4491 Ecclesia},
1298 4427 1666 4499 apostolorum

1781 4414 2003 4468 teriores
2044 4400 2338 4477 ﬂuxerunt,
2371 4411 2427 4465 in
2467 4411 2665 4483 quibus
2693 4412 3029 4475 continetur,
3056 4419 3115 4464 ut
3138 4426 3226 4465 res
3251 4426 3362 4467 οιιι-

69 4514 352 4583 princeps,
381 4516 533 4586 signa
557 4525 615 4570 et
641 4516 902 4572 miracula
929 4518 1280 4589 singulariter
1305 4520 1534 4586 iaciens,
1559 4538 1667 4578 non

1781 4522 1869 4564 nes
1897 4505 2189 4560 Hincmaro
2214 4503 2521 4563 commissa:
2554 4501 2819 4567 ecclesiae,
2848 4504 3023 4559 donec
3046 4501 3113 4561 ad
3142 4503 3362 4573 propria

70 4605 405 4678 dedignatus
444 4616 551 4673 est,
587 4609 641 4662 in
679 4624 846 4665 causa
875 4611 1317 4681 reprehensionis
1338 4628 1470 4678 suae,
1501 4614 1670 4669 ratio-r

70 4714 201 4754 nem
230 4699 506 4755 humiliter
526 4701 783 4767 reddere,
809 4704 1013 4771 quanto
1037 4704 1231 4775 magis,
1281 4704 1457 4774 inquit
1478 4705 1670 4762 beatus

70 4791 374 4860 Gregorius
395 4792 705 4862 apostolica:
732 4793 880 4847 sedis
909 4793 1174 4863 pontifex,
1203 4809 1302 4849 nos
1329 4804 1665 4863 peccatores,

67 4896 198 4935 eum
223 4878 294 4935 de
321 4895 381 4936 re
404 4881 582 4952 aliqua
611 4882 1081 4951 reprehendimur,
1111 4883 1533 4955 reprehensores
1566 4899 1667 4938 no-

69 4983 222 5029 stros
241 4972 453 5028 ratione
473 4974 664 5029 humili
687 4973 910 5042 placare
921 4975 1216 5032 debemus?
1240 4975 1461 5033 Litterae
1487 4987 1669 5032 autem

69 5080 137 5117 ex
166 5061 389 5118 nomine
424 5072 609 5120 vestro
653 5062 813 5118 nobis
833 5064 1075 5130 directae,
1108 5080 1215 5123 non
1237 5066 1429 5122 humili
1453 5083 1553 5122 nos
1582 5082 1672 5121 raq-

74 5156 220 5192 Iinnn
250 5152 528 5192 ultioni-nni
584 5167 692 5192 nan
719 5163 907 5192 vnnlra
949 5157 1215 5192 ralinnnm
1246 5174 1342 5192 nnc
1369 5173 1434 5192 av
1460 5158 1670 5192 mlinun

1775 4605 2161 4662 reverteretur,
2191 4593 2811 4659 nobiscommitteretis,
2832 4601 2892 4647 ut
2918 4592 3199 4648 indemnes
3240 4608 3365 4647 con-

1775 4687 2054 4752 sisterent,
2089 4694 2144 4742 et
2174 4685 2393 4760 aliquod
2413 4684 2752 4754 dispendium
2784 4699 2891 4738 non
2925 4684 3305 4741 incurrerent..

1854 4777 2029 4843 Unde,
2061 4774 2204 4830 sicut
2244 4776 2402 4831 vobis
2432 4773 2834 4847 rescripsimus,
2867 4784 2923 4829 et
2973 4788 3120 4829 nunc
3167 4771 3367 4855 iterum

1775 4870 1932 4925 vobis
1953 4868 2194 4927 scribere
2216 4882 2325 4923 non
2367 4867 2564 4938 piguit,
2589 4865 2685 4920 sed
2712 4865 2962 4935 exigente
2984 4878 3159 4923 causa,
3178 4877 3369 4919 neces-

1774 4960 1981 5017 sarium
2010 4961 2271 5032 est,,quia
2305 4974 2464 5031 reges
2503 4959 2837 5015 Francorum
2869 4973 2939 5015 ex
2988 4954 3142 5029 regio
3175 4969 3375 5025 genere

1773 5055 1912 5121 nati,
1943 5074 2053 5113 non
2083 5044 2464 5129 episcoporum
2487 5050 2839 5117 viceduntiui,
2861 5053 2957 5108 sed
2983 5064 3145 5109 terra:
3169 5048 3379 5103 domini

1775 5145 2045 5192 hactenus
2076 5144 2278 5192 fuimus
2324 5141 2625 5192 comnulati
2663 5159 2678 5192 :
2711 5151 2767 5192 et
2793 5151 2858 5192 ut
2895 5143 3009 5192 Len
3032 5157 3100 5192 ac
3133 5137 3383 5192 Romana
