3916 5434
531 309 636 366 887

1560 314 1808 371 CAROLI
1847 314 2051 371 CALVI
2100 313 2525 372 FRANCORUM
2567 317 2769 374 REGlS

3691 326 3788 384 888

532 425 747 495 scopale
774 425 1056 498 imperium
1081 443 1235 498 reges
1262 427 1425 482 villici
1455 427 1610 491 ﬁniit,
1657 436 1979 496 actoresque
2004 425 2118 496 epi-
2147 428 2192 485 A
2221 425 2384 480 etesia
2427 425 2522 480 Dei
2553 425 2607 480 in
2650 427 2757 492 his,
2784 425 2903 481 sine
2957 426 3150 497 quibus
3196 444 3318 484 eam
3348 430 3657 487 Christiana
3689 449 3790 488 non

532 530 840 588 scopornm.
867 518 935 572 Et
964 518 1248 584 Dominus,
1299 534 1419 590 quae
1442 526 1569 574 sunt
1599 518 1851 580 Caesaris,
1882 515 2114 582 Caesari,

532 617 590 663 et
629 622 750 677 qua:
778 617 904 662 sunt
929 607 1046 670 Dei,
1084 608 1193 662 Deo
1232 608 1384 664 reddi
1427 607 1676 678 praecipit
1701 605 1918 678 (Matth.
1952 605 2114 676 χχιι),

532 698 624 768 qui
651 697 816 753 etiam
853 713 1076 754 censum
1129 700 1242 770 regi
1293 699 1527 754 reddidit
1576 698 1788 770 (Matth.
1843 697 1998 768 xvu).
2050 697 2122 752 Et

529 790 820 860 Apostolus
844 791 1020 846 voluit
1062 791 1256 846 serviri
1293 791 1534 862 regibus,
1558 790 1730 845 voluit
1777 789 2032 844 honorari
2061 796 2118 843 et

529 897 641 937 non
686 881 995 937 conculcari
1049 897 1224 953 reges.
1266 881 1476 952 Regem,
1529 881 1723 950 inquit,
1773 878 2116 946 ltouoriﬁcate

532 975 584 1045 (1
631 973 776 1030 Petr.
805 977 889 1047 ιι).
920 976 988 1030 Et
1029 977 1248 1040 iterum,
1291 976 1500 1041 Omnis,
1525 975 1796 1045 inquiens,
1822 973 1999 1026 anima
2023 988 2117 1042 po-

531 1067 801 1121 testatibus
825 1067 1217 1122 sublimioribus
1237 1067 1448 1121 subdita
1472 1067 1559 1120 sit.
1605 1064 1826 1118 Reddite
1852 1078 1974 1132 ergo
2006 1077 2116 1114 ont-

532 1157 685 1211 nibus
730 1157 905 1212 debita
962 1156 1138 1229 (Rom.
1178 1157 1346 1225 xui);
1395 1165 1448 1211 et
1490 1154 1650 1225 paulo
1671 1150 2115 1222 superiuszldeo

531 1249 834 1302 necessitate
861 1248 1056 1303 subditi
1079 1230 1260 1313 estote,
1290 1263 1393 1301 non
1418 1245 1589 1300 solum
1611 1252 1820 1314 propter
1839 1243 1996 1308 iram,
2023 1241 2116 1295 sed

528 1346 578 1390 et
601 1348 812 1408 propter
837 1337 1210 1392 conscientiam
1237 1335 1450 1406 (lbid.).
1480 1335 1548 1389 Et
1573 1335 1618 1388 si
1658 1331 2000 1388 revolveritis
2031 1347 2117 1386 re-

530 1436 682 1498 gesta
710 1428 1058 1484 decessurum
1091 1441 1155 1480 ac
1185 1421 1641 1496 praedecessorum
1670 1430 2002 1486 vestrorum,
2031 1430 2115 1474 ta-

528 1516 602 1571 lia
633 1516 888 1572 mandata
919 1516 1062 1572 sicut
1092 1516 1361 1570 habentur
1383 1515 1438 1569 in
1462 1514 1658 1569 litteris
1684 1527 1751 1567 ex
1782 1511 2000 1566 nomine
2025 1525 2117 1564 ve-

529 1617 644 1665 stro
673 1609 832 1665 nobis
853 1609 1073 1664 directis
1109 1623 1207 1678 per
1233 1606 1528 1662 Actardum
1561 1605 1894 1674 episcopum,
1926 1602 2117 1658 deces-

529 1715 682 1756 sores
748 1710 966 1757 nostros
1036 1715 1066 1754 a
1139 1699 1515 1755 decessoribns
1575 1697 1771 1752 vestris
1839 1695 2114 1764 accepisse

2220 516 2425 584 patitur
2449 530 2570 572 esse
2601 515 2812 587 religio,
2838 517 3036 572 inculta
3061 535 3126 574 ac
3147 518 3411 590 destituta
3433 531 3674 577 maneat.
3702 520 3793 577 Sin

2218 618 2398 665 autem
2432 608 2757 664 excellentia
2781 619 2958 666 vestra
3003 610 3160 666 aliter
3184 625 3246 667 se
3287 613 3517 679 habere,
3547 629 3714 684 quam
3735 613 3795 670 de

2217 699 2441 770 eoquod
2474 701 2672 755 dicitur
2696 714 2818 754 esse
2862 701 3219 770 perspexerit,
3242 716 3369 756 eum
3399 702 3472 757 ad
3513 702 3793 757 ecclesiam

2217 807 2370 848 suam
2417 792 2615 848 reverti
2637 792 2918 858 concedat,
2949 792 3266 849 nt-oliicium
3287 809 3447 848 suum
3470 794 3527 848 in
3551 796 3799 850 commis-

2217 884 2292 938 sis
2313 884 2413 939 sibi
2435 883 2721 938 animabus
2744 883 3055 953 adimpleat.
3082 905 3103 936 ι
3133 883 3344 952 Quibus
3365 884 3645 938 mandatis
3665 884 3800 938 beati

2217 975 2461 1046 Gregorii
2500 975 2914 1044 praedecessoris
2962 974 3149 1040 vestri,
3196 973 3266 1029 de
3296 973 3385 1029 bis
3433 973 3528 1043 qui
3574 973 3801 1027 necdum

2210 1065 2412 1134 judicio
2437 1063 2680 1135 synodali
2707 1063 2954 1133 legaliter
2979 1079 3044 1118 ac
3078 1062 3406 1134 regulariter
3429 1077 3534 1131 pro
3563 1061 3800 1116 crimini-

2218 1158 2319 1216 bus
2345 1157 2458 1212 suis
2500 1155 2654 1210 fuere
2680 1155 2932 1225 depositi,
2956 1155 3168 1210 collatis
3197 1169 3321 1210 cum
3354 1153 3583 1223 scriptis
3619 1168 3689 1207 ex
3718 1167 3806 1207 no-

2178 1275 2181 1279 -
2218 1249 2362 1304 mine
2394 1256 2577 1304 vestro
2607 1248 2763 1303 nobis
2807 1247 3046 1311 directis,
3098 1264 3165 1304 ex
3216 1262 3285 1302 eo
3313 1246 3418 1317 qui
3449 1245 3708 1316 legaliter
3747 1261 3806 1300 ac

2219 1337 2541 1407 regulariter
2585 1352 2686 1406 pro
2715 1336 2830 1392 suis
2854 1338 3167 1392 excessibus
3203 1337 3412 1408 judicio
3439 1336 3698 1407 synodali
3719 1337 3803 1390 ha-

2218 1431 2377 1486 betur
2409 1429 2707 1500 depositus,
2735 1438 2794 1483 ut
2822 1444 2945 1485 eum
2975 1438 3156 1484 nostra
3183 1429 3386 1484 fretum
3430 1429 3686 1497 potentia
3711 1427 3807 1481 Ro-

2219 1535 2364 1575 mam
2389 1519 2692 1584 mittamus,
2730 1534 2850 1589 qnae
2878 1519 3056 1590 potius
3081 1518 3358 1588 sequenda
3380 1519 3516 1581 sint,
3543 1516 3803 1585 jndicate.

2218 1608 2327 1664 Nus
2356 1618 2538 1664 autem
2566 1611 2943 1664 auctoritatem
2969 1618 3204 1664 vestram
3219 1607 3611 1676 indicaturam
3641 1610 3804 1678 potius

2218 1702 2508 1767 credimus,
2532 1711 2592 1756 ut
2619 1716 2684 1756 ea
2710 1717 3025 1771 sequamur,
3065 1717 3186 1772 qua:
3225 1701 3552 1756 decessores
3585 1716 3656 1755 ac
3682 1717 3801 1770 prr-

530 1788 836 1848 nullatenus
871 1791 1154 1847 invenietis
1184 1807 1199 1846 :
1226 1793 1368 1846 unde
1397 1804 1568 1860 pauca
1595 1789 1662 1844 de
1689 1787 1937 1858 pluribus
1959 1785 2112 1842 vobis
2141 1781 2188 1840 Β
2214 1794 2529 1850 decessores
2553 1793 2719 1848 vestri
2762 1792 3057 1848 secundum
3095 1792 3511 1862 scripturarum
3536 1793 3800 1846 tramitem

529 1883 770 1938 scribere
798 1883 1170 1938 necessarium
1189 1881 1468 1936 duximus.

602 1971 838 2028 Sanctus
880 1971 1196 2043 Gregorius,
1238 1971 1434 2026 merito
1459 1969 1586 2023 vitae
1619 1976 1675 2023 et
1708 1965 1985 2036 sapientia:
2024 1964 2118 2020 do-

530 2055 707 2120 ctrina
739 2063 1048 2134 apostolica:
1074 2063 1219 2118 sedis
1248 2061 1514 2132 pontifex,
1535 2070 1591 2116 et
1605 2060 1700 2115 toti
1715 2058 1832 2114 orbi
1857 2058 2116 2114 colendus

531 2172 597 2211 ac
645 2155 978 2220 imitandus,
1026 2155 1360 2209 Francorum
1407 2152 1623 2223 regibus
1670 2150 2012 2206 Theoderico
2060 2157 2116 2204 et

533 2249 930 2312 'l‘heodeberto,
960 2246 1448 2318 praedecessor-ibus
1468 2246 1687 2311 nostris,
1715 2246 1781 2300 de
1805 2242 2117 2314 praeiudicio

531 2339 809 2409 cujusdam
839 2338 1100 2409 episcopi,
1130 2352 1235 2393 non
1269 2338 1341 2392 ita
1394 2345 1454 2392 ut
1495 2352 1592 2391 vos
1636 2336 1793 2391 nobis
1822 2336 2120 2404 scripsistis

530 2445 631 2500 pro
671 2446 760 2494 eo,
789 2430 886 2501 qui
913 2444 1016 2500 pro
1040 2428 1248 2483 meritis
1289 2428 1403 2482 suis
1426 2427 1672 2496 legaliter
1704 2441 1768 2482 ac
1791 2425 2118 2496 regulariter

525 2519 670 2588 jusle
694 2519 971 2590 depositus
983 2527 1090 2584 est,
1119 2517 1340 2587 scripsit
1367 2517 1468 2571 hoc
1497 2515 1655 2570 modo
1687 2513 1799 2587 (lib.
1824 2530 1938 2578 vn,
1959 2515 2113 2584 epist.

532 2614 657 2676 £20,
688 2615 870 2668 indiet.
903 2613 1006 2685 2):
1040 2631 1058 2664 ι
1097 2611 1290 2666 Frater
1315 2619 1374 2665 et
1400 2611 1752 2682 coepiscOpus
1785 2617 1970 2664 noster
2010 2609 2117 2665 Ur-

531 2706 687 2760 sinus
735 2704 997 2760 Taurinte-
1014 2703 1254 2758 civitatis
1278 2702 1527 2766 antistes,
1567 2701 1621 2755 in
1666 2700 1940 2770 parochiis
1982 2699 2116 2767 suis,

531 2809 652 2866 qua:
703 2797 845 2850 intra
901 2795 1053 2864 regni
1109 2793 1276 2848 vestri
1327 2801 1452 2847 sunt
1497 2790 1757 2846 terminos
1790 2790 2116 2854 constitutae,

532 2899 700 2958 grave
743 2886 966 2940 omnino
1013 2885 1213 2939 dicitur
1239 2881 1609 2952 pra‘judicium
1637 2881 1906 2936 sustinere
1939 2894 1955 2933 :
1983 2881 2119 2934 adeo

533 2984 593 3030 ut
648 2985 838 3030 contra
896 2972 1322 3028 ecclesiasticam
1383 2971 1789 3026 observantiam
1815 3009 1834 3035 ,
1903 2978 2119 3024 contra-

531 3081 639 3137 que
685 3065 1075 3121 sacerdotalem
1123 3067 1462 3137 gravitatem,
1508 3075 1564 3120 et
1611 3074 1802 3120 contra
1834 3080 2114 3120 sacrorum

2215 1885 2763 1956 praedicationemque
2810 1883 3075 1952 majorum
3114 1884 3482 1953 scripserunt,
3509 1898 3676 1951 quam
3700 1883 3798 1946 illa,

2217 1991 2337 2046 quae
2364 1976 2598 2045 scriptor
2623 1989 2769 2045 saepe
2803 1974 2963 2029 dicta:
2997 1974 3242 2044 epistola:
3272 1987 3343 2027 ex
3370 1973 3606 2028 nomine
3635 1985 3799 2027 vestro

2218 2066 2376 2123 nobis
2400 2066 2620 2121 direcue
2649 2065 2933 2120 conﬁnxit.
2955 2065 3046 2119 Ait
3069 2065 3216 2120 enim
3244 2063 3448 2119 beatus
3475 2047 3800 2136 Aligustinns

2217 2159 2357 2214 libro
2387 2157 2456 2212 ad
2501 2155 2817 2211 Ianuarium
2850 2157 3022 2228 (epist.
3067 2156 3193 2221 ιιι),
3223 2141 3523 2227 male):
3561 2175 3580 2206 ι
3625 2155 3802 2212 Omnia

2217 2249 2367 2314 talia,
2391 2263 2511 2318 quae
2539 2262 2714 2317 neque
2739 2255 3049 2312 sanctarum
3075 2245 3491 2315 Scripturarum
3517 2246 3797 2300 auctorita-

2217 2338 2363 2394 tibus
2387 2336 2768 2402 continentur,
2787 2351 2888 2390 nec
2922 2335 2976 2390 in
3005 2334 3254 2391 conciliis
3283 2336 3678 2407 episc0pornm
3705 2346 3800 2389 sta-

2217 2439 2332 2484 tuta
2377 2428 2746 2494 inveniuntur,
2789 2443 2890 2483 nec
2920 2426 3314 2482 consuetudine
3347 2427 3685 2482 universalis
3707 2426 3796 2481 Ec-

2217 2519 2396 2576 clesiae
2426 2519 2682 2585 roborata
2699 2527 2844 2584 sunt,
2883 2517 3177 2574 resecanda
3217 2516 3505 2571 existimo.
3544 2537 3564 2569 ι
3595 2517 3667 2570 Et
3689 2531 3798 2569 san-

2218 2622 2339 2668 ctns
2375 2611 2506 2677 Leo,
2535 2611 2603 2666 de
2631 2609 2718 2666 his
2742 2624 2863 2679 quin
2891 2624 2922 2662 a
2969 2607 3143 2664 sacris
3185 2607 3496 2662 canonibus
3541 2608 3800 2662 habentur

2218 2704 2292 2760 ita
2318 2704 2560 2774 praitixa,
2587 2709 2642 2758 et
2667 2702 2868 2756 eisdem
2891 2698 3200 2770 apostolicae
3229 2697 3378 2752 sedis
3401 2707 3538 2752 sunt
3567 2695 3798 2767 promul-

2218 2802 2341 2867 gata
2368 2793 2624 2860 deeretis,
2657 2801 2718 2846 ut
2741 2791 2884 2846 nulla
2915 2790 3120 2861 possint
3145 2789 3354 2844 ratione
3396 2789 3660 2853 convelli,
3689 2802 3802 2842 con-

2219 2885 2414 2951 stituit,
2453 2903 2474 2937 r
2521 2882 2765 2940 Utomni
2810 2883 3024 2952 penitus
3075 2881 3406 2935 auctoritate
3436 2881 3513 2934 sit
3559 2893 3804 2941 vacuant,

2218 2974 2478 3046 quidquid
2505 2976 2574 3031 ab
2601 2974 2815 3029 illorum
2841 2973 3004 3028 fuerit
3031 2971 3427 3028 constitutione
3455 2973 3750 3026 diversum.
3776 2990 3794 3022 ι

2219 3071 2298 3125 Ae
2343 3071 2387 3125 si
2430 3085 2554 3125 cum
2607 3067 2780 3133 Paulo
2805 3068 3030 3133 diceret,
3075 3066 3200 3136 quia
3229 3065 3336 3120 sibi
3377 3067 3484 3136 ipsi
3513 3065 3802 3135 apostolica

532 3171 803 3214 canonum
865 3158 1084 3213 deﬁnita
1105 3199 1119 3224 ,
1174 3158 1319 3213 nullo
1373 3157 1490 3226 ejus
1547 3158 1796 3227 exigente
1855 3157 2110 3221 crimine,
2144 3131 2192 3196 ο
2220 3162 2378 3218 sedes
2413 3162 2467 3216 in
2499 3161 2610 3216 suis
2651 3131 3127 3216 constitutionibus
3153 3171 3277 3212 esse
3323 3131 3436 3210 non
3467 3131 3660 3227 poiest
3686 3172 3802 3211 con-

532 3246 671 3306 alter
697 3247 808 3304 illic
849 3263 961 3304 non
991 3250 1247 3304 metuerit
1272 3249 1558 3318 episcopus
1581 3247 1844 3303 ordinari.
1894 3248 1959 3301 Et
1988 3248 2114 3317 quia

531 3355 726 3412 parum
749 3341 922 3394 visum
949 3348 1056 3405 est,
1082 3340 1125 3394 si
1161 3339 1364 3393 illicitis
1386 3356 1492 3393 non
1514 3337 1876 3408 jungereutur
1904 3337 2112 3403 illicita,

530 3411 699 3488 etiam
719 3447 808 3488 res
830 3432 1078 3488 ecclesia:
1098 3447 1232 3496 sum,
1259 3441 1316 3485 ut
1345 3432 1538 3497 l'ertnr,
1572 3430 1766 3484 ablata:
1788 3437 1931 3484 sunt.
1960 3430 2116 3496 Quod

529 3526 576 3582 si
600 3528 674 3581 ita
717 3541 776 3581 se
799 3526 1024 3582 veritas.
1045 3527 1235 3591 habet,
1268 3525 1530 3593 quoniam
1565 3523 1729 3577 nimis
1776 3522 2117 3577 intolerabile

529 3625 635 3690 est,
665 3632 723 3678 ιιι
759 3624 842 3678 vir
868 3622 1269 3692 opprimeretur
1306 3626 1392 3674 cui
1423 3619 1579 3689 culpa
1611 3633 1716 3672 non
1748 3618 1950 3681 nocuit,
1977 3633 2117 3686 pra:-

529 3715 702 3770 misso
745 3722 986 3784 paterna:
1043 3712 1388 3767 salutationis
1453 3709 1707 3779 alloquio,
1770 3709 2001 3778 petimus
2059 3714 2117 3761 ut

529 3807 670 3877 Quod
718 3806 1036 3861 excellentia
1082 3813 1262 3860 vestra
1319 3819 1505 3858 amore
1540 3802 1918 3857 ecclesiastica:
1965 3817 2115 3856 reve-

531 3900 741 3964 rentiae,
775 3906 831 3954 et
856 3898 1127 3968 aequitatis
1177 3896 1654 3967 contemplatione,
1697 3905 1889 3965 sponte
1939 3901 2117 3963 potest

531 3992 867 4061 impendere,
908 3999 1090 4044 nostra
1134 3988 1346 4044 studeat
1395 3987 1681 4058 benignius
1727 3986 2116 4040 intercessione

529 4083 856 4148 concedere,
885 4089 939 4136 et
963 4081 1228 4152 justitiam
1278 4081 1378 4146 illi,
1417 4081 1558 4135 sicut
1591 4080 1658 4132 de
1706 4078 1973 4148 aequitatis
1999 4075 2115 4145 ejus

530 4173 673 4228 bono
703 4174 1045 4237 conﬁdimus,
1079 4173 1240 4228 facim
1280 4173 1332 4226 in
1360 4171 1612 4225 omnibus
1639 4169 1920 4232 custodiri,
1953 4177 2116 4237 atque

529 4268 800 4338 patefacta
847 4265 1080 4322 veritate
1129 4265 1274 4336 quod
1321 4263 1506 4318 illirjte
1547 4271 1726 4318 actum
1762 4269 1863 4324 est,
1893 4258 2111 4330 Cort'igi.

530 4363 636 4417 Pro
660 4361 891 4414 utilitate
917 4374 1047 4430 ergo
1065 4359 1258 4412 animae
1275 4367 1468 4415 vestra:
1498 4357 1612 4412 haec
1634 4354 1775 4424 apud
1805 4369 1900 4407 vos
1928 4361 2112 4407 nostra

2219 3255 2405 3319 traria,
2438 3253 2577 3307 Licet
2608 3269 2722 3318 nos,
2756 3261 2852 3322 aut
2878 3249 3093 3322 angelus
3131 3249 3195 3303 de
3225 3247 3358 3303 coria
3374 3250 3702 3319 evangeliset
3729 3267 3797 3302 ao-

2217 3346 2295 3400 bis
2319 3355 2510 3416 praeter
2546 3343 2688 3415 quod
2714 3342 3183 3413 evangelisavimus
3223 3340 3392 3405 vobis,
3430 3341 3719 3393 anathema
3740 3343 3796 3392 sit

2217 3436 2362 3508 (Gal.
2396 3437 2458 3507 ι).
2497 3436 2604 3492 Sed
2643 3438 2784 3492 utin
2815 3434 3182 3492 controversia
3226 3432 3560 3499 Quintiliani
3590 3433 3802 3504 legitur,

2217 3528 2468 3583 Floribus
2491 3529 2711 3598 rafricia
2756 3527 3068 3582 nebulonum
3097 3525 3394 3592 veneﬁcatis
3421 3541 3551 3593 apes
3576 3538 3797 3602 potius:

2215 3641 2349 3691 esse,
2368 3626 2554 3695 quibus
2579 3622 2988 3691 melliﬁcandunt
3010 3619 3208 3690 fuerat,
3233 3619 3300 3673 de
3322 3617 3802 3688 Scripturissacris

2216 3715 2279 3770 Β.
2309 3715 2501 3770 Petrus
2541 3715 2627 3785 agi
2659 3713 3018 3776 demonstrat,
3047 3709 3274 3780 loquens
3306 3709 3373 3764 de
3402 3709 3560 3764 Pauli
3604 3709 3798 3778 Episto-

2217 3809 2315 3872 lis,
2341 3807 2472 3872 Quae
2499 3807 2693 3861 indocti
2719 3815 2766 3860 et
2795 3802 3286 3873 instabilesjnquit,
3315 3787 3633 3872 depravat,
3673 3803 3797 3855 sicut

2215 3911 2262 3954 et
2290 3911 2505 3954 canorus
2530 3899 2853 3968 Scripturas,
2881 3897 2951 3950 ad
2999 3911 3151 3949 suam
3187 3895 3423 3964 ipsorum
3462 3894 3797 3963 perditiom

2217 3989 2303 4059 (II
2333 3987 2479 4043 Pctr.
2514 3987 2625 4058 In),
2648 3997 2704 4042 et
2747 3988 2813 4042 de
2839 3984 3222 4042 traditionibus
3249 3983 3645 4038 ecclesiasticis
3678 3997 3791 4037 sane

2216 4093 2338 4138 ctus
2377 4080 2730 4135 Innocentius
2769 4080 2872 4150 (ad
2907 4079 3030 4133 Dec.
3075 4080 3228 4147 epist.
3276 4077 3410 4146 9.9),
3451 4095 3472 4126 s
3511 4079 3676 4141 Dum,
3725 4077 3796 4130 in-

2215 4178 2431 4247 quiens,
2447 4175 2817 4244 unusquisque
2839 4188 2945 4228 non
2966 4172 3108 4241 quod
3138 4170 3519 4236 traditnmest,
3544 4170 3639 4226 sed
3664 4169 3793 4240 quod

2214 4271 2316 4328 sibi
2382 4271 2556 4327 vismn
2604 4268 2786 4333 fuerit,
2837 4268 2938 4323 hoc
2981 4265 3260 4321 existimat
3315 4279 3444 4319 esse
3489 4264 3790 4323 tenendum.

2214 4365 2340 4419 inde
2364 4364 2579 4417 diversa
2613 4361 2666 4414 iu
2698 4358 2930 4413 diversis
2960 4356 3093 4411 locis
3121 4355 3206 4409 vel
3237 4355 3514 4419 ecclesiis,
3533 4363 3628 4408 ant
3656 4361 3794 4406 tene-

525 4455 834 4510 cxhortatio
871 4452 1050 4506 locum
1081 4451 1348 4515 inveniat,
1387 4459 1492 4506 etc.
1532 4469 1560 4502 ν
1587 4448 1695 4502 Sed
1737 4458 1792 4501 et
1819 4446 1886 4500 ad
1914 4447 2112 4500 Roma-
2139 4484 2191 4546 υ
2219 4455 2286 4517 ri,
2321 4463 2416 4506 aut
2440 4449 2704 4506 celebrari
2734 4449 3002 4511 videntur,
3046 4462 3110 4500 ac
3137 4445 3197 4498 ﬁt
3225 4445 3556 4499 scandaan
3571 4441 3793 4514 populis,

526 4563 654 4600 num
679 4546 1005 4610 exercitum,
1034 4543 1262 4596 minoris
1291 4540 1592 4611 dignitatis,
1617 4553 1780 4608 quam
1818 4537 1988 4592 simus
2015 4537 2109 4591 Dei

525 4639 700 4710 gratia
733 4638 893 4709 regia:
921 4637 1224 4706 potestatis,
1259 4634 1326 4688 de
1352 4633 1582 4704 quodam
1614 4631 1866 4701 episcopo
1891 4628 2112 4698 scripsit

526 4731 628 4785 hoc
657 4729 816 4785 modo
850 4729 960 4802 (lib.
991 4745 1030 4794 ι,
1062 4745 1142 4797 ep.
1173 4726 1266 4796 52)
1300 4743 1314 4782 :
1351 4743 1370 4775 ι
1407 4724 1659 4780 Pervenit
1689 4723 1756 4778 ad
1796 4738 1917 4787 nos,
1944 4720 2109 4774 Blano

524 4823 652 4877 dum
687 4821 1012 4879 Ortonensis
1033 4820 1272 4874 civitatis
1287 4818 1620 4888 episcopum,
1652 4817 1812 4886 longo
1827 4816 1941 4887 jam
1970 4823 2108 4868 tem-

522 4929 655 4984 pore
683 4914 978 4968 incivitate
1003 4901 1300 4966 Ravennati
1330 4925 1361 4963 a
1388 4918 1569 4963 vestra
1605 4907 1922 4962 excellentia
1967 4905 2105 4962 deti-

525 5004 664 5068 neri,
719 5011 775 5057 et
828 5006 891 5057 lit
939 5010 998 5055 ut
1049 5002 1276 5056 ecclesia
1328 5001 1446 5056 sine
1501 5009 1733 5064 rectore,
1783 5008 1838 5053 et
1880 4997 2110 5068 pepnlns

524 5093 680 5146 auasi
713 5095 830 5146 sine
873 5103 1093 5146 pastore
1143 5108 1235 5146 rex
1281 5091 1500 5146 deﬂuat.
1531 5100 1588 5146 et
1637 5089 1838 5144 ibidem
1872 5090 2109 5144 infantes

2218 4546 2308 4615 qui
2347 4544 2472 4598 dum
2503 4541 2749 4595 nesciunt
2778 4537 3096 4592 traditiones
3121 4535 3379 4602 antiquas
3409 4535 3643 4588 humana
3666 4546 3792 4602 pra»

2218 4636 2524 4706 sumptinne
2559 4639 2862 4700 corruptas,
2897 4637 3090 4698 putant
3134 4626 3234 4681 sibi
3286 4635 3384 4692 aut
3412 4623 3656 4679 ecclesiis
3693 4636 3789 4675 non

2216 4728 2530 4792 convenire,
2571 4733 2666 4778 aut
2721 4724 2789 4777 ab
2840 4719 3121 4792 apostolis,
3175 4717 3259 4770 vel
3309 4715 3628 4786 apostolicis
3673 4712 3789 4764 siris

2217 4817 2657 4875 contrarietatem
2713 4811 3008 4868 inductam.
3047 4829 3066 4860 ι
3112 4808 3316 4862 Contra
3342 4822 3510 4877 quem
3557 4804 3790 4858 morbum

2218 4918 2438 4965 sanctus
2465 4907 2790 4961 Caelestinus
2836 4903 3050 4959 salubre
3076 4900 3288 4955 cunctis
3320 4898 3624 4955 celebravit
3663 4895 3786 4950 anti-

2213 5001 2420 5064 dotum,
2451 4997 2638 5054 dicens
2668 4997 2840 5067 (epist.
2891 4993 2973 5064 2),
3030 5011 3048 5043 ι
3084 4990 3226 5045 Nulli
3257 4989 3536 5045 sacerdoti
3579 5002 3701 5042 suos
3732 4984 3784 5036 il-

2211 5102 2328 5144 θέει
2381 5103 2617 5144 canones
2647 5087 2920 5144 ignorare.
2973 5099 3074 5140 nec
3106 5080 3407 5142 quidquam
3435 5079 3636 5138 facere,
3657 5073 3784 5140 quod
