3916 5434
83 188 186 243 889

84 300 336 355 munione
393 298 654 354 catholica
718 307 880 371 atque
949 299 1245 371 apostolica
1282 339 1296 362 ,

86 393 480 462 Scripturarum
531 393 822 458 tramitem,
882 393 1432 463 prtedicationemque
1486 389 1655 458 majo-

87 499 224 547 rum,
253 480 390 536 facta
439 482 605 536 semel
649 483 1071 555 congregatione
1097 491 1396 538 sanxerunt
1422 523 1437 547 ,
1468 482 1658 537 incon-

84 572 291 627 vulsum
317 571 600 627 voluerunt
622 573 878 645 deinceps
907 573 1230 644 ﬁrmumque
1256 583 1529 638 constare,
1555 589 1656 629 nec

85 665 134 717 in
160 661 347 716 eadem
387 677 548 717 causa
576 663 755 719 denuo
810 679 930 734 qua:
977 663 1194 734 praeﬁxa
1233 663 1450 718 fuerant
1485 672 1659 718 retra-

85 753 214 808 ctari
239 753 479 822 qualibet
509 755 714 809 recenti
741 757 1162 826 praesumptione
1200 756 1581 824 permisenmt.
1631 775 1651 807 ι

147 843 450 897 Videndum
489 853 574 898 est
613 844 792 916 igitur,
823 845 951 914 quid
998 845 1086 900 hic
1115 854 1316 900 trames
1346 856 1656 901 sanctarum

85 933 479 1002 Scripturarum
506 976 522 1001 ,
577 943 634 991 et
681 937 992 1005 prmdicatio
1053 936 1316 1005 majorum
1378 938 1654 993 deliniant.

83 1023 352 1093 Scriptum
398 1025 594 1096 quippe
633 1025 861 1097 legimus
903 1027 956 1080 in
997 1041 1150 1081 sacra
1191 1027 1414 1082 historia
1460 1028 1660 1082 dixisse

83 1119 362 1175 Dominum
393 1133 489 1187 per
512 1119 825 1190 prophetam
855 1117 1110 1188 Josaphat
1132 1120 1244 1188 regi
1280 1119 1482 1190 :Impio
1520 1137 1658 1189 prte-

83 1211 161 1262 bes
197 1205 478 1272 auxilium,
507 1208 801 1281 etlltis-‘qui
839 1207 1059 1262 oderunt
1099 1207 1379 1262 Dominum
1425 1209 1660 1263 amicitia

75 1297 330 1368 jungeris,
365 1305 412 1350 et
449 1295 646 1350 idcirco
675 1298 812 1350 iram
851 1297 1060 1367 quidem
1105 1296 1318 1352 Domini
1355 1300 1658 1362 merebaris,

81 1389 163 1442 sed
189 1386 325 1441 liena
355 1402 512 1456 opera
541 1387 747 1442 inventa
771 1397 891 1442 sunt
935 1389 990 1442 in
1023 1399 1092 1452 te,
1123 1406 1184 1443 eo
1210 1389 1350 1459 quod
1380 1389 1660 1444 abstuleris

81 1481 217 1534 lucos
252 1480 319 1533 de
345 1489 484 1533 terra
523 1478 670 1533 Iuda
715 1478 803 1550 (II
835 1479 964 1534 Par.
994 1480 1132 1548 ιιι).
1177 1481 1242 1534 Et
1280 1481 1334 1534 in
1371 1481 1661 1550 Evangelio

82 1573 240 1628 semel
265 1581 325 1629 et
347 1571 581 1628 secundo
612 1588 676 1627 ac
697 1573 856 1626 tertio
882 1572 1166 1636 monitum,
1193 1581 1249 1628 et
1277 1587 1382 1627 non
1407 1573 1662 1628 obedien-

1525 181 1905 244 EPISTOLAE.

1354 299 1652 374 secundum
1681 303 1734 361 Α
1759 308 1870 352 tum
1895 307 2094 370 argenti
2131 301 2411 370 appendes.
2446 300 2584 355 Dum
2623 312 2800 358 autem
2834 321 2929 376 ego
2972 306 3210 362 turbatus
3238 311 3343 365 Itur
3407 333 3431 344 -

3237 196 3348 254 89)

1759 388 1984 458 illucque
2005 405 2086 442 me
2111 400 2376 455 verterem,
2399 391 2570 444 subito
2592 407 2695 445 non
2722 397 3034 463 comparuit.
3061 395 3130 450 Et
3153 400 3226 451 ait
3250 415 3345 454 rea:

1759 474 1932 529 Israel
1960 477 2030 528 ad
2050 493 2168 531 eum
2199 491 2216 528 :
2243 477 2360 532 Hoc
2380 490 2454 532 est
2468 478 2732 548 judicium
2761 491 2930 548 tuum,
2954 485 3093 554 quod
3121 486 3226 556 ipse
3251 488 3343 542 de-

1759 565 1982 619 crevisti.
2013 566 2078 620 At
2101 567 2190 621 ille
2216 569 2393 622 statim
2414 568 2654 624 abstersit
2679 571 2940 640 pulverem
2967 574 3032 628 'de
3056 575 3197 645 facio
3221 594 3340 644 sua,

1757 664 1808 708 et
1836 657 2072 725 cognovit
2101 674 2218 711 eum
2251 675 2343 713 rex
2385 658 2579 725 Israel,
2614 662 2753 730 quod
2795 673 2925 717 esset
2961 664 3027 718 de
3056 668 3339 736 prOphetis.

1761 746 1864 812 Qui
1894 749 1966 802 ait
1993 750 2063 802 ad
2087 765 2205 804 eum
2229 767 2246 804 :
2277 750 2406 805 Iltzc
2431 753 2558 805 dicit
2586 753 2679 806 tibi
2702 750 2960 810 Dominus
2983 771 3002 809 :
3027 755 3166 821 Quia
3187 759 3344 812 dimi-

1757 840 1870 892 sisti
1891 841 2057 893 virum
2084 841 2300 911 dignum
2329 853 2494 896 morte
2515 844 2579 896 de
2606 861 2766 898 manu
2789 847 3020 910 tua,erit
3043 848 3222 903 anima
3249 858 3345 904 tua

1757 943 1852 996 pro
1883 929 2059 980 anima
2087 929 2223 999 ejus,
2249 941 2296 983 et
2326 931 2548 1000 papulas
2575 943 2695 986 tuus
2726 949 2820 1002 pro
2847 934 3042 1006 populo
3059 936 3196 1005 ejus.
3232 937 3344 992 Re-

1759 1033 1936 1071 versus
1969 1030 2043 1071 est
2085 1020 2246 1089 igitur
2281 1037 2375 1085 res:
2414 1021 2584 1075 Israel
2625 1024 2681 1076 in
2708 1023 2921 1078 domum
2967 1042 3122 1080 suam
3159 1028 3347 1083 audire

1760 1117 2140 1173 contemnens,
2205 1112 2253 1164 et
2323 1112 2640 1182 furibundus
2704 1115 2837 1167 venit
2915 1115 2971 1169 in
3041 1114 3347 1172 Samariam

1760 1196 1875 1265 (III
1919 1198 2047 1270 Reg.
2083 1203 2196 1270 xx).
2242 1201 2498 1268 Quaenam
2530 1217 2626 1257 vos
2653 1204 2920 1259 dementia
2951 1206 3135 1276 carpit,
3164 1209 3342 1263 scien-

1763 1296 1844 1340 tes
1881 1287 2087 1344 dixisse
2121 1289 2396 1344 Christum
2421 1329 2436 1354 ,
2487 1291 2580 1346 Dei
2619 1292 2871 1348 virtutem
2915 1304 2971 1348 et
3009 1294 3103 1350 Dei
3127 1296 3378 1367 διψίαν-

1764 1380 1916 1444 tiam,
1947 1396 2038 1448 per
2066 1397 2146 1436 me
2176 1399 2314 1452 reges
2352 1394 2588 1454 regnant,
2609 1395 2658 1438 et
2680 1387 2975 1441 conditores
3005 1390 3178 1459 legum
3195 1391 3344 1460 justa

1760 1468 2042 1522 decernunt
2070 1468 2252 1541 (Prov.
2288 1474 2423 1542 vm).
2454 1475 2522 1528 Et
2546 1476 2687 1530 sacri
2714 1492 2972 1543 canones,
2998 1479 3140 1534 sicut
3166 1481 3344 1536 credi-

1762 1574 1905 1623 mus,
1927 1568 1984 1613 et
2009 1560 2060 1613 in
2087 1561 2394 1630 apostolicis
2417 1564 2613 1619 litteris
2637 1567 2836 1635 sapius
2860 1567 3111 1640 legimus,
3137 1568 3346 1639 Spiritu

82 1672 179 1716 rem
205 1662 272 1716 ad
305 1661 696 1716 correctionem
723 1660 982 1725 debitam,
1023 1660 1284 1717 Dominus
1313 1663 1454 1716 sicut
1478 1664 1660 1718 ριειιιί-
1691 1647 1736 1707 Β
1765 1649 1860 1704 Dei
1897 1651 2120 1715 conditi,
2146 1664 2204 1705 et
2233 1653 2398 1707 totius
2433 1656 2616 1709 ntundi
2659 1658 2962 1735 reverentia
2996 1667 3123 1714 sunt
3155 1674 3348 1715 consev

81 1769 192 1806 eum
222 1762 278 1807 et
307 1752 648 1822 publicanum
683 1751 837 1820 jubet
882 1753 1068 1808 haberi
1122 1751 1340 1823 (Matth.
1367 1755 1541 1824 xvm).
1594 1756 1662 1810 Et

80 1845 260 1897 beatus
288 1842 583 1913 Gregorius
611 1842 664 1897 in
691 1843 923 1898 decretis
950 1843 1082 1906 suis,
1114 1845 1264 1898 sicut
1290 1845 1342 1899 in
1374 1847 1539 1915 gestis
1566 1861 1658 1917 sy-

81 1935 195 1988 nodi
223 1934 468 1990 inven'tre
487 1936 738 2006 potestis,
759 1950 1107 2006 per'vasorem
1135 1953 1241 1992 non
1273 1938 1446 1992 solum
1479 1953 1658 1994 rerum

81 2024 498 2088 alienarum,sed
521 2024 686 2079 etiam
711 2022 955 2080 ecclesiae
975 2024 1076 2079 sibi
1092 2026 1662 2090 commisszc,'anathe-

83 2116 390 2172 matizatum
427 2115 634 2170 deﬁnit.
671 2115 955 2171 Verumst
985 2116 1032 2171 si
1063 2117 1200 2172 alius
1241 2120 1346 2173 hoc
1389 2120 1580 2189 egerit,
1613 2121 1658 2176 is

83 2210 163 2280 qui
206 2219 406 2280 praeest
447 2210 718 2276 Ecclesiaa,
751 2212 797 2266 si
827 2212 930 2268 hoc
956 2212 1041 2267 vel
1079 2214 1193 2284 ipse
1237 2214 1352 2268 fieri
1393 2216 1656 2286 pnecipit,

82 2300 158 2354 vel
184 2300 302 2355 sine
341 2315 439 2355 sua
471 2302 835 2371 praeceptione
870 2300 1071 2356 factum
1111 2303 1270 2374 digna
1302 2306 1496 2374 punire
1537 2306 1656 2359 ani-

83 2390 448 2446 madversione
494 2390 810 2461 neglexerit,
847 2407 970 2447 eum
1023 2394 1462 2450 anathematizat.
1514 2395 1662 2452 Satis

82 2499 202 2553 ergo
226 2484 414 2537 mirari
443 2499 550 2538 non
581 2494 868 2553 possumus
895 2525 910 2548 ,
959 2485 1099 2540 unde
1138 2487 1373 2556 scriptor
1397 2488 1659 2558 epistolae,

83 2564 230 2628 nobis
254 2589 324 2628 ex
358 2575 576 2629 nomine
602 2583 786 2630 vestro
812 2575 1020 2640 delatae,
1053 2575 1195 2630 hanc
1231 2575 1402 2647 legem
1434 2579 1576 2647 apud
1601 2592 1660 2633 se

83 2679 204 2718 auro
239 2664 503 2734 sculptam
532 2667 821 2735 produxit,
864 2681 1028 2737 quam
1069 2667 1330 2724 Dominus
1367 2669 1533 2740 digito
1562 2685 1660 2725 suo

83 2771 180 2809 non
221 2756 466 2826 scripsit,
515 2771 616 2812 nec
665 2757 1005 2812 scribendam
1055 2757 1307 2828 cuiquam
1356 2758 1657 2829 inspiravit,

83 2860 244 2915 neque
273 2846 581 2902 ordinatam
610 2862 708 2917 per
735 2848 954 2918 angelos
983 2848 1037 2902 in
1062 2864 1225 2903 manu
1253 2850 1568 2905 mediatoris
1594 2852 1678 2905 ιιι

83 2937 176 2993 lius
203 2939 373 3004 dedit,
400 2953 561 3008 quam
597 2955 704 2994 non
732 2955 970 3011 paganus
1006 2939 1221 3005 indixit,
1252 2957 1357 2995 non
1399 2941 1660 2998 Christia-

84 3046 174 3084 nus
211 3030 445 3096 induxit,
473 3035 581 3085 non
615 3030 1015 3086 ecclesiasticus
1049 3031 1131 3084 vir
1155 3030 1416 3099 decrevit,
1443 3047 1564 3102 quae
1594 3033 1660 3086 de
1686 3001 1731 3063 ο

81 3126 172 3178 sub
213 3125 318 3180 isto
354 3124 490 3180 cmlo
514 3165 529 3191 ,
575 3125 716 3180 sicut
741 3140 848 3180 non
877 3133 1182 3179 atramento
1212 3139 1373 3179 manu
1415 3124 1656 3193 justitite,

80 3217 146 3270 ita
177 3232 277 3272 nec
312 3215 517 3287 Spiritu
553 3217 649 3273 Dei
680 3218 787 3272 vivi
836 3219 1035 3289 scripta
1071 3218 1387 3287 personuit,
1431 3232 1535 3288 qua
1574 3233 1661 3273 me

82 3322 254 3376 regem
277 3322 307 3361 a
333 3307 442 3363 Deo
469 3309 843 3374 constitutum,
870 3317 926 3363 et
950 3309 1126 3381 gladio
1154 3325 1221 3365 ex
1249 3319 1480 3389 utraque
1507 3319 1662 3381 parte

80 3408 250 3464 acuto,
283 3397 464 3453 ultore
504 3399 710 3455 scilicet
738 3399 1044 3455 nocentium
1080 3407 1137 3453 et
1170 3399 1456 3455 defensore
1500 3400 1662 3454 inno-

79 3491 334 3556 centium,
361 3489 696 3562 insignitum,
731 3491 798 3546 ad
821 3490 1116 3545 vindictam
1141 3489 1569 3553 malefactorum,
1603 3499 1663 3545 ut

77 3581 289 3651 exponit
334 3581 624 3652 Apostolus
668 3581 848 3656 (Rom.
877 3581 1019 3653 xui),
1068 3582 1280 3637 laudem
1325 3597 1455 3637 vero
1488 3587 1659 3638 bono-

77 3688 211 3738 rum,
241 3673 325 3728 rei
352 3681 514 3743 atque
551 3673 825 3736 damnati,
864 3681 1028 3744 atque
1055 3673 1496 3728 anathematizati
1536 3671 1659 3728 lau-

79 3759 241 3815 t'orem
266 3777 392 3816 esse
409 3762 672 3833 prmcipit,
694 3762 891 3832 jubeus
917 3771 976 3816 ut
999 3761 1350 3817 Hincmarum
1380 3779 1658 3818 sacrarum
1705 3799 1709 3804 -

79 3850 245 3921 legum
273 3851 766 3921 praevaricatorem,
800 3853 972 3906 sancti
1008 3851 1298 3906 sacerdotii
1332 3853 1664 3920 vituperato-

80 3957 207 4006 rem,
253 3942 418 4012 regia:
469 3942 745 4013 dignitatis
789 3950 976 3996 contra
1026 3941 1266 4012 regulam
1308 3943 1658 4012 apostolicam

80 4035 474 4107 dehortatorem
501 4073 519 4100 ,
571 4033 723 4104 regni
770 4033 1244 4109 perturbatorem,
1287 4033 1561 4102 periurum
1605 4043 1661 4089 et

80 4127 397 4182 seditionum
427 4133 701 4180 auctorem
724 4163 739 4188 ,
778 4123 1020 4178 ecclesiae
1054 4123 1155 4177 sibi
1187 4124 1490 4178 commissae
1520 4123 1657 4178 allli-

79 4227 277 4275 ctorem
305 4259 322 4283 ,
378 4216 694 4274 facultatum
767 4215 1258 4271 ecclesiasticarum
1334 4216 1655 4287 sacrilegum

81 4311 440 4367 fraudatorem
476 4325 541 4365 ac
584 4309 1018 4378 exstirpatorem,
1059 4309 1429 4379 episcOporum
1472 4324 1536 4363 ac
1573 4317 1656 4362 to—

85 4404 182 4458 tius
243 4403 423 4473 populi
485 4412 791 4458 nostrarum
845 4401 1078 4471 partium
1147 4401 1653 4465 scandalizatorcm,

84 4492 373 4548 alienarum
411 4507 591 4548 rerum
630 4501 977 4561 pervasorem
1006 4531 1021 4555 ,
1067 4502 1121 4546 et
1166 4491 1426 4547 veniendo
1468 4500 1658 4547 contra

81 4584 498 4658 subscriptiones
533 4594 587 4641 et
620 4585 982 4656 professiones
1009 4602 1136 4641 suas
1162 4603 1192 4641 a
1223 4587 1400 4657 seipse
1430 4588 1655 4642 damna-

85 4685 211 4742 tum,
250 4672 490 4747 potentia
543 4676 692 4746 regia
733 4674 931 4730 fretum
977 4675 1207 4732 Romam
1259 4678 1443 4734 venire
1485 4678 1656 4733 facia-

84 4781 216 4822 mus.

151 4858 284 4926 Quis
327 4859 490 4932 igitur
533 4859 675 4914 hanc
706 4857 1014 4914 universam
1053 4859 1224 4930 legem
1257 4857 1498 4915 infernus
1525 4874 1656 4915 evo-

87 4952 252 5005 muit?
278 4951 407 5020 Quis
439 4960 680 5006 tartarus
705 4950 771 5003 de
796 4951 910 5005 suis
937 4950 1135 5005 abditis
1160 4960 1216 5005 et
1242 4953 1539 5008 tenebrosis
1564 4965 1659 5005 cu-

87 5043 273 5098 niculis
294 5045 550 5098 eructavit
567 5043 592 5095 ?
623 5041 820 5096 Contra
847 5057 1008 5111 quam
1036 5043 1230 5099 litteris
1251 5047 1420 5102 sacris
1439 5054 1657 5102 ostensa

86 5134 234 5187 nobis
261 5141 344 5188 est
369 5136 449 5189 via
476 5147 646 5206 quam
675 5147 985 5201 sequamur,
1029 5135 1268 5205 apposita
1305 5135 1474 5193 forma
1501 5178 1517 5202 ,
1567 5133 1654 5188 cui

87 5222 458 5293 imprimamur.
507 5224 796 5287 Clamavit,
844 5223 1038 5294 inquit,
1078 5226 1326 5295 propheta
1372 5230 1441 5283 ad
1484 5241 1657 5297 regem

85 5309 264 5376 Israel,
292 5322 338 5365 et
359 5314 426 5367 ait
451 5331 468 5368 .'
497 5314 697 5368 Servus
723 5322 842 5366 tuus
863 5329 1099 5384 egressus
1121 5325 1196 5368 est
1217 5317 1288 5369 ad
1307 5315 1658 5386 prwliandum

85 5403 342 5434 ann—dna...
377 5420 595 5434 4.....u...‘
630 5401 843 5434 fundo-nl
864 5406 944 5434 ..ἒ-
965 5420 1099 5434 Δίκα..
1150 5406 1364 5434 ..'.l.l..-:.
1404 5425 1512 5434 μυ-..
1548 5406 1632 5434 ...ιὶ

1685 4360 1738 4420 D

1764 1741 1923 1795 crati.
1955 1741 2250 1811 Propterea
2282 1744 2581 1810 videamus,
2611 1748 2740 1816 quid
2775 1747 2843 1804 de
2879 1749 3187 1820 bujusmodi
3214 1765 3346 1806 san-

1763 1833 1836 1886 cti
1863 1848 2100 1888 canones
2125 1844 2179 1889 et
2216 1851 2387 1890 sacrm
2415 1837 2560 1909 leges
2584 1839 2898 1896 decernant.
2928 1842 3020 1896 Ait
3046 1843 3191 1898 enim
3219 1859 3348 1908 san-

1761 1933 1910 1978 ctum
1945 1925 2262 1981 Africanum
2319 1929 2608 1984 concilium
2644 1930 2810 2001 (Con.
2849 1933 2953 2005 29)
2976 1953 2999 1990 7:
3045 1953 3065 1987 ι
3104 1936 3174 1992 Ει
3213 1919 3347 1993 illud

1761 2017 2072 2084 petendum,
2105 2020 2234 2088 quin
2279 2022 2421 2090 apud
2469 2030 2627 2078 teme
2668 2026 2942 2096 principes
2991 2035 3232 2084 statuere
3259 2029 3346 2082 di-

1762 2118 2011 2178 gnentur,
2045 2119 2103 2163 ut
2131 2111 2178 2164 si
2213 2113 2336 2182 quis
2373 2111 2656 2181 cujuslibet
2696 2116 2915 2172 honoris
2945 2117 3177 2172 clericus
3199 2117 3344 2186 judi-

1762 2199 1848 2253 cio
1865 2200 2237 2271 episcoporum
2261 2217 2584 2274 quocunque
2605 2207 2832 2262 crimine
2854 2207 3017 2262 luerit
3033 2209 3343 2276 damnatus,

1765 2287 1869 2342 non
1897 2288 2060 2343 liceat
2084 2305 2207 2344 eum
2233 2291 2348 2346 sive
2377 2293 2446 2347 ab
2475 2293 2720 2349 ecclesiis
2745 2295 2943 2364 quibus
2967 2297 3200 2367 praefuit,
3229 2299 3345 2354 sive

1762 2397 1792 2434 a
1818 2382 2059 2451 quolibet
2081 2384 2299 2438 homine
2318 2384 2613 2451 defensuri,
2643 2387 2958 2458 interposita
2981 2377 3141 2460 poena
3161 2392 3342 2446 damni

1761 2472 2002 2542 pecuniae
2028 2482 2193 2542 atque
2223 2473 2468 2539 honoris,
2495 2491 2603 2546 quo
2633 2491 2735 2531 nec
2759 2486 2994 2545 aetatem,
3025 2495 3125 2536 uec
3151 2495 3343 2536 sexum

1761 2564 2127 2618 excusandum
2155 2579 2280 2619 esse
2313 2566 2648 2636 praecipiant.
2677 2585 2698 2619 ι
2723 2567 2791 2622 Ει
2815 2576 2942 2624 tunc
2956 2569 3172 2633 Valens,
3203 2570 3344 2626 Gra-

1763 2655 1942 2710 tianus
1969 2663 2026 2710 et
2045 2655 2455 2711 Valentinianus
2477 2656 2875 2714 constituerunt
2895 2659 3046 2730 (cod-
3070 2658 3296 2732 Theod.)
3326 2679 3342 2715 :

1769 2765 1788 2799 ι
1824 2747 1895 2803 Ut
1921 2747 2232 2817 quicunque
2256 2749 2624 2804 residentibus
2645 2749 3016 2819 sacerdotibus
3047 2751 3211 2808 fuerit
3233 2754 3347 2825 epi-

1761 2837 1965 2908 scopali
1995 2837 2114 2894 loco
2141 2840 2397 2894 detrusus
2423 2849 2478 2894 et
2509 2840 2727 2896 nomine
2753 2881 2769 2906 ,
2815 2841 2860 2896 si
2911 2841 3112 2913 aliquid
3155 2853 3346 2899 contra

1763 2928 2064 2983 custodiam
2089 2927 2378 3000 publicam,
2410 2929 2495 2983 vel
2527 2938 2720 2984 contra
2746 2931 2984 3000 quietem
3019 2932 3195 2988 moliri
3231 2933 3348 2990 lue-

1764 3020 1836 3074 rit
1859 3021 2258 3090 deprehensus,
2300 3037 2624 3091 rursumque
2660 3023 3024 3079 sacerdotium
3063 3011 3280 3094 petere,
3315 3043 3349 3081 ιι

1764 3129 1874 3185 quo
1908 3114 2120 3169 videtur
2153 3116 2428 3185 expulsus,
2460 3117 2651 3186 procul
2677 3119 2750 3173 ab
2773 3119 2906 3175 urbe
2943 3136 3104 3190 quam
3136 3120 3348 3188 infecit,

1763 3205 2057 3259 secundum
2106 3206 2278 3276 legem
2323 3208 2465 3262 diva;
2499 3210 2776 3264 memoriae
2823 3209 3090 3277 Gratiani,
3128 3221 3348 3268 centum

1765 3295 2002 3350 millibus
2022 3296 2188 3350 vitam
2214 3307 2355 3367 agat.
2383 3297 2468 3352 Sit
2488 3298 2557 3352 ab
2576 3314 2762 3354 eorum
2784 3301 3019 3355 coetibus
3043 3305 3347 3368 separatus,

1762 3402 1796 3441 a
1818 3403 2051 3458 quorum
2075 3397 2161 3444 est
2188 3389 2449 3443 societate
2481 3389 2770 3446 discretus.
2813 3392 3002 3460 Sitque
3042 3391 3349 3460 huiusmodi

1763 3480 2010 3550 personis
2049 3465 2295 3535 illicitum
2333 3489 2519 3536 tenore
2556 3482 2730 3552 bujus'
2757 3482 2912 3554 legis,
2955 3499 3111 3538 sacra
3159 3493 3350 3538 nostra

1764 3570 1916 3624 adire
1942 3582 2176 3637 secreta,
2205 3579 2262 3625 et
2289 3571 2582 3640 impetrare
2607 3573 2825 3644 scripta,
2853 3573 3103 3628 omnibus
3124 3571 3351 3641 abjectis

1762 3675 1858 3733 per
1889 3663 2102 3734 culpam
2132 3665 2434 3720 sacerdotio
2462 3666 2733 3735 personis,
2761 3682 2881 3735 quae
2913 3666 3196 3736 impetrata
3223 3675 3350 3721 sunt

1763 3755 1961 3811 inlecta
1989 3766 2363 3827 permaneant,
2397 3759 2615 3813 scitaris
2647 3759 2750 3822 his,
2778 3774 3006 3828 quorum
3036 3757 3350 3815 defensione

1764 3847 2031 3912 nituntur,
2065 3849 2272 3918 absque
2297 3848 2380 3903 sui
2409 3851 2830 3918 reprehensione
2864 3866 2968 3906 nou
3006 3851 3267 3915 futurum,
3303 3852 3348 3906 si

1764 3937 1866 3993 hoc
1897 3938 1978 3993 eis
2017 3938 2339 4009 pollicentur
2367 3938 2705 4011 sullragium,
2737 3943 2826 4012 qui
2859 3941 3100 3996 divinum
3133 3956 3238 3996 non
3271 3941 3351 3996 vi-

1763 4029 1956 4084 dentur
1975 4031 2238 4085 meruisse
2251 4029 2534 4098 judicium.
2568 4051 2586 4083 ι
2621 4031 2773 4087 Unde
2800 4041 2856 4087 et
2875 4031 2984 4086 Leo
3005 4048 3139 4102 papa
3172 4032 3347 4101 (epist.

1761 4122 1830 4176 47
1853 4123 1922 4176 ad
1946 4119 2164 4192 Pulch.)
2193 4121 2333 4191 apud
2356 4122 2711 4192 principaleui
2739 4132 3061 4193 potestatem
3098 4125 3254 4194 petiit
3283 4125 3352 4181 de

1759 4211 2000 4282 Eutyche
2021 4213 2328 4270 scandaliet
2345 4213 2632 4281 pravitatis
2651 4223 2893 4278 auctore,
2923 4233 2943 4264 ι
2957 4223 3014 4268 ιιι
3035 4215 3103 4268 ab
3121 4229 3188 4268 eo
3207 4214 3347 4278 loco,

1760 4307 1853 4376 qui
1909 4306 2519 4374 Constantinopolitana:
2575 4306 2695 4360 urbi
2745 4305 2907 4360 nimis
2954 4305 3164 4360 vicinus
3206 4315 3347 4371 erat,

1767 4401 1976 4471 longius
2013 4401 2416 4464 transferretur,
2448 4415 2516 4454 ne
2541 4399 3000 4468 l'requentioribus
3023 4398 3231 4454 solatiis
3257 4414 3348 4454 eo-

1766 4509 1884 4549 rum
1947 4510 2084 4564 quos
2126 4495 2192 4548 ad
2241 4493 2574 4564 impietatem
2623 4506 2777 4546 suam
2821 4493 2986 4546 traxit
3024 4498 3289 4545 uteretur.
3327 4511 3345 4542 ι

1766 4586 1833 4642 Et
1859 4585 2153 4656 Gregorius
2175 4583 2286 4656 (lib.
2307 4600 2361 4648 ι,
2386 4582 2642 4654 epist.55)
2667 4599 2680 4636 :
2701 4582 2926 4637 Paulum
2953 4579 3193 4637 Diadinae
3209 4579 3353 4636 .civi-

1767 4679 1894 4734 tatis
1918 4678 2190 4748 quondam
2215 4675 2548 4748 episc0pum,
2572 4690 2678 4744 quo
2710 4689 2880 4745 usque
2905 4689 3068 4730 omne
3096 4672 3241 4743 quod
3271 4672 3354 4726 di-

1767 4767 2054 4840 lapidavit,
2093 4769 2177 4824 vel
2207 4770 2274 4823 de
2299 4767 2603 4825 substantia
2635 4766 2760 4820 tulit
2785 4767 3063 4831 ecclesiae,
3103 4762 3355 4817 restitue-

1765 4871 1871 4927 ret,
1904 4863 1956 4916 iu
1995 4858 2382 4915 monasterium
2420 4858 2740 4916 mittendum
2769 4874 2890 4914 esse
2921 4855 3182 4914 decrevit.
3213 4853 3279 4906 Et
3309 4852 3356 4906 si

1765 4950 1907 5008 forte
1937 4957 2058 5023 post
2081 4948 2479 5019 depositionem
2508 4963 2661 5003 suam
2688 4949 3052 5006 inverecunde
3078 4960 3142 5001 ac
3179 4951 3362 4998 mente

1763 5059 2021 5114 perversa
2063 5041 2356 5111 aliquando
2385 5041 2799 5112 ide'episeopatu
2837 5043 3002 5116 loqui,
3034 5045 3131 5094 aut
3171 5048 3364 5089 rursus

1764 5133 1831 5188 ad
1873 5135 1976 5191 hoc
2017 5131 2260 5202 (ἰιιθιίῧθι
2295 5140 2550 5210 aSpirare
2579 5137 3004 5205 praesumptione
3052 5122 3364 5184 tentaverit.

1767 5222 2033 5280 Dominici
2063 5222 2310 5291 corporis
2363 5240 2422 5287 et
2467 5225 2748 5294 sanguinis
2783 5222 3160 5281 communione
3189 5212 3368 5282 priva-

1767 5322 1907 5382 tum,
1938 5315 1992 5372 in
2025 5315 2364 5373 nuorrasterio
2397 5334 2524 5376 eum
2555 5329 2728 5385 usque
2769 5319 2835 5373 ad
2878 5317 3020 5372 diem
3048 5306 3232 5434 oblitis
3260 5299 3368 5398 sui,

1768 5407 1834 5434 ...1
1885 5405 2144 5434 ...νηυιαηη
2193 5409 2580 5434 nm..:.__-.:-...
2626 5410 2829 5434 ...ιι-...ιε
2921 5402 3098 5434 ...ηιιη
3177 5402 3368 5434 naltms

2327 5409 2580 5434 :.---.:...u
2626 5410 2829 5434 ..ιιι-...Ιέ
2921 5402 3098 5434 ..ι-,Ιὶη
3145 5402 3372 5434 Jmmms

2193 5409 2369 5434 ,κω-ιζ-
2390 5411 2580 5434 ---ιιι-ηε
2626 5417 2700 5434 ..ΑΙ
2714 5410 2829 5434 ιι...Ιέ
2921 5402 3098 5434 nlo-1"“

1768 5407 1834 5434 ιιι.
1885 5405 2144 5434 ιιι-Λαιιιηιιὶ
2193 5409 2369 5434 ,κω-ιζ-
2390 5411 2580 5434 ---ιιι-ηε
2626 5417 2700 5434 ..ΑΙ
2714 5410 2829 5434 ιι...Ιέ
