3916 5434
462 302 572 361 891

1539 297 1786 355 CAROLI
1837 295 2038 352 CALVI
2084 297 2513 357 FRANCORUM
2553 301 2765 359 REGIS

475 421 649 492 legem
692 415 981 479 Justiulani
1048 413 1391 486 imperatoris
1417 454 1433 479 ,
1487 413 1582 482 qui
1629 414 1686 468 in
1735 411 1873 468 libro
1924 410 2064 466 Cou-
2091 416 2140 472 Α
2169 421 2226 466 ut
2250 421 2306 467 et
2326 411 2614 469 Christiani
2638 416 2910 486 principes
2934 432 3030 486 pro
3046 428 3251 475 aeterna
3274 420 3749 490 vitapontiﬁdbus

474 510 819 567 stitutionum
865 505 1146 568 decrevit,
1190 515 1253 561 ut
1311 503 1357 559 si
1429 502 1553 573 quis
1621 501 1910 572 episcopus
1967 514 2062 554 ex-

473 600 661 672 plosus
691 635 707 662 ,
757 610 922 650 ausus
958 593 1146 655 fuerit
1197 592 1407 664 ingredi
1474 592 1752 647 civitatem
1784 629 1800 655 ,
1840 590 1910 645 de
1954 603 2099 658 qua,

475 691 722 763 repulsus
785 696 872 744 est
888 724 910 749 π,
971 686 1056 743 vel
1103 686 1256 743 exire
1304 689 1372 741 de
1439 683 1559 743 loco
1603 684 1659 739 in
1710 697 1819 752 quo
1866 681 2064 751 degere

464 781 652 851 jussus
700 788 827 839 est.
878 777 1133 848 jubemus
1176 792 1302 832 eum
1353 776 1407 831 in
1456 774 1790 831 monasterio
1847 772 1902 827 in
1954 771 2063 827 alia

469 872 750 944 provincia
798 870 1094 927 constituto
1150 868 1287 924 tradi
1313 907 1330 930 ,
1378 875 1439 921 ut
1488 882 1610 936 quae
1659 867 1715 922 in
1760 863 2065 921 sacerdotio

469 965 739 1037 peccavit,
771 964 973 1035 degens
1008 963 1061 1017 in
1095 961 1423 1017 monasterio
1450 959 1705 1030 corrigat.
1747 977 1766 1010 ι
1809 958 1954 1024 Quas
1984 956 2064 1011 le-
2096 1008 2100 1013 .

469 1074 567 1129 ges
603 1058 673 1113 ab
711 1055 1135 1127 imperatoribus
1180 1061 1241 1108 et
1281 1052 1519 1123 regibus,
1564 1051 1767 1108 nostris
1813 1048 2099 1120 videlicet_

469 1148 982 1219 praedecessoribus,
1011 1144 1584 1216 promulgatasatque
1633 1143 1914 1205 decretas,
1963 1155 2065 1195 nos

470 1237 795 1294 immutilate
822 1247 877 1291 et
921 1235 1370 1306 irrefragabiliter
1411 1235 1667 1289 convenit
1704 1247 2065 1297 conservare,

471 1330 617 1386 sicut
639 1328 947 1399 apostolica:
973 1328 1122 1382 sedis
1146 1327 1423 1382 antistites
1453 1327 1521 1382 ad
1546 1326 1798 1381 dominos
1822 1333 1880 1379 et
1903 1332 2065 1379 terra;

470 1418 750 1490 principes
794 1416 1148 1487 scripserunt.
1205 1415 1298 1471 Ait
1351 1416 1497 1470 enim
1546 1415 1657 1471 Leo
1709 1415 1776 1470 ad
1831 1412 2064 1468 Leonem

470 1511 772 1581 Augustum
796 1508 969 1579 (epist.
994 1507 1086 1577 92)
1117 1524 1132 1562 :
1160 1526 1179 1558 ι
1211 1507 1386 1563 Debes
1404 1547 1420 1571 ,
1449 1506 1730 1576 inquiens,
1748 1505 2067 1559 incunctan-

471 1610 560 1656 ter
605 1600 895 1655 advertere
941 1599 1145 1669 regiam
1194 1607 1514 1668 potestatem
1553 1597 1681 1661 tibi,
1740 1612 1847 1651 non
1890 1595 2065 1650 solum

474 1691 544 1746 ad
570 1690 758 1746 mundi
788 1690 1062 1762 regimen,
1089 1689 1183 1757 sed
1226 1689 1460 1743 maxime
1502 1690 1570 1743 ad
1598 1689 1853 1743 Ecclesia
1882 1688 2067 1756 praesi-

2161 498 2492 571 indigerent,
2520 511 2574 558 et
2602 503 2885 573 pontiﬁces
2919 520 3018 575 pro
3046 510 3429 579 temporalium
3468 525 3631 567 cursu
3664 528 3753 567 re-

2162 606 2284 647 rum
2314 594 2684 663 imperialibus
2717 596 3157 667 dispositionibus
3189 609 3476 654 uterentur
3507 611 3751 673 :‘quate-

2162 697 2265 739 nus
2287 685 2580 755 spiritualis
2604 687 2746 743 actio
2774 704 2806 743 a
2824 689 3139 747 carnalibus
3160 692 3392 749 distaret
3418 694 3751 757 incursibus.

2163 782 2220 830 et
2244 774 2363 830 ideo
2395 777 2633 833 militans
2664 780 2772 834 Deo
2800 780 3100 836 minimese
3136 784 3370 852 negotiis
3395 783 3757 840 saecularibus

2164 863 2470 932 implicaret
2495 866 2577 936 (II
2616 867 2750 923 Tim.
2786 869 2881 939 ιι),
2909 886 2974 927 ac
3019 871 3258 927 vicissim
3297 888 3406 927 non
3455 874 3549 928 ille
3593 874 3757 931 rebus

2163 955 2362 1013 divinis
2389 959 2679 1028 pnesidere
2703 960 2998 1025 videretur,
3028 964 3118 1033 qui
3140 973 3289 1018 esset
3309 965 3549 1032 negotiis
3575 981 3755 1021 Saecu-

2164 1045 2369 1115 laribus
2392 1050 2717 1122 implicatus,
2747 1061 2808 1108 ut
2844 1062 2900 1108 et
2938 1056 3196 1111 modestia
3230 1057 3518 1127 utriusque
3542 1058 3758 1113 ordinis

2162 1150 2466 1206 curaretur,
2495 1156 2564 1195 ne
2583 1143 2932 1199 extolleretur
2964 1154 3193 1215 utroque
3219 1145 3493 1212 suifultus,
3520 1156 3584 1203 et
3602 1162 3761 1202 con-

2162 1244 2353 1306 petens
2399 1235 2755 1305 qualitatibus
2805 1237 3077 1292 actionmn
3123 1237 3442 1307 specialiter
3487 1237 3761 1309 professio

2164 1335 2459 1399 aptaretur.
2490 1325 2676 1383 Omnis
2718 1329 2976 1399 pontifex,
2999 1330 3173 1399 inquit
3210 1330 3534 1399 Apostolus,
3570 1347 3644 1385 ex
3669 1331 3761 1384 lto-

2164 1420 2393 1477 minibus
2413 1431 2729 1489 assumptus.
2758 1437 2853 1489 pro
2879 1421 3177 1477 hominibus
3215 1423 3564 1478 constituitur
3592 1423 3655 1476 in
3682 1423 3761 1476 fn‘s

2164 1529 2283 1583 qua:
2306 1522 2430 1566 sunt
2451 1513 2519 1567 ad
2550 1512 2737 1576 Deum,
2767 1522 2824 1565 ut
2867 1513 3053 1582 oleret
3091 1513 3232 1568 dona
3263 1523 3311 1567 et
3354 1511 3639 1580 sacriﬁcia
3668 1528 3781 1581 pro.

2135 1593 2389 1674 ‘percatis
2413 1603 2601 1675 (Hebr.
2627 1606 2714 1669 v):
2746 1603 2998 1659 videlicet
3032 1620 3138 1659 non
3169 1604 3345 1660 solum
3393 1620 3495 1674 pro
3524 1604 3761 1674 populo,

2169 1696 2263 1749 sed
2279 1698 2406 1765 quia
2432 1706 2487 1751 et
2512 1697 2624 1767 ipse
2644 1696 3011 1751 circumdatus
3028 1705 3113 1752 est
3142 1697 3608 1768 intimiitate,pm
3632 1699 3761 1753 Suis.

472 1781 769 1836 diumesse
793 1781 1067 1846 collatam,
1090 1790 1150 1835 ut
1175 1795 1341 1835 ausus
1369 1778 1605 1834 nefarios
1633 1778 2061 1849 comprimendo,
2091 1763 2140 1823 Β
2168 1785 2237 1840 Et
2265 1763 2407 1855 regis
2445 1763 2549 1849 est,
2597 1786 2749 1855 regni
2794 1786 3008 1856 negotia
3035 1786 3375 1856 dispensare,
3402 1763 3557 1842 sicut
3593 1786 3764 1840 incrd-

471 1881 529 1925 et
553 1887 675 1942 qua:
713 1872 852 1938 bene
887 1880 1014 1926 sunt
1034 1879 1239 1926 statuta
1271 1869 1552 1936 defendas,
1584 1880 1638 1925 et
1668 1884 1850 1925 veram
1875 1883 2062 1939 pacem

474 1963 560 2019 bis
607 1980 731 2034 quae
773 1972 903 2019 sunt
953 1963 1170 2019 turbata
1223 1961 1502 2015 restituas.
1549 1979 1571 2012 ι
1600 1960 1669 2015 Et
1701 1958 1951 2015 Gelasius
1994 1960 2064 2015 ad

472 2054 820 2111 Anastasium
858 2052 1031 2122 (epist.
1063 2052 1149 2115 lt),
1192 2051 1246 2104 in
1272 2050 1395 2122 ﬁn.)
1415 2067 1429 2104 :
1451 2069 1470 2103 ι
1497 2050 1737 2116 Etenim,
1770 2050 2087 2121 imperator.

470 2145 735 2214 Auguste,
759 2145 804 2199 si
828 2154 1017 2200 contra
1048 2143 1194 2215 leges
1213 2142 1459 2212 publicas
1483 2139 1709 2211 aliquid,
1728 2141 1873 2210 quod
1897 2140 2060 2205 absit,

474 2236 745 2306 quispiam
777 2234 1011 2292 fortasse
1056 2243 1315 2299 tentaret,
1347 2234 1493 2288 nulla
1522 2234 1579 2289 id
1615 2234 1827 2290 ratione
1856 2234 2085 2302 potuiss

475 2337 562 2383 set
591 2327 823 2383 admitti.
848 2346 868 2380 ι
897 2327 1043 2394 Quas
1070 2326 1237 2381 etiam
1266 2324 1411 2396 leges
1433 2324 1714 2395 principali
1743 2324 2083 2379 auctoritate.

474 2416 866 2489 promulgatas,
899 2433 1007 2472 non
1035 2417 1210 2471 solum
1251 2431 1283 2470 a
1312 2414 1726 2484 quibuscunque
1752 2414 2020 2482 episcopis
2043 2451 2083 2476 ,.

476 2511 572 2566 sed
621 2510 783 2566 etiam
835 2510 906 2565 ab
955 2509 1088 2579 ipsis
1132 2506 1446 2577 apostolica:
1492 2506 1638 2563 sedis
1686 2504 2060 2575 pontiﬁcibus,

476 2605 645 2675 ipsius
665 2604 854 2674 prima:
883 2605 1031 2660 sedis
1054 2604 1331 2658 antistites
1367 2602 1647 2659 observari
1679 2602 1880 2658 debere
1922 2600 2064 2657 scri-

475 2704 734 2766 pserunt,
783 2695 931 2751 sicut
962 2696 1165 2751 beatus
1200 2693 1308 2749 Leo
1357 2694 1427 2749 ad
1476 2693 1712 2749 Leonem
1763 2693 2062 2763 Augustum

476 2785 720 2840 scribens
756 2785 1129 2850 demonstrat,
1197 2785 1384 2840 dicens
1443 2784 1628 2856 (epist.
1685 2784 1794 2855 80)
1849 2800 1954 2839 non
2004 2799 2066 2840 se

475 2873 742 2944 refragari
770 2875 973 2930 debere
999 2875 1177 2929 edicta
1221 2874 1552 2944 imperialia,
1578 2875 1664 2929 vel
1707 2891 1772 2930 ea
1815 2890 1936 2945 qua:
1979 2874 2077 2930 sui.

476 2967 791 3020 decessores
823 2968 1117 3023 secundum
1151 2967 1425 3021 tramitem
1446 2966 1849 3037 Scripturarum
1868 2967 2066 3037 praedi-

476 3058 856 3127 cationemque
881 3059 1146 3130 majorum
1160 3068 1486 3115 statuerant.
1509 3077 1528 3110 ι
1554 3059 1611 3116 Si
1627 3075 1766 3132 quae,
1787 3061 2061 3131 inquiens,

476 3136 747 3213 destrinxi,
776 3164 877 3219 ego
901 3148 1132 3214 aediﬁco,
1168 3151 1637 3220 praevaricatorem
1660 3167 1749 3207 me
1770 3152 2059 3217 constituo,

475 3250 534 3296 et
558 3242 641 3297 eis
679 3255 765 3297 me
789 3242 1054 3298 ultionum
1100 3245 1503 3300 conditionibus
1545 3245 1738 3310 subdo,
1785 3260 1922 3315 quas
1956 3261 2079 3313 non.

478 3332 651 3388 solum
675 3335 972 3391 auctoritas
988 3335 1165 3391 beatae
1195 3338 1469 3392 memoriae
1496 3337 1757 3406 principis
1788 3335 2061 3401 Martiani,

477 3424 571 3477 sed
593 3424 758 3479 etiam
783 3440 887 3494 ego
906 3442 1025 3482 mea
1054 3428 1417 3483 consensione
1447 3428 1676 3484 ﬁrmavi.
1710 3449 1728 3479 ι
1750 3428 1816 3482 Et
1846 3435 2077 3484 sanctus.

478 3511 727 3569 Gclasius
754 3514 821 3569 ad
854 3515 1203 3572 Anastasium
1248 3519 1629 3589 imperatorem
1658 3519 1831 3589 (epist.
1878 3519 1976 3582 l0,
2007 3520 2063 3573 in

476 3604 714 3675 prima):
756 3626 777 3658 ‹
810 3608 889 3673 Si,
924 3609 1127 3679 inquit,
1157 3620 1418 3679 quantum
1461 3611 1527 3665 ad
1557 3611 1803 3666 ordinem
1835 3609 2076 3679 publica:-

476 3697 717 3765 pertinet
742 3697 1070 3767 disciplinte,
1099 3710 1492 3771 cognoscentes
1529 3700 1816 3771 imperium
1848 3701 1941 3755 tibi
1967 3716 2064 3754 su-

476 3800 645 3856 perna
671 3786 1023 3856 dispositione
1049 3788 1323 3856 collatum,
1353 3790 1560 3860 legibus
1587 3791 1693 3846 tuis
1725 3790 1827 3861 ipsi
1849 3805 2065 3860 quoque

478 3888 673 3949 parent
695 3879 973 3951 religionis
993 3880 1283 3943 antistites,
1304 3896 1372 3933 ne
1398 3880 1481 3934 vel
1509 3880 1562 3934 in
1591 3882 1754 3935 rebus
1779 3881 2064 3939 mundanis

478 3971 711 4027 exclusae
736 3970 1022 4027 vidcantur
1056 3969 1280 4024 obviare
1318 3970 1624 4035 sementim,
1671 3986 1795 4041 quo.
1830 3986 1978 4042 rogo,
2013 3980 2065 4026 te

479 4064 674 4118 aﬁ'ectu
704 4064 785 4119 eis
809 4063 1063 4119 convenit
1090 4063 1339 4129 obedire,
1379 4064 1471 4133 qui
1500 4079 1599 4135 pro
1640 4064 1929 4135 erogandis
1968 4081 2063 4122 ve-

480 4152 816 4209 nerabilibus
849 4161 976 4208 sunt
1002 4153 1249 4208 attributi
1277 4154 1591 4225 mysteriis?
1625 4174 1644 4208 »
1676 4153 1831 4221 Quod
1853 4163 1909 4211 et
1939 4170 2075 4221 nos,

476 4245 632 4316 juxta
662 4244 1064 4301 hortamentum
1086 4245 1230 4301 beati
1254 4244 1479 4310 Gelasii,
1496 4247 1875 4302 incunctanter
1905 4254 2079 4318 atque.

482 4335 714 4390 libenter
737 4335 961 4404 exsequi
997 4336 1280 4406 cupimus,
1310 4336 1367 4392 in
1403 4338 1490 4393 bis
1526 4354 1648 4408 quae
1684 4339 1753 4394 ad
1780 4354 1938 4393 suum
1964 4340 2069 4395 mi-

2164 1884 2293 1935 cant
2336 1874 2530 1931 littera:
2563 1875 2821 1930 divinitus
2857 1874 3152 1944 inspirata.
3182 1874 3321 1941 Quia
3368 1890 3507 1945 ergo
3545 1886 3763 1930 sancta-

2165 1982 2284 2021 rum
2307 1966 2709 2035 Scriptnrarum
2738 1966 2975 2033 tramite,
2996 1974 3053 2021 et
3079 1968 3475 2036 praedicatione
3493 1967 3761 2034 majorum

2163 2057 2489 2121 ostenditur,
2506 2064 2696 2112 sancto
2714 2058 2881 2112 etiam
2904 2065 3202 2114 attestante
3219 2056 3441 2113 Gelasio
3457 2055 3641 2128 (epist.
3660 2057 3763 2124 ιθ),

2162 2148 2287 2218 quia
2320 2167 2339 2201 ι
2373 2148 2479 2204 duo
2512 2156 2669 2213 sunt,
2713 2147 2911 2218 quibus
2965 2148 3342 2218 principaliter
3387 2149 3638 2202 mundus
3682 2148 3765 2203 hic

2163 2238 2390 2308 regitur,
2422 2238 2721 2295 auctoritas
2762 2253 2920 2295 saera
2955 2240 3293 2310 pontiﬁcum,
3326 2248 3387 2295 et
3427 2239 3639 2310 regalis
3672 2255 3764 2308 po-

2166 2337 2352 2399 testas.
2378 2348 2396 2381 ι
2418 2329 2478 2385 Et
2502 2344 2600 2400 per
2622 2331 2823 2401 Regem
2843 2345 3049 2405 regum,
3071 2346 3138 2386 ac
3156 2345 3432 2386 summum
3450 2330 3762 2399 pontiﬁcatu

2165 2429 2485 2474 cunctorum
2509 2419 2956 2491 pontiticum,qui
2979 2420 3126 2476 solus
3151 2434 3247 2475 rex
3278 2429 3337 2475 et
3360 2421 3632 2475 sacerdos
3652 2418 3761 2473 ﬁeri

2163 2512 2356 2581 potuit,
2387 2514 2680 2568 conditores
2708 2511 2882 2583 legum
2900 2513 3048 2582 juxta
3077 2513 3365 2566 decernunt
3386 2509 3581 2581 (Prae.
3610 2510 3760 2579 vin);

2164 2617 2302 2673 quas
2321 2604 2466 2674 leges
2490 2604 2815 2674 principales
2838 2613 3133 2673 potestates
3155 2604 3580 2674 appellaverunt
3600 2612 3761 2659 ater-

2166 2707 2287 2757 nas,
2324 2702 2380 2747 et
2421 2694 2566 2749 sacri
2592 2706 2832 2749 canones
2874 2692 3079 2765 Spiritu
3118 2692 3217 2748 Dei
3266 2703 3400 2749 sunt
3435 2694 3673 2759 conditi,
3708 2702 3763 2749 et

2166 2785 2333 2847 totius
2358 2784 2543 2838 mundi
2566 2784 2874 2839 reverentia
2909 2784 3232 2850 consecrati,
3254 2794 3313 2840 et
3338 2794 3403 2840 ut
3418 2785 3621 2840 beatus
3638 2787 3761 2839 Arn-

2164 2876 2380 2931 brosius
2409 2878 2477 2932 ad
2512 2877 2945 2935 Valentinianum
2974 2877 3143 2931 dicit:
3173 2894 3194 2927 ι
3230 2876 3415 2948 Leges
3461 2878 3763 2949 imperator

2165 2962 2289 3031 fert,
2310 2981 2447 3035 quas
2474 2965 2681 3036 primus
2706 2967 2822 3037 ipse
2848 2966 3111 3021 custodiat
3129 3006 3147 3031 ,
3170 2966 3300 3036 quia
3328 2968 3479 3036 quod
3508 2968 3761 3037 prescri-

2165 3059 2276 3128 psit
2298 3059 2439 3124 aliis,
2470 3058 2800 3127 pra‘scripsit
2826 3058 2951 3122 sibi,
2973 3071 3041 3111 ne
3061 3057 3148 3112 cui
3175 3066 3325 3113 esset
3348 3056 3591 3113 liberum
3618 3058 3758 3112 aliud

2160 3147 2426 3219 judicare.
2459 3169 2478 3200 ι
2509 3148 2576 3203 Ει
2600 3149 2793 3204 beatus
2818 3148 3151 3218 Augustinus
3175 3147 3312 3203 dicit
3342 3166 3356 3202 :
3388 3167 3409 3199 ί
3446 3146 3587 3215 Quia
3618 3158 3761 3217 post-

2166 3256 2327 3311 quam
2356 3240 2504 3312 leges
2531 3240 2848 3310 subscripta:
2878 3239 3079 3295 fuerint
3118 3249 3174 3295 et
3201 3240 3457 3305 ﬁrmatae,
3487 3256 3603 3295 non
3640 3240 3761 3295 licet

2159 3333 2329 3404 judiei
2374 3334 2440 3388 de
2466 3333 2903 3404 ipsisjudicare,
2942 3334 3038 3389 sed
3077 3334 3382 3390 secundum
3423 3334 3592 3404 ipsas.
3625 3332 3757 3400 Qui:

2165 3425 2465 3479 secundum
2513 3424 2820 3494 pontiﬁcale
2876 3424 3237 3480 ministerium
3288 3434 3574 3491 vestrum,
3610 3425 3757 3494 regio

2165 3514 2469 3568 ministerio
2511 3524 2696 3570 nostro
2744 3513 2949 3568 monita
2995 3522 3184 3571 vestra:
3232 3515 3591 3585 paternitatis
3635 3516 3755 3569 obe~

2166 3604 2378 3659 dienter
2407 3619 2472 3658 ac
2507 3602 2737 3659 libenter
2768 3603 3014 3673 cupimus
3039 3605 3337 3670 obaudire,
3374 3605 3634 3674 patimini
3664 3621 3758 3658 nos

2165 3710 2228 3749 ea
2278 3710 2497 3750 servare
2528 3710 2649 3764 qua:
2676 3695 3100 3767 predecessores
3147 3697 3317 3750 vestri
3367 3711 3435 3751 ac
3477 3697 3657 3751 nostri
3694 3697 3757 3750 de

2167 3785 2472 3855 bujusmodi
2503 3788 2643 3841 unde
2677 3788 2856 3858 agitur
2892 3788 3311 3852 constituerunt,
3344 3798 3403 3843 et
3435 3790 3757 3843 roborantes

2137 3878 2434 3936 servando
2458 3894 2577 3947 qua:
2601 3888 2752 3949 gesta
2775 3887 2922 3943 sunt,
2954 3888 3071 3934 rata
3100 3877 3399 3935 doceamus
3418 3895 3545 3936 esse
3563 3881 3756 3936 debere

2166 3984 2286 4039 quae
2324 3970 2581 4039 gerimus.
2629 3968 2763 4023 Nam
2795 3970 3064 4038 quomodo
3111 3968 3257 4034 leges
3292 3971 3610 4040 principum
3653 3972 3755 4025 rite

2165 4059 2505 4114 vocabuntur
2521 4067 2757 4129 aeternae,
2772 4058 2818 4114 si
2849 4059 3254 4114 transeuntibus
3277 4060 3624 4130 principibus
3648 4076 3755 4128 um

2168 4165 2292 4206 cum
2315 4148 2395 4205 eis
2420 4149 2738 4245 constitgtio
2763 4148 2897 4219 legis
2922 4148 3211 4205 transibit?
3241 4149 3313 4206 Et
3338 4167 3484 4223 papa
3507 4150 3756 4225 Symma-

2168 4242 2306 4297 ebns
2336 4242 2404 4296 ad
2432 4240 2691 4296 Aioniu'm
2721 4240 2897 4312 (epist.
2928 4241 3016 4312 1),
3047 4261 3067 4295 ‹
3099 4241 3265 4307 Dum,
3294 4243 3500 4313 inquit,
3542 4244 3612 4299 ad
3639 4243 3759 4298 Tri-

2169 4332 2356 4388 nitatis
2386 4332 2579 4396 instar,
2610 4329 2766 4399 cujus
2796 4315 2914 4387 una
2960 4340 3046 4388 est
3087 4340 3256 4402 atque
3298 4333 3581 4390 individua
3610 4344 3759 4405 pote»

481 4426 766 4483 nisterium
794 4428 1087 4497 pertinent,
1116 4428 1327 4484 cunctis
1347 4430 1673 4498 generaliter
1691 4430 2068 4488 sacerdotibus
2092 4467 2147 4528 Β
2171 4432 2305 4490 8138,
2334 4439 2499 4479 unum
2529 4423 2603 4480 Sil
2637 4438 2735 4494 Per
2767 4423 3009 4479 diversos
3038 4423 3317 4479 ²ιιιίειίιεε
3358 4426 3759 4487 sacerdotium.

482 4526 633 4573 recte
674 4515 854 4570 divina
902 4519 1295 4583 tractantibus,
1327 4527 1383 4572 et
1407 4518 1689 4589 potissime
1734 4521 1878 4576 sedis
1924 4519 2068 4576 illius

480 4606 719 4680 praesuli,
752 4620 911 4675 quem
933 4608 1145 4665 cunctis
1170 4609 1545 4665 sacerdotibus
1575 4610 1831 4667 divinitas
1856 4627 2074 4677 summa,

472 4700 654 4757 voluit
698 4699 1083 4771 prmeminere,
1125 4710 1182 4757 et
1220 4703 1555 4772 subsequens
1593 4705 1849 4762 Ecclesiae
1866 4704 2072 4774 iugiter

468 4791 659 4861 pietas
688 4790 1019 4846 celebravit:
1057 4791 1199 4846 sicut
1235 4793 1404 4847 nostri
1435 4793 1752 4849 decessores
1777 4810 1843 4850 ac
1878 4811 2070 4866 proge-

472 4881 528 4936 ni
546 4888 692 4935 tores
718 4881 1009 4937 orthodoxi
1057 4881 1414 4950 imperatores
1443 4893 1497 4939 et
1540 4900 1696 4956 reges
1725 4896 1983 4956 egerunt,
2012 4895 2071 4943 ut

472 4981 529 5028 et
566 4973 875 5042 apostolica:
908 4974 1055 5030 sedis
1074 4975 1334 5045 pontifex,
1360 4986 1417 5032 et
1439 4977 1859 5047 reliquiDomini
1884 4994 2069 5035 sacer-

476 5059 663 5125 dotes,
712 5060 866 5115 nobis
906 5077 1027 5131 quae
1053 5079 1086 5116 a
1128 5063 1238 5118 Deo
1261 5074 1387 5120 sunt
1413 5068 1724 5133 constituta,
1756 5068 2074 5133 exhibeant.

481 5145 770 5192 ﬁnientes-
802 5148 945 5192 sicut.
973 5150 1113 5192 idpm
1153 5152 1341 5192 [tantum
1379 5153 1625 5192 aulaei-Ic
1658 5158 1783 5192 alio“
1819 5158 1896 5192 lo’u
1941 5168 2045 5192 tam

2174 4514 2445 4586 quomodo
2486 4515 2731 4585 priorum
2778 4522 2979 4570 statuta
3025 4530 3057 4569 a
3100 4516 3463 4586 sequentibus
3512 4516 3759 4571 convenit

2174 4608 2401 4675 violari?
2422 4602 2538 4663 Huc
2566 4607 2795 4672 accedit,
2821 4607 2965 4677 quod
2992 4607 3038 4661 si
3070 4608 3184 4663 haec
3223 4607 3448 4663 eveniat
3473 4609 3759 4664 sententia-

2176 4715 2296 4757 rum
2341 4698 2606 4764 varietas,
2636 4698 2704 4754 ad
2753 4699 2925 4769 ipsam
2981 4707 3395 4753 sacrosanctam
3449 4700 3758 4771 religionem

2175 4793 2449 4851 credimus
2473 4792 2770 4861 pertinere,
2786 4789 2941 4861 cujus
2961 4790 3137 4845 omnis
3156 4799 3406 4861 potestas
3426 4791 3757 4862 infringitur,

2175 4885 2283 4940 nisi
2310 4885 2563 4940 universa
2596 4900 2714 4952 qua-
2745 4901 2775 4937 a
2805 4882 3018 4938 Domini
3047 4884 3425 4938 sacerdotibus
3450 4884 3615 4939 semel
3642 4892 3753 4938 sta-

2174 4984 2400 5033 tuuntur
2423 4986 2683 5047 perpetua
2708 4976 2834 5031 sint.
2858 4975 3010 5044 Quod
3040 4974 3176 5031 alias
3196 4976 3523 5047 contingere
3548 4976 3753 5046 poterit,

2178 5071 2222 5126 si
2252 5085 2535 5128 successor
2555 5069 2858 5126 decessoris
2880 5069 3091 5125 actibus
3116 5082 3224 5122 non
3258 5067 3519 5122 tribuerit
3540 5065 3754 5121 ﬁrmita-

2179 5170 2284 5192 In...
2351 5171 2398 5192 AI
2446 5162 2753 5192 -ιΛΙιΛιηηκΑΛ
2790 5175 2910 5192 ιιι-ω
2938 5168 3082 5192 noclu
3115 5167 3235 5192 οηιιΙ
3307 5156 3469 5192 Ταινίαι
3503 5166 3752 5192 malum
