3916 5434
123 260 265 317 893
1561 266 1720 323 EPiS'

1820 268 1941 325 [λιε-
2784 260 2789 261 ί
3307 266 3432 334 sat

126 376 596 439 statuuntur,’de
616 374 814 445 quibus
834 388 935 445 per
954 369 1274 448 prophetam
1299 374 1515 439 dicitur,
1556 375 1647 431 Va:
1667 379 1751 432 his
1776 382 1835 439 A~
1851 381 2173 434 exercituum
2194 390 2270 436 est
2304 380 2561 455 (Halani.
2595 384 2679 456 ιι),
2720 383 2888 440 nolite
2918 380 3234 455 permittere
3273 387 3437 444 nobis

126 467 239 536 qui
279 466 512 520 condunt
545 465 680 537 leges
727 469 954 538 iniquas,
1006 478 1053 523 et
1105 470 1385 524 scribentes
1433 470 1747 532 iniustitiam
1854 468 2018 523 scribi
2045 484 2110 525 ex
2143 481 2336 526 vestra:
2360 473 2701 529 auctoritatis
2723 474 2963 539 nomine,
2985 488 3106 543 quae
3132 474 3188 530 in
3221 474 3432 544 legibus

125 556 483 625 scripserunt
514 555 649 626 (Im.
672 556 752 643 ιι)τ
779 557 855 612 Ea
902 557 1253 615 nihilominus
1274 600 1290 626 ,
1327 574 1446 629 qua:
1472 575 1501 613 a
1531 559 1755 615 vicariis
1853 560 2046 625 sacris,
2076 560 2173 616 Dei
2211 562 2475 633 sapientia
2526 565 2781 630 conditis,
2811 574 2867 619 et
2903 565 2957 619 in
2989 566 3193 621 sanctis
3232 568 3434 638 regulis

125 646 308 701 beati
341 646 487 703 Petri
512 651 935 715 constituuntur,
955 660 1210 705 maneant
1234 651 1566 713 inconvulsa,
1600 651 1750 720 quia,
1852 646 2095 718 ejusdem
2120 651 2317 720 Spiritu
2339 653 2691 724 promulgatis
2710 669 2817 709 non
2841 657 3434 722 continentur,dicente

128 746 202 790 ut
236 735 363 792 Leo
398 738 530 793 dicit
572 742 749 808 (serm.
793 739 829 794 3
861 741 916 794 in
949 741 1151 810 annis.)
1208 759 1223 795 :
1258 760 1277 793 ι
1312 741 1424 797 Nec
1467 742 1631 796 nimia
1666 751 1750 797 est
1851 736 1981 790 item
2012 740 2295 809 propheta,
2315 740 2368 794 id
2398 749 2483 796 est
2509 744 2772 798 sacerdoti
2798 744 3174 814 praecipiente:
3195 746 3445 814 Audiens.

127 828 425 884 severitas
470 829 553 884 vel
598 829 882 895 remissio,
913 830 1005 885 ubi
1039 831 1172 886 nihil
1227 833 1596 897 constituitur,
1643 832 1748 887 nisi
1851 829 2116 883 nuntiam}
2152 832 2229 885 eis
2265 847 2331 885 ex
2371 849 2454 887 me
2477 833 2694 903 (Ezech.
2726 813 2812 906 ni)
2840 850 2856 901 ;
2887 813 3097 900 exime,
3145 813 3342 906 inquit,
3371 849 3432 894 et

123 916 394 984 quodex
433 919 573 972 beati
601 917 752 972 Petri
778 919 1032 988 aequitate
1070 920 1362 990 profertur.
1400 940 1417 972 ι
1446 920 1571 975 Haec
1601 920 1773 975 enim‘
1846 920 1953 970 non
1982 934 2049 972 ea:
2078 929 2146 973 te.
2190 921 2259 975 Et
2299 920 2715 992 redarguuntur,
2764 925 2857 994 qui
2898 925 2965 979 de
3006 927 3168 982 corde
3205 942 3304 983 suo
3350 929 3430 984 lo-

125 1007 361 1061 scimus
387 1022 510 1061 esse
536 1008 817 1072 canonice,
846 1009 1050 1063 scimus
1081 1024 1202 1064 esse
1232 1010 1525 1080 apostolica
1560 1017 1748 1064 aucto-
1846 1012 2103 1076 qllttutur,
2138 1012 2394 1080 quoniam
2438 1016 2529 1083 qni
2566 1032 2600 1067 a
2629 1016 2899 1085 semetipso
2925 1016 3178 1087 loquitur,
3203 1018 3453 1089 gloriam.

126 1096 320 1149 ritate
352 1097 621 1158 roborata,
656 1105 711 1152 et
733 1097 1056 1167 Apostolicm
1078 1100 1224 1154 sedis
1251 1101 1491 1163 decreta,
1518 1115 1659 1168 quae,
1687 1106 1773 1154 ut‘
1843 1100 2112 1169 prepriam
2135 1102 2320 1170 quwrit
2349 1102 2533 1172 (Joan.
2564 1105 2682 1174 vn).
2712 1103 2887 1160 Nolite
2913 1106 3096 1176 igitur,
3123 1115 3185 1161 ut
3209 1109 3426 1178 praemi-

128 1182 404 1240 Gelasius
419 1184 550 1240 dicit
574 1187 743 1254 (epist.
771 1187 840 1257 to
864 1188 934 1240 ad
962 1187 1133 1241 Βανά.
1169 1190 1224 1243 in
1242 1189 1456 1258 μήπω),
1489 1207 1509 1240 ι
1538 1189 1742 1245 Unam-
1843 1188 2031 1254 simus,
2065 1205 2132 1245 ex
2160 1200 2343 1246 vestro
2373 1194 2608 1259 nomine,
2658 1196 2737 1250 vel
2790 1197 3100 1267 apostolica
3147 1200 3295 1255 sedis
3329 1215 3426 1255 au-

125 1290 427 1346 quamque
459 1278 721 1349 synodum
769 1288 824 1333 et
851 1294 946 1333 sua
980 1279 1306 1335 auctoritate
1344 1279 1655 1341 conﬁrmat,
1686 1290 1742 1335 et
1842 1280 2112 1344 ctoritate,
2133 1279 2407 1350 jussiones
2435 1284 2519 1338 vel
2541 1287 3156 1342 excotnmunicationum
3183 1290 3421 1345 intenta-

126 1369 472 1422 continuata
523 1370 891 1425 moderatione
934 1373 1189 1435 custodit,
1242 1388 1340 1442 pro
1389 1386 1487 1426 suo
1535 1373 1744 1427 scilicet
1843 1369 2053 1434 tiones.
2110 1381 2297 1427 COﬂll‘a
2345 1389 2619 1430 sacram!"
2668 1376 3070 1447 scripturarum
3124 1381 3420 1445 tramitem.

126 1456 480 1527 principatu,
526 1470 684 1527 quem
729 1460 918 1513 beatus
961 1458 1154 1514 Petrus
1198 1459 1476 1529 apostolus
1525 1461 1740 1515 Domini
1839 1461 2386 1533 praedicationemque
2444 1466 2744 1533 majorum,
2806 1483 2870 1522 ac
2914 1484 3195 1524 sacrarum
3239 1470 3421 1540 legum

129 1559 281 1600 \oce
310 1557 663 1617 perceptum,
690 1547 929 1603 Ecclesia
966 1549 1314 1605 nihilominus
1339 1549 1735 1621 subsequente,
1790 1552 1793 1557 ’
1839 1550 2258 1619 sanctorumque
2311 1567 2577 1607 canonum
2639 1555 3087 1621 constitutiones,
3143 1558 3301 1614 nobis
3349 1561 3421 1615 de

130 1648 190 1691 et
246 1639 435 1694 tenuit
476 1653 693 1710 semper
729 1649 785 1695 et
832 1641 1048 1696 retinet.
1092 1661 1110 1694 ι
1144 1643 1210 1696 Et
1254 1642 1415 1712 paulo
1455 1644 1733 1712 superius:
1838 1644 2036 1691 calam
2061 1638 2223 1693 scribi
2254 1640 2624 1711 cujuscunque
2651 1643 2905 1698 instinctu
2935 1645 3267 1712 permittere,
3289 1648 3417 1716 pre-

134 1748 154 1779 σ
196 1729 547 1786 Conlidimus
570 1733 711 1802 quod
740 1732 917 1789 nullus
935 1732 1050 1801 jam
1087 1720 1354 1789 veraciter
1393 1734 1720 1790 Christianut

1832 1740 2043 1791 camur,
2073 1729 2198 1798 quia
2228 1731 2401 1796 scitis,
2432 1741 2488 1787 et
2535 1734 2753 1797 scimus,
2786 1743 2960 1790 totum
3006 1751 3131 1791 esse
3176 1737 3414 1804 irritum,

131 1819 384 1889 ignorat,
440 1822 861 1893 uniuscujusque
913 1825 1102 1895 synodi
1154 1826 1537 1891 constitutum,
1588 1827 1720 1896 quod

1833 1816 2096 1887 quidquid
2135 1818 2205 1873 ab
2250 1834 2440 1874 eorum
2479 1820 2643 1876 fuerit
2688 1823 3073 1879 constitutione
3115 1824 3410 1881 diversum.

132 1911 477 1965 universalis
519 1912 774 1967 Ecclesiae
806 1914 1054 1983 probavit
1085 1929 1359 1975 assensus,
1388 1914 1586 1968 nullam
1615 1929 1761 1969 ma--
1838 1925 1857 1959 ι
1887 1906 2117 1972 Dieilﬂr.
2169 1909 2346 1979 inquit
2394 1921 2619 1968 sanctus
2670 1913 2783 1968 Leo
2824 1914 3006 1984 (term.
3034 1914 3070 1968 5
3094 1914 3149 1968 in
3185 1916 3411 1987 crinita),

133 2004 221 2073 gis
251 2004 484 2073 exsequi
523 1988 702 2060 sedem
733 2020 843 2075 prae
870 2007 1080 2061 caeteris
1108 2015 1390 2076 oportere,
1423 2021 1582 2075 quam
1615 2007 1720 2075 pri-

1830 1997 2131 2053 a-Domino
2169 2000 2482 2056 beatissimo
2518 2001 2707 2069 Petro,
2733 2003 2847 2056 Tibi
2883 2004 3020 2058 dabo
3059 2004 3227 2059 clam
3266 2008 3412 2076 regni

132 2108 313 2147 mam.
368 2113 388 2147 ι
441 2095 507 2149 Ει
545 2095 672 2150 item
714 2097 852 2152 idem
894 2096 1079 2168 (epist.
1120 2098 1154 2153 6
1197 2099 1269 2152 ad
1307 2100 1462 2169 episc.
1504 2100 1727 2171 anim):
1830 2086 2101 2152 οωιοηιηιν
2130 2097 2181 2143 ει
2211 2105 2534 2163 utrmque
2561 2090 2801 2161 ligaveris
2828 2109 2986 2161 super
3013 2101 3228 2157 terram.
3257 2105 3410 2149 erum

137 2204 155 2234 ο
191 2183 453 2254 Cumque
492 2186 648 2242 nobis
675 2197 861 2242 contra
897 2189 1216 2243 salutarium
1256 2191 1611 2245 reverentiam
1647 2204 1728 2245 re-

128 2273 392 2344 gularum
428 2275 711 2346 cupiamus
749 2277 883 2331 nihil
913 2286 1114 2333 temere
1132 2278 1316 2344 licere,
1348 2288 1402 2333 et
1424 2294 1546 2334 cum
1572 2280 1727 2335 sedes

128 2362 439 2432 apostolica
494 2365 743 2436 superior
792 2367 878 2421 liis
926 2368 1202 2432 omnibus,
1233 2366 1449 2423 favente
1477 2368 1721 2434 Domino,

127 2469 255 2522 qum
282 2456 530 2523 palemis
560 2458 854 2511 canonibus
882 2467 1007 2512 sunt
1036 2458 1275 2528 praefixa,
1304 2460 1393 2528 pio
1428 2460 1726 2530 devotoque

128 2544 359 2601 s:ndeat
388 2557 573 2603 tenere
602 2549 898 2619 proposito,
926 2550 1057 2605 satis
1084 2550 1362 2621 indignant
1392 2560 1503 2616 est,
1532 2566 1723 2621 quem-
1750 2576 1757 2583 ι

128 2655 329 2708 quam,
368 2639 454 2694 vel
497 2639 810 2710 pontiﬁcum
831 2681 843 2701 ,
875 2640 955 2694 vel
985 2641 1234 2695 ordinum
1261 2641 1720 2710 subsequentium,

128 2729 274 2785 lianc
305 2731 709 2785 observantiam
737 2731 990 2796 refutare,
1017 2746 1179 2800 quam
1206 2733 1355 2786 beati
1371 2731 1515 2786 Petri
1539 2734 1720 2787 sedem
1744 2746 1753 2772 λ

129 2829 186 2874 ct
214 2822 377 2890 sequi
410 2820 587 2876 videat
610 2831 666 2876 et
693 2822 890 2876 docere
923 2838 936 2875 :
984 2822 1224 2891 satisque
1268 2822 1595 2876 conveniens
1628 2822 1719 2887 sit,

130 2921 188 2964 ut
213 2919 393 2965 totum
415 2926 609 2982 corpus
632 2912 884 2966 Ecclesiae
908 2912 958 2966 in
988 2914 1087 2966 hac
1107 2913 1323 2966 sibimet
1346 2914 1722 2969 observatione

130 3001 453 3067 concordet,
474 3018 635 3072 quam
665 3001 771 3057 illic
800 3006 980 3072 vigere
1001 3002 1322 3072 conspiciat,
1346 3003 1437 3057 ubi
1463 3001 1720 3057 Dominus

1828 2176 1991 2248 ligata
2015 2187 2063 2231 et
2100 2178 2156 2231 in
2182 2178 2755 2250 calis,et.quwcunquc
2775 2181 2990 2237 solveris
3008 2198 3164 2250 super
3188 2191 3403 2248 terram,

1826 2275 1980 2321 erant
2018 2266 2192 2321 soluta
2225 2278 2277 2323 et
2306 2269 2365 2323 in
2394 2268 2534 2323 caelis
2564 2268 2775 2339 (Matth.
2811 2269 2942 2339 xw).
2986 2269 3258 2325 Transivit
3283 2273 3406 2341 qui-

1827 2354 1950 2410 dem
1975 2356 2141 2410 etiam
2184 2356 2237 2410 in
2262 2357 2396 2412 alios
2424 2357 2696 2426 apostolos
2719 2357 2810 2426 jus
2842 2360 2997 2414 istius
3023 2361 3324 2428 potestatis,
3349 2369 3407 2416 et

1827 2445 1898 2500 ad
1925 2459 2117 2502 omnes
2144 2445 2401 2503 Ecclesia:
2429 2448 2697 2518 principes
2748 2448 2947 2503 decreti
2999 2448 3158 2518 hujus
3204 2451 3403 2505 consti-

1827 2542 1965 2597 tutio
1983 2543 2311 2599 commeavit
2337 2559 2352 2596 :
2380 2544 2477 2598 sed
2500 2557 2607 2596 non
2630 2542 2833 2597 frustra
2857 2540 2947 2596 uni
2968 2542 3402 2607 commendatur,

1778 2671 1790 2681 .
1824 2633 1968 2702 quod
2006 2634 2261 2688 omnibus
2286 2634 2588 2689 intimatur.
2635 2633 2796 2689 Petro
2835 2633 2979 2688 enim
3010 2632 3130 2687 ideo
3156 2633 3261 2687 hoc
3291 2633 3403 2689 siu-

1823 2723 2084 2791 gulariter
2113 2724 2372 2788 creditur,
2401 2725 2528 2785 quia
2556 2725 2764 2780 cunctis
2804 2723 3057 2778 Ecclesiae
3100 2724 3400 2779 rectoribus

1824 2815 1969 2871 Petri
1996 2815 2171 2870 forma
2198 2817 2551 2885 praeponitur.
2598 2815 2778 2870 Manet
2824 2829 2953 2883 ergo
2995 2814 3140 2869 Petri
3184 2815 3399 2884 privile«

1823 2906 2015 2987 gium,
2055 2905 2365 2975 ubicunque
2409 2921 2476 2961 ex
2522 2905 2691 2975 ipsius
2732 2903 2906 2959 fertur
2927 2903 3205 2975 Lmquilate
3256 2901 3401 2970 judi-

1825 3010 1989 3049 ctum.
2019 3014 2040 3047 ι

128 3093 392 3150 Ecclesia:
441 3094 602 3150 totius
642 3095 821 3165 posuit
866 3095 1254 3164 principatum.
1290 3114 1308 3145 ι
1341 3094 1409 3149 Ει
1437 3096 1503 3149 de
1545 3096 1713 3149 sacris
1740 3095 1785 3157 Ο
1885 3088 2003 3154 Qua
2050 3088 2319 3143 sententia
2373 3093 2633 3153 constat,
2674 3087 2974 3157 quiajnon
3017 3096 3226 3153 manet,
3252 3086 3401 3142 Petri

128 3185 365 3256 legibus,
400 3202 537 3256 quas
565 3202 671 3240 una
715 3203 836 3241 cum
870 3187 1074 3242 sanctis
1114 3186 1412 3240 canonibus
1451 3185 1715 3239 catholica

127 3274 387 3331 observat
428 3276 692 3343 Ecclesia,
734 3276 872 3330 idem
910 3276 1181 3340 Gclasius,
1231 3283 1292 3329 ut
1335 3274 1717 3345 prannisimus,

129 3367 255 3422 dicit
292 3368 349 3422 in
387 3366 611 3437 epistola
653 3367 719 3420 ad
747 3367 1090 3421 Auastasium
1134 3367 1513 3435 imperatorem
1542 3363 1714 3433 (epist.
1744 3364 1747 3369 ’

130 3459 256 3529 10)τ
286 3480 305 3512 ι
337 3458 921 3533 Quantum,inquiens,
938 3459 1004 3511 ad
1032 3457 1272 3511 ordinem
1300 3456 1524 3526 publica!
1546 3454 1715 3525 perti-

132 3560 223 3603 net
248 3550 570 3619 disciplinaa,
613 3555 998 3619 cognoscentes
1041 3545 1333 3615 imperium
1360 3543 1454 3597 tibi
1486 3550 1717 3613 superna

132 3639 488 3708 dispositione
511 3638 786 3703 collatum,
816 3638 1021 3709 legibus
1046 3636 1150 3691 tuis
1175 3636 1272 3707 ipsi
1294 3649 1508 3706 quoque
1526 3640 1719 3703 parent

130 3728 409 3803 religionis
433 3732 723 3796 antistites,
758 3746 825 3785 ne
852 3729 933 3784 vel
966 3731 1019 3783 in
1044 3731 1206 3784 rebus
1234 3726 1517 3782 mundanis
1540 3723 1719 3779 exclu-

132 3838 203 3874 sae
232 3822 521 3877 videantur
549 3822 768 3876 obviare
792 3820 1093 3875 sententiae.
1128 3839 1147 3871 ι

201 3912 421 3967 Etcum
460 3912 532 3967 ita
575 3926 742 3968 sacrae
772 3911 938 3982 leges,
976 3920 1084 3966 tam
1116 3909 1515 3971 ecclesiasticze,
1555 3922 1717 3978 quam

135 4005 441 4071 mundanas,
473 4005 538 4059 de
564 4003 820 4058 damnato
844 4000 1131 4073 episcOpali
1171 4010 1226 4056 et
1254 3999 1493 4072 synodali
1538 3996 1720 4053 conci-

135 4095 205 4149 lio
245 4098 561 4164 decernant,
589 4114 693 4152 non
722 4106 806 4151 est
846 4094 1019 4150 nostri
1053 4092 1182 4165 regii
1228 4091 1534 4154 ministerii,
1568 4104 1717 4145 reum

136 4193 189 4238 et
232 4202 512 4244 sacrorum
559 4201 823 4242 canonum
859 4184 1062 4253 judicio
1091 4184 1526 4245 condemnatum,
1557 4189 1719 4249 atque

140 4280 446 4347 apostolicae
491 4278 635 4333 sedis
664 4276 996 4339 deﬁnitione,
1047 4276 1187 4330 sicut
1216 4277 1267 4328 in
1313 4273 1478 4343 gestis
1527 4270 1717 4343 synodi

139 4364 379 4423 invenire
407 4366 659 4438 potestis,
685 4363 1220 4426 anatltematizatum,
1252 4370 1436 4415 nostra
1476 4359 1715 4430 potentia

1815 3178 2174 3249 privilegium,
2208 3179 2297 3233 ubi
2329 3194 2398 3233 ex
2428 3179 2598 3248 ipsius
2614 3179 2870 3247 aequitate
2901 3192 3006 3232 non
3050 3177 3224 3233 fertur
3257 3178 3404 3249 judi-

1814 3267 1980 3320 cium.
2035 3266 2170 3320 Cum
2207 3267 2349 3320 enim
2390 3266 2696 3334 ubicunque
2743 3265 2964 3328 dicitur,
3019 3265 3179 3320 sicuti
3223 3266 3403 3322 nullus

1816 3354 1985 3419 locus,
2038 3357 2110 3409 ita
2152 3371 2312 3410 nemo
2355 3365 2537 3409 rector
2564 3354 2818 3409 Ecclesia:
2861 3369 2928 3408 ex
2972 3353 3116 3427 Petri
3144 3357 3401 3427 aequitate

1812 3443 2073 3514 judicium
2112 3444 2294 3499 ferens
2324 3443 2613 3511 excipitur,
2646 3442 2729 3499 vel
2773 3450 2962 3501 contra
2992 3441 3134 3496 illius
3172 3443 3398 3512 aquita-

1818 3545 1922 3590 tem
1951 3535 2215 3606 judicium
2242 3532 2525 3602 proferens
2565 3531 2997 3589 commendatur.
3025 3531 3094 3585 Et
3123 3532 3247 3600 quia
3279 3532 3396 3586 ubi-

1816 3640 2031 3695 cunque
2056 3624 2177 3679 sine
2206 3623 2313 3677 ulla
2352 3623 2674 3692 exceptione
2697 3637 2801 3676 non
2839 3629 3020 3676 manet
3050 3621 3196 3675 Petri
3232 3623 3399 3691 privi-

1816 3716 2038 3787 legium,
2069 3716 2142 3771 ibi
2166 3728 2231 3769 ex
2266 3714 2446 3783 ipsius
2484 3713 2738 3799 aequitate
2776 3727 2883 3767 non
2923 3710 3098 3766 fertur
3137 3710 3397 3779 judicium

1742 3840 1743 3843 η
1817 3810 2086 3881 prolatum
2119 3807 2471 3862 obaudiemus
2511 3804 2743 3874 jussum,
2774 3805 2856 3858 vel
2890 3805 3211 3875 recipiemus
3250 3804 3398 3875 judi-

1817 3901 1984 3963 cium,
2015 3899 2158 3969 quod
2195 3913 2305 3952 non
2338 3911 2408 3953 ex
2446 3896 2590 3953 Petri
2620 3896 2873 3966 (equitate
2901 3895 3065 3950 fuerit
3104 3895 3395 3966 prolatum,

1817 4007 1883 4046 ac
1923 4006 2019 4061 per
2066 3991 2170 4045 hoc
2219 3988 2387 4058 ipsius
2434 3987 2713 4056 privilegio
2738 3986 2904 4040 fuerit
2930 3986 3285 4047 destitutum?
3324 3986 3402 4042 De

1818 4097 1926 4152 quo
1953 4080 2243 4150 episcopali
2288 4077 2531 4148 judicio,
2581 4077 2709 4147 quid
2760 4077 2969 4133 cunctis
3020 4076 3286 4146 episcopis
3315 4090 3401 4131 se—

1819 4173 2117 4244 quendum,
2149 4180 2206 4225 et
2231 4168 2360 4240 quid
2395 4168 2649 4223 Ecclesia:
2674 4167 2801 4222 [illis
2828 4167 2898 4221 sit
2923 4168 3210 4222 tenendum
3239 4176 3403 4241 atque

1819 4264 2168 4326 servandum,
2215 4263 2407 4316 beatus
2434 4258 2730 4329 Gregorius
2774 4256 3100 4313 sufﬁcienter
3143 4258 3398 4314 inculcat.

1819 4356 1961 4426 Ergo
1982 4354 2169 4422 jubcte
2189 4360 2246 4405 ct
2263 4351 2501 4418 judicate
2528 4349 2808 4420 privilegio
2829 4350 3008 4419 tnagni
3035 4349 3203 4413 Petri,
3246 4348 3401 4417 juxta

143 4450 328 4511 fretum
372 4426 653 4527 quoquam
700 4455 963 4525 dirigere,
1014 4469 1136 4509 cum
1193 4426 1533 4521 apertissime
1577 4449 1717 4505 sacri
1744 4426 2094 4515 1)zequitatis
2128 4444 2248 4511 ejus
2272 4441 2556 4507 judicium,
2581 4455 2702 4509 qua:
2730 4440 2968 4510 jubenda
3018 4449 3075 4495 et
3114 4440 3400 4508 judicanda

140 4549 370 4604 canones
400 4548 673 4610 deliniant,
701 4556 756 4602 et
796 4546 939 4615 leges
963 4544 1277 4606 .lustiniani,
1310 4556 1372 4595 ac
1396 4550 1717 4595 ctctcrorum

141 4636 520 4709 imperatorum
567 4637 952 4694 catholicorum
999 4636 1197 4700 edicta,
1229 4632 1479 4704 qualiter,
1515 4639 1569 4686 et
1617 4640 1737 4702 pro‘

141 4729 350 4797 quibus,
395 4738 451 4786 et
497 4746 529 4784 a
580 4730 775 4800 quibus
809 4727 1003 4783 debeat
1050 4731 1334 4807 episcopus
1372 4722 1631 4792 judicari,
1660 4731 1718 4776 et

142 4829 257 4887 post
285 4821 566 4892 judicium,
597 4821 727 4892 quid
752 4826 809 4874 et
830 4817 1085 4889 qualiter,
1114 4825 1169 4872 et
1194 4831 1290 4887 per
1311 4830 1449 4885 quos
1473 4814 1547 4869 sit
1588 4813 1714 4867 inde

146 4912 440 4979 apostolica:
480 4912 605 4968 Sedi
637 4911 921 4982 agendum,
965 4925 1086 4979 qua:
1130 4924 1235 4963 non
1269 4905 1578 4967 abnuimus,
1621 4901 1715 4956 sed

146 5001 510 5061 incunctanter
556 5022 621 5059 ac
676 5011 1043 5071 competenter
1072 5000 1383 5055 annuimus.
1430 4995 1476 5050 Α
1519 4994 1715 5066 quibus

148 5091 531 5152 definitionibus
571 5091 704 5148 nulli
749 5100 832 5146 est
880 5091 1086 5145 licitum
1131 5089 1351 5145 deviare
1394 5106 1409 5143 :
1456 5088 1601 5158 quia,
1655 5092 1715 5139 ut

146 5194 354 5240 sanctus
387 5184 596 5242 Hilarus
626 5197 767 5256 papa
809 5181 959 5244 dicit,
1007 5196 1028 5231 ι
1064 5181 1178 5236 Non
1208 5180 1386 5236 minus
1415 5179 1468 5233 in
1500 5185 1733 5233 sancta-w

112 5284 257 5326 .rum
308 5276 653 5333 traditionum
701 5269 1029 5340 delinquitur
1076 5270 1402 5335 sanctiones,
1451 5280 1614 5340 quam
1658 5264 1716 5319 in

147 5356 383 5427 injuriam
417 5366 584 5434 ipsius
614 5360 830 5417 Domini
866 5359 1160 5428 prosilitur.
1199 5380 1218 5412 ι

1822 4544 1968 4599 sunt,
2002 4550 2083 4596 ne,
2123 4543 2184 4588 ut
2223 4532 2354 4587 dicit
2382 4533 2500 4600 ejus
2524 4530 2904 4599 Conpostolus,
2945 4531 3263 4599 vituperetur
3305 4533 3405 4583 mi-

1822 4629 2095 4682 nisterium
2120 4635 2346 4679 vestrum
2369 4622 2421 4692 (1
2428 4623 2453 4678 l
2477 4621 2602 4679 Cor.
2626 4618 2721 4690 vt).
2748 4618 2885 4697 Quia
2911 4629 2967 4673 et
2988 4634 3087 4674 nos
3109 4619 3404 4673 secundum

1821 4717 2030 4789 regium
2057 4712 2416 4771 ministerium
2441 4721 2706 4773 nostrum,
2728 4720 2990 4779 quantum
3016 4725 3082 4765 ex
3112 4710 3269 4777 nobis
3296 4717 3406 4770 est,

1818 4811 2071 4879 cupimus
2120 4819 2345 4863 servare
2395 4804 2540 4878 quod
2588 4801 2847 4869 scriptum
2894 4810 3000 4865 est,
3031 4798 3184 4861 Filii,
3212 4798 3410 4851 obedite

1819 4898 2126 4970 parentibus
2170 4894 2358 4955 vestris
2407 4900 2468 4954 in
2520 4891 2739 4947 Domino
2792 4890 3007 4960 (Eph‘es.
3033 4886 3136 4957 vi),
3166 4885 3416 4940 videlicet

1820 4992 1967 5062 qupd
1995 4989 2161 5043 fuerit
2178 4990 2413 5061 jus-sum
2450 4985 2536 5044 vel
2558 4979 2850 5050 judicatum
2881 4996 2911 5034 a
2936 4978 3181 5038 Domino,
3206 4976 3419 5029 dicente

1820 5080 1917 5136 illo
1962 5078 2212 5149 singulis,
2260 5075 2359 5143 qui
2426 5094 2530 5158 pro
2570 5069 2810 5145 patribus
2851 5067 3102 5140 apostolis
3146 5063 3422 5158 bicclesiae,

1818 5172 1934 5226 nati
1961 5178 2088 5224 sunt
2117 5169 2218 5224 lilii
2261 5152 2577 5234 aposiolici
2605 5157 2724 5219 viri,
2753 5157 3025 5225 Tnlautem
3053 5152 3266 5209 audiens
3295 5168 3444 5205 ιιιιιι-⁴

1819 5263 1977 5317 tiabis
1999 5261 2072 5315 eis
2102 5278 2168 5315 ea:
2191 5273 2279 5314 me
2300 5254 2557 5326 (Each.
2588 5247 2690 5320 tu.)
2716 5248 2900 5304 Divina
2924 5247 3118 5319 quippe
3151 5255 3248 5315 nos
3273 5238 3436 5292 lectio

1819 5355 1998 5416 docet,
2023 5351 2150 5420 quia
2181 5361 2290 5406 nec
2321 5356 2524 5414 etiam
2547 5339 2763 5401 Balaam
2792 5338 2923 5399 satis
2949 5344 3225 5434 superquel
3314 5340 3440 5434 rege
