3916 5434
516 344 620 402 895

1469 333 1717 390 CAROLI
1771 332 1975 389 CALVI
2014 331 2443 412 ιῖιιιιωοοιιυιι
2497 333 2706 388 REGIS

3639 343 3724 400 896

515 463 771 516 ²⁴³νθτ⁸¹³⁵
818 451 980 508 bra“
1033 449 1340 518 pemmdﬂi
1401 447 1483 524 Υει
1535 448 1844 517 ειιοιτιιιετί
1892 448 2087 518 Potuit.
2116 452 2161 509 Δ
2193 458 2533 514 convertere,
2585 449 2834 518 quod'in
2882 450 3067 520 quinta
3118 452 3404 507 universali
3452 456 3656 524 synodo,
3699 476 3722 512 ι

515 565 676 622 quam
703 547 844 616 quod
878 563 906 598 ιι
940 542 1165 615 Domino
1194 542 1399 595 audivit
1421 541 1615 609 (Num.
1643 541 1803 608 χιιι).
1874 605 1876 607 _

551 640 664 694 ..θα
697 652 762 692 eo
791 635 933 704 quod
962 633 1016 686 in
1057 632 1252 687 litteris
1281 647 1350 686 ex
1382 631 1600 686 nomine
1626 640 1806 685 vestro
1831 631 1988 686 nobis
2013 631 2098 685 di-

513 728 678 786 rectis
706 726 954 786 habetur,
978 721 1046 777 Ut
1075 723 1310 777 ueniente
1335 721 1625 776 lliucmaro
1653 721 1892 786 Romam,
1925 723 2094 777 veniat

515 825 793 872 accusator
825 814 1064 876 idoneus,
1091 813 1179 882 qui
1209 809 1353 864 nulla
1401 811 1561 880 possit
1611 810 1925 864 auctoritate
1965 809 2118 880 legi-I

515 909 645 961 timo
666 905 858 974 respui,
881 902 1255 965 rescribimus,
1285 900 1410 969 quia
1441 900 1568 954 licet
1599 900 1714 953 haec
1745 900 2120 966 commenda-_

515 999 592 1053 tio
634 995 779 1052 nulla
826 995 897 1049 sit
944 995 1151 1048 ratione
1199 1001 1360 1061 atque
1412 991 1732 1046 auctoritate
1779 989 2014 1052 suffulta,
2045 990 2095 1046 si

513 1089 654 1145 forte
682 1087 824 1157 apud
869 1100 964 1139 vos
1005 1083 1164 1139 exlex
1206 1084 1352 1139 solus
1397 1083 1720 1137 llincmarus
1767 1098 1906 1137 nova
1954 1081 2090 1154 lege,

517 1178 712 1252 priscis
760 1185 868 1230 tam
906 1157 1136 1244 publicis
1167 1188 1330 1244 quam
1376 1172 1759 1228 ecclesiasticis
1801 1173 2095 1238 contraria,

513 1269 628 1328 imo
650 1267 842 1324 ordine
875 1280 1120 1335 novoque
1151 1279 1300 1320 more
1329 1265 1578 1331 habetur,
1605 1271 1666 1317 ut
1698 1264 1910 1318 nonnisi
1942 1280 1973 1318 a
2002 1279 2125 1328 vo-_

525 1361 698 1420 bis-'et
741 1358 929 1414 Romae
959 1358 1134 1412 valeat
1157 1357 1387 1426 iudicari
1418 1371 1516 1424 pro
1547 1356 1630 1410 his
1657 1356 1990 1420 excessibus,
2031 1356 2123 1410 de.

513 1451 709 1520 quibus
760 1451 1028 1505 habentur
1051 1457 1200 1503 certa
1229 1463 1503 1502 sacrorum
1531 1461 1800 1500 canonum
1827 1461 1892 1500 ac
1921 1444 2095 1515 legum

511 1539 755 1599 decreta,
792 1553 932 1606 qua},
979 1547 1040 1591 ut
1081 1538 1192 1592 Leo
1221 1537 1372 1600 dicit,
1426 1535 1572 1590 nulla
1618 1545 1840 1604 possunt
1885 1534 2120 1590 ratione.

515 1628 770 1692 convelli,
795 1645 918 1684 cum
943 1629 1106 1682 etiam
1132 1629 1199 1683 de
1225 1643 1386 1682 causa
1423 1628 1564 1690 Iidei,
1597 1635 1654 1681 ut
1676 1627 1798 1680 dicit
1827 1625 2095 1690 Gelasius,

517 1719 822 1789 cuicunque
856 1719 1096 1789 pontiﬁci
1141 1719 1319 1784 liceat,
1349 1719 1642 1774 secundum
1670 1717 1906 1787 regulam
1941 1731 2096 1771 erro-

2117 605 2122 610 _
2191 541 2318 596 sede
2345 541 2662 610 apostolica,
2692 549 2750 594 ut
2792 541 2845 595 in
2894 529 3200 612 apostolicis
3241 542 3455 607 litteris,
3497 550 3726 618 praecipue

2194 640 2371 698 autem
2408 632 2462 685 in
2497 631 2755 708 synodica
2799 631 2936 686 beati
2969 629 3214 701 Gregorii
3241 631 3308 686 ad
3348 642 3574 702 quatuor
3597 641 3712 706 patri

2193 720 2406 783 archas,
2437 728 2492 774 et
2520 720 2574 774 in
2619 719 2738 774 aliis
2766 717 2884 786 ejus
2920 721 3180 790 epistolis,
3222 737 3327 777 una
3365 738 3487 777 cum
3533 736 3730 794 quatuor

2191 811 2617 880 prarcedentibus
2674 811 2905 881 legimus
2965 811 3326 867 collaudatum
3375 822 3539 883 atque
3579 833 3728 873 susce-

2192 910 2364 975 ptum,
2383 901 2653 955 invenitur
2674 902 2827 956 nobis
2854 903 3160 956 tenendum.
3188 902 3340 968 Quod
3363 903 3540 959 adhuc
3565 911 3732 964 nostris

2193 991 2388 1046 litteris
2413 992 2480 1046 ad
2509 991 2812 1060 exemplum
2841 991 3079 1046 inserere
3103 991 3395 1056 noluimus,
3425 993 3590 1048 donec
3615 997 3729 1052 scia-

2195 1097 2334 1145 mus,
2364 1081 2407 1138 si
2439 1081 2693 1136 duritiam
2739 1081 3110 1135 mandatorum
3146 1093 3453 1137 vestrorum
3498 1099 3618 1155 erga
3656 1103 3740 1142 nos

2195 1175 2353 1231 aliter
2395 1176 2460 1230 ad
2513 1176 2895 1245 benignitatem
2948 1177 3219 1230 inﬂectere
3263 1178 3601 1246 poterimus:
3633 1183 3736 1250 quia

2195 1268 2425 1337 quodex
2458 1268 2766 1336 apostolicae
2794 1268 2935 1322 sedis
2967 1269 3202 1333 nomine,
3236 1270 3535 1324 secundum
3564 1283 3736 1328 sancta.

2197 1377 2316 1414 runt
2348 1359 2751 1430 Scripturarum
2783 1347 3624 1436 tramitem,przedicationemque
3646 1385 3734 1422 ma-

2191 1454 2393 1525 jorum,
2426 1462 2480 1508 et
2521 1455 2942 1508 ortbodoxorutn
2979 1456 3191 1510 decreta
3231 1447 3514 1522 scribitur,
3545 1474 3735 1529 sequen-

2197 1547 2322 1600 dum
2353 1555 2410 1600 et
2458 1546 2751 1601 tenendum
2786 1562 2890 1601 non
2922 1547 3255 1616 ignoramus,
3285 1557 3341 1602 et
3387 1550 3532 1618 quod
3559 1566 3734 1604 secus:

2197 1651 2469 1704 quoquam
2496 1635 2659 1690 fuerit
2683 1637 3028 1704 compilatum
3061 1636 3173 1691 sive
3196 1638 3516 1704 eonﬁctum,
3550 1655 3644 1694 non
3670 1657 3736 1694 so-

2199 1726 2306 1782 lum
2348 1727 2728 1795 respuendum,
2756 1729 2849 1782 sed
2887 1738 2942 1782 et
2983 1729 3411 1798 redarguendum
3444 1745 3561 1784 esse
3582 1746 3736 1799 cogno

515 1813 596 1870 ris
615 1822 740 1866 ante
759 1811 1017 1874 damnati,
1041 1812 1334 1881 quemlibet
1357 1828 1386 1864 a
1408 1810 1673 1866 catholica
1712 1809 2094 1865 communione
2122 1811 2169 1870 B
2201 1816 2424 1871 scimus.
2477 1815 2533 1869 Si
2562 1816 2794 1886 denique
2820 1815 2976 1872 aliter
2993 1833 3153 1887 quam
3179 1833 3273 1872 nos
3293 1827 3349 1872 et
3373 1833 3475 1872 vos
3502 1820 3734 1884 decuerat,

516 1907 846 1962 discernere.
879 1906 945 1960 Et
973 1921 1073 1976 ego
1106 1906 1176 1960 ita
1205 1921 1395 1960 exsors
1423 1905 1490 1959 ab
1519 1901 1771 1958 omnibus
1799 1899 2125 1972 accusation

517 1997 696 2063 nibus,
737 2013 841 2052 non
883 1995 1053 2051 solum
1076 1997 1143 2052 ab
1174 1997 1282 2059 his,“
1305 1997 1499 2064 quibus
1523 1994 1854 2065 legaliter'et
1884 1991 2116 2062 regula--

517 2088 653 2142 riter
679 2087 966 2143 accusandi
990 2087 1248 2141 adversus
1273 2087 1506 2156 scipsum
1531 2085 1827 2155 denegatur
1851 2083 2094 2148 licentia,
2117 2109 2123 2118 -

517 2194 705 2234 verum
735 2188 790 2233 et
821 2180 890 2233 ab
917 2180 1022 2242 his,
1046 2179 1241 2248 quibus
1271 2179 1322 2232 in
1356 2177 1587 2247 propriis
1614 2175 1796 2232 causis
1821 2175 2099 2232 accusatio

519 2288 624 2326 non
666 2281 913 2339 negatur,
961 2280 1019 2325 ut
1065 2272 1205 2326 sicut
1245 2270 1390 2340 leges
1433 2278 1488 2323 et
1535 2267 1732 2339 regulze
1773 2266 1993 2336 iubent,
2038 2267 2096 2322 in

516 2363 792 2432 provincia
832 2362 884 2416 in
933 2377 1037 2430 qua
1084 2369 1207 2415 sunt
1251 2369 1369 2416 orta
1418 2359 1630 2429 negotia
1677 2358 1954 2414 terminari
1985 2373 2094 2411 non

519 2452 752 2517 valeant,
781 2461 833 2505 et
865 2452 1157 2506 secundum
1195 2451 1558 2506 Antiochenos
1591 2465 1846 2514 canones,
1877 2451 2098 2520 provin-

515 2542 733 2598 cialium
789 2543 1111 2614 synodortnn
1143 2557 1246 2596 non
1285 2543 1519 2599 debeant
1563 2542 1798 2613 experiri
1839 2556 2120 2609 examen,-

517 2635 562 2689 si
587 2633 742 2688 nobis
767 2636 904 2698 vias,
930 2650 1053 2689 cum
1082 2635 1358 2689 voluntate
1379 2641 1433 2688 et
1458 2648 1723 2690 consensu
1757 2633 2118 2690 dilectissimi

521 2723 729 2792 nepotis
769 2724 934 2777 nostri
961 2723 1305 2792 imperatoris
1330 2724 1521 2786 vestri,
1547 2730 1736 2777 contra
1766 2720 1921 2790 cujus
1959 2720 2096 2777 dile-

517 2811 753 2883 ctionem
777 2819 832 2864 et
863 2811 1098 2865 debitum
1137 2811 1415 2876 honorem,
1453 2810 1499 2866 si
1539 2818 1718 2865 tanton
1749 2819 1987 2864 mutuam
2013 2809 2098 2864 di-

517 2898 802 2955 lectionem
854 2909 910 2953 et
962 2913 1260 2972 congruum
1311 2901 1572 2955 honorem
1631 2900 1787 2955 nobis
1834 2900 2096 2956 exhibere

517 2989 802 3051 studuerit,
835 2988 958 3043 illuc
994 2990 1074 3044 ire
1116 3005 1222 3043 non
1263 2989 1533 3053 volumus,
1574 2989 1949 3057 obtinueritis,
1998 3005 2094 3046 co-

519 3085 778 3146 operante
805 3070 1212 3149 Domino,'paee
1237 3079 1291 3134 in
1323 3095 1492 3148 regno
1514 3089 1700 3136 nostro
1726 3089 1914 3136 contra
1936 3096 2095 3152 paga-

517 3183 617 3222 nos
645 3167 844 3222 virtute
872 3170 954 3222 vel
981 3181 1304 3240 quacunque
1321 3171 1680 3240 dispositione
1705 3171 1801 3226 Dei
1844 3172 2086 3238 obtenta,
2116 3157 2169 3218 Ο

521 3259 746 3319 Romam
774 3261 957 3316 venire
981 3277 1218 3332 congruo
1247 3271 1486 3333 tempore
1513 3279 1621 3318 non
1654 3263 1981 3319 differemus.
2025 3264 2092 3318 Et

516 3350 642 3421 quia
666 3350 816 3405 illum
839 3351 1085 3422 legaliter
1107 3361 1202 3406 aut
1230 3354 1551 3422 regulariter
1574 3353 1627 3409 in
1656 3354 1860 3424 synodo
1880 3355 2091 3423 episco-

517 3455 707 3511 porum
759 3443 1112 3513 plurimarum
1161 3446 1556 3515 provinciarum
1594 3447 1662 3501 de
1705 3447 1870 3500 certis
1913 3446 2099 3501 causis

515 3535 911 3601 accusavimus,
939 3535 1192 3591 idoneum
1223 3553 1324 3592 nos
1347 3546 1715 3591 accusatorem
1739 3537 1882 3592 illius
1905 3546 2089 3594 esten-

516 3625 724 3690 demus,
756 3634 810 3681 et
837 3635 1015 3681 tantos
1050 3636 1218 3682 testes
1271 3629 1492 3682 idoneos
1529 3628 1724 3682 diversi
1776 3627 1982 3683 ordinis
2024 3643 2120 3682 ac

515 3716 794 3784 dignitatis
837 3719 1119 3772 nobiscum
1157 3718 1440 3781 ducemus,
1469 3732 1589 3771 cum
1619 3717 1814 3785 quibus
1857 3731 1981 3771 eum
2011 3717 2082 3771 le-

513 3809 705 3879 galiter
742 3825 805 3864 ac
846 3811 1164 3879 regulariter
1192 3824 1290 3864 nos
1320 3823 1611 3864 accusasse
1631 3817 1686 3864 et
1711 3808 2092 3879 comprobasse

512 3889 965 3956 suﬁieientissime
993 3900 1488 3967 cotnprobabimus.
2113 3967 2117 3972 Ι

549 4021 552 4024 -
584 3989 847 4056 Tandem,
872 3992 999 4061 quia
1025 4006 1118 4046 vos
1159 4006 1264 4046 non
1297 3986 1491 4064 legisse
1516 3990 1600 4046 vel
1627 3990 1840 4048 audisse
1877 3991 2092 4062 collegi-

345 4155 349 4162 .
424 4117 436 4123 --
513 4095 633 4133 mus
658 4094 726 4133 ex
776 4079 969 4134 litteris
996 4082 1063 4133 ab
1093 4080 1324 4135 Actardo
1375 4081 1628 4151 episcopo
1668 4081 1824 4136 nobis
1870 4081 2094 4149 delatis,

511 4184 632 4238 inite
656 4178 816 4222 antea
855 4186 948 4239 per
978 4171 1125 4224 illum
1173 4171 1488 4240 paternitati
1529 4181 1723 4235 vestra:
1769 4174 2088 4240 direximus,

513 4262 710 4314 iterato
734 4261 1022 4316 scribimus
1050 4277 1111 4316 ea
1149 4277 1268 4331 quae
1307 4271 1436 4318 tunc
1463 4264 1876 4332 scripseramus,
1906 4265 2095 4336 depre-

509 4360 695 4406 cantes
721 4366 814 4406 vos
845 4352 896 4406 in
941 4353 1327 4421 omnipotentis
1373 4354 1466 4408 Dei
1514 4354 1740 4417 honore.
1771 4364 1827 4409 et
1873 4365 2090 4411 sancto-

510 4457 628 4495 rum
661 4439 1021 4510 apostolorum
1063 4445 1434 4506 veneratione,
1462 4452 1521 4497 ut
1555 4443 1695 4498 tales
1717 4443 2104 4500 inhonoration'

2200 1905 2651 1970 reverentissimte
2686 1907 2998 1975 paternitati
3038 1916 3231 1962 vestra:
3266 1909 3630 1973 rescribendo,
3677 1909 3738 1962 la—

2196 2005 2323 2052 ctus
2337 2009 2457 2050 sum
2486 1994 2882 2065 inslpiens,vos
2911 2011 2996 2052 me
3022 1997 3291 2068 coegistis.
3320 1997 3568 2052 Petimus
3593 2010 3738 2051 autem

2196 2088 2620 2158 omnipotentem
2662 2088 2948 2145 Dominum
2989 2097 3049 2144 ut
3093 2089 3317 2158 inspiret
3382 2090 3537 2144 cordi
3595 2101 3736 2144 vestro

2195 2179 2274 2234 sic
2325 2193 2426 2234 nos
2465 2179 2697 2250 benigne
2738 2187 2987 2242 tractare,
3038 2188 3305 2248 quatenus
3358 2180 3592 2234 ulterius
3619 2182 3736 2234 nobis

2196 2283 2306 2323 non
2329 2267 2398 2323 sit
2422 2283 2644 2324 necesse
2665 2269 2818 2324 vobis
2839 2269 2908 2322 ita
2927 2269 3248 2333 rescribere,
3269 2271 3386 2332 sed,
3422 2271 3734 2340 ut'cupimus,

2195 2356 2252 2411 in
2302 2358 2650 2413 veneratione
2707 2358 3101 2429 apostolorum,
3151 2360 3459 2430 apostolico
3508 2364 3736 2432 pontiﬁcio

2193 2457 2376 2502 vestro
2399 2447 2676 2504 humiliter
2699 2465 2764 2504 ac
2784 2449 2975 2506 devote
3001 2450 3136 2506 colla
3159 2460 3215 2506 et
3241 2453 3409 2508 corda
3434 2454 3732 2508 submittere.

2194 2538 2337 2595 Deus
2363 2541 2704 2610 omnipotens
2730 2541 2797 2597 ad
2830 2543 3087 2597 honorem
3129 2551 3183 2597 et
3225 2541 3584 2604 salvationem
3609 2554 3734 2612 atque

2193 2629 2576 2688 exaltationem
2621 2640 2824 2688 sancta:
2865 2647 2977 2688 suae
3029 2632 3278 2689 Ecclesiae
3308 2649 3407 2689 vos
3461 2649 3557 2704 per
3597 2636 3729 2688 multa

2195 2737 2464 2776 annorum
2517 2722 2789 2779 curricula
2848 2739 3172 2781 conservare
3216 2726 3501 2796 dignetur,
3552 2727 3731 2781 Domine

2195 2815 2536 2872 sanctissime
2555 2823 2615 2871 et
2638 2816 3076 2873 reverentissime
3101 2825 3255 2886 pater
3287 2818 3344 2872 in
3373 2816 3624 2875 Domino.

2717 2943 3125 3001 EPISTOLA
3161 2945 3244 3000 IX

2800 3051 2868 3090 an
2901 3051 3144 3102 EUIIDEI,

2444 3121 2644 3178 Eodem
2676 3134 2904 3195 tempore
2941 3126 3100 3179 missa
3126 3143 3228 3196 quo
3262 3129 3513 3197 superior

2547 3233 2649 3307 [Ex
2678 3233 2814 3305 Opp.
2845 3233 3078 3300 “incon,
3119 3249 3240 3306 pag.
3273 3235 3427 3308 7l6.]

2265 3348 2623 3404 Sanctissitno
2647 3363 2710 3403 ac
2740 3348 3177 3403 reverentissimo
3195 3348 3343 3402 Patri
3367 3349 3606 3404 Adriano
3622 3367 3734 3405 sam-

2195 3419 2288 3495 ιιἰο
2309 3439 2568 3509 pontiﬁci,
2591 3437 2646 3493 et
2669 3424 2956 3494 universali
2983 3442 3154 3508 papae,
3173 3438 3428 3496 Caaows
3470 3443 3565 3498 Dei
3598 3443 3734 3512 gratia

2193 3545 2291 3584 rex
2313 3538 2368 3582 et
2398 3528 2691 3598 spiritualis
2723 3529 2869 3583 [ilius-
2901 3538 3096 3582 vester.

2233 3683 2236 3686 Α
2264 3619 2400 3686 Quia
2432 3619 2632 3674 litteris
2651 3635 2724 3674 ex
2741 3619 2957 3674 nomine
2987 3629 3186 3675 sanctae
3212 3624 3559 3690 paternitatis
3577 3633 3733 3677 vestr:

2194 3709 2262 3764 ab
2291 3711 2524 3764 Actardo
2570 3709 2862 3765 venerabili
2905 3711 3312 3780 archiepiscopo
3356 3716 3516 3768 nobis
3562 3713 3732 3774 delatis,

2195 3800 2514 3854 necessitate
2553 3808 2799 3869 cogente,
2840 3799 3100 3868 prolixius
3140 3803 3476 3880 respondere
3516 3802 3732 3872 compulsi

2192 3905 2398 3952 sumus,
2449 3899 2637 3944 contra
2679 3906 2882 3959 morem
2915 3901 3158 3945 nostrum
3215 3893 3269 3948 in
3321 3895 3734 3964 quaterniuuculo

2193 3981 2391 4034 atninlo
2419 3990 2601 4035 nostro
2631 3981 2842 4051 signato
2877 3981 3283 4049 responsionem
3338 3994 3577 4038 nostram
3624 3983 3731 4036 scri-

2193 4069 2324 4123 bere
2376 4069 2740 4124 necessarium
2791 4068 3061 4134 duximus,
3111 4079 3380 4139 quatenus
3411 4073 3515 4144 legi
3559 4073 3734 4143 planius

2191 4158 2390 4222 valeat,
2424 4167 2478 4212 et
2498 4174 2618 4228 qua:
2641 4159 2795 4214 vobis
2828 4160 2967 4214 ratio
2993 4161 3317 4229 respondere
3343 4164 3542 4236 coegit,
3572 4163 3734 4234 legenti

2190 4248 2400 4319 plenius
2468 4249 2826 4304 innotescant.
2893 4251 3062 4318 Quam
3119 4254 3531 4320 responsionem
3581 4263 3731 4308 sancta

2191 4341 2492 4409 paternitas
2521 4350 2706 4396 vestra
2737 4357 2840 4395 non
2880 4352 3254 4411 aspernanter,
3284 4345 3379 4398 sed
3420 4345 3638 4416 benigne
3665 4359 3731 4398 su-

2192 4432 2405 4502 scipiat,
2422 4446 2542 4500 quae
2564 4447 2593 4484 a
2621 4431 2778 4486 nobis
2801 4447 2906 4485 non
2929 4441 3013 4486 est
3037 4434 3452 4498 contumaciter,
3467 4435 3560 4488 sed
3587 4442 3731 4486 inelite

508 4532 593 4584 nis
622 4541 817 4587 nostra:
856 4532 1136 4602 epistolas,
1165 4533 1400 4604 taliaque
1427 4534 1703 4599 mandata,
1730 4535 1869 4589 sicut
1897 4536 2076 4592 hacte-

2194 4523 2432 4591 pacitica,
2466 4532 2524 4577 ut
2544 4522 2594 4576 in
2618 4522 2806 4577 eodem
2833 4524 3278 4592 quaterniunculo
3305 4526 3606 4587 invenietis.
3626 4540 3728 4579 con-

507 4637 610 4674 nus
655 4636 723 4675 ex
767 4622 983 4676 nomine
1025 4631 1208 4678 vestro
1253 4623 1614 4694 suscepimus,
1643 4623 1798 4678 nobis
1835 4632 1890 4678 et
1935 4624 2105 4694 regni.

497 4715 678 4767 nostri
701 4714 968 4784 episcopis
1001 4729 1065 4769 ac
1092 4714 1420 4785 primoribus
1445 4715 1512 4770 de
1556 4710 1756 4770 cancro
1802 4731 1906 4770 non
1936 4731 2105 4772 man-.

503 4807 676 4872 detis,
719 4816 773 4862 et
815 4823 919 4861 non
962 4808 1301 4878 compellatis
1330 4823 1430 4863 nos
1465 4808 1719 4863 mandata
1745 4816 1800 4862 et
1828 4807 2086 4878 epistolas

504 4907 716 4952 vestras
746 4899 1146 4953 inhonorandas
1175 4907 1542 4963 con-temnere,
1575 4907 1632 4954 et
1658 4899 1850 4953 missos
1878 4906 2086 4953 vestros

503 4986 866 5051 dehonorare,
891 4987 982 5055 qui
1009 4987 1177 5052 vobis,
1212 4989 1266 5042 in
1296 4988 1382 5042 his
1407 5003 1527 5058 qua:
1557 4988 1623 5041 ad
1651 4996 1888 5042 vestrum
1925 4987 2085 5042 ruini-

501 5079 726 5133 sterium
767 5079 1060 5147 pertinent,
1105 5080 1150 5134 si
1192 5090 1371 5135 tamen
1416 5080 1772 5142 ministerium
1817 5088 2080 5146 vestrum,

502 5168 746 5204 munimine
777 5167 1147 5204 nhlommmm
1209 5168 1338 5204 ίὶιιω
1383 5184 1482 5204 nm
1508 5170 1676 5204 νειαθηί
1727 5170 1934 5204 'snnnm
1974 5170 2103 5204 nni--

2191 4621 2360 4667 tcxta.
2393 4612 2757 4681 Deprecamur
2783 4623 2962 4666 autem
3007 4629 3101 4667 vos
3151 4614 3206 4667 in
3258 4617 3633 4686 omnipotentis
3658 4612 3728 4666 Dei

2190 4703 2414 4768 honore,
2446 4714 2501 4778 et
2527 4713 2836 4757 sanctorum
2877 4703 3240 4773 apostolorum
3287 4707 3642 4768 veneratione,
3686 4713 3731 4754 ut

2191 4795 2326 4850 tales
2355 4796 2783 4850 inhonorationis
2809 4806 3008 4851 nostra:
3044 4797 3329 4866 epistolas,
3351 4797 3577 4866 taliaque
3603 4811 3724 4850 man-

2191 4890 2337 4953 data,
2363 4889 2503 4943 sicut
2529 4887 2790 4943 hactenus
2824 4905 2891 4943 ex
2926 4891 3142 4944 nomine
3188 4898 3372 4944 vestro
3408 4877 3725 4959 SuscepimuS.

2191 4979 2344 5033 nobis
2373 4991 2428 5034 et
2475 4979 2623 5050 regni
2675 4980 2843 5034 nostri
2896 4981 3160 5049 episcopis
3210 4996 3274 5034 ac
3328 4981 3640 5050 primoribus
3676 4978 3726 5028 de

2189 5080 2384 5124 czetero
2410 5086 2514 5124 non
2555 5069 2853 5144 mandetis.
2903 5071 3008 5126 Sed
3059 5069 3219 5125 liceat
3269 5071 3428 5125 nobis
3472 5068 3724 5141 apostolico

2187 5161 2463 5204 nnntilinin
2491 5170 2670 5204 νρςιιοη
2722 5160 2773 5200 in
2807 5160 3149 5204 vmmralimm
3197 5160 3308 5204 Dei-
3356 5171 3408 5204 9t
3454 5168 3722 5204 sanctarum
