3916 5434
1083 331 1575 391 PROCLAMATIO
1614 329 1978 386 ADVERSUS
2014 332 2456 393 WENILONEM.

175 460 3400 486 HF—ww

1047 591 1537 673 LIBELLUS
1618 592 2519 672 PROCLAMATIONIS

1412 759 1631 827 suum
1658 766 1908 845 canon
1944 767 2147 823 REGIS

672 926 1085 991 ADVERSUS
1136 921 1641 987 WENILONEM
1696 919 2392 981 ARCHIEPISCOPUM
2449 920 2876 998 SENONUM,

228 1096 465 1160 Electis
490 1087 1145 1172 judicibusitemigio
1184 1080 1744 1172 Lugdunensium,
1772 1080 2059 1172 Herardo
2094 1085 2529 1172 Turonorum,
2562 1089 2908 1172 Weniloni
2931 1090 3408 1172 Rothomagene

146 1178 345 1249 sium,
377 1182 440 1236 et
470 1163 1130 1250 ﬁodulfoBiturigum
1153 1163 1701 1250 Διιι-(ξῇἱιθρὶείξορὶξέ
1728 1163 1793 1219 in
1817 1167 2033 1250 sancta
2064 1163 2693 1250 synododuodecim
2733 1168 3210 1250 provinciarum
3237 1163 3406 1250 apud

146 1237 521 1316 'l‘ulle'nsem
560 1248 945 1330 parochiam,
970 1237 1033 1330 itu
1068 1237 1444 1330 suburbano
1472 1237 1970 1330 ejusdemurbis
2002 1237 2177 1317 quod
2212 1240 2452 1330 dicitur
2480 1237 2884 1324 Saponarias,
2912 1237 3405 1330 proiiciaipsius

154 1350 343 1412 manu
402 1318 733 1412 porrectus
787 1341 956 1388 anno
992 1320 1452 1384 incarnationis
1521 1318 1783 1376 Domini
1843 1334 2108 1377 ncccux
2142 1362 2159 1389 ,
2217 1318 2577 1388 indictione
2634 1344 2718 1387 vn
2751 1371 2767 1401 ,
2836 1318 2995 1386 xvur
3030 1318 3043 1326 ’
3080 1318 3403 1389 Kalendas

150 1411 378 1472 Iulias.

213 1704 351 1769 Quia
395 1702 534 1758 sicut
562 1701 693 1757 dicit
717 1708 938 1755 sanctus
970 1696 1281 1769 Gregorius,
1319 1704 1373 1751 et
1399 1709 1464 1750 ex
1494 1707 1728 1749 consue-

142 1795 329 1848 tudine
355 1794 555 1848 olitana
586 1804 612 1832 ει
642 1790 985 1862 cognoscitis,
1014 1789 1066 1842 in
1096 1788 1424 1841 Francorum
1452 1799 1618 1854 regno
1644 1799 1729 1837 re-

1755 1603 1810 1663 Α

1900 1686 2141 1759 Denique
2162 1678 2283 1745 cum
2312 1691 2602 1748 seditiones
2627 1695 2679 1749 in
2708 1710 2876 1766 regno
2902 1705 3087 1752 nostro
3112 1712 3211 1767 per
3230 1697 3410 1753 homi-

1830 1793 1927 1833 nes
1978 1779 2335 1837 irreverentes
2379 1795 2660 1852 coeperunt
2712 1786 3076 1851 crebrescere,
3142 1774 3411 1843 consensu

144 1899 235 1955 ges
260 1898 328 1937 ex
359 1896 557 1953 genere
602 1881 889 1951 prodeunt,
921 1879 1050 1931 mihi
1081 1893 1111 1931 a
1147 1877 1345 1931 domno
1388 1884 1445 1929 et
1485 1874 1730 1944 genitore
1826 1868 2221 1936 episcoporum,
2246 1886 2311 1924 ac
2330 1882 2647 1926 caeterorum
2678 1873 2914 1929 ﬁdelium
2935 1886 3272 1944 nostrorum,
3295 1877 3410 1933 chi-

147 1990 283 2037 meo,
324 1973 431 2043 pia:
478 1971 753 2026 memoria:
808 1968 1081 2023 Ludovico
1128 1968 1388 2036 Augusto,
1420 1979 1547 2036 pars
1577 1963 1727 2033 regni

148 2067 281 2119 inter
312 2065 511 2120 fratres
547 2078 695 2141 meos
732 2077 887 2133 reges
922 2061 1103 2115 divina
1134 2058 1483 2128 dispositione
1507 2065 1589 2111 est
1614 2065 1725 2111 tra-

147 2157 271 2209 dita.
300 2156 357 2209 ln
379 2172 484 2225 qua
513 2165 664 2226 parte
694 2154 842 2223 regni
868 2154 1094 2207 vacabat
1120 2160 1245 2206 tunc
1271 2159 1491 2220 pastore
1522 2150 1721 2203 metro-

148 2246 276 2312 polis
307 2244 604 2310 Seuonum,
636 2259 797 2314 quam
842 2244 996 2314 juxta
1041 2242 1483 2296 consuetudinem
1514 2240 1723 2310 praede-

145 2348 417 2387 cessorum
447 2350 692 2389 meorum
713 2332 984 2388 Weniloni
1010 2340 1139 2385 tunc
1161 2330 1357 2385 clerico
1381 2344 1521 2392 meo,
1552 2328 1606 2382 in
1635 2343 1726 2383 ca-

139 2424 278 2492 pella
309 2437 431 2478 mea
458 2424 590 2477 mihi
648 2422 924 2486 servienti,
967 2420 1061 2489 qui
1087 2434 1237 2474 more
1265 2418 1419 2473 liberi
1454 2418 1634 2473 clerici
1666 2432 1724 2472 se

146 2514 272 2568 mihi
297 2514 794 2578 commendaverat,
820 2522 876 2568 et
902 2512 1208 2567 ﬁdelitatem
1232 2518 1569 2565 sacramento
1599 2523 1724 2578 pro—

143 2603 388 2668 miserat,
416 2617 683 2659 consensu
714 2616 990 2657 sacrorqu
1010 2601 1385 2670 episcoporum
1417 2598 1582 2669 ipsius
1611 2612 1723 2651 me-

140 2694 366 2763 tropolis
396 2696 462 2748 ad
488 2694 893 2765 gubernandum
930 2690 1199 2755 commisi,
1242 2698 1299 2744 et
1343 2688 1484 2759 apud
1511 2687 1720 2758 episco-

140 2799 257 2852 pos,
291 2793 553 2855 quantum
579 2800 648 2839 ex
686 2798 773 2839 me
813 2783 935 2849 fuit,
963 2790 1023 2837 ut
1058 2797 1183 2838 eum
1210 2780 1410 2835 ibidem
1456 2777 1723 2849 archiepi-

142 2888 364 2943 scopum
389 2876 707 2931 ordinarent
727 2873 963 2929 obtinui.

902 2983 966 3039 Il.

205 3097 337 3154 Post
365 3099 484 3156 haec
534 3100 602 3155 de
628 3097 890 3156 divisione
929 3099 1083 3172 regni
1127 3098 1271 3155 inter
1303 3114 1392 3155 me
1432 3109 1488 3154 et
1525 3092 1722 3153 tratres

142 3208 310 3257 meos,
351 3194 490 3247 ratio
512 3202 597 3248 est
624 3200 812 3247 exorta
845 3191 1149 3254 notissima,
1172 3189 1312 3244 unde
1334 3198 1544 3259 partem
1586 3187 1720 3241 divi-

139 3281 309 3336 sionis
352 3297 473 3336 cum
519 3285 741 3346 mutuis,
790 3282 992 3336 nostris
1037 3279 1258 3341 scilicet,
1305 3288 1720 3346 nostrorumque

140 3370 379 3426 ﬁdelium
402 3374 776 3434 sacramentis,
806 3372 945 3426 sicut
973 3371 1135 3426 etiam
1162 3369 1428 3438 primores
1461 3367 1609 3437 regni
1640 3376 1721 3420 to-

140 3462 245 3516 tius
283 3464 624 3529 invenerant,
656 3464 942 3519 tenendam
974 3471 1027 3515 et
1049 3459 1452 3532 gubernandam
1485 3459 1715 3527 suscepi.

140 3552 311 3619 Quam
340 3556 655 3610 divisionem
679 3555 821 3609 inter
842 3568 927 3608 me
951 3562 1007 3607 et
1026 3551 1224 3606 fratres
1250 3566 1403 3604 meos
1425 3549 1492 3604 de
1521 3557 1719 3603 cancro

139 3657 171 3696 a
205 3658 295 3697 me
326 3644 756 3700 substantialiter
781 3644 1090 3706 tenendam,
1136 3642 1275 3696 sicut
1304 3649 1358 3696 et
1382 3640 1492 3704 alii,
1522 3639 1611 3707 qui
1646 3638 1717 3693 ibi

136 3735 428 3789 adfuerunt
471 3735 731 3805 episcopi.
774 3734 987 3789 Wenilo
1023 3733 1154 3787 mihi
1185 3730 1546 3799 fratribusque
1584 3730 1718 3784 meis

134 3825 354 3893 propria
377 3840 537 3879 manu
571 3822 775 3892 juravit
809 3841 823 3877 :
852 3821 1049 3878 Pacem
1091 3823 1251 3875 etiam
1282 3830 1337 3874 et
1359 3829 1602 3873 mutuum
1624 3819 1718 3872 ad-

126 3912 393 3980 jutorium
419 3914 566 3968 inter
594 3930 679 3969 me
705 3923 761 3969 et
789 3912 1070 3983 praefatum
1111 3913 1338 3967 fratrem
1383 3910 1718 3967 Ludovicum

134 4002 353 4059 Wenilo
377 4012 719 4060 sacramento
746 4003 1001 4058 ﬁrmavit.

162 4260 167 4263 -
202 4227 316 4283 Sed
345 4238 399 4283 et
427 4236 548 4298 post
575 4228 695 4294 hoc,
720 4229 982 4284 electione
1004 4243 1123 4292 sua,
1146 4227 1483 4298 aliorumque
1512 4228 1716 4298 episco-

131 4332 349 4387 porum,
383 4334 446 4372 ac
476 4328 793 4373 caeterorum
839 4317 1072 4372 ﬁdelium
1125 4318 1272 4387 regni
1319 4319 1486 4374 nostri
1527 4317 1713 4372 volun-
1741 4299 1786 4362 C-

135 4417 261 4468 tate,
297 4422 563 4463 consensu
593 4416 647 4462 et
678 4408 1085 4472 acclamatione,
1129 4408 1399 4479 cumaliis
1441 4409 1713 4479 archiepi-

134 4499 314 4567 scopis
345 4510 399 4554 et
424 4499 692 4569 episcopis
720 4484 935 4552 Wenilo
958 4499 1011 4552 in
1040 4498 1259 4553 dioecesi
1293 4513 1411 4560 sua,
1440 4499 1580 4567 apud
1602 4499 1711 4561 Au-

134 4590 357 4646 relianis
382 4592 680 4654 civitatem,
711 4590 765 4643 in
797 4589 1018 4644 basilica
1044 4599 1245 4644 sancta:
1273 4589 1481 4654 Crucis,
1515 4605 1599 4644 me
1623 4606 1712 4644 se-

133 4680 368 4733 cundum
398 4680 743 4734 traditionem
764 4679 1188 4734 ecclesiasticam
1214 4695 1392 4749 regem
1423 4695 1713 4734 consecra-

133 4769 230 4829 vit,
259 4770 387 4824 etin
423 4771 571 4839 regni
607 4769 870 4838 regimine
921 4770 1212 4825 chrismate
1257 4784 1412 4824 sacro
1440 4770 1713 4839 perunxit,

133 4870 186 4912 et
211 4858 530 4929 diademate,
577 4868 739 4927 atque
765 4859 914 4928 regni
954 4872 1167 4932 sceptro
1196 4860 1251 4914 in
1285 4862 1433 4932 regni
1465 4861 1599 4916 solio
1626 4878 1717 4915 su-

133 4951 578 5023 blimavit.Aqua
606 4952 1037 5018 consecratione,
1072 4953 1153 5007 vel
1182 4952 1333 5022 regni
1361 4951 1711 5016 sublimitate,

134 5039 464 5110 supplantari
485 5042 570 5098 vel
597 5042 788 5111 projici
812 5057 842 5094 a
872 5042 1015 5097 nullo
1040 5045 1353 5107 debueram,
1384 5045 1572 5099 saltem
1600 5045 1717 5099 sine

133 5135 403 5190 audientis
433 5147 485 5193 et
516 5134 729 5208 judicio
760 5135 1149 5204 episcoporum,
1202 5150 1429 5204 quorum
1468 5138 1714 5195 ministec

132 5226 214 5279 rio
247 5226 300 5278 in
330 5240 501 5298 regem
524 5241 650 5282 sum
676 5234 1041 5292 consecratus,
1072 5235 1126 5280 et
1149 5227 1243 5294 qui
1269 5227 1448 5283 throni
1474 5229 1567 5283 Dei
1589 5238 1718 5285 sunt

130 5313 284 5377 dicti,
304 5315 359 5368 in
386 5321 584 5382 quibus
612 5314 755 5368 Deus
777 5313 943 5377 sedet,
970 5326 1025 5370 et
1047 5332 1143 5382 per
1163 5331 1302 5382 quos
1332 5334 1428 5374 sua
1476 5321 1717 5376 decernit

1746 2940 1797 3002 B

1829 1958 2153 2027 rographum
2184 1959 2413 2015 invicem
2435 1962 2873 2031 conscripsimus,
2904 1964 3136 2034 qualiter
3152 1981 3253 2036 ego
3280 1982 3407 2038 erga

1827 2063 1921 2103 eos
1972 2061 2292 2117 cooperante
2341 2050 2566 2104 Domino
2617 2066 2775 2122 agere
2822 2054 3033 2120 vellem,
3075 2064 3130 2111 et
3176 2056 3409 2127 qualiter

1827 2138 1960 2192 mihi
1990 2138 2216 2192 consilio
2247 2147 2301 2192 et
2340 2140 2542 2193 auxilio
2586 2142 2747 2196 iidem
2780 2143 2964 2199 ﬁdeles
3009 2148 3177 2200 nostri
3211 2148 3411 2201 abinde

1824 2230 2165 2296 postmodum
2216 2229 2464 2283 solatium
2509 2231 2651 2285 ferre
2698 2234 3030 2289 debuissent.
3071 2238 3168 2290 Cui
3201 2240 3406 2307 scripto

1826 2318 2039 2374 Wenilo
2064 2323 2205 2391 apud
2225 2321 2511 2391 Bajernam
2536 2325 2716 2378 villam
2740 2328 2957 2397 propria
2983 2344 3142 2383 manu
3165 2331 3405 2384 subscri-

1824 2411 1950 2480 psit,
1981 2413 2117 2469 sicut
2146 2414 2198 2467 in
2228 2416 2480 2484 praesenti
2511 2416 2694 2470 videre
2715 2418 2961 2487 potestis.

2584 2503 2649 2559 ν.
3277 2552 3293 2570 _.

1895 2590 2101 2647 Deinde
2141 2607 2262 2646 cum
2298 2602 2487 2669 contra
2513 2608 2754 2665 paganos
2777 2597 2846 2652 ad
2876 2599 3106 2653 insulam
3156 2599 3279 2664 loci,
3313 2603 3407 2670 qni

1823 2680 2066 2738 Oscellus
2116 2683 2333 2748 dititur,
2366 2700 2487 2738 cum
2539 2684 2786 2742 ﬁdelibus
2839 2690 3040 2743 nostris
3087 2698 3142 2744 et
3193 2699 3409 2744 terreno

1824 2774 2043 2840 itinere,
2070 2783 2127 2829 et
2155 2776 2369 2845 navigio
2397 2777 2539 2831 sicut
2564 2780 2713 2833 scitis
2742 2781 2979 2849 perrexi,
3005 2781 3222 2851 quidam
3254 2798 3284 2836 a
3310 2796 3405 2836 nu-

1824 2865 1908 2919 bis
1942 2864 2257 2919 deﬁcieutes
2298 2863 2420 2935 fuga
2469 2866 2601 2936 lapsi
2643 2880 2788 2923 sunt.
2842 2870 3055 2925 Wenilo
3093 2882 3296 2938 autem,
3345 2887 3407 2926 se

1823 2976 1922 3032 pro
1949 2960 2262 3016 inﬁrmitate
2286 2978 2383 3018 sua
2412 2962 2536 3018 illuc
2566 2964 2647 3019 ire
2670 2980 2778 3020 non
2809 2980 2969 3034 posse
2996 2966 3202 3031 dicens,
3234 2969 3302 3023 ad
3323 2983 3407 3023 se-

1823 3057 1946 3112 dem
1979 3072 2131 3112 suam
2162 3073 2411 3114 reversus
2432 3066 2534 3113 est.
2572 3059 2708 3112 Dum
2737 3068 2916 3114 autem
2940 3058 2996 3114 in
3025 3060 3303 3130 procinctu
3340 3076 3409 3117 eo

1824 3165 1923 3203 nos
1950 3149 2150 3204 inﬁrmi
2203 3152 2542 3219 degeremus,
2575 3150 2747 3205 frater
2786 3162 2969 3206 noster
2990 3152 3312 3219 Ludovicus,
3341 3154 3410 3207 si—

1821 3251 1913 3297 cut
1938 3243 2106 3305 scitis,
2137 3260 2263 3297 cum
2292 3260 2453 3299 manu
2478 3244 2678 3308 hostili,
2704 3254 2759 3298 ct
2780 3244 3049 3298 seditiosis
3072 3245 3402 3307 hominibus,

1819 3346 1886 3386 ex
1910 3346 2074 3401 regno
2105 3348 2203 3387 suo
2238 3347 2461 3402 regnum
2494 3345 2738 3388 nostrum
2769 3334 2979 3403 irrupit.
3001 3334 3083 3388 Ad
3109 3336 3262 3403 cujus
3288 3337 3401 3390 col-

1820 3422 2082 3490 loquium,
2111 3422 2227 3476 sine
2262 3437 2383 3475 mea
2410 3422 2686 3477 voluntate
2714 3430 2875 3490 atque
2898 3423 3136 3487 licentia,
3190 3422 3404 3478 Wenilo

1819 3511 1987 3576 venit,
2013 3526 2173 3580 quem
2206 3511 2665 3580 supplantatorem
2705 3524 2882 3564 meum
2909 3524 3050 3575 esse,
3072 3511 3213 3580 quod
3242 3527 3403 3567 nemo

1818 3604 2045 3675 cOgnovi
2100 3605 2471 3673 episcoporum
2508 3618 2575 3657 ex
2628 3616 2794 3673 regno
2840 3610 3027 3657 nostro
3070 3603 3209 3658 alius
3250 3603 3402 3659 fecit.

2564 3694 2650 3749 Vl.

1889 3791 1965 3845 De
1988 3798 2204 3853 cmtero,
2233 3803 2357 3843 cum
2386 3798 2574 3843 contra
2597 3787 2911 3858 praedictum
2942 3786 3165 3841 fratrem
3195 3800 3398 3850 meum,

1816 3891 1873 3936 et
1906 3883 2155 3937 inimicos
2185 3895 2335 3936 meos
2358 3895 2422 3936 ac
2450 3889 2757 3935 vastatores
2780 3878 3057 3943 Ecclesiae,
3084 3886 3139 3932 et
3162 3878 3399 3948 depopu-

1817 3973 2017 4029 latores
2045 3974 2193 4044 regni
2216 3973 2307 4042 qui
2332 3987 2456 4027 cum
2486 3971 2578 4026 illo
2602 3981 2779 4037 erant,
2803 3987 2924 4025 cum
2951 3970 3195 4025 ﬁdelibus
3218 3969 3313 4025 Dei
3332 3986 3399 4026 ac

1710 4094 1717 4100 -
1816 4065 2017 4119 nostris
2046 4065 2280 4135 perrexi,
2311 4078 2411 4118 nec
2435 4077 2531 4131 per
2568 4064 2825 4133 scipsum,
2858 4077 2961 4117 nec
3010 4077 3109 4132 per
3155 4061 3395 4116 debitum

1816 4156 2090 4221 solatium,
2120 4156 2260 4223 quod
2309 4163 2682 4209 antecessores
2729 4153 2835 4208 mei
2864 4166 3041 4226 reges,
3066 4160 3123 4207 et
3147 4167 3249 4223 ego
3278 4152 3396 4223 ipse

1816 4262 1884 4303 ex
1921 4247 2164 4302 Ecclesia
2194 4246 2272 4300 illi
2305 4244 2594 4300 commissa
2630 4243 2832 4298 habere
2858 4227 3051 4298 solitus
3085 4258 3256 4307 eram,
3297 4242 3396 4296 ali-

1817 4339 1943 4408 quid
1998 4338 2249 4406 adjutorii
2301 4329 2551 4406 priebuit,
2580 4334 2878 4406 praisertim
2929 4350 3051 4390 cum
3075 4334 3178 4388 hoc
3201 4335 3395 4388 devote

1816 4430 1885 4483 ab
1914 4427 2003 4482 illo
2023 4428 2313 4519 petierimz
2555 4496 2646 4552 vn

1886 4590 2022 4646 Cum
2070 4598 2249 4666 autem
2280 4588 2417 4643 ratio
2462 4596 2519 4644 et
2553 4586 2847 4642 necessitas
2898 4586 3027 4641 mihi
3076 4586 3275 4642 accidit
3325 4588 3391 4642 de

1816 4684 1940 4737 villa
1962 4683 2167 4737 Breona
2198 4689 2257 4735 ut
2281 4696 2310 4734 a
2351 4681 2609 4752 praadicto
2636 4679 2804 4733 fratre
2833 4695 2954 4734 meo
2989 4680 3318 4743 secederem,
3345 4689 3401 4732 et

1817 4775 1933 4845 ipse
1963 4772 2131 4827 frater
2162 4787 2319 4827 meus
2348 4771 2652 4826 Ludovicus
2672 4770 2740 4823 ad
2773 4771 2875 4826 hoc
2914 4771 3073 4826 rediit
3104 4770 3159 4823 in
3190 4777 3401 4839 partem

1819 4866 1969 4937 regni
1992 4866 2093 4918 mei
2143 4873 2204 4917 ut
2231 4862 2367 4916 mihi
2387 4877 2565 4917 meum
2590 4869 2838 4931 nepotem
2869 4863 3192 4932 subriperet,
3224 4868 3279 4914 et
3304 4859 3404 4913 hos

1818 4961 1994 5012 mines
2038 4954 2189 5010 meos
2235 4952 2370 5006 mihi
2415 4952 2779 5019 subtraheret,
2807 4967 2873 5010 ac
2904 4953 3087 5009 ﬁdeles
3130 4965 3276 5005 meos
3308 4966 3403 5003 va-

1819 5033 2030 5104 stanter
2055 5044 2392 5114 imprimeret
2429 5042 2832 5117 [opprimeret],
2858 5043 3072 5103 Wenilo
3126 5055 3248 5094 cum
3300 5054 3410 5108 quo

1818 5147 1991 5216 potuit
2035 5142 2226 5197 solatio
2262 5140 2329 5193 ad
2361 5137 2669 5212 pra-dictum
2715 5136 2942 5199 fratrem
2969 5150 3149 5194 meum
3180 5133 3411 5189 Ludovi-

1819 5256 1944 5295 cum
1980 5238 2033 5292 in
2066 5247 2239 5289 meam
2267 5231 2709 5287 contrarietatem
2742 5234 2912 5290 venit.
2958 5231 3092 5287 Cum
3117 5240 3222 5297 quo
3257 5238 3419 5281 erant

1820 5312 2277 5382 excommunicati
2310 5323 2471 5380 istius
2494 5321 2665 5382 regni,
2688 5331 2743 5376 et
2781 5322 3051 5382 seditiosi,
3088 5318 3154 5372 de
3183 5330 3416 5382 quorum
