3916 5434
100 306 205 362 οσι

1080 314 1088 322 ·
1167 297 1255 352 DE
1296 287 1828 348 TRANSLATIONE
1866 288 1922 343 S.
1963 287 2346 364 BENEDICTI.

3268 284 3371 342 902

107 451 3339 491 MM

513 602 1016 736 HISTORIA
1091 595 1902 730 TBANSLATNNIS
1982 594 2341 726 SANGTI
2419 593 3075 777 BENEDICTI/

1053 823 1427 888 AUCTORE
1448 818 1964 915 ADREVAL'DO
2008 819 2429 880 MONACHO.

201 1003 371 1072 (Apud
393 998 600 1062 labill.,
626 997 742 1049 Acta
767 995 856 1046 ss.
889 992 1075 1046 ordinis
1102 991 1152 1041 s.
1179 987 1372 1040 Bened.
1399 993 1519 1037 tom.
1547 983 1616 1042 ιι,
1641 996 1705 1032 ex
1731 981 1932 1044 Joannis
1956 981 2115 1032 Boscii
2138 983 2440 1033 Bibliotheca
2459 960 2780 1043 rion-incensi,
2804 982 3036 1034 Bollando
3057 989 3111 1035 et
3133 985 3276 1048 mss.)

455 1252 788 1326 Langobardi
815 1251 1092 1306 Cassinnm
1121 1256 1348 1304 vastant.

180 1376 238 1430 1.
274 1373 409 1429 Cum
442 1369 528 1424 diu
558 1381 687 1437 gens
709 1362 1186 1434 Langobardorum
1215 1357 1550 1414 inﬁdelitatis
1579 1369 1691 1411 suae

102 1463 356 1520 tenebris
405 1472 593 1514 carere
634 1455 912 1516 noluisset,
944 1461 999 1506 et
1043 1450 1228 1520 jugum
1283 1448 1492 1501 Domini
1547 1446 1690 1500 ferre

105 1558 427 1612 detrectans
453 1568 548 1607 eos
574 1549 666 1620 qui
696 1547 940 1603 ferebant
978 1545 1292 1614 impugnare
1339 1541 1689 1601 decrevisset,

106 1648 328 1702 Italiam
358 1645 504 1700 venit
548 1638 782 1696 nominis
817 1635 1108 1692 Christiani
1143 1633 1313 1704 gratia
1347 1628 1690 1699 impugnandi

105 1747 162 1792 et
195 1752 296 1791 suo
325 1751 444 1790 eam
476 1731 714 1788 dominio
738 1726 1248 1796 subjugandi,cujus
1280 1721 1485 1776 incolas
1511 1717 1692 1773 occul-

107 1839 227 1882 tum
259 1825 640 1896 Deijudicium
687 1819 802 1888 ejus
846 1817 1090 1872 mucroni
1132 1814 1353 1869 tradidit
1396 1811 1685 1865 feriendus.

105 1919 242 1985 Qum
269 1933 404 1989 gens
429 1917 583 1987 longe
610 1914 825 1983 lateque
846 1928 956 1967 suae
981 1912 1142 1965 Ciuilis
1167 1908 1463 1963 extendens
1492 1905 1692 1960 crude-

105 2007 343 2071 litatem,
379 2005 814 2059 Beneventanam
840 2016 1092 2072 aggressa
1126 2009 1208 2054 est
1230 2010 1537 2068 expugnare
1563 2009 1690 2066 pro-

106 2099 370 2165 vinciam,
403 2097 556 2165 cujus
607 2096 772 2150 urbes
817 2103 972 2148 terra:
1005 2107 1316 2162 comquans,
1359 2087 1691 2144 monasteria

109 2191 381 2260 villasque
415 2187 765 2259 depopulans,
807 2201 911 2240 non
963 2185 1215 2238 minimas
1263 2179 1692 2236 Christianorum

107 2292 328 2352 strages
358 2280 527 2336 dedit.
556 2279 697 2334 Oves
724 2277 866 2332 enim
903 2275 1213 2330 Dominicas
1242 2273 1309 2327 ab
1346 2271 1577 2326 ovilibus
1598 2283 1694 2324 ex-

107 2373 294 2426 clusas
325 2371 540 2426 diversa
591 2368 739 2424 cmde
781 2366 1026 2420 lacerans
1051 2363 1212 2420 ovilia
1243 2363 1450 2418 Domini
1482 2368 1694 2414 everte-

107 2463 228 2526 bat,
276 2462 350 2516 ita
379 2468 439 2514 ut
467 2459 520 2514 in
547 2459 715 2513 eremi
747 2457 1050 2511 vastitatem
1093 2455 1211 2510 loca
1235 2454 1384 2524 prius
1420 2450 1692 2505 desidera-

80 2545 238 2604 bilia
269 2564 532 2604 conversa
571 2547 901 2602 viderentur.
945 2545 1097 2600 Unde
1147 2544 1289 2597 inter
1333 2549 1525 2594 caetera
1560 2537 1686 2592 faci-

109 2655 249 2692 nora
297 2655 394 2692 sua
442 2636 831 2692 monasterium
881 2647 906 2674 ει
957 2633 1140 2687 eximii
1193 2630 1369 2685 Patris
1414 2628 1691 2683 Benedicti

109 2729 473 2800 depopulans,
532 2729 692 2783 rebus
739 2727 989 2782 omnibus
1036 2722 1387 2777 inhahitabile
1439 2719 1687 2774 reddidit.

111 2820 269 2886 Quod
322 2821 592 2890 quomodo
647 2817 954 2886 contigerit,
1004 2814 1199 2885 legenti
1229 2813 1289 2866 B.
1339 2810 1585 2881 Gregorii
1611 2823 1697 2863 se-

110 2911 353 2964 cundum
407 2911 744 2981 Dialogorum
792 2909 987 2962 librum
1019 2906 1222 2960 clarum
1244 2912 1328 2958 est
1360 2922 1372 2958 :
1400 2904 1490 2972 qui
1512 2903 1693 2957 omnia

116 3000 279 3068 hujus
311 3000 640 3055 sanctissimi
669 2999 769 3053 viri
809 3012 973 3066 opera
1005 2995 1152 3049 claro
1179 2994 1320 3065 stylo
1355 3001 1694 3062 persecutus,

114 3094 262 3148 inter
304 3103 500 3149 caetera
549 3103 734 3148 narrat
763 3109 884 3147 eum
936 3091 1232 3160 prophetiae
1278 3090 1466 3158 spiritu
1497 3103 1696 3158 cogno-

113 3189 260 3241 visse
305 3195 470 3254 atque
519 3184 932 3255 praznuntiasse,
984 3181 1178 3236 ablatis
1236 3181 1399 3235 rebus
1445 3179 1699 3234 omnibus

114 3282 259 3334 idem
291 3279 682 3334 monasterium
713 3291 963 3332 eversum
1001 3275 1089 3328 iri.

114 3390 416 3445 Chlodoveo
471 3389 674 3459 favente
719 3386 1056 3459 Leodebodus
1105 3383 1341 3439 Floriaci
1407 3381 1698 3437 coenobium

817 3457 1014 3522 condit.

183 3578 244 3632 2.
286 3574 403 3630 Hac
431 3574 615 3645 itaque
641 3580 854 3643 patrata
886 3569 1168 3625 eversione
1189 3576 1245 3623 et
1265 3566 1451 3622 multis
1481 3563 1703 3620 eil'lnen-

116 3667 267 3723 tibus
324 3681 587 3720 annorum
641 3663 947 3727 curriculis,
1004 3662 1144 3717 idem
1179 3661 1331 3716 locus
1369 3659 1434 3713 ad
1459 3672 1701 3713 eremum

116 3757 379 3811 redactus
407 3755 573 3826 ccepit
600 3769 719 3810 esse
740 3753 1002 3817 ferarum,
1026 3751 1116 3821 qui
1158 3751 1310 3820 prius
1345 3749 1522 3803 fuerat
1551 3746 1706 3801 habi-

117 3851 256 3906 tatio
278 3850 578 3914 hominum,
603 3863 883 3918 usquequo
907 3845 1054 3916 regni
1075 3843 1410 3898 Francorum
1437 3842 1707 3911 guberna-

1719 1245 1774 1306 Α
1797 1249 1942 1295 ctum
1968 1245 2052 1292 est
2083 1237 2340 1307 priedium
2371 1236 2712 1304 (Attimacum
2751 1237 2821 1292 ad
2849 1237 3136 1310 Axonam),
3167 1249 3221 1294 et
3243 1255 3370 1312 rege

1795 1330 2103 1399 supradicto
2154 1328 2431 1397 reciproca
2483 1328 2855 1382 vicissitudine
2883 1345 2980 1398 pro
3022 1343 3087 1384 eo
3135 1330 3366 1400 agellum

1791 1420 2078 1489 quemdam
2127 1418 2431 1472 Floriacum
2480 1419 2914 1486 cognominatum
2945 1435 3067 1473 cum
3106 1421 3369 1490 appendi-

1791 1514 1892 1567 ciis
1939 1512 2050 1566 suis
2077 1511 2219 1565 haud
2268 1511 2424 1580 longe
2460 1527 2490 1564 a
2539 1511 2719 1564 littore
2757 1511 2982 1580 Ligeris.
3017 1510 3168 1576 Quod
3199 1518 3370 1564 testa—
3402 1576 3404 1578 ν

1792 1610 2030 1655 mentum
2053 1609 2250 1654 mutua:
2272 1600 2658 1654 vicissitudinis
2682 1616 2849 1670 usque
2870 1601 3028 1654 hodie
3057 1600 3105 1652 in
3131 1599 3366 1653 archivis

1791 1691 2019 1761 publicis
2070 1691 2238 1744 nostri
2303 1700 2614 1744 reservatur
2677 1689 3018 1743 monasterii.
3066 1687 3367 1742 Przedictns

1791 1793 1970 1837 autem
1999 1783 2081 1835 vir
2128 1781 2340 1836 Domini
2389 1781 2740 1834 Leodebodus
2776 1781 2878 1834 hoc
2909 1779 3122 1848 negotio
3150 1786 3370 1847 peracto

1793 1887 2137 1942 nequaquam
2172 1870 2370 1924 oblitus
2399 1886 2508 1924 sua:
2558 1869 2972 1922 destinationem
3001 1866 3270 1928 desiderii,
3311 1865 3366 1919 in

1792 1962 2100 2030 supradicto
2122 1959 2295 2029 agello
2325 1959 2489 2028 coopit
2513 1959 2782 2012 aediﬁcare
2819 1957 3179 2011 habitationes
3210 1954 3367 2009 utiles

1791 2051 2092 2106 monachis.
2146 2050 2299 2116 Quod
2358 2065 2493 2118 opus
2539 2048 2719 2118 sagaci
2774 2049 3032 2101 insistens
3080 2047 3364 2108 industria,

1792 2143 2022 2197 mirifico
2043 2139 2646 2196 consummavitell‘ectu
2673 2157 2686 2193 :
2714 2140 3094 2207 azditicansque
3125 2139 3194 2191 ibi
3224 2125 3368 2192 basi-

1792 2233 1952 2287 licam
1985 2232 2038 2285 in
2091 2232 2296 2284 honore
2325 2228 2383 2284 S.
2427 2229 2593 2294 Petri,
2633 2231 2870 2298 itemque
2892 2229 3052 2281 aliam
3079 2229 3130 2280 in
3161 2228 3367 2281 honore

1793 2320 1852 2377 S.
1894 2321 2078 2374 Maria:
2127 2320 2354 2373 Domino
2395 2318 2629 2374 dedicari
2677 2316 2866 2372 voluit.
2897 2317 3016 2372 Mox
3044 2317 3208 2372 etiam
3240 2324 3368 2372 tunc

1789 2421 2090 2483 praeparata
2139 2410 2404 2465 habitatio
2445 2418 2504 2463 ut
2551 2424 2620 2464 ne
2669 2409 2848 2463 inanis
2876 2416 3020 2462 esset
3057 2418 3220 2476 atque
3248 2405 3368 2459 sine

1790 2502 2208 2566 habitatoribus,
2264 2502 2481 2572 collegit
2535 2502 2733 2557 ibidem
2763 2501 3132 2572 quamplures
3167 2500 3233 2552 ad
3263 2499 3368 2553 Do-

1721 2579 1946 2649 B‘mino
1981 2594 2322 2649 serviendum
2351 2593 2452 2646 sub
2477 2607 2664 2646 norma
2693 2591 2890 2662 regula:
2920 2591 3102 2644 vivere
3129 2596 3366 2657 paratos,

1795 2684 2116 2754 Patremque
2145 2693 2201 2739 et
2248 2682 2513 2737 Ahbatem
2558 2682 2641 2736 his
2677 2681 2922 2751 praefecit
2959 2680 3178 2735 nomine
3203 2677 3373 2732 Mum-

1797 2775 1999 2829 molum
2030 2775 2079 2839 δ,
2112 2774 2204 2843 qui
2232 2771 2493 2842 quandiu,
2518 2772 2680 2825 rebus
2725 2769 2976 2824 humanis
3020 2766 3278 2828 interfuit,
3311 2775 3372 2820 ut

1798 2867 2023 2923 idoneus
2065 2877 2250 2936 pastor
2278 2865 2460 2938 gregis
2490 2864 2592 2919 sibi
2620 2863 2895 2918 commissi
2917 2861 3147 2916 sollicite
3181 2873 3370 2915 curam

1799 2959 2066 3015 exhibuit.

1799 3091 2043 3163 Aigulfus
2084 3109 2118 3145 a
2161 3087 2775 3163 Mummolo_Cussinum_
2795 3087 3018 3141 mittitur
3042 3101 3136 3156 pro
3163 3083 3224 3140 S.
3263 3080 3372 3138 Be—

2348 3160 2538 3212 nedicti
2558 3157 2824 3234 reliquiis.

1870 3295 1924 3348 5.
1966 3294 2132 3363 Igitur
2155 3308 2276 3348 cum
2304 3305 2555 3360 processu
2599 3290 2857 3358 temporis
2879 3287 3250 3343 evolventibns
3271 3300 3376 3340 an-

1802 3388 1887 3442 nis
1915 3385 2254 3454 supradictus
2274 3380 2623 3436 Leodebodus
2649 3394 2876 3447 corpore
2904 3388 3187 3445 exemptus
3209 3375 3375 3446 (sicut

1804 3474 2098 3544 credimus)
2128 3473 2348 3528 cmlicas
2401 3471 2717 3526 recessisset
2743 3471 2810 3524 ad
2863 3469 3040 3532 sedes,
3081 3466 3375 3534 jamdictus

1807 3567 2129 3622 Mummolus
2182 3564 2359 3634 gregis
2405 3563 2678 3618 commissi
2711 3561 2982 3617 custodias
3028 3559 3231 3628 optime
3255 3572 3374 3612 ser-

1805 3675 1937 3712 vans
1967 3666 2024 3710 et
2048 3656 2266 3711 lectioni
2297 3655 2509 3710 assidue
2558 3653 2792 3709 studium
2824 3653 2981 3715 dans,
3017 3650 3158 3703 inter
3181 3657 3375 3701 cetera

1808 3748 2009 3818 reperit
2038 3748 2092 3802 in
2139 3747 2291 3801 libris
2335 3745 2477 3800 beati
2525 3760 2589 3799 ac
2617 3739 3095 3813 praecellentissimi
3122 3739 3221 3792 viri
3243 3734 3378 3791 Gre-

1809 3839 1945 3910 gorii
1991 3837 2221 3892 Romani
2277 3835 2556 3900 antistitis,
2603 3833 2873 3904 quomodo
2911 3838 3131 3886 sanctus
3170 3842 3235 3882 ac
3268 3825 3382 3880 Deo

113 3938 242 3994 cula
272 3938 498 4007 adeptus
524 3908 610 3992 est
654 3908 997 3992 Cllilodoveus
1015 3932 1154 3987 filius
1185 3908 1494 4000 Dagoberti,
1520 3929 1610 3998 qui
1641 3937 1701 3983 ut
1733 3908 1780 3970 (ἶ
1811 3908 2060 4003 dilectus
2081 3927 2402 3982 Benedictus
2444 3923 2634 3996 agouis
2672 3923 2755 3979 sui
2776 3937 2993 3976 cursum
3025 3921 3077 3974 in
3102 3919 3380 3972 Beneven-

111 4037 241 4084 erat
269 4028 354 4082 vir
398 4027 766 4084 nobilissimus
794 4041 974 4079 rerum
1020 4023 1486 4078 administratione
1524 4020 1700 4090 publi-

111 4135 317 4176 carum
365 4119 505 4175 miro
549 4117 780 4174 callebat
824 4117 1056 4188 ingenio.
1089 4115 1232 4169 idem
1263 4115 1424 4169 etiam
1456 4128 1551 4167 rex
1578 4100 1700 4166 cum

111 4212 363 4283 egregiis
407 4211 637 4282 polleret
680 4211 924 4265 moribus
969 4207 1426 4278 petitionibusque
1452 4206 1613 4275 justis
1646 4212 1703 4258 et

114 4301 354 4357 servitio
380 4299 476 4355 Dei
507 4299 646 4370 aptis
692 4313 970 4353 assensum
1018 4297 1302 4366 praeberet,
1332 4294 1705 4364 interpellatus

80 4389 84 4392 ’
115 4401 208 4449 est
234 4408 268 4447 a
310 4392 468 4446 bonae
511 4391 787 4446 memoriae
814 4389 929 4442 viro
966 4387 1285 4442 Leodeboilo
1326 4385 1492 4440 Patre
1519 4400 1707 4439 mona-

119 4484 283 4540 sterii
326 4483 385 4538 S.
417 4482 629 4544 Aniani,
661 4481 804 4550 quod
839 4487 920 4533 est
949 4480 1109 4533 situm
1138 4493 1303 4548 prope
1326 4477 1524 4531 mmnia
1551 4475 1705 4529 urbis

119 4574 454 4633 Aut-etiame,
497 4584 558 4627 ut
604 4570 990 4626 monasterium
1021 4569 1197 4623 ordini
1245 4567 1546 4622 monastico
1579 4581 1707 4620 con-

120 4679 334 4736 gruens
381 4663 484 4719 sibi
534 4662 723 4718 liceret
751 4669 1067 4714 construere
1097 4657 1149 4712 in
1192 4671 1322 4728 agro
1349 4655 1704 4717 Floriacensi,

118 4757 272 4811 datis
294 4770 395 4824 pro
423 4755 607 4808 eodem
641 4767 773 4823 agro
811 4751 862 4804 in
892 4757 1074 4802 mutua
1096 4747 1466 4803 vicissitudine
1488 4744 1708 4815 praediis

85 4908 100 4926 Ι
117 4863 250 4918 quae
273 4862 302 4900 s
322 4846 377 4900 bi
406 4861 434 4899 a
461 4845 778 4915 parentibus
801 4843 924 4912 jure
963 4839 1303 4894 hzereditario
1329 4838 1512 4894 relicta
1537 4836 1711 4908 possi-

119 4941 315 4994 debat.
347 4935 587 5006 Namqne
644 4936 788 4989 idem
822 4946 950 5004 ager
997 4931 1359 4986 Floriacensis
1389 4930 1596 4986 scilicet
1622 4944 1713 4982 re-

120 5027 267 5098 galis
302 5034 431 5080 tunc
479 5024 640 5080 fiscus
672 5033 810 5078 erat.
862 5022 1070 5087 Quibus
1115 5021 1312 5075 auditis
1340 5037 1435 5076 rex
1464 5019 1714 5075 libentis-

153 5121 167 5132 ο
340 5119 353 5130 σ
580 5119 611 5134 nl
684 5132 690 5133 γ
731 5131 743 5134 -
817 5115 908 5134 .,,'.
975 5123 1016 5134 ,ι
1059 5114 1314 5134 ,1,Α⁸1,η⁰η
1401 5115 1472 5134 111⁸
1524 5132 1530 5133 γ
1573 5112 1709 5134 μ--Α.Ι

1809 4028 1933 4073 taua
1960 4018 2235 4088 provincia
2267 4014 2726 4071 consummaverit
2769 4030 2783 4066 :
2836 4011 3228 4078 recordansque
3251 4007 3378 4077 quia

1808 4109 1977 4164 isdem
2009 4105 2334 4161 venerabilis
2370 4105 2552 4167 Pater,
2596 4101 2817 4156 oraculo
2865 4100 3044 4155 divino
3076 4097 3381 4151 admonitus

1806 4206 2211 4278 przevidensque
2240 4202 2449 4256 futuros
2487 4213 2669 4266 casus,
2694 4196 3004 4268 priedixcrit
3030 4193 3160 4247 illud
3195 4206 3378 4246 mona-

1810 4296 2032 4351 sterium
2077 4293 2316 4348 funditus
2346 4291 2724 4352 evertendam,
2747 4295 2801 4341 et
2831 4284 2972 4354 quod
3005 4283 3094 4337 ille
3122 4282 3379 4352 spiritua-

1808 4392 1949 4446 libus
1976 4387 2168 4451 oculis,
2201 4387 2304 4442 iste
2329 4383 2500 4438 oculis
2529 4380 2809 4453 patratum
2839 4377 3050 4432 carneis
3077 4371 3380 4443 conspicie-

1807 4483 1922 4544 bat,
1953 4479 2101 4533 misit
2126 4478 2192 4531 ad
2221 4474 2534 4546 przedictam
2574 4469 2907 4540 provinciam
2949 4480 3116 4519 unum
3142 4479 3210 4516 ex
3239 4477 3385 4516 com-

1810 4569 2142 4626 militonibus
2172 4564 2388 4620 nomine
2423 4559 2697 4634 Aigulfum
2723 4557 3069 4612 monachum.
3094 4553 3187 4609 Sic
3236 4566 3387 4605 nam-

1810 4674 1914 4730 que
1942 4659 2042 4712 sibi
2072 4656 2240 4710 fuisse
2284 4652 2585 4707 revelatum
2611 4647 2871 4702 divinitus
2901 4646 3132 4705 dicebat,
3166 4648 3228 4694 ut
3253 4655 3390 4708 pra:-

1811 4751 1986 4804 dictus
2015 4748 2096 4801 vir
2123 4745 2248 4800 illuc
2274 4737 2532 4813 pergens,
2562 4753 2757 4807 corpus
2779 4737 2891 4807 jam
2917 4734 3044 4788 dicti
3076 4729 3396 4788 transferret

1768 4826 2106 4896 "Benedicti.
2153 4838 2279 4892 Fuit
2321 4849 2563 4910 namque
2607 4833 2754 4887 idem
2798 4829 3040 4902 Aigull'us
3073 4821 3398 4881 venerabilis

1811 4934 1897 4987 vir
1925 4943 1980 4988 et
2005 4933 2114 4986 Deo
2157 4928 2485 4991 omnimodo
2518 4927 2731 5002 placere
2761 4924 2996 4993 gestiens
3022 4939 3037 4976 :
3066 4917 3158 4990 qui
3189 4920 3403 4983 quantae

1814 5026 2120 5079 sanctitatis
2159 5021 2323 5078 fuerit
2357 5001 2604 5096 cuiusve
2641 5015 2878 5079 virtutis,
2908 5014 3031 5070 ﬁnis
3056 5005 3322 5083 probavit.
3353 5001 3408 5052 ῑιὶ

2080 5120 2093 5131 ο
2155 5120 2165 5134 ι
2229 5130 2269 5134 κ-
2319 5090 2462 5134 ιη.--
2580 5107 2784 5134 -..α-21η..
2841 5105 3077 5134 Μηυνιι-..η
3106 5112 3224 5134 nnn‘l
3258 5090 3416 5134 ὶιηιιίςι
