3916 5434
530 383 641 436 903

1527 369 1929 429 ADREVALDI
1967 362 2460 424 FLORIACENSIS
2499 357 2804 418 MONACHI

3675 344 3771 398 9M

536 498 684 551 vittae
703 493 923 550 insidias
950 505 1262 562 perpessus,
1295 491 1363 545 ad
1393 490 1626 561 palmam
1660 488 1906 559 martyrii
1943 496 2114 555 usque
2141 485 2191 544 Α
2221 491 2329 537 tam
2361 481 2597 552 reperies
2635 478 2794 534 fidem
2820 490 2834 530 :
2863 482 2924 528 et,
2955 469 3001 527 si
3035 468 3194 527 dictis
3229 465 3364 522 meis
3392 462 3568 562 fidem
3581 473 3777 515 accom-

542 583 786 654 pervenit
837 602 849 637 :

540 680 750 753 (infra).

850 769 1065 841 Aigulfo
1092 786 1146 824 se
1174 770 1472 840 adjungun’t
1499 744 1806 823 Cenomani.

908 580 1062 649 cujus
1101 581 1266 640 etiam
1314 580 1496 651 passio
1535 594 1702 650 penes
1745 593 1845 633 nos
1888 576 2117 633 habetur

609 891 665 942 4.
707 884 822 939 Νοη
854 885 1037 955 dispar
1066 885 1269 938 interea
1295 883 1418 939 huic
1450 854 1642 939 visioni
1672 883 1726 936 in
1759 878 2118 938 Cenomanica

541 979 677 1032 urbe
723 977 971 1046 apparuit
1005 976 1144 1030 visio
1172 989 1219 1040 ι,
1265 984 1324 1029 ut
1368 975 1576 1040 scilicet
1609 979 1892 1042 pergentes
1923 980 1979 1026 et
2017 967 2117 1039 ipsi

544 1069 599 1124 in
630 1070 874 1123 eamdem
902 1067 1260 1139 provinciam,
1291 1081 1488 1136 corpus
1519 1066 1879 1120 transferrent
1911 1061 2121 1118 sororis

545 1162 606 1214 S.
637 1159 930 1223 Benedicti,
983 1157 1333 1214 Sebolasticze
1381 1156 1617 1218 nomine,
1667 1165 1726 1210 ut
1772 1170 1908 1224 quos
1959 1155 2119 1208 unius

543 1267 696 1306 urna:
727 1251 957 1304 habebat
986 1249 1242 1318 spatium,
1274 1247 1433 1303 simul
1476 1246 1837 1300 transferendi
1867 1244 2118 1300 ostende-

544 1353 755 1398 rentur.
787 1340 920 1397 Cum
971 1341 1135 1412 igitur
1175 1327 1431 1410 utrinque
1465 1338 1826 1403 laboraretur,
1854 1346 2121 1406 quatenus

545 1431 773 1490 visionis
795 1430 1098 1486 manifesta:
1133 1445 1240 1486 non
1272 1446 1464 1500 segnes
1494 1429 1866 1484 invenirentur
1895 1441 2122 1482 exsecu-

547 1536 730 1589 tores;
766 1525 952 1594 paucis
983 1523 1273 1578 admodum
1325 1521 1516 1576 diebus
1548 1520 1836 1574 transactis
1871 1534 1902 1572 a
1926 1532 2120 1586 supra-

546 1616 694 1671 dicta
725 1613 1087 1669 Cenomanica
1120 1613 1254 1666 urbe
1280 1611 1510 1681 egressi,
1541 1609 1744 1665 oraculi
1769 1608 1937 1662 divini
1968 1605 2122 1661 audi-

547 1717 695 1761 tores
715 1705 1013 1775 carpebant
1044 1705 1146 1758 iter
1172 1702 1376 1758 Italiam
1407 1703 1609 1757 ducens
1634 1719 1646 1754 :
1682 1700 2123 1767 divertentesque

548 1797 604 1851 in
632 1795 1021 1851 monasterium
1066 1793 1376 1848 Floriacum
1408 1789 1716 1861 hospitandi
1753 1788 1948 1860 gratia,
1975 1801 2124 1840 com-

545 1896 806 1960 pererunt
863 1885 1149 1958 praefatum
1208 1882 1579 1939 venerabilem
1623 1880 1796 1934 virum
1852 1875 2121 1946 Aigulfum

547 1980 833 2052 praeceptis
864 1977 1077 2034 abbatis
1123 1976 1207 2051 sui
1255 1975 1646 2044 obsequentem
1677 1971 1818 2026 idem
1848 1966 1986 2022 velle
2018 1965 2125 2021 iter

551 2085 818 2142 arripere.

727 2184 895 2239 Roma
931 2183 1153 2238 lustrata
1175 2180 1453 2235 Cassinum
1478 2177 1642 2250 pergit
1667 2174 1932 2246 Aigulfus.

621 2297 676 2351 5.
718 2297 882 2368 Igitur
933 2294 1204 2348 communi
1257 2289 1478 2346 decreto
1505 2295 1742 2358 cceptum
1783 2299 1919 2355 opus
1966 2281 2128 2338 simul

552 2396 798 2443 statuunt
825 2399 1107 2456 peragere,
1136 2381 1421 2450 iunctique
1467 2377 1632 2434 simul
1656 2376 1842 2432 tandiu
1880 2371 2130 2429 indivisi-

553 2479 737 2534 biliter
763 2477 866 2532 sibi
897 2475 1194 2538 adhaesere,
1240 2483 1521 2541 quousque
1573 2465 1799 2520 Romam
1850 2463 2130 2518 venientes

555 2567 618 2622 Β.
673 2567 821 2624 Petri
865 2566 1145 2622 basilicam
1198 2560 1407 2618 oraturi
1453 2559 1740 2613 intrarent.
1792 2553 1862 2609 At
1915 2567 2038 2609 cum
2074 2549 2130 2605 in

554 2658 744 2715 eadem
773 2657 906 2713 urbe
958 2656 1061 2711 sub
1088 2655 1314 2711 obtentu
1345 2649 1690 2707 visendorum
1719 2655 2032 2703 sanctorum
2055 2644 2133 2698 lo-

554 2766 744 2806 eorum
767 2766 796 2806 a
827 2765 889 2804 se
917 2749 1146 2803 invicem
1169 2745 1560 2807 dividerentur,
1584 2748 1642 2795 ut
1660 2739 1738 2794 rei
1765 2748 1947 2794 autem
1969 2735 2133 2792 habet

556 2841 785 2903 veritas,
835 2838 1108 2910 negotium
1159 2835 1303 2905 quod
1349 2840 1629 2900 ceperant
1665 2826 1993 2900 perfecturi;
2025 2839 2134 2880 me-

557 2938 806 2986 moratus
831 2926 1080 2997 Aigulfns
1105 2922 1434 2979 intermissis
1457 2919 1676 2975 interim
1699 2918 1785 2972 his
1813 2929 1934 2986 qum
1955 2913 2132 2984 palam

559 3025 930 3075 ostentaverat
971 3015 1131 3078 velle,
1164 3013 1408 3067 locorum
1449 3008 1658 3063 scilicet
1689 3013 2001 3060 sanctorum
2025 2999 2134 3056 cir-

561 3105 911 3165 cuitionibus,
937 3099 1269 3172 expeditioni
1310 3112 1528 3169 Operam
1553 3095 1718 3159 dedit,
1735 3102 1961 3159 certans
1981 3090 2134 3146 ocius

565 3193 828 3264 perficere
849 3191 991 3260 quod
1020 3190 1124 3245 sibi
1155 3190 1453 3259 injunctum
1500 3183 1676 3242 fuerat
1703 3194 1950 3240 sanctum
1982 3196 2136 3236 ωηο
2162 3175 2210 3238 C

562 3283 767 3336 datum.
824 3281 1060 3334 Tandem
1116 3279 1300 3348 itaque
1349 3275 1595 3346 pervenit
1643 3275 1711 3329 ad
1760 3273 1936 3330 locum
1968 3271 2136 3327 castri

564 3375 710 3444 quod
739 3381 964 3427 vocatur
981 3371 1266 3425 Cassinum
1291 3385 1305 3422 :
1338 3368 1645 3436 ibidemque
1663 3365 1938 3435 paulisper
1954 3360 2139 3418 itineri

568 3465 730 3519 linem
779 3464 1084 3532 imponens,
1137 3459 1491 3530 exspectabat
1532 3463 1784 3512 eventum
1837 3455 1936 3517 rei,
1975 3467 2138 3508 orans

565 3557 718 3613 illum
745 3557 835 3625 qui
867 3556 1130 3610 visionem
1175 3551 1426 3622 superius
1463 3547 1731 3619 prolatam
1775 3544 2018 3604 revelare
2059 3542 2144 3599 di-

563 3658 760 3720 gnatus
785 3655 887 3711 est,
919 3647 1120 3717 quique
1143 3659 1203 3699 se
1245 3642 1314 3698 ad
1339 3642 1442 3696 hoc
1486 3654 1622 3709 opus
1659 3639 2046 3697 destinaverat,
2078 3641 2142 3688 ut

565 3753 671 3791 non
700 3739 753 3791 in
776 3750 1001 3791 vacuum
1027 3741 1235 3787 tantum
1259 3731 1364 3785 iter
1386 3728 1634 3786 consumi
1658 3727 1837 3788 vellet,
1865 3726 1961 3781 sed
2001 3724 2143 3779 sicut

566 3827 892 3898 promiserat
938 3827 1151 3880 thecam
1200 3820 1440 3877 thesauri
1466 3819 1550 3875 sui
1589 3819 1642 3874 ei
1678 3816 1921 3874 revelare
1948 3815 2144 3883 digna-

567 3924 734 3970 retur.

829 4028 906 4083 Ab
937 4030 1111 4098 ignoto
1139 4041 1258 4081 sene
1285 4024 1455 4078 locum
1485 4019 1674 4076 tumuli
1701 4019 1876 4075 discit.
1927 4038 1938 4054 ο

642 4143 696 4198 6.
737 4141 872 4196 Cum
914 4142 1092 4209 itaque
1123 4129 1349 4207 alicujus
1384 4133 1523 4204 signi
1555 4147 1721 4188 causa
1749 4129 1995 4202 capiendi
2020 4128 2142 4184 loca

569 4242 906 4307 peragraret,
936 4243 990 4290 et
1013 4235 1116 4287 Imc
1147 4231 1376 4300 illucque
1400 4227 1844 4298 circumspiciens
1863 4224 2142 4281 oculorum

570 4332 732 4388 orbes
762 4330 1002 4384 volveret
1031 4328 1251 4384 sedulus
1295 4325 1624 4396 explorator,
1656 4321 1998 4393 conspiciens
2018 4335 2142 4376 eum

568 4425 731 4479 homo
759 4421 977 4491 quidam
1021 4419 1310 4474 multorum
1359 4429 1622 4470 annorum
1654 4413 1845 4469 crebro
1873 4412 1950 4482 id
1978 4426 2143 4482 agen-

568 4525 675 4568 tem
698 4514 776 4568 sic
803 4528 926 4568 eum
957 4511 1106 4580 prior
1133 4509 1325 4563 affatur
1354 4527 1366 4560 :
1403 4506 1548 4560 Heus
1587 4514 1664 4570 tu,
1713 4503 1910 4574 inquit,
1948 4502 2141 4572 quibus

567 4608 636 4659 ab
663 4605 774 4659 oris
801 4614 1017 4657 nostras
1053 4601 1210 4654 adisti
1244 4598 1418 4661 sedes,
1452 4595 1673 4664 cnjusvc
1704 4594 1904 4666 negotii
1930 4592 2140 4666 gratia?

566 4696 648 4751 Ad
695 4695 811 4749 haec
841 4693 931 4748 ille
969 4709 1073 4746 non
1121 4689 1355 4760 indagini
1389 4688 1530 4744 illius
1557 4702 1720 4742 ausus
1744 4695 1828 4741 est
1856 4683 2143 4756 prOpalarc

565 4788 916 4843 commissum
947 4786 1047 4842 sibi
1098 4794 1365 4840 secretum
1409 4801 1422 4835 :
1467 4781 1560 4837 sed
1589 4796 1712 4837 cum
1754 4781 1948 4834 iterato
1981 4793 2144 4848 super

565 4879 684 4947 ipsa
724 4891 784 4930 re
829 4865 1424 4946 interrogaretur,ipse
1448 4881 1627 4927 tamen
1668 4872 1939 4942 negotium
1974 4869 2144 4924 divul-

567 4982 697 5038 gare
724 4975 1009 5028 metueret,
1056 4965 1172 5020 htec
1224 4966 1292 5020 ab
1326 4964 1515 5020 eodem
1553 4977 1680 5019 sene
1727 4962 1932 5017 audivit
1964 4979 1977 5015 :
2008 4959 2138 5026 Cur,

569 5055 766 5122 inquit,
797 5070 884 5110 me
910 5055 1106 5110 secreti
1156 5055 1230 5108 tui
1277 5070 1383 5108 non
1408 5052 1574 5108 ellicis
1599 5052 1909 5108 conscium?
1934 5050 2068 5106 Nam
2098 5049 2144 5105 si

569 5140 832 5196 delatoris
873 5142 1184 5196 scandalum
1217 5157 1401 5207 caves,
1439 5156 1661 5197 securus
1681 5151 1820 5207 esto,
1853 5141 1904 5196 in
1943 5156 2028 5196 me
2052 5148 2139 5196 tu-

2219 551 2544 638 modaveris,
2573 565 2820 624 fortassis
2867 563 3031 619 etiam
3075 559 3291 630 negotio
3319 566 3414 611 tuo
3442 551 3772 624 profuturum

2216 663 2340 717 erit.
2369 661 2476 716 Ista
2518 674 2648 716 vero
2676 671 2798 713 cum
2830 653 3122 726 pmdictus
3170 649 3267 704 Dei
3313 645 3546 702 famulus
3573 643 3780 697 auribus

2218 752 2507 812 hausisset,
2536 749 2783 819 cogitans
2805 743 2931 815 quia
2963 743 3015 796 in
3041 737 3281 808 antiquis
3317 744 3405 791 est
3441 731 3701 803 sapientia
3733 737 3781 784 et

2221 859 2401 901 rerum
2432 839 2826 912 praeteritarum
2857 832 3113 904 cognitio,
3164 836 3425 896 reputans
3463 823 3632 877 etiam
3660 821 3783 874 sicut

2221 945 2402 1008 postea
2441 932 2517 988 rei
2545 931 2794 1001 probavit
2815 936 3061 988 eventus,
3089 928 3310 994 propter
3335 922 3442 975 hoc
3465 918 3646 986 ipsum
3675 930 3779 968 eum

2222 1026 2506 1084 Dominum
2549 1019 2914 1091 praemisisse,
2963 1010 3306 1084 compellanti
3360 1024 3428 1062 ex
3479 1006 3674 1062 ordine
3721 1004 3785 1058 rei

2223 1128 2388 1189 gestae
2421 1115 2591 1170 texuit
2619 1113 2903 1177 historias,
2935 1124 3037 1178 qua
3075 1121 3234 1161 causa
3274 1105 3551 1166 venisset,
3582 1115 3785 1170 qumque

2223 1210 2360 1264 visio
2393 1213 2613 1277 propter
2638 1204 2775 1258 hanc
2805 1217 2919 1255 rem
2947 1198 3046 1253 sibi
3079 1197 3245 1251 fuerit
3282 1195 3682 1250 demonstrata.
3722 1190 3786 1244 Ad

2223 1300 2338 1356 haec
2377 1311 2538 1352 senex
2569 1293 2844 1365 paululum
2879 1301 3038 1346 teme
3085 1287 3326 1357 deligens
3366 1292 3687 1354 aspectum,
3714 1297 3788 1334 vu-

2223 1401 2452 1456 cemque
2482 1384 2618 1439 infra
2644 1384 2831 1438 fauces
2856 1379 3248 1448 comprimens,
3275 1375 3355 1431 sic
3375 1375 3604 1429 demum
3623 1387 3712 1426 ora
3730 1386 3790 1425 re-

2225 1477 2385 1535 solvit
2418 1493 2431 1529 :
2470 1475 2526 1531 Si
2557 1473 2690 1528 mihi
2721 1488 2842 1542 qua:
2867 1485 2966 1540 pro
2994 1468 3084 1524 tali
3123 1481 3352 1522 munere
3378 1465 3655 1518 debentur
3679 1476 3790 1531 pr:-

2225 1571 2334 1628 mia
2361 1569 2522 1639 digna
2547 1563 2798 1636 rependis
2815 1604 2830 1626 ,
2857 1562 2967 1615 Deo
2992 1557 3230 1622 favente,
3258 1565 3394 1627 puto
3418 1553 3509 1610 me
3536 1553 3693 1608 ocius
3719 1566 3790 1606 ue-

2227 1661 2372 1732 gotio
2397 1657 2557 1712 finem
2584 1641 2932 1723 perfectionis
2969 1649 3267 1717 imponere,
3297 1649 3576 1714 quatenus
3609 1657 3700 1712 pro
3725 1640 3792 1694 bis

2229 1749 2425 1821 quibus
2467 1746 2706 1800 laborem
2743 1741 2878 1796 tanti
2911 1738 3119 1794 itineris
3158 1733 3506 1803 assumpsisti
3539 1732 3791 1802 peractis,

2152 1832 2200 1893 Β
2228 1854 2397 1897 ovans
2433 1837 2498 1892 ad
2529 1835 2745 1907 propria
2775 1832 3032 1900 repedare
3061 1843 3246 1898 queas.
3279 1824 3457 1893 Hujus
3489 1839 3631 1894 ergo
3657 1824 3790 1877 verba

2225 1943 2348 1986 cum
2375 1928 2458 1981 vir
2483 1925 2578 1981 Dei
2605 1921 2907 1993 perorantis
2928 1918 3166 1972 audisset
3189 1930 3204 1969 :
3234 1914 3418 1979 Nulla,
3442 1913 3694 1982 inquam,
3713 1913 3793 1964 erit

2227 2023 2283 2078 in
2329 2034 2555 2076 munere
2597 2017 2774 2071 dando
2819 2011 3104 2068 difﬁcultas
3128 2009 3258 2080 quin
3297 2007 3488 2062 omnia
3517 2019 3643 2074 quae
3676 2019 3705 2056 ι
3727 2017 3791 2055 tne

2226 2112 2410 2184 poscis
2436 2111 2574 2170 dem,
2610 2116 2819 2162 tantum
2851 2111 2936 2159 est
2962 2111 3022 2156 ut
3054 2097 3438 2172 promissionis
3475 2099 3590 2150 tua:
3619 2109 3793 2148 memor

2229 2207 2369 2261 dicta
2401 2202 2556 2258 factis
2579 2211 2974 2268 recompenses.
3007 2195 3086 2248 Ad
3111 2193 3227 2247 htec
3254 2190 3346 2244 ille
3379 2207 3392 2244 :
3424 2189 3596 2252 Cum,
3632 2185 3788 2254 inquit.

2228 2293 2478 2362 lucifugze
2507 2289 2684 2345 noctis
2710 2297 2950 2356 tempora
2978 2281 3369 2349 conticiniique
3395 2287 3579 2332 metas
3609 2275 3787 2346 propin-

2231 2396 2402 2452 quare
2426 2378 2791 2452 prospexeris,
2807 2383 2863 2429 tu
2886 2389 2954 2428 ne
2977 2372 3044 2428 ad
3067 2371 3341 2426 modicum
3363 2367 3597 2438 quidem
3615 2364 3791 2434 indulge

2231 2473 2419 2544 quieti,
2451 2472 2545 2528 sed
2576 2469 2700 2525 tecti
2727 2467 2886 2539 adyta
2909 2463 3180 2534 linquens,
3220 2460 3371 2515 nudo
3401 2458 3511 2514 sub
3553 2457 3688 2513 aeris
3710 2469 3790 2508 ue

2233 2561 2533 2620 indefessus
2596 2556 2903 2630 speculator
2949 2553 3156 2608 adesto.
3207 2549 3464 2619 Cumque
3525 2544 3792 2603 solitudinis

2235 2654 2395 2726 hujus
2458 2654 2635 2708 locum
2692 2649 2927 2719 aliquem
2977 2645 3180 2700 lumine
3238 2641 3561 2698 clarissimo
3611 2637 3789 2694 radiare

2235 2745 2585 2818 conspexeris
2613 2741 2755 2798 nivei
2783 2736 2985 2795 montis
3011 2737 3202 2798 instar,
3239 2740 3435 2787 notato
3459 2737 3615 2786 certa
3646 2736 3792 2782 metu

2233 2839 2411 2895 locum
2442 2854 2456 2890 :
2487 2846 2724 2904 namque
2747 2828 2822 2886 ibi
2845 2825 3234 2884 inveniendum
3265 2832 3357 2879 est
3384 2821 3536 2877 unde
3560 2830 3662 2876 tuae
3679 2829 3792 2872 cura

2237 2929 2359 2984 linis
2387 2929 2713 2996 imponatur.

2240 3039 2509 3111 Reliquias
2565 3050 2743 3092 sacras
2797 3033 2853 3087 in
2897 3027 3126 3109 Galliam
3177 3027 3355 3097 defert
3409 3023 3686 3080 comitibus
3722 3016 3792 3072 Ce-

2895 3115 3157 3155 nomams.

2311 3228 2364 3282 7.
2396 3224 2565 3296 Igitur
2585 3218 2876 3292 praedictus
2899 3215 2982 3270 vir
3018 3211 3200 3268 verbis
3239 3209 3407 3264 fidem
3447 3207 3610 3270 dans,
3639 3199 3792 3258 ardens

2241 3328 2422 3374 autem
2474 3313 2774 3376 desiderio,
2826 3308 3004 3380 primo
3059 3303 3264 3373 quietis
3326 3314 3529 3356 somno
3583 3302 3792 3367 percepto

2239 3417 2413 3465 stratu
2437 3421 2557 3462 sese
2579 3402 2878 3464 excutiens,
2892 3403 3285 3469 praeceptorum
3308 3391 3466 3446 senis
3492 3387 3637 3443 baud
3651 3381 3793 3452 segnis

2241 3499 2643 3566 obtemperator
2683 3489 2911 3546 exstitit.
2957 3485 3200 3552 Namque
3224 3479 3506 3551 praedicta
3527 3469 3794 3531 solitudinis

2239 3589 2456 3663 plagam
2495 3582 2792 3655 respiciens
2830 3578 3092 3648 conspicit
3136 3576 3350 3628 eminus
3396 3571 3588 3626 locum
3633 3565 3793 3620 lumine

2241 3655 2390 3736 claro
2411 3678 2665 3739 micante,
2693 3687 2790 3728 ceu
2813 3685 2935 3726 cum
2967 3663 3326 3723 luminaribus
3356 3661 3678 3729 facibusque
3697 3655 3794 3709 den-

2243 3770 2318 3825 sis
2365 3768 2515 3823 locus
2553 3763 2748 3836 aliquis
2785 3758 3036 3833 perfusus
3083 3755 3402 3810 illustratur.
3458 3749 3669 3817 Quibus
3700 3741 3795 3796 visis

2243 3859 2572 3918 reverendus
2597 3833 2760 3912 heros
2787 3850 2982 3925 gaudio
3012 3861 3208 3917 magno
3237 3843 3483 3914 repletus
3513 3837 3696 3895 mundi
3717 3833 3794 3889 Ge

2244 3949 2519 4009 bernatori
2542 3961 2589 4003 et
2616 3945 2936 4003 saeculorum
2957 3940 3172 3998 Rectori
3199 3935 3536 3994 benedicens
3560 3933 3618 3986 in
3645 3927 3794 3984 iisdem

2244 4041 2495 4098 laudibus
2523 4039 2698 4095 noctis
2725 4036 3012 4093 terminum
3035 4027 3414 4100 exspectabat.
3454 4024 3564 4092 Qui
3596 4036 3706 4077 cum
3728 4017 3792 4070 diu

2245 4132 2585 4205 prmstolatus
2605 4127 2866 4191 affuisset,
2886 4124 3122 4194 solisque
3144 4121 3355 4192 globus,
3380 4116 3620 4187 necdum
3637 4112 3793 4183 jubare

2245 4240 2344 4282 suo
2375 4223 2559 4278 mundi
2605 4220 2778 4290 spatia
2804 4215 2978 4287 ampla
3010 4211 3336 4283 compleret,
3365 4210 3435 4264 ad
3461 4209 3643 4262 locum
3665 4205 3793 4257 intre-

2245 4317 2404 4388 pidus
2425 4319 2679 4384 properat
2702 4308 2854 4378 cujus
2881 4314 3096 4362 notator
3122 4302 3411 4358 exstiterat
3445 4317 3459 4352 :
3488 4299 3672 4366 ibique
3690 4293 3794 4346 sicut

2244 4387 2401 4479 longe
2422 4412 2704 4476 optaverat
2726 4411 2921 4467 cuneta
2943 4397 3247 4456 inveniens,
3273 4390 3646 4464 pr05peratori
3672 4387 3793 4441 itine-

2171 4527 2222 4588 Ι)
2248 4501 2326 4556 ris
2371 4499 2453 4555 sui
2481 4505 2663 4569 grates
2707 4495 3020 4550 innumeras
3067 4487 3338 4558 rependit.
3373 4479 3792 4588 Namque'locutl

2249 4593 2438 4650 adiens
2461 4565 2698 4646 loculum
2731 4586 2929 4642 ibidem
2964 4581 3199 4641 invenit,
3234 4577 3483 4633 exterius
3511 4572 3714 4642 quidem
3736 4565 3793 4616 vi.

2243 4686 2373 4753 Iern,
2402 4683 2631 4740 interius
2660 4689 2838 4735 autem
2869 4674 3188 4732 retinentem
3217 4669 3401 4740 magni
3427 4665 3586 4738 pretii
3623 4673 3792 4726 marga-

2248 4752 2402 4834 ritas.
2438 4775 2547 4830 Pro
2593 4771 2798 4827 foribus
2833 4776 3010 4823 autem
3038 4772 3207 4836 petrae
3236 4761 3449 4816 scilicet
3481 4752 3792 4827 superposita:

2247 4867 2466 4942 praefixa
2492 4858 2962 4933 erantnotamina,
2989 4867 3218 4925 quorum
3249 4850 3483 4906 interius
3503 4849 3651 4902 busta
3674 4841 3790 4908 jace-

2252 4933 2405 5015 bant.
2437 4955 2533 5010 His
2572 4953 2712 5009 sicut
2755 4950 2844 5005 diu
2886 4951 3168 5018 optaverat
3196 4939 3460 5004 inventis,
3497 4933 3746 5006 patefacto
3768 4942 3788 4976 ι

2252 5051 2422 5106 latere
2482 5052 2850 5111 evacuatoque
2897 5037 3123 5100 locello,
3178 5035 3502 5089 thesaurum
3555 5029 3787 5082 inventum

2252 5143 2411 5197 unius
2438 5136 2704 5210 sportellae
2736 5132 3001 5189 conclusit
3041 5129 3070 5170 ιι
3096 5126 3239 5191 sinu,
3281 5139 3407 5194 qua:
3436 5128 3615 5192 sporta
3643 5119 3788 5171 hacta
