3916 5434
546 281 657 347 907

1489 278 1887 363 ADBEVALDi
1937 275 2436 336 FLORIACENSIS
2492 277 2798 336 ΜΟΝΑΟΗΙ

546 397 747 469 quique
774 403 935 465 atque
961 393 1231 464 sapientes
1270 393 1356 449 his
1388 394 1769 449 contradixere
1809 393 2011 457 verbis,
2044 391 2132 461 ju-
2158 395 2206 457 Α
2234 393 2440 448 occulta
2490 393 2703 448 fuerant
2731 393 2848 449 luce
2895 393 3095 449 clarius
3120 395 3405 465 propalare
3428 395 3681 467 dignatus
3704 406 3798 453 est.

549 499 691 546 stum
719 502 823 542 non
848 502 966 542 esse
995 486 1236 540 dicentes
1254 526 1269 550 ,
1296 493 1353 539 ut
1375 501 1511 556 quos
1538 485 1716 541 divina
1743 485 1992 541 voluntas
2016 500 2135 556 par-

548 578 739 648 ticipes
772 578 973 633 fecerat
1015 576 1216 632 oraculi
1248 577 1486 633 caelestis
1510 618 1527 644 ,
1555 585 1608 632 et
1637 576 1727 647 qui
1764 576 1923 631 simul
1953 576 2132 630 locum

548 679 859 728 sanctorum
886 670 1057 726 thecae
1077 684 1365 739 corporum
1390 668 1660 734 adissent,
1709 667 1908 738 quique
1932 666 1983 720 in
2006 667 2134 722 sub-

548 764 725 821 eundo
746 778 904 835 pares
931 761 1114 817 labore
1139 762 1375 826 fuerant,
1401 776 1507 815 non
1540 760 1706 817 etiam
1745 759 1951 815 fructus
1992 757 2137 814 labo-

550 855 626 912 ris
654 872 808 927 aeque
834 857 1185 931 partirentur.
1218 856 1449 913 Maxime
1474 872 1603 912 vero
1632 871 1736 911 non
1766 870 1884 912 esse
1912 855 2133 927 dignum

549 947 823 1015 dicebant,
855 957 914 1003 ut
952 948 1058 1003 duo
1094 964 1285 1021 magna
1316 947 1606 1002 luminaria
1642 947 1745 1004 loci
1779 947 1939 1003 unius
1980 961 2134 1003 coar-

550 1045 723 1094 ctaret
768 1040 1053 1111 angustia,
1095 1054 1215 1095 cum
1257 1036 1563 1095 sufﬁcerent
1608 1038 1832 1110 singulis
1864 1038 1995 1095 locis
2024 1038 2131 1094 sin-

549 1129 690 1201 gula.
732 1129 967 1184 Tandem
1005 1131 1166 1203 igitur
1206 1131 1525 1202 sarpedietus
1551 1130 1875 1187 venerabilis
1923 1131 2007 1184 vir
2048 1129 2135 1193 Ai-

544 1209 727 1292 gnlfus
791 1221 1029 1277 consiliis
1074 1223 1503 1277 venerandorum
1561 1222 1799 1278 virorum
1852 1212 2133 1281 assensum

551 1310 698 1367 dedit
726 1293 1103 1383 decrevitque,
1137 1321 1196 1368 ut
1221 1313 1333 1382 ipse
1367 1329 1489 1367 cum
1526 1312 1641 1368 suis
1671 1321 1881 1368 retento
1908 1326 2135 1382 corpore

570 1421 609 1459 ι.
641 1402 939 1468 Benedicti,
987 1405 1162 1461 socios
1204 1420 1329 1461 suos
1370 1421 1493 1461 cum
1543 1421 1768 1479 corpore
1816 1406 2135 1465 venerandae

552 1495 756 1552 sororis
777 1496 893 1567 ejus
917 1496 1210 1553 dimitteret
1237 1510 1284 1551 ο.
2038 1500 2065 1509 ‘

555 1649 811 1724 Reliquia:
835 1669 1000 1709 sacrm
1023 1663 1349 1709 mortuorum
1376 1656 1717 1712 suscitatione
1742 1656 2131 1713 discernuntur.

537 1853 547 1865 .
624 1806 705 1862 l5.
744 1805 989 1878 Sedquia
1014 1817 1224 1864 certum
1241 1825 1348 1864 non
1368 1810 1734 1881 eratqualiter
1753 1811 1984 1867 discerni
2007 1827 2132 1868 ossa

544 1901 848 1972 potuissent
869 1917 991 1971 quas
1016 1900 1239 1982 eottfuse
1262 1904 1423 1960 unius
1460 1905 1732 1975 sportellae
1758 1905 1911 1961 sinus
1936 1906 2135 1962 retine-

550 1990 664 2056 bat,
694 1989 835 2046 facta
860 1989 1173 2048 difﬁcultate
1215 1994 1553 2049 discernendi
1598 1996 1666 2051 ad
1708 1996 1812 2050 hoc
1845 1996 2134 2052 consilium

546 2091 771 2137 ventum
793 2091 898 2150 est,
930 2092 989 2139 ut
1013 2099 1078 2140 ea
1106 2100 1228 2155 qua:
1253 2085 1462 2141 minora
1487 2087 1801 2143 viderentur
1830 2102 1952 2144 ossa
1981 2102 2136 2158 sepa-

542 2173 709 2229 ratim
739 2182 1092 2245 ponerentur,
1137 2174 1341 2245 majora
1372 2192 1504 2231 vero
1538 2177 1863 2235 altrinsecus
1901 2193 2134 2251 congre-

546 2273 828 2336 garentur.
880 2266 1019 2321 Dum
1050 2266 1214 2337 igitur
1239 2267 1484 2323 dividens
1523 2268 1797 2324 haesitaret
1833 2279 1889 2325 et
1923 2278 2133 2325 certum

548 2356 678 2426 quid
718 2355 951 2425 judicari
994 2373 1103 2414 non
1143 2367 1359 2429 posset,
1419 2359 1695 2415 Divinitati
1752 2360 1877 2415 huic
1913 2360 2137 2430 ancipiti

549 2450 835 2505 sententia:
864 2449 1045 2505 taliter
1072 2451 1232 2507 ﬁnem
1266 2451 1546 2521 imponere
1566 2450 1785 2521 placuit.
1845 2450 1979 2506 Nam
2008 2466 2135 2509 eum

555 2541 824 2598 continuis
845 2542 1191 2599 Divinitatem
1228 2543 1479 2615 precibus
1520 2543 1697 2599 noctis
1735 2545 1966 2615 spatium
1993 2543 2135 2598 utri-

544 2648 656 2705 que
682 2633 866 2705 populi
895 2649 993 2704 pro
1032 2643 1185 2692 tanto
1214 2635 1314 2690 sibi
1348 2634 1746 2691 manifestando
1777 2635 1995 2707 negotio
2014 2633 2136 2705 pul-

548 2727 838 2791 savissent,
867 2726 1012 2783 facto
1039 2742 1202 2783 mane
1227 2728 1634 2799 conspiciuntur
1662 2727 1874 2781 eminus
1903 2728 2136 2785 duorum

545 2816 893 2888 parvulorum
944 2818 1218 2888 exsequiae
1259 2818 1625 2883 cadaverum,
1686 2832 1915 2888 quorum
1967 2832 2134 2871 unum

546 2916 668 2963 erat
694 2907 978 2964 masculini
1000 2922 1187 2973 sexus,
1212 2907 1441 2963 alterum
1462 2906 1700 2962 feminei.
1741 2905 1909 2977 Igitur
1934 2906 2135 2963 salubri

478 3028 483 3033 -
546 3009 777 3072 accepto
820 2999 1049 3057 consilio
1094 3000 1163 3056 ad
1202 3013 1265 3056 se
1308 2999 1619 3056 exanimata
1661 3014 1890 3070 corpora
1935 2997 2136 3055 deferri

540 3091 756 3165 iubent.
824 3091 979 3161 Quod
1019 3107 1142 3149 cum
1185 3090 1391 3147 factum
1431 3099 1617 3158 esset,
1665 3091 1891 3149 masculi
1935 3107 2134 3162 corpus

547 3198 716 3255 prope
744 3198 869 3240 ossa
891 3185 1017 3257 poni
1047 3181 1293 3240 fecerunt
1324 3198 1444 3254 qum
1477 3183 1848 3254 magnitudine
1871 3193 2133 3255 praestare

543 3277 891 3345 videbantur,
922 3280 1168 3350 miroque
1203 3277 1367 3334 modo
1409 3292 1536 3333 mox
1574 3285 1638 3352 ut
1684 3278 1883 3335 mortui
1920 3287 2136 3334 mortua

548 3367 778 3440 tetigere
812 3383 935 3424 ossa
959 3368 1224 3440 jacentis,
1254 3383 1354 3442 per
1380 3379 1654 3427 mortuum
1692 3377 1904 3425 mortuo
1939 3379 1995 3426 et
2022 3370 2137 3425 vita

546 3457 761 3515 reddita
805 3467 907 3515 est.
966 3457 1229 3515 Similiter
1274 3467 1456 3515 autem
1500 3460 1580 3517 eis
1613 3458 1819 3531 placuit
1869 3468 1931 3515 ut
1967 3474 2139 3531 penes

550 3550 765 3607 minora
806 3558 1033 3607 mortua:
1067 3550 1257 3623 puellae
1305 3566 1503 3624 corpus
1541 3553 1670 3624 poni
1715 3552 1953 3609 deberet.
1980 3553 2137 3610 'Dens

552 3651 732 3698 autem
775 3649 834 3697 ut
870 3642 1266 3698 demonstraret
1294 3658 1585 3715 germanos
1619 3658 1739 3699 esse
1767 3645 1859 3714 qui
1884 3641 2136 3699 fereban-

544 3743 641 3790 tur
671 3735 886 3801 merito,
915 3736 1368 3806 quemadmodum
1388 3739 1571 3793 carnis
1599 3753 1708 3793 una
1726 3739 2134 3807 procreatione,

547 3840 658 3883 uno
682 3828 980 3898 eodemque
1010 3836 1251 3899 tempore
1279 3843 1441 3900 pares
1478 3829 1676 3885 merito
1706 3846 1866 3901 pares
1892 3846 2011 3887 esse
2044 3847 2140 3888 vo-

548 3918 651 3975 luit
698 3920 752 3975 in
797 3920 1057 3977 miraculo
1085 3922 1147 3988 lt;
1193 3921 1269 3976 ita
1326 3930 1383 3976 ut
1432 3922 1609 3993 puella
1654 3924 1843 3979 eadem
1888 3924 2022 3981 liora
2070 3925 2139 3981 ab

553 4009 731 4065 cilicio
761 4009 965 4067 funeris
1012 4022 1297 4084 surgeret:
1332 4023 1389 4069 et
1430 4029 1551 4085 quae
1591 4029 1621 4069 a
1660 4013 1914 4072 flentibus
1950 4016 2139 4074 amicis

550 4103 872 4173 portabatur
898 4104 963 4161 ad
988 4104 1504 4170 tumulum,‘iisdem
1544 4106 1899 4178 gaudentibus
1939 4108 2141 4169 rediret

555 4194 793 4249 domum.
832 4194 1129 4266 Antiquum
1156 4212 1389 4268 namque
1417 4199 1840 4271 inusitatumque
1871 4210 1993 4271 post
2022 4199 2140 4259 Eli-

553 4286 629 4341 sei
658 4295 837 4343 actum
882 4287 931 4361 (1
951 4288 986 4343 γ
1016 4287 1141 4360 Reg.
1174 4290 1263 4361 xv)
1305 4301 1614 4348 revocatum
1659 4294 1762 4349 hoc
1796 4303 2012 4351 constat
2041 4296 2141 4355 mi-

553 4378 829 4447 raculum,
876 4381 1003 4451 quia
1050 4382 1435 4452 omnipOIentis
1476 4384 1570 4439 Dei
1604 4400 1797 4440 manus
1837 4394 1895 4440 ut
1919 4386 2141 4440 demon-

2237 486 2523 545 Cenomam’
2559 485 2617 542 S.
2649 486 2991 610 Sclzolrésticm
3020 488 3253 612 relliquiis
3280 488 3551 544 basilicam
3570 498 3622 543 α
3655 505 3808 545 σειο-

2856 574 3080 612 mmrou
3127 568 3240 612 aut.

2856 574 2963 612 tum
2987 568 3240 613 condunt.

2308 647 2393 703 Η.
2433 647 2599 719 Igitur
2621 648 2830 704 sublata
2866 649 3011 702 omni
3040 649 3261 719 ancipiti
3288 647 3564 709 sententia
3597 665 3809 719 quasu-

2234 754 2334 810 per
2398 739 2716 810 corporibus
2782 739 3155 799 discernendis
3214 741 3304 807 diu
3352 755 3559 797 eorum
3622 743 3808 800 extimos

2234 839 2613 902 occupaverat,
2650 830 2838 901 plebes
2858 829 3231 891 Cenomanica:
3251 832 3321 891 ad
3344 846 3542 901 corpus
3571 831 3635 885 Β.
3661 830 3809 890 Scho-

2234 923 2437 978 lastic:c
2462 922 2749 978 salubriter
2778 930 3075 979 verterunt.
3115 910 3269 991 Quod
3302 938 3521 1002 summa
3553 923 3810 981 celeritate

2234 1016 2469 1071 levatum
2512 1016 2850 1085 imponentes
2891 1014 3125 1086 scapulis
3148 1057 3164 1080 ,
3213 1032 3337 1072 cum
3368 1018 3573 1089 gaudio
3603 1020 3673 1074 ad
3705 1030 3808 1089 pre-

2230 1108 2411 1177 prium
2435 1107 2611 1169 locum
2647 1106 3100 1177 deportaverunt:
3130 1107 3315 1177 ibique
3347 1110 3565 1179 magnis
3594 1111 3804 1179 sumpti-

2234 1200 2335 1255 bus
2360 1200 2625 1259 :edilicata
2653 1208 2735 1255 est
2768 1199 3018 1265 ecclesia.
3038 1208 3096 1255 et
3125 1202 3395 1256 ordinatis
3413 1217 3654 1271 queque
3678 1214 3809 1258 eum

2235 1291 2545 1347 necessaria
2607 1290 2825 1346 feminis
2880 1291 2990 1345 Deo
3043 1292 3406 1346 servientibus
3465 1291 3615 1346 infra
3676 1293 3811 1348 breve

2236 1381 2470 1451 spatium
2518 1380 2779 1451 temporis
2826 1380 3073 1452 plurima:
3113 1380 3375 1436 nobilium
3405 1381 3741 1438 feminarum
3768 1385 3806 1437 in

2234 1476 2423 1530 eodem
2471 1475 2800 1530 monasterio
2848 1485 3150 1546 aggregata‘.
3180 1484 3351 1541 sunt,
3393 1491 3517 1545 qua:
3556 1492 3625 1531 se
3649 1476 3811 1530 relicto

2236 1566 2671 1624 saeculo-Domini
2700 1566 2931 1625 servitio
2970 1560 3374 1639 manetpaiunt.
3432 1567 3543 1623 Sed
3582 1577 3641 1624 et
3664 1570 3809 1639 ipsum

2232 1658 2627 1717 monasterium
2657 1672 2826 1727 usque
2852 1673 2997 1713 nunc
3028 1658 3243 1730 magnis
3276 1657 3681 1715 miraculo“
3710 1658 3807 1713 illa-

2160 1769 2209 1831 B
2236 1748 2593 1805 strationibus
2622 1762 2654 1803 a
2684 1747 2918 1803 Domino
2946 1740 3267 1803 honoi'atur.

2236 1837 2437 1910 Corpus
2463 1839 2632 1895 sancti
2656 1837 2925 1910 Βαιθώριὶ
2947 1839 3021 1910 in
3071 1836 3292 1910 ecclesia
3328 1836 3392 1910 ,5.
3430 1835 3804 1910 ,ἔμεινέ-ἀφθά-

2306 1906 2539 1973 tuan-in
2575 1908 2791 1965 ecclesia
2834 1906 2893 1963 S.
2940 1906 3129 1964 Maria’
3170 1907 3498 1965 reconditur.
3561 1907 3806 1963 Mirer-dit

2308 1979 2454 2035 locus
2479 1979 2792 2034 celebratur.

2306 2072 2397 2129 l5.
2434 2071 2506 2126 At
2528 2087 2658 2126 vero
2679 2069 3004 2127 Mummolus
3028 2071 3194 2126 abbas
3216 2079 3271 2125 et
3294 2070 3641 2126 venerabilis
3666 2070 3804 2141 Aignl-

2236 2161 2326 2219 fus
2346 2162 2667 2220 levaverunt
2697 2176 2895 2233 corpus
2931 2161 2990 2218 S.
3022 2163 3295 2218 Benedicti
3346 2162 3498 2233 quod
3537 2180 3569 2216 a
3606 2161 3804 2216 θεοέῇ

2238 2257 2494 2313 collatum
2521 2256 2689 2312 certis
2712 2255 2930 2311 indiciis
2957 2256 3347 2327 apparentibus
3377 2255 3663 2319 tenebant,
3696 2263 3742 2309 et
3766 2254 3802 2307 is

2235 2351 2466 2407 Basilica
2505 2350 2568 2406 Β.
2615 2349 2761 2405 Petri
2795 2361 2818 2389 ε
2860 2350 2927 2404 ad
2974 2348 3393 2404 custodiendum
3444 2348 3799 2417 deposuerunt

2239 2442 2392 2513 Quod
2424 2458 2545 2498 cum
2576 2442 2772 2497 eximia
2802 2458 2930 2497 cura
2959 2450 3273 2505 servantes,
3318 2440 3679 2497 conferebant
3696 2441 3805 2493 inter

2239 2549 2298 2589 se
2329 2550 2436 2606 quo
2467 2534 2519 2589 in
2560 2532 2683 2589 loco
2717 2532 2956 2605 ejusdem
2990 2532 3309 2588 monasterii
3336 2533 3392 2587 id
3420 2533 3625 2588 divina
3649 2530 3803 2587 volun-

2239 2627 2336 2683 tati
2377 2627 2768 2683 concordantes
2807 2626 3116 2682 bnmarent.
3166 2624 3347 2695 Super
3379 2641 3493 2697 qua
3523 2640 3584 2679 re
3608 2641 3706 2680 non
3731 2625 3804 2678 mi-

2238 2721 2384 2776 nima
2414 2735 2603 2775 eorum
2630 2719 2840 2774 animos
2865 2718 3114 2774 dubietas
3135 2728 3534 2789 occupaverat.
3576 2718 3804 2773 SedDm

2240 2813 2331 2884 qui
2362 2812 2592 2883 benigna
2624 2812 2827 2880 pietate
2875 2825 2969 2866 sua
3001 2809 3172 2866 sancti
3209 2811 3315 2865 viri
3363 2825 3578 2880 corpus
3615 2808 3677 2863 de
3718 2807 3805 2861 loco

2240 2906 2409 2980 priori
2449 2903 2884 2962 transferendum
2935 2903 3210 2970 decrevit,
3251 2904 3306 2959 in
3357 2904 3613 2974 sequenti
3658 2911 3802 2971 aptum

2239 2998 2416 3057 locum
2464 2999 2753 3073 sepulturae
2796 2998 3051 3069 providit.
3096 2995 3241 3059 Nam
3272 3011 3400 3051 cum
3428 2996 3548 3061 diu,
3573 2996 3702 3050 sicut
3718 2993 3802 3064 jam

2241 3093 2444 3149 dictum
2474 3100 2589 3158 est,
2620 3092 2796 3151 beata:
2840 3090 3113 3149 memoriae
3162 3087 3500 3149 Mummolus
3551 3088 3801 3160 superbae

2240 3198 2302 3239 re
2326 3184 2587 3257 cogitaret
2612 3181 3004 3250 consiliumque
3031 3181 3161 3236 utile
3188 3189 3488 3252 quareret,
3519 3181 3799 3250 intempest:

2240 3286 2399 3333 nocte
2439 3283 2698 3335 consueta
2756 3274 3018 3331 orationis
3060 3272 3204 3328 furta
3274 3274 3603 3351 requirens,
3655 3274 3802 3327 stratis

2240 3368 2444 3429 relictis
2472 3370 2613 3424 sicut
2637 3378 2995 3425 consueverat
3020 3368 3406 3425 dormitorium
3433 3383 3706 3440 egressus,
3728 3366 3800 3419 sub

2238 3462 2385 3518 nudo
2409 3461 2547 3517 ccelo
2575 3461 2738 3531 coepit
2784 3461 2926 3516 inter
2951 3459 3053 3515 alia
3078 3460 3298 3532 preca'ri
3316 3500 3329 3522 ,
3361 3468 3424 3514 ut
3449 3459 3637 3514 divina
3665 3460 3797 3530 pietas

2239 3554 2291 3613 ei
2340 3554 2558 3612 salubre
2609 3553 2897 3611 consilium
2946 3561 3289 3626 suggereret,
3343 3568 3590 3622 quonam
3638 3550 3800 3607 inlota

2242 3647 2586 3704 sanctissima
2629 3647 2873 3703 membra
2933 3643 3155 3700 locaret.
3222 3644 3413 3699 Adfuit
3455 3645 3547 3701 his
3591 3644 3799 3716 precibus

2240 3736 2481 3795 clemens
2521 3737 2668 3794 auris
2692 3736 3112 3807 omnipotentis,
3162 3750 3285 3807 qum
3315 3750 3511 3790 servos
3546 3750 3673 3790 suos
3688 3733 3798 3802 just:

2238 3832 2487 3904 petentes
2525 3832 2710 3888 audire
2740 3830 3042 3887 consuevit.
3082 3829 3218 3885 Nam
3259 3829 3352 3885 lux
3400 3830 3590 3886 subito
3629 3828 3799 3885 caelitus

2234 3910 2439 3980 emissa
2482 3931 2607 3979 ante
2648 3921 2885 3978 basilicae
2933 3920 3164 3976 frontem
3206 3922 3380 3976 beatae
3409 3920 3506 3976 Dei
3546 3919 3799 3977 Genitricis

2239 4011 2425 4068 Marim
2447 4014 2499 4068 in
2518 4013 2734 4068 modum
2761 4012 2892 4068 facis
2914 4013 3111 4068 ardens
3140 4012 3193 4066 in
3218 4027 3345 4067 eum
3372 4012 3557 4069 locum
3582 4012 3670 4068 ubi
3690 4025 3797 4065 nunc

2240 4113 2324 4161 est
2350 4106 2625 4161 conditum
2659 4120 2858 4176 corpus
2886 4103 3134 4175 protendi
3165 4104 3280 4158 visa
3323 4113 3426 4158 est.
3468 4102 3626 4171 Quod
3663 4102 3799 4156 visum

2239 4195 2325 4251 vir
2348 4194 2561 4250 Domini
2595 4192 2916 4250 Mummius
2944 4202 3004 4249 ut
3028 4192 3186 4257 vidit,
3208 4192 3361 4249 omni
3387 4192 3666 4248 dubietate
3688 4198 3799 4260 pist-

2232 4287 2415 4365 posita
2467 4285 2771 4342 certissime
2821 4284 3050 4343 credidit
3106 4285 3248 4353 quod
3317 4284 3409 4339 hic
3467 4283 3622 4338 locus
3674 4288 3799 4351 aptus

2241 4387 2388 4434 esset
2419 4376 2592 4433 sancti
2619 4376 2721 4431 viri
2753 4375 3009 4430 membris
3045 4373 3307 4430 locandis.
3346 4373 3521 4443 igitur
3557 4370 3795 4445 posthabi-

542 4479 754 4527 straret
774 4472 837 4527 Β.
864 4472 1213 4529 Benedictum
1239 4490 1341 4531 nec
1378 4475 1533 4531 novis
1562 4490 1664 4531 nec
1704 4477 1940 4546 antiquis
1965 4476 2217 4562 Patri-9
2245 4470 2313 4525 tis
2365 4469 2709 4529 mordacibus
2762 4468 2907 4523 curis
2952 4476 3007 4523 et
3055 4467 3251 4522 visioni
3298 4465 3631 4539 omnimodis
3671 4463 3794 4517 ﬁdem

554 4565 655 4621 bus
686 4565 946 4636 imparem
972 4606 986 4632 ,
1034 4566 1229 4622 merito
1255 4582 1440 4638 parem
1487 4567 1633 4623 illum
1674 4569 1868 4623 extulit
1909 4571 2131 4640 prophe-

538 4666 732 4714 tarum
760 4658 1048 4731 Operibus:
1084 4660 1490 4731 completurque
1502 4661 1739 4717 veridica
1763 4677 1867 4717 vox
1886 4660 2142 4717 Veritatis

555 4751 962 4824 promittentis:
995 4742 1415 4817 Qui'crediderit
1444 4752 1500 4807 in
1545 4769 1647 4819 me,
1696 4769 1853 4824 opera
1893 4770 2010 4824 qua:
2046 4770 2139 4825 ego

556 4841 695 4913 facio
721 4840 878 4912 faciet
907 4839 1091 4911 (Joan.
1124 4856 1176 4904 κ,
1204 4840 1316 4909 12).
1357 4838 1561 4896 Omnes
1586 4841 1750 4913 igitur
1778 4841 1915 4897 laetis
1942 4843 2139 4899 animis

557 4934 875 5007 magnisque
894 4931 1116 4987 vocibus
1127 4932 1451 4987 benedicunt
1466 4934 1775 5002 Dominum,
1792 4935 1883 5006 qui
1897 4951 2017 5007 quae
2031 4936 2135 4995 sibi

626 5101 652 5130 ι
691 5086 809 5143 [loc
831 5084 1029 5140 factum
1053 5085 1323 5156 improbat
1355 5084 1620 5153 Notkerns
1651 5106 1664 5142 :
1704 5087 1795 5144 Vc
1825 5090 2135 5144 miserorum

557 5158 755 5215 meritis
779 5198 795 5222 ,
827 5157 1000 5226 inquit
1038 5155 1159 5230 loco
1203 5158 1393 5230 citato,
1442 5174 1548 5230 per_
1575 5176 1706 5230 quos
1751 5160 2135 5226 reparationem

558 5245 713 5300 passa
755 5237 911 5294 sunt,
955 5242 1073 5299 quae
1100 5225 1447 5297 dispositione
1504 5225 1845 5300 .SfSpiritaa
1887 5230 2137 5304 conjungi

561 5308 1068 5434 mgulgrrldggvieum
1086 5368 1392 5423 Flon‘aeum
1420 5365 1533 5434 (qui
1556 5376 1716 5424 vetus
1744 5370 2030 5427 Floriacus
2050 5372 2140 5426 di-

2244 4562 2411 4629 dans,
2463 4562 2515 4615 in
2547 4559 2738 4617 eodem
2770 4558 2888 4614 loco
2910 4573 3019 4629 quo
3051 4557 3153 4612 sibi
3195 4558 3627 4610 demonstratum
3656 4551 3795 4606 fuerat

2241 4670 2363 4710 cum
2394 4669 2588 4724 magno
2632 4652 2813 4709 studio
2854 4652 2905 4706 in
2934 4650 3126 4705 melius
3158 4658 3354 4704 ornato
3382 4651 3484 4704 sub
3526 4648 3691 4719 pridie
3716 4643 3793 4697 No-

2241 4760 2343 4800 nas
2370 4743 2681 4799 Decembris
2709 4760 2831 4798 cnm
2865 4742 3066 4814 ingenti
3097 4743 3301 4796 honore
3330 4749 3385 4794 et
3418 4740 3664 4794 laudibus
3694 4734 3794 4789 diri

2242 4837 2329 4893 nis
2356 4844 2514 4891 terra:
2541 4836 2728 4890 humili
2763 4844 2963 4889 terram
2998 4832 3146 4888 multi
3166 4832 3326 4903 pretii
3346 4829 3577 4886 reddere
3603 4826 3789 4885 studuit,

2243 4929 2445 5001 vilique
2485 4944 2622 4985 urna
2646 4927 2673 4969 ἀ
2705 4928 2943 4983 contexit
2972 4925 3251 4982 cwlestem
3292 4924 3633 4985 thesaurum.
3685 4917 3788 4973 Nan

2240 5087 2359 5145 sola
2397 5086 2619 5142 basilica
2659 5084 2718 5139 Β.
2754 5083 2945 5139 Mariae
2982 5097 3134 5138 sacra
3155 5122 3171 5148 ,
3200 5097 3323 5150 qua:
3349 5080 3429 5135 uti
3471 5091 3528 5136 et
3562 5076 3785 5149 oppida

2246 5159 2579 5217 monasterio
2616 5154 3055 5226 circumpositum
3088 5152 3478 5226 ‘_S.>Beaedieti
3517 5160 3787 5207 noman-

2257 5230 2420 5341 cepit.
2449 5229 2610 5355 vulgo
2636 5227 2696 5283 S.
2725 5222 3260 5304 Bertoiat-sar—Loire.

2385 5298 2499 5355 Hoc
2565 5301 2612 5353 ie
2643 5297 2903 5353 Tumlatio
2931 5297 2988 5350 S.
3007 5294 3260 5349 Benedlct

2385 5286 2499 5356 Hoc
2527 5286 2612 5355 die
2643 5297 2903 5353 Tumlatio
2931 5297 2988 5350 S.
3007 5293 3283 5349 Benedicti
3309 5294 3362 5347 in
3392 5292 3657 5362 plerisque
3673 5286 3783 5343 lar-

2249 5369 2509 5434 tyrologis
2556 5386 2685 5425 mss.
2721 5366 3071 5423 inscribitur:
3106 5372 3161 5418 et
3210 5364 3269 5418 S.
3316 5362 3436 5419 Odo
3468 5364 3535 5417 in
3577 5367 3783 5434 sum!”
