3916 5434
42 290 143 347 91⁵
1138 311 1226 368 or:
1267 305 1646 370 MlRACULlS
1685 315 1742 372 s.
1781 311 2161 379 semanimi.
2411 279 2428 284 j
3183 303 3288 368 914

40 406 180 473 θιὼ,
206 405 393 511 quill.“
423 403 710 511 imperil"?
737 419 900 511 οξῐξηέ
937 407 1383 511 Ρθῗξυωάξξάθηί
1417 407 1602 511 εοῐξᾳξ·
1628 409 1684 467 Α
1709 444 1898 485 corum
1929 430 2209 488 decidente
2254 429 2454 506 gloria,
2497 450 2528 490 a
2565 435 2837 506 praefectis
2873 438 3059 511 palatii
3095 402 3289 504 domus

41 515 144 570 gno
187 499 367 556 mortis
414 513 612 570 genere
661 498 962 566 trucidato,
1013 497 1292 556 Heraclius
1332 497 1599 562 succedit,

39 607 225 662 regens
248 592 454 663 imperii
485 600 699 664 sceptra
725 592 912 663 viginti
943 607 1037 648 sex
1063 593 1239 648 annis.
1263 591 1470 662 Cuique
1499 590 1603 647 lie-

39 682 274 738 raclonas
301 681 424 755 [ιιι.⁹
455 681 839 755 Heracleonas]

1707 523 2064 581 ordinabatur
2098 527 2265 599 regia,
2302 529 2520 600 regibus
2558 531 2627 587 ob
2653 531 2980 602 imperitiam
3005 535 3292 594 desidiam

1711 633 1817 688 que
1887 619 2060 673 solum
2129 620 2310 690 regale
2373 636 2570 678 nomen
2635 623 2870 680 inaniter
2929 627 3288 698 gestantibus.

313 683 424 755 ξαί..
455 683 839 755 Heracleonas]
867 698 989 738 cum
1015 693 1189 739 matre
1223 683 1428 738 Marina
1471 684 1604 738 duo-

1723 683 1956 779 i’amque
1984 716 2041 764 et
2069 683 2285 781 opes-et
2307 711 2546 782 potentia
2575 714 2726 786 regni
2754 683 3130 786 penespahtii
3155 683 3295 790 prm-

36 771 136 865 bus
165 772 503 830 substituitur
526 774 684 830 annis
709 792 723 829 :
752 788 817 830 ac
843 775 1038 865 deinde
1055 774 1440 832 Constantinus
1461 773 1605 861 filius
1707 771 1902 865 ίεριοέ,

1957 799 2050 870 qui
2098 799 2528 870 majoresdomus
2571 802 2909 871 dicebantur,
2950 813 3007 862 et
3043 805 3112 862 ad
3155 819 3296 878 quos

35 863 365 970 θξπξεξξηίξηί
402 876 450 930 ⁸,
500 865 862 970 ευθξθδδίφυίε
909 859 1303 970 ονάῖυθ-δρηίε
1342 859 1607 924 summu"
1633 917 1667 970 ,ξ
1706 859 1920 946 summa
1943 859 2160 962 imperii
2183 859 2506 964 pertinebat,
2533 859 2924 964 retinebantur,
2949 859 3127 970 neque

33 959 219 1031 viginti
252 968 306 1015 et
332 975 548 1016 novem.
581 957 700 1027 Quo
741 959 1043 1031 imperante
1090 960 1332 1015 Italicum
1379 973 1606 1031 regnum

32 1045 369 1106 Grimoaldus
389 1049 493 1106 sibi
512 1064 770 1121 prospere
792 1050 1079 1121 disponere
1105 1050 1412 1117 videbatur,
1435 1048 1606 1105 Fran-
1653 1063 1661 1110 ἐ

32 1155 220 1196 eorum
263 1154 390 1197 vero
442 1142 686 1212 regimen
733 1141 1075 1200 Chlodoveus
1125 1143 1268 1198 ﬁlius
1317 1141 1607 1212 Dagoberti

31 1233 236 1304 Optime
262 1234 603 1290 asservabat.

636 1349 864 1407 CAPUT
900 1349 991 1406 XI.

34 1437 330 1496 Translatio
358 1450 661 1497 sanctorum
688 1442 958 1498 Benedicti
985 1452 1034 1498 et
1058 1441 1418 1502 Scholasticte.
1449 1442 1612 1501 Pauli

513 1512 725 1569 diaconi
749 1515 1125 1568 testimonium.

106 1624 218 1681 Bac
249 1626 477 1697 proinde
517 1636 840 1699 tempestate
873 1627 1194 1685 Mummolus
1231 1627 1398 1685 abbas
1429 1642 1614 1684 cceno-

1712 981 1825 1053 regi
1869 981 2300 1053 relinquebatur,
2341 999 2503 1055 quam
2549 996 2607 1043 ut
2649 989 2800 1060 regio
2826 997 3035 1046 tantum
3076 990 3296 1048 nomine

1713 1083 2025 1142 contentus,
2066 1076 2222 1132 crine
2255 1077 2503 1148 profuso,
2538 1080 2705 1136 barba
2741 1082 3012 1138 submissa
3046 1083 3183 1140 solio
3211 1100 3298 1142 re-

1711 1162 1935 1232 sideret,
1981 1181 2046 1224 ac
2085 1168 2322 1238 speciem
2363 1169 2691 1226 dominantis
2723 1171 3038 1245 efﬁngeret,
3090 1171 3298 1244 legatos

1610 1275 1660 1352 L,
1709 1260 2070 1333 undecunque
2114 1263 2400 1321 venientes
2445 1265 2696 1332 audiret,
2744 1266 2933 1338 eisque
2973 1266 3298 1326 abeuntibus

1710 1366 1968 1423 responsa
2001 1369 2122 1425 qua:
2162 1365 2281 1411 erat
2317 1357 2541 1414 edoctus
2574 1356 2658 1413 vel
2693 1358 2855 1414 etiam
2889 1357 3075 1428 jussus
3100 1374 3168 1416 ex
3195 1375 3298 1416 sua

1711 1443 1860 1499 velut
1896 1453 2162 1516 potestate
2199 1448 2451 1504 redderet
2480 1467 2493 1503 :
2539 1465 2662 1506 cum
2707 1458 2906 1521 praeter
2939 1451 3130 1508 inutile
3153 1452 3300 1524 regis

1715 1553 1912 1595 nomen
1943 1581 1958 1606 ,
2011 1550 2065 1596 et
2109 1542 2416 1612 precarium
2459 1543 2585 1599 vitae
2629 1544 2960 1614 stipendium
2987 1587 3002 1610 ,
3053 1545 3196 1615 quod
3245 1545 3298 1601 ei

1717 1629 2006 1701 praefectus
2046 1631 2207 1696 aulaa,
2250 1640 2414 1702 prout
2447 1634 2751 1701 videbatur,
2797 1634 3118 1701 exhibebat,
3163 1633 3300 1690 nihil

30 1718 108 1776 bii
147 1718 530 1788 Floriacensis,
577 1722 720 1792 quod
765 1721 930 1778 situm
973 1731 1058 1779 est
1098 1723 1152 1778 in
1194 1722 1470 1780 territorio
1504 1723 1616 1778 Διι-
1641 1764 1691 1825 B
1717 1720 1862 1777 aliud
1905 1723 2108 1794 proprii
2154 1725 2478 1794 possideret,
2518 1741 2680 1797 quam
2716 1742 2880 1781 unam
2922 1734 2975 1782 et
3014 1739 3132 1781 eam
3175 1739 3301 1796 per-

30 1810 321 1868 relianensi
368 1827 534 1882 supra
582 1811 802 1868 ﬂuvium
848 1811 1094 1886 Ligeris,
1143 1814 1325 1869 divina
1375 1815 1615 1869 monitus

27 1902 241 1958 visione
279 1917 379 1974 per
421 1905 688 1960 somnium
717 1946 732 1971 ,
796 1905 979 1978 dirigit
1024 1921 1130 1962 una
1177 1922 1299 1962 cum
1345 1904 1615 1963 consensu

29 1995 144 2050 Deo
180 1995 282 2051 sibi
319 1995 790 2052 commilitantium
819 1996 1045 2054 fratrem
1088 1997 1376 2068 quemdam
1405 2013 1473 2053 ex
1502 1997 1618 2054 suis

28 2088 394 2144 venerabilem
420 2090 742 2147 monachum
769 2089 1046 2162 Aigulfum
1067 2091 1322 2146 nomine:
1350 2099 1617 2162 quatenus

26 2182 356 2238 sanctissimi
383 2182 714 2240 confessoris
744 2183 948 2240 Christi
973 2183 1255 2242 Benedicti
1280 2179 1482 2254 corpus
1511 2183 1617 2237 huc

27 2273 330 2330 transferre
369 2275 610 2332 deberet.
668 2275 759 2332 Sic
800 2277 945 2332 enim
988 2276 1090 2332 sibi
1137 2275 1433 2332 revelatum
1476 2273 1615 2328 divi-

23 2365 177 2422 nitus
226 2367 525 2423 asserebat.
591 2367 689 2424 Cui
759 2384 826 2424 ex
885 2368 1164 2437 insperato
1217 2366 1620 2438 conjuuguntur

25 2460 184 2514 missi
210 2458 640 2517 Cenomanensis
675 2461 829 2518 urbis
866 2459 1126 2531 episcopi,
1166 2467 1220 2515 et
1258 2459 1357 2529 ipsi
1394 2466 1620 2528 pr0pter

22 2564 229 2620 corpus
260 2550 588 2606 beatissima:
622 2551 974 2608 Scholasticae
997 2551 1223 2623 virginis
1259 2549 1465 2606 sororis
1496 2548 1617 2604 exi-

22 2641 123 2697 mii
169 2641 349 2696 Patris
384 2641 660 2698 Benedicti
709 2640 1141 2698 transferendum
1188 2641 1366 2697 divina
1413 2639 1621 2696 revela-

23 2732 182 2788 tione
213 2732 448 2787 invitati.
486 2731 653 2801 Cujus
685 2732 764 2788 rei
801 2733 1108 2800 historiam,
1137 2733 1261 2802 quia
1288 2733 1342 2787 in
1367 2739 1618 2802 promptu

21 2835 112 2881 est
137 2827 359 2897 (scripta
381 2826 495 2882 scit.
520 2827 584 2881 ab
607 2828 721 2898 ipso
742 2825 1085 2897 Adrevaldo),
1111 2827 1334 2882 instanti
1361 2825 1620 2896 opusculo

20 2919 276 2974 inserere
300 2933 762 2990 supervacaneum
789 2919 1059 2975 duximus.
1085 2917 1220 2974 Huic
1240 2919 1621 2975 sacratissimae

24 3010 380 3066 translationi
423 3012 704 3068 beatorum
752 3027 1154 3083 germanorum,
1193 3011 1471 3066 Benedicti
1516 3011 1622 3066 sci-

1719 1815 1884 1886 parvi.
1922 1815 2127 1872 reditus
2174 1816 2393 1882 villam,
2457 1819 2510 1873 in
2558 1834 2664 1890 qua
2708 1820 2926 1874 domum
2972 1827 3030 1874 et
3074 1832 3143 1874 ex
3193 1821 3300 1888 qua

1718 1907 1953 1964 famulos
2003 1910 2104 1965 sibi
2159 1912 2468 1966 necessaria
2512 1911 2884 1967 ministrantes
2929 1919 3094 1982 atque
3139 1909 3301 1966 obse-

1717 2000 1904 2069 quium
1959 2000 2278 2057 exhibentes
2338 2016 2524 2072 paucm
2582 2001 2987 2058 numerositatis
3042 2001 3298 2058 habebat.

1719 2088 2050 2161 Quocunque
2089 2092 2324 2148 eundum
2365 2093 2414 2148 ei
2455 2102 2609 2159 erat,
2655 2101 2916 2162 carpento
2957 2092 3105 2157 ibat,
3158 2089 3304 2160 quod

1719 2183 1894 2240 bobus
1945 2183 2151 2252 junctis
2194 2182 2223 2222 ι)
2273 2192 2329 2238 et
2372 2182 2605 2238 bubulco
2660 2184 2863 2239 rustico
2914 2197 3065 2238 more
3110 2189 3306 2253 agente

1721 2279 2057 2335 trahebatur.
2102 2275 2194 2332 Sic
2232 2275 2298 2330 ad
2334 2275 2616 2348 palatium,
2655 2276 2736 2332 sic
2780 2276 2847 2331 ad
2889 2275 3164 2344 publicum
3206 2287 3304 2345 po-

1720 2368 1832 2440 puli
1872 2369 1956 2424 sui
1999 2375 2354 2432 conventum,
2399 2368 2490 2437 qui
2530 2366 2812 2422 annuatim
2857 2366 2926 2422 ob
2968 2365 3115 2438 regni
3155 2363 3305 2420 utili-

1723 2466 1890 2514 tatem
1929 2457 2328 2521 celebrabatur,
2357 2455 2459 2522 ire,
2486 2455 2564 2512 sic
2602 2457 2822 2511 domum
2857 2454 3039 2510 redire
3073 2452 3303 2510 solebat.

1721 2553 1792 2608 At
1822 2550 1974 2622 regni
2005 2549 2533 2626 administrationem
2572 2556 2632 2603 et
2673 2547 2853 2602 omnia
2886 2560 3006 2616 quae
3028 2543 3114 2600 vel
3135 2543 3305 2608 domi,

1721 2647 1805 2703 vel
1848 2646 1980 2701 foris
2033 2644 2241 2718 agenda
2288 2652 2443 2700 erant
2491 2657 2556 2698 ac
2600 2641 2971 2712 disponenda,
3019 2637 3308 2709 praefectus

1722 2738 1860 2794 aulae
1881 2737 2244 2806 procurabat:
2274 2733 2430 2804 cujus
2458 2732 2615 2788 oliicii
2651 2731 3024 2803 magistratum
3054 2744 3118 2785 ea
3146 2735 3310 2782 aetate

1723 2831 1985 2888 Arnulfus
2007 2843 2029 2872 ο
2055 2832 2140 2886 vir
2163 2830 2376 2886 eximia:
2398 2829 2696 2884 nobilitatis
2727 2826 3133 2898 probabilisque
3159 2824 3304 2886 vitat,

1724 2939 1848 2980 cum
1880 2924 1989 2980 tilio
2022 2922 2279 2995 Angesilo
2319 2921 2560 2993 apprime
2598 2921 2837 2990 regebat.
2881 2917 3093 2988 Quique
3123 2915 3309 2970 relicta

1724 3026 1848 3086 post
1887 3015 2069 3071 saeculi
2111 3015 2303 3086 gloria,
2347 3014 2635 3083 episcopus
2659 3009 3150 3073 Mediomatricum,
3177 3006 3308 3062 cieri

19 3101 156 3157 licet
204 3110 370 3172 atque
412 3100 762 3158 Scholasticze
789 3143 804 3169 ,
851 3111 1138 3158 attestatur
1183 3101 1381 3158 Paulus
1435 3117 1622 3158 uiona-
1648 3111 1696 3175 (ι
1725 3109 2017 3181 populique
2056 3107 2447 3164 acclamatione
2491 3115 2546 3162 et
2585 3114 2711 3161 volo
2753 3105 3058 3168 ordinatus,
3088 3101 3313 3158 mirabi-

17 3197 190 3264 chus,
218 3195 375 3266 cujus
402 3211 559 3266 supra
602 3197 935 3253 mentionem
963 3197 1068 3269 egi,
1099 3197 1154 3251 in
1191 3197 1413 3251 historia
1447 3196 1623 3265 gentis
1726 3199 1850 3254 liter
1896 3199 1950 3252 in
1996 3198 2311 3269 pontiﬁcatu
2339 3197 2520 3251 vivere
2547 3196 2792 3250 studuit:
2839 3209 2908 3249 ac
2949 3194 3164 3248 demum
3191 3205 3314 3246 ere-

17 3303 141 3343 suzc
185 3287 328 3343 libro
373 3297 547 3354 sexto,
595 3289 669 3342 ita
716 3287 1006 3359 inquiens:
1051 3287 1207 3343 Circa
1233 3288 1349 3343 haec
1378 3295 1624 3358 tempora
1725 3291 1968 3346 miticam
2008 3289 2214 3360 eligens
2255 3289 2444 3352 vitam,
2491 3286 2722 3358 leprosis
2762 3286 3018 3340 universa
3062 3283 3313 3355 praebens

17 3381 199 3452 (haud
247 3382 472 3437 dubium
513 3382 644 3452 quin
668 3380 1028 3438 Constantino
1069 3381 1392 3452 imperante)
1421 3398 1542 3437 cum
1569 3381 1623 3436 in
1727 3383 2023 3453 obsequia,
2072 3379 2540 3438 continentissime
2578 3392 2750 3448 usque
2795 3377 2860 3431 ad
2905 3377 3110 3431 obitum
3152 3372 3309 3428 vixit.

14 3472 232 3529 Castro
259 3472 476 3529 Cassini
520 3475 610 3528 ubi
651 3473 956 3530 beatissimi
1002 3472 1278 3529 Benedicti
1313 3489 1508 3542 corpus
1541 3488 1626 3529 re-
1727 3473 2050 3530 Anastasius
2084 3471 2196 3542 jam
2240 3481 2368 3526 tunc
2402 3470 2631 3524 Romani
2673 3467 2882 3537 imperii
2921 3466 3143 3537 regebat
3182 3463 3315 3520 insi-

13 3564 397 3634 quiescebat,
460 3564 750 3634 aliquantis
789 3563 901 3634 jam
944 3564 1143 3635 elapsis
1187 3565 1345 3619 annis
1392 3563 1626 3619 solitudo
1730 3569 1879 3637 gnia,
1911 3564 2082 3621 Italici
2113 3578 2245 3620 vero
2276 3563 2434 3635 regni
2457 3560 2817 3632 principatum
2847 3565 2970 3628 post
2989 3560 3313 3630 Arepertum

12 3659 359 3723 exsisteret;
401 3640 690 3713 ’veuientes
732 3659 798 3713 de
841 3656 1327 3714 Cenomanensium
1368 3665 1424 3713 et
1457 3657 1630 3712 Aure-

11 3747 363 3803 lianensium
389 3748 608 3817 regione
633 3748 851 3815 Franci,
874 3751 999 3804 dum
1025 3748 1163 3818 apud
1192 3763 1408 3804 sacrum
1431 3763 1630 3819 corpus

12 3855 81 3896 se
129 3849 466 3911 pernoctare
515 3840 899 3907 simulassent,
951 3842 1189 3913 ejusdem
1239 3842 1418 3897 Patris
1467 3852 1630 3912 atque

11 3947 314 4001 germana:
360 3930 480 4002 ejus
519 3949 641 3988 ossa
690 3933 1003 3990 auferentes
1031 3975 1045 4001 ,
1100 3935 1155 3990 in
1198 3951 1352 3990 suam
1400 3935 1633 4006 patriam

10 4031 492 4093 asportaverunt,
545 4026 637 4081 ubi
683 4026 996 4098 singillatim
1046 4027 1153 4083 duo
1196 4027 1526 4085 monasteria
1578 4028 1634 4084 in

9 4114 328 4185 utriusque
358 4115 568 4172 honore
594 4125 906 4173 constructa
935 4127 1078 4173 sunt.

651 4237 881 4294 CAPUT
919 4237 1034 4293 ΧΠ.

424 4327 618 4384 Rerum
648 4327 1033 4387 Francicarum
1063 4343 1251 4389 status.

1731 3659 2097 3730 Liutprandus
2125 3658 2177 3712 in
2207 3671 2360 3712 suam
2388 3654 2671 3726 redegerat
2697 3651 2978 3708 ditionem.

2315 3765 2545 3824 CAPUT
2579 3765 2714 3822 Xlll.

1791 3870 2100 3927 Cassinense
2128 3869 2501 3925 monasterium
2528 3885 2562 3922 τι
2588 3864 2879 3924 Petronace
2906 3864 3256 3920 instauratur.

1804 3986 1962 4042 Circa
2008 3985 2124 4040 haec
2169 3992 2410 4054 tempora
2444 3981 2715 4038 Petronax
2757 3979 2977 4050 quidam
3013 3977 3150 4033 civis
3187 3973 3319 4030 Bree

1734 4080 1950 4144 xianus,
1995 4077 2264 4147 religiosae
2301 4074 2426 4128 vitae
2475 4072 2863 4128 continentiam
2907 4084 3162 4135 servans,
3204 4066 3316 4123 Ro-

1734 4189 1879 4231 mam
1900 4182 2094 4244 agente
2120 4168 2464 4242 prxsulatum
2503 4163 2565 4220 Β.
2605 4163 2867 4237 Gregorio
2887 4161 2914 4202 ἀ
2942 4161 3111 4226 venit,
3141 4160 3318 4216 sancti

1735 4265 1989 4324 desiderii
2026 4261 2394 4335 patefacturus
2417 4267 2622 4314 votum.
2668 4256 2910 4326 Denique
2936 4255 3153 4310 hortatu
3177 4251 3320 4323 ejus-

3863 82 3898 146 fx:

3865 147 3906 270 tx-

3865 261 3900 318 εῖτ

3867 319 3894 372 ἱ.

3869 485 3896 580 ὲ

3871 601 3894 704 ii

1739 4359 1861 4414 dem
1903 4353 2234 4412 sanctissimi
2276 4349 2525 4423 przesulis
2564 4348 2855 4420 praedictus
2893 4346 3164 4402 Petronax
3201 4358 3316 4400 caa-

93 4441 258 4498 Sane
302 4439 614 4499 Iustiniano
657 4445 877 4516 juniore
919 4455 1044 4518 post
1083 4457 1313 4504 mortem
1360 4449 1630 4506 Constan-
1660 4447 1959 4545 Dnobium
2001 4444 2143 4517 quod
2183 4442 2456 4514 quondam
2494 4441 2563 4498 ab
2586 4439 2805 4514 egregio
2827 4437 2991 4545 Patre
3027 4435 3320 4495 Benedicto

7 4535 120 4590 tini
166 4536 473 4607 imperium
512 4547 843 4605 assumente,
887 4539 1076 4596 decem
1117 4540 1170 4597 in
1212 4541 1442 4611 imperio
1477 4543 1636 4600 annis
1660 4527 1715 4545 ⁸
1740 4539 1795 4594 in
1835 4535 2029 4592 Castro
2069 4533 2280 4590 Cassiui
2322 4534 2526 4589 montis
2565 4529 2887 4588 aedificatum
2934 4527 3133 4592 fuerat,
3161 4533 3324 4595 atque

1 4632 272 4696 exactis,
324 4647 356 4720 τε
402 4629 584 4688 Leone
621 4632 904 4705 Augustali
944 4633 1206 4706 dignitate
1245 4635 1514 4705 privatur,
1542 4651 1639 4691 ex-
1742 4629 2009 4701 permissu
2058 4627 2152 4683 Dei
2195 4625 2584 4697 omnipotentis
2625 4638 2664 4720 ξι-
2690 4619 3327 4720 _Langobardis‘des.t-ru-

0 4725 272 4795 silioque
310 4709 627 4797 relegatur:
677 4725 966 4782 adversum
1010 4726 1156 4783 hunc
1194 4726 1444 4784 Tiberius
1484 4744 1636 4784 arma
1741 4730 1887 4778 ctum
1915 4762 1930 4787 ,
1995 4717 2345 4776 devotissime
2403 4717 2576 4783 adiit:
2631 4714 2818 4786 ibique
2879 4728 3005 4770 cum
3060 4709 3330 4797 aliquibus

0 4817 371 4887 corripiens,
420 4796 686 4887 imperiali
723 4817 939 4874 sarcina
979 4817 1276 4875 relevatum
1316 4821 1549 4876 retrudit
1581 4819 1636 4876 in
1744 4811 1997 4884 prudenti
2041 4807 2398 4880 simplicitate
2443 4803 2724 4884 praeditis.
2789 4804 2882 4876 qui
2931 4804 3042 4873 iam
3087 4796 3332 4900 ξδδιιῗάεῆφ

0 4924 352 4966 carcerem.
383 4907 553 4966 Porro
579 4909 676 4966 illo
700 4909 757 4965 in
788 4918 1050 4983 tempore,
1076 4911 1216 4984 apud
1243 4911 1444 4970 Gallias
1467 4911 1639 4968 Fran-
1741 4905 1846 4962 loci
1895 4905 2288 4962 habitationem
2338 4902 2691 4984 expetierant
2719 4937 2736 4963 .
2806 4911 3012 4957 summa
3054 4891 3340 4951 charitatis

83 5089 116 5118 α
143 5076 267 5132 Hic
295 5075 454 5132 locus
478 5091 543 5134 ex
569 5074 742 5148 Paulo
768 5076 919 5133 Diac.
942 5079 996 5133 in
1020 5077 1154 5133 Hist.
1181 5075 1418 5148 Langob.
1443 5076 1636 5148 lib.tv.
1819 5088 1842 5117 ο
1874 5076 2062 5148 Neque
2093 5075 2152 5132 S.
2180 5073 2475 5148 Annulqu
2500 5067 2864 5148 majordomus
2889 5069 2987 5127 fuit
3005 5109 3027 5148 ,Α
3054 5055 3356 5148 ηθίζιξθξξὶξ

0 5163 144 5217 cap.
173 5148 282 5214 51,
312 5133 688 5222 emendandus
714 5147 817 5222 hoc
843 5149 1038 5222 modo:
1072 5133 1339 5222 Heraclo‘n
1362 5147 1475 5222 ejus
1495 5133 1638 5222 ﬁlia;
1749 5133 2115 5222 ignaviisr'illis‘
2141 5133 2379 5222 regibus,
2398 5133 2679 5222 Falatium
2706 5143 2888 5222 rexi},
2924 5133 3363 5222 certe_n§(‘:3n}g

1 5194 145 5295 3.7.;
174 5194 374 5295 λιάενε
403 5194 817 5295 maxime
836 5194 1244 5295 ῑῑξιῑνείρεῖέιξέεζ
1285 5194 1640 5295 castra}:
1750 5194 2055 5295 ξιξοῑίέξίμίιε
2093 5194 2773 5295 τηίισρυειῑ..νίεῑεερορυε.
2821 5194 2962 5288 Lege
2991 5209 3106 5281 ejus
3136 5202 3266 5258 ωε
3302 5194 3369 5248 ad

0 5291 243 5358 perium
279 5288 486 5358 duobus
513 5287 693 5345 annis.
729 5287 846 5354 Quo
877 5290 981 5343 vita
1011 5287 1285 5342 decedente
1313 5287 1558 5345 sucdessit
1584 5289 1640 5342 in
1751 5305 1878 5344 ann.
1915 5290 2040 5345 640.

0 5337 1640 5434 ages;j.;..;'c;;..:g.';;;:.;.:Maii;saginatam;
1751 5337 2190 5434 ν’ῖιιῑοῑῑέειετίί
2221 5354 2616 5434 σοςείηεηείε
2641 5353 3166 5434 velitationem
3187 5337 3386 5434 εεεξξε
