3916 5434
503 289 606 364 9:5

1501 285 1896 343 ADREVALDI
1933 282 2430 342 FLORIACENSIS
2465 280 2772 340 MONACHI

3667 277 3766 332 916

501 402 801 457 annexionc
850 404 899 455 in
948 401 1004 454 S.
1053 401 1333 470 religionis
1392 401 1574 455 habitu
1623 403 1807 456 vivere
1866 403 2031 473 ccepit
2059 443 2074 469 ,
2104 403 2157 466 Α
2185 402 2366 458 Rebus
2409 402 2591 472 itaque
2631 399 2885 456 humanis
2928 411 2994 455 eo
3033 403 3156 469 post
3189 396 3458 454 diutinam
3496 393 3654 466 regni
3682 389 3770 448 adi

499 493 700 562 quique
738 493 986 546 eumdem
1030 493 1203 545 virum
1262 493 1529 546 seniorem
1595 493 1693 546 sibi
1756 493 2076 564 praeﬁciunt.

499 584 626 640 Now
652 593 776 656 post
808 585 1031 639 multum
1055 601 1182 639 vero
1222 587 1500 656 temporis,
1531 595 1857 656 cooperante
1900 587 2080 640 divina

498 678 894 740 misericordia,
939 676 1359 746 suifragantibus
1387 679 1596 732 meritis
1622 679 1873 747 przrcipui
1908 677 2083 732 Patris

496 771 798 835 Benedicti,
827 771 1116 825 multorum
1163 772 1359 825 ibidem
1390 771 1777 826 monachorum
1822 757 2082 823 nobilium

498 869 663 934 atque
709 863 1061 916 mediocrium
1108 863 1173 916 ad
1225 879 1282 916 se
1325 863 1762 918 concurrentium
1805 861 1964 915 Pater
2007 858 2084 915 ef-

497 953 672 1012 fectus
712 963 834 1012 est:
879 957 1065 1024 sicque
1113 957 1374 1026 reparatis
1400 955 1725 1011 habitaculis
1768 954 2084 1009 comobitali

498 1050 673 1105 ordini
716 1051 1176 1121 congruentibus,
1229 1050 1326 1102 sub
1371 1057 1572 1103 sanctze
1623 1049 1817 1116 regulae
1852 1049 1982 1119 jngo
2021 1063 2086 1103 ac

496 1141 796 1196 beatissimi
838 1142 1016 1195 Patris
1055 1140 1328 1194 Benedicti
1379 1141 1718 1195 institutione
1754 1141 1935 1193 vivere
1977 1155 2084 1196 coe-

495 1240 711 1300 perunt.
779 1232 890 1286 Hoc
935 1233 1114 1300 itaque.
1155 1231 1345 1285 ordine
1391 1231 1442 1284 iu
1489 1239 1730 1294 statum,
1789 1247 1893 1299 quo
1943 1244 2086 1283 nunc

499 1322 758 1387 cernitur,
806 1325 1207 1379 sanctissimum
1250 1321 1376 1376 illud
1414 1320 1737 1376 Cassinense
1778 1321 2085 1376 cmuobium

499 1425 809 1484 reparatum
853 1426 934 1472 est
961 1458 974 1481 ,
1038 1432 1159 1471 cum
1215 1415 1328 1486 jam
1379 1415 1491 1469 fere
1533 1423 1750 1468 centum
1798 1424 1853 1466 et
1897 1412 2084 1464 decem

500 1520 768 1560 annorum
794 1518 817 1546 η
847 1507 1115 1562 curricula
1159 1507 1369 1562 evoluta
1417 1515 1620 1567 essent,
1651 1521 1715 1559 ex
1742 1521 1850 1574 quo
1874 1501 2087 1558 occulto

498 1592 594 1651 Dei
633 1607 764 1652 nutu
807 1598 954 1652 locus
991 1597 1077 1652 ille
1121 1599 1454 1652 habitatione
1499 1612 1686 1650 carere
1723 1593 2088 1664 cmperatbu-

498 1701 678 1742 mana.
731 1687 964 1743 Proinde
1005 1688 1250 1758 sequenti
1299 1696 1572 1755 tempore,
1620 1686 1744 1739 huic
1789 1680 2084 1737 venerabili

2187 493 2644 548 ministrationem
2689 498 2976 560 exempto,
3022 489 3130 544 duo
3173 487 3268 543 ﬁlii
3317 487 3467 555 ejus,
3511 483 3772 556 Pippin!!!

2187 597 2242 640 et
2281 583 2698 645 (Iarlomannns,
2726 579 2872 651 regni
2919 593 3184 634 summam
3227 577 3489 633 concordi
3516 576 3773 630 societate

2186 674 2448 737 divisam,
2495 673 2699 742 aliquot
2743 671 2899 725 annis
2937 670 3038 724 Sub
3077 669 3352 723 Childrico
3392 667 3772 720 nominetenm

2187 784 2353 835 rege,
2417 767 2481 820 ad
2537 765 2944 837 gubernandum
2993 762 3313 832 suscipiunt.
3371 761 3548 816 Porro
3589 757 3773 812 Cario-

2186 875 2421 915 manuus
2462 869 2578 930 post
2617 858 2949 927 aliquantum
2981 857 3238 926 temporis
3277 867 3601 914 excursum,
3633 847 3772 919 regni

2143 955 2347 1021 "quam
2395 953 2461 1006 ad
2510 952 2800 1023 regendum
2855 957 3170 1020 susceperat
3221 955 3432 1017 partem
3489 942 3651 996 fratri
3696 955 3774 996 re-

2188 1046 2471 1116 linquens,
2523 1060 2710 1100 amore
2755 1057 3050 1099 succensus
3092 1039 3442 1112 speeulativa:
3482 1050 3774 1092 comem;

2191 1142 2388 1206 tionis,
2454 1139 2681 1194 Romam
2730 1153 2788 1193 se
2852 1138 2903 1190 iu
2964 1137 3132 1189 otium
3178 1131 3429 1189 contulit.
3497 1128 3774 1198 Siquidem

2189 1235 2442 1289 hortante
2490 1233 2547 1285 Β.
2587 1231 2858 1286 Eucherio
2902 1228 3317 1282 Aurelianorum
3366 1225 3650 1294 episcOpo,
3692 1218 3776 1288 qui

2189 1342 2219 1380 a
2263 1334 2417 1393 patre
2460 1323 2601 1376 illius
2647 1321 2789 1376 nulla
2832 1322 3125 1375 exsistente
3160 1317 3333 1387 culpae
3358 1315 3573 1369 offensa
3605 1313 3773 1381 pulsas

2166 1403 2316 1470 ‘sede
2359 1414 2596 1484 propria,
2642 1421 2803 1481 atque
2849 1411 2898 1465 iu
2942 1409 3270 1464 llasbaniam
3309 1406 3454 1477 apud
3483 1405 3548 1460 S.
3581 1403 3774 1458 Tracto-

2190 1523 2313 1561 nem
2355 1508 2405 1560 iu
2449 1507 2699 1561 exsilium
2744 1504 3012 1573 relegatus
3056 1501 3267 1565 fuerat;
3319 1513 3536 1552 necnon
3589 1496 3647 1549 S.
3686 1496 3775 1550 Bo-

2190 1600 2390 1655 nifacio
2436 1600 2754 1655 Frcsionum
2799 1598 3072 1667 episcopo,
3118 1595 3208 1666 qui
3255 1594 3422 1647 ambo
3460 1592 3642 1661 patris
3675 1587 3774 1655 ejus

2139 1728 2144 1734 -
2193 1693 2332 1763 apud
2379 1691 2580 1746 inferos
2621 1691 3022 1745 damnationem
3047 1688 3100 1745 ι’.
3148 1686 3318 1742 etiam
3353 1681 3648 1752 corporeis
3687 1680 3780 1748 ipsi

497 1783 618 1836 viro
653 1782 938 1837 Petronaci
983 1784 1212 1837 dilectus
1253 1780 1466 1835 Domini
1511 1779 1748 1850 pontifex
1792 1776 2084 1830 Zzu-harias
2115 1775 2162 1832 B
2190 1784 2477 1836 ostendere
2521 1780 2769 1834 visibus:
2817 1795 3098 1849 operosam
3143 1775 3462 1846 temporalis
3511 1772 3665 1841 regni
3706 1769 3778 1824 di-

498 1874 791 1944 plnrimum
847 1873 1031 1928 auxilii
1087 1874 1356 1937 contulit,
1413 1871 1579 1925 libros
1629 1871 1836 1925 Scilicet
1886 1878 2086 1923 sancta:

503 1963 817 2034 Scriptum,
864 1979 1073 2020 necnon
1121 1972 1175 2018 et
1219 1963 1323 2017 alia
1369 1979 1486 2032 qua:
1531 1962 1596 2015 ad
1638 1962 1926 2015 utilitatem
1973 1974 2088 2013 mo-

501 2056 720 2108 nasterii
773 2055 1042 2124 pertinere
1092 2062 1386 2124 poterant:
1455 2053 1675 2121 insuper
1733 2061 1787 2106 et
1844 2050 2085 2120 regulam

502 2140 664 2212 quam
714 2146 826 2214 ipse
867 2147 1116 2216 egregius
1155 2144 1316 2199 Pater
1359 2145 1720 2198 sanctissimis
1763 2141 2089 2212 conscripsit

502 2237 772 2302 manilms,
806 2249 1026 2305 paterna
1058 2236 1306 2290 libertate
1337 2236 1621 2289 ceucessit.

1089 2369 1316 2424 CAPUT
1359 2369 1496 2423 XIV.

504 2483 682 2546 Caroli
710 2484 943 2539 Marte/li
970 2497 1133 2554 gesta.
1173 2484 1429 2553 Pippinus
1457 2495 1503 2537 et
1529 2482 1951 2538 Carolomannus
1975 2482 2091 2553 ejus

799 2557 917 2624 ﬁlii.
952 2557 1380 2610 Carolomanmts.
1400 2557 1457 2624 ﬁt
1488 2555 1792 2609 monac/ms.

539 2718 544 2724 .
573 2668 782 2724 Interea
814 2668 951 2738 apud
979 2669 1204 2732 Gallias,
1232 2668 1490 2740 Angesilo
1522 2665 1925 2738 majoredomus
1956 2663 2092 2719 ﬁlio-

507 2776 610 2830 que
648 2759 764 2829 ejus
805 2760 1035 2829 Pippino
1076 2761 1366 2815 humanam
1413 2760 1740 2814 obeuntibus
1782 2759 1946 2811 vitam
1992 2755 2096 2810 Ca-

506 2853 654 2908 rolus
703 2853 840 2906 Illius
883 2853 1114 2921 Pippiui,
1163 2852 1329 2906 totius
1372 2851 1550 2922 gentis
1593 2850 1924 2904 Francorum
1972 2864 2092 2903 ma-

506 2944 791 3012 gistratum
821 2981 835 3003 ,
881 2955 1191 3008 quanquam
1241 2950 1365 3009 post
1419 2939 1585 2993 unilta
1634 2939 1770 2992 bella
1816 2938 1884 2993 de
1929 2954 2090 2992 manu

506 3032 782 3087 Reinfredi
831 3032 1182 3103 (Regiul‘redi
1229 3031 1390 3085 Paul.
1443 3031 1598 3085 Diac.
1649 3030 1742 3084 lib.
1773 3047 1866 3094 vr,
1918 3047 1966 3086 c.
1999 3031 2092 3105 η)

505 3122 718 3196 tyranni
763 3125 874 3178 Deo
911 3127 1132 3190 juvante
1171 3123 1413 3188 abstulit,
1457 3138 1676 3192 sumque
1717 3123 1956 3178 subdidit
1998 3137 2096 3190 po-

503 3217 707 3272 testati.
732 3217 972 3284 Denique
996 3216 1157 3268 rebus
1177 3214 1379 3269 bellicis
1401 3213 1782 3284 operosissime
1809 3213 2084 3277 insistens,

504 3320 764 3380 tyrannos
810 3325 905 3379 per
947 3317 1115 3362 totam
1142 3307 1428 3362 Franciam
1471 3308 1806 3362 dominatum
1839 3307 1939 3361 sibi
1967 3305 2088 3359 vino

506 3403 748 3458 dicantes
793 3401 1102 3472 Oppressit,
1156 3402 1224 3455 ob
1268 3415 1500 3471 eamque
1542 3416 1657 3455 rem
1705 3400 1937 3470 plurima
1980 3397 2090 3468 juri

506 3494 891 3551 Ecclesiastico
933 3493 1228 3550 detrahens
1272 3492 1472 3563 praedia
1515 3492 1643 3547 ﬁsco
1683 3492 1990 3554 associavit,
2028 3505 2092 3545 ac

507 3587 700 3650 deinde
741 3587 1000 3642 militibus
1044 3585 1279 3656 propriis
1314 3585 1642 3639 distribuere
1678 3583 1901 3638 studuit.
1947 3581 2094 3636 Prae-

508 3686 654 3730 terea
693 3664 999 3742 S:irace_nos
1019 3675 1251 3732 Galliam
1293 3690 1559 3744 occupare
1587 3683 1858 3728 tentantes
1885 3672 2096 3726 duobus

507 3767 718 3837 magnis
762 3767 979 3835 przeliis,
1025 3781 1135 3820 uno
1177 3766 1229 3819 in
1274 3764 1565 3834 Aquitania
1612 3763 1754 3833 apud
1795 3761 2094 3816 Pictavium

507 3859 824 3922 civitatem,
891 3857 1064 3912 altero
1115 3865 1294 3910 autem
1349 3856 1492 3926 apud
1545 3855 1894 3918 Narbouam,
1939 3852 2095 3922 juxta

505 3950 720 4004 Birram
769 3949 989 4003 ﬂuvium
1044 3949 1116 4002 ita
1168 3948 1369 4003 devicit
1424 3955 1480 4001 ut
1541 3947 1593 4002 iu
1648 3946 1960 4015 Hispaniam
2003 3959 2098 3999 eos

507 4043 687 4097 redire
711 4040 1074 4111 compelleret.
1122 4030 1485 4107 Quamobrem
1520 4056 1642 4095 cum
1685 4036 2099 4092 adversantibus

510 4135 820 4189 nullatenus
860 4137 1053 4189 celere
1096 4135 1291 4197 sciret,
1337 4134 1574 4202 nullique
1617 4147 1846 4202 parcere
1875 4173 1889 4196 ,
1932 4130 2021 4185 diu
2066 4145 2096 4184 a

509 4226 743 4297 posteris
788 4225 1038 4291 Tudites,
1081 4227 1150 4281 ab
1190 4235 1312 4280 actu
1360 4242 1536 4280 rerum
1581 4225 1787 4279 scilicet
1830 4239 2096 4293 agnomen

511 4317 760 4386 indeptus
801 4326 901 4370 est.
947 4316 1169 4372 Tualites
1212 4318 1357 4372 enim
1402 4316 1582 4370 mallei
1627 4317 1879 4369 dicuntur
1921 4314 2100 4368 fabro-

511 4422 670 4473 rum,
738 4423 965 4476 quorum
1032 4409 1229 4462 ictibus
1288 4417 1481 4462 cuncta
1541 4407 1794 4460 atteritur
1853 4406 2094 4460 durities.

2190 1876 2448 1947 gnitatem
2479 1882 2591 1928 toto
2618 1882 2970 1928 contemnens
3008 1871 3206 1925 mrntis
3241 1868 3464 1928 adnisu,
3490 1867 3778 1932 habituque

2191 1977 2519 2038 permutato,
2568 1974 2805 2019 tonsura:
2840 1962 3220 2018 ecclesiasticae
3264 1960 3504 2032 gratiam
3538 1974 3570 2011 a
3602 1957 3661 2011 Β.
3691 1955 3776 2010 lia

2191 2061 2374 2114 charia
2435 2076 2571 2129 papa
2626 2058 2874 2113 Romano
2918 2056 3194 2127 percipere
3247 2053 3475 2108 meruit.
3551 2051 3778 2118 Denique

2191 2152 2504 2208 monasticae.
2539 2151 2662 2204 vine
2704 2165 2946 2204 normam
2995 2147 3240 2216 adeptus,
3271 2146 3326 2198 in
3356 2152 3548 2199 monte
3571 2141 3776 2196 Soracte

2111 2287 2116 2294 .
2193 2245 2332 2315 apud
2375 2244 2658 2299 ecclesiam
2700 2243 2761 2296 Β.
2807 2241 3079 2304 Silvestri,
3127 2247 3416 2295 exstructo
3463 2236 3780 2292 truonasteric

2193 2352 2314 2390 cum
2361 2334 2620 2389 fratribus
2664 2350 2844 2390 secum
2889 2333 2955 2387 ad
3004 2333 3105 2386 hoc
3151 2327 3618 2386 convenientibus
3656 2342 3778 2380 nor

2194 2425 2340 2480 nullo
2397 2435 2638 2496 tempore
2689 2432 2872 2494 optata
2927 2423 3108 2492 quiete
3161 2419 3496 2490 perfruitur.
3569 2416 3674 2472 Sed
3718 2430 3771 2469 ex

2193 2517 2422 2572 Francia
2468 2517 2617 2571 multi
2663 2515 2919 2571 nobilium
2962 2515 3031 2569 ob
3069 2522 3189 2567 vota
3232 2511 3526 2571 solvenda,
3572 2509 3778 2564 Romam

2196 2624 2318 2662 cmn
2365 2607 2678 2664 solemnitcl'
2715 2612 3117 2669 conuocarent,
3162 2613 3220 2656 et
3260 2617 3388 2655 eum
3435 2599 3589 2652 velut
3628 2598 3782 2652 doui-r

2197 2714 2325 2752 num
2369 2698 2637 2767 quondam
2684 2713 2838 2751 sumn
2879 2695 3153 2766 prmterire
3194 2693 3440 2755 nollent,
3491 2689 3660 2743 otium
3687 2695 3776 2756 qna

2199 2792 2434 2846 maxime
2472 2790 2866 2853 delectabatur,
2903 2786 3090 2842 crebra
3129 2785 3472 2840 Salutatione
3513 2784 3776 2836 interrum-

2200 2893 2411 2953 pentes,
2453 2882 2628 2937 locum
2659 2889 2866 2933 mutare
2889 2877 3238 2947 compellunt.
3284 2874 3427 2928 Nam
3463 2890 3591 2929 cum
3619 2873 3774 2940 huius

2201 2975 2345 3029 modi
2396 2973 2755 3043 frequentiam
2800 2986 2897 3025 suo
2944 2969 3223 3040 proposito
3267 2966 3500 3021 ofﬁcere
3546 2965 3776 3026 vidisset,

2204 3067 2397 3120 relicto
2443 3073 2626 3120 monte
2672 3063 2724 3116 in
2774 3059 3054 3116 Samnium
3103 3057 3451 3128 provinciam
3502 3056 3572 3109 ad
3615 3068 3774 3108 mona—

2122 3148 2167 3209 C
2201 3155 2427 3209 stet-ium
2482 3152 2541 3209 S.
2585 3150 2859 3206 Benedicti
2915 3149 3076 3204 situm
3145 3147 3197 3202 in
3268 3146 3578 3217 saepedicto
3628 3151 3780 3198 castro

2199 3244 2436 3308 Cassiui,
2464 3242 2714 3307 secessit,
2749 3249 2909 3311 atque
2934 3238 3024 3303 ibi,
3052 3237 3195 3308 quod
3221 3237 3503 3306 reliquum
3537 3234 3640 3289 fuit
3663 3245 3778 3288 mor-

2199 3335 2320 3390 talis
2347 3335 2492 3401 vitae,
2524 3335 2776 3406 religiose
2804 3333 3174 3388 couversaudo
3203 3329 3534 3401 complevit.

2801 3475 3031 3532 CAPUT
3082 3473 3198 3530 XV.

2200 3596 2457 3667 Pippinus
2496 3613 2588 3650 rea:
2610 3596 2966 3667 constituitur.
2981 3591 3345 3667 ACassinenses‘
3359 3585 3688 3667 achafiant
3706 3605 3778 3667 pe-

2234 3660 2355 3739 piim
2390 3669 2454 3721 de
2483 3684 2699 3739 corpore
2726 3665 2783 3722 S.
2813 3665 3082 3720 Benedicti
3121 3663 3485 3734 interpellant.
3526 3660 3776 3717 laetioris

2237 3738 2334 3808 pro
2358 3740 2456 3793 hac
2481 3755 2535 3792 re
2557 3738 2792 3809 epistola.

2271 3865 2408 3919 Dum
2439 3864 2602 3931 igitur
2630 3862 2742 3916 Ita-c
2767 3861 2840 3915 ita
2873 3866 3122 3930 aguntur,
3158 3857 3423 3928 Pippiuus
3452 3857 3607 3928 regni
3632 3854 3776 3910 Fran-

2199 3969 2384 4011 corum
2428 3955 2708 4008 assecutus
2751 3965 3040 4014 summam,
3073 3949 3226 4018 jussu
3257 3947 3527 4018 Stephani
3569 3944 3776 4000 Romani

2199 4047 2472 4119 pontiﬁcis
2496 4044 2826 4099 Childricmn
2859 4041 3246 4096 inertissimum
3274 4053 3464 4112 regem
3496 4039 3776 4108 depositum

2201 4157 2266 4197 ac
2295 4141 2580 4195 detonsum
2603 4180 2616 4203 ,
2646 4138 2699 4192 in
2735 4137 3065 4192 monasterio
3110 4136 3306 4191 deinde
3349 4145 3562 4190 trusum
3597 4136 3778 4202 private

2201 4235 2383 4289 vivere.
2409 4232 2688 4303 compulit.
2722 4232 2853 4286 Dein
2884 4230 3208 4285 auctoritate
3237 4229 3482 4300 ejusdem
3504 4228 3777 4301 pontiﬁcis.

2202 4341 2267 4381 ex
2297 4323 2552 4394 prasfecto
2583 4322 2767 4392 palatii
2799 4337 2890 4376 rex
2916 4323 3266 4384 constitutus,
3300 4337 3400 4391 per
3424 4337 3602 4376 annos
3631 4319 3778 4373 ferme

2205 4419 2513 4490 quindecim
2542 4427 2634 4472 ant
2653 4434 2717 4472 eo
2743 4416 2973 4487 amplius
2991 4414 3136 4487 regni
3165 4413 3507 4469 Francorum
3538 4412 3780 4484 principa-

509 4496 719 4568 Pepigit
763 4499 852 4553 hic
901 4499 1072 4553 l'mlus
1122 4515 1246 4553 cum
1295 4498 1666 4567 Lintprando,
1723 4499 1880 4567 eique
1929 4496 2091 4550 ﬁlium

2205 4521 2318 4566 tum
2350 4510 2498 4566 solus
2527 4510 2730 4580 optime
2766 4509 2929 4564 rexit.
2963 4508 3039 4562 Ea
3060 4507 3225 4578 igitur
3248 4514 3596 4576 tempestate.
3629 4515 3784 4557 niam-

511 4603 666 4642 suum
710 4587 992 4659 Pippinum
1029 4590 1193 4654 misit,
1223 4598 1281 4643 ut
1317 4605 1466 4644 more
1498 4588 1934 4646 Christianorum
1966 4589 2098 4643 ﬁde-

510 4679 642 4734 lium
685 4679 801 4748 ejus
842 4681 1089 4751 capillum
1134 4682 1340 4752 primus
1383 4682 1711 4747 attonderct,
1739 4697 1803 4736 ac
1829 4681 1992 4735 Pater
2023 4680 2098 4735 illi

511 4775 773 4843 spiritalis
813 4778 1100 4831 exsismret
1133 4795 1144 4829 :
1190 4778 1334 4846 quod
1381 4776 1469 4831 ille
1510 4777 1915 4847 gratantissime
1954 4793 2099 4832 com-

511 4869 708 4940 plens,
768 4872 950 4925 multis
1003 4873 1230 4926 ditatum
1275 4874 1588 4928 muneribus
1636 4876 1866 4942 genitori
1917 4884 2100 4929 natum

512 4959 725 5012 remisit
749 4959 929 5024 (Paul.
963 4958 1142 5027 Dina,
1175 4961 1267 5015 lib.
1297 4978 1372 5025 Vl,
1406 4979 1454 5016 c.
1488 4962 1600 5035 55).
1648 4964 1762 5030 Qua
1793 4965 1858 5019 de
1886 4980 1943 5020 rc
1969 4980 2101 5019 con-

513 5056 670 5125 tigit,
715 5063 773 5105 ut
814 5054 1130 5124 legationem
1179 5059 1529 5113 sacratissimi
1576 5060 1822 5128 prtesulis
1859 5059 2104 5132 Gregorii

520 5145 588 5198 ad
633 5159 692 5198 se
735 5143 1020 5208 directam,
1049 5147 1384 5202 obsecrantis
1421 5161 1688 5219 quatenus
1715 5151 1772 5206 S.
1803 5152 2104 5205 Romanam

520 5235 820 5292 Eeclesiam
867 5249 898 5286 a
943 5235 1420 5296 Langobardorum
1475 5245 1758 5296 tvrannide
1803 5243 2101 5296 liberaret.

2204 4604 2291 4659 chi
2335 4601 2606 4672 szepedicli
2645 4599 2881 4656 emnobii
2933 4597 3316 4660 Cassineusis,
3361 4605 3590 4672 auctore
3623 4593 3786 4649 Carior

2205 4710 2403 4749 manno
2453 4695 2518 4749 de
2565 4708 2672 4762 quo
2715 4707 2882 4762 supra
2934 4690 3238 4754 retulimus,
3286 4687 3522 4743 Romam
3551 4667 3782 4747 .veniunt,

2206 4787 2411 4841 doloris
2441 4785 2580 4854 apud
2611 4783 3021 4853 sanctissimum
3062 4797 3256 4852 papam
3291 4780 3618 4835 Zachariam
3646 4778 3782 4844 (ἱεροί

2208 4882 2363 4936 situri
2389 4879 2666 4948 querelam
2686 4918 2701 4942 ,
2743 4885 2962 4947 propter
2983 4891 3182 4946 corpus
3205 4875 3416 4930 scilicet
3446 4866 3778 4928 εδει-διεωἰή

2209 4971 2385 5027 Patris
2420 4969 2718 5034 Benedicti,
2763 4985 2793 5022 a
2837 4967 2952 5023 solo
2988 4967 3209 5037 proprio
3236 4965 3290 5019 in
3320 4963 3498 5019 Gallia
3538 4957 3774 5015 translati.

2211 5061 2312 5130 Qui
2334 5075 2538 5116 inoeror
2555 5058 2878 5128 jampridem
2908 5073 2936 5111 a
2961 5056 3217 5112 cordibus
3240 5052 3558 5108 eormndem
3579 5049 3776 5104 fratrum

2209 5152 2280 5208 ob
2331 5160 2602 5206 terrarum
2656 5147 3105 5218 longinquitatem
3165 5159 3268 5198 nec
3321 5155 3430 5196 non
3480 5148 3776 5195 vetustatem

2212 5255 2517 5296 temnorum
2549 5243 2839 5296 admodum
2883 5239 3203 5295 refrixerat.
3237 5253 3340 5293 nec
3371 5237 3484 5296 iam
3531 5250 3678 5296 spem
3705 5245 3777 5296 νο-
