3916 5434
458 330 461 335 ·
502 314 605 372 919

1508 308 1856 366 ΑῡιιΕγΑιι
1894 302 2391 365 FLORIACENSIS
2430 301 2734 361 MONACHI

501 429 619 486 solo
648 437 968 501 prostratus,
1000 422 1256 501 lacrymis
1280 441 1375 482 ora
1405 404 1656 496 perfusus
1682 426 1895 482 Domini
1927 424 2078 481 auxi-
2101 425 2154 487 Α
2181 422 2472 494 migrante,
2496 421 2721 480 Carolus
2767 428 2826 477 et
2865 417 3255 479 Carlomanuus
3439 419 3572 491 ejus,
3610 421 3768 491 regni

497 522 630 577 lium
664 522 1065 593 expostulabat,
1086 530 1353 593 quatenus
1386 520 1718 575 dilectissimi
1744 520 1829 576 sui
1860 517 2076 575 confes-

499 615 640 673 soris
663 616 857 686 pignus
886 614 1029 685 quod
1064 613 1225 670 nullis
1253 612 1682 683 praecedentibus
1706 611 1916 667 meritis
1938 651 1954 678 ,
1982 609 2078 665 sed
2132 611 2141 621 '

498 706 616 763 solo
652 706 887 777 gratuito
927 721 1149 762 munere
1178 703 1394 760 famulis
1420 704 1532 760 suis
1567 704 1902 770 contulerat,
1934 702 2077 758 nulla

498 793 764 851 scelerum
816 794 1139 850 enormitate
1179 792 1422 849 irritatus
1467 793 1668 849 aul‘erri
1719 793 2074 864 permitteret.

496 884 655 953 Quo'd
700 884 896 955 quibus
938 883 1150 940 ﬂetibus
1196 883 1495 954 quibusque
1541 882 1845 954 gemitibus,
1903 895 2081 951 quove

498 975 799 1032 ululat’uum
828 974 1080 1046 clangore
1107 982 1417 1045 peroratum
1460 975 1548 1039 sit,
1597 974 1720 1044 quis
1763 972 2076 1029 mortalium

500 1069 779 1126 exsolvere
832 1068 1040 1124 valeat?
1085 1066 1464 1124 Conﬂictantes
1513 1069 1746 1138 denique
1796 1067 1851 1122 in
1896 1066 2081 1123 dolore

498 1158 678 1216 Patris
715 1168 769 1215 et
805 1158 1039 1215 ﬁliorum
1075 1159 1311 1223 animos,
1358 1159 1533 1213 :etatis
1578 1157 1884 1213 maturimaa
1912 1158 2081 1212 inter-

501 1251 737 1321 dumque
762 1264 1060 1321 supremaz,
1108 1249 1387 1319 qualitatis
1414 1250 1598 1315 variae,
1649 1247 1971 1305 valetudinis
2000 1247 2083 1332 di;

500 1356 693 1407 versae,
721 1341 842 1411 quis
866 1341 1217 1412 explicaverit
1240 1342 1432 1411 digne?
1463 1340 1684 1397 Videres
1703 1348 1852 1396 certe
1871 1337 2083 1396 animos

501 1433 681 1489 Patris
715 1434 990 1490 mestitiae
1024 1434 1247 1491 vulnere
1284 1435 1518 1500 attritos,
1546 1444 1896 1505 prospectare
1944 1449 2083 1490 mw—

506 1525 737 1580 rentium
762 1523 991 1580 filiorum
1021 1524 1395 1597 lacrymabiles
1424 1525 1602 1581 vultus
1619 1566 1635 1591 ,
1663 1534 1827 1597 atque
1854 1525 1923 1580 ab
1948 1541 2082 1581 neu-

502 1626 586 1672 tra
617 1627 770 1687 parte
796 1617 1189 1674 consolatorem
1211 1660 1226 1684 ,
1255 1633 1607 1689 prorumpere
1638 1617 1765 1674 hinc
1806 1633 1965 1674 senes
1994 1616 2083 1688 ju-

502 1708 746 1763 nioribus
758 1708 972 1763 solitum
994 1708 1589 1780 pridem-impendentes
1613 1708 1915 1764 dilectionis
1928 1722 2081 1763 amo-

2179 512 2706 569 administrationem
2744 512 3067 584 suscipiunt,
3105 511 3158 585 [5
3171 510 3428 582 factoque
3453 510 3771 567 soletuniter

2178 602 2414 674 generali
2440 612 2710 659 conventu
2752 610 2923 661 totum
2960 602 3108 675 regni
3146 616 3346 672 corpus
3367 616 3440 656 ex
3464 616 3622 671 aequo
3644 615 3775 672 par-

2178 693 2388 750 tiuntur
2418 711 2434 751 :
2457 704 2514 751 et
2537 693 2765 751 Carolus
2791 693 3010 765 quidem
3033 708 3156 749 eam
3180 699 3395 763 partem
3418 691 3575 762 regni
3602 706 3766 762 qua:

2177 794 2339 857 pater
2356 800 2542 843 eorum
2583 786 2845 857 Pippinus
2869 785 3115 856 inprimis
3140 792 3422 851 tenuerat;
3453 782 3776 839 Carloman-

2180 891 2285 931 nus
2309 891 2439 932 vero
2474 890 2594 931 eam
2619 878 2707 933 cui
2736 886 2962 948 patruus
2991 890 3182 932 eorum
3208 874 3615 931 Carlomannus
3636 888 3776 945 pra-

2180 964 2381 1035 l'uerat,
2412 968 2631 1040 regendi
2656 970 2833 1040 gratia
2867 967 3185 1040 suscipiunt.
3226 966 3339 1024 Sed
3375 965 3778 1024 Carlomannns

2179 1076 2305 1139 post
2346 1067 2784 1123 administratum
2814 1068 3034 1124 biennio
3066 1081 3318 1140 regnum,
3356 1066 3558 1123 morbo
3593 1065 3780 1122 deces—

2183 1160 2253 1214 sit
2305 1177 2319 1213 :
2375 1158 2602 1214 Carolus
2657 1165 2855 1223 autem,
2912 1158 3081 1213 fratre
3145 1155 3447 1221 defuncto,
3504 1168 3779 1212 conserua

2183 1252 2425 1308 omnium
2453 1252 2812 1318 Francorum,
2846 1251 3010 1307 totius
3047 1249 3226 1322 gentis
3253 1247 3640 1305 monachica:
3669 1260 3783 1303 sls-

2184 1354 2336 1424 cipit.
2372 1352 2475 1422 Qui
2505 1351 2706 1409 bellum
2751 1352 3013 1408 adversus
3046 1350 3539 1423 Langobardorum
3568 1355 3780 1420 gentem

2183 1447 2392 1504 italiam
2433 1445 2757 1517 jampridem
2818 1444 3189 1500 Romanorum
3253 1441 3522 1514 potestati
3570 1440 3783 1497 subtra-

2184 1547 2332 1595 ctam
2381 1538 2536 1593 vario
2573 1535 2697 1607 jure
2736 1536 3142 1608 possidentem,
3194 1544 3391 1607 rogatu
3427 1543 3488 1591 et
3532 1533 3783 1605 predlns

2183 1626 2412 1683 Adriani
2450 1625 2710 1683 Romana:
2737 1624 2888 1682 urbis
2913 1625 3150 1697 episcopi
3178 1624 3438 1690 assumit,
3466 1623 3617 1696 quod
3639 1623 3783 1694 prius

2186 1718 2403 1793 quidem
2444 1727 2501 1774 et
2527 1732 2561 1774 a
2587 1726 2743 1789 patre
2768 1715 2907 1787 ejus,
2941 1715 3221 1788 Stephano
3247 1730 3390 1786 papa
3420 1714 3782 1787 supplicate,

504 1814 618 1855 rem
644 1797 841 1854 nullam
868 1798 1144 1857 salaminis
1168 1799 1415 1855 conferre
1445 1798 1674 1870 gratiam
1706 1816 1720 1852 :
1749 1799 1877 1854 hinc
1900 1798 2082 1869 junio.
2107 1795 2157 1856 B
2183 1825 2307 1867 cum
2340 1825 2541 1881 magna
2564 1809 2881 1866 difﬁcultate
2905 1814 3217 1879 susceptum
3247 1814 3355 1863 est.
3387 1804 3539 1875 Quia
3565 1804 3781 1876 quidam

502 1903 615 1955 res,
635 1889 879 1958 patribus
910 1888 1114 1944 nullum
1140 1888 1435 1958 adjumenti
1474 1890 1638 1944 robur
1676 1888 1945 1944 conferre.
1974 1888 2082 1943 Res

504 1988 651 2035 certe
681 1979 894 2035 animos
932 1995 1189 2035 erroneos
1214 1981 1316 2036 hac
1359 1979 1588 2049 illacque
1629 1978 1898 2034 trahebat.
1947 1979 2086 2035 Dum

504 2067 691 2138 itaque
712 2078 893 2138 partes
914 2077 1065 2124 tanto
1086 2069 1247 2124 animi
1280 2068 1472 2124 ardore
1497 2069 1636 2124 inter
1647 2084 1706 2124 se
1722 2068 2086 2137 decertarent,

505 2168 667 2230 atque
692 2160 745 2214 hi
768 2161 963 2232 quibus
987 2176 1075 2217 res
1089 2177 1186 2231 pro
1203 2162 1384 2217 animo
1404 2162 1599 2227 inerat,
1618 2177 1737 2217 sese
1752 2164 2088 2219 orationibus

504 2253 916 2315 communirent,
935 2252 1200 2324 majestati
1224 2253 1758 2323 omnipotentissima:
1782 2262 1985 2309 tantam
2009 2254 2089 2309 di-

506 2343 937 2399 scriminislitcm
962 2343 1117 2399 solita
1140 2344 1483 2399 miseratione
1499 2343 1755 2400 dirimere
1766 2344 1985 2415 placuit.
2004 2343 2090 2401 Si-

503 2437 720 2506 quidem
759 2436 1035 2508 Remigius
1071 2436 1373 2509 episcopus,
1410 2453 1533 2494 cum
1564 2437 1677 2494 suis
1714 2437 1968 2508 templum
2002 2438 2089 2493 in-

504 2544 753 2601 gressus,
791 2529 916 2584 dum
944 2530 1011 2583 ad
1037 2544 1249 2585 sacrum
1276 2529 1728 2601 propinquassent
1760 2529 2087 2600 sepulcrum,

506 2622 790 2693 repentina
813 2621 1074 2676 luminum
1097 2624 1338 2678 caecitate
1360 2623 1495 2679 adeo
1508 2622 1894 2694 percellnntur,
1913 2629 1970 2677 ut
1992 2635 2093 2677 nec

504 2723 723 2769 mutuos
744 2727 964 2769 cernere
983 2713 1199 2783 quirent
1217 2713 1416 2779 vultus,
1447 2729 1547 2769 nec
1570 2713 1869 2784 quamlibet
1892 2711 2095 2782 iu’par—

505 2813 614 2860 tem
647 2805 837 2861 saltem
870 2804 1085 2875 palpatu
1121 2819 1228 2874 quo
1266 2804 1516 2875 progredi
1555 2802 1752 2858 vellent
1777 2815 2092 2873 agnoscere.

511 2896 740 2952 Perinde
763 2906 967 2952 terrore
995 2896 1173 2951 valido
1200 2895 1466 2965 adoperti,
1489 2894 1623 2949 nihil
1652 2893 1798 2949 aliud
1824 2908 1992 2963 quam
2019 2892 2098 2947 vi-

505 2995 574 3041 ta:
597 2986 872 3055 dispendii
893 2986 1278 3056 operiebantur
1305 3003 1319 3040 :
1344 2985 1435 3039 alii
1460 2985 1689 3055 denique
1716 2984 1830 3040 solo
1847 2994 2097 3041 sternun-

506 3085 614 3139 tur,
638 3075 1059 3131 ntiscricordiam
1086 3074 1295 3129 Domini
1317 3075 1705 3145 praestolaturi;
1731 3075 1822 3129 alii
1851 3076 1987 3145 fuga:
2009 3090 2098 3130 so-

506 3165 635 3222 latio
653 3166 881 3237 salutem
901 3167 1246 3233 meditantes,
1271 3168 1375 3222 huc
1395 3166 1628 3238 illucque
1648 3166 1978 3233 discurrunt,
2000 3183 2095 3223 vo-

507 3256 905 3330 ciferantesque
949 3257 1207 3315 auxilium
1240 3257 1406 3315 affore
1447 3268 1753 3330 precantur.
1800 3259 1897 3316 llis
1928 3260 2096 3315 nimia

507 3350 821 3407 confusione
864 3351 1348 3418 tumultuantibus,
1387 3361 1640 3408 evocatus
1673 3368 1796 3407 cum
1836 3350 2095 3408 fratribus

505 3461 637 3505 acCu
646 3448 744 3501 rrit
762 3446 949 3511 abbas,
965 3445 1030 3500 da
1038 3455 1196 3517 taque
1216 3460 1377 3500 manu
1394 3445 1461 3499 ab
1474 3443 1994 3503 ecclesiaviolatores
2009 3438 2097 3499 sa;

505 3540 583 3596 cri
610 3538 790 3610 templi
811 3539 1066 3606 extrahit,
1090 3538 1328 3593 divinam
1353 3538 1486 3594 satis
1513 3538 1830 3608 abundeque
1851 3539 2095 3594 sentien-

506 3642 588 3687 tes
602 3631 881 3687 ultionem.
898 3629 1057 3684 Humi
1069 3628 1262 3685 deinde
1284 3630 1567 3700 prostratis
1584 3630 1901 3699 veniamque
1912 3637 2098 3699 peten-

506 3721 650 3777 tibus
667 3721 962 3778 clementer
976 3720 1217 3786 indulsit,
1242 3729 1404 3790 atque
1424 3736 1488 3776 ex
1507 3720 1746 3790 ejusdem
1766 3720 2098 3793 pretiosissi-

506 3811 582 3868 mi
594 3804 1163 3883 conl‘essorisizorpore
1179 3811 1434 3882 reliquias
1448 3811 1830 3884 benignissime
1842 3813 2093 3870 contulit.

504 3904 742 3961 Retectis
773 3920 975 3972 autem,
1006 3920 1071 3962 ac
1102 3906 1313 3961 cunctis
1334 3906 1655 3963 necessariis
1678 3906 1859 3963 itineri
1882 3907 2098 3979 dapsili-

503 4010 592 4054 ter
616 3998 908 4064 attributis,
940 3998 1009 4053 ad
1034 4012 1130 4053 sua
1160 3998 1405 4055 remittit.
1436 3999 1507 4055 At
1544 4000 1621 4055 illi
1656 4001 1915 4071 palatium
1945 4019 2093 4074 repe-

506 4097 705 4151 tentes.
728 4090 985 4161 virtutem
1015 4089 1467 4161 quamplurimatn
1497 4091 1596 4148 Dei
1622 4092 1725 4150 hoc
1750 4093 1806 4149 in
1836 4094 1954 4151 loco
1983 4110 2096 4152 me-

504 4188 625 4237 rttts
654 4159 853 4236 saan
880 4180 975 4235 Dei
995 4159 1284 4236 Genitricis
1314 4191 1696 4255 perpetuaeque
1722 4184 1959 4255 Virginis
1981 4184 2094 4242 Ma-

504 4273 623 4339 rite,
641 4287 705 4328 ac
716 4272 776 4327 Β.
793 4271 938 4328 Petri
966 4273 1328 4344 apostolorum
1340 4274 1619 4345 principis,
1636 4290 1845 4332 necnon
1870 4287 2093 4347 etegre-

503 4364 575 4437 gii
604 4363 665 4421 P.
688 4362 964 4420 Benedicti
985 4365 1372 4445 intercessione
1390 4365 1681 4434 vigentem,
1698 4366 1810 4438 regi
1831 4376 2093 4437 praestan-

504 4457 710 4512 tissime
750 4457 977 4528 Pippino
1010 4458 1359 4528 patefaciunt,
1395 4473 1627 4529 eumque
1655 4458 1932 4515 liberalem
1965 4459 2093 4517 huic

504 4564 661 4607 sacro
685 4548 932 4607 coenobio
952 4550 1066 4605 suis
1087 4549 1550 4606 adhortationibus
1576 4534 2017 4609 seduleelliciunt
2036 4563 2084 4608 ι.

504 4716 729 4786 Carolus
779 4739 830 4784 et
885 4728 1278 4785 Corlomannus
1321 4728 1547 4855 Pippino
1593 4731 1734 4801 patri
1783 4733 2085 4789 succedunt.

511 4834 517 4845 ς
575 4800 962 4855 Carlomonnus
985 4816 1081 4855 rea:
1102 4803 1339 4855 moritur.
1412 4801 1729 4855 arolt’aesta.
1757 4831 1829 4844 -—
1854 4802 2085 4855 Rahonis

511 4834 517 4845 ε
575 4800 962 4883 Codomannus
980 4816 1081 4883 rex
1102 4803 1339 4883 moritur.
1369 4800 1546 4857 ϐατοιὶ
1566 4800 1729 4873 gesta.
1757 4831 1829 4844 -—
1854 4802 2087 4861 Rahonis

575 4881 778 4926 comatis
812 4881 1074 4942 rapacitas
1105 4881 1337 4941 punitur.
2074 4914 2079 4921 .

575 4964 803 5035 Pippino
831 4964 1038 5021 interea
1068 4979 1195 5037 rege
1232 4965 1301 5020 ad
1333 4965 1578 5023 caelestia
1606 4977 1669 5024 ut
1692 4967 1967 5026 credimus
1993 4969 2086 5027 de-

578 5114 606 5144 α
639 5100 873 5178 Brevius
903 5104 1048 5178 hanc
1072 5103 1353 5178 historiam
1390 5106 1676 5178 descripsit
1709 5112 1918 5167 Auctor
1952 5125 2086 5168 ano-

506 5186 701 5255 nymus
733 5174 1098 5255 ms_._historia}
1129 5176 1427 5255 episcopor.
1458 5174 1779 5255 Rothomag.
1808 5182 1876 5238 de
1903 5182 2084 5255 Remi-

506 5244 594 5312 gio
619 5244 693 5297 ita
711 5244 963 5322 scribens
1000 5263 1013 5299 :
1055 5244 1287 5326 Cttmque
1314 5244 1381 5300 od
1409 5248 1576 5329 locum
1603 5244 1811 5314 υεηὶἷει,
1842 5263 1889 5307 et
1918 5254 2082 5307 abba-

2185 1926 2217 1969 e
2238 1910 2567 1983 primoribus
2585 1908 2925 1966 Francorum
2960 1921 3082 1963 cum
3102 1906 3302 1978 quibus
3327 1905 3629 1963 consulere
3651 1905 3782 1961 scle-

2187 2003 2303 2071 bat,
2328 2002 2466 2058 adeo
2491 2001 2753 2058 voluntati
2782 1998 2900 2070 ejus
2935 1999 3100 2056 renisi
3129 2007 3276 2063 sunt,
3308 2006 3374 2054 ut
3394 2013 3463 2055 se
3487 2013 3676 2071 regem
3698 1999 3782 2055 de-

2188 2101 2454 2160 serturos,
2479 2094 2807 2164 domumque
2830 2091 3100 2147 redituros
3130 2088 3299 2145 libera
3324 2103 3470 2147 voce
3492 2089 3782 2160 proclama-

2188 2201 2331 2248 rent.
2364 2191 2690 2262 Susceptum
2740 2199 2919 2247 tamen
2949 2199 3033 2246 est
3074 2197 3205 2245 tunc
3240 2197 3440 2245 contra
3466 2188 3781 2244 Haistulfum

2191 2300 2375 2358 regem
2400 2291 2454 2340 et
2486 2284 2771 2340 celerrime
2811 2281 3157 2353 completum.
3189 2280 3485 2352 Siquidem
3510 2279 3781 2353 praefatum

2197 2388 2384 2445 regem
2428 2388 2725 2445 paucorum
2768 2372 2979 2429 dierum
3026 2371 3307 2428 obsidione
3349 2370 3501 2442 apud
3548 2370 3780 2426 Ticinum

2191 2466 2452 2538 compulit
2485 2475 2540 2523 et
2578 2467 2795 2524 obsides
2821 2466 2977 2532 dare,
3003 2474 3058 2521 et
3083 2472 3274 2536 erepta
3299 2464 3579 2519 Romanis
3601 2462 3780 2533 oppida

2192 2570 2355 2631 atque
2375 2559 2604 2642 castella
2638 2558 2946 2625 restituere,
2974 2564 3135 2628 atque
3163 2566 3225 2611 ut
3252 2554 3476 2611 reddita
3507 2570 3619 2610 non
3643 2567 3781 2625 repe-

2196 2675 2462 2733 terentur,
2493 2673 2836 2722 sacramento
2864 2663 3026 2733 ﬁdem
3048 2661 3250 2718 facere.
3296 2660 3605 2716 Enimvero
3633 2657 3779 2712 Caro-

2195 2757 2279 2815 lus
2306 2757 2619 2813 inchoatum
2660 2772 2691 2811 a
2729 2771 2788 2812 se
2831 2754 3031 2811 bellum
3075 2767 3427 2824 nequaquam
3477 2746 3780 2820 interpolari

2170 2853 2461 2924 .permisit,
2492 2852 2807 2922 priusquam
2851 2848 3193 2907 Desiderium
3223 2863 3414 2920 regem
3459 2847 3626 2917 longa
3648 2845 3779 2901 obsi-

2197 2944 2357 3025 dione
2397 2942 2679 3013 fatigatum
2710 2942 2767 2997 in
2807 2941 3135 2998 deditionem
3178 2937 3484 3009 acciperet,
3516 2937 3780 3006 ﬁliumque

2197 3035 2313 3107 ejus
2334 3034 2647 3107 Adalgisum
2668 3034 2722 3090 in
2747 3048 2907 3104 quem
2935 3046 3059 3105 spes
3083 3031 3331 3088 omnium
3353 3029 3623 3086 inclinata
3648 3027 3780 3083 vide-

2120 3136 2169 3203 c
2197 3124 2379 3193 batur,
2406 3141 2514 3182 non
2547 3126 2721 3182 solum
2749 3138 2935 3197 regno,
2956 3121 3313 3180 verumetiam
3341 3119 3503 3175 Italia
3530 3119 3780 3176 excedere

2199 3219 2564 3291 compelleret,
2594 3218 2881 3288 omniaque
2923 3214 3185 3271 Romanis
3224 3223 3419 3285 erepta
3456 3212 3775 3273 restim

2197 3322 2476 3384 totamque
2500 3311 2709 3367 Italiam
2737 3326 2850 3366 suae
2877 3309 3066 3365 ditioni
3093 3306 3414 3380 subjugaret
3441 3304 3779 3374 subactain

2199 3405 2371 3460 lilium
2406 3420 2560 3461 suum
2586 3404 2872 3476 Pippinum
2900 3417 3103 3475 regem,
3142 3401 3475 3473 imponeret.
3522 3397 3776 3469 Ampliat:

2198 3495 2430 3566 denique
2470 3495 2615 3566 regia
2655 3501 2947 3564 potestate,
2990 3506 3216 3549 necesse
3251 3500 3377 3547 erat
3412 3490 3588 3546 duces
3628 3499 3776 3559 regno

2200 3596 2602 3668 subjugataaque
2626 3596 2773 3668 genti
2799 3595 3094 3667 praeﬁcere,
3125 3593 3219 3665 qui
3244 3604 3303 3650 et
3326 3591 3514 3665 legum
3542 3590 3776 3647 modera-

2199 3688 2365 3753 mina,
2395 3696 2449 3742 et
2477 3701 2684 3743 morem
2712 3685 2957 3742 Francia;
2980 3694 3258 3741 assuetum
3293 3697 3523 3740 servare
3548 3678 3775 3751 compd-

2198 3777 2390 3833 lerent.
2419 3775 2535 3845 Qua
2562 3776 2628 3833 de
2654 3792 2713 3832 re
2737 3776 3057 3848 primatibus
3084 3774 3266 3855 populi
3292 3775 3644 3845 ducibusque
3662 3787 3775 3847 cel:

2197 3878 2318 3950 tigit
2334 3866 2594 3949 palatium
2616 3876 2856 3942 vacuari,
2875 3891 2942 3931 eo
2962 3875 3107 3947 quod
3127 3875 3330 3932 multos
3355 3891 3426 3931 ex
3448 3873 3774 3930 Francorum

2198 3968 2360 4026 nobili
2390 3983 2590 4042 genere
2636 3968 2745 4024 lilio
2792 3967 3119 4034 contulerit,
3155 3967 3250 4039 qui
3280 3982 3409 4023 cum
3437 3982 3509 4023 eo
3558 3977 3772 4038 regem

2196 4061 2408 4120 noviter
2434 4070 2740 4132 susceptum
2769 4068 3051 4117 tuerentur
3086 4067 3145 4115 et
3176 4069 3452 4132 regerent.
3483 4057 3600 4113 Hac
3624 4058 3770 4128 igitur

2195 4152 2480 4210 occasione
2520 4160 2580 4207 ut
2628 4148 2892 4222 aliquibus
2929 4151 3142 4207 videtur
3184 4168 3199 4205 :
3242 4159 3305 4207 ut
3353 4148 3610 4221 plurimis
3654 4160 3769 4202 vero

2194 4242 2451 4301 credibile
2471 4243 2647 4299 visum
2671 4252 2773 4310 est,
2801 4242 2871 4298 ob
2896 4241 3233 4299 Francorum
3253 4253 3573 4313 suspectam
3592 4239 3766 4302 ﬁdem.

2195 4349 2358 4405 quam
2423 4332 2590 4389 semel
2652 4333 2707 4389 in
2765 4332 3169 4403 conjuratione,
3229 4332 3358 4389 dum
3433 4332 3641 4388 bellum
3696 4331 3767 4386 ian-

2196 4427 2487 4483 choaretur
2537 4423 2886 4491 Saxonicum,
2915 4434 3171 4496 expertus
3205 4432 3331 4491 est;
3365 4425 3566 4479 iterum
3595 4432 3764 4478 autem

2117 4506 2251 4573 Din
2298 4515 2669 4587 conjuratione
2722 4514 2931 4586 Pippini
3002 4513 3270 4570 naturalis
3347 4510 3508 4587 ﬁlii,]
3553 4512 3764 4583 quihus-

2192 4610 2315 4665 dam
2370 4621 2654 4663 servorum
2709 4616 2930 4662 sucrum
2987 4604 3101 4660 fisci
3135 4604 3322 4661 debito
3353 4603 3653 4660 sublevatis
3679 4618 3761 4658 ca-

2192 4715 2309 4755 ram
2352 4697 2573 4753 tradidit
2616 4696 2791 4766 regni,
2838 4704 3001 4766 atque
3046 4695 3297 4766 inprimis
3341 4694 3626 4768 Ragonem
3667 4696 3762 4749 An-

2192 4788 2583 4846 relianensibus
2607 4788 2859 4843 comitem
2884 4774 3147 4856 praefecit,
3168 4786 3604 4859 Biturigensihus
3624 4785 3762 4841 Stnr-

2191 4880 2713 4947 minium,Arvernis
2741 4879 3151 4946 Bertmundum,
3183 4880 3418 4952 aliisque
3440 4888 3503 4936 ut
3526 4880 3578 4937 ei
3601 4881 3759 4935 visu

2189 4983 2273 5031 est
2298 4972 2430 5029 locis
2450 4971 2586 5028 alios
2607 4973 2921 5046 praeposuit.
2973 4971 3081 5029 Sed
3106 4971 3262 5028 Raho
3287 4981 3348 5029 ut
3374 4974 3494 5044 ejus
3534 4972 3757 5028 debitum

2185 5103 2281 5158 pro
2311 5067 2384 5142 eis
2400 5084 2692 5158 pentina";
2723 5095 3000 5158 exorarent
3023 5076 3087 5140 ut
3116 5059 3192 5140 eis
3224 5083 3521 5155 indulgeret
3544 5099 3566 5137 :
3587 5084 3756 5158 prosti-

2187 5153 2353 5228 sitque
2396 5155 2459 5210 Β.
2487 5154 2773 5228 Remigius,
2796 5155 2936 5228 quod
2956 5153 3418 5228 nonquont‘sancii
3444 5153 3629 5224 corpus

2186 5224 2413 5308 amplius
2438 5224 2759 5308 tronsferrel.
2797 5224 2937 5308 Quid
2965 5224 3160 5308 ploro?
3185 5224 3487 5308 Illicosnut

2185 5307 2235 5336 pr
2265 5296 2302 5336 ἴξ
2355 5296 2616 5336 Han-iniu:
2636 5310 2753 5336 tum
2778 5297 2888 5336 cui:
2910 5296 3176 5336 ιηΗηΙὸΙηη
3196 5297 3474 5336 arietinum
3494 5296 3748 5336 maritali-
