3916 5434
105 402 215 465 921

1252 410 1341 466 DE
1380 407 1748 466 MIRACULIS
1784 405 1842 465 s.
1887 379 2243 464 BENEDIC’l‘l

3285 406 3393 464 9ἳῖ

105 519 453 590 exposcebat
487 526 713 585 naturae,
746 517 911 575 nimia
941 517 1271 576 insolescens
1298 521 1519 586 astutia,
1550 521 1700 589 cupi-
1732 523 1783 581 Α
1809 535 1963 574 suum
2016 519 2322 574 interficere
2373 516 2605 572 voluisse
2635 557 2650 581 ,
2701 515 2893 573 baculo
2930 517 3074 588 quod
3119 517 3390 590 gestabat,

108 611 292 667 ditale
324 627 455 667 vero
499 611 772 666 crudelior
813 608 1072 676 effectus,
1121 626 1246 666 cum
1296 611 1543 665 universa
1583 625 1704 681 qua:

105 701 590 757 Aurelianensium
630 700 765 756 fines
794 699 1072 756 continere
1097 700 1422 755 videbantur
1449 701 1550 755 sibi
1582 702 1707 755 sub-

101 792 262 862 jecta
307 801 576 858 cerneret,
617 793 864 848 coenobio
905 793 1165 848 duntaxat
1207 791 1268 846 S.
1301 791 1574 846 Benedicti
1612 805 1706 845 ex-

106 893 280 954 cepto
310 885 452 954 quod
491 885 559 940 ab
586 885 780 939 abbate
811 893 940 939 tunc
978 884 1268 954 regebatur
1294 881 1543 948 Radulfo,
1571 898 1704 937 con-

106 975 304 1030 silium
343 976 531 1031 habuit
558 975 752 1031 abbate
787 975 1072 1031 interfecto
1105 974 1388 1045 praefatum
1415 974 1706 1044 prteripere

105 1065 449 1121 coenobium.
497 1065 649 1133 Quod
700 1075 969 1122 maturato
1013 1066 1344 1136 peregisset,
1391 1066 1492 1120 nisi
1531 1066 1707 1135 pietas

42 1166 50 1170 '
107 1156 588 1227 indulgeutissima
613 1156 921 1212 Conditoris
950 1156 1165 1212 obviam
1191 1171 1248 1210 se
1286 1163 1434 1209 tanto
1478 1153 1705 1210 facinori

106 1260 395 1317 apponere
441 1247 813 1318 disposuisset.
870 1245 1064 1302 Fretus
1101 1247 1283 1316 itaque
1336 1246 1530 1301 ﬁducia
1587 1261 1706 1316 per-

107 1340 345 1408 agenda:
374 1337 745 1410 malignitatis,
782 1339 1068 1409 quemdam
1100 1354 1130 1394 e
1149 1339 1262 1393 suis
1290 1337 1612 1392 satellitibus
1639 1336 1707 1393 ad

108 1441 304 1496 regem
333 1427 538 1500 dirigit,
561 1428 654 1498 qui
677 1437 950 1482 mortuum
976 1426 1264 1482 Radulfum
1294 1428 1542 1482 abbatem
1569 1443 1710 1481 nun-

110 1519 304 1585 tiaret,
335 1520 631 1590 statimque
659 1535 723 1576 ac
759 1534 896 1590 pene
940 1520 1198 1591 evestigio
1245 1519 1474 1574 alterum
1523 1519 1706 1586 mittit,

109 1612 210 1683 qui
242 1612 532 1668 Radulfum
559 1613 811 1669 abbatem
838 1611 906 1668 ad
935 1612 1259 1683 colloquium
1298 1620 1551 1668 evocaret
1587 1628 1706 1666 mu-

110 1713 293 1760 tuum.
344 1703 488 1760 Sane
534 1703 745 1776 legatus
776 1705 888 1777 regi
915 1705 1152 1760 directus
1188 1703 1486 1759 accelerato
1513 1703 1708 1758 itinere

107 1792 379 1865 palatium
408 1794 593 1859 venit,
625 1794 778 1864 jussa
817 1795 1131 1864 exsequitur
1163 1809 1177 1848 :
1205 1797 1543 1865 necdumque
1587 1809 1710 1864 per-

1810 617 1970 678 caput
2001 624 2177 663 meum
2207 607 2379 662 valide
2412 607 2718 678 percutiens
2745 648 2761 672 ,
2812 607 2971 662 morti
3022 623 3108 663 me
3156 608 3390 664 vicinum

1808 698 2071 764 reddidit;
2120 713 2224 752 una
2275 698 2437 752 etiam
2489 698 2863 761 comminans,
2921 698 3182 754 citissime
3230 699 3392 768 hujus

1809 787 1935 842 facti
1971 801 2055 842 me
2096 787 2358 842 inutiliter
2398 787 2788 858 paenitudinem
2837 797 3202 858 peracturum.
3260 789 3390 846 llaec

1809 879 2014 942 dicens,
2046 879 2230 934 dolore
2260 879 2520 933 interiora
2555 879 2716 934 citius
2743 887 3085 950 penetrante,
3115 891 3275 936 nocte
3305 897 3392 937 se-

1808 972 2015 1042 quenti,
2043 972 2204 1028 morti
2231 973 2472 1042 corporis
2517 981 2748 1028 mortem
2778 974 2971 1029 anima:
3010 975 3242 1040 socians,
3275 975 3391 1031 Ma-

1808 1078 1935 1118 num
1983 1061 2342 1135 [daemonum]
2387 1065 2685 1135 obsequio,
2742 1066 3102 1121 miserrimam
3153 1067 3390 1122 animam

1809 1152 1968 1208 Erebi
1997 1153 2270 1224 jaculatur
2300 1154 2366 1210 ad
2412 1154 2539 1209 ima.
2587 1155 2659 1210 At
2700 1155 2964 1213 Radull‘us
3008 1159 3176 1213 abbas
3207 1159 3388 1226 agnita

1807 1244 1924 1314 ejus
1967 1247 2188 1317 praepeti
2231 1247 2473 1317 quidem,
2505 1247 2601 1304 sed
2640 1251 2881 1304 serotina
2923 1258 3116 1315 morte,
3156 1247 3394 1320 legatum

1808 1337 2012 1408 dirigit,
2051 1339 2140 1408 qui
2168 1339 2282 1410 regi
2315 1349 2370 1394 et
2408 1355 2562 1395 suam
2596 1341 2869 1398 renuntiet
2897 1341 3086 1410 vitam,
3118 1350 3171 1397 et
3208 1341 3392 1398 Raho-

1813 1427 1901 1482 nis
1932 1428 2182 1486 exitiales
2209 1432 2517 1500 exsequias.

2398 1580 2626 1638 CAPUT
2663 1581 2808 1638 XIX.

1973 1707 2146 1766 Naves
2179 1707 2600 1768 Floriacensium
2626 1731 2659 1769 a
2692 1716 2928 1786 vectigali
2952 1716 3226 1772 immunes.

107 1850 238 1938 ξιοω
272 1883 495 1955 "egon"
521 1850 830 1952 aliq'uandiu
857 1850 1056 1954 pala'm
1097 1850 1552 1941 immdramn'm
1577 1850 1707 1942 jem
1738 1883 1785 1944 Β
1879 1858 2070 1955 liegalj
2114 1850 2480 1920 muniﬁcentia
2509 1866 2634 1922 huic
2678 1869 3046 1926 sacratissimo
3086 1870 3331 1928 coenobio
3359 1884 3392 1928 a
3470 1853 3474 1862 ’

108 1975 384 2032 Radulfus
418 1977 587 2032 abbas
614 1977 930 2032 conscensis
957 1978 1112 2047 equis
1137 1993 1259 2032 cum
1288 1979 1475 2049 paucis
1501 1978 1568 2033 ad
1595 1977 1707 2032 col-

109 2067 358 2139 loquium
394 2078 650 2140 properat
690 2068 923 2125 fallentis
965 2071 1146 2126 amici.
1182 2069 1287 2127 Sed
1318 2071 1443 2127 dum
1485 2071 1573 2128 ille
1601 2071 1708 2128 iter

109 2171 420 2232 perageret,
454 2178 636 2219 comes
674 2163 924 2218 balneum
965 2165 1256 2236 ingressus,
1293 2182 1477 2221 curam
1513 2183 1708 2238 corpo-

111 2258 192 2313 ris
215 2259 436 2328 agebat.
459 2255 700 2327 Cumquc
725 2259 900 2312 adhuc
930 2259 982 2312 in
1007 2259 1200 2314 balneo
1230 2261 1511 2326 resideret,
1537 2261 1706 2316 abbas

111 2349 561 2404 monasteriolum
609 2350 667 2404 S.
695 2348 945 2405 Gundulli
983 2362 1008 2391 α
1050 2351 1348 2422 ingreditur
1397 2351 1545 2422 (nam
1575 2351 1706 2408 inibi

113 2451 246 2496 tunc
271 2440 588 2496 morabatur
617 2441 852 2512 comes),
906 2441 1234 2514 obviumque
1282 2444 1472 2499 habuit
1518 2458 1706 2514 quem-

112 2534 244 2588 dam
293 2533 637 2604 pomilionem
685 2533 1057 2606 [pumilionem
1093 2553 1183 2590 seu
1219 2537 1446 2610 nanum]
1491 2538 1709 2594 nomine

111 2621 523 2694 Gauringisum,
551 2627 642 2696 qui
669 2625 882 2682 facetiis
912 2628 1095 2684 comiti
1129 2630 1474 2696 inserviebat,
1506 2633 1708 2702 quique

111 2714 343 2770 insidias
369 2715 421 2771 ei
459 2716 691 2783 comitis,
718 2734 840 2773 cum
886 2719 1127 2785 nutibus,
1161 2728 1271 2774 tum
1318 2737 1567 2778 sermone
1617 2725 1709 2780 de-

111 2791 401 2873 nuntians,
436 2805 575 2878 fugae
605 2809 863 2864 auxilium
915 2820 1168 2881 expetere
1214 2812 1484 2870 hortatur.
1521 2815 1708 2887 Itaque

114 2899 291 2955 abbas
323 2916 479 2956 verso
504 2903 692 2972 gradu,
733 2903 1036 2960 calcaribus
1065 2920 1265 2976 equum
1297 2907 1597 2977 impellens,
1631 2909 1708 2964 ci-

115 2999 236 3046 tato
265 3007 426 3047 cursu
465 2993 675 3065 Ligeris
713 2994 924 3050 alveum
969 2997 1186 3066 repetit,
1231 3013 1534 3068 navemque
1579 3016 1708 3056 con-

114 3085 409 3152 scendens,
438 3086 492 3142 in
525 3088 832 3144 citeriorem
866 3090 1224 3144 transvehitur
1251 3074 1444 3162 ripam,
1481 3093 1706 3150 celerri-

116 3191 318 3251 meque
340 3179 668 3233 monasterio
691 3179 966 3249 recipitur.
992 3179 1200 3236 Interea
1221 3183 1500 3238 nuntiatur
1519 3186 1705 3241 comiti

115 3270 374 3325 abbatem
429 3270 558 3325 inibi
607 3271 824 3327 affuisse
870 3271 1296 3341 Radulfum,sed
1324 3277 1534 3332 concite
1583 3275 1706 3332 red?

119 3359 275 3416 iisse.
325 3359 568 3417 Cernetis
609 3378 794 3418 comes
835 3364 1098 3419 acerrime
1146 3380 1205 3420 se
1252 3367 1321 3422 ab
1351 3367 1545 3424 abbate
1574 3383 1711 3438 prae-

116 3459 368 3514 ventum,
397 3467 496 3507 nec
531 3453 747 3507 malitiae
775 3469 888 3509 suae
919 3469 981 3509 ac
1006 3453 1180 3509 fraudi
1210 3454 1384 3511 locum
1413 3464 1598 3527 patere
1629 3458 1710 3512 ul-

118 3540 260 3607 lum,
285 3542 451 3597 nimio
475 3542 594 3598 felle
633 3553 956 3611 commotus,
985 3560 1016 3598 a
1046 3545 1236 3602 balneo
1265 3547 1520 3603 exsiliens
1547 3549 1710 3606 linteo

117 3632 453 3700 obvolvitur,
494 3650 661 3705 seque
691 3637 742 3689 in
772 3636 968 3690 lectum
1011 3636 1401 3707 aliquantulum
1441 3641 1712 3711 requietu-

118 3738 220 3778 rus
247 3724 480 3794 projicit,
516 3726 787 3780 residente
825 3727 892 3780 ad
918 3736 1079 3796 caput
1111 3726 1228 3797 ejus
1256 3729 1544 3786 Deutheria
1575 3746 1707 3786 con-

117 3816 342 3871 cubina.
389 3817 469 3871 Eo
497 3816 671 3872 altiori
703 3832 895 3886 sopore
940 3819 1234 3887 depresso,
1283 3821 1454 3879 astitit
1498 3822 1551 3876 in
1590 3823 1710 3878 visu

118 3905 348 3978 quidam
375 3920 536 3961 senex
559 3908 806 3962 monachi
831 3907 1070 3962 habitum
1096 3925 1308 3980 gerens,
1336 3927 1495 3981 quem
1518 3928 1710 3983 seque-

119 3998 288 4052 batur
309 4013 443 4067 puer
463 3986 700 4067 ejusdem
727 3999 962 4065 habitus,
990 4001 1273 4072 taliterque
1300 4004 1368 4058 ad
1396 4019 1519 4059 eum
1547 4005 1664 4060 infit
1689 4024 1704 4063 :

120 4088 169 4143 Ο
201 4087 418 4155 Comes,
448 4090 574 4160 quid
603 4092 899 4161 promerui,
939 4093 1065 4162 quia
1100 4094 1314 4150 voluisti
1341 4096 1592 4152 abbatem
1623 4099 1710 4154 in-

123 4180 375 4235 terﬁcere
413 4184 625 4236 meum?
669 4183 766 4239 Cui
809 4200 931 4240 cum
979 4185 1067 4241 ille
1104 4189 1351 4259 negando
1388 4205 1709 4261 responsum

119 4273 329 4337 ederet,
365 4288 702 4344 nequaquam
747 4290 804 4330 se
839 4277 1088 4332 abbatem
1145 4293 1302 4334 suum
1361 4295 1561 4337 necare
1616 4299 1709 4338 vo-

121 4363 324 4429 luisse;
375 4363 464 4418 ille
493 4372 648 4421 torvo
676 4366 824 4421 vultu
855 4368 908 4422 in
951 4383 1075 4424 eum
1107 4371 1405 4440 respiciens
1443 4372 1710 4444 simulque

120 4454 323 4510 baculo
350 4457 495 4526 quod
518 4459 762 4528 gestabat
792 4459 1016 4515 incurvo
1045 4476 1206 4532 caput
1231 4461 1348 4531 ejus
1378 4467 1704 4535 percutiens,

123 4547 303 4616 inquit
333 4565 348 4601 :
378 4547 485 4603 Per
518 4560 678 4620 caput
705 4550 809 4606 hoc
841 4559 1009 4607 testor
1036 4555 1426 4622 ptenitudinem
1462 4569 1513 4614 te
1550 4559 1708 4630 hujus

120 4638 252 4694 facti
277 4641 545 4697 inutiliter
579 4642 880 4698 certissime
906 4653 1170 4700 acturum.
1214 4647 1328 4715 Qua
1358 4652 1709 4720 percussione

119 4731 417 4797 excitatus,
450 4747 482 4786 a
524 4731 664 4788 lecto
701 4733 986 4800 exsiliens,
1015 4735 1270 4794 efferatus
1308 4741 1490 4797 animo
1518 4742 1572 4798 in
1609 4758 1708 4798 vo-

120 4839 244 4878 cem
276 4825 474 4893 erupit,
506 4823 693 4879 dicens
722 4841 735 4878 :
765 4821 858 4879 Vae
883 4825 1047 4892 mihi,
1078 4843 1159 4884 vae
1201 4829 1366 4896 mihi,
1403 4829 1517 4900 jam
1567 4848 1711 4889 nunc

117 4914 353 4969 morior.
400 4913 644 4986 Cumque
685 4925 926 4972 astantes
962 4918 1137 4974 territi
1168 4922 1540 4992 requirerent,
1580 4925 1710 4994 quid

117 5019 308 5059 causae
338 5013 498 5068 esset,
529 5020 625 5061 cur
658 5004 786 5060 talia
814 5021 877 5061 ac
898 5007 944 5062 si
973 5017 1153 5065 mente
1189 5021 1379 5082 captus
1407 5015 1709 5071 effunderet

116 5096 326 5161 verba,
357 5095 562 5165 pallens
593 5112 658 5152 ac
694 5105 932 5153 tremens
958 5099 1360 5159 sciscitantibus
1395 5106 1708 5180 respondit:

117 5187 437 5244 Ouiescenti
464 5189 596 5244 mihi
643 5188 699 5242 in
745 5187 887 5243 lecto
919 5199 1139 5244 sanctus
1165 5194 1338 5244 astitit
1367 5197 1710 5244 Remum-is-

1737 4609 1790 4668 D

1810 1952 2006 2023 priscis
2030 1953 2366 2011 Francorum
2398 1959 2615 2027 regibus
2638 1974 2736 2030 per
2756 1962 3008 2033 praecepti
3039 1963 3242 2034 proprii
3269 1979 3398 2035 syn-

1807 2045 2072 2116 graphum
2115 2062 2434 2105 concessum
2470 2049 2789 2118 fuerat,'uti
2836 2062 3069 2122 quatuor
3099 2070 3262 2111 naves
3297 2055 3401 2110 im-

1809 2153 2000 2193 munes
2043 2139 2112 2194 ab
2154 2141 2300 2195 omni
2354 2143 2536 2197 debito
2579 2142 2694 2199 fisci
2738 2143 3016 2201 liberrime
3055 2161 3154 2216 per
3186 2147 3397 2204 alveum

1808 2228 2018 2298 Ligeris
2045 2231 2436 2288 discurrerent.
2485 2233 2618 2289 Cum
2668 2236 2849 2306 itaque
2889 2237 3151 2307 suprafati
3183 2239 3399 2295 comitis

1811 2326 2069 2388 tempore,
2111 2320 2300 2374 harum
2328 2338 2436 2376 una
2475 2323 2544 2377 ob
2587 2323 2712 2379 salis
2747 2327 3084 2382 evectionem
3112 2327 3398 2384 Namneti-

1809 2424 1927 2463 cam
1962 2426 2132 2482 usque
2175 2411 2242 2466 ad
2274 2413 2462 2470 urbem
2507 2417 2872 2485 pervenisset,
2917 2428 3078 2489 atque
3117 2420 3170 2474 in
3216 2434 3398 2492 regre-

1808 2502 2004 2558 diendo
2033 2512 2146 2558 tuta
2175 2520 2241 2560 ex
2272 2515 2540 2577 praecepto
2568 2507 2718 2577 regio
2750 2509 2778 2548 δ
2806 2524 2997 2565 omnes
3032 2511 3244 2566 itineris
3273 2526 3398 2581 por-

1811 2603 1896 2650 tus
1943 2596 2296 2667 civitatesque
2344 2601 2734 2669 pertransiret,
2782 2602 2851 2657 ad
2910 2604 3097 2659 urbem
3152 2604 3400 2675 pervenit

1807 2686 2173 2758 Aurelianum,
2204 2692 2385 2762 ibique
2417 2708 2446 2747 a
2481 2694 2760 2751 telonariis
2799 2696 3036 2753 civitatis
3067 2698 3282 2753 detenta
3312 2712 3399 2753 re-

1807 2787 1927 2832 ctor
1976 2781 2128 2836 navis
2184 2783 2464 2854 vectigalis
2518 2786 2692 2856 gratia
2748 2789 3034 2857 qutestioni
3088 2789 3397 2860 subjicitur.

1807 2867 2211 2928 Liberalitatem
2260 2876 2462 2946 regiam
2518 2877 2610 2932 illo
2664 2879 3026 2946 reclamante,
3089 2891 3397 2953 contempta

1809 2962 1976 3034 regali
2015 2965 2339 3022 auctoritate
2365 2975 2586 3024 exactor
2620 2983 2811 3026 navem
2839 2981 3091 3028 onustam
3125 2973 3236 3028 sale
3265 2973 3398 3030 fisco

1813 3050 2063 3120 subjicit,
2125 3064 2288 3124 atque
2335 3072 2457 3111 cum
2506 3058 2720 3115 caeteris
2771 3061 3012 3128 navibus
3062 3060 3425 3133 procuratori

1808 3153 1997 3212 portus
2038 3147 2348 3200 committit.
2392 3148 2524 3203 Erat
2551 3150 2768 3220 quando
2798 3151 2914 3207 haec
2950 3155 3248 3224 agebantur
3286 3155 3402 3212 dies

1705 3273 1710 3279 .
1736 3248 1782 3312 ρ
1815 3235 2125 3304 Dominica;
2159 3239 2252 3294 sed
2273 3240 2417 3294 circa
2445 3242 2636 3297 horam
2662 3243 2776 3300 fere
2799 3245 2905 3302 diei
2927 3248 3164 3315 tertiam,
3190 3249 3402 3306 cunctis

1815 3327 2103 3384 missarum
2130 3330 2494 3389 celebratione
2526 3335 2778 3403 detentis,
2813 3339 2967 3394 navis
2994 3355 3114 3409 qua:
3143 3356 3267 3395 cum
3291 3358 3399 3397 cae-

1815 3419 1944 3474 teris
1966 3418 2018 3474 in
2043 3430 2200 3490 portu
2223 3422 2391 3478 fiscali
2411 3427 2714 3491 tenebatur,
2739 3429 2917 3484 subito
2939 3430 3142 3499 absque
3168 3433 3405 3489 humano

1813 3510 2036 3582 remige,
2070 3528 2100 3566 a
2129 3523 2285 3584 portu
2329 3525 2510 3570 emota
2544 3518 2780 3572 medium
2821 3518 3058 3592 Ligerim
3105 3522 3259 3591 petit,
3291 3539 3400 3594 quo

1813 3601 2006 3658 fortior
2030 3605 2113 3660 vis
2139 3621 2293 3676 aqua:
2319 3606 2610 3663 decurrere
2636 3609 2773 3666 solet
2817 3629 2832 3668 :
2874 3612 3055 3684 ibique
3081 3623 3271 3669 contra
3306 3617 3402 3671 ad-

1812 3713 2026 3756 versum
2069 3700 2293 3774 pelagus
2338 3701 2554 3759 fortiter
2594 3706 2886 3773 enatando,
2921 3709 3166 3777 pervenit
3194 3710 3262 3765 ad
3297 3709 3399 3766 Po-

1812 3789 2070 3846 sterulam
2097 3806 2216 3861 qua:
2243 3806 2415 3862 usque
2444 3793 2602 3849 hodie
2644 3793 2700 3848 S.
2736 3794 3013 3853 Benedicti
3041 3797 3260 3864 dicitur,
3297 3799 3401 3854 ibi-

1813 3895 1918 3950 que
1977 3881 2203 3952 appulit.
2251 3883 2597 3940 Concurrunt
2642 3887 2878 3958 undique
2919 3889 2988 3944 ab
3037 3889 3169 3946 urbe
3216 3891 3399 3962 populi

1814 3973 2145 4044 incognitum
2174 3991 2399 4032 cernere
2443 3978 2760 4035 miraculum
2781 4021 2797 4047 ,
2826 3990 3212 4052 stupentesque
3239 3999 3400 4043 voces

1810 4066 2068 4124 clamoris
2109 4077 2272 4139 atque
2321 4071 2716 4130 adhortationis
2757 4073 3060 4146 proferunt.
3110 4077 3320 4144 Videte,
3365 4093 3400 4134 ο

1813 4157 1979 4223 cives,
2011 4159 2450 4229 contemplamini
2480 4164 2712 4234 qualiter
2753 4183 2925 4224 novus
2969 4179 3133 4224 nauta
3170 4170 3400 4230 dilectus

1812 4249 2026 4305 Domini
2065 4251 2385 4309 Benedictus
2421 4257 2631 4311 mortali
2676 4259 2794 4315 sine
2825 4261 3029 4330 remige
3054 4277 3244 4319 navem
3272 4278 3397 4334 pro-

1811 4339 1987 4408 priam
2034 4341 2223 4396 mediis
2267 4343 2403 4414 regit
2451 4344 2503 4398 in
2552 4343 2821 4404 ﬂuctibus.
2877 4348 3110 4405 Confusa
3159 4352 3395 4423 denique

1811 4431 1990 4485 omnis
2009 4440 2423 4501 procuratorum
2447 4434 2562 4490 fisci
2586 4437 2806 4493 audacia
2831 4438 2884 4493 in
2904 4448 3178 4510 posterum
3204 4443 3272 4497 ab
3294 4441 3396 4496 hac

1813 4534 1932 4576 sese
1960 4524 2295 4594 compescuit
2328 4525 2574 4581 stultitia.

2415 4684 2643 4742 CAPUT
2682 4685 2804 4743 XX.

1813 4812 2008 4871 Carolo
2043 4815 2239 4940 Magno
2269 4815 2566 4900 Ludovicus
2596 4820 2846 4900 succedit.
2878 4821 3042 4895 Regni
3067 4834 3115 4880 et
3150 4821 3402 4882 Ecclesiae

1883 4897 2050 4940 status
2075 4904 2134 4940 au
2196 4903 2275 4940 eo.
2305 4886 2506 4940 Οάοηη
2535 4900 2739 4940 comma
2771 4892 2971 4940 rerum-
3000 4895 3057 4940 ς-
3095 4896 3402 4940 Benedictus

1883 4897 2050 4942 status
2075 4886 2168 4941 sub
2196 4903 2275 4940 eo.
2305 4886 2506 4945 Odont's
2535 4891 2739 4945 comitia
2769 4886 2977 4961 feritas:
2999 4895 3058 4953 S.
3090 4896 3404 4952 Benedictus

1884 4974 1968 5012 τεε
1992 4974 2206 5014 suorum
2233 4967 2406 5014 curat.

1894 5116 2087 5174 Carolo
2139 5117 2380 5187 Augusto
2439 5119 2632 5190 Magno
2694 5118 3026 5192 imperatore
3082 5123 3418 5182 Francorum

1819 5203 1967 5244 dicm
1995 5212 2222 5244 nhannln
2268 5207 2288 5244 1
2315 5210 2572 5244 ΙΙΑι-ινξηηο
2603 5211 2740 5244 nunc
2772 5214 2890 5244 ης..-
2921 5224 2982 5244 se,
3011 5241 3020 5244 -
3041 5218 3132 5244 -..τι
3161 5215 3390 5244 ηηὶυυ-..η
