  <div class='ocr_page' id='page_1' title='image "/cluster/home/n/w/nwhite01/storage/ocr_20150623/124/hvd.32044011218096/468.png"; bbox 0 0 3916 5434; ppageno 0'>
   <div class='ocr_carea' id='block_1_1' title="bbox 32 276 3376 364">
    <p class='ocr_par' dir='ltr' id='par_1_1' title="bbox 32 276 3376 364">
     <span class='ocr_line' id='line_1_1' title="bbox 32 276 3376 364; baseline 0.01 -34"><span class='ocrx_word' id='word_1_1' title='bbox 32 276 212 336; x_wconf 72' lang='lat'><strong>925</strong></span> <span class='ocrx_word' id='word_1_2' title='bbox 1213 287 1300 345; x_wconf 85' lang='lat' dir='ltr'><strong>DE</strong></span> <span class='ocrx_word' id='word_1_3' title='bbox 1339 287 1710 344; x_wconf 80' lang='lat' dir='ltr'><strong>MIRACULIS</strong></span> <span class='ocrx_word' id='word_1_4' title='bbox 1747 288 1804 344; x_wconf 92' lang='lat' dir='ltr'><strong>S.</strong></span> <span class='ocrx_word' id='word_1_5' title='bbox 1851 288 2226 351; x_wconf 82' lang='lat' dir='ltr'><strong>BENEDICTI.</strong></span> <span class='ocrx_word' id='word_1_6' title='bbox 3274 305 3376 364; x_wconf 70' lang='grc'><strong>926</strong></span> 
     </span>
    </p>
   </div>
   <div class='ocr_carea' id='block_1_2' title="bbox 31 396 3377 473">
    <p class='ocr_par' dir='ltr' id='par_1_2' title="bbox 31 396 3377 473">
     <span class='ocr_line' id='line_1_2' title="bbox 31 396 3377 473; baseline 0.002 -23"><span class='ocrx_word' id='word_1_7' title='bbox 31 397 362 463; x_wconf 74' lang='lat' dir='ltr'><strong>postridie</strong></span> <span class='ocrx_word' id='word_1_8' title='bbox 387 397 512 453; x_wconf 85' lang='lat' dir='ltr'><strong>belli</strong></span> <span class='ocrx_word' id='word_1_9' title='bbox 545 399 714 454; x_wconf 78' lang='lat' dir='ltr'><strong>exacti</strong></span> <span class='ocrx_word' id='word_1_10' title='bbox 754 399 886 454; x_wconf 88' lang='lat' dir='ltr'><strong>hora</strong></span> <span class='ocrx_word' id='word_1_11' title='bbox 921 397 1035 454; x_wconf 86' lang='lat' dir='ltr'><strong>fere</strong></span> <span class='ocrx_word' id='word_1_12' title='bbox 1061 397 1164 453; x_wconf 90' lang='lat' dir='ltr'><strong>diei</strong></span> <span class='ocrx_word' id='word_1_13' title='bbox 1195 406 1380 453; x_wconf 81' lang='lat' dir='ltr'><strong>octava</strong></span> <span class='ocrx_word' id='word_1_14' title='bbox 1413 409 1688 453; x_wconf 89' lang='lat' dir='ltr'><strong>monaste-</strong></span> <span class='ocrx_word' id='word_1_15' title='bbox 1716 401 1764 458; x_wconf 80' lang='grc' dir='ltr'><strong>Α</strong></span> <span class='ocrx_word' id='word_1_16' title='bbox 1795 396 1966 452; x_wconf 86' lang='lat' dir='ltr'><strong>diCtus</strong></span> <span class='ocrx_word' id='word_1_17' title='bbox 1990 400 2250 455; x_wconf 83' lang='lat' dir='ltr'><strong>vocabulo</strong></span> <span class='ocrx_word' id='word_1_18' title='bbox 2279 399 2412 454; x_wconf 81' lang='lat' dir='ltr'><strong>Obla</strong></span> <span class='ocrx_word' id='word_1_19' title='bbox 2444 400 2620 473; x_wconf 82' lang='lat' dir='ltr'><strong>Ligeri</strong></span> <span class='ocrx_word' id='word_1_20' title='bbox 2652 401 3004 472; x_wconf 87' lang='lat' dir='ltr'><strong>immergitur,</strong></span> <span class='ocrx_word' id='word_1_21' title='bbox 3055 417 3214 472; x_wconf 85' lang='lat' dir='ltr'><strong>supra</strong></span> <span class='ocrx_word' id='word_1_22' title='bbox 3236 416 3377 472; x_wconf 70' lang='lat' dir='ltr'><strong>ejus-</strong></span> 
     </span>
    </p>
   </div>
   <div class='ocr_carea' id='block_1_3' title="bbox 37 487 3387 566">
    <p class='ocr_par' dir='ltr' id='par_1_3' title="bbox 37 487 3387 566">
     <span class='ocr_line' id='line_1_3' title="bbox 37 487 3387 566; baseline 0.004 -29"><span class='ocrx_word' id='word_1_23' title='bbox 37 487 240 542; x_wconf 81' lang='lat' dir='ltr'><strong>rium</strong></span> <span class='ocrx_word' id='word_1_24' title='bbox 272 492 539 561; x_wconf 72' lang='lat' dir='ltr'><strong>pervenit,</strong></span> <span class='ocrx_word' id='word_1_25' title='bbox 565 492 792 561; x_wconf 91' lang='lat' dir='ltr'><strong>diroque</strong></span> <span class='ocrx_word' id='word_1_26' title='bbox 820 492 1005 546; x_wconf 91' lang='lat' dir='ltr'><strong>nuntio</strong></span> <span class='ocrx_word' id='word_1_27' title='bbox 1028 492 1332 547; x_wconf 78' lang='lat' dir='ltr'><strong>etenobium</strong></span> <span class='ocrx_word' id='word_1_28' title='bbox 1359 507 1518 546; x_wconf 88' lang='lat' dir='ltr'><strong>omne</strong></span> <span class='ocrx_word' id='word_1_29' title='bbox 1559 506 1687 561; x_wconf 91' lang='lat' dir='ltr'><strong>per—</strong></span> <span class='ocrx_word' id='word_1_30' title='bbox 1793 489 1914 544; x_wconf 87' lang='lat' dir='ltr'><strong>dem</strong></span> <span class='ocrx_word' id='word_1_31' title='bbox 1949 489 2146 544; x_wconf 82' lang='lat' dir='ltr'><strong>fluviali</strong></span> <span class='ocrx_word' id='word_1_32' title='bbox 2177 507 2236 546; x_wconf 90' lang='lat' dir='ltr'><strong>se</strong></span> <span class='ocrx_word' id='word_1_33' title='bbox 2263 501 2442 547; x_wconf 88' lang='lat' dir='ltr'><strong>astare</strong></span> <span class='ocrx_word' id='word_1_34' title='bbox 2473 497 2768 565; x_wconf 78' lang='lat' dir='ltr'><strong>marginem</strong></span> <span class='ocrx_word' id='word_1_35' title='bbox 2805 512 2818 548; x_wconf 89' lang='lat'><strong>:</strong></span> <span class='ocrx_word' id='word_1_36' title='bbox 2859 509 2927 550; x_wconf 79' lang='lat' dir='ltr'><strong>ex</strong></span> <span class='ocrx_word' id='word_1_37' title='bbox 2958 495 3061 549; x_wconf 90' lang='lat' dir='ltr'><strong>alia</strong></span> <span class='ocrx_word' id='word_1_38' title='bbox 3103 510 3233 550; x_wconf 84' lang='lat' dir='ltr'><strong>vero</strong></span> <span class='ocrx_word' id='word_1_39' title='bbox 3260 495 3387 566; x_wconf 66' lang='lat' dir='ltr'><strong>ripal</strong></span> 
     </span>
    </p>
   </div>
   <div class='ocr_carea' id='block_1_4' title="bbox 33 581 3382 656">
    <p class='ocr_par' dir='ltr' id='par_1_4' title="bbox 33 581 3382 656">
     <span class='ocr_line' id='line_1_4' title="bbox 33 581 3382 656; baseline 0.003 -22"><span class='ocrx_word' id='word_1_40' title='bbox 33 582 246 636; x_wconf 81' lang='lat' dir='ltr'><strong>culit.</strong></span> <span class='ocrx_word' id='word_1_41' title='bbox 283 581 505 638; x_wconf 82' lang='lat' dir='ltr'><strong>Nuntiat</strong></span> <span class='ocrx_word' id='word_1_42' title='bbox 532 601 765 655; x_wconf 89' lang='lat' dir='ltr'><strong>namque</strong></span> <span class='ocrx_word' id='word_1_43' title='bbox 788 587 1221 641; x_wconf 89' lang='lat' dir='ltr'><strong>crucntissimam</strong></span> <span class='ocrx_word' id='word_1_44' title='bbox 1246 586 1445 640; x_wconf 77' lang='lat' dir='ltr'><strong>czedem</strong></span> <span class='ocrx_word' id='word_1_45' title='bbox 1477 596 1682 640; x_wconf 85' lang='lat' dir='ltr'><strong>nostro-</strong></span> <span class='ocrx_word' id='word_1_46' title='bbox 1791 582 1998 652; x_wconf 79' lang='lat' dir='ltr'><strong>praefati</strong></span> <span class='ocrx_word' id='word_1_47' title='bbox 2055 584 2310 649; x_wconf 85' lang='lat' dir='ltr'><strong>ﬂuminis,</strong></span> <span class='ocrx_word' id='word_1_48' title='bbox 2367 589 2696 656; x_wconf 89' lang='lat' dir='ltr'><strong>quemdam,</strong></span> <span class='ocrx_word' id='word_1_49' title='bbox 2755 587 2949 656; x_wconf 67' lang='lat' dir='ltr'><strong>ignota:</strong></span> <span class='ocrx_word' id='word_1_50' title='bbox 3004 587 3104 641; x_wconf 89' lang='lat' dir='ltr'><strong>sibi</strong></span> <span class='ocrx_word' id='word_1_51' title='bbox 3160 586 3382 655; x_wconf 80' lang='lat' dir='ltr'><strong>quidem</strong></span> 
     </span>
    </p>
   </div>
   <div class='ocr_carea' id='block_1_5' title="bbox 38 674 3382 742">
    <p class='ocr_par' dir='ltr' id='par_1_5' title="bbox 38 674 3382 742">
     <span class='ocr_line' id='line_1_5' title="bbox 38 674 3382 742; baseline 0.002 -18"><span class='ocrx_word' id='word_1_52' title='bbox 38 685 238 730; x_wconf 83' lang='lat' dir='ltr'><strong>rum.</strong></span> <span class='ocrx_word' id='word_1_53' title='bbox 289 676 725 730; x_wconf 78' lang='lat' dir='ltr'><strong>adversariorum</strong></span> <span class='ocrx_word' id='word_1_54' title='bbox 787 678 1063 732; x_wconf 88' lang='lat' dir='ltr'><strong>victricem</strong></span> <span class='ocrx_word' id='word_1_55' title='bbox 1121 677 1372 731; x_wconf 87' lang='lat' dir='ltr'><strong>insistere</strong></span> <span class='ocrx_word' id='word_1_56' title='bbox 1429 691 1687 742; x_wconf 86' lang='lat' dir='ltr'><strong>manum,</strong></span> <span class='ocrx_word' id='word_1_57' title='bbox 1792 674 2013 741; x_wconf 64' lang='lat' dir='ltr'><strong>formai,</strong></span> <span class='ocrx_word' id='word_1_58' title='bbox 2061 678 2153 732; x_wconf 90' lang='lat' dir='ltr'><strong>sed</strong></span> <span class='ocrx_word' id='word_1_59' title='bbox 2208 685 2385 732; x_wconf 89' lang='lat' dir='ltr'><strong>tamen</strong></span> <span class='ocrx_word' id='word_1_60' title='bbox 2425 679 2715 732; x_wconf 84' lang='lat' dir='ltr'><strong>venerandi</strong></span> <span class='ocrx_word' id='word_1_61' title='bbox 2763 679 2944 734; x_wconf 84' lang='lat' dir='ltr'><strong>vultus</strong></span> <span class='ocrx_word' id='word_1_62' title='bbox 2993 688 3173 732; x_wconf 86' lang='lat' dir='ltr'><strong>astare</strong></span> <span class='ocrx_word' id='word_1_63' title='bbox 3223 676 3382 734; x_wconf 54' lang='lat' dir='ltr'><strong>cieri.</strong></span> 
     </span>
    </p>
   </div>
   <div class='ocr_carea' id='block_1_6' title="bbox 39 766 3382 841">
    <p class='ocr_par' dir='ltr' id='par_1_6' title="bbox 39 766 3382 841">
     <span class='ocr_line' id='line_1_6' title="bbox 39 766 3382 841; baseline 0.003 -25"><span class='ocrx_word' id='word_1_64' title='bbox 39 766 280 834; x_wconf 80' lang='lat' dir='ltr'><strong>copias</strong></span> <span class='ocrx_word' id='word_1_65' title='bbox 307 783 496 822; x_wconf 87' lang='lat' dir='ltr'><strong>omnes</strong></span> <span class='ocrx_word' id='word_1_66' title='bbox 523 783 644 822; x_wconf 90' lang='lat' dir='ltr'><strong>cum</strong></span> <span class='ocrx_word' id='word_1_67' title='bbox 679 768 894 822; x_wconf 79' lang='lat' dir='ltr'><strong>auxiliis</strong></span> <span class='ocrx_word' id='word_1_68' title='bbox 934 769 1061 822; x_wconf 91' lang='lat' dir='ltr'><strong>hinc</strong></span> <span class='ocrx_word' id='word_1_69' title='bbox 1092 769 1213 822; x_wconf 90' lang='lat' dir='ltr'><strong>inde</strong></span> <span class='ocrx_word' id='word_1_70' title='bbox 1253 768 1546 822; x_wconf 73' lang='lat' dir='ltr'><strong>contractis</strong></span> <span class='ocrx_word' id='word_1_71' title='bbox 1589 767 1689 822; x_wconf 89' lang='lat' dir='ltr'><strong>hac</strong></span> <span class='ocrx_word' id='word_1_72' title='bbox 1792 781 1913 821; x_wconf 88' lang='lat' dir='ltr'><strong>cum</strong></span> <span class='ocrx_word' id='word_1_73' title='bbox 1947 768 2024 836; x_wconf 89' lang='lat' dir='ltr'><strong>(id</strong></span> <span class='ocrx_word' id='word_1_74' title='bbox 2045 779 2118 822; x_wconf 86' lang='lat' dir='ltr'><strong>est</strong></span> <span class='ocrx_word' id='word_1_75' title='bbox 2150 771 2520 841; x_wconf 88' lang='lat' dir='ltr'><strong>monachum),</strong></span> <span class='ocrx_word' id='word_1_76' title='bbox 2546 771 2635 840; x_wconf 92' lang='lat' dir='ltr'><strong>qui</strong></span> <span class='ocrx_word' id='word_1_77' title='bbox 2661 770 2850 826; x_wconf 85' lang='lat' dir='ltr'><strong>baculo</strong></span> <span class='ocrx_word' id='word_1_78' title='bbox 2866 771 3006 840; x_wconf 87' lang='lat' dir='ltr'><strong>quod</strong></span> <span class='ocrx_word' id='word_1_79' title='bbox 3036 771 3279 840; x_wconf 77' lang='lat' dir='ltr'><strong>gestabat</strong></span> <span class='ocrx_word' id='word_1_80' title='bbox 3300 770 3382 825; x_wconf 84' lang='lat' dir='ltr'><strong>in-</strong></span> 
     </span>
    </p>
   </div>
   <div class='ocr_carea' id='block_1_7' title="bbox 41 852 3383 934">
    <p class='ocr_par' dir='ltr' id='par_1_7' title="bbox 41 852 3383 934">
     <span class='ocr_line' id='line_1_7' title="bbox 41 852 3383 934; baseline 0.001 -22"><span class='ocrx_word' id='word_1_81' title='bbox 41 852 329 926; x_wconf 70' lang='lat' dir='ltr'><strong>illncque</strong></span> <span class='ocrx_word' id='word_1_82' title='bbox 363 855 500 927; x_wconf 64' lang='lat' dir='ltr'><strong>fuga:</strong></span> <span class='ocrx_word' id='word_1_83' title='bbox 535 857 775 912; x_wconf 85' lang='lat' dir='ltr'><strong>subsidio</strong></span> <span class='ocrx_word' id='word_1_84' title='bbox 802 857 1057 926; x_wconf 80' lang='lat' dir='ltr'><strong>dilapsus,</strong></span> <span class='ocrx_word' id='word_1_85' title='bbox 1089 859 1341 913; x_wconf 86' lang='lat' dir='ltr'><strong>ductores</strong></span> <span class='ocrx_word' id='word_1_86' title='bbox 1378 857 1499 911; x_wconf 76' lang='lat' dir='ltr'><strong>belli</strong></span> <span class='ocrx_word' id='word_1_87' title='bbox 1542 856 1686 911; x_wconf 83' lang='lat' dir='ltr'><strong>Odo-</strong></span> <span class='ocrx_word' id='word_1_88' title='bbox 1791 876 1955 915; x_wconf 83' lang='lat' dir='ltr'><strong>curvo</strong></span> <span class='ocrx_word' id='word_1_89' title='bbox 1988 878 2138 917; x_wconf 91' lang='lat' dir='ltr'><strong>more</strong></span> <span class='ocrx_word' id='word_1_90' title='bbox 2191 873 2432 918; x_wconf 86' lang='lat' dir='ltr'><strong>veterum</strong></span> <span class='ocrx_word' id='word_1_91' title='bbox 2470 864 2793 928; x_wconf 85' lang='lat' dir='ltr'><strong>antistitum,</strong></span> <span class='ocrx_word' id='word_1_92' title='bbox 2843 864 3133 918; x_wconf 82' lang='lat' dir='ltr'><strong>maximum</strong></span> <span class='ocrx_word' id='word_1_93' title='bbox 3165 877 3383 934; x_wconf 79' lang='lat' dir='ltr'><strong>gregem</strong></span> 
     </span>
    </p>
   </div>
   <div class='ocr_carea' id='block_1_8' title="bbox 41 946 3382 1025">
    <p class='ocr_par' dir='ltr' id='par_1_8' title="bbox 41 946 3382 1025">
     <span class='ocr_line' id='line_1_8' title="bbox 41 946 3382 1025; baseline 0.004 -30"><span class='ocrx_word' id='word_1_94' title='bbox 41 957 234 1010; x_wconf 52' lang='lat' dir='ltr'><strong>nam,</strong></span> <span class='ocrx_word' id='word_1_95' title='bbox 273 946 608 1018; x_wconf 78' lang='lat' dir='ltr'><strong>fratremque</strong></span> <span class='ocrx_word' id='word_1_96' title='bbox 635 949 774 1004; x_wconf 89' lang='lat' dir='ltr'><strong>illius</strong></span> <span class='ocrx_word' id='word_1_97' title='bbox 815 948 1158 1004; x_wconf 89' lang='lat' dir='ltr'><strong>Guillelmum</strong></span> <span class='ocrx_word' id='word_1_98' title='bbox 1184 951 1433 1004; x_wconf 82' lang='lat' dir='ltr'><strong>comitem</strong></span> <span class='ocrx_word' id='word_1_99' title='bbox 1468 949 1687 1002; x_wconf 77' lang='lat' dir='ltr'><strong>Blescn-</strong></span> <span class='ocrx_word' id='word_1_100' title='bbox 1793 951 1933 1005; x_wconf 85' lang='lat' dir='ltr'><strong>suilli</strong></span> <span class='ocrx_word' id='word_1_101' title='bbox 1979 953 2190 1021; x_wconf 88' lang='lat' dir='ltr'><strong>pecoris</strong></span> <span class='ocrx_word' id='word_1_102' title='bbox 2237 969 2264 1007; x_wconf 93' lang='lat' dir='ltr'><strong>a</strong></span> <span class='ocrx_word' id='word_1_103' title='bbox 2296 953 2560 1025; x_wconf 87' lang='lat' dir='ltr'><strong>profundo</strong></span> <span class='ocrx_word' id='word_1_104' title='bbox 2607 955 2831 1025; x_wconf 73' lang='lat' dir='ltr'><strong>eiiciens</strong></span> <span class='ocrx_word' id='word_1_105' title='bbox 2883 969 3058 1025; x_wconf 80' lang='lat' dir='ltr'><strong>aqute,</strong></span> <span class='ocrx_word' id='word_1_106' title='bbox 3107 969 3227 1009; x_wconf 89' lang='lat' dir='ltr'><strong>eam</strong></span> <span class='ocrx_word' id='word_1_107' title='bbox 3260 969 3382 1008; x_wconf 79' lang='lat' dir='ltr'><strong>vcr-</strong></span> 
     </span>
    </p>
   </div>
   <div class='ocr_carea' id='block_1_9' title="bbox 43 1038 3383 1118">
    <p class='ocr_par' dir='ltr' id='par_1_9' title="bbox 43 1038 3383 1118">
     <span class='ocr_line' id='line_1_9' title="bbox 43 1038 3383 1118; baseline 0.003 -28"><span class='ocrx_word' id='word_1_108' title='bbox 43 1038 252 1101; x_wconf 82' lang='lat' dir='ltr'><strong>sitim,</strong></span> <span class='ocrx_word' id='word_1_109' title='bbox 287 1041 586 1095; x_wconf 90' lang='lat' dir='ltr'><strong>Teutonem</strong></span> <span class='ocrx_word' id='word_1_110' title='bbox 621 1042 850 1110; x_wconf 89' lang='lat' dir='ltr'><strong>denique</strong></span> <span class='ocrx_word' id='word_1_111' title='bbox 894 1042 1143 1096; x_wconf 81' lang='lat' dir='ltr'><strong>abbatem</strong></span> <span class='ocrx_word' id='word_1_112' title='bbox 1189 1041 1248 1096; x_wconf 89' lang='lat' dir='ltr'><strong>S.</strong></span> <span class='ocrx_word' id='word_1_113' title='bbox 1279 1040 1492 1094; x_wconf 82' lang='lat' dir='ltr'><strong>Martini</strong></span> <span class='ocrx_word' id='word_1_114' title='bbox 1515 1082 1528 1104; x_wconf 95' lang='lat'><strong>,</strong></span> <span class='ocrx_word' id='word_1_115' title='bbox 1561 1039 1690 1096; x_wconf 88' lang='lat' dir='ltr'><strong>Gui-</strong></span> <span class='ocrx_word' id='word_1_116' title='bbox 1793 1061 1882 1099; x_wconf 85' lang='lat' dir='ltr'><strong>sus</strong></span> <span class='ocrx_word' id='word_1_117' title='bbox 1908 1059 2133 1115; x_wconf 88' lang='lat' dir='ltr'><strong>partem,</strong></span> <span class='ocrx_word' id='word_1_118' title='bbox 2177 1064 2278 1118; x_wconf 89' lang='lat' dir='ltr'><strong>qua</strong></span> <span class='ocrx_word' id='word_1_119' title='bbox 2320 1048 2611 1116; x_wconf 53' lang='lat' dir='ltr'><strong>praedictus</strong></span> <span class='ocrx_word' id='word_1_120' title='bbox 2647 1050 2945 1103; x_wconf 84' lang='lat' dir='ltr'><strong>monachus</strong></span> <span class='ocrx_word' id='word_1_121' title='bbox 2988 1056 3135 1102; x_wconf 89' lang='lat' dir='ltr'><strong>stare</strong></span> <span class='ocrx_word' id='word_1_122' title='bbox 3158 1046 3383 1101; x_wconf 76' lang='lat' dir='ltr'><strong>videba-</strong></span> 
     </span>
    </p>
   </div>
   <div class='ocr_carea' id='block_1_10' title="bbox 46 1133 3397 1210">
    <p class='ocr_par' dir='ltr' id='par_1_10' title="bbox 46 1133 3397 1210">
     <span class='ocr_line' id='line_1_10' title="bbox 46 1133 3397 1210; baseline 0.002 -25"><span class='ocrx_word' id='word_1_123' title='bbox 46 1133 290 1186; x_wconf 81' lang='lat' dir='ltr'><strong>donem</strong></span> <span class='ocrx_word' id='word_1_124' title='bbox 340 1135 594 1188; x_wconf 89' lang='lat' dir='ltr'><strong>comitem</strong></span> <span class='ocrx_word' id='word_1_125' title='bbox 649 1135 1112 1189; x_wconf 77' lang='lat' dir='ltr'><strong>Cenomanensem</strong></span> <span class='ocrx_word' id='word_1_126' title='bbox 1163 1152 1284 1188; x_wconf 85' lang='lat' dir='ltr'><strong>cum</strong></span> <span class='ocrx_word' id='word_1_127' title='bbox 1341 1134 1520 1188; x_wconf 91' lang='lat' dir='ltr'><strong>multis</strong></span> <span class='ocrx_word' id='word_1_128' title='bbox 1569 1134 1690 1187; x_wconf 81' lang='lat' dir='ltr'><strong>aliis</strong></span> <span class='ocrx_word' id='word_1_129' title='bbox 1794 1146 1898 1200; x_wconf 82' lang='lat' dir='ltr'><strong>tur,</strong></span> <span class='ocrx_word' id='word_1_130' title='bbox 1933 1155 2054 1192; x_wconf 90' lang='lat' dir='ltr'><strong>cum</strong></span> <span class='ocrx_word' id='word_1_131' title='bbox 2105 1154 2301 1210; x_wconf 83' lang='lat' dir='ltr'><strong>magno</strong></span> <span class='ocrx_word' id='word_1_132' title='bbox 2346 1139 2924 1210; x_wconf 88' lang='lat' dir='ltr'><strong>impellebatstrepitu.</strong></span> <span class='ocrx_word' id='word_1_133' title='bbox 2958 1138 3397 1210; x_wconf 64' lang='lat' dir='ltr'><strong>Expergefactus</strong></span> 
     </span>
    </p>
   </div>
   <div class='ocr_carea' id='block_1_11' title="bbox 43 1223 3387 1298">
    <p class='ocr_par' dir='ltr' id='par_1_11' title="bbox 43 1223 3387 1298">
     <span class='ocr_line' id='line_1_11' title="bbox 43 1223 3387 1298; baseline 0.002 -24"><span class='ocrx_word' id='word_1_134' title='bbox 43 1223 288 1293; x_wconf 66' lang='lat' dir='ltr'><strong>ampla:</strong></span> <span class='ocrx_word' id='word_1_135' title='bbox 316 1225 581 1294; x_wconf 83' lang='lat' dir='ltr'><strong>opinionis</strong></span> <span class='ocrx_word' id='word_1_136' title='bbox 605 1225 735 1278; x_wconf 87' lang='lat' dir='ltr'><strong>viris</strong></span> <span class='ocrx_word' id='word_1_137' title='bbox 759 1236 987 1278; x_wconf 81' lang='lat' dir='ltr'><strong>mortem</strong></span> <span class='ocrx_word' id='word_1_138' title='bbox 1016 1225 1326 1294; x_wconf 84' lang='lat' dir='ltr'><strong>oppetiisse.</strong></span> <span class='ocrx_word' id='word_1_139' title='bbox 1358 1223 1474 1290; x_wconf 86' lang='lat' dir='ltr'><strong>Quo</strong></span> <span class='ocrx_word' id='word_1_140' title='bbox 1503 1224 1690 1277; x_wconf 89' lang='lat' dir='ltr'><strong>mmtio</strong></span> <span class='ocrx_word' id='word_1_141' title='bbox 1792 1226 1960 1281; x_wconf 79' lang='lat' dir='ltr'><strong>frater</strong></span> <span class='ocrx_word' id='word_1_142' title='bbox 1998 1237 2117 1298; x_wconf 89' lang='lat' dir='ltr'><strong>post</strong></span> <span class='ocrx_word' id='word_1_143' title='bbox 2142 1230 2502 1298; x_wconf 76' lang='lat' dir='ltr'><strong>expletionem</strong></span> <span class='ocrx_word' id='word_1_144' title='bbox 2532 1229 2698 1284; x_wconf 81' lang='lat' dir='ltr'><strong>officii</strong></span> <span class='ocrx_word' id='word_1_145' title='bbox 2731 1229 2996 1290; x_wconf 88' lang='lat' dir='ltr'><strong>nocturni,</strong></span> <span class='ocrx_word' id='word_1_146' title='bbox 3050 1236 3272 1283; x_wconf 88' lang='lat' dir='ltr'><strong>evocato</strong></span> <span class='ocrx_word' id='word_1_147' title='bbox 3300 1242 3387 1283; x_wconf 83' lang='lat' dir='ltr'><strong>se-</strong></span> 
     </span>
    </p>
   </div>
   <div class='ocr_carea' id='block_1_12' title="bbox 43 1317 3387 1387">
    <p class='ocr_par' dir='ltr' id='par_1_12' title="bbox 43 1317 3387 1387">
     <span class='ocr_line' id='line_1_12' title="bbox 43 1317 3387 1387; baseline 0 -18"><span class='ocrx_word' id='word_1_148' title='bbox 43 1319 336 1387; x_wconf 73' lang='lat' dir='ltr'><strong>graviter</strong></span> <span class='ocrx_word' id='word_1_149' title='bbox 363 1317 543 1373; x_wconf 75' lang='lat' dir='ltr'><strong>afﬂicti</strong></span> <span class='ocrx_word' id='word_1_150' title='bbox 573 1317 792 1382; x_wconf 83' lang='lat' dir='ltr'><strong>fratres,</strong></span> <span class='ocrx_word' id='word_1_151' title='bbox 822 1319 886 1372; x_wconf 90' lang='lat' dir='ltr'><strong>ad</strong></span> <span class='ocrx_word' id='word_1_152' title='bbox 920 1321 1202 1373; x_wconf 89' lang='lat' dir='ltr'><strong>Dominum</strong></span> <span class='ocrx_word' id='word_1_153' title='bbox 1230 1319 1559 1372; x_wconf 77' lang='lat' dir='ltr'><strong>exorandum</strong></span> <span class='ocrx_word' id='word_1_154' title='bbox 1591 1334 1689 1387; x_wconf 87' lang='lat' dir='ltr'><strong>pro</strong></span> <span class='ocrx_word' id='word_1_155' title='bbox 1792 1319 1994 1372; x_wconf 88' lang='lat' dir='ltr'><strong>cretius</strong></span> <span class='ocrx_word' id='word_1_156' title='bbox 2032 1320 2343 1373; x_wconf 86' lang='lat' dir='ltr'><strong>monasterii</strong></span> <span class='ocrx_word' id='word_1_157' title='bbox 2376 1321 2602 1383; x_wconf 83' lang='lat' dir='ltr'><strong>decano,</strong></span> <span class='ocrx_word' id='word_1_158' title='bbox 2654 1320 2922 1374; x_wconf 88' lang='lat' dir='ltr'><strong>somnium</strong></span> <span class='ocrx_word' id='word_1_159' title='bbox 2963 1317 3150 1384; x_wconf 78' lang='lat' dir='ltr'><strong>refert,</strong></span> <span class='ocrx_word' id='word_1_160' title='bbox 3201 1319 3387 1372; x_wconf 79' lang='lat' dir='ltr'><strong>horta-</strong></span> 
     </span>
    </p>
   </div>
   <div class='ocr_carea' id='block_1_13' title="bbox 45 1409 3400 1482">
    <p class='ocr_par' dir='ltr' id='par_1_13' title="bbox 45 1409 3400 1482">
     <span class='ocr_line' id='line_1_13' title="bbox 45 1409 3400 1482; baseline -0.001 -18"><span class='ocrx_word' id='word_1_161' title='bbox 45 1416 243 1475; x_wconf 76' lang='lat' dir='ltr'><strong>tanta</strong></span> <span class='ocrx_word' id='word_1_162' title='bbox 282 1413 573 1467; x_wconf 87' lang='lat' dir='ltr'><strong>Christiani</strong></span> <span class='ocrx_word' id='word_1_163' title='bbox 611 1413 788 1482; x_wconf 58' lang='lat' dir='ltr'><strong>populi</strong></span> <span class='ocrx_word' id='word_1_164' title='bbox 829 1413 974 1467; x_wconf 82' lang='lat' dir='ltr'><strong>caede</strong></span> <span class='ocrx_word' id='word_1_165' title='bbox 1020 1428 1076 1466; x_wconf 91' lang='lat' dir='ltr'><strong>se</strong></span> <span class='ocrx_word' id='word_1_166' title='bbox 1120 1413 1478 1466; x_wconf 76' lang='lat' dir='ltr'><strong>intentissimc</strong></span> <span class='ocrx_word' id='word_1_167' title='bbox 1509 1410 1689 1464; x_wconf 84' lang='lat' dir='ltr'><strong>confe-</strong></span> <span class='ocrx_word' id='word_1_168' title='bbox 1796 1417 1988 1477; x_wconf 72' lang='lat' dir='ltr'><strong>turmre</strong></span> <span class='ocrx_word' id='word_1_169' title='bbox 2027 1419 2081 1462; x_wconf 94' lang='lat' dir='ltr'><strong>ut</strong></span> <span class='ocrx_word' id='word_1_170' title='bbox 2111 1425 2233 1464; x_wconf 89' lang='lat' dir='ltr'><strong>eum</strong></span> <span class='ocrx_word' id='word_1_171' title='bbox 2265 1409 2523 1465; x_wconf 88' lang='lat' dir='ltr'><strong>fratribus</strong></span> <span class='ocrx_word' id='word_1_172' title='bbox 2571 1410 2790 1465; x_wconf 86' lang='lat' dir='ltr'><strong>fluvium</strong></span> <span class='ocrx_word' id='word_1_173' title='bbox 2841 1410 3081 1480; x_wconf 82' lang='lat' dir='ltr'><strong>piscandi</strong></span> <span class='ocrx_word' id='word_1_174' title='bbox 3124 1409 3400 1463; x_wconf 69' lang='lat' dir='ltr'><strong>aviditate‘</strong></span> 
     </span>
    </p>
   </div>
   <div class='ocr_carea' id='block_1_14' title="bbox 49 1500 3390 1574">
    <p class='ocr_par' dir='ltr' id='par_1_14' title="bbox 49 1500 3390 1574">
     <span class='ocr_line' id='line_1_14' title="bbox 49 1500 3390 1574; baseline -0.001 -16"><span class='ocrx_word' id='word_1_175' title='bbox 49 1515 239 1558; x_wconf 83' lang='lat' dir='ltr'><strong>runt.</strong></span> <span class='ocrx_word' id='word_1_176' title='bbox 284 1504 434 1559; x_wconf 85' lang='lat' dir='ltr'><strong>Licet</strong></span> <span class='ocrx_word' id='word_1_177' title='bbox 477 1506 619 1558; x_wconf 90' lang='lat' dir='ltr'><strong>enim</strong></span> <span class='ocrx_word' id='word_1_178' title='bbox 666 1506 883 1574; x_wconf 83' lang='lat' dir='ltr'><strong>quidam</strong></span> <span class='ocrx_word' id='word_1_179' title='bbox 935 1503 1167 1567; x_wconf 68' lang='lat' dir='ltr'><strong>illarum,</strong></span> <span class='ocrx_word' id='word_1_180' title='bbox 1199 1504 1287 1572; x_wconf 91' lang='lat' dir='ltr'><strong>qui</strong></span> <span class='ocrx_word' id='word_1_181' title='bbox 1329 1511 1478 1556; x_wconf 90' lang='lat' dir='ltr'><strong>tanto</strong></span> <span class='ocrx_word' id='word_1_182' title='bbox 1515 1501 1687 1555; x_wconf 91' lang='lat' dir='ltr'><strong>intcr-</strong></span> <span class='ocrx_word' id='word_1_183' title='bbox 1792 1510 2055 1568; x_wconf 64' lang='lat' dir='ltr'><strong>espetat:</strong></span> <span class='ocrx_word' id='word_1_184' title='bbox 2105 1516 2203 1568; x_wconf 88' lang='lat' dir='ltr'><strong>pro</strong></span> <span class='ocrx_word' id='word_1_185' title='bbox 2235 1511 2383 1556; x_wconf 89' lang='lat' dir='ltr'><strong>certo</strong></span> <span class='ocrx_word' id='word_1_186' title='bbox 2413 1517 2472 1555; x_wconf 88' lang='lat' dir='ltr'><strong>se</strong></span> <span class='ocrx_word' id='word_1_187' title='bbox 2533 1503 2694 1564; x_wconf 91' lang='lat' dir='ltr'><strong>scire,</strong></span> <span class='ocrx_word' id='word_1_188' title='bbox 2742 1501 2868 1572; x_wconf 90' lang='lat' dir='ltr'><strong>quia</strong></span> <span class='ocrx_word' id='word_1_189' title='bbox 2917 1500 3116 1555; x_wconf 87' lang='lat' dir='ltr'><strong>Christi</strong></span> <span class='ocrx_word' id='word_1_190' title='bbox 3154 1500 3390 1556; x_wconf 74' lang='lat' dir='ltr'><strong>dilectus</strong></span> 
     </span>
    </p>
   </div>
   <div class='ocr_carea' id='block_1_15' title="bbox 51 1595 1686 1669">
    <p class='ocr_par' dir='ltr' id='par_1_15' title="bbox 51 1595 1686 1669">
     <span class='ocr_line' id='line_1_15' title="bbox 51 1595 1686 1669; baseline -0.001 -19"><span class='ocrx_word' id='word_1_191' title='bbox 51 1595 244 1652; x_wconf 74' lang='lat' dir='ltr'><strong>fuere</strong></span> <span class='ocrx_word' id='word_1_192' title='bbox 280 1598 597 1660; x_wconf 79' lang='lat' dir='ltr'><strong>discrimini,</strong></span> <span class='ocrx_word' id='word_1_193' title='bbox 632 1599 853 1651; x_wconf 91' lang='lat' dir='ltr'><strong>nimium</strong></span> <span class='ocrx_word' id='word_1_194' title='bbox 887 1598 1035 1669; x_wconf 72' lang='lat' dir='ltr'><strong>gravi</strong></span> <span class='ocrx_word' id='word_1_195' title='bbox 1070 1597 1362 1650; x_wconf 84' lang='lat' dir='ltr'><strong>infortunio</strong></span> <span class='ocrx_word' id='word_1_196' title='bbox 1391 1613 1478 1651; x_wconf 87' lang='lat' dir='ltr'><strong>res</strong></span> <span class='ocrx_word' id='word_1_197' title='bbox 1503 1596 1686 1650; x_wconf 75' lang='lat' dir='ltr'><strong>Eccle-</strong></span> 
     </span>
    </p>
   </div>
   <div class='ocr_carea' id='block_1_16' title="bbox 54 1688 1689 1761">
    <p class='ocr_par' dir='ltr' id='par_1_16' title="bbox 54 1688 1689 1761">
     <span class='ocr_line' id='line_1_16' title="bbox 54 1688 1689 1761; baseline -0.001 -17"><span class='ocrx_word' id='word_1_198' title='bbox 54 1691 316 1760; x_wconf 71' lang='lat' dir='ltr'><strong>siaejuri</strong></span> <span class='ocrx_word' id='word_1_199' title='bbox 353 1691 612 1754; x_wconf 79' lang='lat' dir='ltr'><strong>subditas,</strong></span> <span class='ocrx_word' id='word_1_200' title='bbox 644 1707 748 1744; x_wconf 89' lang='lat' dir='ltr'><strong>non</strong></span> <span class='ocrx_word' id='word_1_201' title='bbox 777 1691 950 1745; x_wconf 88' lang='lat' dir='ltr'><strong>dicam</strong></span> <span class='ocrx_word' id='word_1_202' title='bbox 978 1698 1306 1761; x_wconf 70' lang='lat' dir='ltr'><strong>proruerent,</strong></span> <span class='ocrx_word' id='word_1_203' title='bbox 1341 1689 1446 1742; x_wconf 90' lang='lat' dir='ltr'><strong>imo</strong></span> <span class='ocrx_word' id='word_1_204' title='bbox 1474 1688 1689 1757; x_wconf 85' lang='lat' dir='ltr'><strong>penitus</strong></span> 
     </span>
    </p>
   </div>
   <div class='ocr_carea' id='block_1_17' title="bbox 1793 1592 3398 1664">
    <p class='ocr_par' dir='ltr' id='par_1_17' title="bbox 1793 1592 3398 1664">
     <span class='ocr_line' id='line_1_17' title="bbox 1793 1592 3398 1664; baseline 0.002 -20"><span class='ocrx_word' id='word_1_205' title='bbox 1793 1592 1947 1645; x_wconf 85' lang='lat' dir='ltr'><strong>miles</strong></span> <span class='ocrx_word' id='word_1_206' title='bbox 1997 1594 2455 1648; x_wconf 79' lang='lat' dir='ltr'><strong>commilitonibus</strong></span> <span class='ocrx_word' id='word_1_207' title='bbox 2511 1596 2622 1648; x_wconf 86' lang='lat' dir='ltr'><strong>suis</strong></span> <span class='ocrx_word' id='word_1_208' title='bbox 2657 1594 3175 1649; x_wconf 83' lang='lat' dir='ltr'><strong>abundantissimam</strong></span> <span class='ocrx_word' id='word_1_209' title='bbox 3219 1593 3398 1664; x_wconf 59' lang='lat' dir='ltr'><strong>largi-r</strong></span> 
     </span>
    </p>
   </div>
   <div class='ocr_carea' id='block_1_18' title="bbox 1795 1671 3444 1758">
    <p class='ocr_par' dir='ltr' id='par_1_18' title="bbox 1795 1671 3444 1758">
     <span class='ocr_line' id='line_1_18' title="bbox 1795 1671 3444 1758; baseline 0.001 -19"><span class='ocrx_word' id='word_1_210' title='bbox 1795 1694 1945 1740; x_wconf 85' lang='lat' dir='ltr'><strong>turus</strong></span> <span class='ocrx_word' id='word_1_211' title='bbox 1977 1688 2080 1740; x_wconf 90' lang='lat' dir='ltr'><strong>erit</strong></span> <span class='ocrx_word' id='word_1_212' title='bbox 2114 1688 2340 1757; x_wconf 88' lang='lat' dir='ltr'><strong>piscium</strong></span> <span class='ocrx_word' id='word_1_213' title='bbox 2383 1690 2638 1757; x_wconf 68' lang='lat' dir='ltr'><strong>prazdam.</strong></span> <span class='ocrx_word' id='word_1_214' title='bbox 2675 1687 2786 1743; x_wconf 84' lang='lat' dir='ltr'><strong>iloc</strong></span> <span class='ocrx_word' id='word_1_215' title='bbox 2815 1687 3048 1758; x_wconf 87' lang='lat' dir='ltr'><strong>denique</strong></span> <span class='ocrx_word' id='word_1_216' title='bbox 3077 1686 3406 1758; x_wconf 61' lang='lat' dir='ltr'><strong>significaret»</strong></span> <span class='ocrx_word' id='word_1_217' title='bbox 3436 1671 3444 1683; x_wconf 31' lang='grc'>⁸</span> 
     </span>
    </p>
   </div>
   <div class='ocr_carea' id='block_1_19' title="bbox 55 1778 3382 1852">
    <p class='ocr_par' dir='ltr' id='par_1_19' title="bbox 55 1778 3382 1852">
     <span class='ocr_line' id='line_1_19' title="bbox 55 1778 3382 1852; baseline 0.001 -19"><span class='ocrx_word' id='word_1_218' title='bbox 55 1781 279 1851; x_wconf 78' lang='lat' dir='ltr'><strong>gentili</strong></span> <span class='ocrx_word' id='word_1_219' title='bbox 322 1797 470 1834; x_wconf 87' lang='lat' dir='ltr'><strong>more</strong></span> <span class='ocrx_word' id='word_1_220' title='bbox 508 1780 816 1842; x_wconf 85' lang='lat' dir='ltr'><strong>auferrent;</strong></span> <span class='ocrx_word' id='word_1_221' title='bbox 853 1791 1030 1834; x_wconf 87' lang='lat' dir='ltr'><strong>tamen</strong></span> <span class='ocrx_word' id='word_1_222' title='bbox 1076 1781 1322 1833; x_wconf 65' lang='lat' dir='ltr'><strong>humana:</strong></span> <span class='ocrx_word' id='word_1_223' title='bbox 1350 1778 1544 1832; x_wconf 83' lang='lat' dir='ltr'><strong>afT:_-ctu</strong></span> <span class='ocrx_word' id='word_1_224' title='bbox 1584 1795 1671 1832; x_wconf 87' lang='lat' dir='ltr'><strong>na-</strong></span> <span class='ocrx_word' id='word_1_225' title='bbox 1717 1785 1759 1844; x_wconf 84' lang='grc' dir='ltr'>Β</span> <span class='ocrx_word' id='word_1_226' title='bbox 1789 1779 1991 1840; x_wconf 88' lang='lat' dir='ltr'><strong>visum,</strong></span> <span class='ocrx_word' id='word_1_227' title='bbox 2032 1797 2152 1834; x_wconf 90' lang='lat' dir='ltr'><strong>cum</strong></span> <span class='ocrx_word' id='word_1_228' title='bbox 2203 1782 2386 1850; x_wconf 85' lang='lat' dir='ltr'><strong>procul</strong></span> <span class='ocrx_word' id='word_1_229' title='bbox 2417 1782 2579 1836; x_wconf 90' lang='lat' dir='ltr'><strong>tlubio</strong></span> <span class='ocrx_word' id='word_1_230' title='bbox 2610 1798 2733 1836; x_wconf 91' lang='lat' dir='ltr'><strong>sues</strong></span> <span class='ocrx_word' id='word_1_231' title='bbox 2755 1783 2951 1851; x_wconf 91' lang='lat' dir='ltr'><strong>pisces,</strong></span> <span class='ocrx_word' id='word_1_232' title='bbox 2981 1782 3164 1852; x_wconf 82' lang='lat' dir='ltr'><strong>ignota</strong></span> <span class='ocrx_word' id='word_1_233' title='bbox 3227 1793 3382 1843; x_wconf 84' lang='lat' dir='ltr'><strong>vero,</strong></span> 
     </span>
    </p>
   </div>
   <div class='ocr_carea' id='block_1_20' title="bbox 57 1870 1684 1940">
    <p class='ocr_par' dir='ltr' id='par_1_20' title="bbox 57 1870 1684 1940">
     <span class='ocr_line' id='line_1_20' title="bbox 57 1870 1684 1940; baseline -0.002 -15"><span class='ocrx_word' id='word_1_234' title='bbox 57 1880 246 1934; x_wconf 71' lang='lat' dir='ltr'><strong>tune,</strong></span> <span class='ocrx_word' id='word_1_235' title='bbox 280 1888 558 1927; x_wconf 77' lang='lat' dir='ltr'><strong>servorum</strong></span> <span class='ocrx_word' id='word_1_236' title='bbox 593 1871 682 1925; x_wconf 88' lang='lat' dir='ltr'><strong>Dei</strong></span> <span class='ocrx_word' id='word_1_237' title='bbox 714 1871 876 1925; x_wconf 85' lang='lat' dir='ltr'><strong>corda</strong></span> <span class='ocrx_word' id='word_1_238' title='bbox 901 1887 1010 1940; x_wconf 80' lang='lat' dir='ltr'><strong>prae</strong></span> <span class='ocrx_word' id='word_1_239' title='bbox 1036 1870 1218 1924; x_wconf 80' lang='lat' dir='ltr'><strong>dolore</strong></span> <span class='ocrx_word' id='word_1_240' title='bbox 1247 1885 1509 1923; x_wconf 82' lang='lat' dir='ltr'><strong>concussa</strong></span> <span class='ocrx_word' id='word_1_241' title='bbox 1540 1876 1684 1933; x_wconf 87' lang='lat' dir='ltr'><strong>sunt,</strong></span> 
     </span>
    </p>
   </div>
   <div class='ocr_carea' id='block_1_21' title="bbox 59 1963 1689 2032">
    <p class='ocr_par' dir='ltr' id='par_1_21' title="bbox 59 1963 1689 2032">
     <span class='ocr_line' id='line_1_21' title="bbox 59 1963 1689 2032; baseline -0.002 -14"><span class='ocrx_word' id='word_1_242' title='bbox 59 1965 358 2028; x_wconf 70' lang='lat' dir='ltr'><strong>memoria</strong></span> <span class='ocrx_word' id='word_1_243' title='bbox 393 1965 696 2018; x_wconf 79' lang='lat' dir='ltr'><strong>recolentes</strong></span> <span class='ocrx_word' id='word_1_244' title='bbox 731 1964 857 2032; x_wconf 89' lang='lat' dir='ltr'><strong>quid</strong></span> <span class='ocrx_word' id='word_1_245' title='bbox 901 1963 1094 2018; x_wconf 73' lang='lat' dir='ltr'><strong>anima)</strong></span> <span class='ocrx_word' id='word_1_246' title='bbox 1143 1971 1554 2032; x_wconf 84' lang='lat' dir='ltr'><strong>perseverantes</strong></span> <span class='ocrx_word' id='word_1_247' title='bbox 1593 1976 1689 2015; x_wconf 74' lang='lat' dir='ltr'><strong>ex-</strong></span> 
     </span>
    </p>
   </div>
   <div class='ocr_carea' id='block_1_22' title="bbox 61 2052 1684 2123">
    <p class='ocr_par' dir='ltr' id='par_1_22' title="bbox 61 2052 1684 2123">
     <span class='ocr_line' id='line_1_22' title="bbox 61 2052 1684 2123; baseline -0.003 -15"><span class='ocrx_word' id='word_1_248' title='bbox 61 2065 267 2109; x_wconf 82' lang='lat' dir='ltr'><strong>trema</strong></span> <span class='ocrx_word' id='word_1_249' title='bbox 316 2056 413 2110; x_wconf 88' lang='lat' dir='ltr'><strong>sub</strong></span> <span class='ocrx_word' id='word_1_250' title='bbox 459 2055 577 2108; x_wconf 87' lang='lat' dir='ltr'><strong>luce</strong></span> <span class='ocrx_word' id='word_1_251' title='bbox 625 2055 676 2108; x_wconf 91' lang='lat' dir='ltr'><strong>in</strong></span> <span class='ocrx_word' id='word_1_252' title='bbox 727 2053 881 2107; x_wconf 87' lang='lat' dir='ltr'><strong>malis</strong></span> <span class='ocrx_word' id='word_1_253' title='bbox 923 2053 1062 2123; x_wconf 82' lang='lat' dir='ltr'><strong>apud</strong></span> <span class='ocrx_word' id='word_1_254' title='bbox 1113 2052 1314 2106; x_wconf 75' lang='lat' dir='ltr'><strong>inferos</strong></span> <span class='ocrx_word' id='word_1_255' title='bbox 1360 2052 1633 2121; x_wconf 85' lang='lat' dir='ltr'><strong>patiantur</strong></span> <span class='ocrx_word' id='word_1_256' title='bbox 1671 2066 1684 2103; x_wconf 91' lang='lat'>:</span> 
     </span>
    </p>
   </div>
   <div class='ocr_carea' id='block_1_23' title="bbox 61 2143 1686 2216">
    <p class='ocr_par' dir='ltr' id='par_1_23' title="bbox 61 2143 1686 2216">
     <span class='ocr_line' id='line_1_23' title="bbox 61 2143 1686 2216; baseline -0.002 -17"><span class='ocrx_word' id='word_1_257' title='bbox 61 2149 290 2216; x_wconf 82' lang='lat' dir='ltr'><strong>quibus</strong></span> <span class='ocrx_word' id='word_1_258' title='bbox 320 2146 648 2202; x_wconf 79' lang='lat' dir='ltr'><strong>cruciatibus</strong></span> <span class='ocrx_word' id='word_1_259' title='bbox 700 2155 1074 2214; x_wconf 84' lang='lat' dir='ltr'><strong>torqueantur,</strong></span> <span class='ocrx_word' id='word_1_260' title='bbox 1125 2160 1352 2214; x_wconf 87' lang='lat' dir='ltr'><strong>quorum</strong></span> <span class='ocrx_word' id='word_1_261' title='bbox 1401 2145 1522 2198; x_wconf 70' lang='lat' dir='ltr'><strong>vitm</strong></span> <span class='ocrx_word' id='word_1_262' title='bbox 1567 2143 1686 2196; x_wconf 87' lang='lat' dir='ltr'><strong>linis</strong></span> 
     </span>
    </p>
   </div>
   <div class='ocr_carea' id='block_1_24' title="bbox 61 2236 1685 2309">
    <p class='ocr_par' dir='ltr' id='par_1_24' title="bbox 61 2236 1685 2309">
     <span class='ocr_line' id='line_1_24' title="bbox 61 2236 1685 2309; baseline -0.004 -13"><span class='ocrx_word' id='word_1_263' title='bbox 61 2242 313 2296; x_wconf 73' lang='lat' dir='ltr'><strong>exitiale</strong></span> <span class='ocrx_word' id='word_1_264' title='bbox 366 2241 689 2309; x_wconf 85' lang='lat' dir='ltr'><strong>slipendium</strong></span> <span class='ocrx_word' id='word_1_265' title='bbox 747 2239 961 2293; x_wconf 87' lang='lat' dir='ltr'><strong>meruit.</strong></span> <span class='ocrx_word' id='word_1_266' title='bbox 1013 2238 1374 2305; x_wconf 86' lang='lat' dir='ltr'><strong>Quamobrem</strong></span> <span class='ocrx_word' id='word_1_267' title='bbox 1432 2236 1685 2305; x_wconf 66' lang='lat' dir='ltr'><strong>prceccpti</strong></span> 
     </span>
    </p>
   </div>
   <div class='ocr_carea' id='block_1_25' title="bbox 63 2328 1686 2400">
    <p class='ocr_par' dir='ltr' id='par_1_25' title="bbox 63 2328 1686 2400">
     <span class='ocr_line' id='line_1_25' title="bbox 63 2328 1686 2400; baseline -0.002 -14"><span class='ocrx_word' id='word_1_268' title='bbox 63 2334 259 2388; x_wconf 74' lang='lat' dir='ltr'><strong>divini</strong></span> <span class='ocrx_word' id='word_1_269' title='bbox 312 2349 608 2399; x_wconf 34' lang='lat' dir='ltr'><strong>memores,</strong></span> <span class='ocrx_word' id='word_1_270' title='bbox 643 2333 911 2386; x_wconf 77' lang='lat' dir='ltr'><strong>dicentis:</strong></span> <span class='ocrx_word' id='word_1_271' title='bbox 949 2330 1108 2385; x_wconf 82' lang='lat' dir='ltr'><strong>Orate</strong></span> <span class='ocrx_word' id='word_1_272' title='bbox 1145 2348 1237 2400; x_wconf 86' lang='lat' dir='ltr'><strong>pro</strong></span> <span class='ocrx_word' id='word_1_273' title='bbox 1266 2328 1686 2398; x_wconf 75' lang='lat' dir='ltr'><strong>persequentibus</strong></span> 
     </span>
    </p>
   </div>
   <div class='ocr_carea' id='block_1_26' title="bbox 63 2420 1688 2492">
    <p class='ocr_par' dir='ltr' id='par_1_26' title="bbox 63 2420 1688 2492">
     <span class='ocr_line' id='line_1_26' title="bbox 63 2420 1688 2492; baseline -0.003 -12"><span class='ocrx_word' id='word_1_274' title='bbox 63 2437 122 2480; x_wconf 76' lang='lat' dir='ltr'><strong>et</strong></span> <span class='ocrx_word' id='word_1_275' title='bbox 160 2425 610 2480; x_wconf 73' lang='lat' dir='ltr'><strong>calunmiantibus</strong></span> <span class='ocrx_word' id='word_1_276' title='bbox 641 2443 747 2489; x_wconf 84' lang='lat' dir='ltr'><strong>ros,</strong></span> <span class='ocrx_word' id='word_1_277' title='bbox 781 2435 832 2476; x_wconf 85' lang='lat' dir='ltr'><strong>ut</strong></span> <span class='ocrx_word' id='word_1_278' title='bbox 862 2425 974 2476; x_wconf 82' lang='lat' dir='ltr'><strong>sitis</strong></span> <span class='ocrx_word' id='word_1_279' title='bbox 1001 2422 1098 2487; x_wconf 81' lang='lat' dir='ltr'><strong>ﬁlii</strong></span> <span class='ocrx_word' id='word_1_280' title='bbox 1131 2420 1314 2474; x_wconf 71' lang='lat' dir='ltr'><strong>Putris</strong></span> <span class='ocrx_word' id='word_1_281' title='bbox 1341 2423 1493 2475; x_wconf 71' lang='lat' dir='ltr'><strong>vestri</strong></span> <span class='ocrx_word' id='word_1_282' title='bbox 1516 2422 1602 2492; x_wconf 82' lang='lat' dir='ltr'><strong>qui</strong></span> <span class='ocrx_word' id='word_1_283' title='bbox 1633 2421 1688 2475; x_wconf 82' lang='lat' dir='ltr'><strong>in</strong></span> 
     </span>
    </p>
   </div>
   <div class='ocr_carea' id='block_1_27' title="bbox 68 2513 1690 2588">
    <p class='ocr_par' dir='ltr' id='par_1_27' title="bbox 68 2513 1690 2588">
     <span class='ocr_line' id='line_1_27' title="bbox 68 2513 1690 2588; baseline -0.003 -17"><span class='ocrx_word' id='word_1_284' title='bbox 68 2518 230 2571; x_wconf 72' lang='lat' dir='ltr'><strong>caelis</strong></span> <span class='ocrx_word' id='word_1_285' title='bbox 264 2527 336 2570; x_wconf 82' lang='lat' dir='ltr'><strong>est</strong></span> <span class='ocrx_word' id='word_1_286' title='bbox 364 2534 382 2570; x_wconf 91' lang='lat'><strong><em>:</em></strong></span> <span class='ocrx_word' id='word_1_287' title='bbox 408 2519 498 2588; x_wconf 79' lang='lat' dir='ltr'><strong>qui</strong></span> <span class='ocrx_word' id='word_1_288' title='bbox 542 2517 699 2570; x_wconf 77' lang='lat' dir='ltr'><strong>solem</strong></span> <span class='ocrx_word' id='word_1_289' title='bbox 747 2532 899 2570; x_wconf 84' lang='lat' dir='ltr'><strong>suum</strong></span> <span class='ocrx_word' id='word_1_290' title='bbox 933 2515 1057 2584; x_wconf 75' lang='lat' dir='ltr'><strong>[urit</strong></span> <span class='ocrx_word' id='word_1_291' title='bbox 1090 2515 1219 2568; x_wconf 85' lang='lat' dir='ltr'><strong>oriri</strong></span> <span class='ocrx_word' id='word_1_292' title='bbox 1255 2530 1412 2584; x_wconf 78' lang='lat' dir='ltr'><strong>super</strong></span> <span class='ocrx_word' id='word_1_293' title='bbox 1454 2513 1613 2566; x_wconf 88' lang='lat' dir='ltr'><strong>bonos</strong></span> <span class='ocrx_word' id='word_1_294' title='bbox 1642 2521 1690 2566; x_wconf 80' lang='lat' dir='ltr'><strong>et</strong></span> 
     </span>
    </p>
   </div>
   <div class='ocr_carea' id='block_1_28' title="bbox 72 2605 1684 2678">
    <p class='ocr_par' dir='ltr' id='par_1_28' title="bbox 72 2605 1684 2678">
     <span class='ocr_line' id='line_1_28' title="bbox 72 2605 1684 2678; baseline -0.003 -15"><span class='ocrx_word' id='word_1_295' title='bbox 72 2609 290 2672; x_wconf 84' lang='lat' dir='ltr'><strong>malos,</strong></span> <span class='ocrx_word' id='word_1_296' title='bbox 326 2619 371 2662; x_wconf 86' lang='lat' dir='ltr'><strong>et</strong></span> <span class='ocrx_word' id='word_1_297' title='bbox 405 2609 536 2678; x_wconf 71' lang='lat' dir='ltr'><strong>pluit</strong></span> <span class='ocrx_word' id='word_1_298' title='bbox 565 2626 719 2676; x_wconf 84' lang='lat' dir='ltr'><strong>super</strong></span> <span class='ocrx_word' id='word_1_299' title='bbox 752 2607 926 2678; x_wconf 72' lang='lat' dir='ltr'><strong>justus</strong></span> <span class='ocrx_word' id='word_1_300' title='bbox 959 2616 1004 2660; x_wconf 83' lang='lat' dir='ltr'><strong>et</strong></span> <span class='ocrx_word' id='word_1_301' title='bbox 1049 2606 1273 2674; x_wconf 82' lang='lat' dir='ltr'><strong>injustas</strong></span> <span class='ocrx_word' id='word_1_302' title='bbox 1307 2605 1531 2674; x_wconf 77' lang='lat' dir='ltr'><strong>(Matth.</strong></span> <span class='ocrx_word' id='word_1_303' title='bbox 1568 2605 1634 2675; x_wconf 91' lang='lat' dir='ltr'><strong>v)</strong></span> <span class='ocrx_word' id='word_1_304' title='bbox 1671 2625 1684 2658; x_wconf 92' lang='lat'>:</span> 
     </span>
    </p>
   </div>
   <div class='ocr_carea' id='block_1_29' title="bbox 70 2695 1690 2767">
    <p class='ocr_par' dir='ltr' id='par_1_29' title="bbox 70 2695 1690 2767">
     <span class='ocr_line' id='line_1_29' title="bbox 70 2695 1690 2767; baseline -0.004 -11"><span class='ocrx_word' id='word_1_305' title='bbox 70 2702 362 2757; x_wconf 86' lang='lat' dir='ltr'><strong>communi</strong></span> <span class='ocrx_word' id='word_1_306' title='bbox 397 2699 622 2754; x_wconf 89' lang='lat' dir='ltr'><strong>consilio</strong></span> <span class='ocrx_word' id='word_1_307' title='bbox 651 2715 746 2767; x_wconf 91' lang='lat' dir='ltr'><strong>pro</strong></span> <span class='ocrx_word' id='word_1_308' title='bbox 790 2699 873 2752; x_wconf 88' lang='lat' dir='ltr'><strong>his</strong></span> <span class='ocrx_word' id='word_1_309' title='bbox 902 2713 1090 2767; x_wconf 68' lang='lat' dir='ltr'><strong>preces</strong></span> <span class='ocrx_word' id='word_1_310' title='bbox 1136 2698 1203 2750; x_wconf 90' lang='lat' dir='ltr'><strong>ad</strong></span> <span class='ocrx_word' id='word_1_311' title='bbox 1250 2697 1536 2749; x_wconf 85' lang='lat' dir='ltr'><strong>Dominum</strong></span> <span class='ocrx_word' id='word_1_312' title='bbox 1569 2695 1690 2749; x_wconf 82' lang='lat' dir='ltr'><strong>fun-</strong></span> 
     </span>
    </p>
   </div>
   <div class='ocr_carea' id='block_1_30' title="bbox 75 2787 1689 2860">
    <p class='ocr_par' dir='ltr' id='par_1_30' title="bbox 75 2787 1689 2860">
     <span class='ocr_line' id='line_1_30' title="bbox 75 2787 1689 2860; baseline -0.003 -14"><span class='ocrx_word' id='word_1_313' title='bbox 75 2793 218 2846; x_wconf 89' lang='lat' dir='ltr'><strong>dere</strong></span> <span class='ocrx_word' id='word_1_314' title='bbox 265 2800 547 2854; x_wconf 90' lang='lat' dir='ltr'><strong>statuunt;</strong></span> <span class='ocrx_word' id='word_1_315' title='bbox 597 2801 863 2860; x_wconf 85' lang='lat' dir='ltr'><strong>quatenus</strong></span> <span class='ocrx_word' id='word_1_316' title='bbox 903 2790 1004 2844; x_wconf 90' lang='lat' dir='ltr'><strong>etsi</strong></span> <span class='ocrx_word' id='word_1_317' title='bbox 1048 2787 1324 2858; x_wconf 87' lang='lat' dir='ltr'><strong>perpetuis</strong></span> <span class='ocrx_word' id='word_1_318' title='bbox 1357 2804 1463 2842; x_wconf 89' lang='lat' dir='ltr'><strong>non</strong></span> <span class='ocrx_word' id='word_1_319' title='bbox 1512 2802 1689 2842; x_wconf 88' lang='lat' dir='ltr'><strong>mere-</strong></span> 
     </span>
    </p>
   </div>
   <div class='ocr_carea' id='block_1_31' title="bbox 77 2878 1690 2945">
    <p class='ocr_par' dir='ltr' id='par_1_31' title="bbox 77 2878 1690 2945">
     <span class='ocr_line' id='line_1_31' title="bbox 77 2878 1690 2945; baseline -0.003 -7"><span class='ocrx_word' id='word_1_320' title='bbox 77 2892 280 2938; x_wconf 86' lang='lat' dir='ltr'><strong>rentur</strong></span> <span class='ocrx_word' id='word_1_321' title='bbox 317 2883 525 2937; x_wconf 84' lang='lat' dir='ltr'><strong>absolvi</strong></span> <span class='ocrx_word' id='word_1_322' title='bbox 558 2883 908 2945; x_wconf 49' lang='lat' dir='ltr'><strong>crueiat&#39;bus,</strong></span> <span class='ocrx_word' id='word_1_323' title='bbox 939 2881 1128 2935; x_wconf 89' lang='lat' dir='ltr'><strong>saltem</strong></span> <span class='ocrx_word' id='word_1_324' title='bbox 1155 2880 1466 2935; x_wconf 86' lang='lat' dir='ltr'><strong>mitioribus</strong></span> <span class='ocrx_word' id='word_1_325' title='bbox 1495 2891 1520 2920; x_wconf 74' lang='grc' dir='ltr'><strong>ει</strong></span> <span class='ocrx_word' id='word_1_326' title='bbox 1553 2878 1690 2934; x_wconf 84' lang='lat' dir='ltr'><strong>mul—</strong></span> 
     </span>
    </p>
   </div>
   <div class='ocr_carea' id='block_1_32' title="bbox 80 2974 1052 3043">
    <p class='ocr_par' dir='ltr' id='par_1_32' title="bbox 80 2974 1052 3043">
     <span class='ocr_line' id='line_1_32' title="bbox 80 2974 1052 3043; baseline -0.005 -12"><span class='ocrx_word' id='word_1_327' title='bbox 80 2987 340 3032; x_wconf 87' lang='lat' dir='ltr'><strong>tarentur</strong></span> <span class='ocrx_word' id='word_1_328' title='bbox 367 2992 399 3030; x_wconf 88' lang='lat' dir='ltr'><strong>a</strong></span> <span class='ocrx_word' id='word_1_329' title='bbox 426 2976 616 3030; x_wconf 81' lang='lat' dir='ltr'><strong>stricto</strong></span> <span class='ocrx_word' id='word_1_330' title='bbox 643 2975 830 3030; x_wconf 68' lang='lat' dir='ltr'><strong>Judiee</strong></span> <span class='ocrx_word' id='word_1_331' title='bbox 855 2974 1052 3043; x_wconf 79' lang='lat' dir='ltr'><strong>ptenis.</strong></span> 
     </span>
    </p>
   </div>
   <div class='ocr_carea' id='block_1_33' title="bbox 675 3083 1096 3141">
    <p class='ocr_par' dir='ltr' id='par_1_33' title="bbox 675 3083 1096 3141">
     <span class='ocr_line' id='line_1_33' title="bbox 675 3083 1096 3141; baseline -0.012 0"><span class='ocrx_word' id='word_1_332' title='bbox 675 3083 904 3141; x_wconf 72' lang='lat' dir='ltr'><strong>CAPUT</strong></span> <span class='ocrx_word' id='word_1_333' title='bbox 936 3083 1096 3138; x_wconf 75' lang='lat' dir='ltr'><strong>XXII.</strong></span> 
     </span>
    </p>
   </div>
   <div class='ocr_carea' id='block_1_34' title="bbox 1793 1869 3404 1942">
    <p class='ocr_par' dir='ltr' id='par_1_34' title="bbox 1793 1869 3404 1942">
     <span class='ocr_line' id='line_1_34' title="bbox 1793 1869 3404 1942; baseline 0.002 -20"><span class='ocrx_word' id='word_1_334' title='bbox 1793 1871 1884 1922; x_wconf 80' lang='lat' dir='ltr'><strong>sed</strong></span> <span class='ocrx_word' id='word_1_335' title='bbox 1913 1872 2192 1924; x_wconf 86' lang='lat' dir='ltr'><strong>reverendi</strong></span> <span class='ocrx_word' id='word_1_336' title='bbox 2227 1873 2440 1925; x_wconf 89' lang='lat' dir='ltr'><strong>habitus</strong></span> <span class='ocrx_word' id='word_1_337' title='bbox 2498 1887 2755 1942; x_wconf 84' lang='lat' dir='ltr'><strong>persona,</strong></span> <span class='ocrx_word' id='word_1_338' title='bbox 2795 1887 3065 1926; x_wconf 90' lang='lat' dir='ltr'><strong>summum</strong></span> <span class='ocrx_word' id='word_1_339' title='bbox 3098 1869 3404 1940; x_wconf 60' lang='lat' dir='ltr'><strong>portentis&quot;</strong></span> 
     </span>
    </p>
   </div>
   <div class='ocr_carea' id='block_1_35' title="bbox 1791 1957 3395 2020">
    <p class='ocr_par' dir='ltr' id='par_1_35' title="bbox 1791 1957 3395 2020">
     <span class='ocr_line' id='line_1_35' title="bbox 1791 1957 3395 2020; baseline -0.001 -5"><span class='ocrx_word' id='word_1_340' title='bbox 1791 1975 1873 2017; x_wconf 87' lang='lat' dir='ltr'><strong>ret</strong></span> <span class='ocrx_word' id='word_1_341' title='bbox 1897 1963 2266 2020; x_wconf 83' lang='lat' dir='ltr'><strong>Benedictum.</strong></span> <span class='ocrx_word' id='word_1_342' title='bbox 2313 1963 2604 2018; x_wconf 81' lang='lat' dir='ltr'><strong>Roboratis</strong></span> <span class='ocrx_word' id='word_1_343' title='bbox 2642 1966 2742 2019; x_wconf 89' lang='lat' dir='ltr'><strong>hac</strong></span> <span class='ocrx_word' id='word_1_344' title='bbox 2776 1964 2980 2018; x_wconf 84' lang='lat' dir='ltr'><strong>visione</strong></span> <span class='ocrx_word' id='word_1_345' title='bbox 3026 1961 3222 2015; x_wconf 88' lang='lat' dir='ltr'><strong>animis</strong></span> <span class='ocrx_word' id='word_1_346' title='bbox 3272 1957 3395 2014; x_wconf 80' lang='lat' dir='ltr'><strong>fra-</strong></span> 
     </span>
    </p>
   </div>
   <div class='ocr_carea' id='block_1_36' title="bbox 1793 2054 3386 2130">
    <p class='ocr_par' dir='ltr' id='par_1_36' title="bbox 1793 2054 3386 2130">
     <span class='ocr_line' id='line_1_36' title="bbox 1793 2054 3386 2130; baseline -0.004 -16"><span class='ocrx_word' id='word_1_347' title='bbox 1793 2071 1958 2119; x_wconf 90' lang='lat' dir='ltr'><strong>trum.</strong></span> <span class='ocrx_word' id='word_1_348' title='bbox 1991 2062 2240 2115; x_wconf 88' lang='lat' dir='ltr'><strong>certatim</strong></span> <span class='ocrx_word' id='word_1_349' title='bbox 2287 2062 2492 2116; x_wconf 85' lang='lat' dir='ltr'><strong>retibus</strong></span> <span class='ocrx_word' id='word_1_350' title='bbox 2523 2063 2746 2130; x_wconf 88' lang='lat' dir='ltr'><strong>paratis,</strong></span> <span class='ocrx_word' id='word_1_351' title='bbox 2788 2060 3024 2114; x_wconf 88' lang='lat' dir='ltr'><strong>curritur</strong></span> <span class='ocrx_word' id='word_1_352' title='bbox 3053 2057 3120 2111; x_wconf 90' lang='lat' dir='ltr'><strong>ad</strong></span> <span class='ocrx_word' id='word_1_353' title='bbox 3165 2054 3386 2118; x_wconf 81' lang='lat' dir='ltr'><strong>flumen,</strong></span> 
     </span>
    </p>
   </div>
   <div class='ocr_carea' id='block_1_37' title="bbox 1790 2146 3385 2222">
    <p class='ocr_par' dir='ltr' id='par_1_37' title="bbox 1790 2146 3385 2222">
     <span class='ocr_line' id='line_1_37' title="bbox 1790 2146 3385 2222; baseline -0.003 -19"><span class='ocrx_word' id='word_1_354' title='bbox 1790 2152 2081 2222; x_wconf 75' lang='lat' dir='ltr'><strong>pansisqne</strong></span> <span class='ocrx_word' id='word_1_355' title='bbox 2110 2152 2234 2206; x_wconf 89' lang='lat' dir='ltr'><strong>hinc</strong></span> <span class='ocrx_word' id='word_1_356' title='bbox 2269 2152 2391 2204; x_wconf 88' lang='lat' dir='ltr'><strong>inde</strong></span> <span class='ocrx_word' id='word_1_357' title='bbox 2422 2152 2694 2211; x_wconf 84' lang='lat' dir='ltr'><strong>cassibus,</strong></span> <span class='ocrx_word' id='word_1_358' title='bbox 2735 2148 3059 2219; x_wconf 82' lang='lat' dir='ltr'><strong>squamigeri</strong></span> <span class='ocrx_word' id='word_1_359' title='bbox 3085 2146 3262 2216; x_wconf 81' lang='lat' dir='ltr'><strong>gregis</strong></span> <span class='ocrx_word' id='word_1_360' title='bbox 3291 2159 3385 2199; x_wconf 91' lang='lat' dir='ltr'><strong>co-</strong></span> 
     </span>
    </p>
   </div>
   <div class='ocr_carea' id='block_1_38' title="bbox 1790 2235 3394 2315">
    <p class='ocr_par' dir='ltr' id='par_1_38' title="bbox 1790 2235 3394 2315">
     <span class='ocr_line' id='line_1_38' title="bbox 1790 2235 3394 2315; baseline -0.004 -16"><span class='ocrx_word' id='word_1_361' title='bbox 1790 2246 1876 2315; x_wconf 87' lang='lat' dir='ltr'><strong>pia</strong></span> <span class='ocrx_word' id='word_1_362' title='bbox 1925 2247 2288 2298; x_wconf 80' lang='lat' dir='ltr'><strong>cxubcranter</strong></span> <span class='ocrx_word' id='word_1_363' title='bbox 2339 2244 2673 2297; x_wconf 89' lang='lat' dir='ltr'><strong>abstrahitur</strong></span> <span class='ocrx_word' id='word_1_364' title='bbox 2714 2259 2950 2312; x_wconf 82' lang='lat' dir='ltr'><strong>:equore,</strong></span> <span class='ocrx_word' id='word_1_365' title='bbox 2982 2250 3239 2308; x_wconf 89' lang='lat' dir='ltr'><strong>tantaque</strong></span> <span class='ocrx_word' id='word_1_366' title='bbox 3287 2235 3394 2292; x_wconf 56' lang='lat' dir='ltr'><strong>fuit</strong></span> 
     </span>
    </p>
   </div>
   <div class='ocr_carea' id='block_1_39' title="bbox 1791 2330 3388 2406">
    <p class='ocr_par' dir='ltr' id='par_1_39' title="bbox 1791 2330 3388 2406">
     <span class='ocr_line' id='line_1_39' title="bbox 1791 2330 3388 2406; baseline -0.008 -15"><span class='ocrx_word' id='word_1_367' title='bbox 1791 2347 2071 2406; x_wconf 89' lang='lat' dir='ltr'><strong>captorum</strong></span> <span class='ocrx_word' id='word_1_368' title='bbox 2099 2337 2324 2404; x_wconf 89' lang='lat' dir='ltr'><strong>piscium</strong></span> <span class='ocrx_word' id='word_1_369' title='bbox 2355 2336 2682 2389; x_wconf 71' lang='lat' dir='ltr'><strong>abundantia</strong></span> <span class='ocrx_word' id='word_1_370' title='bbox 2704 2376 2716 2399; x_wconf 92' lang='lat'><strong>,</strong></span> <span class='ocrx_word' id='word_1_371' title='bbox 2750 2343 2805 2387; x_wconf 87' lang='lat' dir='ltr'><strong>ut</strong></span> <span class='ocrx_word' id='word_1_372' title='bbox 2847 2349 3032 2388; x_wconf 89' lang='lat' dir='ltr'><strong>eormn</strong></span> <span class='ocrx_word' id='word_1_373' title='bbox 3060 2330 3270 2385; x_wconf 83' lang='lat' dir='ltr'><strong>evectio</strong></span> <span class='ocrx_word' id='word_1_374' title='bbox 3299 2340 3388 2380; x_wconf 82' lang='lat' dir='ltr'><strong>ve-</strong></span> 
     </span>
    </p>
   </div>
   <div class='ocr_carea' id='block_1_40' title="bbox 1791 2421 3401 2498">
    <p class='ocr_par' dir='ltr' id='par_1_40' title="bbox 1791 2421 3401 2498">
     <span class='ocr_line' id='line_1_40' title="bbox 1791 2421 3401 2498; baseline -0.007 -16"><span class='ocrx_word' id='word_1_375' title='bbox 1791 2429 1970 2483; x_wconf 87' lang='lat' dir='ltr'><strong>hiculo</strong></span> <span class='ocrx_word' id='word_1_376' title='bbox 2010 2438 2210 2498; x_wconf 80' lang='lat' dir='ltr'><strong>egeret.</strong></span> <span class='ocrx_word' id='word_1_377' title='bbox 2268 2427 2429 2495; x_wconf 83' lang='lat' dir='ltr'><strong>Atqui</strong></span> <span class='ocrx_word' id='word_1_378' title='bbox 2483 2435 2707 2482; x_wconf 89' lang='lat' dir='ltr'><strong>noverat</strong></span> <span class='ocrx_word' id='word_1_379' title='bbox 2762 2427 2950 2480; x_wconf 85' lang='lat' dir='ltr'><strong>beatus</strong></span> <span class='ocrx_word' id='word_1_380' title='bbox 2995 2422 3158 2477; x_wconf 86' lang='lat' dir='ltr'><strong>Pater</strong></span> <span class='ocrx_word' id='word_1_381' title='bbox 3185 2421 3401 2474; x_wconf 79' lang='lat' dir='ltr'><strong>tirones</strong></span> 
     </span>
    </p>
   </div>
   <div class='ocr_carea' id='block_1_41' title="bbox 1792 2513 3398 2589">
    <p class='ocr_par' dir='ltr' id='par_1_41' title="bbox 1792 2513 3398 2589">
     <span class='ocr_line' id='line_1_41' title="bbox 1792 2513 3398 2589; baseline -0.006 -15"><span class='ocrx_word' id='word_1_382' title='bbox 1792 2537 1918 2576; x_wconf 90' lang='lat' dir='ltr'><strong>suos</strong></span> <span class='ocrx_word' id='word_1_383' title='bbox 1955 2521 2036 2574; x_wconf 90' lang='lat' dir='ltr'><strong>his</strong></span> <span class='ocrx_word' id='word_1_384' title='bbox 2063 2536 2124 2573; x_wconf 90' lang='lat' dir='ltr'><strong>ac</strong></span> <span class='ocrx_word' id='word_1_385' title='bbox 2154 2519 2371 2582; x_wconf 79' lang='lat' dir='ltr'><strong>talibus,</strong></span> <span class='ocrx_word' id='word_1_386' title='bbox 2407 2516 2815 2589; x_wconf 79' lang='lat' dir='ltr'><strong>infatigabiliter</strong></span> <span class='ocrx_word' id='word_1_387' title='bbox 2859 2515 3066 2570; x_wconf 89' lang='lat' dir='ltr'><strong>Domini</strong></span> <span class='ocrx_word' id='word_1_388' title='bbox 3117 2513 3398 2567; x_wconf 70' lang='lat' dir='ltr'><strong>inhmren-r</strong></span> 
     </span>
    </p>
   </div>
   <div class='ocr_carea' id='block_1_42' title="bbox 1795 2607 3403 2682">
    <p class='ocr_par' dir='ltr' id='par_1_42' title="bbox 1795 2607 3403 2682">
     <span class='ocr_line' id='line_1_42' title="bbox 1795 2607 3403 2682; baseline -0.005 -16"><span class='ocrx_word' id='word_1_389' title='bbox 1795 2621 1876 2666; x_wconf 88' lang='lat' dir='ltr'><strong>tes</strong></span> <span class='ocrx_word' id='word_1_390' title='bbox 1906 2613 2210 2682; x_wconf 70' lang='lat' dir='ltr'><strong>prteecptis,</strong></span> <span class='ocrx_word' id='word_1_391' title='bbox 2249 2611 2465 2665; x_wconf 45' lang='lat' dir='ltr'><strong>eli-vare</strong></span> <span class='ocrx_word' id='word_1_392' title='bbox 2514 2610 2811 2672; x_wconf 84' lang='lat' dir='ltr'><strong>beneficiis,</strong></span> <span class='ocrx_word' id='word_1_393' title='bbox 2841 2609 2930 2677; x_wconf 86' lang='lat' dir='ltr'><strong>qui</strong></span> <span class='ocrx_word' id='word_1_394' title='bbox 2959 2607 3170 2662; x_wconf 87' lang='lat' dir='ltr'><strong>mortali</strong></span> <span class='ocrx_word' id='word_1_395' title='bbox 3204 2615 3403 2676; x_wconf 74' lang='lat' dir='ltr'><strong>grava‘--</strong></span> 
     </span>
    </p>
   </div>
   <div class='ocr_carea' id='block_1_43' title="bbox 1794 2695 3386 2770">
    <p class='ocr_par' dir='ltr' id='par_1_43' title="bbox 1794 2695 3386 2770">
     <span class='ocr_line' id='line_1_43' title="bbox 1794 2695 3386 2770; baseline -0.006 -13"><span class='ocrx_word' id='word_1_396' title='bbox 1794 2712 1879 2758; x_wconf 90' lang='lat' dir='ltr'><strong>tus</strong></span> <span class='ocrx_word' id='word_1_397' title='bbox 1910 2705 2084 2757; x_wconf 84' lang='lat' dir='ltr'><strong>adhuc</strong></span> <span class='ocrx_word' id='word_1_398' title='bbox 2113 2703 2324 2756; x_wconf 88' lang='lat' dir='ltr'><strong>sarcina</strong></span> <span class='ocrx_word' id='word_1_399' title='bbox 2344 2742 2357 2764; x_wconf 96' lang='lat'><strong>,</strong></span> <span class='ocrx_word' id='word_1_400' title='bbox 2391 2699 2667 2770; x_wconf 89' lang='lat' dir='ltr'><strong>discipulis</strong></span> <span class='ocrx_word' id='word_1_401' title='bbox 2695 2699 2917 2769; x_wconf 83' lang='lat' dir='ltr'><strong>penuria</strong></span> <span class='ocrx_word' id='word_1_402' title='bbox 2949 2697 3102 2766; x_wconf 87' lang='lat' dir='ltr'><strong>panis</strong></span> <span class='ocrx_word' id='word_1_403' title='bbox 3134 2695 3386 2750; x_wconf 81' lang='lat' dir='ltr'><strong>laboran-</strong></span> 
     </span>
    </p>
   </div>
   <div class='ocr_carea' id='block_1_44' title="bbox 1795 2783 3386 2862">
    <p class='ocr_par' dir='ltr' id='par_1_44' title="bbox 1795 2783 3386 2862">
     <span class='ocr_line' id='line_1_44' title="bbox 1795 2783 3386 2862; baseline -0.008 -14"><span class='ocrx_word' id='word_1_404' title='bbox 1795 2795 1936 2848; x_wconf 89' lang='lat' dir='ltr'><strong>tibus</strong></span> <span class='ocrx_word' id='word_1_405' title='bbox 1965 2809 2119 2862; x_wconf 88' lang='lat' dir='ltr'><strong>opem</strong></span> <span class='ocrx_word' id='word_1_406' title='bbox 2176 2791 2316 2846; x_wconf 87' lang='lat' dir='ltr'><strong>ferre</strong></span> <span class='ocrx_word' id='word_1_407' title='bbox 2349 2791 2517 2843; x_wconf 88' lang='lat' dir='ltr'><strong>valuit</strong></span> <span class='ocrx_word' id='word_1_408' title='bbox 2565 2789 2920 2843; x_wconf 85' lang='lat' dir='ltr'><strong>ducentorum</strong></span> <span class='ocrx_word' id='word_1_409' title='bbox 2977 2785 3276 2840; x_wconf 86' lang='lat' dir='ltr'><strong>modiorum</strong></span> <span class='ocrx_word' id='word_1_410' title='bbox 3309 2783 3386 2837; x_wconf 86' lang='lat' dir='ltr'><strong>fa-</strong></span> 
     </span>
    </p>
   </div>
   <div class='ocr_carea' id='block_1_45' title="bbox 1793 2879 3387 2951">
    <p class='ocr_par' dir='ltr' id='par_1_45' title="bbox 1793 2879 3387 2951">
     <span class='ocr_line' id='line_1_45' title="bbox 1793 2879 3387 2951; baseline -0.006 -12"><span class='ocrx_word' id='word_1_411' title='bbox 1793 2885 1926 2939; x_wconf 84' lang='lat' dir='ltr'><strong>rime</strong></span> <span class='ocrx_word' id='word_1_412' title='bbox 1949 2884 2253 2939; x_wconf 86' lang='lat' dir='ltr'><strong>collatione.</strong></span> <span class='ocrx_word' id='word_1_413' title='bbox 2285 2881 2341 2936; x_wconf 92' lang='lat' dir='ltr'><strong>Si</strong></span> <span class='ocrx_word' id='word_1_414' title='bbox 2375 2882 2537 2951; x_wconf 75' lang='lat' dir='ltr'><strong>igitur</strong></span> <span class='ocrx_word' id='word_1_415' title='bbox 2563 2896 2790 2950; x_wconf 89' lang='lat' dir='ltr'><strong>corpora</strong></span> <span class='ocrx_word' id='word_1_416' title='bbox 2821 2879 3077 2932; x_wconf 90' lang='lat' dir='ltr'><strong>alimento</strong></span> <span class='ocrx_word' id='word_1_417' title='bbox 3104 2885 3387 2944; x_wconf 81' lang='lat' dir='ltr'><strong>tantopere</strong></span> 
     </span>
    </p>
   </div>
   <div class='ocr_carea' id='block_1_46' title="bbox 1793 2964 3385 3042">
    <p class='ocr_par' dir='ltr' id='par_1_46' title="bbox 1793 2964 3385 3042">
     <span class='ocr_line' id='line_1_46' title="bbox 1793 2964 3385 3042; baseline -0.009 -10"><span class='ocrx_word' id='word_1_418' title='bbox 1793 2977 1998 3032; x_wconf 86' lang='lat' dir='ltr'><strong>solatur</strong></span> <span class='ocrx_word' id='word_1_419' title='bbox 2030 2986 2264 3035; x_wconf 88' lang='lat' dir='ltr'><strong>terreno,</strong></span> <span class='ocrx_word' id='word_1_420' title='bbox 2299 2981 2505 3042; x_wconf 73' lang='lat' dir='ltr'><strong>quanto</strong></span> <span class='ocrx_word' id='word_1_421' title='bbox 2528 2979 2778 3040; x_wconf 88' lang='lat' dir='ltr'><strong>putamus</strong></span> <span class='ocrx_word' id='word_1_422' title='bbox 2807 2984 2928 3023; x_wconf 91' lang='lat' dir='ltr'><strong>eum</strong></span> <span class='ocrx_word' id='word_1_423' title='bbox 2955 2967 3231 3036; x_wconf 85' lang='lat' dir='ltr'><strong>juvamine</strong></span> <span class='ocrx_word' id='word_1_424' title='bbox 3271 2964 3385 3018; x_wconf 89' lang='lat' dir='ltr'><strong>ani-</strong></span> 
     </span>
    </p>
   </div>
   <div class='ocr_carea' id='block_1_47' title="bbox 1793 3056 3389 3134">
    <p class='ocr_par' dir='ltr' id='par_1_47' title="bbox 1793 3056 3389 3134">
     <span class='ocr_line' id='line_1_47' title="bbox 1793 3056 3389 3134; baseline -0.009 -9"><span class='ocrx_word' id='word_1_425' title='bbox 1793 3087 2004 3126; x_wconf 88' lang='lat' dir='ltr'><strong>marmn</strong></span> <span class='ocrx_word' id='word_1_426' title='bbox 2038 3069 2199 3123; x_wconf 88' lang='lat' dir='ltr'><strong>saluti</strong></span> <span class='ocrx_word' id='word_1_427' title='bbox 2255 3065 2530 3130; x_wconf 83' lang='lat' dir='ltr'><strong>insistere,</strong></span> <span class='ocrx_word' id='word_1_428' title='bbox 2566 3063 2797 3134; x_wconf 86' lang='lat' dir='ltr'><strong>qualiter</strong></span> <span class='ocrx_word' id='word_1_429' title='bbox 2849 3070 3062 3114; x_wconf 55' lang='lat' dir='ltr'><strong>aiterna‘</strong></span> <span class='ocrx_word' id='word_1_430' title='bbox 3115 3056 3389 3112; x_wconf 86' lang='lat' dir='ltr'><strong>felicitatis</strong></span> 
     </span>
    </p>
   </div>
   <div class='ocr_carea' id='block_1_48' title="bbox 81 3152 3400 3245">
    <p class='ocr_par' dir='ltr' id='par_1_48' title="bbox 81 3152 3400 3245">
     <span class='ocr_line' id='line_1_48' title="bbox 81 3152 3400 3245; baseline -0.009 -13"><span class='ocrx_word' id='word_1_431' title='bbox 81 3177 414 3233; x_wconf 83' lang='lat' dir='ltr'><strong>Solemnitas</strong></span> <span class='ocrx_word' id='word_1_432' title='bbox 443 3175 503 3232; x_wconf 89' lang='lat' dir='ltr'><strong>S.</strong></span> <span class='ocrx_word' id='word_1_433' title='bbox 537 3175 823 3242; x_wconf 75' lang='lat' dir='ltr'><strong>Benedicti.</strong></span> <span class='ocrx_word' id='word_1_434' title='bbox 862 3174 998 3228; x_wconf 84' lang='lat' dir='ltr'><strong>Huic</strong></span> <span class='ocrx_word' id='word_1_435' title='bbox 1050 3175 1215 3245; x_wconf 86' lang='lat' dir='ltr'><strong>pisces</strong></span> <span class='ocrx_word' id='word_1_436' title='bbox 1259 3173 1490 3244; x_wconf 80' lang='lat' dir='ltr'><strong>providet</strong></span> <span class='ocrx_word' id='word_1_437' title='bbox 1519 3171 1691 3227; x_wconf 79' lang='lat' dir='ltr'><strong>Bene-</strong></span> <span class='ocrx_word' id='word_1_438' title='bbox 1719 3154 1764 3217; x_wconf 89' lang='lat' dir='ltr'><strong>C</strong></span> <span class='ocrx_word' id='word_1_439' title='bbox 1797 3163 1988 3234; x_wconf 83' lang='lat' dir='ltr'><strong>gaudia</strong></span> <span class='ocrx_word' id='word_1_440' title='bbox 2022 3163 2282 3215; x_wconf 85' lang='lat' dir='ltr'><strong>bonorum</strong></span> <span class='ocrx_word' id='word_1_441' title='bbox 2306 3168 2523 3213; x_wconf 87' lang='lat' dir='ltr'><strong>actuum</strong></span> <span class='ocrx_word' id='word_1_442' title='bbox 2549 3154 2730 3211; x_wconf 88' lang='lat' dir='ltr'><strong>onusti</strong></span> <span class='ocrx_word' id='word_1_443' title='bbox 2761 3152 3047 3219; x_wconf 86' lang='lat' dir='ltr'><strong>fructibus,</strong></span> <span class='ocrx_word' id='word_1_444' title='bbox 3083 3155 3400 3206; x_wconf 68' lang='lat' dir='ltr'><strong>mereantur</strong></span> 
     </span>
    </p>
   </div>
   <div class='ocr_carea' id='block_1_49' title="bbox 791 3249 980 3300">
    <p class='ocr_par' dir='ltr' id='par_1_49' title="bbox 791 3249 980 3300">
     <span class='ocr_line' id='line_1_49' title="bbox 791 3249 980 3300; baseline 0.005 -1"><span class='ocrx_word' id='word_1_445' title='bbox 791 3249 980 3300; x_wconf 80' lang='lat' dir='ltr'><strong>dirlus.</strong></span> 
     </span>
    </p>
   </div>
   <div class='ocr_carea' id='block_1_50' title="bbox 159 3354 1696 3428">
    <p class='ocr_par' dir='ltr' id='par_1_50' title="bbox 159 3354 1696 3428">
     <span class='ocr_line' id='line_1_50' title="bbox 159 3354 1696 3428; baseline -0.005 -12"><span class='ocrx_word' id='word_1_446' title='bbox 159 3360 419 3416; x_wconf 88' lang='lat' dir='ltr'><strong>Solemne</strong></span> <span class='ocrx_word' id='word_1_447' title='bbox 450 3360 642 3414; x_wconf 88' lang='lat' dir='ltr'><strong>festum</strong></span> <span class='ocrx_word' id='word_1_448' title='bbox 678 3358 1026 3428; x_wconf 87' lang='lat' dir='ltr'><strong>impendebat</strong></span> <span class='ocrx_word' id='word_1_449' title='bbox 1077 3355 1134 3412; x_wconf 91' lang='lat' dir='ltr'><strong>S.</strong></span> <span class='ocrx_word' id='word_1_450' title='bbox 1173 3356 1501 3413; x_wconf 80' lang='lat' dir='ltr'><strong>confessoris</strong></span> <span class='ocrx_word' id='word_1_451' title='bbox 1542 3354 1696 3411; x_wconf 89' lang='lat' dir='ltr'><strong>Chri-</strong></span> 
     </span>
    </p>
   </div>
   <div class='ocr_carea' id='block_1_51' title="bbox 80 3448 1694 3527">
    <p class='ocr_par' dir='ltr' id='par_1_51' title="bbox 80 3448 1694 3527">
     <span class='ocr_line' id='line_1_51' title="bbox 80 3448 1694 3527; baseline -0.003 -22"><span class='ocrx_word' id='word_1_452' title='bbox 80 3451 154 3505; x_wconf 88' lang='lat' dir='ltr'><strong>sti</strong></span> <span class='ocrx_word' id='word_1_453' title='bbox 191 3450 500 3514; x_wconf 88' lang='lat' dir='ltr'><strong>Benedicti,</strong></span> <span class='ocrx_word' id='word_1_454' title='bbox 549 3451 689 3519; x_wconf 88' lang='lat' dir='ltr'><strong>quod</strong></span> <span class='ocrx_word' id='word_1_455' title='bbox 722 3466 788 3503; x_wconf 78' lang='lat' dir='ltr'><strong>ex</strong></span> <span class='ocrx_word' id='word_1_456' title='bbox 823 3448 992 3503; x_wconf 86' lang='lat' dir='ltr'><strong>veteri</strong></span> <span class='ocrx_word' id='word_1_457' title='bbox 1043 3448 1694 3527; x_wconf 81' lang='lat' dir='ltr'><strong>consuetudinequotan-</strong></span> 
     </span>
    </p>
   </div>
   <div class='ocr_carea' id='block_1_52' title="bbox 77 3541 1691 3614">
    <p class='ocr_par' dir='ltr' id='par_1_52' title="bbox 77 3541 1691 3614">
     <span class='ocr_line' id='line_1_52' title="bbox 77 3541 1691 3614; baseline -0.002 -17"><span class='ocrx_word' id='word_1_458' title='bbox 77 3543 172 3598; x_wconf 87' lang='lat' dir='ltr'><strong>nis</strong></span> <span class='ocrx_word' id='word_1_459' title='bbox 201 3543 375 3614; x_wconf 87' lang='lat' dir='ltr'><strong>pridie</strong></span> <span class='ocrx_word' id='word_1_460' title='bbox 412 3541 686 3597; x_wconf 85' lang='lat' dir='ltr'><strong>Nonarum</strong></span> <span class='ocrx_word' id='word_1_461' title='bbox 738 3541 1116 3596; x_wconf 78' lang='lat' dir='ltr'><strong>Decembrium</strong></span> <span class='ocrx_word' id='word_1_462' title='bbox 1164 3543 1374 3612; x_wconf 83' lang='lat' dir='ltr'><strong>agitur,</strong></span> <span class='ocrx_word' id='word_1_463' title='bbox 1423 3557 1528 3609; x_wconf 91' lang='lat' dir='ltr'><strong>quo</strong></span> <span class='ocrx_word' id='word_1_464' title='bbox 1559 3555 1691 3594; x_wconf 90' lang='lat' dir='ltr'><strong>con-</strong></span> 
     </span>
    </p>
   </div>
   <div class='ocr_carea' id='block_1_53' title="bbox 76 3632 1689 3705">
    <p class='ocr_par' dir='ltr' id='par_1_53' title="bbox 76 3632 1689 3705">
     <span class='ocr_line' id='line_1_53' title="bbox 76 3632 1689 3705; baseline -0.003 -15"><span class='ocrx_word' id='word_1_465' title='bbox 76 3646 283 3692; x_wconf 77' lang='lat' dir='ltr'><strong>ventus</strong></span> <span class='ocrx_word' id='word_1_466' title='bbox 332 3635 622 3690; x_wconf 89' lang='lat' dir='ltr'><strong>multorum</strong></span> <span class='ocrx_word' id='word_1_467' title='bbox 677 3635 997 3705; x_wconf 87' lang='lat' dir='ltr'><strong>populorum</strong></span> <span class='ocrx_word' id='word_1_468' title='bbox 1060 3635 1130 3687; x_wconf 93' lang='lat' dir='ltr'><strong>ob</strong></span> <span class='ocrx_word' id='word_1_469' title='bbox 1187 3634 1317 3686; x_wconf 91' lang='lat' dir='ltr'><strong>tanti</strong></span> <span class='ocrx_word' id='word_1_470' title='bbox 1372 3632 1689 3686; x_wconf 86' lang='lat' dir='ltr'><strong>memoriam</strong></span> 
     </span>
    </p>
   </div>
   <div class='ocr_carea' id='block_1_54' title="bbox 81 3723 1694 3794">
    <p class='ocr_par' dir='ltr' id='par_1_54' title="bbox 81 3723 1694 3794">
     <span class='ocr_line' id='line_1_54' title="bbox 81 3723 1694 3794; baseline -0.003 -13"><span class='ocrx_word' id='word_1_471' title='bbox 81 3727 266 3781; x_wconf 86' lang='lat' dir='ltr'><strong>Patris</strong></span> <span class='ocrx_word' id='word_1_472' title='bbox 296 3726 571 3781; x_wconf 79' lang='lat' dir='ltr'><strong>conﬂuere</strong></span> <span class='ocrx_word' id='word_1_473' title='bbox 615 3724 946 3779; x_wconf 85' lang='lat' dir='ltr'><strong>monasterio</strong></span> <span class='ocrx_word' id='word_1_474' title='bbox 982 3723 1118 3778; x_wconf 88' lang='lat' dir='ltr'><strong>solet</strong></span> <span class='ocrx_word' id='word_1_475' title='bbox 1148 3740 1160 3776; x_wconf 86' lang='lat'>:</span> <span class='ocrx_word' id='word_1_476' title='bbox 1197 3731 1460 3794; x_wconf 54' lang='lat' dir='ltr'><strong>praetcrea</strong></span> <span class='ocrx_word' id='word_1_477' title='bbox 1510 3736 1694 3776; x_wconf 86' lang='lat' dir='ltr'><strong>servo-</strong></span> 
     </span>
    </p>
   </div>
   <div class='ocr_carea' id='block_1_55' title="bbox 82 3814 1692 3888">
    <p class='ocr_par' dir='ltr' id='par_1_55' title="bbox 82 3814 1692 3888">
     <span class='ocr_line' id='line_1_55' title="bbox 82 3814 1692 3888; baseline -0.004 -14"><span class='ocrx_word' id='word_1_478' title='bbox 82 3836 208 3874; x_wconf 86' lang='lat' dir='ltr'><strong>rum</strong></span> <span class='ocrx_word' id='word_1_479' title='bbox 256 3819 352 3876; x_wconf 88' lang='lat' dir='ltr'><strong>Dei</strong></span> <span class='ocrx_word' id='word_1_480' title='bbox 405 3818 891 3888; x_wconf 82' lang='lat' dir='ltr'><strong>religiosorumque</strong></span> <span class='ocrx_word' id='word_1_481' title='bbox 947 3832 1052 3870; x_wconf 87' lang='lat' dir='ltr'><strong>non</strong></span> <span class='ocrx_word' id='word_1_482' title='bbox 1098 3815 1490 3870; x_wconf 88' lang='lat' dir='ltr'><strong>contemnemla</strong></span> <span class='ocrx_word' id='word_1_483' title='bbox 1539 3814 1692 3884; x_wconf 87' lang='lat' dir='ltr'><strong>copia</strong></span> 
     </span>
    </p>
   </div>
   <div class='ocr_carea' id='block_1_56' title="bbox 80 3905 1690 3978">
    <p class='ocr_par' dir='ltr' id='par_1_56' title="bbox 80 3905 1690 3978">
     <span class='ocr_line' id='line_1_56' title="bbox 80 3905 1690 3978; baseline -0.004 -14"><span class='ocrx_word' id='word_1_484' title='bbox 80 3913 349 3967; x_wconf 79' lang='lat' dir='ltr'><strong>virorum.</strong></span> <span class='ocrx_word' id='word_1_485' title='bbox 406 3909 520 3963; x_wconf 84' lang='lat' dir='ltr'><strong>Mos</strong></span> <span class='ocrx_word' id='word_1_486' title='bbox 551 3919 731 3964; x_wconf 89' lang='lat' dir='ltr'><strong>autem</strong></span> <span class='ocrx_word' id='word_1_487' title='bbox 764 3909 944 3978; x_wconf 86' lang='lat' dir='ltr'><strong>prisca</strong></span> <span class='ocrx_word' id='word_1_488' title='bbox 984 3908 1284 3976; x_wconf 89' lang='lat' dir='ltr'><strong>procedens</strong></span> <span class='ocrx_word' id='word_1_489' title='bbox 1341 3915 1500 3960; x_wconf 66' lang='lat' dir='ltr'><strong>aelate</strong></span> <span class='ocrx_word' id='word_1_490' title='bbox 1550 3905 1690 3959; x_wconf 89' lang='lat' dir='ltr'><strong>mul-</strong></span> 
     </span>
    </p>
   </div>
   <div class='ocr_carea' id='block_1_57' title="bbox 81 4001 1692 4074">
    <p class='ocr_par' dir='ltr' id='par_1_57' title="bbox 81 4001 1692 4074">
     <span class='ocr_line' id='line_1_57' title="bbox 81 4001 1692 4074; baseline -0.001 -16"><span class='ocrx_word' id='word_1_491' title='bbox 81 4017 196 4059; x_wconf 89' lang='lat' dir='ltr'><strong>tam</strong></span> <span class='ocrx_word' id='word_1_492' title='bbox 225 4005 514 4074; x_wconf 87' lang='lat' dir='ltr'><strong>occupavit</strong></span> <span class='ocrx_word' id='word_1_493' title='bbox 547 4012 922 4073; x_wconf 86' lang='lat' dir='ltr'><strong>tempestatcm</strong></span> <span class='ocrx_word' id='word_1_494' title='bbox 946 4044 960 4068; x_wconf 93' lang='lat'><strong>,</strong></span> <span class='ocrx_word' id='word_1_495' title='bbox 993 4001 1334 4056; x_wconf 89' lang='lat' dir='ltr'><strong>liberalitatis</strong></span> <span class='ocrx_word' id='word_1_496' title='bbox 1369 4001 1541 4071; x_wconf 83' lang='lat' dir='ltr'><strong>gratia</strong></span> <span class='ocrx_word' id='word_1_497' title='bbox 1570 4009 1692 4070; x_wconf 92' lang='lat' dir='ltr'><strong>post</strong></span> 
     </span>
    </p>
   </div>
   <div class='ocr_carea' id='block_1_58' title="bbox 81 4097 1691 4171">
    <p class='ocr_par' dir='ltr' id='par_1_58' title="bbox 81 4097 1691 4171">
     <span class='ocr_line' id='line_1_58' title="bbox 81 4097 1691 4171; baseline -0.002 -17"><span class='ocrx_word' id='word_1_498' title='bbox 81 4100 348 4171; x_wconf 84' lang='lat' dir='ltr'><strong>spiritalis</strong></span> <span class='ocrx_word' id='word_1_499' title='bbox 382 4097 696 4155; x_wconf 87' lang='lat' dir='ltr'><strong>refectionis</strong></span> <span class='ocrx_word' id='word_1_500' title='bbox 740 4097 1267 4152; x_wconf 87' lang='lat' dir='ltr'><strong>abumlantissimum</strong></span> <span class='ocrx_word' id='word_1_501' title='bbox 1297 4097 1521 4161; x_wconf 89' lang='lat' dir='ltr'><strong>donmn,</strong></span> <span class='ocrx_word' id='word_1_502' title='bbox 1565 4111 1691 4150; x_wconf 89' lang='lat' dir='ltr'><strong>cor-</strong></span> 
     </span>
    </p>
   </div>
   <div class='ocr_carea' id='block_1_59' title="bbox 82 4187 1679 4264">
    <p class='ocr_par' dir='ltr' id='par_1_59' title="bbox 82 4187 1679 4264">
     <span class='ocr_line' id='line_1_59' title="bbox 82 4187 1679 4264; baseline -0.005 -14"><span class='ocrx_word' id='word_1_503' title='bbox 82 4210 219 4264; x_wconf 85' lang='lat' dir='ltr'><strong>pora</strong></span> <span class='ocrx_word' id='word_1_504' title='bbox 249 4208 466 4263; x_wconf 90' lang='lat' dir='ltr'><strong>quoque</strong></span> <span class='ocrx_word' id='word_1_505' title='bbox 526 4201 743 4247; x_wconf 86' lang='lat' dir='ltr'><strong>terreno</strong></span> <span class='ocrx_word' id='word_1_506' title='bbox 801 4188 1218 4244; x_wconf 85' lang='lat' dir='ltr'><strong>accuratissime</strong></span> <span class='ocrx_word' id='word_1_507' title='bbox 1269 4187 1493 4243; x_wconf 88' lang='lat' dir='ltr'><strong>reficere</strong></span> <span class='ocrx_word' id='word_1_508' title='bbox 1537 4187 1679 4244; x_wconf 92' lang='lat' dir='ltr'><strong>cibo.</strong></span> 
     </span>
    </p>
   </div>
   <div class='ocr_carea' id='block_1_60' title="bbox 83 4281 1689 4353">
    <p class='ocr_par' dir='ltr' id='par_1_60' title="bbox 83 4281 1689 4353">
     <span class='ocr_line' id='line_1_60' title="bbox 83 4281 1689 4353; baseline -0.003 -12"><span class='ocrx_word' id='word_1_509' title='bbox 83 4287 196 4346; x_wconf 85' lang='lat' dir='ltr'><strong>Sed</strong></span> <span class='ocrx_word' id='word_1_510' title='bbox 244 4301 368 4340; x_wconf 87' lang='lat' dir='ltr'><strong>cum</strong></span> <span class='ocrx_word' id='word_1_511' title='bbox 417 4285 754 4340; x_wconf 81' lang='lat' dir='ltr'><strong>diversarum</strong></span> <span class='ocrx_word' id='word_1_512' title='bbox 809 4292 1100 4353; x_wconf 88' lang='lat' dir='ltr'><strong>apparatus</strong></span> <span class='ocrx_word' id='word_1_513' title='bbox 1137 4281 1415 4351; x_wconf 90' lang='lat' dir='ltr'><strong>copiarum</strong></span> <span class='ocrx_word' id='word_1_514' title='bbox 1455 4281 1578 4335; x_wconf 88' lang='lat' dir='ltr'><strong>huic</strong></span> <span class='ocrx_word' id='word_1_515' title='bbox 1610 4282 1689 4336; x_wconf 88' lang='lat' dir='ltr'><strong>rei</strong></span> 
     </span>
    </p>
   </div>
   <div class='ocr_carea' id='block_1_61' title="bbox 83 4373 1692 4450">
    <p class='ocr_par' dir='ltr' id='par_1_61' title="bbox 83 4373 1692 4450">
     <span class='ocr_line' id='line_1_61' title="bbox 83 4373 1692 4450; baseline -0.004 -15"><span class='ocrx_word' id='word_1_516' title='bbox 83 4379 500 4450; x_wconf 82' lang='lat' dir='ltr'><strong>congruentium</strong></span> <span class='ocrx_word' id='word_1_517' title='bbox 525 4377 651 4432; x_wconf 88' lang='lat' dir='ltr'><strong>hinc</strong></span> <span class='ocrx_word' id='word_1_518' title='bbox 675 4377 797 4429; x_wconf 89' lang='lat' dir='ltr'><strong>inde</strong></span> <span class='ocrx_word' id='word_1_519' title='bbox 827 4373 1140 4445; x_wconf 80' lang='lat' dir='ltr'><strong>proflueret,</strong></span> <span class='ocrx_word' id='word_1_520' title='bbox 1171 4373 1398 4442; x_wconf 89' lang='lat' dir='ltr'><strong>piscium</strong></span> <span class='ocrx_word' id='word_1_521' title='bbox 1423 4373 1692 4428; x_wconf 85' lang='lat' dir='ltr'><strong>omnimo-</strong></span> 
     </span>
    </p>
   </div>
   <div class='ocr_carea' id='block_1_62' title="bbox 83 4467 1690 4540">
    <p class='ocr_par' dir='ltr' id='par_1_62' title="bbox 83 4467 1690 4540">
     <span class='ocr_line' id='line_1_62' title="bbox 83 4467 1690 4540; baseline -0.004 -12"><span class='ocrx_word' id='word_1_522' title='bbox 83 4475 170 4528; x_wconf 86' lang='lat' dir='ltr'><strong>dis</strong></span> <span class='ocrx_word' id='word_1_523' title='bbox 201 4474 391 4527; x_wconf 87' lang='lat' dir='ltr'><strong>deerat</strong></span> <span class='ocrx_word' id='word_1_524' title='bbox 440 4469 734 4535; x_wconf 78' lang='lat' dir='ltr'><strong>afﬂuentia,</strong></span> <span class='ocrx_word' id='word_1_525' title='bbox 766 4486 885 4540; x_wconf 69' lang='lat' dir='ltr'><strong>qum</strong></span> <span class='ocrx_word' id='word_1_526' title='bbox 923 4477 1084 4523; x_wconf 64' lang='lat' dir='ltr'><strong>tantae</strong></span> <span class='ocrx_word' id='word_1_527' title='bbox 1111 4467 1412 4522; x_wconf 76' lang='lat' dir='ltr'><strong>celebritati</strong></span> <span class='ocrx_word' id='word_1_528' title='bbox 1446 4467 1690 4538; x_wconf 79' lang='lat' dir='ltr'><strong>aliquan-</strong></span> 
     </span>
    </p>
   </div>
   <div class='ocr_carea' id='block_1_63' title="bbox 87 4552 1536 4635">
    <p class='ocr_par' dir='ltr' id='par_1_63' title="bbox 87 4552 1536 4635">
     <span class='ocr_line' id='line_1_63' title="bbox 87 4552 1536 4635; baseline -0.005 -15"><span class='ocrx_word' id='word_1_529' title='bbox 87 4552 251 4621; x_wconf 72' lang='lat' dir='ltr'><strong>tulani</strong></span> <span class='ocrx_word' id='word_1_530' title='bbox 298 4573 581 4635; x_wconf 68' lang='lat' dir='ltr'><strong>praestaret</strong></span> <span class='ocrx_word' id='word_1_531' title='bbox 618 4564 867 4634; x_wconf 86' lang='lat' dir='ltr'><strong>gratiam.</strong></span> <span class='ocrx_word' id='word_1_532' title='bbox 928 4561 1133 4615; x_wconf 74' lang='lat' dir='ltr'><strong>Annius</strong></span> <span class='ocrx_word' id='word_1_533' title='bbox 1163 4561 1316 4614; x_wconf 85' lang='lat' dir='ltr'><strong>valde</strong></span> <span class='ocrx_word' id='word_1_534' title='bbox 1346 4559 1536 4624; x_wconf 86' lang='lat' dir='ltr'><strong>abbas,</strong></span> 
     </span>
    </p>
   </div>
   <div class='ocr_carea' id='block_1_64' title="bbox 82 4651 1683 4727">
    <p class='ocr_par' dir='ltr' id='par_1_64' title="bbox 82 4651 1683 4727">
     <span class='ocr_line' id='line_1_64' title="bbox 82 4651 1683 4727; baseline -0.004 -14"><span class='ocrx_word' id='word_1_535' title='bbox 82 4670 133 4713; x_wconf 81' lang='lat' dir='ltr'><strong>et</strong></span> <span class='ocrx_word' id='word_1_536' title='bbox 165 4658 372 4712; x_wconf 86' lang='lat' dir='ltr'><strong>fratres</strong></span> <span class='ocrx_word' id='word_1_537' title='bbox 398 4656 523 4710; x_wconf 89' lang='lat' dir='ltr'><strong>huic</strong></span> <span class='ocrx_word' id='word_1_538' title='bbox 553 4656 892 4727; x_wconf 87' lang='lat' dir='ltr'><strong>procurando</strong></span> <span class='ocrx_word' id='word_1_539' title='bbox 934 4651 1142 4706; x_wconf 74' lang='lat' dir='ltr'><strong>suffecti</strong></span> <span class='ocrx_word' id='word_1_540' title='bbox 1169 4651 1344 4706; x_wconf 77' lang='lat' dir='ltr'><strong>ofﬁcio</strong></span> <span class='ocrx_word' id='word_1_541' title='bbox 1369 4689 1385 4716; x_wconf 84' lang='lat'><strong>,</strong></span> <span class='ocrx_word' id='word_1_542' title='bbox 1436 4667 1683 4721; x_wconf 88' lang='lat' dir='ltr'><strong>quaqua-</strong></span> 
     </span>
    </p>
   </div>
   <div class='ocr_carea' id='block_1_65' title="bbox 81 4746 1684 4821">
    <p class='ocr_par' dir='ltr' id='par_1_65' title="bbox 81 4746 1684 4821">
     <span class='ocr_line' id='line_1_65' title="bbox 81 4746 1684 4821; baseline -0.001 -16"><span class='ocrx_word' id='word_1_543' title='bbox 81 4769 298 4809; x_wconf 78' lang='lat' dir='ltr'><strong>versum</strong></span> <span class='ocrx_word' id='word_1_544' title='bbox 333 4751 592 4821; x_wconf 83' lang='lat' dir='ltr'><strong>dirigunt,</strong></span> <span class='ocrx_word' id='word_1_545' title='bbox 641 4751 683 4804; x_wconf 88' lang='lat' dir='ltr'><strong>si</strong></span> <span class='ocrx_word' id='word_1_546' title='bbox 717 4767 823 4820; x_wconf 93' lang='lat' dir='ltr'><strong>quo</strong></span> <span class='ocrx_word' id='word_1_547' title='bbox 855 4749 1012 4804; x_wconf 88' lang='lat' dir='ltr'><strong>modo</strong></span> <span class='ocrx_word' id='word_1_548' title='bbox 1038 4747 1325 4818; x_wconf 85' lang='lat' dir='ltr'><strong>cujuslibet</strong></span> <span class='ocrx_word' id='word_1_549' title='bbox 1352 4746 1684 4803; x_wconf 89' lang='lat' dir='ltr'><strong>adminiculo</strong></span> 
     </span>
    </p>
   </div>
   <div class='ocr_carea' id='block_1_66' title="bbox 81 4839 1681 4910">
    <p class='ocr_par' dir='ltr' id='par_1_66' title="bbox 81 4839 1681 4910">
     <span class='ocr_line' id='line_1_66' title="bbox 81 4839 1681 4910; baseline -0.004 -11"><span class='ocrx_word' id='word_1_550' title='bbox 81 4863 108 4899; x_wconf 92' lang='lat' dir='ltr'><strong>a</strong></span> <span class='ocrx_word' id='word_1_551' title='bbox 153 4851 309 4899; x_wconf 79' lang='lat' dir='ltr'><strong>tanta</strong></span> <span class='ocrx_word' id='word_1_552' title='bbox 358 4841 584 4896; x_wconf 89' lang='lat' dir='ltr'><strong>relevari</strong></span> <span class='ocrx_word' id='word_1_553' title='bbox 620 4850 840 4910; x_wconf 87' lang='lat' dir='ltr'><strong>possent</strong></span> <span class='ocrx_word' id='word_1_554' title='bbox 895 4839 1124 4910; x_wconf 88' lang='lat' dir='ltr'><strong>piscium</strong></span> <span class='ocrx_word' id='word_1_555' title='bbox 1169 4839 1414 4910; x_wconf 87' lang='lat' dir='ltr'><strong>penuria.</strong></span> <span class='ocrx_word' id='word_1_556' title='bbox 1482 4841 1681 4896; x_wconf 64' lang='lat' dir='ltr'><strong>Verum</strong></span> 
     </span>
    </p>
   </div>
   <div class='ocr_carea' id='block_1_67' title="bbox 83 4931 1680 5003">
    <p class='ocr_par' dir='ltr' id='par_1_67' title="bbox 83 4931 1680 5003">
     <span class='ocr_line' id='line_1_67' title="bbox 83 4931 1680 5003; baseline -0.005 -9"><span class='ocrx_word' id='word_1_557' title='bbox 83 4941 321 4994; x_wconf 88' lang='lat' dir='ltr'><strong>humana</strong></span> <span class='ocrx_word' id='word_1_558' title='bbox 357 4934 638 4990; x_wconf 84' lang='lat' dir='ltr'><strong>deficiente</strong></span> <span class='ocrx_word' id='word_1_559' title='bbox 671 4931 956 4996; x_wconf 89' lang='lat' dir='ltr'><strong>industria,</strong></span> <span class='ocrx_word' id='word_1_560' title='bbox 982 4948 1103 4986; x_wconf 89' lang='lat' dir='ltr'><strong>cum</strong></span> <span class='ocrx_word' id='word_1_561' title='bbox 1125 4931 1238 5003; x_wconf 90' lang='lat' dir='ltr'><strong>jam</strong></span> <span class='ocrx_word' id='word_1_562' title='bbox 1277 4934 1539 5003; x_wconf 86' lang='lat' dir='ltr'><strong>desperati</strong></span> <span class='ocrx_word' id='word_1_563' title='bbox 1565 4948 1680 4988; x_wconf 59' lang='lat' dir='ltr'><strong>om»-</strong></span> 
     </span>
    </p>
   </div>
   <div class='ocr_carea' id='block_1_68' title="bbox 83 5024 1682 5098">
    <p class='ocr_par' dir='ltr' id='par_1_68' title="bbox 83 5024 1682 5098">
     <span class='ocr_line' id='line_1_68' title="bbox 83 5024 1682 5098; baseline -0.006 -12"><span class='ocrx_word' id='word_1_564' title='bbox 83 5047 176 5086; x_wconf 88' lang='lat' dir='ltr'><strong>nes</strong></span> <span class='ocrx_word' id='word_1_565' title='bbox 203 5027 434 5098; x_wconf 81' lang='lat' dir='ltr'><strong>dejectis</strong></span> <span class='ocrx_word' id='word_1_566' title='bbox 461 5028 659 5083; x_wconf 89' lang='lat' dir='ltr'><strong>animis</strong></span> <span class='ocrx_word' id='word_1_567' title='bbox 691 5025 822 5079; x_wconf 91' lang='lat' dir='ltr'><strong>nihil</strong></span> <span class='ocrx_word' id='word_1_568' title='bbox 870 5024 1015 5094; x_wconf 90' lang='lat' dir='ltr'><strong>quod</strong></span> <span class='ocrx_word' id='word_1_569' title='bbox 1064 5033 1346 5095; x_wconf 87' lang='lat' dir='ltr'><strong>sperarent</strong></span> <span class='ocrx_word' id='word_1_570' title='bbox 1397 5025 1682 5089; x_wconf 88' lang='lat' dir='ltr'><strong>haberent,</strong></span> 
     </span>
    </p>
   </div>
   <div class='ocr_carea' id='block_1_69' title="bbox 83 5117 1680 5164">
    <p class='ocr_par' dir='ltr' id='par_1_69' title="bbox 83 5117 1680 5164">
     <span class='ocr_line' id='line_1_69' title="bbox 83 5117 1680 5164; baseline 0 0"><span class='ocrx_word' id='word_1_571' title='bbox 83 5125 296 5164; x_wconf 66' lang='lat' dir='ltr'><strong>immitia</strong></span> <span class='ocrx_word' id='word_1_572' title='bbox 326 5132 376 5164; x_wconf 82' lang='grc' dir='ltr'>ρι</span> <span class='ocrx_word' id='word_1_573' title='bbox 413 5124 716 5164; x_wconf 73' lang='lat' dir='ltr'><strong>imm-omitti</strong></span> <span class='ocrx_word' id='word_1_574' title='bbox 751 5119 1038 5164; x_wconf 65' lang='lat' dir='ltr'><strong>clarissimi</strong></span> <span class='ocrx_word' id='word_1_575' title='bbox 1075 5135 1305 5164; x_wconf 60' lang='lat' dir='ltr'><strong>verorum</strong></span> <span class='ocrx_word' id='word_1_576' title='bbox 1332 5117 1604 5164; x_wconf 65' lang='lat' dir='ltr'><strong>anmlirli</strong></span> <span class='ocrx_word' id='word_1_577' title='bbox 1651 5132 1680 5164; x_wconf 73' lang='grc' dir='ltr'><strong>Ω</strong></span> 
     </span>
    </p>
   </div>
   <div class='ocr_carea' id='block_1_70' title="bbox 1800 3250 2314 3309">
    <p class='ocr_par' dir='ltr' id='par_1_70' title="bbox 1800 3250 2314 3309">
     <span class='ocr_line' id='line_1_70' title="bbox 1800 3250 2314 3309; baseline -0.01 0"><span class='ocrx_word' id='word_1_578' title='bbox 1800 3255 2003 3309; x_wconf 86' lang='lat' dir='ltr'><strong>intrare</strong></span> <span class='ocrx_word' id='word_1_579' title='bbox 2030 3250 2314 3307; x_wconf 81' lang='lat' dir='ltr'><strong>laetantes?</strong></span> 
     </span>
    </p>
   </div>
   <div class='ocr_carea' id='block_1_71' title="bbox 2370 3380 2811 3439">
    <p class='ocr_par' dir='ltr' id='par_1_71' title="bbox 2370 3380 2811 3439">
     <span class='ocr_line' id='line_1_71' title="bbox 2370 3380 2811 3439; baseline -0.011 0"><span class='ocrx_word' id='word_1_580' title='bbox 2370 3381 2598 3439; x_wconf 82' lang='lat' dir='ltr'><strong>CAPUT</strong></span> <span class='ocrx_word' id='word_1_581' title='bbox 2627 3380 2811 3435; x_wconf 75' lang='lat' dir='ltr'><strong>XXIII.</strong></span> 
     </span>
    </p>
   </div>
   <div class='ocr_carea' id='block_1_72' title="bbox 2151 3493 3020 3565">
    <p class='ocr_par' dir='ltr' id='par_1_72' title="bbox 2151 3493 3020 3565">
     <span class='ocr_line' id='line_1_72' title="bbox 2151 3493 3020 3565; baseline -0.01 -15"><span class='ocrx_word' id='word_1_582' title='bbox 2151 3495 2292 3552; x_wconf 82' lang='lat' dir='ltr'><strong>Pede</strong></span> <span class='ocrx_word' id='word_1_583' title='bbox 2321 3507 2537 3565; x_wconf 83' lang='lat' dir='ltr'><strong>utroque</strong></span> <span class='ocrx_word' id='word_1_584' title='bbox 2569 3493 2750 3546; x_wconf 71' lang='lat' dir='ltr'><strong>debilis</strong></span> <span class='ocrx_word' id='word_1_585' title='bbox 2785 3501 3020 3544; x_wconf 78' lang='lat' dir='ltr'><strong>sanatur.</strong></span> 
     </span>
    </p>
   </div>
   <div class='ocr_carea' id='block_1_73' title="bbox 1868 3601 3384 3687">
    <p class='ocr_par' dir='ltr' id='par_1_73' title="bbox 1868 3601 3384 3687">
     <span class='ocr_line' id='line_1_73' title="bbox 1868 3601 3384 3687; baseline -0.009 -15"><span class='ocrx_word' id='word_1_586' title='bbox 1868 3615 2131 3687; x_wconf 88' lang='lat' dir='ltr'><strong>Opinione</strong></span> <span class='ocrx_word' id='word_1_587' title='bbox 2157 3612 2314 3679; x_wconf 83' lang='lat' dir='ltr'><strong>vulgo</strong></span> <span class='ocrx_word' id='word_1_588' title='bbox 2337 3610 2520 3665; x_wconf 87' lang='lat' dir='ltr'><strong>orbem</strong></span> <span class='ocrx_word' id='word_1_589' title='bbox 2550 3614 2892 3678; x_wconf 82' lang='lat' dir='ltr'><strong>penetrante,</strong></span> <span class='ocrx_word' id='word_1_590' title='bbox 2927 3604 3154 3675; x_wconf 81' lang='lat' dir='ltr'><strong>gratiam</strong></span> <span class='ocrx_word' id='word_1_591' title='bbox 3184 3601 3384 3658; x_wconf 85' lang='lat' dir='ltr'><strong>Christi</strong></span> 
     </span>
    </p>
   </div>
   <div class='ocr_carea' id='block_1_74' title="bbox 1795 3699 3386 3786">
    <p class='ocr_par' dir='ltr' id='par_1_74' title="bbox 1795 3699 3386 3786">
     <span class='ocr_line' id='line_1_74' title="bbox 1795 3699 3386 3786; baseline -0.012 -17"><span class='ocrx_word' id='word_1_592' title='bbox 1795 3711 2156 3786; x_wconf 80' lang='lat' dir='ltr'><strong>praestabilem</strong></span> <span class='ocrx_word' id='word_1_593' title='bbox 2193 3707 2380 3763; x_wconf 88' lang='lat' dir='ltr'><strong>adfore</strong></span> <span class='ocrx_word' id='word_1_594' title='bbox 2407 3705 2706 3775; x_wconf 90' lang='lat' dir='ltr'><strong>quibusque</strong></span> <span class='ocrx_word' id='word_1_595' title='bbox 2735 3699 3053 3757; x_wconf 89' lang='lat' dir='ltr'><strong>mortalibus</strong></span> <span class='ocrx_word' id='word_1_596' title='bbox 3084 3699 3386 3753; x_wconf 90' lang='lat' dir='ltr'><strong>incommo-</strong></span> 
     </span>
    </p>
   </div>
   <div class='ocr_carea' id='block_1_75' title="bbox 1796 3791 3385 3875">
    <p class='ocr_par' dir='ltr' id='par_1_75' title="bbox 1796 3791 3385 3875">
     <span class='ocr_line' id='line_1_75' title="bbox 1796 3791 3385 3875; baseline -0.009 -13"><span class='ocrx_word' id='word_1_597' title='bbox 1796 3810 1963 3864; x_wconf 85' lang='lat' dir='ltr'><strong>ditate</strong></span> <span class='ocrx_word' id='word_1_598' title='bbox 1991 3820 2248 3875; x_wconf 88' lang='lat' dir='ltr'><strong>corporea</strong></span> <span class='ocrx_word' id='word_1_599' title='bbox 2283 3800 2676 3862; x_wconf 88' lang='lat' dir='ltr'><strong>laborantibus,</strong></span> <span class='ocrx_word' id='word_1_600' title='bbox 2731 3797 2799 3850; x_wconf 89' lang='lat' dir='ltr'><strong>ad</strong></span> <span class='ocrx_word' id='word_1_601' title='bbox 2842 3795 3026 3850; x_wconf 87' lang='lat' dir='ltr'><strong>limina</strong></span> <span class='ocrx_word' id='word_1_602' title='bbox 3053 3791 3385 3848; x_wconf 81' lang='lat' dir='ltr'><strong>confessoris</strong></span> 
     </span>
    </p>
   </div>
   <div class='ocr_carea' id='block_1_76' title="bbox 1793 3883 3381 3960">
    <p class='ocr_par' dir='ltr' id='par_1_76' title="bbox 1793 3883 3381 3960">
     <span class='ocr_line' id='line_1_76' title="bbox 1793 3883 3381 3960; baseline -0.012 -5"><span class='ocrx_word' id='word_1_603' title='bbox 1793 3899 1992 3955; x_wconf 87' lang='lat' dir='ltr'><strong>Christi</strong></span> <span class='ocrx_word' id='word_1_604' title='bbox 2041 3894 2316 3952; x_wconf 86' lang='lat' dir='ltr'><strong>Benedicti</strong></span> <span class='ocrx_word' id='word_1_605' title='bbox 2366 3906 2577 3960; x_wconf 72' lang='lat' dir='ltr'><strong>cmpere</strong></span> <span class='ocrx_word' id='word_1_606' title='bbox 2608 3888 2965 3956; x_wconf 87' lang='lat' dir='ltr'><strong>undecunque</strong></span> <span class='ocrx_word' id='word_1_607' title='bbox 2993 3883 3381 3938; x_wconf 89' lang='lat' dir='ltr'><strong>monasterium</strong></span> 
     </span>
    </p>
   </div>
   <div class='ocr_carea' id='block_1_77' title="bbox 1792 3977 3384 4064">
    <p class='ocr_par' dir='ltr' id='par_1_77' title="bbox 1792 3977 3384 4064">
     <span class='ocr_line' id='line_1_77' title="bbox 1792 3977 3384 4064; baseline -0.012 -17"><span class='ocrx_word' id='word_1_608' title='bbox 1792 4002 1998 4064; x_wconf 87' lang='lat' dir='ltr'><strong>petere,</strong></span> <span class='ocrx_word' id='word_1_609' title='bbox 2031 3997 2297 4058; x_wconf 88' lang='lat' dir='ltr'><strong>quatenus</strong></span> <span class='ocrx_word' id='word_1_610' title='bbox 2338 3981 2589 4054; x_wconf 87' lang='lat' dir='ltr'><strong>optabilis</strong></span> <span class='ocrx_word' id='word_1_611' title='bbox 2639 3977 2917 4048; x_wconf 89' lang='lat' dir='ltr'><strong>sospitatis</strong></span> <span class='ocrx_word' id='word_1_612' title='bbox 2949 3983 3229 4044; x_wconf 88' lang='lat' dir='ltr'><strong>compotes</strong></span> <span class='ocrx_word' id='word_1_613' title='bbox 3263 3985 3384 4030; x_wconf 65' lang='lat' dir='ltr'><strong>esse</strong></span> 
     </span>
    </p>
   </div>
   <div class='ocr_carea' id='block_1_78' title="bbox 1792 4064 3363 4143">
    <p class='ocr_par' dir='ltr' id='par_1_78' title="bbox 1792 4064 3363 4143">
     <span class='ocr_line' id='line_1_78' title="bbox 1792 4064 3363 4143; baseline -0.013 -4"><span class='ocrx_word' id='word_1_614' title='bbox 1792 4085 2054 4139; x_wconf 83' lang='lat' dir='ltr'><strong>valerent.</strong></span> <span class='ocrx_word' id='word_1_615' title='bbox 2085 4080 2296 4134; x_wconf 84' lang='lat' dir='ltr'><strong>Interea</strong></span> <span class='ocrx_word' id='word_1_616' title='bbox 2321 4090 2442 4129; x_wconf 88' lang='lat' dir='ltr'><strong>cum</strong></span> <span class='ocrx_word' id='word_1_617' title='bbox 2480 4073 2699 4143; x_wconf 82' lang='lat' dir='ltr'><strong>reliquis</strong></span> <span class='ocrx_word' id='word_1_618' title='bbox 2729 4071 2946 4140; x_wconf 89' lang='lat' dir='ltr'><strong>quidam</strong></span> <span class='ocrx_word' id='word_1_619' title='bbox 2973 4079 3202 4136; x_wconf 89' lang='lat' dir='ltr'><strong>utroque</strong></span> <span class='ocrx_word' id='word_1_620' title='bbox 3241 4064 3363 4120; x_wconf 90' lang='lat' dir='ltr'><strong>debi</strong></span> 
     </span>
    </p>
   </div>
   <div class='ocr_carea' id='block_1_79' title="bbox 1792 4155 3382 4247">
    <p class='ocr_par' dir='ltr' id='par_1_79' title="bbox 1792 4155 3382 4247">
     <span class='ocr_line' id='line_1_79' title="bbox 1792 4155 3382 4247; baseline -0.015 -15"><span class='ocrx_word' id='word_1_621' title='bbox 1792 4178 1858 4232; x_wconf 91' lang='lat' dir='ltr'><strong>lis</strong></span> <span class='ocrx_word' id='word_1_622' title='bbox 1891 4190 2098 4247; x_wconf 80' lang='lat' dir='ltr'><strong>gressu,</strong></span> <span class='ocrx_word' id='word_1_623' title='bbox 2131 4170 2216 4226; x_wconf 91' lang='lat' dir='ltr'><strong>cui</strong></span> <span class='ocrx_word' id='word_1_624' title='bbox 2248 4180 2521 4235; x_wconf 90' lang='lat' dir='ltr'><strong>nunquam</strong></span> <span class='ocrx_word' id='word_1_625' title='bbox 2573 4163 2799 4232; x_wconf 88' lang='lat' dir='ltr'><strong>pedibus</strong></span> <span class='ocrx_word' id='word_1_626' title='bbox 2843 4171 3161 4216; x_wconf 90' lang='lat' dir='ltr'><strong>concessum</strong></span> <span class='ocrx_word' id='word_1_627' title='bbox 3207 4155 3382 4211; x_wconf 70' lang='lat' dir='ltr'><strong>fuerat</strong></span> 
     </span>
    </p>
   </div>
   <div class='ocr_carea' id='block_1_80' title="bbox 1791 4244 3369 4340">
    <p class='ocr_par' dir='ltr' id='par_1_80' title="bbox 1791 4244 3369 4340">
     <span class='ocr_line' id='line_1_80' title="bbox 1791 4244 3369 4340; baseline -0.016 -14"><span class='ocrx_word' id='word_1_628' title='bbox 1791 4244 2135 4340; x_wconf 44' lang='lat' dir='ltr'><strong>iter—capere,</strong></span> <span class='ocrx_word' id='word_1_629' title='bbox 2165 4263 2257 4317; x_wconf 87' lang='lat' dir='ltr'><strong>sed</strong></span> <span class='ocrx_word' id='word_1_630' title='bbox 2295 4259 2465 4330; x_wconf 82' lang='lat' dir='ltr'><strong>magis</strong></span> <span class='ocrx_word' id='word_1_631' title='bbox 2489 4253 2864 4310; x_wconf 74' lang='lat' dir='ltr'><strong>scau&#39;ieliorum</strong></span> <span class='ocrx_word' id='word_1_632' title='bbox 2889 4251 3186 4319; x_wconf 87' lang='lat' dir='ltr'><strong>juvamine.</strong></span> <span class='ocrx_word' id='word_1_633' title='bbox 3235 4244 3369 4317; x_wconf 78' lang='lat' dir='ltr'><strong>geni-</strong></span> 
     </span>
    </p>
   </div>
   <div class='ocr_carea' id='block_1_81' title="bbox 1791 4337 3394 4430">
    <p class='ocr_par' dir='ltr' id='par_1_81' title="bbox 1791 4337 3394 4430">
     <span class='ocr_line' id='line_1_81' title="bbox 1791 4337 3394 4430; baseline -0.016 -10"><span class='ocrx_word' id='word_1_634' title='bbox 1791 4366 1928 4423; x_wconf 88' lang='lat' dir='ltr'><strong>culis</strong></span> <span class='ocrx_word' id='word_1_635' title='bbox 1972 4337 2029 4416; x_wconf 81' lang='lat' dir='ltr'><strong>se</strong></span> <span class='ocrx_word' id='word_1_636' title='bbox 2059 4375 2153 4430; x_wconf 88' lang='lat' dir='ltr'><strong>per</strong></span> <span class='ocrx_word' id='word_1_637' title='bbox 2187 4367 2383 4411; x_wconf 89' lang='lat' dir='ltr'><strong>terram</strong></span> <span class='ocrx_word' id='word_1_638' title='bbox 2409 4358 2634 4406; x_wconf 87' lang='lat' dir='ltr'><strong>noverat</strong></span> <span class='ocrx_word' id='word_1_639' title='bbox 2661 4350 2896 4408; x_wconf 87' lang='lat' dir='ltr'><strong>trahere,</strong></span> <span class='ocrx_word' id='word_1_640' title='bbox 2945 4343 3136 4398; x_wconf 85' lang='lat' dir='ltr'><strong>astitit.</strong></span> <span class='ocrx_word' id='word_1_641' title='bbox 3175 4337 3394 4395; x_wconf 81' lang='lat' dir='ltr'><strong>lltcditf</strong></span> 
     </span>
    </p>
   </div>
   <div class='ocr_carea' id='block_1_82' title="bbox 1792 4430 3375 4514">
    <p class='ocr_par' dir='ltr' id='par_1_82' title="bbox 1792 4430 3375 4514">
     <span class='ocr_line' id='line_1_82' title="bbox 1792 4430 3375 4514; baseline -0.02 0"><span class='ocrx_word' id='word_1_642' title='bbox 1792 4465 1846 4514; x_wconf 84' lang='lat' dir='ltr'><strong>in</strong></span> <span class='ocrx_word' id='word_1_643' title='bbox 1899 4456 2118 4511; x_wconf 89' lang='lat' dir='ltr'><strong>basilica</strong></span> <span class='ocrx_word' id='word_1_644' title='bbox 2165 4459 2366 4506; x_wconf 63' lang='lat' dir='ltr'><strong>sanctae</strong></span> <span class='ocrx_word' id='word_1_645' title='bbox 2414 4445 2507 4500; x_wconf 91' lang='lat' dir='ltr'><strong>Dei</strong></span> <span class='ocrx_word' id='word_1_646' title='bbox 2557 4437 2836 4514; x_wconf 83' lang='lat' dir='ltr'><strong>genitricis</strong></span> <span class='ocrx_word' id='word_1_647' title='bbox 2868 4443 3248 4507; x_wconf 69' lang='lat' dir='ltr'><strong>perpetureque</strong></span> <span class='ocrx_word' id='word_1_648' title='bbox 3273 4430 3375 4486; x_wconf 82' lang='lat' dir='ltr'><strong>vir-</strong></span> 
     </span>
    </p>
   </div>
   <div class='ocr_carea' id='block_1_83' title="bbox 1593 4522 3390 4622">
    <p class='ocr_par' dir='ltr' id='par_1_83' title="bbox 1593 4522 3390 4622">
     <span class='ocr_line' id='line_1_83' title="bbox 1593 4522 3390 4622; baseline -0.016 -18"><span class='ocrx_word' id='word_1_649' title='bbox 1593 4562 1686 4616; x_wconf 62' lang='lat' dir='ltr'><strong>sed</strong></span> <span class='ocrx_word' id='word_1_650' title='bbox 1719 4537 1765 4596; x_wconf 81' lang='grc' dir='ltr'><strong>Ι)</strong></span> <span class='ocrx_word' id='word_1_651' title='bbox 1793 4551 1932 4622; x_wconf 84' lang='lat' dir='ltr'><strong>ginis</strong></span> <span class='ocrx_word' id='word_1_652' title='bbox 1967 4546 2145 4600; x_wconf 72' lang='lat' dir='ltr'><strong>Marite</strong></span> <span class='ocrx_word' id='word_1_653' title='bbox 2181 4542 2319 4612; x_wconf 89' lang='lat' dir='ltr'><strong>apud</strong></span> <span class='ocrx_word' id='word_1_654' title='bbox 2353 4553 2539 4592; x_wconf 85' lang='lat' dir='ltr'><strong>sacros</strong></span> <span class='ocrx_word' id='word_1_655' title='bbox 2578 4533 2792 4611; x_wconf 84' lang='lat' dir='ltr'><strong>cineres</strong></span> <span class='ocrx_word' id='word_1_656' title='bbox 2829 4527 3126 4586; x_wconf 73' lang='lat' dir='ltr'><strong>excubans,</strong></span> <span class='ocrx_word' id='word_1_657' title='bbox 3163 4522 3390 4577; x_wconf 82' lang='lat' dir='ltr'><strong>tandem</strong></span> 
     </span>
    </p>
   </div>
   <div class='ocr_carea' id='block_1_84' title="bbox 1794 4614 3384 4712">
    <p class='ocr_par' dir='ltr' id='par_1_84' title="bbox 1794 4614 3384 4712">
     <span class='ocr_line' id='line_1_84' title="bbox 1794 4614 3384 4712; baseline -0.02 -14"><span class='ocrx_word' id='word_1_658' title='bbox 1794 4614 2037 4712; x_wconf 65' lang='lat' dir='ltr'><strong>respectu</strong></span> <span class='ocrx_word' id='word_1_659' title='bbox 2063 4638 2256 4690; x_wconf 75' lang='lat' dir='ltr'><strong>divina:</strong></span> <span class='ocrx_word' id='word_1_660' title='bbox 2287 4631 2503 4703; x_wconf 77' lang='lat' dir='ltr'><strong>pietatis</strong></span> <span class='ocrx_word' id='word_1_661' title='bbox 2530 4639 2691 4695; x_wconf 89' lang='lat' dir='ltr'><strong>atque</strong></span> <span class='ocrx_word' id='word_1_662' title='bbox 2727 4626 3036 4677; x_wconf 70' lang='lat' dir='ltr'><strong>interventu</strong></span> <span class='ocrx_word' id='word_1_663' title='bbox 3069 4615 3248 4672; x_wconf 86' lang='lat' dir='ltr'><strong>dilecti</strong></span> <span class='ocrx_word' id='word_1_664' title='bbox 3279 4614 3384 4712; x_wconf 79' lang='lat' dir='ltr'><strong>Do-</strong></span> 
     </span>
    </p>
   </div>
   <div class='ocr_carea' id='block_1_85' title="bbox 1792 4705 3384 4793">
    <p class='ocr_par' dir='ltr' id='par_1_85' title="bbox 1792 4705 3384 4793">
     <span class='ocr_line' id='line_1_85' title="bbox 1792 4705 3384 4793; baseline -0.021 0"><span class='ocrx_word' id='word_1_665' title='bbox 1792 4705 1918 4793; x_wconf 80' lang='lat' dir='ltr'><strong>mini</strong></span> <span class='ocrx_word' id='word_1_666' title='bbox 1962 4730 2234 4791; x_wconf 84' lang='lat' dir='ltr'><strong>Benedicti</strong></span> <span class='ocrx_word' id='word_1_667' title='bbox 2266 4725 2484 4780; x_wconf 87' lang='lat' dir='ltr'><strong>sanitati</strong></span> <span class='ocrx_word' id='word_1_668' title='bbox 2518 4719 2776 4777; x_wconf 88' lang='lat' dir='ltr'><strong>redditus.</strong></span> <span class='ocrx_word' id='word_1_669' title='bbox 2817 4716 3017 4787; x_wconf 85' lang='lat' dir='ltr'><strong>gratias</strong></span> <span class='ocrx_word' id='word_1_670' title='bbox 3056 4707 3282 4765; x_wconf 88' lang='lat' dir='ltr'><strong>Domino</strong></span> <span class='ocrx_word' id='word_1_671' title='bbox 3312 4705 3384 4761; x_wconf 80' lang='lat' dir='ltr'><strong>si-</strong></span> 
     </span>
    </p>
   </div>
   <div class='ocr_carea' id='block_1_86' title="bbox 1790 4795 3396 4899">
    <p class='ocr_par' dir='ltr' id='par_1_86' title="bbox 1790 4795 3396 4899">
     <span class='ocr_line' id='line_1_86' title="bbox 1790 4795 3396 4899; baseline -0.02 -15"><span class='ocrx_word' id='word_1_672' title='bbox 1790 4828 2010 4899; x_wconf 89' lang='lat' dir='ltr'><strong>mulque</strong></span> <span class='ocrx_word' id='word_1_673' title='bbox 2059 4816 2405 4878; x_wconf 87' lang='lat' dir='ltr'><strong>intercessori</strong></span> <span class='ocrx_word' id='word_1_674' title='bbox 2446 4831 2544 4870; x_wconf 87' lang='lat' dir='ltr'><strong>suo</strong></span> <span class='ocrx_word' id='word_1_675' title='bbox 2592 4825 2688 4878; x_wconf 81' lang='lat' dir='ltr'><strong>pro</strong></span> <span class='ocrx_word' id='word_1_676' title='bbox 2737 4806 2951 4862; x_wconf 89' lang='lat' dir='ltr'><strong>modulo</strong></span> <span class='ocrx_word' id='word_1_677' title='bbox 2985 4798 3228 4859; x_wconf 70' lang='lat' dir='ltr'><strong>scientia:</strong></span> <span class='ocrx_word' id='word_1_678' title='bbox 3282 4795 3396 4899; x_wconf 72' lang='lat' dir='ltr'><strong>sibi</strong></span> 
     </span>
    </p>
   </div>
   <div class='ocr_carea' id='block_1_87' title="bbox 1789 4887 3390 4976">
    <p class='ocr_par' dir='ltr' id='par_1_87' title="bbox 1789 4887 3390 4976">
     <span class='ocr_line' id='line_1_87' title="bbox 1789 4887 3390 4976; baseline -0.018 -5"><span class='ocrx_word' id='word_1_679' title='bbox 1789 4887 1998 4976; x_wconf 68' lang='lat' dir='ltr'><strong>collata:</strong></span> <span class='ocrx_word' id='word_1_680' title='bbox 2038 4915 2239 4971; x_wconf 84' lang='lat' dir='ltr'><strong>referre</strong></span> <span class='ocrx_word' id='word_1_681' title='bbox 2265 4925 2370 4963; x_wconf 88' lang='lat' dir='ltr'><strong>non</strong></span> <span class='ocrx_word' id='word_1_682' title='bbox 2405 4903 2635 4965; x_wconf 84' lang='lat' dir='ltr'><strong>distulit.</strong></span> <span class='ocrx_word' id='word_1_683' title='bbox 2681 4898 2824 4953; x_wconf 86' lang='lat' dir='ltr'><strong>Sane</strong></span> <span class='ocrx_word' id='word_1_684' title='bbox 2863 4897 2988 4967; x_wconf 86' lang='lat' dir='ltr'><strong>quia</strong></span> <span class='ocrx_word' id='word_1_685' title='bbox 3016 4897 3266 4950; x_wconf 84' lang='lat' dir='ltr'><strong>insuetus</strong></span> <span class='ocrx_word' id='word_1_686' title='bbox 3294 4887 3390 4942; x_wconf 84' lang='lat' dir='ltr'><strong>do-</strong></span> 
     </span>
    </p>
   </div>
   <div class='ocr_carea' id='block_1_88' title="bbox 1791 4977 3402 5078">
    <p class='ocr_par' dir='ltr' id='par_1_88' title="bbox 1791 4977 3402 5078">
     <span class='ocr_line' id='line_1_88' title="bbox 1791 4977 3402 5078; baseline -0.011 -12"><span class='ocrx_word' id='word_1_687' title='bbox 1791 5013 1892 5076; x_wconf 92' lang='lat' dir='ltr'><strong>lor,</strong></span> <span class='ocrx_word' id='word_1_688' title='bbox 1957 5013 2214 5078; x_wconf 88' lang='lat' dir='ltr'><strong>laborque</strong></span> <span class='ocrx_word' id='word_1_689' title='bbox 2270 5016 2377 5055; x_wconf 89' lang='lat' dir='ltr'><strong>non</strong></span> <span class='ocrx_word' id='word_1_690' title='bbox 2415 4997 2662 5057; x_wconf 77' lang='lat' dir='ltr'><strong>modicus</strong></span> <span class='ocrx_word' id='word_1_691' title='bbox 2720 4991 2774 5043; x_wconf 72' lang='grc' dir='ltr'>ἱιὶ</span> <span class='ocrx_word' id='word_1_692' title='bbox 2826 4989 3144 5045; x_wconf 61' lang='grc' dir='ltr'><strong>θκιεῐιεὶυιὶε</strong></span> <span class='ocrx_word' id='word_1_693' title='bbox 3196 4977 3402 5033; x_wconf 54' lang='lat' dir='ltr'><strong>mm“</strong></span> 
     </span>
    </p>
   </div>
   <div class='ocr_carea' id='block_1_89' title="bbox 1787 5072 3398 5164">
    <p class='ocr_par' dir='ltr' id='par_1_89' title="bbox 1787 5072 3398 5164">
     <span class='ocr_line' id='line_1_89' title="bbox 1787 5072 3398 5164; baseline -0.016 -3"><span class='ocrx_word' id='word_1_694' title='bbox 1787 5072 2196 5164; x_wconf 77' lang='lat' dir='ltr'><strong>contracturum</strong></span> <span class='ocrx_word' id='word_1_695' title='bbox 2228 5108 2531 5154; x_wconf 73' lang='lat' dir='ltr'><strong>nervorum</strong></span> <span class='ocrx_word' id='word_1_696' title='bbox 2578 5085 2816 5158; x_wconf 75' lang='lat' dir='ltr'><strong>graviter</strong></span> <span class='ocrx_word' id='word_1_697' title='bbox 2851 5085 3083 5140; x_wconf 83' lang='lat' dir='ltr'><strong>debilem</strong></span> <span class='ocrx_word' id='word_1_698' title='bbox 3113 5072 3398 5136; x_wconf 58' lang='grc' dir='ltr'><strong>ειίῃῖκθΐδῑν</strong></span> 
     </span>
    </p>
   </div>
  </div>
