3916 5434
492 297 600 362 9‘27

1482 296 1876 355 ADREVALDI
1913 289 2412 354 FLORLACENSIS
2449 293 2755 356 MONACHI

3658 298 3757 354 9‘28

493 414 922 474 mendicabulum
954 431 1044 470 seu
1089 413 1375 484 hospitium
1423 412 1740 484 pauperum)
1789 410 2068 468 residenti—
2097 411 2147 472 Α
2175 410 2344 468 fracto
2369 413 2623 477 humero,
2662 423 2882 484 totoque
2903 428 3036 484 pene
3061 429 3288 485 corpore
3316 391 3582 480 contrito,
3601 414 3760 468 obse-

491 509 593 565 bus
638 507 863 577 accepit.
917 507 1227 564 Transactis
1270 506 1472 576 aliquot
1503 507 1689 562 diebus
1733 521 1875 576 aeger
1911 505 2072 560 robu-

494 599 630 654 stior
653 599 915 665 redditur,
958 613 1023 654 ac
1061 614 1276 669 gressus
1303 598 1501 652 dudum
1534 598 1635 652 hac
1670 597 1899 666 illucque
1925 597 2073 651 diva-

491 693 729 748 ricanles
774 692 973 747 rectius
1024 691 1273 746 incedere
1319 690 1550 745 discunt.
1609 687 1890 744 Postremo
1940 688 2074 743 resi-

491 782 742 838 dentibus
786 780 1064 846 fratribus,
1113 782 1245 837 liora
1275 781 1379 835 diei
1416 781 1594 844 tertia,
1643 790 1762 851 post
1785 779 2073 835 lectionem

492 872 713 942 capituli
767 872 1033 944 regularis
1070 881 1494 942 sanctorumque
1537 871 1883 937 memoriam,
1915 870 2074 941 jube-

491 970 580 1018 tur
624 963 694 1018 ab
735 964 1047 1035 Adalgaudo
1098 961 1217 1036 [al.,
1273 963 1601 1034 Adalguado.
1650 962 1871 1028 Boscio,
1915 961 2076 1017 Adal-

489 1050 670 1126 caldo]
702 1053 897 1108 abbate
921 1054 1191 1123 quondam
1223 1053 1504 1123 languidus
1530 1067 1686 1108 sacro
1738 1068 1796 1108 se
1846 1067 2076 1124 praesen-

491 1157 611 1204 tare
644 1147 929 1204 conventui
956 1187 972 1213 ,
1013 1155 1174 1216 atque
1203 1147 1274 1203 ob
1303 1147 1628 1202 dubietatem
1657 1162 1686 1201 a
1717 1146 2075 1217 quorumdam

491 1245 744 1302 cordibus
771 1242 1152 1308 auferendam,
1197 1241 1499 1313 putantium
1530 1241 1756 1296 necdum
1795 1255 1918 1295 eum
1963 1239 2074 1311 ple-

477 1353 616 1393 ‘nam
647 1335 959 1406 sospitatem
1011 1335 1299 1403 recepisse,
1322 1333 1540 1388 situlam
1565 1332 1778 1403 plenam
1810 1347 1963 1402 aqua:
1986 1331 2076 1386 de-

490 1429 652 1485 ferre.
695 1427 849 1496 Quod
900 1425 1186 1482 confestim
1241 1426 1517 1496 impletum
1570 1434 1673 1480 est.
1730 1425 1860 1480 Erat
1911 1425 2075 1496 igitur

488 1528 737 1592 spectare
759 1517 1098 1584 miraculum,
1136 1519 1354 1573 videres
1381 1527 1558 1572 astare
1588 1517 1766 1571 stabili
1804 1516 2074 1586 firmoque

489 1623 678 1680 gressu
711 1609 908 1664 dudum
936 1615 1096 1663 terra:
1124 1617 1423 1679 genutenus
1470 1608 1840 1673 inbzerentem,
1892 1621 1956 1662 ac
1985 1621 2074 1661 ce-

490 1699 591 1755 leri
629 1701 939 1768 directoque
967 1699 1103 1755 calle
1145 1715 1362 1770 quoquo
1405 1699 1744 1764 discurrere,
1787 1698 1878 1768 qui
1903 1713 2074 1768 nuper

2174 503 2452 572 quentium
2500 505 2750 559 manibus
2801 505 2868 559 ad
2907 505 3122 560 domum
3172 505 3409 561 refertur
3459 504 3757 575 propriam.

2173 597 2308 651 Dein
2345 606 2696 668 gravescente
2733 597 2938 664 dolore,
2965 599 3049 654 die
3087 598 3284 654 abhinc
3321 598 3486 653 tertia
3515 599 3650 652 vita
3677 611 3763 651 ex-

2174 689 2342 766 cepit.
2366 690 2672 745 terminum.
2711 691 3018 747 Advocatus
3065 707 3193 748 vero
3243 691 3304 746 S.
3338 690 3629 748 Benedicti
3670 705 3762 746 α-

2173 779 2682 836 stellum-Nandonis
2730 783 3078 852 perveniens,
3118 782 3399 852 querelam
3439 781 3584 853 apud
3621 778 3762 848 judi-

2175 883 2266 925 ces
2289 870 2583 941 deponens,
2631 887 2692 926 ac
2721 871 2875 944 legali
2897 887 3085 928 eorum
3125 870 3332 942 judicio
3370 870 3656 941 mancipia
3683 885 3762 925 re-

2174 961 2380 1032 cipiens
2402 1001 2418 1029 ,
2444 963 2512 1019 ad
2543 963 2758 1035 propria
2787 972 3010 1019 remeat.

2737 1114 2966 1174 CAPUT
3022 1114 3188 1172 XXV.

2384 1251 2522 1307 Item
2549 1251 2690 1307 alius
2725 1251 2918 1323 tingue
2947 1250 3136 1321 ofﬁcio.
3163 1277 3235 1290 —
3265 1246 3548 1303 Ducum.

2243 1409 2483 1465 Decurso
2508 1408 2704 1464 exinde
2731 1423 2834 1464 non
2864 1407 3076 1465 modico
3118 1417 3386 1478 tempore,
3423 1403 3536 1460 alia
3568 1404 3762 1458 iterum

2172 1503 2417 1558 oboritur
2445 1502 2810 1558 controversia
2843 1501 2988 1556 inter
3017 1499 3298 1572 praefatum
3335 1498 3504 1569 hujus
3541 1496 3650 1552 loci
3674 1495 3761 1550 ad-

2171 1605 2442 1658 vocatum,
2471 1603 2630 1665 atque
2660 1594 2978 1652 advocatum
3008 1592 3065 1647 S.
3111 1591 3372 1663 Dionysii.
3406 1589 3762 1658 ,Colliguntur

2174 1685 2243 1738 ab
2269 1685 2546 1755 utriusque
2572 1684 2818 1753 partibus
2847 1682 3060 1754 plurimi
3088 1681 3265 1749 legum
3303 1679 3560 1751 magistri
3602 1686 3658 1733 et
3679 1677 3760 1746 ju-

492 1791 702 1846 nutanti
741 1806 900 1846 crure
951 1791 1039 1845 vix
1084 1769 1285 1846 baculo,
1325 1798 1662 1845 sustentante
1696 1788 1933 1859 quolibet
1958 1804 2075 1859 pro-

2181 1779 2347 1843 dices,
2382 1779 2472 1848 qui
2504 1793 2601 1848 pro
2643 1777 2888 1847 partibus
2937 1777 3300 1832 decertarent.
3347 1772 3628 1828 Prmlerea
3678 1769 3764 1824 ad.

491 1883 641 1952 gredi
668 1883 899 1938 valebat.
947 1883 1018 1938 At
1045 1883 1348 1938 mortalium
1374 1884 1535 1938 corda
1565 1883 1694 1954 quid
1722 1893 1847 1937 tunc
1879 1882 2077 1952 gaudii,

492 1974 621 2043 quid
649 1974 1025 2030 exsultationis
1055 1975 1255 2031 habere
1304 1983 1572 2044 poterant,
1612 1984 1900 2046 patronum
1943 1975 2076 2030 tanti

491 2068 692 2138 gregis,
720 2067 963 2138 tantique
987 2068 1270 2138 praesulem
1296 2067 1420 2132 loci,
1467 2069 1802 2123 exhibitione
1829 2083 2076 2139 operum,

491 2159 574 2213 sui
602 2161 944 2229 praesentiam
993 2169 1277 2216 cernentes
1332 2161 1666 2216 ostendere?
1717 2159 1822 2220 Sed
1871 2170 2080 2216 mentes

492 2249 700 2306 caelesti
731 2251 994 2307 desiderio
1016 2250 1324 2324 ﬂagrantes,
1351 2269 1381 2306 a
1409 2251 1654 2307 laudibus
1685 2252 2079 2323 Omnipotentis

491 2358 706 2399 cessare
733 2359 838 2400 non
876 2353 1148 2415 poterant,
1193 2345 1323 2415 quin
1351 2345 1530 2416 potius
1559 2361 1625 2402 eo
1657 2356 1895 2416 tempore
1923 2346 2080 2402 Cbri-

491 2442 575 2489 sto
604 2433 904 2503 jucundare
949 2437 1005 2491 in
1036 2436 1252 2507 hymnis
1297 2437 1673 2495 exsultationis
1717 2439 1938 2494 uberius
1983 2440 2078 2494 ad-

387 2525 396 2532 ’
492 2525 837 2597 gaudebant,
907 2542 1015 2598 quo
1068 2543 1128 2584 se
1197 2530 1423 2587 donatos
1499 2545 1720 2587 munere
1785 2546 2078 2604 cognosce-

489 2617 638 2673 bant.

1063 2731 1290 2790 CAPUT
1321 2732 1506 2790 XXIV.

487 2842 664 2900 Judex
707 2842 766 2899 S.
798 2841 1066 2898 Benedicti
1111 2845 1261 2899 rebus
1291 2847 1586 2900 contrarius
1631 2857 1795 2901 morte
1837 2849 2072 2918 punitur.

562 2957 702 3013 Dum
732 2957 870 3012 Boso
896 2971 921 2998 ιι
961 2959 1128 3014 abbas
1168 2959 1398 3014 crenobii
1429 2959 1592 3029 hujus
1618 2960 1854 3031 regimen
1884 2977 1951 3016 ex
1994 2977 2078 3016 rc-

491 3050 665 3120 gulari
712 3049 971 3105 electione
1019 3051 1316 3121 suscipiens
1344 3065 1448 3106 non
1479 3051 1786 3122 ignobiliter
1826 3053 2077 3123 dispone-

2183 1877 2336 1923 erant
2380 1867 2432 1922 in
2474 1866 2661 1922 eodem
2692 1867 2888 1935 placito
2911 1866 3060 1921 missi
3105 1881 3134 1918 a
3166 1865 3338 1920 latere
3379 1864 3553 1932 regis,
3609 1860 3760 1920 Jonas

2182 1961 2466 2030 episc0pus
2503 1957 2927 2023 Aurelianensis,
2973 1966 3028 2012 et
3066 1957 3308 2013 Donatus
3338 1972 3532 2012 comes
3564 1956 3764 2011 Milidu-

2183 2052 2451 2106 nensium.
2489 2049 2594 2105 Sed
2623 2065 2744 2105 cum
2779 2049 2928 2104 litem
2967 2049 3020 2104 in
3049 2063 3113 2104 eo
3151 2049 3355 2120 placito
3383 2050 3549 2103 finire
3589 2049 3762 2117 nequi-

2183 2150 2324 2208 rent,
2350 2158 2416 2198 eo
2457 2142 2598 2211 quod
2639 2140 2829 2196 Salica:
2867 2141 2895 2181 δ
2941 2140 3070 2212 legis
3109 2141 3322 2213 judices
3372 2141 3761 2197 ecclesiasticas

2182 2252 2270 2292 res
2292 2235 2391 2291 sub
2422 2234 2663 2290 Romana
2689 2233 3008 2290 constitutas
3033 2233 3150 2305 lege
3193 2234 3501 2289 decernere
3539 2231 3758 2302 perfecu:

2181 2335 2550 2396 nonpossent,
2591 2325 2765 2379 visum
2815 2332 2899 2380 est
2941 2323 3122 2380 missis
3168 2323 3468 2379 dominicis
3521 2324 3759 2392 placitum

2179 2419 2486 2475 Aurelianis
2516 2427 2743 2472 mutare.
2778 2417 3066 2473 Venientes
3111 2417 3296 2487 itaque
3345 2417 3418 2471 ad
3463 2416 3758 2470 condictum

2181 2510 2358 2566 locum
2393 2510 2637 2582 magistri
2685 2518 2740 2564 et
2777 2509 3003 2580 judices,
3047 2518 3278 2578 utraque
3325 2522 3398 2562 ex
3431 2517 3590 2578 parte
3626 2522 3760 2561 amr-

2181 2603 2314 2658 rime
2339 2603 2706 2658 decertabant.
2731 2601 2970 2657 Aderant
3010 2616 3243 2671 namque
3275 2599 3464 2672 legum
3507 2601 3758 2664 doctores,

2181 2704 2289 2751 tam
2312 2710 2380 2750 ex
2401 2693 2772 2750 Aurelianensi
2817 2709 2978 2763 quam
2998 2708 3064 2748 ex
3085 2691 3432 2747 Wastinensi
3469 2691 3755 2762 provincia.

2179 2787 2467 2842 Enimvero
2489 2785 2821 2857 longiuscule
2841 2784 2988 2839 litem
3003 2783 3278 2854 judicibus
3297 2783 3754 2854 protrahentibuS.

2179 2894 2245 2934 eo
2280 2878 2421 2948 quod
2452 2891 2553 2932 ncc
2598 2877 2652 2931 hi
2677 2875 2870 2932 cedere
2899 2876 3026 2942 illis,
3057 2890 3158 2932 nec
3199 2874 3278 2930 illi
3317 2890 3615 2930 assensum
3654 2873 3758 2927 aliis

2178 2970 2421 3042 praebere
2443 2969 2660 3036 vellent,
2690 2971 2904 3024 tandem
2935 2966 3296 3038 adjndicatum
3322 2979 3432 3033 est,
3463 2979 3526 3023 ut
3546 2968 3608 3022 ab
3629 2976 3757 3019 utra-

2179 3080 2284 3135 que
2317 3072 2470 3134 parte
2495 3072 2659 3119 testes
2683 3063 2915 3128 exirent,
2956 3062 3045 3131 qui
3076 3071 3197 3132 post
3241 3059 3588 3117 sacramenti
3613 3058 3757 3113 fidem

491 3151 596 3206 ret,
639 3141 913 3196 contentio
964 3143 1197 3196 maxima
1246 3143 1388 3198 inter
1435 3143 1752 3198 advocatum
1788 3145 2146 3216 prasentisc
2177 3157 2345 3212 scutis
2384 3172 2448 3212 ac
2498 3155 2704 3212 baculis
2750 3156 3112 3218 decertantes,
3161 3156 3329 3210 ﬁnem
3381 3152 3754 3209 controversi:

490 3232 734 3288 ecclesia:
764 3232 1062 3304 Epitagium
1113 3234 1330 3289 nomine
1355 3273 1370 3298 ,
1403 3250 1610 3290 necnon
1637 3237 1957 3291 advocatum
2005 3237 2076 3291 al-

493 3323 659 3378 terius
689 3321 964 3392 cujusdam
991 3323 1130 3380 sacri
1160 3323 1264 3380 loci
1316 3325 1560 3381 oboritur
1586 3327 1656 3382 ob
1683 3327 2074 3398 mancipiorum

491 3412 789 3492 querelam,
836 3429 942 3471 non
986 3416 1143 3485 parvi
1191 3417 1421 3472 numeri.
1468 3417 1814 3476 Tbeodoinus
1858 3421 2075 3476 diceba-

491 3513 580 3558 tur
599 3504 858 3560 vocabulo
906 3505 1142 3561 vicarius
1181 3505 1550 3574 Mariacensis,
1601 3509 1753 3580 cujus
1801 3511 1856 3565 in
1900 3510 2073 3567 otiicio

491 3597 803 3656 eorumdem
831 3599 1104 3654 concretio
1133 3609 1292 3669 atque
1318 3601 1644 3658 cobabitalio
1683 3620 1714 3658 a
1760 3605 2074 3676 progenito-

492 3685 642 3742 ribus
682 3689 1009 3781 exstiterat:
1054 3687 1121 3743 ad
1161 3706 1320 3758 quem
1367 3705 1427 3745 se
1457 3693 1748 3748 advocatus
1780 3694 1922 3750 illius
1942 3694 2074 3748 alte-

492 3780 606 3834 rius
634 3779 736 3836 loci
761 3779 1065 3847 conferens,
1099 3782 1334 3853 datoque
1358 3798 1580 3840 munere
1607 3801 1977 3857 corrumpens,
2005 3787 2073 3843 ab

491 3871 757 3940 aequitatis
774 3869 896 3939 jure
918 3872 1137 3928 deflexit
1166 3891 1179 3927 :
1213 3871 1431 3944 jamque
1459 3876 1694 3931 instabat
1721 3879 1836 3934 dies
1874 3895 1978 3950 qua
2007 3881 2072 3935 lis

493 3976 692 4032 emota,
736 3968 788 4020 in
820 3968 1042 4024 castello
1065 3970 1208 4038 quod
1249 3968 1524 4027 Nandonis
1569 3970 2075 4043 (Chdteau-Landon

494 4057 548 4112 in
597 4056 887 4130 Wastinio)
937 4071 1191 4127 vocatur,
1221 4062 1399 4117 dirimi
1431 4065 1722 4121 debuisset.
1775 4066 1880 4123 Sed
1933 4067 2074 4123 Boso

495 4147 682 4215 abbas,
717 4164 783 4204 ne
811 4149 949 4207 forte
976 4152 1154 4208 minus
1173 4163 1364 4212 cautus
1385 4171 1504 4212 esse
1532 4157 1827 4224 videretur,
1851 4163 1918 4215 ad
1941 4177 2075 4232 prae-

494 4239 662 4297 fatum
701 4242 964 4298 vicarium
989 4245 1122 4302 duos
1168 4247 1332 4303 mittit
1379 4251 1707 4318 monachos,
1757 4253 1912 4324 eique
1957 4254 2074 4312 loco

495 4335 732 4391 [uulneris
786 4336 893 4393 duo
924 4339 1139 4394 vascula
1193 4340 1359 4395 mittit
1402 4352 1655 4411 argentea
1696 4361 1800 4397 non
1834 4355 2074 4400 contem-

493 4428 652 4483 nendi
673 4429 946 4500 ponderis,
989 4433 1280 4488 obsecrans
1301 4436 1555 4506 quatinus
1586 4437 1808 4508 justitire
1835 4449 1888 4495 et
1917 4443 2074 4497 recti-

2180 3251 2534 3321 imponercnt.
2567 3249 2673 3304 Sed
2722 3265 2844 3304 cum
2894 3249 2948 3304 id
2991 3247 3197 3317 justum
3237 3257 3573 3318 rectumque
3600 3248 3752 3301 visum

2175 3341 2366 3396 fuisset
2399 3341 2671 3408 omnibus,
2711 3340 2930 3411 quidam
2961 3338 3328 3395 Wastinensis
3361 3337 3608 3409 regionis
3639 3336 3754 3408 legs

2176 3433 2384 3497 doctor,
2415 3433 2500 3486 cui
2552 3432 2785 3503 quodam
2829 3430 3088 3504 praesagio
3136 3429 3368 3485 bestiale
3422 3445 3628 3486 nomen
3671 3441 3754 3500 pro

2177 3525 2410 3579 humano
2444 3523 2668 3578 inditum
2710 3531 2846 3589 erat,
2874 3522 3073 3593 quique
3101 3537 3168 3576 ex
3199 3528 3356 3592 parte
3401 3519 3463 3575 S.
3497 3517 3753 3589 Dionysii.

2176 3631 2399 3674 munere
2425 3628 2707 3688 corruptus
2744 3617 3054 3681 advenerat,
3083 3629 3278 3670 verens
3308 3629 3378 3668 ne
3415 3613 3460 3668 si
3498 3613 3606 3669 duo
3629 3613 3756 3666 inter

2175 3725 2233 3762 se
2253 3708 2615 3772 decertarent,
2662 3709 2815 3763 testis
2839 3723 3025 3762 eorum
3069 3705 3336 3776 reprobus
3381 3703 3752 3763 inveniretur;

2170 3790 2430 3860 judicium
2460 3790 2701 3860 protulit,
2734 3805 2841 3844 non
2876 3803 2996 3843 esse
3035 3796 3242 3843 rectum
3271 3795 3334 3840 ut
3360 3784 3512 3840 bello
3543 3794 3755 3856 propter

2173 3900 2262 3940 res
2284 3884 2678 3939 ecclesiasticas
2704 3891 2866 3938 testes
2885 3882 3261 3948 decernerent,
3287 3881 3396 3936 imo
3419 3880 3597 3950 magis
3630 3880 3756 3932 inter

2175 3991 2234 4031 se
2260 3976 2527 4045 mancipia
2559 3975 2802 4030 advocati
2857 3973 3208 4044 partirentur.
3257 3968 3429 4040 Cujus
3477 3970 3750 4025 sententia

2174 4067 2436 4124 Genesius
2464 4068 2766 4123 vicecomes
2794 4067 3001 4130 favens,
3029 4065 3230 4120 rectius
3275 4063 3414 4118 dixit
3453 4078 3577 4118 esse
3605 4077 3752 4116 man-

2175 4161 2313 4231 cipia
2340 4161 2523 4226 dividi,
2555 4176 2717 4230 quam
2750 4169 2912 4215 testes
2949 4159 3088 4214 bello
3124 4159 3422 4214 decernere
3457 4175 3470 4211 :
3517 4157 3573 4211 in
3608 4169 3752 4210 earn-

2175 4269 2278 4322 que
2306 4253 2630 4309 sententiam
2661 4251 2944 4308 concilium
2977 4265 3138 4306 omne
3176 4247 3418 4305 deflexit.
3445 4248 3519 4302 At
3545 4262 3678 4302 vero
3699 4242 3749 4298 5.

2175 4343 2514 4410 Benedictus,
2564 4359 2902 4414 nequaquam
2926 4341 3122 4412 judicis
3153 4341 3297 4397 illius
3335 4357 3401 4396 ac
3431 4338 3752 4411 legislatoris

2173 4435 2370 4492 oblitus
2403 4444 2508 4501 est,
2533 4435 2624 4506 qui
2669 4436 2876 4507 primus
2927 4435 3254 4491 sententiam
3289 4433 3569 4489 dividendi
3615 4447 3756 4486 man-

495 4519 663 4574 tudini
707 4519 914 4588 favens,
970 4521 1184 4580 olIiciali
1215 4525 1521 4580 nullomodo
1575 4527 1820 4585 officeret
1860 4541 2066 4588 nostro.
2101 4517 2154 4576 Ῑ)
2177 4529 2318 4600 cipia
2340 4538 2555 4584 versute
2584 4527 2740 4598 juxta
2783 4544 2979 4600 nomen
3009 4543 3167 4584 suum
3209 4542 3274 4582 ac
3305 4526 3615 4582 bestialiter
3643 4541 3755 4596 pro-

490 4610 670 4668 Atille
693 4613 918 4669 alterius
944 4614 1057 4686 jam
1083 4615 1225 4671 dono
1270 4627 1556 4687 corruptus
1595 4623 1889 4679 monachos
1932 4637 2080 4694 Sper-

493 4719 648 4771 nens,
717 4706 854 4761 dona
905 4723 1193 4779 respuens,
1252 4712 1500 4782 superbia
1548 4714 1822 4783 tumidus,
1875 4733 2076 4789 equum

491 4799 822 4862 conscendit,
855 4803 1131 4872 servisque
1158 4803 1253 4859 Dei
1287 4805 1423 4860 dixit
1453 4824 1465 4859 :
1499 4805 1776 4876 Recedite,
1820 4823 1854 4866 0
1883 4826 2074 4866 mona-

490 4889 597 4948 chi,
643 4906 766 4945 cum
802 4893 1034 4947 vasculis
1062 4896 1276 4948 vestris.
1308 4896 1376 4948 ad
1434 4902 1823 4948 monasterium
1863 4903 1931 4948 ιιρ
1964 4921 2070 4946 mm

2183 4622 2322 4678 tulit.
2347 4621 2590 4692 Namque
2614 4622 2872 4678 continuo
2898 4630 2958 4677 ut
2980 4622 3172 4677 eadem
3203 4622 3258 4676 in
3282 4621 3419 4676 duas
3441 4619 3614 4674 divisa
3637 4624 3754 4672 sunt

2177 4725 2362 4787 partes
2402 4716 2690 4787 mancipia,
2717 4715 2805 4770 ille
2828 4713 2976 4784 justo
3009 4715 3103 4769 Dei
3137 4713 3346 4786 judicio
3373 4715 3449 4768 ita
3473 4723 3755 4783 percussus

2179 4815 2280 4872 est,
2329 4816 2388 4862 ut
2435 4805 2743 4861 nullomodo
2788 4805 2989 4876 aliquid
3038 4804 3186 4876 loqui
3245 4815 3452 4876 posset,
3505 4795 3754 4860 evacuate

2182 4899 2351 4946 totius
2377 4897 2572 4946 linmrm
2599 4895 2796 4944 ofﬁcio.
2829 4894 3230 4944 Connusmntm
3255 4905 3442 4942 autem
3465 4895 3753 4940 familiam
