3916 5434
124 316 233 376 935

1276 320 1367 377 DE
1409 316 1783 376 MIRACULIS
1831 318 1888 374 S.
1924 320 2307 383 BENEDICTI.

120 430 282 490 laetus
305 433 373 488 ad
406 434 622 505 propria
650 434 956 507 regreditur
978 448 1026 491 ι.
1060 436 1158 493 Die
1183 452 1313 493 vero
1340 437 1604 491 adventus
1638 434 1719 490 sui
1750 439 1797 498 Α
1827 439 1934 501 sui,
1963 441 2053 509 qui
2086 441 2287 497 electos
2331 457 2458 499 suos
2502 442 2700 514 ubique
2743 442 3042 515 glorificat,
3083 459 3192 500 non
3230 444 3408 509 solum

120 524 191 578 ad
215 525 629 590 monasterium,
646 525 811 595 jussit
836 528 1043 584 directo
1070 530 1257 595 misso,
1280 538 1341 584 ut
1370 546 1490 584 cum
1516 530 1719 583 honore

118 616 258 670 satis
287 618 555 686 condigno
584 617 780 675 fratres
801 620 901 675 sibi
932 633 1285 677 occurrerent
1316 624 1455 677 haud
1482 623 1665 692 procul
1689 623 1719 677 ii

116 708 475 764 monasterio.
511 709 686 766 Jussis
713 713 1028 769 ol‘edientes
1060 717 1254 770 fratres
1292 716 1566 786 ese-piunt
1599 730 1717 770 me-

112 800 326 855 morias
351 810 662 857 sanctorum
708 813 1011 877 martyrum
1059 792 1181 862 cum
1223 809 1426 863 honore
1453 818 1715 879 quantum

110 890 440 947 mortalibus
464 894 782 949 conceditur
823 896 988 967 digno
1039 899 1141 953 sub
1170 899 1258 954 die
1289 900 1575 955 undecimo
1604 899 1715 956 Ka-

103 980 397 1038 lendarum
443 982 745 1051 Juliarum,
779 992 941 1058 atque
982 990 1035 1044 in
1084 990 1323 1045 Ecclesia
1376 1002 1577 1047 sanctie
1620 993 1715 1049 Dei

107 1076 404 1147 genitricis.
436 1076 614 1133 Mariae
650 1080 935 1137 collocant.
978 1083 1322 1155 Sequebatur
1362 1098 1541 1142 autem
1582 1087 1711 1143 reli-

106 1171 271 1240 quias
301 1181 612 1229 sanctorum
643 1192 749 1231 non
792 1179 1016 1235 minima
1064 1182 1351 1238 multitudo
1378 1184 1616 1239 virorum
1646 1201 1711 1242 ac

106 1263 403 1321 mulierum
434 1283 644 1324 summa
672 1285 794 1325 cum
824 1272 1129 1341 devotione,
1170 1277 1241 1332 ob
1268 1277 1514 1347 quaedam
1546 1269 1712 1335 mira-

106 1356 358 1415 culorum
408 1361 667 1418 beneticia
723 1381 752 1418 a
802 1366 1031 1422 Domino
1078 1384 1175 1439 per
1222 1372 1407 1427 beatos
1444 1384 1750 1445 martyres.

103 1457 342 1518 patrata.
382 1451 554 1509 Porro
578 1457 700 1526 quia
733 1474 799 1514 ex
828 1461 1049 1532 antiqua
1090 1465 1412 1521 auctoritate
1442 1468 1708 1523 sancitum

104 1556 247 1612 emt,
264 1548 492 1608 feminas
516 1554 655 1610 infra
679 1559 977 1614 exteriores
998 1572 1185 1631 portas
1204 1563 1519 1618 monasterii
1544 1564 1710 1620 haud-

101 1656 378 1713 quaquam
411 1650 696 1705 transitum
727 1650 993 1710 introrsus
1022 1656 1255 1721 habere;
1278 1656 1333 1711 hi
1363 1657 1454 1726 qui
1486 1672 1516 1711 a
1552 1657 1707 1727 longe

101 1740 400 1795 memorias
430 1753 744 1799 sanctorum
778 1749 953 1803 secuti
981 1747 1224 1813 fuerant,
1263 1749 1329 1805 ad
1358 1763 1544 1819 preces
1575 1764 1704 1803 con-

100 1838 426 1899 vertuntur,
473 1843 530 1889 ut
559 1837 972 1906 permitteretur
1017 1841 1096 1896 eis
1146 1841 1492 1911 poscentibus
1538 1855 1702 1896 causa

98 1922 373 1980 orationis
402 1924 691 1981 ecclesiam
721 1928 900 1998 inqua
934 1942 1246 1987 sanctorum
1277 1933 1518 2003 reliquiae
1545 1935 1703 2003 depo-

99 2014 218 2070 sita:
264 2025 424 2094 erant
470 2016 711 2087 ingredi,
740 2029 980 2092 _votaque
1028 2039 1123 2078 sua
1169 2024 1497 2094 persolvere.
1546 2024 1701 2093 Quod

98 2103 225 2175 quia
253 2086 544 2162 adversum
581 2117 700 2164 erat
735 2110 978 2182 religioni
1028 2114 1376 2180 monasticae,
1410 2115 1557 2170 nullo
1585 2130 1701 2169 om-

96 2194 227 2250 nino
268 2206 433 2267 pacto
473 2200 765 2271 impetrare
794 2204 1100 2260 valuerunt.
1151 2205 1260 2262 Illis
1288 2222 1415 2261 vero
1447 2208 1500 2262 in
1537 2223 1701 2278 prece

94 2287 543 2359 perdurantibus,
570 2307 784 2364 cmperc
809 2297 970 2353 etiam
995 2300 1195 2370 quique.
1220 2301 1510 2359 nobiliores
1534 2320 1697 2360 causa

97 2379 232 2434 tanti
266 2383 505 2440 rumoris
529 2386 753 2440 excitati
777 2390 842 2442 ad
873 2390 981 2444 tam
1010 2394 1321 2449 venerabile
1344 2397 1699 2469 undecunque

94 2468 372 2527 conﬂuere
400 2476 767 2543 spectaculum
808 2497 820 2534 :
848 2478 1162 2554 iunctisque
1194 2487 1445 2554 precibus
1485 2489 1571 2544 vix
1599 2468 1697 2545 ex-

95 2569 357 2633 torquere
383 2570 761 2638 quoquomodo
795 2573 862 2628 ab
891 2575 1084 2629 abbate
1114 2585 1168 2630 et
1201 2577 1458 2635 fratribus
1504 2592 1696 2652 potue-

92 2662 254 2718 runt,
298 2667 358 2711 ut
396 2666 551 2713 extra
600 2671 809 2730 portam
860 2668 1177 2723 monasterii
1206 2669 1271 2722 ad
1302 2672 1694 2729 occidentalem

90 2743 307 2817 plagam
340 2746 393 2802 in
428 2748 545 2806 loco
572 2756 882 2811 nemoribus
917 2760 1127 2815 consito
1157 2764 1446 2819 tentorium
1476 2767 1695 2822 extendi

84 2835 323 2908 juberet,
352 2856 459 2910 quo
486 2846 763 2901 memorire
792 2858 1103 2905 sanctorum
1135 2864 1285 2909 certo
1308 2864 1568 2926 tempore,
1590 2858 1707 2913 hoe

88 2936 169 2984 est
198 2930 388 3001 vigilia
439 2932 705 2991 Dominici
753 2939 857 2994 diei
889 2940 1260 3009 deferrentur,
1306 2958 1696 3019 moneremque

72 3024 185 3079 .sub
232 3027 507 3083 reverenti
555 3030 773 3101 vigilum
826 3035 1070 3091 custodia
1107 3037 1305 3093 ibidem
1356 3048 1465 3095 tam
1510 3056 1695 3095 mona-

88 3114 318 3170 chorum
353 3133 513 3187 quam
546 3121 871 3178 clericorum
915 3142 1084 3197 usque
1116 3129 1181 3182 ad
1222 3129 1465 3186 eamdem
1497 3133 1688 3187 horam

87 3205 356 3264 Dominici
388 3210 514 3275 diei,
558 3212 865 3284 iterumque
893 3219 1064 3272 sacris
1092 3218 1428 3275 referrentur
1456 3223 1684 3280 aedibus.

92 3296 247 3364 Quod
292 3317 417 3356 cum
471 3302 747 3374 impletum
794 3306 1018 3374 fuisset,
1050 3309 1422 3367 multitudines
1449 3314 1687 3385 plebium

85 3405 192 3445 non
221 3391 401 3447 solum
430 3410 499 3448 ex
535 3398 803 3468 contiguis
827 3440 841 3465 ,
876 3416 1065 3456 verum
1093 3403 1278 3472 procul
1306 3406 1497 3476 positis
1528 3408 1684 3476 locis,

85 3483 354 3539 medelam
401 3486 708 3544 animarum
756 3507 819 3547 ac
863 3509 1151 3565 corporum
1198 3508 1573 3556 consecutura:
1618 3518 1684 3559 eo

84 3575 419 3634 conticuere.
447 3580 786 3652 Operabatur
813 3584 1044 3657 denique
1079 3587 1336 3645 Dominus
1366 3606 1463 3662 per
1484 3592 1678 3650 claris-

81 3663 256 3723 simos
312 3679 586 3743 martyres
643 3688 771 3729 suos
816 3675 1153 3732 incredibilia
1203 3679 1466 3735 virtutum
1517 3683 1679 3751 dona,

80 3770 202 3825 qua:
243 3758 349 3828 ipsi
379 3776 596 3832 quoque
624 3765 832 3835 pueruli
864 3782 929 3822 ex
973 3781 1128 3837 parte
1169 3773 1589 3842 conspeximus:
1625 3785 1684 3831 ut

36 3876 41 3879 -
78 3847 290 3921 liquido
324 3863 630 3924 putesceret
675 3858 840 3912 etiam
876 3878 1020 3914 nunc
1052 3863 1102 3916 in
1144 3864 1228 3919 his
1255 3868 1370 3921 suis
1396 3866 1681 3925 dilectissi-

81 3942 186 3998 mis
213 3945 444 4000 testibus
471 3948 597 4003 illttd
629 3951 906 4021 compleri,
929 3955 1071 4023 quod
1094 3954 1220 4008 oliui
1250 3957 1328 4011 eis
1349 3958 1439 4027 qui
1478 3960 1530 4013 in
1554 3976 1678 4015 eum

81 4047 208 4089 vera
236 4036 343 4091 ﬁde
365 4039 697 4095 crediderint
721 4043 1051 4109 repromisit,
1084 4044 1158 4098 ita
1186 4044 1436 4115 inquiens
1467 4066 1479 4100 :
1513 4049 1679 4106 Amen

82 4124 197 4182 dico
223 4129 392 4195 vobis,
418 4131 541 4201 quia
567 4133 657 4204 qui
679 4134 841 4188 credit
874 4134 926 4188 in
950 4152 1050 4200 me,
1075 4153 1232 4206 opera
1261 4155 1378 4210 (μίαν
1400 4156 1491 4210 ego
1512 4141 1672 4211 facio,

81 4228 126 4271 et
173 4220 285 4291 ipse
329 4222 505 4292 faciet,
533 4233 581 4277 et
629 4225 836 4295 majora
880 4227 1069 4281 horum
1115 4228 1273 4298 faciet
1320 4228 1502 4302 (Joait.
1537 4233 1671 4300 XIV).

82 4309 138 4366 Si
163 4314 386 4383 quidem
404 4316 545 4386 capti
564 4319 757 4383 oculis,
775 4319 1017 4389 quolibet.
1036 4322 1241 4379 scilicet
1261 4325 1505 4394 corporis
1523 4325 1669 4393 vitio,

79 4416 173 4458 seu
214 4407 457 4475 pessimo
504 4408 841 4481 lippitudinis
889 4413 1138 4480 humore,
1187 4430 1281 4470 seu
1329 4417 1671 4485 glaucomate

1714 3170 1765 3235 C

1820 543 2037 589 :etct'ttze
2092 535 2439 590 beatitudinis
2485 538 2706 607 prirmia
2751 537 3064 609 largiendo.
3114 554 3300 595 verum
3351 541 3407 596 in

1820 627 2073 696 praesenti
2118 628 2314 683 steculo
2356 629 2672 687 mortalibus
2698 631 2956 702 deputata
2980 631 3258 690 miraculis
3286 632 3409 689 illu-

1819 718 2063 773 strando.

2382 852 2513 911 CAP
2523 856 2611 913 UT
2647 856 2839 916 XXIX.

2317 966 2632 1026 Contractus
2669 982 2908 1030 senatus.

1884 1078 1997 1135 Sed
2044 1094 2112 1135 ne
2154 1080 2417 1152 imparem
2461 1085 2671 1139 meritis
2718 1085 2857 1142 idem
2897 1087 3161 1146 Conditor
3200 1093 3404 1153 ecﬂo-

1814 1173 2064 1242 demptor
2101 1174 2321 1229 humani
2366 1177 2582 1245 generis
2624 1176 2782 1233 Jesus
2826 1180 3076 1236 Christus
3112 1184 3402 1242 sanctissi-

1800 1280 1962 1321 Imum
2005 1266 2320 1321 ostenderet
2366 1266 2738 1333 Benedictum,
2787 1270 2897 1327 imo
2926 1287 2994 1328 ne
3018 1273 3191 1345 aliqui
3225 1277 3405 1334 [uinus

1813 1355 2113 1427 intelligere
2140 1356 2381 1415 valentes
2416 1358 2654 1413 divinam
2683 1361 3168 1433 dispensationem,
3203 1368 3405 1438 glorio-

1810 1448 1985 1505 siores
2026 1465 2191 1520 quam
2234 1451 2472 1507 maxime
2505 1454 2647 1523 apud
2691 1455 2977 1512 Dominum
3012 1458 3114 1514 hos
3139 1454 3400 1531 putarent

1811 1540 2047 1596 existere
2089 1550 2380 1613 martyres,
2422 1544 2515 1615 qui
2557 1547 2837 1616 sanguinis
2893 1548 3155 1606 ἐπειδὴ)ηο
3194 1551 3403 1624 proprii

1811 1624 2071 1687 coronam
2114 1634 2216 1689 sibi
2257 1637 2506 1706 pararim
2550 1637 2826 1695 felicitatis
2870 1652 3173 1713 perpetua,
3220 1658 3389 1713 quam
3472 1655 3483 1663 ·

1811 1725 1959 1782 illum
2007 1727 2100 1798 qui
2145 1728 2352 1799 absque
2398 1732 2646 1803 martyrii
2690 1734 2870 1803 palma
2909 1736 2965 1789 in
2996 1750 3129 1806 pace
3158 1738 3399 1794 animam

1732 1816 1783 1877 B
1811 1820 2031 1876 sedibus
2064 1822 2253 1892 patriae
2287 1822 2526 1879 cmlestis
2549 1824 2868 1890 immiserit;
2910 1826 3112 1897 placuit
3134 1828 3401 1894 illi,-haud

1805 1914 2041 1985 disparia
2094 1931 2191 1985 per
2236 1931 2454 1971 servum
2509 1933 2665 1973 suum
2717 1918 3126 1999 dilectissimum
3172 1930 3400 1992 patri-are

1804 2008 2063 2063 miracula
2113 2010 2253 2078 apud
2309 2012 2736 2066 sacratissimum
2786 2013 2956 2068 aedem
3008 2028 3113 2084 qua
3180 2018 3400 2073 condita

1800 2101 2044 2172 ejusdem
2074 2100 2252 2155 Patris
2282 2103 2524 2157 membra
2556 2113 2869 2159 servantur.
2910 2104 3157 2176 Namque
3182 2107 3397 2165 delatus

1801 2210 1830 2249 a
1863 2196 2180 2265 parentibus
2228 2211 2366 2267 puer
2406 2198 2675 2267 parvulus
2725 2201 2791 2254 ad
2840 2203 3137 2259 memorias
3181 2215 3398 2262 sancto-

1800 2304 1920 2344 rum
1964 2300 2298 2363 martyrum,
2337 2306 2459 2346 cum
2503 2292 2727 2348 salutem
2773 2295 3135 2367 nequidquam
3190 2298 3396 2355 diutius

1798 2381 2570 2452 expetitant"consrqtieretur
2610 2382 2748 2456 (erat
2806 2386 2952 2440 enim
2997 2386 3239 2441 erurium
3287 2402 3387 2443 ex-

1798 2472 2115 2538 siccatione,
2160 2488 2559 2545 nervorumque
2596 2476 2969 2532 contractiore
3003 2477 3140 2533 adeo
3167 2478 3386 2546 debilis,

1797 2567 1926 2635 quin
1956 2566 2120 2621 etiam
2154 2566 2327 2622 taxilli
2372 2567 2446 2623 ita
2496 2569 2711 2625 natibus
2739 2571 3004 2626 tenaciter
3037 2571 3389 2639 inhaeserant,

1794 2657 1940 2726 quod
1988 2672 2266 2727 nunquam
2298 2674 2327 2712 a
2350 2659 2640 2716 nativitate
2669 2677 2950 2733 gressuum
2991 2663 3265 2720 incessum
3295 2680 3393 2721 ex-

1792 2751 2201 2821 peririfquirct),
2227 2753 2544 2823 deportatur
2562 2771 2590 2808 a
2614 2755 2811 2822 baiulis
2831 2756 2895 2810 ad
2919 2758 3222 2827 sepulcrum
3248 2773 3392 2830 smpe

1796 2843 2079 2896 memorati
2120 2842 2450 2900 confessoris
2484 2844 2690 2921 .Christi
2723 2846 3009 2903 ﬂenedieti
3038 2866 3050 2901 :
3086 2849 3267 2920 ibique
3302 2851 3386 2907 in-

1798 2937 1972 2991 terdiu
2016 2953 2391 3007 perseverans,
2434 2940 2708 3015 postridie
2754 2941 3171 2997 concinentibus
3225 2943 3379 3001 nobis

1794 3031 2115 3101 cunctisque
2159 3032 2250 3101 qui
2300 3032 2523 3086 aderant
2576 3032 2836 3087 fratribus
2884 3032 3029 3104 (nam
3075 3035 3386 3105 vespertina

1797 3122 2019 3191 synaxis
2072 3128 2200 3177 tunc
2243 3122 2640 3195 celebrabatur)
2685 3134 2968 3194 cmperunt
3007 3140 3064 3180 se
3111 3126 3262 3204 nervi
3294 3127 3386 3181 diu

1795 3216 2062 3270 contraC'i
2092 3215 2405 3279 extendere,
2448 3218 2694 3287 aridiquc
2725 3225 2935 3271 meatus
2964 3233 3222 3272 venarum
3265 3234 3387 3273 san«

1793 3307 1971 3373 guinis
2030 3305 2298 3362 inlusione
2353 3308 2677 3362 bnmectari.
2735 3307 2849 3362 Tali
2906 3324 3122 3379 quoque
3168 3311 3386 3366 natibus

1789 3400 2144 3453 vehementer
2167 3399 2394 3459 astricti,
2425 3398 2685 3467 paulatim
2714 3414 2833 3454 sese
2860 3399 2927 3452 ab
2956 3401 3034 3454 eis
3061 3401 3376 3472 abjungerc.

1789 3488 1901 3545 Nec
1928 3505 2106 3555 mora,
2139 3490 2450 3544 extenditur
2487 3489 2766 3560 puerulus,
2806 3500 2861 3545 et
2893 3499 3005 3545 toto
3032 3507 3260 3547 corpore
3284 3509 3383 3563 pa-

1787 3582 2027 3637 vimento
2057 3582 2324 3637 inbierct:
2359 3584 2519 3654 paulo
2550 3594 2670 3654 post
2695 3600 2828 3641 vero
2854 3601 3018 3642 sanus
3056 3602 3378 3659 exsurgens,

1786 3690 2101 3745 quanquam
2144 3676 2398 3731 titubanti
2451 3692 2680 3749 gressu,
2735 3679 3005 3735 diversam
3064 3680 3116 3736 in
3166 3689 3377 3752 partem

1784 3767 1953 3824 libere
1982 3768 2151 3839 coepit
2178 3768 2505 3825 discurrere.

2354 3906 2584 3963 CAPUT
2633 3906 2803 3964 XXX.

2220 4020 2615 4091 Euergumenus
2652 4022 2927 4077 liberatur.

1847 4133 1961 4190 l-loc
2004 4149 2101 4205 per
2131 4134 2224 4188 Dei
2260 4136 2493 4206 gratiam
2538 4134 2761 4206 impleto
2810 4137 3096 4201 miraculo,
3146 4152 3213 4193 ex
3260 4137 3371 4192 im-

1778 4224 1995 4295 proviso
2043 4225 2261 4295 quidam
2311 4226 2461 4279 rabie
2505 4227 2809 4280 daemonum
2836 4225 3105 4298 furiisque
3136 4228 3373 4299 agitatus

1775 4318 2014 4375 advenit.
2075 4318 2446 4373 Maldabertus
2487 4320 2576 4374 hic
2616 4320 2875 4375 vocabulo
2930 4322 3367 4391 nuncupabatur,

1772 4418 1864 4489 qui
1902 4417 2063 4488 paulo
2100 4428 2227 4471 ante
2255 4435 2283 4470 a
2312 4417 2520 4472 civibus
2568 4416 2874 4471 Auielianae
2917 4416 3067 4471 urbis
3115 4430 3368 4486 compre-

80 4496 345 4567 adoperti,
388 4501 748 4557 clarissimum
804 4504 1141 4575 recipiebant
1187 4510 1404 4565 videndi
1457 4527 1614 4567 usum
1650 4527 1664 4566 :
1694 4535 1747 4595 Β
1774 4511 2000 4575 hensus,
2040 4510 2113 4563 uti
2145 4510 2465 4564 cerebrosus
2493 4508 2660 4578 virgis
2690 4507 2937 4573 czeditur,
2974 4506 3204 4563 vinculis
3226 4522 3359 4564 con-

79 4590 283 4649 debiles
306 4611 442 4651 vero
462 4599 780 4668 gravamine
808 4617 1090 4671 gressuum
1123 4607 1214 4676 qui
1262 4624 1535 4679 nunquam
1576 4626 1665 4681 pe-

78 4685 234 4741 dibus
261 4688 614 4753 iucesserant,
648 4692 960 4749 faciliuitem
992 4698 1270 4765 gradiendi
1300 4716 1511 4757 summo
1539 4719 1663 4758 cum

56 4780 272 4847 .gaudio
309 4785 707 4853 recuperabant
737 4803 751 4838 :
786 4786 1058 4845 daemones
1095 4793 1162 4846 ab
1208 4794 1444 4849 obsessis
1484 4805 1668 4850 extru-

76 4870 341 4929 debantur
368 4877 710 4947 corporibus,
750 4877 969 4934 lunatici
995 4884 1259 4939 medelam
1295 4890 1663 4959 assequeban-

80 4971 166 5021 tur
196 4977 459 5035 optatam.
484 4969 754 5027 Prieterea
777 4975 992 5041 quidam
1018 4979 1382 5035 membrorum
1403 4997 1662 5053 quorum-

60 5057 196 5112 dam
246 5059 549 5119 incendium
598 5063 742 5120 male
782 5071 1046 5136 perpessi,
1084 5072 1237 5147 quod
1289 5089 1458 5143 genus
1490 5075 1663 5131 morbi

78 5147 375 5182 ίΜιι-ιιιιῖῙΔ
418 5158 550 5182 λιν-Α,Ιέ
562 5157 607 5182 ηε

644 5155 756 5182 Διὶ-ξ
766 5173 822 5182 ..Α
834 5168 846 5182 Ι
859 5173 885 5182 Α
913 5175 939 5182 ι.
952 5174 974 5182 Α
986 5178 1011 5182 .-

1769 5158 1783 5182 1
1843 5158 1875 5182 Ι.
1918 5161 1928 5171 ι
1990 5161 2001 5173 ο
2081 5160 2112 5182 1.

1788 5173 1832 5182 -Α
1864 5175 1957 5182 ---μ
1989 5178 2036 5182 --ν
2052 5175 2091 5182 Α-

1788 5173 1957 5182 .-ι---μ
1989 5178 2036 5182 --ν
2052 5175 2091 5182 Α-

1776 4605 2083 4675 stringitur,
2132 4601 2389 4658 custodiae
2441 4603 2802 4671 mancipatur.
2847 4602 2953 4660 Sed
2974 4602 3154 4659 omnia
3183 4602 3370 4658 devin-

1774 4709 1925 4761 cens,
1959 4710 2120 4752 cursu
2155 4693 2342 4764 rapido
2369 4692 2766 4751 monasterium
2816 4696 2971 4765 petit,
3014 4694 3198 4763 ibique
3238 4691 3371 4748 bac-

1773 4788 1925 4843 chari
1974 4803 2072 4860 per
2117 4795 2313 4843 cuncta
2364 4789 2682 4849 miserrime
2725 4787 2912 4856 erepit,
2962 4787 3204 4842 membra
3258 4793 3371 4839 tor-

1772 4895 1958 4951 quere,
2001 4880 2055 4935 in
2102 4878 2345 4935 absidem
2405 4882 2744 4950 defringere,
2786 4878 2993 4937 crinem
3035 4884 3238 4943 rotare,
3288 4889 3377 4928 ar-

1773 4982 1933 5028 cuata
1965 4973 2110 5031 dorsi
2139 4972 2296 5043 spina
2328 4971 2535 5041 alvum
2563 4968 2906 5046 protendere,
2933 4971 3157 5035 saltibus
3178 4968 3230 5020 in
3256 4982 3382 5022 aera

1770 5076 1946 5121 semet
1981 5065 2282 5126 revolvere,
2314 5076 2390 5120 ac.
2432 5088 2546 5146 per
2569 5072 2755 5122 omnes
2786 5072 2968 5120 motus
2994 5056 3240 5146 corporis
3275 5056 3391 5109 dia-

2584 5158 2625 5182 μὶ
2669 5151 2805 5182 δραι.
2842 5155 2992 5182 λιιι..-
3039 5145 3394 5182 micans-imum

2125 5164 2360 5182 -.ΑιΑ.ςοῖΑ
