3916 5434
531 331 639 392 935

1528 330 1802 387 ADREVA
1814 330 1918 385 LDI
1963 327 2458 385 FLORIACENSIS
2497 327 2800 384 MONACIII

3655 315 3762 376 ’936

530 444 845 526 ρὶθνθγθηῑέ
872 448 1233 520 Interrogatus
1276 463 1468 502 nomen
1509 448 1693 511 edicit,
1738 448 2025 519 Legionem
2056 460 2114 501 se
2143 448 2190 506 Α
2219 444 2444 500 busdam
2467 460 2686 516 quoque
2711 460 2776 500 ex
2803 443 3032 506 clericis,
3062 457 3123 515 ac
3148 441 3194 497 si
3222 451 3331 496 tres
3364 453 3563 495 muscae
3588 453 3766 509 magna

533 539 832 609 nuncupari
883 538 1188 594 confitetur.
1245 535 1575 592 Volvebatur
1620 539 1852 609 denique
1901 540 2114 593 diverso

536 632 764 686 circuitu
805 629 1198 694 columnarum,
1231 639 1283 686 et
1315 631 1549 685 motibus
1575 631 1822 699 pessimis
1861 630 2117 685 infelicis-

536 726 733 781 simum
770 727 1095 796 detorquens
1127 740 1342 795 corpus,
1371 726 1496 794 quid
1529 725 1581 779 in
1611 741 1667 778 se
1693 732 1904 794 gereret
1929 734 2117 779 osten-

537 817 719 873 debat.
748 816 1118 874 Luctaoantur
1145 817 1212 890 (si
1245 817 1343 872 fari
1386 817 1564 889 liceat)
1620 818 1831 886 agmina
1875 817 1964 871 illa
2007 819 2118 872 dae-

539 911 762 968 monum
808 927 929 967 cum
975 911 1458 967 intercessionibus
1494 919 1824 966 sanctorum.
1855 909 2118 978 Equidem

539 1006 706 1063 miser
757 1005 846 1061 ille
890 1005 1100 1060 monitu
1150 1005 1522 1076 religiosorum
1569 1003 1975 1065 monachorum,
2027 1001 2120 1073 qui

541 1111 666 1153 eum
701 1096 770 1152 ad
797 1095 1186 1152 obsecrandam
1241 1095 1450 1150 Domini
1499 1093 1949 1157 misericordiam,
1994 1107 2122 1148 san-

540 1195 863 1259 clarumque
890 1187 1133 1244 omnium
1171 1187 1609 1243 intercessionem
1643 1183 2009 1256 impellebant,
2036 1199 2124 1239 so-

541 1279 670 1336 litus
696 1288 815 1335 erat
847 1279 1012 1336 veluti
1052 1281 1355 1336 orationem
1404 1281 1606 1336 invitus
1637 1277 1869 1333 fundens
1899 1277 2079 1333 dicere
2107 1295 2118 1332 :

541 1374 710 1440 Deus,
761 1373 928 1431 libera
971 1390 1059 1431 me
1102 1376 1171 1431 ab
1219 1377 1371 1432 hoste
1408 1377 1631 1446 antiquo
1655 1375 1747 1447 qui
1778 1390 1864 1430 me
1891 1372 2124 1430 obsidet.

544 1466 604 1524 S.
647 1467 957 1535 Benedicte,
1009 1477 1066 1524 tu
1109 1469 1258 1524 illum
1308 1485 1501 1542 punge.
1554 1469 1620 1524 Et
1673 1470 1776 1524 hoc
1833 1483 1939 1522 non
1978 1475 2127 1523 certe

543 1559 868 1626 voluntarie,
903 1562 997 1618 sed
1029 1563 1322 1618 immundis
1347 1563 1581 1633 agitatus
1604 1561 1785 1625 furiis,
1808 1558 2128 1629 ioculariter

544 1662 607 1709 ut
633 1653 916 1711 innumera
945 1655 1048 1711 alia
1079 1655 1407 1727 proferebat.
1439 1654 1576 1721 Ouid
1605 1654 1796 1725 plura?
1819 1649 2127 1708 interventu

546 1746 881 1802 serenissimi
938 1746 1117 1803 Patris
1147 1789 1162 1813 ,
1212 1746 1394 1802 divina
1450 1747 1804 1802 miseratione
1847 1754 2126 1816 respectus

2219 541 2550 609 multumque
2587 540 2890 607 nigerrima:
2921 538 2989 592 ab
3011 553 3106 592 ore
3129 536 3309 592 vexati
3352 533 3587 588 hominis
3613 546 3769 602 egres-

2219 649 2292 688 sae
2342 633 2486 688 foras
2528 631 2932 688 tabernaculum
2981 629 3278 684 avolarent.
3324 624 3478 693 Quod
3515 631 3769 694 postquam

2219 725 2393 780 visum
2420 732 2524 788 est,
2557 723 2725 790 cmpit
2761 731 2996 792 aegrotus
3024 721 3260 790 quietius
3288 731 3472 787 agere,
3515 723 3670 782 atque
3694 714 3772 768 ιιιί-

2222 817 2491 873 seratione
2516 817 2728 873 Domini
2770 821 3191 884 sanctorumque
3234 811 3384 866 illius
3426 811 3720 864 interventu
3750 823 3774 860 a

2222 920 2569 983 persecutore
2605 909 2824 967 humani
2856 907 3070 980 generis
3096 915 3316 976 ereptus
3339 901 3564 958 sanitati
3591 899 3775 955 restituo

2226 1013 2313 1060 tus
2341 1012 2425 1058 est
2457 1021 2470 1057 :
2501 1003 2712 1073 hocque
2756 1001 2918 1056 modo
2967 997 3400 1054 incolumitatem
3437 983 3664 1062 adeptus
3681 1004 3779 1058 pro-

2226 1096 2346 1168 pria
2368 1097 2578 1154 revisit.

2777 1228 3003 1287 CAPUT
3041 1225 3257 1283 XXXII.

2713 1343 2898 1400 Comes
2926 1345 3045 1399 item
3073 1342 3314 1397 rabidus.

2301 1462 2549 1518 Castrum
2587 1459 2855 1531 quoddam
2883 1459 2936 1514 in
2980 1454 3300 1528 Burgundire
3349 1450 3628 1524 partibus,
3654 1447 3782 1502 inla-

2233 1563 2348 1610 tere
2382 1553 2604 1616 montis,
2637 1566 2800 1622 supra
2825 1549 3042 1604 fluvium
3067 1544 3528 1602 I-Iermentionem
3553 1539 3786 1608 (l‘Anm-

2234 1643 2353 1714 con)
2400 1640 2663 1698 vocabulo
2705 1641 2888 1704 situm,
2920 1635 3189 1709 adjacenti
3221 1632 3433 1706 regioni
3469 1643 3661 1685 nomen
3687 1626 3787 1680 indi-

2235 1737 2348 1791 dit:
2385 1750 2623 1805 namque
2667 1748 2697 1787 a
2743 1730 3056 1787 Tornodoro
3097 1724 3415 1800 (Tannerre)
3461 1723 3637 1778 vicina
3677 1719 3786 1790 regis

547 1835 812 1894 liberatur
858 1851 891 1892 a
935 1811 1156 1894 diaboli
1185 1838 1413 1909 laqueis,
1464 1847 1519 1894 et
1571 1851 1757 1909 SOSpes
1809 1853 1872 1892 ac
1915 1811 2130 1907 quietus
2159 1825 2208 1886 B
2240 1826 2673 1884 Tornodorensis
2704 1825 2919 1880 dicitur.
2951 1822 3086 1877 Iluic
3118 1827 3353 1892 prmerat
3395 1815 3625 1909 quidam
3662 1811 3786 1909 nobili

550 1929 693 1985 intra
729 1928 972 1990 ecclesiae
1017 1929 1202 1986 limina
1240 1931 1458 1986 residet.
1491 1929 1624 1985 Cum
1655 1928 2001 2000 loquentibus
2027 1927 2131 1983 sibi

551 2019 821 2090 quomodo
871 2026 1118 2092 arreptus
1169 2036 1199 2076 a
1259 2021 1593 2077 dmmonibus
1639 2020 1804 2076 fuerit
1855 2019 2130 2090 explanat,

550 2109 839 2166 confitetur
871 2112 1105 2181 culpam,
1157 2127 1323 2182 seque
1346 2113 1416 2168 ob
1441 2111 1704 2168 scelerum
1743 2111 2132 2168 enormitatem

553 2204 846 2262 immundis
875 2205 1132 2261 traditum
1165 2206 1462 2277 spiritibus,
1495 2206 1731 2272 contrito
1758 2205 1920 2261 corde
1943 2213 1998 2260 et
2029 2206 2133 2260 hu-

551 2295 666 2351 mili
712 2295 905 2366 spiritu
955 2295 1306 2367 proclamat:
1355 2305 1534 2368 grales
1579 2295 1808 2352 Domino
1854 2293 2136 2351 liberatori

552 2400 672 2452 suo,
697 2401 907 2442 necnon
937 2387 1282 2444 intercessori
1311 2387 1370 2442 B.
1402 2387 1696 2444 Benedicto
1726 2386 1912 2454 refert,
1950 2388 2136 2457 sicque

554 2480 842 2537 incolumis
869 2482 935 2536 ad
960 2481 1180 2552 propria
1214 2489 1440 2536 remeat.
1467 2480 1604 2537 Huic
1625 2489 1917 2537 consuetus
1931 2481 2137 2536 abhinc

555 2581 799 2643 tempore
841 2587 948 2642 quo
971 2573 1196 2638 advixit,
1227 2587 1346 2628 mos
1373 2573 1582 2639 incidit,
1609 2571 1767 2628 annis
1797 2571 2020 2644 singulis
2050 2586 2140 2626 re-

556 2667 753 2722 deunte
781 2675 1020 2736 tempore
1040 2667 1290 2722 sanitatis
1313 2667 1521 2738 adeptae
1548 2681 1672 2722 cum
1703 2674 1829 2722 voto
1855 2666 1922 2721 ad
1952 2665 2138 2721 limina

558 2759 732 2814 sancti
759 2757 1086 2814 confessoris
1117 2757 1319 2814 Christi
1349 2773 1658 2830 properare,
1689 2767 1852 2830 atque
1894 2757 2140 2815 oratione

556 2862 778 2925 peracta
811 2867 908 2909 sua
937 2861 1201 2925 repetere.

1115 2983 1343 3042 CAPUT
1381 2983 1575 3042 XXXI.

1187 3097 1323 3152 Item
1359 3099 1516 3153 alius.

2237 1930 2388 1976 ortus
2413 1916 2690 1990 prosapia,
2721 1913 2981 1970 vocabulo
3020 1909 3300 1974 Raculfus,
3344 1923 3414 1962 ex
3455 1904 3635 1960 oflicio
3655 1903 3787 1956 vicem

2237 2012 2458 2068 comitis
2490 2024 2679 2081 agens,
2709 2006 2799 2079 qni
2842 1994 2920 2060 ob
2951 2003 3277 2076 pravitatem
3326 2014 3552 2054 morum
3581 1994 3789 2066 pessimo-

2241 2117 2473 2173 rumque
2520 2110 2738 2157 actuum
2787 2096 3178 2152 immanitatem
3215 2100 3400 2146 mente
3449 2096 3645 2158 captus
3665 2086 3790 2140 inn-

2239 2197 2385 2254 biem
2409 2177 2663 2251 vertitur.
2693 2192 2938 2261 Cumque
2967 2188 3318 2258 semetipsum
3357 2201 3422 2240 ac
3458 2183 3691 2253 reliquos
3713 2178 3789 2234 cir-

2241 2301 2581 2358 cumquaque
2605 2283 2707 2340 sibi
2731 2289 2973 2354 astantes
2999 2278 3200 2352 gladio,
3228 2276 3497 2339 fustibus,
3528 2270 3790 2336 caeteriypae

2242 2377 2462 2434 sibimet
2501 2372 2914 2430 occurrentibus
2947 2369 3071 2425 telis
3097 2376 3284 2440 petere
3315 2363 3528 2428 vellet;
3572 2366 3750 2415 tenetur
3771 2369 3791 2408 λ

2243 2469 2379 2534 suis,
2406 2467 2732 2535 vinctusque
2781 2479 2902 2518 cum
2954 2474 3149 2533 magno
3195 2464 3464 2528 apparatu
3510 2451 3588 2506 uti
3626 2446 3793 2519 opulen-

2243 2559 2485 2615 tissimus
2521 2557 2762 2612 virorum
2806 2553 2872 2608 ad
2916 2548 3306 2606 monasterium
3337 2544 3670 2601 deducitur:
3696 2536 3793 2593 illic-

2244 2667 2350 2724 que
2389 2651 2481 2707 diu
2517 2625 2905 2709 debacchatus,
2952 2645 3005 2701 in
3037 2651 3247 2698 tantum
3294 2649 3358 2694 ut
3378 2637 3644 2695 dentibus
3686 2633 3792 2686 fren-

2244 2743 2421 2800 dendo
2467 2741 2769 2796 minaretur
2793 2739 2839 2794 si
2868 2736 3074 2793 licitum
3122 2732 3263 2789 foret
3309 2729 3640 2787 accedentes
3675 2726 3730 2779 ad
3755 2735 3796 2775 se

2244 2835 2519 2892 morsibus
2546 2833 2781 2898 laniare;
2821 2829 3052 2886 evolutis
3089 2826 3262 2882 ferme
3285 2823 3493 2879 diebus
3518 2815 3792 2891 quindecim.

2247 2932 2551 2987 interventu
2597 2925 2661 2981 B.
2705 2922 2981 2980 Benedicti
3026 2920 3220 2976 melius
3263 2929 3464 2986 sapere
3515 2911 3694 2981 erepit;
3721 2919 3792 2962 nec

2246 3021 2403 3092 longe
2446 3026 2569 3090 post
2599 3015 2845 3088 apprime
2888 3012 3047 3069 saluti
3103 3009 3415 3072 restitutus,
3469 3019 3598 3060 cum
3647 2998 3794 3092 gaude

2246 3090 2360 3168 non
2378 3119 2590 3167 tantum
2619 3107 2780 3164 unius
2825 3104 2947 3171 viri,
2979 3102 3073 3158 sed
3121 3107 3178 3156 et
3223 3097 3559 3156 multorum,
3607 3090 3794 3146 nativum

637 3210 750 3266 Hoc
790 3210 881 3267 tali
909 3219 1166 3283 tantaque
1207 3212 1305 3268 Dei
1345 3211 1631 3270 clementia
1675 3227 1706 3268 a
1752 3213 1901 3270 rabie
1944 3213 2143 3271 damo-

2256 3205 2453 3277 repetit
2499 3201 2692 3258 solum.
2737 3198 2864 3254 Haec
2889 3204 2944 3252 et
2973 3194 3076 3249 alia
3108 3190 3278 3247 multa
3305 3203 3370 3244 ea
3399 3191 3710 3283 tempestate
3726 3177 3796 3283 mi-

568 3301 723 3358 niaca
762 3301 1018 3368 liberato,
1059 3303 1197 3358 alter
1226 3304 1440 3360 vinctus
1469 3303 1600 3360 diris
1627 3303 1971 3376 ligaminibus
1998 3320 2028 3360 a
2059 3321 2149 3359 su-

564 3390 872 3460 perioribus
911 3393 1155 3464 partibus
1203 3393 1411 3466 Ligeris
1444 3395 1579 3450 alvei
1612 3393 1916 3461 deducitur,
1959 3397 2151 3452 obses-

567 3497 661 3538 sus
687 3491 740 3539 et
765 3484 854 3540 hic
879 3499 909 3540 a
937 3485 1312 3544 crudelissimo
1338 3489 1599 3543 dtemone.
1625 3487 1892 3560 Alligatur
1915 3488 2148 3558 denique

568 3573 635 3629 ad
663 3573 970 3630 columnam
995 3576 1258 3633 ecclesiae.
1289 3575 1582 3650 Sanguinei
1611 3579 1737 3634 huic
1760 3579 2000 3644 obtutus,
2033 3578 2152 3650 pal-
2181 3593 2184 3598 ·

567 3663 710 3721 lidus
740 3666 910 3733 color,
951 3668 1237 3724 macilenta
1279 3667 1466 3735 facies,
1501 3679 1688 3726 torvus
1723 3680 1995 3741 aspectus,
2026 3672 2151 3742 qni-

575 3775 681 3829 que
717 3759 1036 3816 mortalibus
1081 3759 1372 3831 plurimum
1419 3762 1640 3818 terroris
1676 3761 1962 3818 incuteret.
1995 3763 2155 3819 Illici-

573 3859 687 3906 tum
716 3852 766 3908 ei
796 3860 916 3908 erat
957 3867 1151 3923 panem
1188 3856 1475 3910 comedere
1503 3871 1516 3908 :
1546 3869 1655 3910 non
1697 3855 1839 3911 enim
1868 3857 2155 3927 permitte-

576 3943 738 3998 batur
765 3961 793 3999 a
821 3945 1162 4001 dominatore
1193 3961 1290 4002 suo
1319 3945 1439 4002 cibo
1465 3961 1615 4002 more
1644 3947 1882 4003 humano
1908 3947 2006 4002 uti.
2041 3948 2158 4002 Tri-

581 4036 745 4091 duum
788 4036 1022 4092 transire
1067 4037 1272 4109 absque
1317 4037 1572 4095 alimento
1617 4038 1807 4095 solitus
1839 4047 1977 4105 erat,
2019 4055 2158 4111 aqua

578 4129 848 4184 interdum
905 4128 1135 4199 simplici
1180 4131 1468 4197 utebatur,
1528 4131 1892 4187 exorcizatam
1938 4140 2160 4188 coactus

577 4219 896 4291 accipiebat,
927 4220 1236 4276 vociferans
1269 4237 1333 4276 ac
1373 4223 1704 4292 detorquens
1735 4224 1994 4278 membra.
2029 4223 2159 4280 Car-

580 4330 705 4371 nem
732 4314 1023 4385 aliquando
1072 4314 1249 4379 avide,
1279 4314 1373 4370 sed
1399 4315 1617 4371 sordide
1643 4315 1714 4388 (si
1742 4315 1983 4387 daretur)
2012 4331 2160 4375 more

578 4421 771 4462 canum
823 4405 1058 4472 edebat;
1117 4403 1424 4474 hujusmodi
1475 4407 1624 4461 victu
1670 4406 1836 4462 miser
1891 4405 2162 4462 infelicem

580 4497 833 4554 trahebat
877 4498 1135 4554 animam.
1179 4498 1278 4554 llic
1308 4497 1510 4554 diutius
1559 4498 1700 4568 apud
1739 4513 1947 4554 sacram
1989 4498 2158 4552 aedem

585 4591 813 4647 diversis
862 4599 1025 4660 atque
1077 4589 1482 4646 immanissimis
1530 4591 1858 4646 cruciatibus
1905 4585 2159 4657 vexatus,

580 4691 856 4754 postremo
896 4681 1110 4736 vinctus
1156 4681 1387 4737 manicis
1410 4682 1476 4737 ad
1500 4682 1815 4737 memoriam
1850 4690 2160 4738 sanctorum

586 4776 804 4832 ducitur
825 4785 1146 4847 martyrum,
1176 4790 1284 4845 quo
1309 4775 1472 4831 etiam
1500 4775 1712 4831 cineres
1734 4775 2006 4846 smpedicti
2036 4791 2163 4831 con-

583 4867 808 4924 fessoris
838 4865 1042 4924 Christi
1079 4866 1353 4923 Benedicti
1383 4881 1412 4920 a
1444 4867 1584 4922 fideli
1628 4868 1784 4938 plebe
1827 4869 2166 4922 veneraban-

587 4967 693 5014 tur.
738 4958 1023 5028 Religatur
1061 4959 1125 5014 ad
1169 4959 1410 5027 stipitem
1450 4957 1802 5023 tabernaculi,
1853 4957 2036 5027 ibique
2082 4957 2166 5012 ni-

588 5049 756 5105 mium
789 5047 1063 5118 allligitur.
1097 5048 1316 5106 Sciebat
1363 5064 1556 5119 nempe
1595 5049 1790 5120 impius
1831 5056 2027 5113 tortor,
2057 5049 2167 5103 vir-

593 5149 708 5195 tute
746 5140 1060 5210 meritisque
1087 5151 1398 5196 sanctorum
1429 5144 1589 5199 citius
1619 5158 1739 5199 sese
1763 5142 2070 5213 pellendum
2103 5143 2170 5197 ab

593 5230 821 5284 obsesso
868 5229 1125 5283 homine:
1158 5213 1384 5298 ideoque
1423 5235 1694 5289 crudelius
1749 5235 1802 5289 in
1854 5250 1977 5290 eum
2025 5233 2173 5289 omni

589 5333 794 5392 genere
846 5318 1186 5375 deszeviebat.
1238 5321 1344 5375 Sed
1390 5323 1533 5378 circa
1579 5326 1768 5381 horam
1800 5327 2014 5382 tertiam
2047 5341 2168 5381 cum

2253 3268 2424 3350 randa
2447 3291 2708 3347 Dominus
2738 3304 2834 3360 per
2861 3298 3080 3342 servum
3108 3295 3264 3338 suum
3298 3278 3495 3334 carnis
3527 3273 3716 3332 sarcina
3738 3268 3796 3320 ab-

2255 3387 2489 3444 solutum
2541 3381 2757 3454 operari
2801 3379 3050 3449 dignatus
3084 3381 3207 3429 est:
3252 3386 3380 3442 qua:
3413 3368 3613 3425 inertia
3639 3376 3796 3423 eorum,

2255 3493 2488 3552 quorum
2513 3475 2706 3531 studiis
2731 3481 2858 3528 nota
2890 3468 3102 3548 populis
3146 3466 3389 3521 debuere
3438 3461 3586 3525 ﬁeri,
3626 3466 3795 3528 praeter-

2255 3569 2422 3626 missa
2469 3572 2618 3621 sunt.
2663 3561 2932 3618 Cmterum
2980 3571 3043 3612 ea
3093 3569 3212 3626 qua:
3277 3553 3406 3608 visu
3456 3555 3797 3620 corpoream

2257 3672 2585 3732 cognoscere
2623 3654 2916 3726 quivimus,
2947 3662 3131 3720 qlneve
3160 3643 3306 3699 ﬁdeli
3341 3642 3660 3732 narratione

2257 3727 2517 3825 peiimus,
2565 3746 2834 3804 submisso
2877 3755 3076 3813 genere
3120 3734 3408 3808 loquendi,
3453 3731 3598 3802 quod
3634 3727 3798 3823 velut:

2256 3843 2404 3900 xime
2434 3842 2488 3897 in
2523 3837 2747 3912 agendis
2795 3834 2956 3890 rebus
2997 3829 3160 3896 valet,
3209 3827 3276 3882 ad
3329 3835 3675 3897 posterorum
3704 3825 3799 3873 neti-

2262 3936 2392 3991 tiam
2424 3935 2645 3990 hortatu
2673 3927 2941 3999 majorum
2973 3921 3346 3980 transmittere
3375 3917 3700 3975 curavimus.

2793 4034 3022 4095 CAPUT
3071 4029 3313 4089 XXXIII.

2265 4137 2516 4195 Ludovici
2567 4133 2650 4189 Pii
2705 4131 3078 4203 ﬁliiﬂregnum
3129 4125 3461 4203 partiu_ntur.
3495 4118 3695 4203 Qualis

2335 4188 2511 4265 Erit};
2552 4188 2736 4277 (abies.
2791 4188 3247 4256 Nori'manno'rum
3297 4193 3630 4249 incursiones
3654 4188 3800 4243 ειάὶη

2336 4281 2594 4352 facinora.

2337 4393 2534 4446 Verum
2575 4385 2820 4459 piissimo
2857 4381 3102 4452 Augusto
3141 4376 3424 4434 Ludovico
3476 4371 3654 4430 carnis
3681 4375 3802 4459 one!

2267 4482 2514 4554 spoliato,
2546 4455 2767 4547 regnum
2789 4475 3124 4530 Francorum
3153 4468 3298 4541 quod
3329 4482 3398 4523 ex
3426 4455 3801 4554 diversis-natio-

2195 4547 2431 4631 Dnibus
2487 4570 2716 4627 solidum
2765 4579 2963 4637 corpus
3019 4561 3201 4617 fuerat
3249 4557 3535 4619 ell’ectum,
3588 4547 3801 4643 trifariftl

2271 4669 2547 4731 dividitur,
2592 4671 2754 4732 atque
2777 4676 2808 4714 a
2839 4636 3013 4713 tribus
3060 4652 3303 4723 ejusdem
3347 4642 3684 4720 imperatoris
3714 4636 3801 4732 ﬁlii

2273 4761 2341 4814 ad
2385 4726 2682 4829 regendum
2722 4750 3030 4820 suscipitur.
3061 4746 3131 4800 Et.
3163 4741 3341 4812 major
3365 4740 3591 4830 quidem
3603 4726 3803 4830 natqu

2276 4826 2484 4907 tbarius
2504 4844 2791 4901 Franciam
2837 4856 2959 4896 cum
3009 4837 3188 4902 Italia,
3227 4831 3533 4889 Ludovicus
3561 4826 3799 4880 Saxonum

2273 4955 2596 5010 omnemque
2639 4933 3008 4998 Germaniam,
3048 4927 3276 4986 Carolus
3305 4931 3486 4978 autem
3505 4919 3686 4989 junior

2247 5033 2524 5108 gundiam
2553 5043 2675 5086 cum
2705 5024 2995 5096 Aquitania
3039 5018 3300 5092 possedit.
3348 5014 3456 5071 Sed
3487 5021 3548 5067 ut
3574 5013 3638 5066 de

2273 5104 2505 5188 taceam,
2552 5119 2780 5176 bellisne
2816 5116 3001 5173 attrita
3031 5110 3394 5174 decreverint,
3425 5123 3489 5162 an
3511 5118 3642 5176 pace
3663 5104 3798 5155 coun-

2273 5229 2380 5270 nua
2429 5211 2707 5280 aliquanto
2760 5206 3074 5271 floruerint,
3123 5210 3324 5256 nostrae
3373 5196 3542 5270 partis
3581 5196 3800 5286 erumnas

2277 5302 2611 5373 breviloquio
2633 5314 2924 5384 excurrere
2958 5298 3107 5353 libet.
3141 5292 3337 5350 Carolo
3363 5288 3510 5362 regni
3547 5302 3650 5394 neu
3683 5281 3798 5336 mini-
