3916 5434
103 329 212 386 937

1228 329 1314 385 DE
1351 325 1722 386 MIRACULIS
1761 329 1819 385 S.
1860 331 2235 389 BENEDICTI.

3255 337 3358 393 958

103 442 266 512 parti.
318 440 572 508 Quamvis
620 440 763 494 enim
806 439 1070 495 Rainoldo
1112 443 1468 498 eccumbente
1510 443 1684 497 victor
1707 442 1762 502 Α
1786 440 1951 496 latum
1976 455 2196 514 gerente
2221 459 2236 498 :
2266 445 2449 514 sicque
2475 446 2541 501 ad
2573 455 2781 516 tcmpus
2810 447 3145 512 recedentes,
3170 461 3361 502 secuno

101 534 428 588 Lambertus
455 531 745 594 exstiterit,
789 547 895 586 non
938 532 1074 586 adeo
1118 541 1296 586 tamen
1326 531 1568 586 victricia
1615 531 1684 587 ab

100 624 259 677 hoste
305 621 488 676 retulit
535 621 706 690 signa.
755 622 890 675 Dum
938 620 1101 674 millia
1148 637 1366 676 suorum
1405 621 1684 692 prospexit

98 714 371 784 oppetisse
399 712 721 776 satellitum,
759 713 920 781 idque
952 713 1239 767 adversum
1272 713 1559 768 Heriveum
1594 729 1678 768 re-

93 813 311 874 petens,
335 805 542 873 primus
567 811 814 858 natorum
842 801 1089 858 ltainoldi
1118 819 1268 858 arma
1294 807 1364 859 ob
1387 805 1680 860 vindictam

92 908 339 968 paterna:
362 905 723 952 resumentem
747 897 918 960 necis,
934 897 1180 951 eumdem
1201 897 1340 951 male
1367 897 1680 968 depugnan-

91 998 208 1044 tem
239 989 388 1054 vicit,
417 989 648 1057 telisque
675 987 981 1044 confossum
1017 988 1132 1043 neci
1165 989 1398 1043 tradidit.
1435 988 1547 1042 lloc
1571 987 1681 1042 dis-

90 1080 218 1133 sldii
249 1095 447 1150 genere
467 1080 817 1134 bellatoribus
838 1080 1093 1149 utrinque
1135 1080 1506 1150 pereuntibus,
1543 1093 1680 1150 pene

79 1172 273 1225 ~omnis
323 1171 411 1224 illa
447 1172 594 1240 regio
639 1171 1014 1226 defensoribus
1055 1173 1253 1226 nudata
1294 1171 1443 1234 suis,
1499 1174 1676 1243 praeda

87 1263 344 1332 gentibus
372 1264 553 1332 paruit
578 1265 834 1318 externis.
859 1262 1161 1318 Brittonum
1188 1265 1230 1318 si
1253 1265 1466 1333 quidem
1498 1264 1678 1334 proxi-

83 1370 179 1408 ma
210 1355 294 1407 vis
335 1355 560 1409 limitem
591 1364 923 1426 transgressa
967 1355 1267 1424 antiquum,
1310 1353 1676 1408 Namneticam

84 1447 395 1517 regionem,
416 1447 854 1518 Andegavenscm
876 1462 1108 1516 quoque,
1139 1445 1454 1501 Meduanam
1479 1445 1676 1516 (Maine

82 1556 183 1595 seu
215 1540 498 1610 Mayenne)
527 1555 697 1606 usque
721 1538 937 1593 ﬂuvium
965 1538 1225 1594 vastando
1250 1537 1485 1593 caadibus
1515 1546 1676 1606 atque

79 1629 360 1684 incendiis
419 1629 471 1682 in
531 1644 685 1683 suam
736 1629 942 1694 redegit
989 1636 1329 1697 potestatem.
1381 1625 1677 1681 Obstilerat

81 1723 309 1790 quidem
339 1721 663 1774 Lambertns
698 1718 1022 1790 jampridem
1053 1721 1104 1774 id
1132 1719 1497 1774 adnitentibus
1525 1737 1539 1773 :
1580 1719 1674 1774 sed

1782 535 1851 591 do
1882 537 2112 591 adventu
2152 538 2462 608 prmdictam
2494 539 2766 594 civitatem
2791 539 3165 594 combustione
3203 538 3363 593 dissi-

1780 632 1926 693 pant,
1963 634 2134 678 matre
2160 627 2422 679 duntaxat
2448 626 2696 691 ecclesia,
2723 628 2908 696 quaain
2931 627 3136 681 bonore
3159 634 3361 681 sanctze

1780 715 1987 781 Crucis,
2011 716 2236 785 juhente
2280 719 2633 774 Constantino
2677 720 2936 792 Augusto,
2985 738 3015 776 a
3047 721 3105 774 Β.
3135 720 3363 791 prtesule

1780 807 2002 861 Evurtio
2029 819 2242 864 sacrata
2271 819 2416 872 erat,
2451 811 2630 866 studio
2660 812 2919 867 bonorum
2962 813 3238 867 hominum
3277 829 3363 867 re-

1778 908 2052 954 manente.
2090 899 2230 966 Quid
2277 901 2509 970 denique
2541 903 2706 957 solius
2745 901 3007 972 Neustriac
3033 901 3211 958 clades
3251 918 3362 956 mc-

1778 988 2040 1042 morando
2083 990 2282 1059 stylum
2331 992 2734 1060 protrahimus?
2783 992 2926 1046 haud
2968 993 3095 1048 sola:
3126 1002 3364 1062 quatuor

1778 1093 1940 1149 supra
1968 1090 2280 1135 memoratae
2308 1083 2469 1137 urbes
2495 1083 2688 1136 excidii
2725 1083 2924 1138 damna
2956 1097 3192 1138 sensere.
3223 1081 3363 1149 Quid

1777 1167 1988 1224 Lutetia
2017 1169 2343 1224 Parisiorum
2375 1172 2554 1226 nobile
2580 1181 2742 1242 caput
2760 1213 2774 1238 ,
2803 1173 3164 1243 resplendens
3191 1188 3362 1242 quon-

1778 1260 1899 1314 dam
1928 1261 2130 1331 gloria,
2158 1263 2378 1332 opibus,
2415 1264 2692 1321 fertilitate
2721 1265 2840 1331 soli,
2877 1265 3175 1321 incolarum
3207 1266 3361 1335 quie-

1778 1353 1983 1407 tissi'ma
2025 1369 2186 1424 pace,
2222 1370 2388 1424 quam
2435 1371 2539 1410 non
2588 1356 2861 1411 immerito
2905 1373 3091 1427 regum
3123 1357 3360 1418 divitias.

1777 1444 2076 1513 emporium
2107 1445 2293 1501 dixero
2329 1447 2689 1516 populorum?
2719 1447 2858 1502 Num
2889 1449 3058 1517 magis
3085 1449 3364 1503 ambustos

1776 1533 2020 1598 cineres,
2061 1549 2223 1604 quam
2271 1536 2460 1591 urbem
2504 1536 2737 1591 nobilem
2785 1537 2926 1606 potis
2964 1546 3048 1592 est
3095 1537 3364 1592 cernere?

1777 1624 1915 1692 Quid
1940 1625 2164 1694 proinde
2193 1626 2526 1692 Bellovacus,
2558 1629 2688 1697 quid
2723 1627 3113 1699 Noviomagum
3142 1637 3197 1682 et
3234 1628 3365 1698 ipsae

1777 1715 2046 1784 quondam
2077 1714 2370 1770 Galliarum
2400 1717 2863 1787 prmstantissima:
2889 1718 3073 1782 urbes,
3101 1733 3280 1772 nonne
3309 1725 3368 1771 et

75 1813 230 1881 jussu
264 1812 412 1880 regis
441 1811 558 1865 loco
587 1811 817 1876 cedens,
845 1809 1179 1866 Brittonibus
1199 1811 1418 1880 explere
1445 1819 1670 1866 conatus
1699 1795 1745 1854 B
1774 1807 1902 1875 ipsae
1927 1807 2317 1874 irruptionibus
2339 1807 2762 1874 Nortmannicis,
2788 1816 2950 1877 atque
2982 1806 3163 1861 hostili
3189 1805 3367 1876 gladio

79 1905 339 1975 permisit
395 1903 726 1958 barbaricos.
790 1903 1056 1958 Praeterea
1115 1903 1477 1967 Nortmanni,
1544 1917 1673 1971 gens

77 1998 458 2067 Aquilonalis,
498 2007 686 2052 nostro
731 1998 914 2066 generi
957 1997 1077 2066 plus
1120 2012 1273 2066 aequo
1323 1997 1670 2068 praecognita,

76 2106 186 2144 non
219 2088 337 2156 jam
370 2088 651 2158 piraticam
681 2089 1016 2150 exercendo,
1048 2102 1262 2142 omnem
1289 2102 1440 2141 oram
1469 2087 1675 2141 mariti-

78 2198 227 2237 mam
255 2181 642 2251 pessumdedit,
671 2190 832 2250 atque
855 2182 934 2250 (ut
957 2179 1136 2234 verius
1159 2178 1357 2247 dicam)
1390 2180 1440 2232 in
1466 2187 1673 2231 vastam

72 2272 294 2342 redegit
323 2271 686 2325 solitudinem.
722 2271 959 2324 Fuerant
985 2285 1171 2325 eorum
1198 2270 1421 2339 pessimi
1449 2277 1674 2323 conatus

75 2382 222 2435 szepe
257 2382 290 2419 a
319 2365 548 2419 ducibus
581 2365 788 2419 illarum
824 2365 1103 2434 regionum
1144 2363 1358 2442 sibimet
1385 2362 1674 2416 succeden-

76 2460 214 2512 tium
274 2457 553 2520 frustrati,
607 2456 899 2511 Lamberto
950 2455 1156 2510 scilicet
1203 2462 1364 2523 atque
1414 2451 1674 2506 Rotberto

73 2564 296 2604 necnon
371 2545 622 2601 Rainulfo
680 2562 694 2601 :
766 2547 860 2602 sed
930 2546 1036 2600 illis
1101 2545 1254 2600 varia
1327 2543 1675 2614 pereuntibus

73 2649 260 2702 sorte,
302 2638 483 2692 omnis
521 2637 634 2692 fere
661 2635 940 2702 Neustria,
971 2651 1089 2706 qua:
1133 2651 1162 2689 a
1191 2633 1496 2689 Genabensi
1542 2631 1676 2687 urbe

70 2745 176 2798 per
217 2737 598 2782 transversum
645 2726 912 2781 Lutetiam
959 2740 1130 2795 usque
1177 2723 1510 2778 Parisiorum
1547 2737 1674 2792 per-

75 2820 246 2890 tingit
274 2818 531 2888 oppidum
565 2830 613 2883 a,
653 2815 1048 2871 Nortmannicze
1073 2815 1250 2885 patuit
1276 2812 1494 2868 feritati.
1527 2811 1674 2866 Irru-

71 2912 366 2981 ptionihus
403 2925 636 2979 namque
664 2909 1010 2964 creberrimis
1047 2918 1243 2962 cuncta
1278 2905 1540 2960 vastando
1570 2905 1676 2960 cir-

77 3010 446 3067 cumeuntes,
490 3003 666 3071 primo
707 3001 916 3076 pedites
955 2999 1206 3068 quidem,
1237 3014 1303 3054 eo
1343 2996 1483 3066 quod
1521 2995 1675 3066 equi-

74 3095 239 3148 tandi
269 3093 466 3162 peritia
496 3094 735 3155 deesset,
769 3091 961 3146 deinde
988 3091 1142 3160 equis
1182 3089 1353 3144 evecti
1392 3103 1544 3142 more
1579 3102 1675 3142 no-

75 3193 356 3248 strorum,
382 3183 564 3236 omnia
595 3191 977 3253 pervagantur.
1016 3181 1222 3235 Interea
1257 3180 1546 3235 stationem
1576 3194 1673 3231 na-

75 3279 237 3332 vium
265 3293 491 3332 suarum
511 3317 525 3342 ,
568 3291 633 3331 ac
673 3277 720 3331 si
750 3275 956 3346 asylum
985 3273 1223 3329 omnium
1253 3271 1682 3327 latrunculorum

73 3367 135 3422 in
183 3366 364 3422 insula
405 3367 635 3436 quadam
670 3365 917 3421 cmnobio
958 3364 1018 3420 S.
1045 3363 1303 3418 Florentii
1336 3363 1364 3403 ι)
1404 3361 1679 3430 supposita

69 3467 515 3530 componentes,
546 3459 778 3528 mapalia
819 3471 1032 3528 quoque
1074 3456 1246 3510 instar
1282 3452 1681 3526 aadilicaverunt

70 3552 271 3621 burgi,
293 3566 404 3620 quo
430 3551 766 3619 captivorum
790 3564 982 3619 greges
1005 3545 1213 3603 catenis
1237 3545 1488 3599 astrictos
1507 3559 1680 3598 asser-

70 3648 287 3695 varent
316 3640 527 3709 ipsique
553 3655 651 3709 pro
680 3648 918 3707 tempore
953 3651 1184 3706 corpora
1221 3651 1250 3688 a
1280 3634 1464 3688 labore
1493 3632 1678 3686 refice-

68 3739 208 3786 rent
239 3729 573 3799 expeditioni
618 3729 762 3784 illico
789 3728 1056 3784 servitura
1097 3744 1110 3780 :
1142 3741 1208 3781 ex
1239 3741 1343 3795 qua
1375 3725 1679 3796 inopinatos

70 3824 372 3878 discursus
404 3822 669 3901 agitantes
688 3862 701 3885 ,
729 3821 887 3874 modo
918 3819 1172 3883 navibus,
1219 3817 1378 3872 modo
1405 3817 1557 3886 equis
1585 3817 1680 3870 de-

69 3913 200 3979 lati,
265 3922 433 3967 totam
463 3912 812 3966 circumcirca
839 3909 1084 3964 delevere
1112 3907 1464 3977 provinciam,
1491 3914 1546 3960 et
1567 3905 1680 3974 pri-

65 4022 170 4061 mo
226 4003 448 4074 quidem
496 4005 731 4059 adventu
779 4003 967 4057 urbem
1011 4001 1380 4056 Namneticam
1430 4002 1677 4059 incendio

67 4079 407 4152 cremavere
445 4095 606 4167 (anno
633 4095 778 4168 855).
810 4085 1258 4164 'Andegavensem
1298 4104 1677 4163 percurrentes

63 4191 412 4259 regionem,
465 4188 634 4256 ipsam
690 4187 906 4254 quidem
954 4186 1230 4239 civitatem
1286 4195 1671 4253 concremant;

64 4285 434 4339 Pictavorum
473 4297 605 4336 vero
651 4280 871 4336 castella
927 4288 1089 4349 atque
1124 4279 1311 4345 vicos,
1353 4294 1676 4350 omnemque

64 4375 325 4444 patriam
353 4387 383 4425 a
417 4371 552 4425 mari
580 4385 750 4439 usque
779 4369 1022 4424 eamdem
1049 4369 1324 4423 Pictavam
1354 4370 1542 4424 urbem
1574 4385 1675 4440 po:-

61 4467 368 4537 pnlantur,
388 4473 622 4526 vastant,
646 4463 881 4518 caulibus
903 4461 1172 4531 replentes
1191 4463 1392 4517 omnia.
1416 4461 1672 4532 Sequenti

63 4573 335 4628 tempore
365 4558 578 4628 navigio
604 4557 878 4611 Turonum
904 4556 1146 4621 veniunt,
1175 4571 1402 4626 eamque
1431 4557 1497 4610 de
1525 4572 1676 4612 more

61 4649 365 4720 stragibus
391 4649 698 4716 opplentes,
736 4647 800 4700 ad
833 4655 1162 4716 postremum
1190 4647 1403 4717 ignibus
1431 4648 1672 4703 tradunt.

60 4742 350 4813 Papulata
392 4740 540 4794 omni
582 4739 1004 4807 circumquaque
1048 4738 1289 4808 regione,
1325 4740 1468 4794 haud
1512 4739 1672 4808 longo

58 4842 237 4901 post,
270 4830 550 4900 superiora
595 4828 803 4899 Ligeris
839 4827 1014 4882 amnis
1059 4829 1287 4885 navibus
1334 4839 1669 4902 expetentes,

60 4920 395 4978 Aurelianis
423 4921 749 4990 perveniunt
795 4937 808 4972 :
851 4927 1172 4990 captamque
1197 4921 1387 4976 urbem
1433 4937 1565 4978 auro
1595 4921 1674 4977 di-

1774 1898 2092 1953 concidere?
2113 1897 2264 1968 Piget
2284 1897 2490 1954 referre
2509 1899 2879 1953 emnobiorum
2904 1896 3368 1952 nobilissimorum

1775 2000 1882 2045 tam
1911 1991 2150 2045 virorum
2191 2007 2353 2061 quam
2386 1991 2708 2047 feminarum
2751 1992 2862 2048 Deo
2904 1993 3095 2046 devote
3124 1989 3368 2043 servien-

1774 2083 1908 2138 tium
1949 2082 2193 2147 excidia,
2230 2091 2547 2154 stragesque
2590 2100 2697 2139 non
2743 2082 3059 2153 ignobilium
3105 2081 3365 2153 plebium,

1773 2175 2115 2243 captivitates
2143 2185 2535 2241 matronarum,
2563 2176 2830 2247 virginum
2861 2175 3114 2239 ludibria,
3145 2188 3210 2228 ac
3234 2189 3366 2228 cun-

1772 2274 1859 2320 cta
1897 2281 2017 2334 quae
2040 2267 2198 2320 victis
2224 2266 2459 2321 victores
2500 2265 2702 2321 inferre
2747 2266 2930 2321 valent
2980 2265 3206 2319 infanda
3257 2273 3365 2319 tor—

1773 2366 2076 2410 mentorum
2114 2373 2332 2427 genera.
2361 2357 2500 2424 Quid
2524 2357 2859 2427 Aquitanica:
2889 2357 3063 2428 gentis
3090 2356 3367 2427 ingentem

1775 2447 2007 2501 referam
2053 2447 2488 2512 allhctationem,
2536 2463 2656 2518 quae
2695 2447 2824 2502 olim
2853 2446 3117 2503 bellorum
3157 2446 3364 2509 nutrix,

1775 2556 1916 2595 nunc
1953 2540 2204 2609 frigidam
2250 2541 2392 2596 bello
2425 2540 2681 2612 prmferat
2723 2539 2993 2606 dextram,
3026 2540 3247 2610 suisque
3272 2553 3366 2593 or-

1774 2630 1899 2684 bata
1936 2629 2249 2695 luminibus,
2280 2631 2509 2686 ducibus
2538 2638 2694 2702 egeat
2733 2629 2962 2685 alienis?
2992 2629 3207 2684 Etenim
3249 2627 3368 2698 ipsa

1775 2735 1990 2789 quoque
2009 2721 2242 2790 optimos
2263 2735 2506 2790 quosque
2527 2720 2773 2789 genitalis
2796 2719 2894 2775 soli
2920 2720 2972 2774 in
2995 2733 3115 2774 sese
3133 2718 3365 2788 elidens,

1775 2816 1924 2879 patet
1962 2824 2105 2863 nunc
2152 2812 2332 2878 przeda
2373 2809 2622 2878 gentibus
2662 2809 2871 2865 alienis.
2901 2809 2984 2865 Ab
3023 2808 3139 2878 ipso
3168 2807 3367 2877 quippe

1779 2900 1860 2970 (ut
1886 2899 1961 2952 ita
2000 2898 2209 2970 loquar)
2237 2898 2438 2955 Oceani
2482 2900 2694 2963 littore,
2727 2901 2994 2956 orientem
3024 2913 3235 2962 versus,
3266 2898 3369 2952 Ar—

1777 3002 2002 3042 vernum
2041 3002 2211 3058 usque
2241 2989 2601 3045 clarissimam
2633 2990 2804 3045 veteri
2847 2996 3167 3060 tempestate
3199 2987 3369 3058 Aqui-

1780 3082 1938 3135 tania:
1965 3081 2151 3136 urbem
2175 3122 2190 3146 ,
2229 3082 2374 3137 nulla
2403 3081 2709 3137 libertatem
2741 3083 2973 3138 retinere
2999 3080 3168 3135 valuit
3195 3080 3366 3149 regio,

1703 3145 1750 3208 ο
1782 3187 1889 3226 non
1933 3173 2187 3242 oppidum
2227 3182 2321 3228 aut
2351 3174 2534 3239 vicus,
2582 3189 2689 3229 non
2720 3175 2951 3246 denique
2981 3173 3206 3239 civitas,
3249 3145 3370 3242 quae

1781 3277 1887 3316 non
1914 3272 2095 3334 strage
2123 3263 2273 3318 ferali
2309 3265 2569 3320 ceciderit
2601 3279 2954 3336 paganorum.
2987 3263 3238 3320 Testatur
3267 3265 3370 3318 hoc

1780 3350 2014 3407 Pictavis
2070 3352 2454 3409 fecundissima
2502 3355 2774 3424 quondam
2823 3355 2955 3410 urbs
3002 3355 3308 3425 Aquitania:
3349 3373 3364 3406 :

1779 3444 1882 3501 hoc
1911 3443 2210 3500 Santonum
2235 3487 2250 3513 ,
2289 3447 2394 3502 hoc
2437 3446 2780 3518 Engolisma,
2828 3448 2933 3502 hoc
2969 3446 3388 3509 Petrocorium,‘

1779 3540 1883 3596 hoc
1909 3541 2219 3608 Lemovica,
2250 3543 2354 3598 hoc
2382 3551 2531 3598 certe
2560 3543 2859 3610 Arvernus,
2893 3546 3162 3600 terminus
3196 3562 3365 3600 nune-

1777 3649 1950 3704 usque
1979 3635 2245 3690 barbarici
2279 3635 2442 3706 gladii
2473 3654 2486 3689 :
2520 3636 2804 3707 ipsumque
2841 3637 3130 3692 Avaricum
3176 3635 3366 3709 (Bour-

1778 3726 1908 3797 ges),
1937 3735 2101 3796 caput
2127 3728 2276 3797 regni
2299 3727 2978 3798 Aquitaniciproclamant,
2996 3728 3366 3798 nulla.scilicet

1776 3818 1968 3873 bellica
1995 3819 2284 3884 obviante,
2330 3835 2492 3874 manu
2539 3821 2720 3876 hostili
2769 3823 3005 3893 graviter
3031 3837 3150 3877 sese
3179 3824 3363 3878 conci-

1776 3909 1919 3964 disse
1964 3909 2203 3964 incursu.
2238 3909 2334 3965 His
2363 3919 2527 3982 atque
2554 3911 2924 3980 hujuscemodi
2954 3914 3110 3970 malis
3139 3930 3238 3986 per
3269 3915 3364 3968 tri—

1777 4003 1922 4072 ginta
1967 4002 2136 4058 ferme
2181 4019 2446 4059 annorum
2483 4005 2757 4074 spatium,
2806 4005 2970 4061 Gallis
3008 4023 3115 4061 non
3159 4007 3364 4078 absque

1775 4092 1988 4162 piaculo
2015 4093 2377 4161 quorumlibet
2419 4094 2634 4149 detritis
2655 4135 2669 4158 ,
2715 4095 2890 4150 cultus
2919 4112 3132 4168 quoque
3169 4097 3365 4152 divina;

1776 4184 2048 4254 religionis
2069 4185 2340 4254 quomodo
2366 4185 2712 4254 processerit,
2729 4195 2908 4240 utrum
2932 4202 3100 4242 necne
3121 4186 3367 4242 ﬂoruerit

1777 4271 1829 4326 in
1862 4283 2109 4342 promptu
2137 4282 2222 4327 est
2263 4274 2505 4338 cuilibet,
2537 4274 2662 4328 licet
2692 4275 2948 4330 tardioris
2972 4277 3192 4347 ingenii,
3223 4285 3366 4332 mer-

1778 4363 1964 4418 talium
1989 4365 2402 4433 persentiscere.
2420 4363 2553 4431 Quis
2575 4364 2719 4419 enim
2741 4365 3064 4422 Christiana:
3087 4367 3366 4438 religionis

1777 4457 1911 4511 ordo
1955 4471 2198 4510 normam
2227 4472 2292 4512 eo
2323 4457 2583 4526 propositi
2623 4457 2690 4511 ad
2735 4457 2997 4527 liquidum
3025 4460 3366 4528 exsequitur,

1779 4558 1955 4602 utnon
1971 4549 2141 4617 magis
2153 4548 2540 4616 praevaricator
2563 4547 2938 4604 mandatorum
2951 4550 3149 4606 Christi
3158 4549 3370 4617 judice-

1777 4644 1886 4699 tur,
1916 4637 1960 4691 si
1987 4647 2202 4690 actuum
2216 4639 2496 4695 exsecutio
2510 4639 2552 4694 ri
2563 4648 2612 4692 te
2624 4639 2954 4708 vestigetur?
2979 4639 3130 4696 Unde
3144 4653 3252 4694 non
3265 4639 3372 4709 imy

1775 4729 1973 4784 merito
1987 4727 2204 4794 talibus,
2227 4731 2331 4785 hoc
2343 4739 2430 4784 est
2449 4731 2606 4788 nobis
2621 4732 3116 4799 transgressoribus
3136 4745 3374 4799 prtecep

1775 4828 1953 4874 torum
1979 4835 2224 4884 suorum,
2239 4821 2466 4879 ultionis
2482 4822 2772 4880 vindictam
2784 4820 2914 4876 olim
2932 4837 3029 4892 per
3052 4821 3377 4892 prophetam

1782 4915 2171 4981 repromissam
2186 4914 2402 4970 videtur
2424 4915 2699 4986 inﬂigere.
2714 4909 2854 4964 Dicit
2881 4914 3026 4968 enim
3045 4909 3386 4968 comminans

59 5013 362 5082 strahupt,
387 5011 522 5082 Agio
549 5023 570 5050 ε
601 5021 732 5068 tunc
759 5012 1015 5079 temporis
1038 5011 1274 5080 prtefatae
1299 5014 1448 5070 urbis
1474 5029 1675 5083 przesu-
1778 5020 1876 5074 Per
1901 5005 2190 5062 Jel‘emiam
2217 5006 2604 5079 prophetam:
2635 5002 2736 5057 Ρτο
2768 5019 2825 5056 eo
2852 5007 2992 5074 Quod
3029 5021 3130 5059 non
3174 4999 3394 5054 audistis

1778 5156 1807 5194 a
1838 5155 1952 5210 qua
1994 5142 2257 5222 dependet
2310 5142 2636 5222 antiquius
2661 5139 3040 5222 monasterium
3068 5178 3081 5202 ,
3113 5142 3409 5200 utrumque

1779 5207 2191 5288 congregationi
2314 5207 2896 5288 Mani-{attributum
3033 5279 3044 5288 _

1847 5275 2088 5364 c'Ag'ius
2141 5283 2434 5339 ordinatus
2473 5275 2628 5353 Ἱείει
2685 5275 3081 5364 Aurelianensis
3132 5275 3419 5364 epiSEOBt‘l‘S

57 5167 204 5226 quae
241 5164 339 5226 vox
377 5148 596 5226 limitem
625 5145 908 5226 signiﬁcat,
942 5160 1007 5200 eo
1033 5147 1174 5214 quod
1215 5148 1412 5226 limites
1439 5149 1673 5222 regionis

59 5218 451 5282 c'ustndirent,
477 5221 613 5274 sicut
641 5227 801 5272 antea
833 5218 994 5270 duces
1024 5230 1088 5270 ac
1115 5221 1359 5276 comites.

143 5307 174 5335 δ
231 5288 368 5343 Nota
407 5291 656 5358 antiquos
676 5285 956 5362 ~l‘leustriae
995 5284 1211 5362 futtiles.
