3916 5434
560 264 667 325 95’)

1546 255 1935 315 ADREV‘ALDI
1984 250 2481 313 FLORIACENSIS
2531 257 2833 317 MONACIII

3703 278 3788 333 ΜΟ

558 380 708 438 rerba
735 396 873 444 mea,
893 395 1006 433 ecce
1029 395 1121 448 ego
1138 378 1360 439 mittam,
1388 386 1434 430 et
1455 390 1721 429 assumant
1744 374 2010 428 universas
2047 386 2139 424 co-
2167 369 2221 431 Α
2249 370 2639 433 habitatoribus
2686 380 3017 447 reperientes
3040 422 3054 446 ,
3085 385 3293 441 cunctis
3339 402 3469 444 vero
3515 396 3789 451 mortalium

556 474 829 545 gnationes
845 469 1137 540 Aquilonis,
1157 470 1229 523 ait
1246 466 1524 532 Dominus,
1539 478 1585 521 et
1603 467 1864 521 adducam
1884 482 1973 520 eas
1987 480 2143 536 super

554 577 749 622 terram
771 565 948 629 istaut,
969 574 1016 619 et
1032 579 1189 634 super
1207 563 1527 616 habitatores
1551 563 1686 633 ejus,
1717 571 1765 615 et
1784 576 1939 631 super
1964 575 2141 614 omnes

556 658 791 715 nationes
812 672 930 729 quat
953 657 1009 711 in
1029 654 1249 710 circuitu
1280 654 1423 709 illius
1451 663 1592 708 sunt.
1625 653 1692 707 Et
1714 651 2026 721 interﬁciant
2055 666 2143 708 eos

555 760 603 805 et
628 766 820 821 ponam
845 764 932 803 cos
960 747 1013 802 in
1041 759 1304 818 stuporem
1335 759 1381 801 st
1408 748 1639 811 s’bilum,
1668 757 1715 801 et
1749 747 1803 800 in
1835 746 2143 801 solitudines

555 841 928 911 sempiternas;
955 838 1271 908 perdamque
1288 855 1354 893 ea:
1373 841 1447 893 eis
1471 854 1645 892 vocem
1670 838 1872 909 gaudii,
1897 848 1944 892 et
1970 853 2142 891 vocem

556 936 773 999 ltrtitia',
807 948 977 987 rocem
1012 933 1210 1002 sponsi,
1239 940 1286 985 et
1320 947 1491 986 vocem
1533 947 1759 1001 sponsae,
1787 946 1961 985 vocem
1990 927 2143 983 molat

555 1037 604 1081 et
632 1042 807 1081 vocem
838 1025 1068 1080 lucerna:
1098 1040 1116 1079 :
1147 1034 1193 1079 et
1226 1025 1321 1079 erit
1353 1024 1591 1078 universa
1618 1032 1759 1077 terra
1793 1038 1909 1092 ejus
1935 1023 1991 1077 in
2016 1021 2144 1077 soli-

556 1118 789 1174 tudinem
810 1158 824 1182 ,
870 1126 918 1171 et
960 1128 1222 1187 stuporem
1252 1116 1387 1182 (lor.
1416 1114 1564 1181 xxv).
1596 1115 1840 1183 Itemque
1876 1129 1975 1185 per
2003 1114 2143 1168 Eze-

554 1207 784 1262 chielem
838 1207 1155 1277 prophetam
1203 1223 1215 1258 :
1264 1204 1375 1258 Fac
1419 1203 1805 1258 conclusionem
1834 1244 1849 1269 ,
1892 1204 2142 1274 quoniam

555 1308 697 1352 terra
729 1296 884 1366 plena
930 1308 1005 1352 est
1033 1297 1240 1367 judicio
1268 1298 1615 1367 sanguinum,
1660 1306 1709 1351 et
1760 1297 1940 1352 civitas
1988 1296 2143 1367 plena

554 1389 830 1459 iniquitate
848 1431 860 1453 ,
890 1401 937 1444 et
965 1390 1227 1443 adducam
1265 1390 1515 1461 pessimos
1544 1390 1609 1442 de
1636 1389 1873 1459 gentibus
1896 1400 1944 1443 et
1973 1390 2140 1460 possi-

555 1482 749 1536 debunt
788 1483 970 1537 domos
995 1500 1207 1547 eorum,
1245 1493 1292 1537 et
1321 1483 1582 1554 quiescere
1612 1482 1808 1552 faciam
1846 1482 2142 1552 superbiam

555 1574 874 1643 potentium,
907 1585 954 1627 et
984 1574 1316 1643 possidebunt
1348 1574 1698 1644 fructuarium
1725 1589 1926 1627 eorum.
1966 1574 2145 1643 Angu-

554 1665 659 1719 stia
694 1666 1080 1734 superveniente
1109 1667 1366 1736 requirent
1390 1683 1588 1737 pacem,
1617 1677 1663 1721 et
1696 1683 1799 1721 non
1830 1660 1934 1721 erit
1959 1681 1978 1719 :
2015 1684 2140 1722 con-

556 1756 788 1811 turbatio
814 1773 969 1827 super
989 1758 1435 1812 conturbationem
1464 1760 1644 1824 veniet,
1671 1769 1721 1813 et
1748 1760 1961 1814 auditus
1988 1777 2144 1831 super

556 1848 794 1902 auditum
819 1888 833 1912 ,
877 1857 923 1903 et
954 1850 1214 1919 requirent
1262 1851 1509 1904 visionem
1555 1851 1619 1905 de
1665 1852 1935 1922 propheta,
1976 1863 2022 1905 et
2060 1852 2144 1907 lex

554 1939 742 2012 peribit
769 1958 801 1994 a
832 1942 1129 2005 sacerdote,
1161 1954 1207 1997 et
1237 1943 1512 1999 consilium
1539 1963 1571 1999 α
1598 1945 1890 1999 senioribus
1922 1943 2139 2015 (Bacch.

554 2032 678 2104 vn).
710 2032 779 2087 Et
804 2040 927 2102 post
968 2049 1136 2102 pauca
1170 2050 1182 2086 :
1228 2033 1526 2089 Secundum
1557 2036 1691 2089 viam
1729 2051 1910 2089 eorum
1949 2035 2144 2105 faciam

556 2125 650 2187 eis,
680 2132 728 2178 et
758 2124 1042 2178 secundum
1061 2125 1270 2195 judicia
1298 2142 1477 2179 eorum
1499 2126 1750 2198 judicabo
1778 2144 1883 2192 eos,
1909 2138 1956 2182 et
1982 2130 2144 2183 scient

555 2216 680 2286 quia
715 2231 807 2286 ego
840 2215 1094 2270 Dominus
1124 2215 1337 2288 (Ibid.).
1383 2217 1479 2273 Est
1517 2220 1701 2289 itaque
1742 2234 1966 2275 cernere
1998 2234 2146 2275 com-

558 2308 911 2365 minationetn
975 2311 1348 2380 propheticum
1416 2321 1604 2367 nostro
1659 2312 1921 2383 assignari
1984 2326 2141 2379 azvo,

557 2400 774 2468 quando
802 2401 872 2455 ob
900 2400 1163 2456 scelerum
1198 2403 1587 2458 immanitatem
1618 2404 1845 2474 populus
1873 2404 2144 2474 quondam

559 2489 654 2545 Dei
685 2500 740 2547 et
769 2507 897 2548 oves
924 2509 1179 2547 manuum
1211 2492 1327 2562 ejus
1348 2495 1456 2549 dati
1485 2504 1613 2550 sunt
1634 2495 1944 2551 nationibus
1974 2496 2027 2552 in
2053 2496 2146 2550 de-

558 2583 942 2650 praedationem
1001 2583 1479 2655 captivitatetnque
1526 2585 1868 2641 durissimum
1918 2601 1935 2640 :
1985 2593 2147 2656 atque

559 2672 734 2727 solum
785 2687 985 2744 nupera
1031 2673 1469 2729 ﬂorentissimum
1514 2685 1709 2742 aetate,
1755 2677 1923 2732 ubere
1968 2675 2145 2747 gleba,

561 2775 993 2835 cunctarumque
1027 2766 1302 2837 opulentia
1341 2783 1550 2831 rerum,
1586 2769 1860 2823 redactum
1892 2768 1944 2823 in
1975 2769 2142 2824 vasti-

562 2866 729 2912 tatem
773 2872 837 2911 ac
881 2858 1226 2912 solitudinem
1270 2868 1592 2914 extremam.
1630 2849 1786 2914 Libet
1828 2859 1992 2929 igitur
2023 2875 2145 2928 eum

562 2950 824 3019 propheta
858 2947 1024 3002 David
1050 2950 1315 3005 veraciter
1344 2950 1650 3005 exclamare
1676 2968 1688 3004 :
1720 2949 1906 3005 Justus
1934 2967 2010 3015 es,
2042 2951 2147 3005 Do-

564 3045 722 3107 mine,
751 3053 797 3097 et
829 3053 1022 3097 rectum
1044 3044 1309 3115 judicium
1343 3053 1490 3099 tuum
1521 3043 1693 3110 (Psal.
1721 3046 1909 3117 CXVIII)
1941 3065 1952 3101 :
1983 3055 2147 3118 atque
2175 3071 2218 3133 ρ

564 3130 687 3187 etim
721 3129 892 3188 altero
929 3132 1202 3189 humiliter
1233 3133 1520 3204 implorare
1555 3153 1568 3189 :
1606 3134 1862 3203 Domine,
1904 3136 2146 3192 miserere

564 3225 750 3289 nostri,
775 3233 823 3278 te
843 3226 979 3279 enim
1000 3228 1446 3296 exspectavimus:
1476 3237 1583 3282 esto
1614 3227 1884 3283 brachium
1916 3240 2148 3284 nostrum

562 3317 619 3370 in
652 3332 805 3370 mane
832 3327 877 3369 et
907 3315 1050 3371 salus
1082 3327 1258 3371 nostra
1286 3318 1342 3371 ia
1372 3328 1598 3389 tempore
1630 3319 1984 3376 tribulationis
2010 3321 2145 3393 (Isa.

564 3409 758 3480 xxxii).
785 3408 911 3464 llaec
936 3409 1004 3464 de
1030 3409 1242 3466 excidio
1265 3408 1671 3480 iucundissima:
1695 3411 1885 3482 patria:
1912 3412 2151 3467 breviter

562 3490 761 3557 litteris
801 3503 1061 3559 mandare
1102 3503 1293 3572 libuit,
1339 3520 1447 3575 quo
1483 3504 1570 3561 bis
1616 3521 1736 3577 qua:
1770 3507 2148 3577 consequenda

561 3603 720 3649 erant
766 3595 1049 3650 clariorem
1095 3611 1415 3666 pararemus
1459 3597 1623 3652 viam.
1672 3595 1900 3652 Omissis
1941 3597 2149 3652 scilicet

562 3684 798 3740 infandis
827 3686 1092 3741 malorum
1121 3686 1386 3752 cladibus,
1414 3703 1536 3758 quae
1572 3688 1688 3758 ipso
1719 3689 1801 3744 sui
1844 3688 2069 3744 horrore
2094 3695 2149 3743 et

561 3780 967 3844 exsecratione,
1006 3780 1129 3852 styli
1161 3796 1378 3835 cursum
1427 3781 1478 3837 in
1516 3791 1687 3838 semet
1727 3782 2016 3840 hebescere
2059 3797 2148 3838 co-

562 3877 712 3940 gunt,
736 3863 852 3940 jam
882 3887 1026 3929 nunc
1054 3873 1121 3927 ad
1149 3874 1484 3943 propositum
1519 3876 1822 3933 redeamus.

1094 3963 1323 4022 CAPUT
1374 3965 1616 4022 XXXIV.

634 4052 974 4112 Floriacense
996 4060 1371 4113 monasterium
1399 4076 1430 4113 a
1460 4060 1804 4116 Nortmannis
1828 4062 2078 4116 diripitur

1146 4145 1209 4182 ac
1238 4130 1580 4186 comburitur.

632 4219 841 4277 Interea
880 4219 1243 4289 Nortmanni,
1293 4231 1351 4278 ut
1398 4239 1559 4294 supra
1609 4225 1794 4296 paucis
1839 4225 2145 4296 praelihavi-

556 4326 701 4377 mus,
725 4312 963 4368 secunda
990 4312 1290 4383 irruptione
1311 4312 1630 4370 Aurelianos
1662 4314 1926 4385 aggressi,
1957 4315 2146 4370 urbem

2251 468 2611 537 temporaneis
2641 468 2896 525 refertum
2919 476 3235 541 commodis,
3268 492 3418 533 more
3443 480 3547 534 sibi
3575 482 3788 541 familiai

2244 558 2575 630 praedantur,
2607 560 2907 630 dissipant,
2945 565 3012 618 ad
3050 576 3384 635 postremum
3410 586 3541 624 vero
3571 572 3674 642 igni
3715 575 3789 627 itu.

2247 651 2415 707 misso
2439 651 2673 708 adurunt
2696 663 2746 706 ι.
2777 654 2978 710 Aberat
3000 655 3110 725 iam
3137 666 3267 715 tunc
3291 675 3490 731 corpus
3516 666 3791 721 sacratisio

2246 758 2393 799 mum
2425 744 2753 802 confessoris
2779 746 2977 804 Christi
2996 750 3268 808 Benedicti
3296 771 3312 808 :
3344 756 3389 808 si
3410 757 3630 825 quidem
3652 761 3790 827 prima

2245 834 2545 890 vastatione
2590 836 2829 906 prtelatae
2873 839 3062 906 urbis,
3109 856 3298 896 curam
3333 842 3497 912 hujus
3544 847 3679 901 sacri
3714 849 3790 903 loci

2246 935 2439 997 agente
2468 926 2744 985 Bernardo
2768 930 2797 971 ιι
2833 931 3151 988 nobilissimi
3179 936 3395 1005 generis
3421 939 3565 1000 viro,
3595 938 3789 995 levatum

2244 1029 2278 1071 ι
2308 1016 2427 1083 loco
2453 1018 2687 1088 scpulcri
2736 1021 3134 1077 sanctissimum
3163 1039 3361 1094 corpus
3386 1026 3444 1079 in
3475 1026 3674 1082 scrinio
3697 1044 3790 1084 ctus

2245 1105 2452 1164 honore
2480 1123 2718 1179 congruo
2746 1113 3039 1181 repositum
3064 1122 3150 1169 est
3177 1131 3191 1169 :
3224 1115 3412 1185 sicque
3444 1117 3503 1170 in
3535 1116 3700 1172 locqu
3725 1135 3793 1189 ge-

2246 1199 2473 1253 statoria
2525 1200 2845 1256 collocatum
2873 1242 2889 1267 ,
2940 1202 3172 1273 qualiter
3214 1220 3549 1276 quocunque
3595 1205 3790 1278 fugiendi

2247 1291 2551 1361 impelleret
2573 1295 2893 1359 necessitas,
2918 1311 2949 1349 a
2976 1295 3237 1352 fratribus
3263 1296 3404 1367 fugre
3432 1298 3685 1371 presidio
3704 1314 3792 1355 sese

2249 1383 2526 1439 tuentibus
2551 1385 2749 1440 deferri
2780 1394 2981 1456 posset.
3015 1385 3124 1442 Sed
3164 1387 3346 1455 gratia
3375 1386 3591 1442 Christi
3618 1398 3792 1458 agente,

2248 1473 2439 1545 gentili
2472 1475 2654 1546 gladio
2681 1476 2837 1533 sedes
2856 1476 2957 1532 sibi
2989 1486 3199 1547 aptatas
3225 1486 3537 1548 repetente,

2250 1579 2337 1619 ma
2367 1566 2607 1621 membra
2652 1565 2770 1622 loco
2813 1567 3122 1622 conduntur
3146 1569 3387 1639 proprio.
3419 1568 3676 1624 Secundo
3697 1585 3794 1626 rem

2251 1654 2469 1711 incursu
2505 1655 2762 1722 hostium,
2798 1656 2912 1727 jam
2948 1657 3223 1728 praelibato
3263 1660 3469 1715 abbate
3500 1658 3707 1715 ultimos
3733 1661 3792 1716 sui

2250 1752 2530 1823 regiminis
2557 1754 2879 1809 decurrente
2906 1755 3065 1820 soles,
3094 1758 3291 1813 iterum
3321 1758 3574 1813 levatum
3610 1760 3794 1814 sanctis-

2247 1846 2443 1901 simum
2471 1860 2668 1916 corpus
2706 1855 2867 1918 atque
2906 1849 2962 1903 in
3004 1849 3178 1905 loculo
3217 1853 3470 1908 vectario
3515 1853 3792 1923 depositam,

2249 1938 2351 1993 hac
2394 1937 2621 2007 illaeque
2660 1948 2821 2008 prout
2862 1941 3239 2009 opportunitas
3282 1942 3426 2012 fugas
3458 1958 3524 1997 se
3552 1943 3791 2006 obtulit,a

2247 2028 2507 2086 fratribus
2534 2031 2795 2087 defestur.
2841 2032 2954 2087 Non
2998 2042 3177 2088 tamen
3223 2034 3366 2089 infra
3411 2036 3541 2091 haec
3586 2038 3793 2105 temporis

2248 2122 2421 2190 spatia
2465 2131 2636 2191 gratia
2684 2124 2863 2178 divina
2894 2138 3078 2180 servos
3109 2140 3237 2181 suos
3262 2141 3587 2196 quanquam
3616 2129 3793 2182 misera.

2248 2211 2433 2266 biliter
2458 2228 2685 2283 peregre
2711 2213 3040 2285 incertisque
3070 2217 3290 2273 sedibus
3310 2216 3566 2286 iactatos
3598 2218 3793 2274 oblivisci

2248 2303 2466 2373 dignata
2499 2311 2603 2368 est,
2630 2305 2758 2378 quin
2791 2305 3066 2362 miraculis
3103 2307 3378 2363 solaretur
3411 2325 3523 2380 per
3562 2309 3793 2365 dilectissi—

2249 2410 2396 2449 mum
2424 2410 2578 2450 suum
2609 2397 2873 2467 patratis:
2903 2406 3168 2469 quatenus
3196 2400 3503 2455 titubantia
3526 2411 3721 2472 propter
3740 2410 3793 2454 tot

2250 2501 2281 2541 a
2302 2486 2506 2542 Iversos
2532 2502 2692 2543 casus
2720 2487 2996 2543 hominum
3025 2491 3188 2545 corda
3206 2531 3221 2554 ,
3266 2506 3331 2546 ex
3379 2494 3669 2561 prmsentia
3695 2494 3791 2547 tanti

2249 2577 2445 2644 Patris,
2475 2579 2672 2635 virtute
2697 2595 2912 2652 quoque
2941 2599 3051 2653 pra:
3092 2585 3267 2641 oculis
3309 2585 3537 2651 habita,
3569 2587 3794 2642 abundatio

2249 2668 2358 2724 tius
2402 2669 2805 2727 roborarentnr.
2862 2672 2990 2729 Post
3038 2676 3364 2731 exhaustum
3405 2690 3645 2749 natnqne
3679 2678 3791 2749 grati

2249 2771 2529 2833 grassante
2557 2764 2803 2819 incendio
2835 2766 3136 2821 coenobium
3155 2806 3171 2831 ,
3216 2765 3361 2821 nulla
3386 2766 3513 2836 jam
3544 2769 3639 2825 soli
3662 2768 3793 2840 gratia

2250 2863 2564 2909 remanente
2593 2854 2810 2926 (quippe
2839 2857 2931 2927 qui
2973 2871 3075 2912 non
3115 2858 3314 2929 templa
3357 2860 3570 2915 divinis
3607 2860 3791 2915 cultibus

2250 2955 2394 3017 apta,
2419 2963 2525 3001 non
2548 2947 2689 3004 lares
2709 2948 2937 3005 diversis
2961 2951 3222 3011 exstructi
3253 2950 3471 3016 usibus,
3501 2968 3606 3006 non
3625 2952 3789 3011 horrea.

2252 3054 2357 3094 non
2383 3053 2603 3110 peoora,
2635 3054 2741 3095 non
2771 3048 2918 3096 certe
2942 3041 3215 3111 quidpiam
3244 3042 3490 3107 decoris,
3521 3052 3613 3097 aut
3637 3042 3791 3095 utilita-

2251 3133 2320 3190 tis
2350 3134 2643 3202 restiterat)
2688 3134 2925 3203 nudique
2953 3134 3315 3189 maceriarum
3362 3135 3610 3205 parietes
3648 3144 3789 3204 stupo-

2251 3240 2361 3280 rem
2406 3226 2773 3295 spectantibus
2801 3224 3006 3290 oeulis,
3034 3226 3436 3297 borroremque
3469 3227 3641 3298 magis
3671 3241 3790 3296 quam

2249 3321 2414 3376 decus
2442 3330 2534 3375 aut
2562 3319 2784 3392 gloriam
2816 3321 3165 3392 praeferrent;
3203 3324 3477 3394 compulsi
3519 3326 3702 3379 fratres
3726 3326 3791 3376 do-

2250 3429 2396 3469 mum
2422 3416 2689 3483 quondam
2712 3413 2877 3484 quieti
2908 3423 3145 3486 aptatam
3177 3416 3524 3487 interpositis
3545 3418 3791 3488 partientes

2250 3507 2509 3568 arcubus,
2551 3505 2618 3561 dc
2648 3516 2800 3577 parte
2835 3507 3084 3562 umbram
3116 3507 3328 3564 ﬁnxere
3356 3511 3592 3567 minoris
3632 3510 3789 3571 saecli.

2249 3596 2304 3652 in
2331 3610 2437 3667 quo
2466 3596 2725 3655 fabricato
2749 3598 2909 3654 altari
2949 3600 3189 3655 divinum
3215 3599 3456 3656 cilicium
3496 3601 3711 3657 interdiu
3730 3614 3792 3653 cc-

2246 3688 2550 3745 lebrabant.
2591 3688 2710 3757 Quo
2756 3690 2921 3746 etiam
2968 3690 3021 3745 in
3070 3690 3189 3747 loco
3226 3702 3248 3730 ε
3293 3707 3499 3762 corpus
3542 3686 3789 3748 beatissimi

2249 3783 2501 3841 deferunt
2523 3782 2830 3850 Benedicti,
2859 3784 2912 3839 in
2944 3784 3121 3838 loculo
3164 3784 3346 3840 adhuc
3375 3784 3668 3856 gestatoria
3688 3778 3791 3853 pusi-

2249 3888 2381 3933 tum.
2408 3876 2547 3933 Dum
2575 3877 2738 3948 igitur
2761 3887 2949 3933 sancta
2975 3893 3040 3931 eo
3063 3877 3416 3946 quiescerent
3444 3873 3790 3939 membra,beo

2248 3978 2505 4040 operante
2537 3968 2641 4025 tale
2669 3968 2937 4041 quoddam
2964 3967 3162 4024 accidit
3199 3966 3552 4023 miraculum.

2810 4100 3038 4158 CAPUT
3078 4099 3301 4157 XXXV.

2248 4215 2503 4289 Pejerans
2549 4233 2642 4289 per
2699 4214 2756 4272 S.
2816 4213 3185 4338 Beneﬁcium"
3204 4214 3517 4285 castigatur.
3573 4210 3789 4268 Pettius:

2875 4302 3037 4338 conra
3061 4301 3163 4338 eset
3190 4323 3205 4338 .

2875 4301 3205 4340 conratescu.

564 4406 901 4462 ambustione
951 4414 1306 4461 concremant
1351 4425 1364 4460 :
1418 4412 1651 4478 parsque
1703 4407 1958 4473 illorum,
2009 4410 2143 4464 duce
2168 4425 2222 4486 D
2318 4406 2583 4477 Tempore
2607 4402 2977 4476 prmﬂxo,hoc
2995 4408 3078 4456 est
3106 4400 3340 4471 septima
3366 4394 3789 4469 lena,pertotins

556 4497 754 4552 Bareto
779 4511 903 4552 cum
925 4497 1283 4568 quadraginta
1310 4497 1555 4562 navibus,
1578 4497 1967 4553 monasterium
1992 4496 2049 4553 S.
2077 4498 2138 4553 P.

555 4588 836 4653 Benedicti
866 4598 1166 4660 expetunt,
1201 4590 1344 4659 quod
1388 4590 1455 4643 ab
1482 4589 1616 4645 urbe
1648 4588 2020 4644 Aurelianensi
2051 4589 2145 4644 de-

554 4696 676 4736 cem
724 4690 780 4738 et
821 4691 947 4738 octo
990 4681 1154 4737 distat
1186 4681 1439 4737 millibus.
1472 4680 1602 4736 Illud
1649 4682 1880 4753 denique
1911 4696 2143 4737 vacuum

633 4853 659 4880 ι
698 4841 754 4895 Id
787 4840 985 4897 factum
1024 4856 1163 4897 anno
1209 4841 1345 4905 865,
1374 4848 1433 4895 ut
1461 4841 1722 4896 scribitur
1759 4841 1812 4894 in
1843 4838 2143 4896 Annalibus

561 4910 895 4983 Bel-tinianis
908 4921 969 4983 et
999 4914 1053 4966 in
1081 4912 1350 4966 Chronico
1378 4912 1631 4983 anonymi
1689 4926 1847 4979 quem
1894 4910 2139 4965 Andreas

565 4980 831 5051 Chesnius
853 4982 971 5036 aliis
1000 4983 1311 5036 auctoribus
1343 4984 1432 5051 qui
1455 4980 1536 5037 de'
1556 4982 2008 5036 Norttnannoru'm
2050 4996 2141 5051 ge-

568 5051 667 5105 stis
696 5050 1051 5118 scripserunt,
1083 5050 1373 5119 praemisit.
1391 5051 1507 5106 Alia
1536 5053 1662 5107 item
1690 5053 1810 5105 vice
1855 5052 1992 5104 idem
2026 5050 2140 5105 mo-

568 5119 865 5172 nasterinm
892 5120 923 5171 a
950 5119 1299 5174 Nortmannis
1321 5121 1657 5176 combustum
1686 5131 1789 5187 est,
1814 5121 1892 5175 uti
1936 5121 2000 5173 ad
2026 5122 2140 5176 illa-

571 5188 735 5243 tionis
786 5189 844 5242 S.
891 5188 1161 5243 Benedicti
1236 5190 1514 5245 historiam
1567 5193 1785 5259 dicitur,
1842 5190 2038 5247 saeculo
2086 5208 2140 5246 IV

570 5256 935 5314 Benedictino.

613 5257 935 5312 enedictino.

645 5330 672 5368 δ
710 5327 1016 5394 Bernartius
1046 5327 1149 5382 iste
1173 5342 1269 5381 seu
1298 5329 1575 5386 Bertaldns
1617 5331 1847 5386 concilio
1888 5313 2142 5386 Suessio4

859 5399 998 5434 nnnd
1033 5395 1073 5434 ς
1126 5395 1431 5434 undantium
1486 5402 1669 5434 ιιηῑιῖιη

572 5400 725 5434 nnnci
779 5414 815 5434 η
859 5400 998 5434 nnnd
1033 5400 1073 5434 ς
1126 5400 1431 5434 “(viandum
1486 5402 1669 5434 ιιηῑιῖιη
1718 5402 1957 5434 ἷιιιο-Γηῖι

2004 5418 2144 5434 unnn

2246 4515 2464 4556 cursum
2500 4498 2628 4553 anni
2672 4512 2738 4553 ex
2768 4494 2905 4551 villis
2932 4494 2986 4548 in
3030 4493 3279 4563 proximo
3319 4490 3650 4551 constitutis,
3674 4499 3789 4541 more

2245 4597 2502 4646 consueto
2559 4588 2744 4652 Orbis,
2798 4586 2867 4640 ad
2917 4583 3303 4639 distrahendas
3357 4597 3453 4637 seu
3509 4577 3789 4637 caementis

2246 4696 2457 4738 merces
2490 4679 2717 4752 populus
2741 4677 3012 4733 conﬂuere
3044 4675 3182 4731 solet
3210 4674 3264 4728 in
3296 4673 3418 4729 loco
3447 4673 3603 4744 juxta
3635 4680 3786 4725 mom—

2246 4856 2450 4895 crucem
2479 4846 2527 4893 et
2551 4836 2745 4893 Christi
2765 4852 2861 4891 san

2250 4913 2316 4965 rii
2348 4909 2403 4965 S.
2440 4909 2700 4963 Benedicti
2727 4899 2887 4977 quod:
2900 4914 3157 4977 annuente
3183 4899 3407 4977 prwfato
3438 4917 3554 4969 rege
3583 4899 3781 4977 κεῖραι-το
3874 4934 3875 4977 γ

2249 4984 2389 5043 rant,
2414 4981 2652 5051 quodque
2676 4971 2813 5051 idem
2846 4973 3109 5051 Rodulfus
3143 4971 3549 5051 subscripserat,
3574 4971 3657 5034 qui
3672 4978 3782 5051 pqr-
3874 4974 3875 4995 π

2249 5041 2707 5123 [αιαήιίαὺὸάιὶαηι
2736 5046 3097 5123 irregularitcr
3139 5041 3418 5105 retinebat,
3443 5049 3614 5092 ratum
3642 5045 3683 5089 ct
3718 5048 3779 5084 nt-

2248 5118 2549 5176 convulsum
2570 5135 2773 5174 servare
2795 5118 3079 5171 studerent.

2324 5205 2347 5234 ο
2388 5192 2524 5247 Hinc
2556 5189 2811 5258 colligunt
2840 5187 2971 5260 socii
3010 5181 3343 5260 Btillandiani
3367 5224 3398 5260 ,_
3429 5186 3671 5260 suspects

2254 5281 2372 5336 quae
2388 5240 3028 5336 a-Biederigoinonacho
3059 5240 3439 5336 'I‘eututticogin

2253 5312 2879 5395 ibti‘otiis—STBenedicti
2919 5341 2985 5380 ex
3015 5328 3145 5382 urbe
3192 5323 3480 5395 Aureliano
3520 5312 3779 5395 contigisse

2419 5389 2565 5434 ..ξιη-
2652 5401 2855 5434 οηὲιῖηοι
2905 5396 3127 5434 alar-inm
3175 5393 3318 5434 ﬁlim
3369 5389 3694 5434 limit-factam
3730 5391 3778 5430 ³(

2255 5409 2565 5434 -ΑῙΑυ--ιιίηιι

2934 4835 3094 4898 iuem,
3117 4842 3173 4886 ut
3206 4830 3533 4901 privilegium
3561 4835 3783 4901 θεοίνια(-
3874 4864 3875 4893 ξ
