  <div class='ocr_page' id='page_1' title='image "/cluster/home/n/w/nwhite01/storage/ocr_20150623/124/hvd.32044011218096/477.png"; bbox 0 0 3916 5434; ppageno 0'>
   <div class='ocr_carea' id='block_1_1' title="bbox 548 338 657 396">
    <p class='ocr_par' dir='ltr' id='par_1_1' title="bbox 548 338 657 396">
     <span class='ocr_line' id='line_1_1' title="bbox 548 338 657 396; baseline 0.009 -2"><span class='ocrx_word' id='word_1_1' title='bbox 548 338 657 396; x_wconf 68' lang='grc' dir='ltr'><strong>ωδ</strong></span> 
     </span>
    </p>
   </div>
   <div class='ocr_carea' id='block_1_2' title="bbox 1540 345 3752 414">
    <p class='ocr_par' dir='ltr' id='par_1_2' title="bbox 1540 345 3752 414">
     <span class='ocr_line' id='line_1_2' title="bbox 1540 345 3752 414; baseline 0.005 -13"><span class='ocrx_word' id='word_1_2' title='bbox 1540 346 1818 404; x_wconf 78' lang='lat' dir='ltr'><strong>ADREVA</strong></span> <span class='ocrx_word' id='word_1_3' title='bbox 1828 345 1936 403; x_wconf 86' lang='lat' dir='ltr'><strong>LDI</strong></span> <span class='ocrx_word' id='word_1_4' title='bbox 1983 349 2481 409; x_wconf 81' lang='lat' dir='ltr'><strong>FLORIACENSIS</strong></span> <span class='ocrx_word' id='word_1_5' title='bbox 2519 352 2822 411; x_wconf 76' lang='lat' dir='ltr'><strong>MONACIII</strong></span> <span class='ocrx_word' id='word_1_6' title='bbox 3674 358 3752 414; x_wconf 73' lang='lat' dir='ltr'><strong>9H</strong></span> 
     </span>
    </p>
   </div>
   <div class='ocr_carea' id='block_1_3' title="bbox 546 434 3755 542">
    <p class='ocr_par' dir='ltr' id='par_1_3' title="bbox 546 434 3755 542">
     <span class='ocr_line' id='line_1_3' title="bbox 546 434 3755 542; baseline 0.007 -39"><span class='ocrx_word' id='word_1_7' title='bbox 546 434 757 507; x_wconf 75' lang='lat' dir='ltr'><strong>meritis</strong></span> <span class='ocrx_word' id='word_1_8' title='bbox 788 452 1142 509; x_wconf 70' lang='lat' dir='ltr'><strong>sacratissimi</strong></span> <span class='ocrx_word' id='word_1_9' title='bbox 1183 454 1455 513; x_wconf 84' lang='lat' dir='ltr'><strong>Benedicti</strong></span> <span class='ocrx_word' id='word_1_10' title='bbox 1501 457 1705 525; x_wconf 88' lang='lat' dir='ltr'><strong>Patris,</strong></span> <span class='ocrx_word' id='word_1_11' title='bbox 1755 462 2009 517; x_wconf 89' lang='lat' dir='ltr'><strong>restinxit</strong></span> <span class='ocrx_word' id='word_1_12' title='bbox 2047 479 2131 518; x_wconf 87' lang='lat' dir='ltr'><strong>ru-</strong></span> <span class='ocrx_word' id='word_1_13' title='bbox 2158 467 2208 527; x_wconf 78' lang='grc' dir='ltr'><strong>Α</strong></span> <span class='ocrx_word' id='word_1_14' title='bbox 2235 479 2332 535; x_wconf 88' lang='lat' dir='ltr'><strong>per</strong></span> <span class='ocrx_word' id='word_1_15' title='bbox 2367 464 2565 521; x_wconf 83' lang='lat' dir='ltr'><strong>Oceani</strong></span> <span class='ocrx_word' id='word_1_16' title='bbox 2603 466 2783 523; x_wconf 82' lang='lat' dir='ltr'><strong>littora</strong></span> <span class='ocrx_word' id='word_1_17' title='bbox 2824 468 3031 525; x_wconf 87' lang='lat' dir='ltr'><strong>attrivit</strong></span> <span class='ocrx_word' id='word_1_18' title='bbox 3069 476 3303 542; x_wconf 86' lang='lat' dir='ltr'><strong>gentem.</strong></span> <span class='ocrx_word' id='word_1_19' title='bbox 3352 468 3457 524; x_wconf 87' lang='lat' dir='ltr'><strong>Sed</strong></span> <span class='ocrx_word' id='word_1_20' title='bbox 3491 477 3549 525; x_wconf 85' lang='lat' dir='ltr'><strong>ut</strong></span> <span class='ocrx_word' id='word_1_21' title='bbox 3584 473 3755 526; x_wconf 80' lang='lat' dir='ltr'><strong>tertiam</strong></span> 
     </span>
    </p>
   </div>
   <div class='ocr_carea' id='block_1_4' title="bbox 547 542 3758 633">
    <p class='ocr_par' dir='ltr' id='par_1_4' title="bbox 547 542 3758 633">
     <span class='ocr_line' id='line_1_4' title="bbox 547 542 3758 633; baseline 0.007 -38"><span class='ocrx_word' id='word_1_22' title='bbox 547 556 694 611; x_wconf 71' lang='lat' dir='ltr'><strong>gum,</strong></span> <span class='ocrx_word' id='word_1_23' title='bbox 720 542 1034 614; x_wconf 78' lang='lat' dir='ltr'><strong>salvumque</strong></span> <span class='ocrx_word' id='word_1_24' title='bbox 1063 561 1223 602; x_wconf 85' lang='lat' dir='ltr'><strong>omne</strong></span> <span class='ocrx_word' id='word_1_25' title='bbox 1250 551 1510 606; x_wconf 73' lang='lat' dir='ltr'><strong>remansit</strong></span> <span class='ocrx_word' id='word_1_26' title='bbox 1532 553 1835 623; x_wconf 85' lang='lat' dir='ltr'><strong>tugurium,</strong></span> <span class='ocrx_word' id='word_1_27' title='bbox 1858 570 1967 610; x_wconf 91' lang='lat' dir='ltr'><strong>uno</strong></span> <span class='ocrx_word' id='word_1_28' title='bbox 2002 556 2135 611; x_wconf 78' lang='lat' dir='ltr'><strong>dun-</strong></span> <span class='ocrx_word' id='word_1_29' title='bbox 2231 558 2385 629; x_wconf 83' lang='lat' dir='ltr'><strong>juxta</strong></span> <span class='ocrx_word' id='word_1_30' title='bbox 2411 560 2727 630; x_wconf 79' lang='lat' dir='ltr'><strong>prophetam</strong></span> <span class='ocrx_word' id='word_1_31' title='bbox 2751 560 2838 631; x_wconf 88' lang='grc'><strong>(11</strong></span> <span class='ocrx_word' id='word_1_32' title='bbox 2859 560 2989 633; x_wconf 28' lang='lat' dir='ltr'><strong>.Reg.</strong></span> <span class='ocrx_word' id='word_1_33' title='bbox 3022 563 3133 630; x_wconf 81' lang='lat' dir='ltr'><strong>xiv)</strong></span> <span class='ocrx_word' id='word_1_34' title='bbox 3160 561 3311 615; x_wconf 85' lang='lat' dir='ltr'><strong>orbis</strong></span> <span class='ocrx_word' id='word_1_35' title='bbox 3337 561 3758 632; x_wconf 73' lang='lat' dir='ltr'><strong>experireer</strong></span> 
     </span>
    </p>
   </div>
   <div class='ocr_carea' id='block_1_5' title="bbox 544 633 2129 708">
    <p class='ocr_par' dir='ltr' id='par_1_5' title="bbox 544 633 2129 708">
     <span class='ocr_line' id='line_1_5' title="bbox 544 633 2129 708; baseline 0.009 -21"><span class='ocrx_word' id='word_1_36' title='bbox 544 641 699 688; x_wconf 85' lang='lat' dir='ltr'><strong>taxat</strong></span> <span class='ocrx_word' id='word_1_37' title='bbox 720 633 929 703; x_wconf 82' lang='lat' dir='ltr'><strong>pariete</strong></span> <span class='ocrx_word' id='word_1_38' title='bbox 948 636 1217 707; x_wconf 87' lang='lat' dir='ltr'><strong>ambusto,</strong></span> <span class='ocrx_word' id='word_1_39' title='bbox 1243 640 1335 708; x_wconf 89' lang='lat' dir='ltr'><strong>qui</strong></span> <span class='ocrx_word' id='word_1_40' title='bbox 1365 651 1485 696; x_wconf 88' lang='lat' dir='ltr'><strong>erat</strong></span> <span class='ocrx_word' id='word_1_41' title='bbox 1506 652 1793 699; x_wconf 75' lang='lat' dir='ltr'><strong>contextus</strong></span> <span class='ocrx_word' id='word_1_42' title='bbox 1820 659 1888 700; x_wconf 84' lang='lat' dir='ltr'><strong>ex</strong></span> <span class='ocrx_word' id='word_1_43' title='bbox 1912 646 2129 702; x_wconf 84' lang='lat' dir='ltr'><strong>vimine.</strong></span> 
     </span>
    </p>
   </div>
   <div class='ocr_carea' id='block_1_6' title="bbox 547 725 1575 795">
    <p class='ocr_par' dir='ltr' id='par_1_6' title="bbox 547 725 1575 795">
     <span class='ocr_line' id='line_1_6' title="bbox 547 725 1575 795; baseline 0.011 -17"><span class='ocrx_word' id='word_1_44' title='bbox 547 733 849 795; x_wconf 78' lang='lat' dir='ltr'><strong>cunctaque</strong></span> <span class='ocrx_word' id='word_1_45' title='bbox 874 725 1017 783; x_wconf 88' lang='lat' dir='ltr'><strong>illius</strong></span> <span class='ocrx_word' id='word_1_46' title='bbox 1051 744 1360 787; x_wconf 86' lang='lat' dir='ltr'><strong>remansere</strong></span> <span class='ocrx_word' id='word_1_47' title='bbox 1391 732 1575 789; x_wconf 67' lang='lat' dir='ltr'><strong>illaesa.</strong></span> 
     </span>
    </p>
   </div>
   <div class='ocr_carea' id='block_1_7' title="bbox 1071 861 1618 923">
    <p class='ocr_par' dir='ltr' id='par_1_7' title="bbox 1071 861 1618 923">
     <span class='ocr_line' id='line_1_7' title="bbox 1071 861 1618 923; baseline 0.007 -6"><span class='ocrx_word' id='word_1_48' title='bbox 1071 861 1298 919; x_wconf 82' lang='lat' dir='ltr'><strong>CAPUT</strong></span> <span class='ocrx_word' id='word_1_49' title='bbox 1337 864 1618 923; x_wconf 76' lang='lat' dir='ltr'><strong>XXXVIII.</strong></span> 
     </span>
    </p>
   </div>
   <div class='ocr_carea' id='block_1_8' title="bbox 658 947 2019 1039">
    <p class='ocr_par' dir='ltr' id='par_1_8' title="bbox 658 947 2019 1033">
     <span class='ocr_line' id='line_1_8' title="bbox 658 947 2019 1033; baseline 0.015 -34"><span class='ocrx_word' id='word_1_50' title='bbox 658 947 873 1003; x_wconf 74' lang='lat' dir='ltr'><strong>Vineam</strong></span> <span class='ocrx_word' id='word_1_51' title='bbox 904 954 1207 1006; x_wconf 75' lang='lat' dir='ltr'><strong>monasterii</strong></span> <span class='ocrx_word' id='word_1_52' title='bbox 1244 954 1499 1012; x_wconf 74' lang='lat' dir='ltr'><strong>invadens</strong></span> <span class='ocrx_word' id='word_1_53' title='bbox 1522 968 1686 1014; x_wconf 81' lang='lat' dir='ltr'><strong>morte</strong></span> <span class='ocrx_word' id='word_1_54' title='bbox 1717 964 2019 1033; x_wconf 77' lang='lat' dir='ltr'><strong>corripitur.</strong></span> 
     </span>
    </p>
   </div>
   <div class='ocr_carea' id='block_1_9' title="bbox 543 1043 2131 1143">
    <p class='ocr_par' dir='ltr' id='par_1_9' title="bbox 543 1043 2131 1143">
     <span class='ocr_line' id='line_1_9' title="bbox 543 1043 2131 1143; baseline 0.016 -36"><span class='ocrx_word' id='word_1_55' title='bbox 543 1043 551 1049; x_wconf 70' lang='grc'><em>’</em></span> <span class='ocrx_word' id='word_1_56' title='bbox 614 1058 785 1127; x_wconf 57' lang='lat' dir='ltr'><strong>(latim</strong></span> <span class='ocrx_word' id='word_1_57' title='bbox 812 1060 1060 1116; x_wconf 89' lang='lat' dir='ltr'><strong>Cervinm</strong></span> <span class='ocrx_word' id='word_1_58' title='bbox 1080 1060 1345 1137; x_wconf 81' lang='lat' dir='ltr'><strong>(Sacerge)</strong></span> <span class='ocrx_word' id='word_1_59' title='bbox 1363 1082 1531 1139; x_wconf 84' lang='lat' dir='ltr'><strong>pagus</strong></span> <span class='ocrx_word' id='word_1_60' title='bbox 1555 1070 1771 1141; x_wconf 87' lang='lat' dir='ltr'><strong>quidam</strong></span> <span class='ocrx_word' id='word_1_61' title='bbox 1795 1073 2131 1143; x_wconf 70' lang='lat' dir='ltr'><strong>Aquitanica:</strong></span> 
     </span>
    </p>
   </div>
   <div class='ocr_carea' id='block_1_10' title="bbox 544 1148 2129 1221">
    <p class='ocr_par' dir='ltr' id='par_1_10' title="bbox 544 1148 2129 1221">
     <span class='ocr_line' id='line_1_10' title="bbox 544 1148 2129 1221; baseline 0.014 -24"><span class='ocrx_word' id='word_1_62' title='bbox 544 1148 836 1214; x_wconf 70' lang='lat' dir='ltr'><strong>provinciae</strong></span> <span class='ocrx_word' id='word_1_63' title='bbox 882 1152 1028 1221; x_wconf 83' lang='lat' dir='ltr'><strong>regia</strong></span> <span class='ocrx_word' id='word_1_64' title='bbox 1078 1153 1405 1211; x_wconf 85' lang='lat' dir='ltr'><strong>liberalitate</strong></span> <span class='ocrx_word' id='word_1_65' title='bbox 1454 1159 1705 1215; x_wconf 77' lang='lat' dir='ltr'><strong>cmnobio</strong></span> <span class='ocrx_word' id='word_1_66' title='bbox 1752 1161 1808 1217; x_wconf 99' lang='grc'><strong>8.</strong></span> <span class='ocrx_word' id='word_1_67' title='bbox 1855 1163 2129 1219; x_wconf 88' lang='lat' dir='ltr'><strong>Benedicti</strong></span> 
     </span>
    </p>
   </div>
   <div class='ocr_carea' id='block_1_11' title="bbox 540 1239 2131 1315">
    <p class='ocr_par' dir='ltr' id='par_1_11' title="bbox 540 1239 2131 1315">
     <span class='ocr_line' id='line_1_11' title="bbox 540 1239 2131 1315; baseline 0.016 -27"><span class='ocrx_word' id='word_1_68' title='bbox 540 1239 793 1305; x_wconf 81' lang='lat' dir='ltr'><strong>donatus,</strong></span> <span class='ocrx_word' id='word_1_69' title='bbox 818 1243 1000 1299; x_wconf 89' lang='lat' dir='ltr'><strong>multis</strong></span> <span class='ocrx_word' id='word_1_70' title='bbox 1015 1245 1315 1303; x_wconf 88' lang='lat' dir='ltr'><strong>vicinorum</strong></span> <span class='ocrx_word' id='word_1_71' title='bbox 1334 1249 1802 1315; x_wconf 89' lang='lat' dir='ltr'><strong>insectationibus,</strong></span> <span class='ocrx_word' id='word_1_72' title='bbox 1824 1265 1880 1310; x_wconf 91' lang='lat' dir='ltr'><strong>et</strong></span> <span class='ocrx_word' id='word_1_73' title='bbox 1896 1257 2131 1313; x_wconf 84' lang='lat' dir='ltr'><strong>maxime</strong></span> 
     </span>
    </p>
   </div>
   <div class='ocr_carea' id='block_1_12' title="bbox 484 1318 2124 1416">
    <p class='ocr_par' dir='ltr' id='par_1_12' title="bbox 484 1318 2124 1416">
     <span class='ocr_line' id='line_1_12' title="bbox 484 1318 2124 1416; baseline 0.015 -32"><span class='ocrx_word' id='word_1_74' title='bbox 484 1354 489 1358; x_wconf 53' lang='grc' dir='ltr'><strong>ν</strong></span> <span class='ocrx_word' id='word_1_75' title='bbox 539 1318 839 1402; x_wconf 87' lang='lat' dir='ltr'><strong>primorum</strong></span> <span class='ocrx_word' id='word_1_76' title='bbox 870 1341 1077 1408; x_wconf 77' lang='lat' dir='ltr'><strong>patriae,</strong></span> <span class='ocrx_word' id='word_1_77' title='bbox 1105 1357 1135 1395; x_wconf 91' lang='lat' dir='ltr'><strong>a</strong></span> <span class='ocrx_word' id='word_1_78' title='bbox 1164 1352 1430 1413; x_wconf 86' lang='lat' dir='ltr'><strong>potestate</strong></span> <span class='ocrx_word' id='word_1_79' title='bbox 1469 1347 1624 1416; x_wconf 83' lang='lat' dir='ltr'><strong>hujus</strong></span> <span class='ocrx_word' id='word_1_80' title='bbox 1669 1350 1770 1405; x_wconf 67' lang='lat' dir='ltr'><strong>labi</strong></span> <span class='ocrx_word' id='word_1_81' title='bbox 1802 1351 2124 1408; x_wconf 68' lang='lat' dir='ltr'><strong>desciverat.</strong></span> 
     </span>
    </p>
   </div>
   <div class='ocr_carea' id='block_1_13' title="bbox 540 1423 2129 1507">
    <p class='ocr_par' dir='ltr' id='par_1_13' title="bbox 540 1423 2129 1507">
     <span class='ocr_line' id='line_1_13' title="bbox 540 1423 2129 1507; baseline 0.013 -32"><span class='ocrx_word' id='word_1_82' title='bbox 540 1423 607 1476; x_wconf 83' lang='lat' dir='ltr'><strong>At</strong></span> <span class='ocrx_word' id='word_1_83' title='bbox 638 1434 760 1499; x_wconf 86' lang='lat' dir='ltr'><strong>post</strong></span> <span class='ocrx_word' id='word_1_84' title='bbox 800 1426 1020 1499; x_wconf 85' lang='lat' dir='ltr'><strong>longum</strong></span> <span class='ocrx_word' id='word_1_85' title='bbox 1062 1435 1321 1503; x_wconf 88' lang='lat' dir='ltr'><strong>temporis</strong></span> <span class='ocrx_word' id='word_1_86' title='bbox 1360 1438 1618 1507; x_wconf 86' lang='lat' dir='ltr'><strong>spatium,</strong></span> <span class='ocrx_word' id='word_1_87' title='bbox 1659 1441 1900 1494; x_wconf 78' lang='lat' dir='ltr'><strong>maximo</strong></span> <span class='ocrx_word' id='word_1_88' title='bbox 1944 1441 2129 1497; x_wconf 87' lang='lat' dir='ltr'><strong>labore</strong></span> 
     </span>
    </p>
   </div>
   <div class='ocr_carea' id='block_1_14' title="bbox 540 1519 2119 1600">
    <p class='ocr_par' dir='ltr' id='par_1_14' title="bbox 540 1519 2119 1600">
     <span class='ocr_line' id='line_1_14' title="bbox 540 1519 2119 1600; baseline 0.014 -34"><span class='ocrx_word' id='word_1_89' title='bbox 540 1529 824 1591; x_wconf 73' lang='lat' dir='ltr'><strong>servorum</strong></span> <span class='ocrx_word' id='word_1_90' title='bbox 872 1519 965 1575; x_wconf 84' lang='lat' dir='ltr'><strong>Dei</strong></span> <span class='ocrx_word' id='word_1_91' title='bbox 1011 1524 1244 1593; x_wconf 76' lang='lat' dir='ltr'><strong>prOpriae</strong></span> <span class='ocrx_word' id='word_1_92' title='bbox 1293 1529 1575 1585; x_wconf 88' lang='lat' dir='ltr'><strong>restitutus</strong></span> <span class='ocrx_word' id='word_1_93' title='bbox 1625 1532 1898 1600; x_wconf 70' lang='lat' dir='ltr'><strong>potestaai,</strong></span> <span class='ocrx_word' id='word_1_94' title='bbox 1944 1534 2119 1588; x_wconf 88' lang='lat' dir='ltr'><strong>consi-</strong></span> 
     </span>
    </p>
   </div>
   <div class='ocr_carea' id='block_1_15' title="bbox 538 1604 2128 1686">
    <p class='ocr_par' dir='ltr' id='par_1_15' title="bbox 538 1604 2128 1686">
     <span class='ocr_line' id='line_1_15' title="bbox 538 1604 2128 1686; baseline 0.016 -30"><span class='ocrx_word' id='word_1_95' title='bbox 538 1604 780 1685; x_wconf 82' lang='lat' dir='ltr'><strong>liumque</strong></span> <span class='ocrx_word' id='word_1_96' title='bbox 826 1612 1134 1668; x_wconf 84' lang='lat' dir='ltr'><strong>necessario</strong></span> <span class='ocrx_word' id='word_1_97' title='bbox 1188 1627 1461 1679; x_wconf 86' lang='lat' dir='ltr'><strong>repertum</strong></span> <span class='ocrx_word' id='word_1_98' title='bbox 1520 1629 1622 1686; x_wconf 87' lang='lat' dir='ltr'><strong>est,</strong></span> <span class='ocrx_word' id='word_1_99' title='bbox 1679 1629 1737 1676; x_wconf 88' lang='lat' dir='ltr'><strong>ut</strong></span> <span class='ocrx_word' id='word_1_100' title='bbox 1797 1624 2128 1681; x_wconf 79' lang='lat' dir='ltr'><strong>habitatione</strong></span> 
     </span>
    </p>
   </div>
   <div class='ocr_carea' id='block_1_16' title="bbox 466 1690 2123 1786">
    <p class='ocr_par' dir='ltr' id='par_1_16' title="bbox 466 1690 2123 1786">
     <span class='ocr_line' id='line_1_16' title="bbox 466 1690 2123 1786; baseline 0.013 -33"><span class='ocrx_word' id='word_1_101' title='bbox 466 1755 492 1767; x_wconf 67' lang='grc'><em>,</em></span> <span class='ocrx_word' id='word_1_102' title='bbox 541 1714 777 1785; x_wconf 85' lang='lat' dir='ltr'><strong>congrua</strong></span> <span class='ocrx_word' id='word_1_103' title='bbox 827 1706 1110 1763; x_wconf 86' lang='lat' dir='ltr'><strong>monachis</strong></span> <span class='ocrx_word' id='word_1_104' title='bbox 1156 1690 1536 1782; x_wconf 72' lang='lat' dir='ltr'><strong>qudquomodo</strong></span> <span class='ocrx_word' id='word_1_105' title='bbox 1581 1715 1714 1771; x_wconf 89' lang='lat' dir='ltr'><strong>inibi</strong></span> <span class='ocrx_word' id='word_1_106' title='bbox 1772 1727 2123 1786; x_wconf 84' lang='lat' dir='ltr'><strong>constructa,</strong></span> 
     </span>
    </p>
   </div>
   <div class='ocr_carea' id='block_1_17' title="bbox 538 1780 2201 1877">
    <p class='ocr_par' dir='ltr' id='par_1_17' title="bbox 538 1780 2201 1877">
     <span class='ocr_line' id='line_1_17' title="bbox 538 1780 2201 1877; baseline 0.014 -34"><span class='ocrx_word' id='word_1_107' title='bbox 538 1780 758 1863; x_wconf 68' lang='lat' dir='ltr'><strong>assidue</strong></span> <span class='ocrx_word' id='word_1_108' title='bbox 784 1798 1034 1871; x_wconf 86' lang='lat' dir='ltr'><strong>monachi</strong></span> <span class='ocrx_word' id='word_1_109' title='bbox 1080 1799 1186 1857; x_wconf 89' lang='lat' dir='ltr'><strong>duo</strong></span> <span class='ocrx_word' id='word_1_110' title='bbox 1227 1780 1311 1857; x_wconf 87' lang='lat' dir='ltr'><strong>vel</strong></span> <span class='ocrx_word' id='word_1_111' title='bbox 1342 1812 1452 1859; x_wconf 93' lang='lat' dir='ltr'><strong>tres</strong></span> <span class='ocrx_word' id='word_1_112' title='bbox 1497 1806 1692 1863; x_wconf 88' lang='lat' dir='ltr'><strong>ibidem</strong></span> <span class='ocrx_word' id='word_1_113' title='bbox 1731 1809 2121 1877; x_wconf 88' lang='lat' dir='ltr'><strong>persisterent:</strong></span> <span class='ocrx_word' id='word_1_114' title='bbox 2152 1814 2201 1874; x_wconf 91' lang='lat' dir='ltr'><strong>B</strong></span> 
     </span>
    </p>
   </div>
   <div class='ocr_carea' id='block_1_18' title="bbox 542 1886 2121 1969">
    <p class='ocr_par' dir='ltr' id='par_1_18' title="bbox 542 1886 2121 1969">
     <span class='ocr_line' id='line_1_18' title="bbox 542 1886 2121 1969; baseline 0.015 -37"><span class='ocrx_word' id='word_1_115' title='bbox 542 1896 825 1952; x_wconf 82' lang='lat' dir='ltr'><strong>quousque</strong></span> <span class='ocrx_word' id='word_1_116' title='bbox 857 1886 1040 1943; x_wconf 88' lang='lat' dir='ltr'><strong>faciles</strong></span> <span class='ocrx_word' id='word_1_117' title='bbox 1072 1889 1463 1967; x_wconf 82' lang='lat' dir='ltr'><strong>Aquitanorum</strong></span> <span class='ocrx_word' id='word_1_118' title='bbox 1494 1896 1659 1952; x_wconf 89' lang='lat' dir='ltr'><strong>animi</strong></span> <span class='ocrx_word' id='word_1_119' title='bbox 1701 1899 1767 1952; x_wconf 90' lang='lat' dir='ltr'><strong>ad</strong></span> <span class='ocrx_word' id='word_1_120' title='bbox 1802 1914 1937 1953; x_wconf 88' lang='lat' dir='ltr'><strong>nova</strong></span> <span class='ocrx_word' id='word_1_121' title='bbox 1973 1915 2121 1969; x_wconf 63' lang='lat' dir='ltr'><strong>quae-</strong></span> 
     </span>
    </p>
   </div>
   <div class='ocr_carea' id='block_1_19' title="bbox 538 1958 2122 2066">
    <p class='ocr_par' dir='ltr' id='par_1_19' title="bbox 538 1958 2122 2066">
     <span class='ocr_line' id='line_1_19' title="bbox 538 1958 2122 2066; baseline 0.015 -39"><span class='ocrx_word' id='word_1_122' title='bbox 538 1958 649 2043; x_wconf 22' lang='lat' dir='ltr'><strong>ique</strong></span> <span class='ocrx_word' id='word_1_123' title='bbox 675 1976 867 2034; x_wconf 85' lang='lat' dir='ltr'><strong>leviter</strong></span> <span class='ocrx_word' id='word_1_124' title='bbox 896 1958 1201 2052; x_wconf 82' lang='lat' dir='ltr'><strong>mollienda,</strong></span> <span class='ocrx_word' id='word_1_125' title='bbox 1225 1964 1479 2043; x_wconf 85' lang='lat' dir='ltr'><strong>instantia</strong></span> <span class='ocrx_word' id='word_1_126' title='bbox 1510 1990 1738 2046; x_wconf 81' lang='lat' dir='ltr'><strong>fratrum</strong></span> <span class='ocrx_word' id='word_1_127' title='bbox 1782 1994 1850 2047; x_wconf 87' lang='lat' dir='ltr'><strong>ab</strong></span> <span class='ocrx_word' id='word_1_128' title='bbox 1892 1994 1994 2050; x_wconf 87' lang='lat' dir='ltr'><strong>hac</strong></span> <span class='ocrx_word' id='word_1_129' title='bbox 2022 2011 2122 2066; x_wconf 85' lang='lat' dir='ltr'><strong>po-</strong></span> 
     </span>
    </p>
   </div>
   <div class='ocr_carea' id='block_1_20' title="bbox 544 2066 2124 2146">
    <p class='ocr_par' dir='ltr' id='par_1_20' title="bbox 544 2066 2124 2146">
     <span class='ocr_line' id='line_1_20' title="bbox 544 2066 2124 2146; baseline 0.016 -27"><span class='ocrx_word' id='word_1_130' title='bbox 544 2068 847 2126; x_wconf 87' lang='lat' dir='ltr'><strong>tiendarum</strong></span> <span class='ocrx_word' id='word_1_131' title='bbox 877 2088 1057 2129; x_wconf 88' lang='lat' dir='ltr'><strong>rerum</strong></span> <span class='ocrx_word' id='word_1_132' title='bbox 1097 2066 1443 2146; x_wconf 88' lang='lat' dir='ltr'><strong>quiescerent</strong></span> <span class='ocrx_word' id='word_1_133' title='bbox 1470 2082 1686 2139; x_wconf 88' lang='lat' dir='ltr'><strong>fiducia.</strong></span> <span class='ocrx_word' id='word_1_134' title='bbox 1720 2083 1949 2141; x_wconf 80' lang='lat' dir='ltr'><strong>Mittitur</strong></span> <span class='ocrx_word' id='word_1_135' title='bbox 1970 2088 2038 2143; x_wconf 89' lang='lat' dir='ltr'><strong>ad</strong></span> <span class='ocrx_word' id='word_1_136' title='bbox 2069 2089 2124 2144; x_wconf 88' lang='lat' dir='ltr'><strong>id</strong></span> 
     </span>
    </p>
   </div>
   <div class='ocr_carea' id='block_1_21' title="bbox 542 2159 2125 2249">
    <p class='ocr_par' dir='ltr' id='par_1_21' title="bbox 542 2159 2125 2249">
     <span class='ocr_line' id='line_1_21' title="bbox 542 2159 2125 2249; baseline 0.015 -38"><span class='ocrx_word' id='word_1_137' title='bbox 542 2159 853 2217; x_wconf 86' lang='lat' dir='ltr'><strong>enitendum</strong></span> <span class='ocrx_word' id='word_1_138' title='bbox 883 2164 1219 2238; x_wconf 84' lang='lat' dir='ltr'><strong>Raganarius</strong></span> <span class='ocrx_word' id='word_1_139' title='bbox 1249 2174 1548 2229; x_wconf 87' lang='lat' dir='ltr'><strong>monachus</strong></span> <span class='ocrx_word' id='word_1_140' title='bbox 1574 2191 1779 2247; x_wconf 62' lang='lat' dir='ltr'><strong>magna:</strong></span> <span class='ocrx_word' id='word_1_141' title='bbox 1804 2177 1885 2232; x_wconf 92' lang='lat' dir='ltr'><strong>vir</strong></span> <span class='ocrx_word' id='word_1_142' title='bbox 1911 2178 2125 2249; x_wconf 83' lang='lat' dir='ltr'><strong>religio-</strong></span> 
     </span>
    </p>
   </div>
   <div class='ocr_carea' id='block_1_22' title="bbox 542 2250 2126 2333">
    <p class='ocr_par' dir='ltr' id='par_1_22' title="bbox 542 2250 2126 2333">
     <span class='ocr_line' id='line_1_22' title="bbox 542 2250 2126 2333; baseline 0.015 -28"><span class='ocrx_word' id='word_1_143' title='bbox 542 2250 652 2317; x_wconf 87' lang='lat' dir='ltr'><strong>nis,</strong></span> <span class='ocrx_word' id='word_1_144' title='bbox 683 2254 775 2321; x_wconf 91' lang='lat' dir='ltr'><strong>qui</strong></span> <span class='ocrx_word' id='word_1_145' title='bbox 794 2254 926 2310; x_wconf 88' lang='lat' dir='ltr'><strong>olim</strong></span> <span class='ocrx_word' id='word_1_146' title='bbox 954 2257 1022 2311; x_wconf 91' lang='lat' dir='ltr'><strong>ab</strong></span> <span class='ocrx_word' id='word_1_147' title='bbox 1053 2258 1378 2333; x_wconf 84' lang='lat' dir='ltr'><strong>imperatore</strong></span> <span class='ocrx_word' id='word_1_148' title='bbox 1401 2262 1677 2323; x_wconf 85' lang='lat' dir='ltr'><strong>Ludovico</strong></span> <span class='ocrx_word' id='word_1_149' title='bbox 1704 2284 1827 2325; x_wconf 93' lang='lat' dir='ltr'><strong>cum</strong></span> <span class='ocrx_word' id='word_1_150' title='bbox 1858 2271 1978 2327; x_wconf 90' lang='lat' dir='ltr'><strong>aliis</strong></span> <span class='ocrx_word' id='word_1_151' title='bbox 2001 2272 2126 2329; x_wconf 85' lang='lat' dir='ltr'><strong>Hie-</strong></span> 
     </span>
    </p>
   </div>
   <div class='ocr_carea' id='block_1_23' title="bbox 545 2345 2124 2434">
    <p class='ocr_par' dir='ltr' id='par_1_23' title="bbox 545 2345 2124 2434">
     <span class='ocr_line' id='line_1_23' title="bbox 545 2345 2124 2434; baseline 0.014 -35"><span class='ocrx_word' id='word_1_152' title='bbox 545 2345 872 2418; x_wconf 78' lang='lat' dir='ltr'><strong>rosolymam</strong></span> <span class='ocrx_word' id='word_1_153' title='bbox 899 2347 1098 2405; x_wconf 89' lang='lat' dir='ltr'><strong>missus</strong></span> <span class='ocrx_word' id='word_1_154' title='bbox 1125 2350 1303 2410; x_wconf 80' lang='lat' dir='ltr'><strong>fuerat</strong></span> <span class='ocrx_word' id='word_1_155' title='bbox 1329 2369 1346 2410; x_wconf 90' lang='lat'><strong>:</strong></span> <span class='ocrx_word' id='word_1_156' title='bbox 1376 2366 1538 2427; x_wconf 89' lang='lat' dir='ltr'><strong>atque</strong></span> <span class='ocrx_word' id='word_1_157' title='bbox 1563 2374 1686 2415; x_wconf 90' lang='lat' dir='ltr'><strong>cum</strong></span> <span class='ocrx_word' id='word_1_158' title='bbox 1707 2376 1774 2417; x_wconf 91' lang='lat' dir='ltr'><strong>eo</strong></span> <span class='ocrx_word' id='word_1_159' title='bbox 1801 2363 2124 2434; x_wconf 88' lang='lat' dir='ltr'><strong>Segevertus</strong></span> 
     </span>
    </p>
   </div>
   <div class='ocr_carea' id='block_1_24' title="bbox 539 2438 2125 2527">
    <p class='ocr_par' dir='ltr' id='par_1_24' title="bbox 539 2438 2125 2527">
     <span class='ocr_line' id='line_1_24' title="bbox 539 2438 2125 2527; baseline 0.015 -36"><span class='ocrx_word' id='word_1_160' title='bbox 539 2438 826 2509; x_wconf 65' lang='lat' dir='ltr'><strong>presbyter</strong></span> <span class='ocrx_word' id='word_1_161' title='bbox 860 2456 926 2496; x_wconf 91' lang='lat' dir='ltr'><strong>ac</strong></span> <span class='ocrx_word' id='word_1_162' title='bbox 968 2445 1264 2503; x_wconf 79' lang='lat' dir='ltr'><strong>monachus</strong></span> <span class='ocrx_word' id='word_1_163' title='bbox 1303 2464 1319 2502; x_wconf 91' lang='lat'><strong>:</strong></span> <span class='ocrx_word' id='word_1_164' title='bbox 1365 2451 1457 2519; x_wconf 93' lang='lat' dir='ltr'><strong>qui</strong></span> <span class='ocrx_word' id='word_1_165' title='bbox 1502 2452 1747 2508; x_wconf 84' lang='lat' dir='ltr'><strong>cellulam</strong></span> <span class='ocrx_word' id='word_1_166' title='bbox 1783 2454 1836 2510; x_wconf 92' lang='lat' dir='ltr'><strong>in</strong></span> <span class='ocrx_word' id='word_1_167' title='bbox 1867 2457 2125 2527; x_wconf 64' lang='lat' dir='ltr'><strong>praedicto</strong></span> 
     </span>
    </p>
   </div>
   <div class='ocr_carea' id='block_1_25' title="bbox 541 2533 2128 2619">
    <p class='ocr_par' dir='ltr' id='par_1_25' title="bbox 541 2533 2128 2619">
     <span class='ocr_line' id='line_1_25' title="bbox 541 2533 2128 2619; baseline 0.014 -36"><span class='ocrx_word' id='word_1_168' title='bbox 541 2533 948 2605; x_wconf 84' lang='lat' dir='ltr'><strong>compingentes</strong></span> <span class='ocrx_word' id='word_1_169' title='bbox 987 2536 1128 2603; x_wconf 88' lang='lat' dir='ltr'><strong>loco,</strong></span> <span class='ocrx_word' id='word_1_170' title='bbox 1163 2554 1379 2596; x_wconf 89' lang='lat' dir='ltr'><strong>omnem</strong></span> <span class='ocrx_word' id='word_1_171' title='bbox 1409 2542 1747 2613; x_wconf 68' lang='lat' dir='ltr'><strong>Aquitanicae</strong></span> <span class='ocrx_word' id='word_1_172' title='bbox 1770 2549 1918 2619; x_wconf 82' lang='lat' dir='ltr'><strong>genti</strong></span> <span class='ocrx_word' id='word_1_173' title='bbox 1943 2549 2128 2605; x_wconf 85' lang='lat' dir='ltr'><strong>abstn-</strong></span> 
     </span>
    </p>
   </div>
   <div class='ocr_carea' id='block_1_26' title="bbox 543 2619 2127 2696">
    <p class='ocr_par' dir='ltr' id='par_1_26' title="bbox 543 2619 2127 2696">
     <span class='ocr_line' id='line_1_26' title="bbox 543 2619 2127 2696; baseline 0.015 -23"><span class='ocrx_word' id='word_1_174' title='bbox 543 2619 655 2676; x_wconf 89' lang='lat' dir='ltr'><strong>lere</strong></span> <span class='ocrx_word' id='word_1_175' title='bbox 686 2622 877 2679; x_wconf 86' lang='lat' dir='ltr'><strong>harum</strong></span> <span class='ocrx_word' id='word_1_176' title='bbox 918 2630 1334 2696; x_wconf 87' lang='lat' dir='ltr'><strong>repetendarum</strong></span> <span class='ocrx_word' id='word_1_177' title='bbox 1382 2649 1562 2689; x_wconf 89' lang='lat' dir='ltr'><strong>rerum</strong></span> <span class='ocrx_word' id='word_1_178' title='bbox 1595 2636 1869 2693; x_wconf 87' lang='lat' dir='ltr'><strong>fiduciam.</strong></span> <span class='ocrx_word' id='word_1_179' title='bbox 1903 2639 2127 2696; x_wconf 85' lang='lat' dir='ltr'><strong>Exstitit</strong></span> 
     </span>
    </p>
   </div>
   <div class='ocr_carea' id='block_1_27' title="bbox 541 2718 2123 2802">
    <p class='ocr_par' dir='ltr' id='par_1_27' title="bbox 541 2718 2123 2802">
     <span class='ocr_line' id='line_1_27' title="bbox 541 2718 2123 2802; baseline 0.016 -37"><span class='ocrx_word' id='word_1_180' title='bbox 541 2726 607 2766; x_wconf 93' lang='lat' dir='ltr'><strong>eo</strong></span> <span class='ocrx_word' id='word_1_181' title='bbox 638 2722 877 2786; x_wconf 87' lang='lat' dir='ltr'><strong>tempore</strong></span> <span class='ocrx_word' id='word_1_182' title='bbox 897 2718 1116 2788; x_wconf 90' lang='lat' dir='ltr'><strong>quidam</strong></span> <span class='ocrx_word' id='word_1_183' title='bbox 1139 2721 1473 2793; x_wconf 79' lang='lat' dir='ltr'><strong>virejusdem</strong></span> <span class='ocrx_word' id='word_1_184' title='bbox 1489 2726 1661 2797; x_wconf 84' lang='lat' dir='ltr'><strong>plebis</strong></span> <span class='ocrx_word' id='word_1_185' title='bbox 1686 2730 1826 2786; x_wconf 88' lang='lat' dir='ltr'><strong>haud</strong></span> <span class='ocrx_word' id='word_1_186' title='bbox 1853 2731 2123 2802; x_wconf 78' lang='lat' dir='ltr'><strong>ignobilis,</strong></span> 
     </span>
    </p>
   </div>
   <div class='ocr_carea' id='block_1_28' title="bbox 536 2801 2124 2893">
    <p class='ocr_par' dir='ltr' id='par_1_28' title="bbox 536 2801 2124 2893">
     <span class='ocr_line' id='line_1_28' title="bbox 536 2801 2124 2893; baseline 0.014 -36"><span class='ocrx_word' id='word_1_187' title='bbox 536 2801 855 2876; x_wconf 82' lang='lat' dir='ltr'><strong>Stephanus</strong></span> <span class='ocrx_word' id='word_1_188' title='bbox 898 2812 1140 2878; x_wconf 82' lang='lat' dir='ltr'><strong>nomine,</strong></span> <span class='ocrx_word' id='word_1_189' title='bbox 1170 2815 1261 2884; x_wconf 86' lang='lat' dir='ltr'><strong>qui</strong></span> <span class='ocrx_word' id='word_1_190' title='bbox 1292 2815 1528 2886; x_wconf 88' lang='lat' dir='ltr'><strong>aliquam</strong></span> <span class='ocrx_word' id='word_1_191' title='bbox 1557 2828 1766 2887; x_wconf 88' lang='lat' dir='ltr'><strong>partem</strong></span> <span class='ocrx_word' id='word_1_192' title='bbox 1810 2801 1961 2878; x_wconf 89' lang='lat' dir='ltr'><strong>fundi</strong></span> <span class='ocrx_word' id='word_1_193' title='bbox 1998 2839 2124 2893; x_wconf 80' lang='lat' dir='ltr'><strong>pro—</strong></span> 
     </span>
    </p>
   </div>
   <div class='ocr_carea' id='block_1_29' title="bbox 536 2896 2126 2985">
    <p class='ocr_par' dir='ltr' id='par_1_29' title="bbox 536 2896 2126 2985">
     <span class='ocr_line' id='line_1_29' title="bbox 536 2896 2126 2985; baseline 0.014 -36"><span class='ocrx_word' id='word_1_194' title='bbox 536 2896 644 2965; x_wconf 84' lang='lat' dir='ltr'><strong>prii</strong></span> <span class='ocrx_word' id='word_1_195' title='bbox 667 2897 880 2954; x_wconf 91' lang='lat' dir='ltr'><strong>cuidam</strong></span> <span class='ocrx_word' id='word_1_196' title='bbox 909 2916 1189 2959; x_wconf 85' lang='lat' dir='ltr'><strong>servorum</strong></span> <span class='ocrx_word' id='word_1_197' title='bbox 1224 2907 1397 2962; x_wconf 84' lang='lat' dir='ltr'><strong>sancti</strong></span> <span class='ocrx_word' id='word_1_198' title='bbox 1432 2907 1707 2965; x_wconf 90' lang='lat' dir='ltr'><strong>Benedicti</strong></span> <span class='ocrx_word' id='word_1_199' title='bbox 1745 2922 1966 2983; x_wconf 91' lang='lat' dir='ltr'><strong>accepto</strong></span> <span class='ocrx_word' id='word_1_200' title='bbox 1999 2930 2126 2985; x_wconf 85' lang='lat' dir='ltr'><strong>pre-</strong></span> 
     </span>
    </p>
   </div>
   <div class='ocr_carea' id='block_1_30' title="bbox 541 2988 2127 3076">
    <p class='ocr_par' dir='ltr' id='par_1_30' title="bbox 541 2988 2127 3076">
     <span class='ocr_line' id='line_1_30' title="bbox 541 2988 2127 3076; baseline 0.013 -34"><span class='ocrx_word' id='word_1_201' title='bbox 541 2988 618 3043; x_wconf 88' lang='lat' dir='ltr'><strong>tio</strong></span> <span class='ocrx_word' id='word_1_202' title='bbox 645 2989 918 3046; x_wconf 83' lang='lat' dir='ltr'><strong>distraxit.</strong></span> <span class='ocrx_word' id='word_1_203' title='bbox 947 2992 1151 3050; x_wconf 89' lang='lat' dir='ltr'><strong>Servus</strong></span> <span class='ocrx_word' id='word_1_204' title='bbox 1169 3005 1348 3052; x_wconf 89' lang='lat' dir='ltr'><strong>autem</strong></span> <span class='ocrx_word' id='word_1_205' title='bbox 1375 2998 1463 3053; x_wconf 90' lang='lat' dir='ltr'><strong>ille</strong></span> <span class='ocrx_word' id='word_1_206' title='bbox 1484 2999 1706 3057; x_wconf 89' lang='lat' dir='ltr'><strong>fundum</strong></span> <span class='ocrx_word' id='word_1_207' title='bbox 1723 3003 1927 3075; x_wconf 85' lang='lat' dir='ltr'><strong>absque</strong></span> <span class='ocrx_word' id='word_1_208' title='bbox 1948 3005 2127 3076; x_wconf 92' lang='lat' dir='ltr'><strong>aliquo</strong></span> 
     </span>
    </p>
   </div>
   <div class='ocr_carea' id='block_1_31' title="bbox 538 3079 2128 3167">
    <p class='ocr_par' dir='ltr' id='par_1_31' title="bbox 538 3079 2128 3167">
     <span class='ocr_line' id='line_1_31' title="bbox 538 3079 2128 3167; baseline 0.013 -35"><span class='ocrx_word' id='word_1_209' title='bbox 538 3079 823 3137; x_wconf 76' lang='lat' dir='ltr'><strong>fructifera</strong></span> <span class='ocrx_word' id='word_1_210' title='bbox 854 3081 1000 3165; x_wconf 82' lang='lat' dir='ltr'><strong>cultu</strong></span> <span class='ocrx_word' id='word_1_211' title='bbox 1023 3085 1269 3156; x_wconf 89' lang='lat' dir='ltr'><strong>adeptus,</strong></span> <span class='ocrx_word' id='word_1_212' title='bbox 1296 3103 1520 3145; x_wconf 81' lang='lat' dir='ltr'><strong>vacuam</strong></span> <span class='ocrx_word' id='word_1_213' title='bbox 1545 3106 1885 3163; x_wconf 87' lang='lat' dir='ltr'><strong>nequaquam</strong></span> <span class='ocrx_word' id='word_1_214' title='bbox 1923 3097 2128 3167; x_wconf 84' lang='lat' dir='ltr'><strong>permi-</strong></span> 
     </span>
    </p>
   </div>
   <div class='ocr_carea' id='block_1_32' title="bbox 2235 649 3762 720">
    <p class='ocr_par' dir='ltr' id='par_1_32' title="bbox 2235 649 3762 720">
     <span class='ocr_line' id='line_1_32' title="bbox 2235 649 3762 720; baseline 0.001 -18"><span class='ocrx_word' id='word_1_215' title='bbox 2235 662 2380 717; x_wconf 80' lang='lat' dir='ltr'><strong>gam,</strong></span> <span class='ocrx_word' id='word_1_216' title='bbox 2418 663 2613 719; x_wconf 86' lang='lat' dir='ltr'><strong>graves</strong></span> <span class='ocrx_word' id='word_1_217' title='bbox 2643 650 2899 706; x_wconf 74' lang='lat' dir='ltr'><strong>immissa:</strong></span> <span class='ocrx_word' id='word_1_218' title='bbox 2926 660 3050 705; x_wconf 91' lang='lat' dir='ltr'><strong>sunt</strong></span> <span class='ocrx_word' id='word_1_219' title='bbox 3078 651 3283 713; x_wconf 64' lang='lat' dir='ltr'><strong>bestias,</strong></span> <span class='ocrx_word' id='word_1_220' title='bbox 3316 666 3436 720; x_wconf 65' lang='lat' dir='ltr'><strong>quae</strong></span> <span class='ocrx_word' id='word_1_221' title='bbox 3473 649 3653 707; x_wconf 81' lang='lat' dir='ltr'><strong>famem</strong></span> <span class='ocrx_word' id='word_1_222' title='bbox 3681 652 3762 704; x_wconf 77' lang='lat' dir='ltr'><strong>cla-</strong></span> 
     </span>
    </p>
   </div>
   <div class='ocr_carea' id='block_1_33' title="bbox 2232 740 3761 825">
    <p class='ocr_par' dir='ltr' id='par_1_33' title="bbox 2232 740 3761 825">
     <span class='ocr_line' id='line_1_33' title="bbox 2232 740 3761 825; baseline 0.001 -29"><span class='ocrx_word' id='word_1_223' title='bbox 2232 740 2465 812; x_wconf 85' lang='lat' dir='ltr'><strong>demque</strong></span> <span class='ocrx_word' id='word_1_224' title='bbox 2506 740 2826 813; x_wconf 77' lang='lat' dir='ltr'><strong>efl‘ngicntes</strong></span> <span class='ocrx_word' id='word_1_225' title='bbox 2873 743 3211 800; x_wconf 87' lang='lat' dir='ltr'><strong>barbaricam</strong></span> <span class='ocrx_word' id='word_1_226' title='bbox 3250 742 3422 825; x_wconf 85' lang='lat' dir='ltr'><strong>hianti</strong></span> <span class='ocrx_word' id='word_1_227' title='bbox 3453 758 3547 797; x_wconf 89' lang='lat' dir='ltr'><strong>ore</strong></span> <span class='ocrx_word' id='word_1_228' title='bbox 3586 744 3761 812; x_wconf 78' lang='lat' dir='ltr'><strong>excipe-</strong></span> 
     </span>
    </p>
   </div>
   <div class='ocr_carea' id='block_1_34' title="bbox 2234 831 3764 903">
    <p class='ocr_par' dir='ltr' id='par_1_34' title="bbox 2234 831 3764 903">
     <span class='ocr_line' id='line_1_34' title="bbox 2234 831 3764 903; baseline -0.001 -16"><span class='ocrx_word' id='word_1_229' title='bbox 2234 839 2375 887; x_wconf 87' lang='lat' dir='ltr'><strong>rent.</strong></span> <span class='ocrx_word' id='word_1_230' title='bbox 2414 831 2624 886; x_wconf 77' lang='lat' dir='ltr'><strong>Accidit</strong></span> <span class='ocrx_word' id='word_1_231' title='bbox 2654 840 2836 888; x_wconf 88' lang='lat' dir='ltr'><strong>autem</strong></span> <span class='ocrx_word' id='word_1_232' title='bbox 2864 847 2929 888; x_wconf 90' lang='lat' dir='ltr'><strong>ea</strong></span> <span class='ocrx_word' id='word_1_233' title='bbox 2967 840 3307 903; x_wconf 86' lang='lat' dir='ltr'><strong>tempestate,</strong></span> <span class='ocrx_word' id='word_1_234' title='bbox 3344 840 3405 887; x_wconf 88' lang='lat' dir='ltr'><strong>ut</strong></span> <span class='ocrx_word' id='word_1_235' title='bbox 3432 832 3618 887; x_wconf 88' lang='lat' dir='ltr'><strong>mulier</strong></span> <span class='ocrx_word' id='word_1_236' title='bbox 3654 847 3764 900; x_wconf 67' lang='lat' dir='ltr'><strong>qna-</strong></span> 
     </span>
    </p>
   </div>
   <div class='ocr_carea' id='block_1_35' title="bbox 2231 921 3762 995">
    <p class='ocr_par' dir='ltr' id='par_1_35' title="bbox 2231 921 3762 995">
     <span class='ocr_line' id='line_1_35' title="bbox 2231 921 3762 995; baseline -0.003 -16"><span class='ocrx_word' id='word_1_237' title='bbox 2231 924 2357 979; x_wconf 88' lang='lat' dir='ltr'><strong>dam</strong></span> <span class='ocrx_word' id='word_1_238' title='bbox 2407 938 2476 978; x_wconf 81' lang='lat' dir='ltr'><strong>ex</strong></span> <span class='ocrx_word' id='word_1_239' title='bbox 2526 922 2924 980; x_wconf 85' lang='lat' dir='ltr'><strong>Matriniacensi</strong></span> <span class='ocrx_word' id='word_1_240' title='bbox 2973 939 3189 995; x_wconf 82' lang='lat' dir='ltr'><strong>egressa</strong></span> <span class='ocrx_word' id='word_1_241' title='bbox 3229 924 3434 994; x_wconf 75' lang='lat' dir='ltr'><strong>pnedio</strong></span> <span class='ocrx_word' id='word_1_242' title='bbox 3489 921 3762 977; x_wconf 81' lang='lat' dir='ltr'><strong>infantulum</strong></span> 
     </span>
    </p>
   </div>
   <div class='ocr_carea' id='block_1_36' title="bbox 2230 1013 3763 1083">
    <p class='ocr_par' dir='ltr' id='par_1_36' title="bbox 2230 1013 3763 1083">
     <span class='ocr_line' id='line_1_36' title="bbox 2230 1013 3763 1083; baseline -0.003 -13"><span class='ocrx_word' id='word_1_243' title='bbox 2230 1014 2548 1070; x_wconf 70' lang='lat' dir='ltr'><strong>minuscula:</strong></span> <span class='ocrx_word' id='word_1_244' title='bbox 2593 1015 2772 1070; x_wconf 61' lang='lat' dir='ltr'><strong>aetatis</strong></span> <span class='ocrx_word' id='word_1_245' title='bbox 2808 1030 2991 1070; x_wconf 84' lang='lat' dir='ltr'><strong>secum</strong></span> <span class='ocrx_word' id='word_1_246' title='bbox 3033 1016 3350 1079; x_wconf 87' lang='lat' dir='ltr'><strong>deduceret,</strong></span> <span class='ocrx_word' id='word_1_247' title='bbox 3390 1029 3499 1083; x_wconf 88' lang='lat' dir='ltr'><strong>quo</strong></span> <span class='ocrx_word' id='word_1_248' title='bbox 3536 1029 3647 1068; x_wconf 89' lang='lat' dir='ltr'><strong>cum</strong></span> <span class='ocrx_word' id='word_1_249' title='bbox 3672 1013 3763 1066; x_wconf 83' lang='lat' dir='ltr'><strong>aliis</strong></span> 
     </span>
    </p>
   </div>
   <div class='ocr_carea' id='block_1_37' title="bbox 2230 1105 3763 1178">
    <p class='ocr_par' dir='ltr' id='par_1_37' title="bbox 2230 1105 3763 1178">
     <span class='ocr_line' id='line_1_37' title="bbox 2230 1105 3763 1178; baseline -0.003 -17"><span class='ocrx_word' id='word_1_250' title='bbox 2230 1120 2341 1161; x_wconf 70' lang='lat' dir='ltr'><strong>sua:</strong></span> <span class='ocrx_word' id='word_1_251' title='bbox 2364 1106 2540 1161; x_wconf 64' lang='lat' dir='ltr'><strong>aetatis</strong></span> <span class='ocrx_word' id='word_1_252' title='bbox 2568 1105 2778 1162; x_wconf 89' lang='lat' dir='ltr'><strong>luderet</strong></span> <span class='ocrx_word' id='word_1_253' title='bbox 2822 1106 3121 1172; x_wconf 88' lang='lat' dir='ltr'><strong>infantulis,</strong></span> <span class='ocrx_word' id='word_1_254' title='bbox 3152 1107 3267 1178; x_wconf 88' lang='lat' dir='ltr'><strong>ipsa</strong></span> <span class='ocrx_word' id='word_1_255' title='bbox 3298 1106 3511 1177; x_wconf 83' lang='lat' dir='ltr'><strong>longius</strong></span> <span class='ocrx_word' id='word_1_256' title='bbox 3538 1121 3647 1160; x_wconf 89' lang='lat' dir='ltr'><strong>cum</strong></span> <span class='ocrx_word' id='word_1_257' title='bbox 3677 1105 3763 1173; x_wconf 81' lang='lat' dir='ltr'><strong>plu-</strong></span> 
     </span>
    </p>
   </div>
   <div class='ocr_carea' id='block_1_38' title="bbox 2229 1197 3764 1269">
    <p class='ocr_par' dir='ltr' id='par_1_38' title="bbox 2229 1197 3764 1269">
     <span class='ocr_line' id='line_1_38' title="bbox 2229 1197 3764 1269; baseline -0.001 -18"><span class='ocrx_word' id='word_1_258' title='bbox 2229 1197 2384 1252; x_wconf 86' lang='lat' dir='ltr'><strong>rimis</strong></span> <span class='ocrx_word' id='word_1_259' title='bbox 2412 1198 2542 1252; x_wconf 87' lang='lat' dir='ltr'><strong>viris</strong></span> <span class='ocrx_word' id='word_1_260' title='bbox 2569 1212 2633 1253; x_wconf 85' lang='lat' dir='ltr'><strong>ac</strong></span> <span class='ocrx_word' id='word_1_261' title='bbox 2676 1198 2994 1254; x_wconf 89' lang='lat' dir='ltr'><strong>mulieribus</strong></span> <span class='ocrx_word' id='word_1_262' title='bbox 3019 1206 3402 1269; x_wconf 81' lang='lat' dir='ltr'><strong>prospectante</strong></span> <span class='ocrx_word' id='word_1_263' title='bbox 3436 1212 3452 1250; x_wconf 91' lang='lat'><strong>:</strong></span> <span class='ocrx_word' id='word_1_264' title='bbox 3484 1212 3600 1251; x_wconf 90' lang='lat' dir='ltr'><strong>cum</strong></span> <span class='ocrx_word' id='word_1_265' title='bbox 3624 1198 3764 1257; x_wconf 72' lang='lat' dir='ltr'><strong>subito</strong></span> 
     </span>
    </p>
   </div>
   <div class='ocr_carea' id='block_1_39' title="bbox 2227 1289 3759 1361">
    <p class='ocr_par' dir='ltr' id='par_1_39' title="bbox 2227 1289 3759 1361">
     <span class='ocr_line' id='line_1_39' title="bbox 2227 1289 3759 1361; baseline -0.001 -18"><span class='ocrx_word' id='word_1_266' title='bbox 2227 1289 2385 1360; x_wconf 87' lang='lat' dir='ltr'><strong>lupus</strong></span> <span class='ocrx_word' id='word_1_267' title='bbox 2434 1305 2462 1344; x_wconf 87' lang='lat' dir='ltr'><strong>a</strong></span> <span class='ocrx_word' id='word_1_268' title='bbox 2494 1290 2626 1344; x_wconf 88' lang='lat' dir='ltr'><strong>silva</strong></span> <span class='ocrx_word' id='word_1_269' title='bbox 2657 1306 2908 1361; x_wconf 86' lang='lat' dir='ltr'><strong>egressus</strong></span> <span class='ocrx_word' id='word_1_270' title='bbox 2952 1292 3118 1346; x_wconf 90' lang='lat' dir='ltr'><strong>filium</strong></span> <span class='ocrx_word' id='word_1_271' title='bbox 3148 1291 3393 1346; x_wconf 88' lang='lat' dir='ltr'><strong>mulieris</strong></span> <span class='ocrx_word' id='word_1_272' title='bbox 3440 1290 3582 1344; x_wconf 83' lang='lat' dir='ltr'><strong>illius</strong></span> <span class='ocrx_word' id='word_1_273' title='bbox 3604 1290 3759 1357; x_wconf 75' lang='lat' dir='ltr'><strong>rapuit.</strong></span> 
     </span>
    </p>
   </div>
   <div class='ocr_carea' id='block_1_40' title="bbox 2228 1381 3759 1452">
    <p class='ocr_par' dir='ltr' id='par_1_40' title="bbox 2228 1381 3759 1452">
     <span class='ocr_line' id='line_1_40' title="bbox 2228 1381 3759 1452; baseline -0.004 -15"><span class='ocrx_word' id='word_1_274' title='bbox 2228 1396 2294 1437; x_wconf 88' lang='lat' dir='ltr'><strong>ac</strong></span> <span class='ocrx_word' id='word_1_275' title='bbox 2319 1381 2606 1436; x_wconf 89' lang='lat' dir='ltr'><strong>sustollens</strong></span> <span class='ocrx_word' id='word_1_276' title='bbox 2650 1398 2756 1437; x_wconf 90' lang='lat' dir='ltr'><strong>non</strong></span> <span class='ocrx_word' id='word_1_277' title='bbox 2780 1382 2970 1436; x_wconf 85' lang='lat' dir='ltr'><strong>silvam</strong></span> <span class='ocrx_word' id='word_1_278' title='bbox 2994 1381 3232 1452; x_wconf 88' lang='lat' dir='ltr'><strong>repetiit,</strong></span> <span class='ocrx_word' id='word_1_279' title='bbox 3253 1381 3351 1435; x_wconf 86' lang='lat' dir='ltr'><strong>sed</strong></span> <span class='ocrx_word' id='word_1_280' title='bbox 3376 1396 3474 1447; x_wconf 86' lang='lat' dir='ltr'><strong>per</strong></span> <span class='ocrx_word' id='word_1_281' title='bbox 3495 1394 3759 1448; x_wconf 83' lang='lat' dir='ltr'><strong>camporum</strong></span> 
     </span>
    </p>
   </div>
   <div class='ocr_carea' id='block_1_41' title="bbox 2227 1468 3760 1544">
    <p class='ocr_par' dir='ltr' id='par_1_41' title="bbox 2227 1468 3760 1544">
     <span class='ocr_line' id='line_1_41' title="bbox 2227 1468 3760 1544; baseline -0.002 -18"><span class='ocrx_word' id='word_1_282' title='bbox 2227 1473 2400 1542; x_wconf 87' lang='lat' dir='ltr'><strong>spatia</strong></span> <span class='ocrx_word' id='word_1_283' title='bbox 2428 1482 2717 1542; x_wconf 86' lang='lat' dir='ltr'><strong>exportare</strong></span> <span class='ocrx_word' id='word_1_284' title='bbox 2764 1473 2949 1544; x_wconf 73' lang='lat' dir='ltr'><strong>C(Bpil.</strong></span> <span class='ocrx_word' id='word_1_285' title='bbox 2977 1472 3218 1527; x_wconf 86' lang='lat' dir='ltr'><strong>Cernens</strong></span> <span class='ocrx_word' id='word_1_286' title='bbox 3245 1471 3354 1525; x_wconf 90' lang='lat' dir='ltr'><strong>hoc</strong></span> <span class='ocrx_word' id='word_1_287' title='bbox 3382 1468 3568 1524; x_wconf 78' lang='lat' dir='ltr'><strong>infelix</strong></span> <span class='ocrx_word' id='word_1_288' title='bbox 3592 1469 3760 1531; x_wconf 79' lang='lat' dir='ltr'><strong>mulier,</strong></span> 
     </span>
    </p>
   </div>
   <div class='ocr_carea' id='block_1_42' title="bbox 2227 1558 3761 1634">
    <p class='ocr_par' dir='ltr' id='par_1_42' title="bbox 2227 1558 3761 1634">
     <span class='ocr_line' id='line_1_42' title="bbox 2227 1558 3761 1634; baseline -0.005 -17"><span class='ocrx_word' id='word_1_289' title='bbox 2227 1562 2548 1617; x_wconf 87' lang='lat' dir='ltr'><strong>miserrimis</strong></span> <span class='ocrx_word' id='word_1_290' title='bbox 2574 1563 2799 1618; x_wconf 89' lang='lat' dir='ltr'><strong>vocibus</strong></span> <span class='ocrx_word' id='word_1_291' title='bbox 2843 1562 3300 1634; x_wconf 85' lang='lat' dir='ltr'><strong>plangoribusqne</strong></span> <span class='ocrx_word' id='word_1_292' title='bbox 3340 1558 3618 1614; x_wconf 87' lang='lat' dir='ltr'><strong>immensis</strong></span> <span class='ocrx_word' id='word_1_293' title='bbox 3644 1558 3761 1611; x_wconf 89' lang='lat' dir='ltr'><strong>indo-</strong></span> 
     </span>
    </p>
   </div>
   <div class='ocr_carea' id='block_1_43' title="bbox 2225 1646 3765 1724">
    <p class='ocr_par' dir='ltr' id='par_1_43' title="bbox 2225 1646 3765 1724">
     <span class='ocr_line' id='line_1_43' title="bbox 2225 1646 3765 1724; baseline -0.007 -16"><span class='ocrx_word' id='word_1_294' title='bbox 2225 1653 2362 1719; x_wconf 90' lang='lat' dir='ltr'><strong>lens,</strong></span> <span class='ocrx_word' id='word_1_295' title='bbox 2408 1653 2567 1708; x_wconf 89' lang='lat' dir='ltr'><strong>mista</strong></span> <span class='ocrx_word' id='word_1_296' title='bbox 2605 1653 2799 1709; x_wconf 89' lang='lat' dir='ltr'><strong>deinde</strong></span> <span class='ocrx_word' id='word_1_297' title='bbox 2827 1652 3007 1724; x_wconf 87' lang='lat' dir='ltr'><strong>vulgo,</strong></span> <span class='ocrx_word' id='word_1_298' title='bbox 3058 1651 3241 1721; x_wconf 91' lang='lat' dir='ltr'><strong>lupum</strong></span> <span class='ocrx_word' id='word_1_299' title='bbox 3290 1648 3508 1718; x_wconf 87' lang='lat' dir='ltr'><strong>insequi</strong></span> <span class='ocrx_word' id='word_1_300' title='bbox 3535 1646 3765 1715; x_wconf 60' lang='lat' dir='ltr'><strong>coepitAt</strong></span> 
     </span>
    </p>
   </div>
   <div class='ocr_carea' id='block_1_44' title="bbox 2227 1740 3763 1812">
    <p class='ocr_par' dir='ltr' id='par_1_44' title="bbox 2227 1740 3763 1812">
     <span class='ocr_line' id='line_1_44' title="bbox 2227 1740 3763 1812; baseline -0.005 -14"><span class='ocrx_word' id='word_1_301' title='bbox 2227 1743 2318 1798; x_wconf 89' lang='lat' dir='ltr'><strong>ille</strong></span> <span class='ocrx_word' id='word_1_302' title='bbox 2354 1742 2668 1812; x_wconf 81' lang='lat' dir='ltr'><strong>neutiquam</strong></span> <span class='ocrx_word' id='word_1_303' title='bbox 2705 1743 2948 1808; x_wconf 89' lang='lat' dir='ltr'><strong>territus,</strong></span> <span class='ocrx_word' id='word_1_304' title='bbox 2982 1741 3303 1797; x_wconf 85' lang='lat' dir='ltr'><strong>infantulum</strong></span> <span class='ocrx_word' id='word_1_305' title='bbox 3345 1740 3563 1810; x_wconf 74' lang='lat' dir='ltr'><strong>longius</strong></span> <span class='ocrx_word' id='word_1_306' title='bbox 3601 1746 3763 1807; x_wconf 75' lang='lat' dir='ltr'><strong>protra-</strong></span> 
     </span>
    </p>
   </div>
   <div class='ocr_carea' id='block_1_45' title="bbox 2228 1826 3762 1904">
    <p class='ocr_par' dir='ltr' id='par_1_45' title="bbox 2228 1826 3762 1904">
     <span class='ocr_line' id='line_1_45' title="bbox 2228 1826 3762 1904; baseline -0.006 -16"><span class='ocrx_word' id='word_1_307' title='bbox 2228 1834 2410 1889; x_wconf 90' lang='lat' dir='ltr'><strong>hebat.</strong></span> <span class='ocrx_word' id='word_1_308' title='bbox 2443 1833 2550 1889; x_wconf 86' lang='lat' dir='ltr'><strong>Sed</strong></span> <span class='ocrx_word' id='word_1_309' title='bbox 2575 1849 2696 1889; x_wconf 90' lang='lat' dir='ltr'><strong>cum</strong></span> <span class='ocrx_word' id='word_1_310' title='bbox 2724 1833 3008 1904; x_wconf 88' lang='lat' dir='ltr'><strong>fatigatum</strong></span> <span class='ocrx_word' id='word_1_311' title='bbox 3035 1826 3227 1903; x_wconf 82' lang='lat' dir='ltr'><strong>vulgus</strong></span> <span class='ocrx_word' id='word_1_312' title='bbox 3243 1848 3273 1886; x_wconf 89' lang='lat' dir='ltr'><strong>a</strong></span> <span class='ocrx_word' id='word_1_313' title='bbox 3295 1830 3664 1901; x_wconf 88' lang='lat' dir='ltr'><strong>persecutione</strong></span> <span class='ocrx_word' id='word_1_314' title='bbox 3685 1828 3762 1899; x_wconf 83' lang='lat' dir='ltr'><strong>lupi</strong></span> 
     </span>
    </p>
   </div>
   <div class='ocr_carea' id='block_1_46' title="bbox 2225 1918 3761 1993">
    <p class='ocr_par' dir='ltr' id='par_1_46' title="bbox 2225 1918 3761 1993">
     <span class='ocr_line' id='line_1_46' title="bbox 2225 1918 3761 1993; baseline -0.007 -14"><span class='ocrx_word' id='word_1_315' title='bbox 2225 1931 2483 1985; x_wconf 88' lang='lat' dir='ltr'><strong>cessaret,</strong></span> <span class='ocrx_word' id='word_1_316' title='bbox 2525 1923 2821 1993; x_wconf 87' lang='lat' dir='ltr'><strong>desperans</strong></span> <span class='ocrx_word' id='word_1_317' title='bbox 2854 1923 2904 1977; x_wconf 90' lang='lat' dir='ltr'><strong>ei</strong></span> <span class='ocrx_word' id='word_1_318' title='bbox 2947 1937 3005 1978; x_wconf 89' lang='lat' dir='ltr'><strong>se</strong></span> <span class='ocrx_word' id='word_1_319' title='bbox 3031 1921 3138 1976; x_wconf 92' lang='lat' dir='ltr'><strong>ullo</strong></span> <span class='ocrx_word' id='word_1_320' title='bbox 3185 1921 3346 1975; x_wconf 89' lang='lat' dir='ltr'><strong>modo</strong></span> <span class='ocrx_word' id='word_1_321' title='bbox 3379 1918 3613 1990; x_wconf 73' lang='lat' dir='ltr'><strong>prredam</strong></span> <span class='ocrx_word' id='word_1_322' title='bbox 3638 1933 3761 1972; x_wconf 77' lang='lat' dir='ltr'><strong>exca-</strong></span> 
     </span>
    </p>
   </div>
   <div class='ocr_carea' id='block_1_47' title="bbox 2225 2008 3760 2083">
    <p class='ocr_par' dir='ltr' id='par_1_47' title="bbox 2225 2008 3760 2083">
     <span class='ocr_line' id='line_1_47' title="bbox 2225 2008 3760 2083; baseline -0.006 -15"><span class='ocrx_word' id='word_1_323' title='bbox 2225 2022 2341 2069; x_wconf 88' lang='lat' dir='ltr'><strong>tere</strong></span> <span class='ocrx_word' id='word_1_324' title='bbox 2386 2027 2580 2083; x_wconf 86' lang='lat' dir='ltr'><strong>posse;</strong></span> <span class='ocrx_word' id='word_1_325' title='bbox 2630 2014 2823 2069; x_wconf 85' lang='lat' dir='ltr'><strong>mulier</strong></span> <span class='ocrx_word' id='word_1_326' title='bbox 2850 2028 2969 2082; x_wconf 77' lang='lat' dir='ltr'><strong>quae</strong></span> <span class='ocrx_word' id='word_1_327' title='bbox 3010 2026 3108 2083; x_wconf 87' lang='lat' dir='ltr'><strong>pro</strong></span> <span class='ocrx_word' id='word_1_328' title='bbox 3140 2010 3233 2064; x_wconf 87' lang='lat' dir='ltr'><strong>filii</strong></span> <span class='ocrx_word' id='word_1_329' title='bbox 3267 2010 3568 2065; x_wconf 83' lang='lat' dir='ltr'><strong>amissione</strong></span> <span class='ocrx_word' id='word_1_330' title='bbox 3589 2008 3760 2063; x_wconf 82' lang='lat' dir='ltr'><strong>arctiori</strong></span> 
     </span>
    </p>
   </div>
   <div class='ocr_carea' id='block_1_48' title="bbox 2224 2100 3761 2173">
    <p class='ocr_par' dir='ltr' id='par_1_48' title="bbox 2224 2100 3761 2173">
     <span class='ocr_line' id='line_1_48' title="bbox 2224 2100 3761 2173; baseline -0.004 -15"><span class='ocrx_word' id='word_1_331' title='bbox 2224 2104 2609 2159; x_wconf 85' lang='lat' dir='ltr'><strong>stimulabatur</strong></span> <span class='ocrx_word' id='word_1_332' title='bbox 2632 2103 2839 2168; x_wconf 92' lang='lat' dir='ltr'><strong>dolore,</strong></span> <span class='ocrx_word' id='word_1_333' title='bbox 2870 2118 3208 2173; x_wconf 87' lang='lat' dir='ltr'><strong>nequaquam</strong></span> <span class='ocrx_word' id='word_1_334' title='bbox 3251 2102 3322 2156; x_wconf 91' lang='lat' dir='ltr'><strong>ab</strong></span> <span class='ocrx_word' id='word_1_335' title='bbox 3352 2102 3574 2171; x_wconf 88' lang='lat' dir='ltr'><strong>incepto</strong></span> <span class='ocrx_word' id='word_1_336' title='bbox 3598 2100 3761 2167; x_wconf 78' lang='lat' dir='ltr'><strong>requie-</strong></span> 
     </span>
    </p>
   </div>
   <div class='ocr_carea' id='block_1_49' title="bbox 2224 2191 3762 2267">
    <p class='ocr_par' dir='ltr' id='par_1_49' title="bbox 2224 2191 3762 2267">
     <span class='ocr_line' id='line_1_49' title="bbox 2224 2191 3762 2267; baseline 0.001 -17"><span class='ocrx_word' id='word_1_337' title='bbox 2224 2196 2306 2252; x_wconf 90' lang='lat' dir='ltr'><strong>vit</strong></span> <span class='ocrx_word' id='word_1_338' title='bbox 2350 2211 2510 2252; x_wconf 90' lang='lat' dir='ltr'><strong>cursu</strong></span> <span class='ocrx_word' id='word_1_339' title='bbox 2544 2214 2557 2251; x_wconf 91' lang='lat'><strong>:</strong></span> <span class='ocrx_word' id='word_1_340' title='bbox 2586 2195 2680 2252; x_wconf 89' lang='lat' dir='ltr'><strong>sed</strong></span> <span class='ocrx_word' id='word_1_341' title='bbox 2716 2196 2887 2267; x_wconf 83' lang='lat' dir='ltr'><strong>magis</strong></span> <span class='ocrx_word' id='word_1_342' title='bbox 2916 2210 3014 2266; x_wconf 87' lang='lat' dir='ltr'><strong>pro</strong></span> <span class='ocrx_word' id='word_1_343' title='bbox 3061 2210 3218 2265; x_wconf 88' lang='lat' dir='ltr'><strong>posse</strong></span> <span class='ocrx_word' id='word_1_344' title='bbox 3246 2194 3418 2249; x_wconf 89' lang='lat' dir='ltr'><strong>citius</strong></span> <span class='ocrx_word' id='word_1_345' title='bbox 3466 2191 3762 2263; x_wconf 73' lang='lat' dir='ltr'><strong>properabat.</strong></span> 
     </span>
    </p>
   </div>
   <div class='ocr_carea' id='block_1_50' title="bbox 2224 2281 3762 2353">
    <p class='ocr_par' dir='ltr' id='par_1_50' title="bbox 2224 2281 3762 2353">
     <span class='ocr_line' id='line_1_50' title="bbox 2224 2281 3762 2353; baseline -0.007 -10"><span class='ocrx_word' id='word_1_346' title='bbox 2224 2288 2485 2344; x_wconf 84' lang='lat' dir='ltr'><strong>invocans</strong></span> <span class='ocrx_word' id='word_1_347' title='bbox 2529 2288 2881 2342; x_wconf 90' lang='lat' dir='ltr'><strong>nihilominus</strong></span> <span class='ocrx_word' id='word_1_348' title='bbox 2910 2286 2968 2342; x_wconf 90' lang='grc'><strong>8.</strong></span> <span class='ocrx_word' id='word_1_349' title='bbox 3021 2286 3403 2348; x_wconf 82' lang='lat' dir='ltr'><strong>Benedictum,</strong></span> <span class='ocrx_word' id='word_1_350' title='bbox 3459 2294 3698 2353; x_wconf 86' lang='lat' dir='ltr'><strong>quateans</strong></span> <span class='ocrx_word' id='word_1_351' title='bbox 3727 2281 3762 2334; x_wconf 83' lang='lat' dir='ltr'><strong>ei</strong></span> 
     </span>
    </p>
   </div>
   <div class='ocr_carea' id='block_1_51' title="bbox 2226 2375 3763 2447">
    <p class='ocr_par' dir='ltr' id='par_1_51' title="bbox 2226 2375 3763 2447">
     <span class='ocr_line' id='line_1_51' title="bbox 2226 2375 3763 2447; baseline -0.007 -13"><span class='ocrx_word' id='word_1_352' title='bbox 2226 2378 2394 2434; x_wconf 85' lang='lat' dir='ltr'><strong>ferret</strong></span> <span class='ocrx_word' id='word_1_353' title='bbox 2419 2377 2703 2444; x_wconf 76' lang='lat' dir='ltr'><strong>auxilium,</strong></span> <span class='ocrx_word' id='word_1_354' title='bbox 2734 2378 3008 2433; x_wconf 87' lang='lat' dir='ltr'><strong>reddendo</strong></span> <span class='ocrx_word' id='word_1_355' title='bbox 3037 2376 3202 2445; x_wconf 80' lang='lat' dir='ltr'><strong>ﬁlium</strong></span> <span class='ocrx_word' id='word_1_356' title='bbox 3231 2375 3547 2447; x_wconf 86' lang='lat' dir='ltr'><strong>proprium,</strong></span> <span class='ocrx_word' id='word_1_357' title='bbox 3575 2388 3763 2428; x_wconf 84' lang='lat' dir='ltr'><strong>servum-</strong></span> 
     </span>
    </p>
   </div>
   <div class='ocr_carea' id='block_1_52' title="bbox 2225 2464 3763 2564">
    <p class='ocr_par' dir='ltr' id='par_1_52' title="bbox 2225 2464 3763 2564">
     <span class='ocr_line' id='line_1_52' title="bbox 2225 2464 3763 2564; baseline -0.007 -36"><span class='ocrx_word' id='word_1_358' title='bbox 2225 2488 2331 2545; x_wconf 90' lang='lat' dir='ltr'><strong>que</strong></span> <span class='ocrx_word' id='word_1_359' title='bbox 2352 2488 2510 2529; x_wconf 88' lang='lat' dir='ltr'><strong>suum</strong></span> <span class='ocrx_word' id='word_1_360' title='bbox 2538 2478 2694 2527; x_wconf 80' lang='lat' dir='ltr'><strong>extra</strong></span> <span class='ocrx_word' id='word_1_361' title='bbox 2720 2471 2981 2526; x_wconf 89' lang='lat' dir='ltr'><strong>terminos</strong></span> <span class='ocrx_word' id='word_1_362' title='bbox 2998 2485 3125 2525; x_wconf 89' lang='lat' dir='ltr'><strong>suos</strong></span> <span class='ocrx_word' id='word_1_363' title='bbox 3149 2468 3467 2523; x_wconf 86' lang='lat' dir='ltr'><strong>nullatenus</strong></span> <span class='ocrx_word' id='word_1_364' title='bbox 3491 2464 3654 2564; x_wconf 74' lang='lat' dir='ltr'><strong>efferri</strong></span> 
     </span>
    </p>
   </div>
   <div class='ocr_carea' id='block_1_53' title="bbox 2226 2559 3763 2622">
    <p class='ocr_par' dir='ltr' id='par_1_53' title="bbox 2226 2559 3763 2622">
     <span class='ocr_line' id='line_1_53' title="bbox 2226 2559 3763 2622; baseline -0.01 -3"><span class='ocrx_word' id='word_1_365' title='bbox 2226 2565 2484 2620; x_wconf 71' lang='lat' dir='ltr'><strong>mitteret.</strong></span> <span class='ocrx_word' id='word_1_366' title='bbox 2517 2561 2669 2618; x_wconf 89' lang='lat' dir='ltr'><strong>Tunc</strong></span> <span class='ocrx_word' id='word_1_367' title='bbox 2714 2561 2909 2617; x_wconf 90' lang='lat' dir='ltr'><strong>deinde</strong></span> <span class='ocrx_word' id='word_1_368' title='bbox 2947 2559 3231 2616; x_wconf 88' lang='lat' dir='ltr'><strong>clementia</strong></span> <span class='ocrx_word' id='word_1_369' title='bbox 3274 2559 3482 2613; x_wconf 65' lang='lat' dir='ltr'><strong>divinae</strong></span> <span class='ocrx_word' id='word_1_370' title='bbox 3524 2559 3763 2622; x_wconf 74' lang='lat' dir='ltr'><strong>maiestatis</strong></span> 
     </span>
    </p>
   </div>
   <div class='ocr_carea' id='block_1_54' title="bbox 2226 2644 3764 2723">
    <p class='ocr_par' dir='ltr' id='par_1_54' title="bbox 2226 2644 3764 2723">
     <span class='ocr_line' id='line_1_54' title="bbox 2226 2644 3764 2723; baseline -0.009 -13"><span class='ocrx_word' id='word_1_371' title='bbox 2226 2664 2282 2711; x_wconf 89' lang='lat' dir='ltr'><strong>et</strong></span> <span class='ocrx_word' id='word_1_372' title='bbox 2336 2656 2645 2710; x_wconf 87' lang='lat' dir='ltr'><strong>interventu</strong></span> <span class='ocrx_word' id='word_1_373' title='bbox 2690 2652 2915 2723; x_wconf 90' lang='lat' dir='ltr'><strong>pretiosi</strong></span> <span class='ocrx_word' id='word_1_374' title='bbox 2973 2649 3302 2707; x_wconf 88' lang='lat' dir='ltr'><strong>confessoris</strong></span> <span class='ocrx_word' id='word_1_375' title='bbox 3355 2647 3513 2720; x_wconf 87' lang='lat' dir='ltr'><strong>quod</strong></span> <span class='ocrx_word' id='word_1_376' title='bbox 3559 2644 3764 2701; x_wconf 72' lang='lat' dir='ltr'><strong>exorabat</strong></span> 
     </span>
    </p>
   </div>
   <div class='ocr_carea' id='block_1_55' title="bbox 2227 2738 3761 2837">
    <p class='ocr_par' dir='ltr' id='par_1_55' title="bbox 2227 2738 3761 2837">
     <span class='ocr_line' id='line_1_55' title="bbox 2227 2738 3761 2837; baseline -0.008 -37"><span class='ocrx_word' id='word_1_377' title='bbox 2227 2745 2418 2815; x_wconf 89' lang='lat' dir='ltr'><strong>adepta</strong></span> <span class='ocrx_word' id='word_1_378' title='bbox 2447 2752 2548 2799; x_wconf 91' lang='lat' dir='ltr'><strong>est.</strong></span> <span class='ocrx_word' id='word_1_379' title='bbox 2592 2743 2773 2813; x_wconf 89' lang='lat' dir='ltr'><strong>Lupus</strong></span> <span class='ocrx_word' id='word_1_380' title='bbox 2795 2757 3028 2811; x_wconf 89' lang='lat' dir='ltr'><strong>namque</strong></span> <span class='ocrx_word' id='word_1_381' title='bbox 3054 2741 3276 2795; x_wconf 88' lang='lat' dir='ltr'><strong>veniens</strong></span> <span class='ocrx_word' id='word_1_382' title='bbox 3300 2739 3371 2793; x_wconf 92' lang='lat' dir='ltr'><strong>ad</strong></span> <span class='ocrx_word' id='word_1_383' title='bbox 3424 2738 3668 2837; x_wconf 78' lang='lat' dir='ltr'><strong>terminos</strong></span> <span class='ocrx_word' id='word_1_384' title='bbox 3683 2743 3761 2787; x_wconf 75' lang='lat' dir='ltr'><strong>ter-</strong></span> 
     </span>
    </p>
   </div>
   <div class='ocr_carea' id='block_1_56' title="bbox 2227 2832 3763 2900">
    <p class='ocr_par' dir='ltr' id='par_1_56' title="bbox 2227 2832 3763 2900">
     <span class='ocr_line' id='line_1_56' title="bbox 2227 2832 3763 2900; baseline -0.01 -7"><span class='ocrx_word' id='word_1_385' title='bbox 2227 2837 2402 2893; x_wconf 88' lang='lat' dir='ltr'><strong>ritorii</strong></span> <span class='ocrx_word' id='word_1_386' title='bbox 2440 2836 2498 2892; x_wconf 89' lang='lat' dir='ltr'><strong>S.</strong></span> <span class='ocrx_word' id='word_1_387' title='bbox 2532 2834 2802 2891; x_wconf 80' lang='lat' dir='ltr'><strong>Benedicti</strong></span> <span class='ocrx_word' id='word_1_388' title='bbox 2830 2833 3152 2889; x_wconf 90' lang='lat' dir='ltr'><strong>infantulum</strong></span> <span class='ocrx_word' id='word_1_389' title='bbox 3183 2832 3419 2887; x_wconf 65' lang='lat' dir='ltr'><strong>illaesum</strong></span> <span class='ocrx_word' id='word_1_390' title='bbox 3471 2838 3625 2900; x_wconf 84' lang='lat' dir='ltr'><strong>atque</strong></span> <span class='ocrx_word' id='word_1_391' title='bbox 3653 2832 3763 2880; x_wconf 83' lang='lat' dir='ltr'><strong>inco-</strong></span> 
     </span>
    </p>
   </div>
   <div class='ocr_carea' id='block_1_57' title="bbox 2228 2918 3758 2999">
    <p class='ocr_par' dir='ltr' id='par_1_57' title="bbox 2228 2918 3758 2999">
     <span class='ocr_line' id='line_1_57' title="bbox 2228 2918 3758 2999; baseline -0.012 -14"><span class='ocrx_word' id='word_1_392' title='bbox 2228 2930 2426 2987; x_wconf 86' lang='lat' dir='ltr'><strong>lumem</strong></span> <span class='ocrx_word' id='word_1_393' title='bbox 2477 2929 2809 2999; x_wconf 87' lang='lat' dir='ltr'><strong>relinquens,</strong></span> <span class='ocrx_word' id='word_1_394' title='bbox 2840 2927 2959 2981; x_wconf 86' lang='lat' dir='ltr'><strong>avia</strong></span> <span class='ocrx_word' id='word_1_395' title='bbox 3009 2926 3265 2981; x_wconf 89' lang='lat' dir='ltr'><strong>silvarum</strong></span> <span class='ocrx_word' id='word_1_396' title='bbox 3296 2920 3527 2978; x_wconf 89' lang='lat' dir='ltr'><strong>latibula</strong></span> <span class='ocrx_word' id='word_1_397' title='bbox 3576 2918 3758 2989; x_wconf 78' lang='lat' dir='ltr'><strong>repetiit.</strong></span> 
     </span>
    </p>
   </div>
   <div class='ocr_carea' id='block_1_58' title="bbox 2228 3009 3758 3109">
    <p class='ocr_par' dir='ltr' id='par_1_58' title="bbox 2228 3009 3758 3109">
     <span class='ocr_line' id='line_1_58' title="bbox 2228 3009 3758 3109; baseline -0.011 -31"><span class='ocrx_word' id='word_1_398' title='bbox 2228 3021 2419 3078; x_wconf 83' lang='lat' dir='ltr'><strong>Mulier</strong></span> <span class='ocrx_word' id='word_1_399' title='bbox 2443 3033 2661 3090; x_wconf 87' lang='lat' dir='ltr'><strong>recepto</strong></span> <span class='ocrx_word' id='word_1_400' title='bbox 2694 3019 2891 3074; x_wconf 89' lang='lat' dir='ltr'><strong>alacris</strong></span> <span class='ocrx_word' id='word_1_401' title='bbox 2917 3016 3140 3089; x_wconf 89' lang='lat' dir='ltr'><strong>puerulo</strong></span> <span class='ocrx_word' id='word_1_402' title='bbox 3168 3015 3375 3086; x_wconf 75' lang='lat' dir='ltr'><strong>gratias</strong></span> <span class='ocrx_word' id='word_1_403' title='bbox 3415 3015 3537 3109; x_wconf 65' lang='lat' dir='ltr'><strong>Deo</strong></span> <span class='ocrx_word' id='word_1_404' title='bbox 3571 3027 3627 3066; x_wconf 87' lang='lat' dir='ltr'><strong>ac</strong></span> <span class='ocrx_word' id='word_1_405' title='bbox 3650 3009 3758 3109; x_wconf 71' lang='lat' dir='ltr'><strong>libe-</strong></span> 
     </span>
    </p>
   </div>
   <div class='ocr_carea' id='block_1_59' title="bbox 2228 3100 3762 3180">
    <p class='ocr_par' dir='ltr' id='par_1_59' title="bbox 2228 3100 3762 3180">
     <span class='ocr_line' id='line_1_59' title="bbox 2228 3100 3762 3180; baseline -0.007 -12"><span class='ocrx_word' id='word_1_406' title='bbox 2228 3113 2396 3168; x_wconf 90' lang='lat' dir='ltr'><strong>ratori</strong></span> <span class='ocrx_word' id='word_1_407' title='bbox 2444 3111 2538 3166; x_wconf 88' lang='lat' dir='ltr'><strong>filii</strong></span> <span class='ocrx_word' id='word_1_408' title='bbox 2565 3110 2668 3175; x_wconf 90' lang='lat' dir='ltr'><strong>sui,</strong></span> <span class='ocrx_word' id='word_1_409' title='bbox 2700 3117 2889 3165; x_wconf 87' lang='lat' dir='ltr'><strong>sancto</strong></span> <span class='ocrx_word' id='word_1_410' title='bbox 2912 3123 3008 3180; x_wconf 92' lang='lat' dir='ltr'><strong>pro</strong></span> <span class='ocrx_word' id='word_1_411' title='bbox 3035 3108 3174 3163; x_wconf 89' lang='lat' dir='ltr'><strong>scire</strong></span> <span class='ocrx_word' id='word_1_412' title='bbox 3222 3106 3475 3161; x_wconf 86' lang='lat' dir='ltr'><strong>referens</strong></span> <span class='ocrx_word' id='word_1_413' title='bbox 3504 3100 3762 3158; x_wconf 60' lang='lat' dir='ltr'><strong>Benedicto,</strong></span> 
     </span>
    </p>
   </div>
   <div class='ocr_carea' id='block_1_60' title="bbox 543 3169 3533 3274">
    <p class='ocr_par' dir='ltr' id='par_1_60' title="bbox 543 3169 3533 3274">
     <span class='ocr_line' id='line_1_60' title="bbox 543 3169 3533 3274; baseline 0.009 -51"><span class='ocrx_word' id='word_1_414' title='bbox 543 3169 615 3223; x_wconf 73' lang='lat' dir='ltr'><strong>sit</strong></span> <span class='ocrx_word' id='word_1_415' title='bbox 639 3185 770 3227; x_wconf 83' lang='lat' dir='ltr'><strong>esse</strong></span> <span class='ocrx_word' id='word_1_416' title='bbox 813 3171 1059 3231; x_wconf 88' lang='lat' dir='ltr'><strong>tellurem</strong></span> <span class='ocrx_word' id='word_1_417' title='bbox 1093 3193 1107 3230; x_wconf 89' lang='lat'><strong>:</strong></span> <span class='ocrx_word' id='word_1_418' title='bbox 1140 3192 1234 3234; x_wconf 83' lang='lat' dir='ltr'><strong>seu</strong></span> <span class='ocrx_word' id='word_1_419' title='bbox 1260 3194 1379 3235; x_wconf 88' lang='lat' dir='ltr'><strong>eam</strong></span> <span class='ocrx_word' id='word_1_420' title='bbox 1411 3182 1611 3251; x_wconf 79' lang='lat' dir='ltr'><strong>Optime</strong></span> <span class='ocrx_word' id='word_1_421' title='bbox 1631 3185 1883 3242; x_wconf 80' lang='lat' dir='ltr'><strong>excolens</strong></span> <span class='ocrx_word' id='word_1_422' title='bbox 1911 3188 2125 3245; x_wconf 89' lang='lat' dir='ltr'><strong>vineam</strong></span> <span class='ocrx_word' id='word_1_423' title='bbox 2152 3176 2197 3240; x_wconf 92' lang='lat' dir='ltr'><strong>C</strong></span> <span class='ocrx_word' id='word_1_424' title='bbox 2228 3205 2371 3260; x_wconf 60' lang='lat' dir='ltr'><strong>lares</strong></span> <span class='ocrx_word' id='word_1_425' title='bbox 2400 3202 2778 3274; x_wconf 65' lang='lat' dir='ltr'><strong>pauperrimus</strong></span> <span class='ocrx_word' id='word_1_426' title='bbox 2805 3215 2916 3255; x_wconf 69' lang='lat' dir='ltr'><strong>suae</strong></span> <span class='ocrx_word' id='word_1_427' title='bbox 2950 3198 3137 3253; x_wconf 78' lang='lat' dir='ltr'><strong>revisit</strong></span> <span class='ocrx_word' id='word_1_428' title='bbox 3164 3195 3533 3267; x_wconf 84' lang='lat' dir='ltr'><strong>paupertatis.</strong></span> 
     </span>
    </p>
   </div>
   <div class='ocr_carea' id='block_1_61' title="bbox 540 3262 2125 3353">
    <p class='ocr_par' dir='ltr' id='par_1_61' title="bbox 540 3262 2125 3353">
     <span class='ocr_line' id='line_1_61' title="bbox 540 3262 2125 3353; baseline 0.015 -37"><span class='ocrx_word' id='word_1_429' title='bbox 540 3262 669 3335; x_wconf 78' lang='lat' dir='ltr'><strong>inibi</strong></span> <span class='ocrx_word' id='word_1_430' title='bbox 705 3264 989 3335; x_wconf 88' lang='lat' dir='ltr'><strong>plantavit,</strong></span> <span class='ocrx_word' id='word_1_431' title='bbox 1033 3277 1196 3342; x_wconf 88' lang='lat' dir='ltr'><strong>atque</strong></span> <span class='ocrx_word' id='word_1_432' title='bbox 1238 3288 1344 3344; x_wconf 92' lang='lat' dir='ltr'><strong>quo</strong></span> <span class='ocrx_word' id='word_1_433' title='bbox 1388 3270 1592 3331; x_wconf 82' lang='lat' dir='ltr'><strong>advixit</strong></span> <span class='ocrx_word' id='word_1_434' title='bbox 1630 3285 1893 3348; x_wconf 89' lang='lat' dir='ltr'><strong>tempore,</strong></span> <span class='ocrx_word' id='word_1_435' title='bbox 1925 3281 1975 3336; x_wconf 94' lang='lat' dir='ltr'><strong>in</strong></span> <span class='ocrx_word' id='word_1_436' title='bbox 2004 3299 2125 3353; x_wconf 80' lang='lat' dir='ltr'><strong>pro-</strong></span> 
     </span>
    </p>
   </div>
   <div class='ocr_carea' id='block_1_62' title="bbox 541 3355 2131 3444">
    <p class='ocr_par' dir='ltr' id='par_1_62' title="bbox 541 3355 2131 3444">
     <span class='ocr_line' id='line_1_62' title="bbox 541 3355 2131 3444; baseline 0.015 -38"><span class='ocrx_word' id='word_1_437' title='bbox 541 3355 690 3421; x_wconf 90' lang='lat' dir='ltr'><strong>prios</strong></span> <span class='ocrx_word' id='word_1_438' title='bbox 737 3357 959 3413; x_wconf 81' lang='lat' dir='ltr'><strong>retinnit</strong></span> <span class='ocrx_word' id='word_1_439' title='bbox 999 3374 1147 3417; x_wconf 91' lang='lat' dir='ltr'><strong>usus.</strong></span> <span class='ocrx_word' id='word_1_440' title='bbox 1190 3362 1494 3422; x_wconf 88' lang='lat' dir='ltr'><strong>Decedente</strong></span> <span class='ocrx_word' id='word_1_441' title='bbox 1543 3367 1634 3424; x_wconf 92' lang='lat' dir='ltr'><strong>illo</strong></span> <span class='ocrx_word' id='word_1_442' title='bbox 1658 3369 1910 3427; x_wconf 89' lang='lat' dir='ltr'><strong>dominus</strong></span> <span class='ocrx_word' id='word_1_443' title='bbox 1961 3374 2131 3444; x_wconf 90' lang='lat' dir='ltr'><strong>ipsius</strong></span> 
     </span>
    </p>
   </div>
   <div class='ocr_carea' id='block_1_63' title="bbox 541 3441 2127 3532">
    <p class='ocr_par' dir='ltr' id='par_1_63' title="bbox 541 3441 2127 3532">
     <span class='ocr_line' id='line_1_63' title="bbox 541 3441 2127 3532; baseline 0.013 -30"><span class='ocrx_word' id='word_1_444' title='bbox 541 3457 699 3504; x_wconf 71' lang='lat' dir='ltr'><strong>terra:</strong></span> <span class='ocrx_word' id='word_1_445' title='bbox 724 3451 790 3506; x_wconf 91' lang='lat' dir='ltr'><strong>de</strong></span> <span class='ocrx_word' id='word_1_446' title='bbox 813 3468 917 3522; x_wconf 88' lang='lat' dir='ltr'><strong>qua</strong></span> <span class='ocrx_word' id='word_1_447' title='bbox 944 3441 1157 3524; x_wconf 61' lang='lat' dir='ltr'><strong>priefati</strong></span> <span class='ocrx_word' id='word_1_448' title='bbox 1185 3473 1392 3525; x_wconf 91' lang='lat' dir='ltr'><strong>sumus,</strong></span> <span class='ocrx_word' id='word_1_449' title='bbox 1420 3462 1561 3532; x_wconf 90' lang='lat' dir='ltr'><strong>quod</strong></span> <span class='ocrx_word' id='word_1_450' title='bbox 1592 3462 1907 3520; x_wconf 86' lang='lat' dir='ltr'><strong>vendiderat</strong></span> <span class='ocrx_word' id='word_1_451' title='bbox 1938 3441 2127 3523; x_wconf 81' lang='lat' dir='ltr'><strong>rursus</strong></span> 
     </span>
    </p>
   </div>
   <div class='ocr_carea' id='block_1_64' title="bbox 542 3534 2127 3631">
    <p class='ocr_par' dir='ltr' id='par_1_64' title="bbox 542 3534 2127 3631">
     <span class='ocr_line' id='line_1_64' title="bbox 542 3534 2127 3631; baseline 0.012 -35"><span class='ocrx_word' id='word_1_452' title='bbox 542 3534 786 3612; x_wconf 85' lang='lat' dir='ltr'><strong>repetere</strong></span> <span class='ocrx_word' id='word_1_453' title='bbox 814 3555 1061 3602; x_wconf 88' lang='lat' dir='ltr'><strong>conatur.</strong></span> <span class='ocrx_word' id='word_1_454' title='bbox 1092 3550 1401 3609; x_wconf 82' lang='lat' dir='ltr'><strong>Advocatus</strong></span> <span class='ocrx_word' id='word_1_455' title='bbox 1445 3569 1577 3610; x_wconf 89' lang='lat' dir='ltr'><strong>vero</strong></span> <span class='ocrx_word' id='word_1_456' title='bbox 1604 3571 1707 3611; x_wconf 87' lang='lat' dir='ltr'><strong>una</strong></span> <span class='ocrx_word' id='word_1_457' title='bbox 1733 3572 1855 3613; x_wconf 92' lang='lat' dir='ltr'><strong>cum</strong></span> <span class='ocrx_word' id='word_1_458' title='bbox 1883 3556 2127 3631; x_wconf 79' lang='lat' dir='ltr'><strong>Ragana-</strong></span> 
     </span>
    </p>
   </div>
   <div class='ocr_carea' id='block_1_65' title="bbox 542 3639 2123 3725">
    <p class='ocr_par' dir='ltr' id='par_1_65' title="bbox 542 3639 2123 3725">
     <span class='ocr_line' id='line_1_65' title="bbox 542 3639 2123 3725; baseline 0.013 -34"><span class='ocrx_word' id='word_1_459' title='bbox 542 3639 625 3692; x_wconf 88' lang='lat' dir='ltr'><strong>rio</strong></span> <span class='ocrx_word' id='word_1_460' title='bbox 649 3642 937 3707; x_wconf 87' lang='lat' dir='ltr'><strong>monacho,</strong></span> <span class='ocrx_word' id='word_1_461' title='bbox 969 3644 1035 3699; x_wconf 89' lang='lat' dir='ltr'><strong>ad</strong></span> <span class='ocrx_word' id='word_1_462' title='bbox 1066 3644 1242 3702; x_wconf 89' lang='lat' dir='ltr'><strong>locum</strong></span> <span class='ocrx_word' id='word_1_463' title='bbox 1270 3651 1534 3706; x_wconf 90' lang='lat' dir='ltr'><strong>cessionis</strong></span> <span class='ocrx_word' id='word_1_464' title='bbox 1558 3660 1719 3709; x_wconf 73' lang='lat' dir='ltr'><strong>terrae</strong></span> <span class='ocrx_word' id='word_1_465' title='bbox 1737 3655 1890 3725; x_wconf 85' lang='lat' dir='ltr'><strong>juxta</strong></span> <span class='ocrx_word' id='word_1_466' title='bbox 1919 3673 2123 3712; x_wconf 89' lang='lat' dir='ltr'><strong>morem</strong></span> 
     </span>
    </p>
   </div>
   <div class='ocr_carea' id='block_1_66' title="bbox 541 3728 2125 3816">
    <p class='ocr_par' dir='ltr' id='par_1_66' title="bbox 541 3728 2125 3816">
     <span class='ocr_line' id='line_1_66' title="bbox 541 3728 2125 3816; baseline 0.014 -33"><span class='ocrx_word' id='word_1_467' title='bbox 541 3728 673 3802; x_wconf 82' lang='lat' dir='ltr'><strong>legis</strong></span> <span class='ocrx_word' id='word_1_468' title='bbox 696 3734 1007 3800; x_wconf 87' lang='lat' dir='ltr'><strong>adveniens,</strong></span> <span class='ocrx_word' id='word_1_469' title='bbox 1034 3738 1346 3806; x_wconf 72' lang='lat' dir='ltr'><strong>praedictam</strong></span> <span class='ocrx_word' id='word_1_470' title='bbox 1386 3742 1595 3797; x_wconf 89' lang='lat' dir='ltr'><strong>vineam</strong></span> <span class='ocrx_word' id='word_1_471' title='bbox 1628 3745 1692 3799; x_wconf 90' lang='lat' dir='ltr'><strong>ad</strong></span> <span class='ocrx_word' id='word_1_472' title='bbox 1724 3746 1812 3816; x_wconf 89' lang='lat' dir='ltr'><strong>jus</strong></span> <span class='ocrx_word' id='word_1_473' title='bbox 1846 3745 1910 3802; x_wconf 86' lang='lat' dir='ltr'><strong>S.</strong></span> <span class='ocrx_word' id='word_1_474' title='bbox 1954 3746 2125 3804; x_wconf 89' lang='lat' dir='ltr'><strong>Bene-</strong></span> 
     </span>
    </p>
   </div>
   <div class='ocr_carea' id='block_1_67' title="bbox 542 3820 2125 3897">
    <p class='ocr_par' dir='ltr' id='par_1_67' title="bbox 542 3820 2125 3897">
     <span class='ocr_line' id='line_1_67' title="bbox 542 3820 2125 3897; baseline 0.015 -24"><span class='ocrx_word' id='word_1_475' title='bbox 542 3820 813 3877; x_wconf 56' lang='lat' dir='ltr'><strong>dictiisna</strong></span> <span class='ocrx_word' id='word_1_476' title='bbox 866 3826 1189 3884; x_wconf 86' lang='lat' dir='ltr'><strong>auctoritate</strong></span> <span class='ocrx_word' id='word_1_477' title='bbox 1234 3845 1493 3889; x_wconf 83' lang='lat' dir='ltr'><strong>revocare</strong></span> <span class='ocrx_word' id='word_1_478' title='bbox 1548 3834 1841 3894; x_wconf 85' lang='lat' dir='ltr'><strong>nitebatur.</strong></span> <span class='ocrx_word' id='word_1_479' title='bbox 1886 3839 2125 3897; x_wconf 81' lang='lat' dir='ltr'><strong>Proinde</strong></span> 
     </span>
    </p>
   </div>
   <div class='ocr_carea' id='block_1_68' title="bbox 544 3909 2126 4000">
    <p class='ocr_par' dir='ltr' id='par_1_68' title="bbox 544 3909 2126 4000">
     <span class='ocr_line' id='line_1_68' title="bbox 544 3909 2126 4000; baseline 0.018 -38"><span class='ocrx_word' id='word_1_480' title='bbox 544 3909 874 3980; x_wconf 87' lang='lat' dir='ltr'><strong>Stephanus,</strong></span> <span class='ocrx_word' id='word_1_481' title='bbox 913 3916 1246 3988; x_wconf 90' lang='lat' dir='ltr'><strong>impatientia</strong></span> <span class='ocrx_word' id='word_1_482' title='bbox 1289 3923 1421 3981; x_wconf 89' lang='lat' dir='ltr'><strong>levis</strong></span> <span class='ocrx_word' id='word_1_483' title='bbox 1445 3926 1610 3983; x_wconf 87' lang='lat' dir='ltr'><strong>animi</strong></span> <span class='ocrx_word' id='word_1_484' title='bbox 1640 3943 1964 4000; x_wconf 90' lang='lat' dir='ltr'><strong>commotus,</strong></span> <span class='ocrx_word' id='word_1_485' title='bbox 2017 3934 2126 3990; x_wconf 80' lang='lat' dir='ltr'><strong>Ba-</strong></span> 
     </span>
    </p>
   </div>
   <div class='ocr_carea' id='block_1_69' title="bbox 542 4005 2120 4095">
    <p class='ocr_par' dir='ltr' id='par_1_69' title="bbox 542 4005 2120 4095">
     <span class='ocr_line' id='line_1_69' title="bbox 542 4005 2120 4095; baseline 0.015 -39"><span class='ocrx_word' id='word_1_486' title='bbox 542 4005 769 4073; x_wconf 76' lang='lat' dir='ltr'><strong>ganario</strong></span> <span class='ocrx_word' id='word_1_487' title='bbox 795 4011 1062 4065; x_wconf 90' lang='lat' dir='ltr'><strong>monacho</strong></span> <span class='ocrx_word' id='word_1_488' title='bbox 1078 4011 1150 4066; x_wconf 90' lang='lat' dir='ltr'><strong>ita</strong></span> <span class='ocrx_word' id='word_1_489' title='bbox 1183 4022 1240 4068; x_wconf 91' lang='lat' dir='ltr'><strong>ut</strong></span> <span class='ocrx_word' id='word_1_490' title='bbox 1266 4016 1484 4073; x_wconf 88' lang='lat' dir='ltr'><strong>sedebat</strong></span> <span class='ocrx_word' id='word_1_491' title='bbox 1507 4018 1559 4074; x_wconf 92' lang='lat' dir='ltr'><strong>in</strong></span> <span class='ocrx_word' id='word_1_492' title='bbox 1580 4035 1720 4091; x_wconf 83' lang='lat' dir='ltr'><strong>equo</strong></span> <span class='ocrx_word' id='word_1_493' title='bbox 1734 4023 2120 4095; x_wconf 86' lang='lat' dir='ltr'><strong>propinquans,</strong></span> 
     </span>
    </p>
   </div>
   <div class='ocr_carea' id='block_1_70' title="bbox 543 4094 2120 4183">
    <p class='ocr_par' dir='ltr' id='par_1_70' title="bbox 543 4094 2120 4183">
     <span class='ocr_line' id='line_1_70' title="bbox 543 4094 2120 4183; baseline 0.015 -36"><span class='ocrx_word' id='word_1_494' title='bbox 543 4094 829 4152; x_wconf 88' lang='lat' dir='ltr'><strong>furibunde</strong></span> <span class='ocrx_word' id='word_1_495' title='bbox 852 4097 1061 4157; x_wconf 90' lang='lat' dir='ltr'><strong>locutus</strong></span> <span class='ocrx_word' id='word_1_496' title='bbox 1089 4111 1173 4159; x_wconf 91' lang='lat' dir='ltr'><strong>est</strong></span> <span class='ocrx_word' id='word_1_497' title='bbox 1200 4121 1216 4159; x_wconf 88' lang='lat'><strong>:</strong></span> <span class='ocrx_word' id='word_1_498' title='bbox 1244 4104 1362 4161; x_wconf 87' lang='lat' dir='ltr'><strong>Tibi</strong></span> <span class='ocrx_word' id='word_1_499' title='bbox 1389 4109 1530 4173; x_wconf 89' lang='lat' dir='ltr'><strong>dico,</strong></span> <span class='ocrx_word' id='word_1_500' title='bbox 1548 4110 1815 4183; x_wconf 83' lang='lat' dir='ltr'><strong>Raganari</strong></span> <span class='ocrx_word' id='word_1_501' title='bbox 1839 4094 2120 4181; x_wconf 90' lang='lat' dir='ltr'><strong>monacbe,</strong></span> 
     </span>
    </p>
   </div>
   <div class='ocr_carea' id='block_1_71' title="bbox 543 4184 2124 4270">
    <p class='ocr_par' dir='ltr' id='par_1_71' title="bbox 543 4184 2124 4270">
     <span class='ocr_line' id='line_1_71' title="bbox 543 4184 2124 4270; baseline 0.015 -34"><span class='ocrx_word' id='word_1_502' title='bbox 543 4184 634 4251; x_wconf 89' lang='lat' dir='ltr'><strong>qui</strong></span> <span class='ocrx_word' id='word_1_503' title='bbox 667 4194 816 4243; x_wconf 87' lang='lat' dir='ltr'><strong>trans</strong></span> <span class='ocrx_word' id='word_1_504' title='bbox 845 4204 994 4269; x_wconf 87' lang='lat' dir='ltr'><strong>mare</strong></span> <span class='ocrx_word' id='word_1_505' title='bbox 1019 4189 1314 4249; x_wconf 84' lang='lat' dir='ltr'><strong>Jerusalem</strong></span> <span class='ocrx_word' id='word_1_506' title='bbox 1342 4197 1634 4266; x_wconf 87' lang='lat' dir='ltr'><strong>requisisti,</strong></span> <span class='ocrx_word' id='word_1_507' title='bbox 1670 4216 1768 4270; x_wconf 90' lang='lat' dir='ltr'><strong>per</strong></span> <span class='ocrx_word' id='word_1_508' title='bbox 1790 4203 1932 4257; x_wconf 91' lang='lat' dir='ltr'><strong>hunc</strong></span> <span class='ocrx_word' id='word_1_509' title='bbox 1957 4214 2124 4261; x_wconf 88' lang='lat' dir='ltr'><strong>testor</strong></span> 
     </span>
    </p>
   </div>
   <div class='ocr_carea' id='block_1_72' title="bbox 456 4262 2120 4362">
    <p class='ocr_par' dir='ltr' id='par_1_72' title="bbox 456 4262 2120 4362">
     <span class='ocr_line' id='line_1_72' title="bbox 456 4262 2120 4362; baseline 0.016 -36"><span class='ocrx_word' id='word_1_510' title='bbox 456 4262 465 4267; x_wconf 65' lang='grc'><strong>’</strong></span> <span class='ocrx_word' id='word_1_511' title='bbox 541 4278 749 4341; x_wconf 83' lang='lat' dir='ltr'><strong>ensem,</strong></span> <span class='ocrx_word' id='word_1_512' title='bbox 788 4264 1005 4348; x_wconf 86' lang='lat' dir='ltr'><strong>quando</strong></span> <span class='ocrx_word' id='word_1_513' title='bbox 1038 4290 1091 4337; x_wconf 88' lang='lat' dir='ltr'><strong>Ill</strong></span> <span class='ocrx_word' id='word_1_514' title='bbox 1121 4293 1176 4339; x_wconf 92' lang='lat' dir='ltr'><strong>et</strong></span> <span class='ocrx_word' id='word_1_515' title='bbox 1203 4292 1302 4355; x_wconf 81' lang='lat' dir='ltr'><strong>ego</strong></span> <span class='ocrx_word' id='word_1_516' title='bbox 1332 4287 1400 4340; x_wconf 90' lang='lat' dir='ltr'><strong>ab</strong></span> <span class='ocrx_word' id='word_1_517' title='bbox 1426 4287 1527 4343; x_wconf 91' lang='lat' dir='ltr'><strong>hoc</strong></span> <span class='ocrx_word' id='word_1_518' title='bbox 1551 4292 1940 4348; x_wconf 88' lang='lat' dir='ltr'><strong>recesserimus</strong></span> <span class='ocrx_word' id='word_1_519' title='bbox 1978 4294 2120 4362; x_wconf 89' lang='lat' dir='ltr'><strong>loco,</strong></span> 
     </span>
    </p>
   </div>
   <div class='ocr_carea' id='block_1_73' title="bbox 543 4363 2123 4456">
    <p class='ocr_par' dir='ltr' id='par_1_73' title="bbox 543 4363 2123 4456">
     <span class='ocr_line' id='line_1_73' title="bbox 543 4363 2123 4456; baseline 0.015 -37"><span class='ocrx_word' id='word_1_520' title='bbox 543 4363 600 4419; x_wconf 91' lang='grc'><strong>8.</strong></span> <span class='ocrx_word' id='word_1_521' title='bbox 631 4365 955 4427; x_wconf 89' lang='lat' dir='ltr'><strong>Benedictus</strong></span> <span class='ocrx_word' id='word_1_522' title='bbox 979 4387 1042 4428; x_wconf 89' lang='lat' dir='ltr'><strong>ex</strong></span> <span class='ocrx_word' id='word_1_523' title='bbox 1079 4375 1181 4430; x_wconf 89' lang='lat' dir='ltr'><strong>hac</strong></span> <span class='ocrx_word' id='word_1_524' title='bbox 1222 4377 1373 4433; x_wconf 85' lang='lat' dir='ltr'><strong>vinea</strong></span> <span class='ocrx_word' id='word_1_525' title='bbox 1406 4379 1608 4436; x_wconf 89' lang='lat' dir='ltr'><strong>nullam</strong></span> <span class='ocrx_word' id='word_1_526' title='bbox 1640 4382 1860 4439; x_wconf 89' lang='lat' dir='ltr'><strong>habebit</strong></span> <span class='ocrx_word' id='word_1_527' title='bbox 1883 4392 2123 4456; x_wconf 83' lang='lat' dir='ltr'><strong>potesta-</strong></span> 
     </span>
    </p>
   </div>
   <div class='ocr_carea' id='block_1_74' title="bbox 539 4458 2117 4546">
    <p class='ocr_par' dir='ltr' id='par_1_74' title="bbox 539 4458 2117 4546">
     <span class='ocr_line' id='line_1_74' title="bbox 539 4458 2117 4546; baseline 0.015 -36"><span class='ocrx_word' id='word_1_528' title='bbox 539 4463 668 4511; x_wconf 89' lang='lat' dir='ltr'><strong>tem.</strong></span> <span class='ocrx_word' id='word_1_529' title='bbox 700 4458 797 4514; x_wconf 88' lang='lat' dir='ltr'><strong>Cui</strong></span> <span class='ocrx_word' id='word_1_530' title='bbox 826 4458 1027 4518; x_wconf 91' lang='lat' dir='ltr'><strong>furenti</strong></span> <span class='ocrx_word' id='word_1_531' title='bbox 1055 4465 1387 4536; x_wconf 82' lang='lat' dir='ltr'><strong>Raganarins</strong></span> <span class='ocrx_word' id='word_1_532' title='bbox 1415 4469 1535 4525; x_wconf 86' lang='lat' dir='ltr'><strong>infit</strong></span> <span class='ocrx_word' id='word_1_533' title='bbox 1557 4460 1756 4528; x_wconf 53' lang='lat' dir='ltr'><strong>{Certe</strong></span> <span class='ocrx_word' id='word_1_534' title='bbox 1780 4488 1881 4545; x_wconf 84' lang='lat' dir='ltr'><strong>ego</strong></span> <span class='ocrx_word' id='word_1_535' title='bbox 1907 4475 2117 4546; x_wconf 89' lang='lat' dir='ltr'><strong>ignoro,</strong></span> 
     </span>
    </p>
   </div>
   <div class='ocr_carea' id='block_1_75' title="bbox 541 4552 2121 4636">
    <p class='ocr_par' dir='ltr' id='par_1_75' title="bbox 541 4552 2121 4636">
     <span class='ocr_line' id='line_1_75' title="bbox 541 4552 2121 4636; baseline 0.014 -37"><span class='ocrx_word' id='word_1_536' title='bbox 541 4553 595 4600; x_wconf 91' lang='lat' dir='ltr'><strong>tu</strong></span> <span class='ocrx_word' id='word_1_537' title='bbox 649 4561 778 4604; x_wconf 86' lang='lat' dir='ltr'><strong>vero</strong></span> <span class='ocrx_word' id='word_1_538' title='bbox 817 4552 1015 4619; x_wconf 87' lang='lat' dir='ltr'><strong>nescis,</strong></span> <span class='ocrx_word' id='word_1_539' title='bbox 1053 4563 1234 4610; x_wconf 90' lang='lat' dir='ltr'><strong>utrum</strong></span> <span class='ocrx_word' id='word_1_540' title='bbox 1280 4557 1350 4613; x_wconf 88' lang='lat' dir='ltr'><strong>ab</strong></span> <span class='ocrx_word' id='word_1_541' title='bbox 1402 4558 1506 4615; x_wconf 91' lang='lat' dir='ltr'><strong>hoc</strong></span> <span class='ocrx_word' id='word_1_542' title='bbox 1554 4560 1673 4617; x_wconf 92' lang='lat' dir='ltr'><strong>loco</strong></span> <span class='ocrx_word' id='word_1_543' title='bbox 1716 4564 1971 4621; x_wconf 88' lang='lat' dir='ltr'><strong>recedere</strong></span> <span class='ocrx_word' id='word_1_544' title='bbox 2020 4581 2121 4636; x_wconf 86' lang='lat' dir='ltr'><strong>pro</strong></span> 
     </span>
    </p>
   </div>
   <div class='ocr_carea' id='block_1_76' title="bbox 539 4628 2124 4724">
    <p class='ocr_par' dir='ltr' id='par_1_76' title="bbox 539 4628 2124 4724">
     <span class='ocr_line' id='line_1_76' title="bbox 539 4628 2124 4724; baseline 0.014 -33"><span class='ocrx_word' id='word_1_545' title='bbox 539 4646 667 4693; x_wconf 90' lang='lat' dir='ltr'><strong>voto</strong></span> <span class='ocrx_word' id='word_1_546' title='bbox 709 4628 999 4710; x_wconf 83' lang='lat' dir='ltr'><strong>possimus.</strong></span> <span class='ocrx_word' id='word_1_547' title='bbox 1036 4644 1129 4701; x_wconf 90' lang='lat' dir='ltr'><strong>llle</strong></span> <span class='ocrx_word' id='word_1_548' title='bbox 1157 4647 1354 4703; x_wconf 88' lang='lat' dir='ltr'><strong>iterum</strong></span> <span class='ocrx_word' id='word_1_549' title='bbox 1406 4665 1672 4709; x_wconf 91' lang='lat' dir='ltr'><strong>concusso</strong></span> <span class='ocrx_word' id='word_1_550' title='bbox 1701 4654 2124 4724; x_wconf 87' lang='lat' dir='ltr'><strong>ensejuramen-</strong></span> 
     </span>
    </p>
   </div>
   <div class='ocr_carea' id='block_1_77' title="bbox 541 4735 2121 4816">
    <p class='ocr_par' dir='ltr' id='par_1_77' title="bbox 541 4735 2121 4816">
     <span class='ocr_line' id='line_1_77' title="bbox 541 4735 2121 4816; baseline 0.015 -34"><span class='ocrx_word' id='word_1_551' title='bbox 541 4735 653 4784; x_wconf 87' lang='lat' dir='ltr'><strong>tum</strong></span> <span class='ocrx_word' id='word_1_552' title='bbox 688 4742 940 4816; x_wconf 86' lang='lat' dir='ltr'><strong>repetens</strong></span> <span class='ocrx_word' id='word_1_553' title='bbox 967 4735 1253 4794; x_wconf 77' lang='lat' dir='ltr'><strong>afﬁrmavit</strong></span> <span class='ocrx_word' id='word_1_554' title='bbox 1296 4756 1354 4796; x_wconf 90' lang='lat' dir='ltr'><strong>se</strong></span> <span class='ocrx_word' id='word_1_555' title='bbox 1388 4742 1593 4814; x_wconf 87' lang='lat' dir='ltr'><strong>absque</strong></span> <span class='ocrx_word' id='word_1_556' title='bbox 1630 4747 1804 4816; x_wconf 81' lang='lat' dir='ltr'><strong>gratia</strong></span> <span class='ocrx_word' id='word_1_557' title='bbox 1850 4744 1911 4802; x_wconf 89' lang='lat' dir='ltr'><strong>S.</strong></span> <span class='ocrx_word' id='word_1_558' title='bbox 1953 4746 2121 4805; x_wconf 89' lang='lat' dir='ltr'><strong>Bene-</strong></span> 
     </span>
    </p>
   </div>
   <div class='ocr_carea' id='block_1_78' title="bbox 540 4812 2124 4898">
    <p class='ocr_par' dir='ltr' id='par_1_78' title="bbox 540 4812 2124 4898">
     <span class='ocr_line' id='line_1_78' title="bbox 540 4812 2124 4898; baseline 0.014 -23"><span class='ocrx_word' id='word_1_559' title='bbox 540 4820 671 4878; x_wconf 88' lang='lat' dir='ltr'><strong>dicti</strong></span> <span class='ocrx_word' id='word_1_560' title='bbox 721 4812 789 4879; x_wconf 28' lang='lat' dir='ltr'><strong>a&#39;b</strong></span> <span class='ocrx_word' id='word_1_561' title='bbox 814 4840 880 4880; x_wconf 86' lang='lat' dir='ltr'><strong>eo</strong></span> <span class='ocrx_word' id='word_1_562' title='bbox 909 4828 1279 4898; x_wconf 83' lang='lat' dir='ltr'><strong>regressurum</strong></span> <span class='ocrx_word' id='word_1_563' title='bbox 1322 4833 1459 4890; x_wconf 91' lang='lat' dir='ltr'><strong>loco.</strong></span> <span class='ocrx_word' id='word_1_564' title='bbox 1501 4812 1596 4893; x_wconf 79' lang='lat' dir='ltr'><strong>llis</strong></span> <span class='ocrx_word' id='word_1_565' title='bbox 1629 4812 1790 4894; x_wconf 82' lang='lat' dir='ltr'><strong>dictis</strong></span> <span class='ocrx_word' id='word_1_566' title='bbox 1834 4840 2124 4897; x_wconf 88' lang='lat' dir='ltr'><strong>confestim</strong></span> 
     </span>
    </p>
   </div>
   <div class='ocr_carea' id='block_1_79' title="bbox 543 4910 2125 4994">
    <p class='ocr_par' dir='ltr' id='par_1_79' title="bbox 543 4910 2125 4994">
     <span class='ocr_line' id='line_1_79' title="bbox 543 4910 2125 4994; baseline 0.015 -32"><span class='ocrx_word' id='word_1_567' title='bbox 543 4910 611 4963; x_wconf 88' lang='lat' dir='ltr'><strong>ab</strong></span> <span class='ocrx_word' id='word_1_568' title='bbox 636 4922 707 4964; x_wconf 89' lang='lat' dir='ltr'><strong>eo</strong></span> <span class='ocrx_word' id='word_1_569' title='bbox 725 4928 1007 4981; x_wconf 89' lang='lat' dir='ltr'><strong>corruens,</strong></span> <span class='ocrx_word' id='word_1_570' title='bbox 1037 4920 1289 4976; x_wconf 88' lang='lat' dir='ltr'><strong>contritis</strong></span> <span class='ocrx_word' id='word_1_571' title='bbox 1318 4923 1624 4994; x_wconf 84' lang='lat' dir='ltr'><strong>collisisqne</strong></span> <span class='ocrx_word' id='word_1_572' title='bbox 1673 4928 1923 4984; x_wconf 87' lang='lat' dir='ltr'><strong>omnibus</strong></span> <span class='ocrx_word' id='word_1_573' title='bbox 1951 4945 2125 4985; x_wconf 85' lang='lat' dir='ltr'><strong>mem-</strong></span> 
     </span>
    </p>
   </div>
   <div class='ocr_carea' id='block_1_80' title="bbox 540 4997 2118 5083">
    <p class='ocr_par' dir='ltr' id='par_1_80' title="bbox 540 4997 2118 5083">
     <span class='ocr_line' id='line_1_80' title="bbox 540 4997 2118 5083; baseline 0.014 -34"><span class='ocrx_word' id='word_1_574' title='bbox 540 4997 655 5051; x_wconf 85' lang='lat' dir='ltr'><strong>bris</strong></span> <span class='ocrx_word' id='word_1_575' title='bbox 680 4998 733 5052; x_wconf 90' lang='lat' dir='ltr'><strong>in</strong></span> <span class='ocrx_word' id='word_1_576' title='bbox 760 5004 999 5070; x_wconf 82' lang='lat' dir='ltr'><strong>gestario</strong></span> <span class='ocrx_word' id='word_1_577' title='bbox 1023 5009 1091 5063; x_wconf 90' lang='lat' dir='ltr'><strong>ad</strong></span> <span class='ocrx_word' id='word_1_578' title='bbox 1115 5009 1332 5066; x_wconf 90' lang='lat' dir='ltr'><strong>domum</strong></span> <span class='ocrx_word' id='word_1_579' title='bbox 1357 5015 1629 5083; x_wconf 88' lang='lat' dir='ltr'><strong>propriam</strong></span> <span class='ocrx_word' id='word_1_580' title='bbox 1653 5032 1681 5070; x_wconf 91' lang='lat' dir='ltr'><strong>a</strong></span> <span class='ocrx_word' id='word_1_581' title='bbox 1710 5018 1822 5073; x_wconf 88' lang='lat' dir='ltr'><strong>suis</strong></span> <span class='ocrx_word' id='word_1_582' title='bbox 1851 5020 2118 5073; x_wconf 87' lang='lat' dir='ltr'><strong>refertur:</strong></span> 
     </span>
    </p>
   </div>
   <div class='ocr_carea' id='block_1_81' title="bbox 543 5090 2123 5178">
    <p class='ocr_par' dir='ltr' id='par_1_81' title="bbox 543 5090 2123 5178">
     <span class='ocr_line' id='line_1_81' title="bbox 543 5090 2123 5178; baseline 0.014 -37"><span class='ocrx_word' id='word_1_583' title='bbox 543 5102 597 5142; x_wconf 90' lang='lat' dir='ltr'><strong>et</strong></span> <span class='ocrx_word' id='word_1_584' title='bbox 620 5090 773 5145; x_wconf 88' lang='lat' dir='ltr'><strong>vinea</strong></span> <span class='ocrx_word' id='word_1_585' title='bbox 786 5094 1002 5160; x_wconf 90' lang='lat' dir='ltr'><strong>quidem</strong></span> <span class='ocrx_word' id='word_1_586' title='bbox 1026 5102 1276 5168; x_wconf 87' lang='lat' dir='ltr'><strong>potestati</strong></span> <span class='ocrx_word' id='word_1_587' title='bbox 1294 5102 1630 5161; x_wconf 89' lang='lat' dir='ltr'><strong>S.Benedicti</strong></span> <span class='ocrx_word' id='word_1_588' title='bbox 1650 5108 1994 5178; x_wconf 89' lang='lat' dir='ltr'><strong>relinquitur,</strong></span> <span class='ocrx_word' id='word_1_589' title='bbox 2010 5110 2123 5178; x_wconf 91' lang='lat' dir='ltr'><strong>ipse</strong></span> 
     </span>
    </p>
   </div>
   <div class='ocr_carea' id='block_1_82' title="bbox 543 5181 2119 5268">
    <p class='ocr_par' dir='ltr' id='par_1_82' title="bbox 543 5181 2119 5268">
     <span class='ocr_line' id='line_1_82' title="bbox 543 5181 2119 5268; baseline 0.013 -37"><span class='ocrx_word' id='word_1_590' title='bbox 543 5194 674 5233; x_wconf 81' lang='lat' dir='ltr'><strong>vero</strong></span> <span class='ocrx_word' id='word_1_591' title='bbox 702 5181 1009 5251; x_wconf 85' lang='lat' dir='ltr'><strong>Stephanus</strong></span> <span class='ocrx_word' id='word_1_592' title='bbox 1039 5188 1198 5258; x_wconf 83' lang='lat' dir='ltr'><strong>longo</strong></span> <span class='ocrx_word' id='word_1_593' title='bbox 1214 5203 1560 5263; x_wconf 88' lang='lat' dir='ltr'><strong>consumptus</strong></span> <span class='ocrx_word' id='word_1_594' title='bbox 1582 5197 1840 5268; x_wconf 79' lang='lat' dir='ltr'><strong>languore</strong></span> <span class='ocrx_word' id='word_1_595' title='bbox 1873 5201 2119 5254; x_wconf 89' lang='lat' dir='ltr'><strong>moritur.</strong></span> 
     </span>
    </p>
   </div>
   <div class='ocr_carea' id='block_1_83' title="bbox 1081 5300 1589 5368">
    <p class='ocr_par' dir='ltr' id='par_1_83' title="bbox 1081 5300 1589 5368">
     <span class='ocr_line' id='line_1_83' title="bbox 1081 5300 1589 5368; baseline 0.024 -13"><span class='ocrx_word' id='word_1_596' title='bbox 1081 5300 1308 5358; x_wconf 82' lang='lat' dir='ltr'><strong>CAPUT</strong></span> <span class='ocrx_word' id='word_1_597' title='bbox 1348 5306 1589 5368; x_wconf 82' lang='lat' dir='ltr'><strong>XXXIX.</strong></span> 
     </span>
    </p>
   </div>
   <div class='ocr_carea' id='block_1_84' title="bbox 550 5381 2124 5434">
    <p class='ocr_par' dir='ltr' id='par_1_84' title="bbox 550 5381 2124 5434">
     <span class='ocr_line' id='line_1_84' title="bbox 550 5381 2124 5434; baseline 0 0"><span class='ocrx_word' id='word_1_598' title='bbox 550 5381 728 5434; x_wconf 79' lang='lat' dir='ltr'><strong>Caroli</strong></span> <span class='ocrx_word' id='word_1_599' title='bbox 754 5384 904 5434; x_wconf 77' lang='lat' dir='ltr'><strong>Calui</strong></span> <span class='ocrx_word' id='word_1_600' title='bbox 929 5403 1143 5434; x_wconf 74' lang='lat' dir='ltr'><strong>rennum</strong></span> <span class='ocrx_word' id='word_1_601' title='bbox 1173 5391 1458 5434; x_wconf 60' lang='lat' dir='ltr'><strong>infandus&quot;</strong></span> <span class='ocrx_word' id='word_1_602' title='bbox 1519 5398 1653 5434; x_wconf 69' lang='lat' dir='ltr'><strong>Dn...-</strong></span> <span class='ocrx_word' id='word_1_603' title='bbox 1684 5419 1708 5434; x_wconf 68' lang='grc' dir='ltr'><strong><em>Α</em></strong></span> <span class='ocrx_word' id='word_1_604' title='bbox 1750 5402 1853 5434; x_wconf 66' lang='lat' dir='ltr'><strong>In“:</strong></span> <span class='ocrx_word' id='word_1_605' title='bbox 1890 5402 2124 5434; x_wconf 68' lang='grc' dir='ltr'><strong>ι’...ηειηη</strong></span> 
     </span>
    </p>
   </div>
   <div class='ocr_carea' id='block_1_85' title="bbox 2346 3325 3669 3400">
    <p class='ocr_par' dir='ltr' id='par_1_85' title="bbox 2346 3325 3669 3400">
     <span class='ocr_line' id='line_1_85' title="bbox 2346 3325 3669 3400; baseline -0.011 0"><span class='ocrx_word' id='word_1_606' title='bbox 2346 3335 2785 3400; x_wconf 83' lang='lat' dir='ltr'><strong>APPENDIX</strong></span> <span class='ocrx_word' id='word_1_607' title='bbox 2811 3337 2857 3396; x_wconf 87' lang='grc' dir='ltr'><em>Α</em></span> <span class='ocrx_word' id='word_1_608' title='bbox 2872 3330 3218 3394; x_wconf 80' lang='lat' dir='ltr'><strong>DELERII</strong></span> <span class='ocrx_word' id='word_1_609' title='bbox 3262 3325 3669 3392; x_wconf 75' lang='lat' dir='ltr'><strong>MONACHI.</strong></span> 
     </span>
    </p>
   </div>
   <div class='ocr_carea' id='block_1_86' title="bbox 2826 3449 3201 3509">
    <p class='ocr_par' dir='ltr' id='par_1_86' title="bbox 2826 3449 3201 3509">
     <span class='ocr_line' id='line_1_86' title="bbox 2826 3449 3201 3509; baseline -0.011 -1"><span class='ocrx_word' id='word_1_610' title='bbox 2826 3450 3052 3509; x_wconf 84' lang='lat' dir='ltr'><strong>CAPUT</strong></span> <span class='ocrx_word' id='word_1_611' title='bbox 3090 3449 3201 3506; x_wconf 78' lang='lat' dir='ltr'><strong>XL.</strong></span> 
     </span>
    </p>
   </div>
   <div class='ocr_carea' id='block_1_87' title="bbox 2225 3556 3764 3647">
    <p class='ocr_par' dir='ltr' id='par_1_87' title="bbox 2225 3556 3764 3647">
     <span class='ocr_line' id='line_1_87' title="bbox 2225 3556 3764 3647; baseline -0.014 -17"><span class='ocrx_word' id='word_1_612' title='bbox 2225 3574 2295 3632; x_wconf 88' lang='lat' dir='ltr'><strong>In</strong></span> <span class='ocrx_word' id='word_1_613' title='bbox 2325 3575 2454 3647; x_wconf 75' lang='lat' dir='ltr'><strong>festo</strong></span> <span class='ocrx_word' id='word_1_614' title='bbox 2481 3568 2861 3628; x_wconf 78' lang='lat' dir='ltr'><strong>Translationit</strong></span> <span class='ocrx_word' id='word_1_615' title='bbox 2883 3575 3095 3647; x_wconf 70' lang='lat' dir='ltr'><strong>apparet</strong></span> <span class='ocrx_word' id='word_1_616' title='bbox 3112 3563 3169 3619; x_wconf 92' lang='lat' dir='ltr'><strong>S.</strong></span> <span class='ocrx_word' id='word_1_617' title='bbox 3192 3561 3537 3647; x_wconf 52' lang='lat' dir='ltr'><strong>Bene-dictus:</strong></span> <span class='ocrx_word' id='word_1_618' title='bbox 3561 3556 3764 3613; x_wconf 62' lang='lat' dir='ltr'><strong>Fratrum</strong></span> 
     </span>
    </p>
   </div>
   <div class='ocr_carea' id='block_1_88' title="bbox 2462 3631 3583 3698">
    <p class='ocr_par' dir='ltr' id='par_1_88' title="bbox 2462 3631 3583 3698">
     <span class='ocr_line' id='line_1_88' title="bbox 2462 3631 3583 3698; baseline -0.012 0"><span class='ocrx_word' id='word_1_619' title='bbox 2462 3654 2790 3698; x_wconf 80' lang='lat' dir='ltr'><strong>mortuorum</strong></span> <span class='ocrx_word' id='word_1_620' title='bbox 2816 3631 3037 3694; x_wconf 71' lang='lat' dir='ltr'><strong>salutem</strong></span> <span class='ocrx_word' id='word_1_621' title='bbox 3076 3644 3247 3689; x_wconf 83' lang='lat' dir='ltr'><strong>curat.</strong></span> <span class='ocrx_word' id='word_1_622' title='bbox 3292 3631 3583 3687; x_wconf 74' lang='lat' dir='ltr'><strong>Miracnla.</strong></span> 
     </span>
    </p>
   </div>
   <div class='ocr_carea' id='block_1_89' title="bbox 2295 3744 3762 3825">
    <p class='ocr_par' dir='ltr' id='par_1_89' title="bbox 2295 3744 3762 3825">
     <span class='ocr_line' id='line_1_89' title="bbox 2295 3744 3762 3825; baseline -0.015 -14"><span class='ocrx_word' id='word_1_623' title='bbox 2295 3753 2554 3811; x_wconf 82' lang='lat' dir='ltr'><strong>Mirabilis</strong></span> <span class='ocrx_word' id='word_1_624' title='bbox 2594 3751 2805 3807; x_wconf 88' lang='lat' dir='ltr'><strong>Domini</strong></span> <span class='ocrx_word' id='word_1_625' title='bbox 2850 3749 3021 3805; x_wconf 87' lang='lat' dir='ltr'><strong>nostri</strong></span> <span class='ocrx_word' id='word_1_626' title='bbox 3059 3748 3231 3802; x_wconf 89' lang='lat' dir='ltr'><strong>virtus</strong></span> <span class='ocrx_word' id='word_1_627' title='bbox 3270 3755 3327 3801; x_wconf 90' lang='lat' dir='ltr'><strong>et</strong></span> <span class='ocrx_word' id='word_1_628' title='bbox 3378 3744 3658 3825; x_wconf 86' lang='lat' dir='ltr'><strong>sapientia,</strong></span> <span class='ocrx_word' id='word_1_629' title='bbox 3677 3751 3762 3807; x_wconf 72' lang='lat' dir='ltr'><strong>qu:</strong></span> 
     </span>
    </p>
   </div>
   <div class='ocr_carea' id='block_1_90' title="bbox 2223 3831 3765 3905">
    <p class='ocr_par' dir='ltr' id='par_1_90' title="bbox 2223 3831 3765 3905">
     <span class='ocr_line' id='line_1_90' title="bbox 2223 3831 3765 3905; baseline -0.015 -1"><span class='ocrx_word' id='word_1_630' title='bbox 2223 3847 2594 3905; x_wconf 87' lang='lat' dir='ltr'><strong>beatissimum</strong></span> <span class='ocrx_word' id='word_1_631' title='bbox 2640 3845 2854 3898; x_wconf 87' lang='lat' dir='ltr'><strong>Patrem</strong></span> <span class='ocrx_word' id='word_1_632' title='bbox 2899 3839 3247 3895; x_wconf 85' lang='lat' dir='ltr'><strong>Benedictum</strong></span> <span class='ocrx_word' id='word_1_633' title='bbox 3299 3837 3579 3899; x_wconf 86' lang='lat' dir='ltr'><strong>mirificat,</strong></span> <span class='ocrx_word' id='word_1_634' title='bbox 3616 3831 3765 3904; x_wconf 69' lang='lat' dir='ltr'><strong>gloril&#39;r</strong></span> 
     </span>
    </p>
   </div>
   <div class='ocr_carea' id='block_1_91' title="bbox 2223 3926 3763 3998">
    <p class='ocr_par' dir='ltr' id='par_1_91' title="bbox 2223 3926 3763 3998">
     <span class='ocr_line' id='line_1_91' title="bbox 2223 3926 3763 3998; baseline -0.008 -2"><span class='ocrx_word' id='word_1_635' title='bbox 2223 3950 2404 3998; x_wconf 88' lang='lat' dir='ltr'><strong>catum</strong></span> <span class='ocrx_word' id='word_1_636' title='bbox 2458 3953 2641 3993; x_wconf 89' lang='lat' dir='ltr'><strong>secum</strong></span> <span class='ocrx_word' id='word_1_637' title='bbox 2688 3935 2928 3990; x_wconf 88' lang='lat' dir='ltr'><strong>retinens</strong></span> <span class='ocrx_word' id='word_1_638' title='bbox 2963 3936 3016 3986; x_wconf 89' lang='lat' dir='ltr'><strong>in</strong></span> <span class='ocrx_word' id='word_1_639' title='bbox 3065 3930 3271 3987; x_wconf 80' lang='lat' dir='ltr'><strong>ctelesti</strong></span> <span class='ocrx_word' id='word_1_640' title='bbox 3300 3928 3457 3984; x_wconf 88' lang='lat' dir='ltr'><strong>curia</strong></span> <span class='ocrx_word' id='word_1_641' title='bbox 3498 3926 3608 3995; x_wconf 86' lang='lat' dir='ltr'><strong>ejus</strong></span> <span class='ocrx_word' id='word_1_642' title='bbox 3651 3936 3763 3976; x_wconf 65' lang='grc' dir='ltr'><strong>τετε·</strong></span> 
     </span>
    </p>
   </div>
   <div class='ocr_carea' id='block_1_92' title="bbox 2225 4016 3765 4111">
    <p class='ocr_par' dir='ltr' id='par_1_92' title="bbox 2225 4016 3765 4111">
     <span class='ocr_line' id='line_1_92' title="bbox 2225 4016 3765 4111; baseline -0.014 -24"><span class='ocrx_word' id='word_1_643' title='bbox 2225 4030 2451 4087; x_wconf 80' lang='lat' dir='ltr'><strong>rendam</strong></span> <span class='ocrx_word' id='word_1_644' title='bbox 2479 4027 2689 4083; x_wconf 89' lang='lat' dir='ltr'><strong>cunctis</strong></span> <span class='ocrx_word' id='word_1_645' title='bbox 2719 4023 3035 4079; x_wconf 88' lang='lat' dir='ltr'><strong>mortalibus</strong></span> <span class='ocrx_word' id='word_1_646' title='bbox 3060 4035 3258 4091; x_wconf 89' lang='lat' dir='ltr'><strong>corpus</strong></span> <span class='ocrx_word' id='word_1_647' title='bbox 3294 4018 3591 4111; x_wconf 69' lang='lat' dir='ltr'><strong>mirificam</strong></span> <span class='ocrx_word' id='word_1_648' title='bbox 3618 4016 3663 4068; x_wconf 90' lang='lat' dir='ltr'><strong>in</strong></span> <span class='ocrx_word' id='word_1_649' title='bbox 3691 4024 3765 4111; x_wconf 75' lang='lat' dir='ltr'><strong>ter-</strong></span> 
     </span>
    </p>
   </div>
   <div class='ocr_carea' id='block_1_93' title="bbox 2227 4103 3762 4184">
    <p class='ocr_par' dir='ltr' id='par_1_93' title="bbox 2227 4103 3762 4184">
     <span class='ocr_line' id='line_1_93' title="bbox 2227 4103 3762 4184; baseline -0.016 -9"><span class='ocrx_word' id='word_1_650' title='bbox 2227 4122 2302 4175; x_wconf 90' lang='lat' dir='ltr'><strong>ris</strong></span> <span class='ocrx_word' id='word_1_651' title='bbox 2356 4117 2501 4174; x_wconf 88' lang='lat' dir='ltr'><strong>haud</strong></span> <span class='ocrx_word' id='word_1_652' title='bbox 2549 4115 2755 4171; x_wconf 88' lang='lat' dir='ltr'><strong>desistit</strong></span> <span class='ocrx_word' id='word_1_653' title='bbox 2790 4103 2993 4184; x_wconf 86' lang='lat' dir='ltr'><strong>jugiter</strong></span> <span class='ocrx_word' id='word_1_654' title='bbox 3043 4110 3429 4165; x_wconf 87' lang='lat' dir='ltr'><strong>miraculorum</strong></span> <span class='ocrx_word' id='word_1_655' title='bbox 3488 4103 3762 4175; x_wconf 76' lang='lat' dir='ltr'><strong>frequentia.</strong></span> 
     </span>
    </p>
   </div>
   <div class='ocr_carea' id='block_1_94' title="bbox 2224 4200 3764 4296">
    <p class='ocr_par' dir='ltr' id='par_1_94' title="bbox 2224 4200 3764 4296">
     <span class='ocr_line' id='line_1_94' title="bbox 2224 4200 3764 4296; baseline -0.013 -27"><span class='ocrx_word' id='word_1_656' title='bbox 2224 4211 2359 4268; x_wconf 74' lang='lat' dir='ltr'><strong>Nam</strong></span> <span class='ocrx_word' id='word_1_657' title='bbox 2383 4212 2522 4267; x_wconf 90' lang='lat' dir='ltr'><strong>sicut</strong></span> <span class='ocrx_word' id='word_1_658' title='bbox 2549 4225 2578 4264; x_wconf 88' lang='lat' dir='ltr'><strong>a</strong></span> <span class='ocrx_word' id='word_1_659' title='bbox 2604 4208 2875 4280; x_wconf 85' lang='lat' dir='ltr'><strong>prioribus</strong></span> <span class='ocrx_word' id='word_1_660' title='bbox 2898 4215 3097 4260; x_wconf 71' lang='lat' dir='ltr'><strong>nostra:</strong></span> <span class='ocrx_word' id='word_1_661' title='bbox 3126 4202 3471 4272; x_wconf 88' lang='lat' dir='ltr'><strong>tempestatis</strong></span> <span class='ocrx_word' id='word_1_662' title='bbox 3496 4200 3764 4296; x_wconf 43' lang='lat' dir='ltr'><strong>viris-atque</strong></span> 
     </span>
    </p>
   </div>
   <div class='ocr_carea' id='block_1_95' title="bbox 2224 4287 3762 4365">
    <p class='ocr_par' dir='ltr' id='par_1_95' title="bbox 2224 4287 3762 4365">
     <span class='ocr_line' id='line_1_95' title="bbox 2224 4287 3762 4365; baseline -0.016 -6"><span class='ocrx_word' id='word_1_663' title='bbox 2224 4304 2401 4360; x_wconf 88' lang='lat' dir='ltr'><strong>studio</strong></span> <span class='ocrx_word' id='word_1_664' title='bbox 2428 4302 2636 4359; x_wconf 88' lang='lat' dir='ltr'><strong>veracis</strong></span> <span class='ocrx_word' id='word_1_665' title='bbox 2679 4296 2995 4353; x_wconf 83' lang='lat' dir='ltr'><strong>assertiouis</strong></span> <span class='ocrx_word' id='word_1_666' title='bbox 3035 4292 3401 4365; x_wconf 89' lang='lat' dir='ltr'><strong>probabilibus</strong></span> <span class='ocrx_word' id='word_1_667' title='bbox 3421 4287 3652 4346; x_wconf 86' lang='lat' dir='ltr'><strong>credibili</strong></span> <span class='ocrx_word' id='word_1_668' title='bbox 3701 4298 3762 4335; x_wconf 51' lang='lat' dir='ltr'><strong>re.</strong></span> 
     </span>
    </p>
   </div>
   <div class='ocr_carea' id='block_1_96' title="bbox 2227 4372 3763 4472">
    <p class='ocr_par' dir='ltr' id='par_1_96' title="bbox 2227 4372 3763 4472">
     <span class='ocr_line' id='line_1_96' title="bbox 2227 4372 3763 4472; baseline -0.016 -19"><span class='ocrx_word' id='word_1_669' title='bbox 2227 4372 2337 4453; x_wconf 89' lang='lat' dir='ltr'><strong>Iatu</strong></span> <span class='ocrx_word' id='word_1_670' title='bbox 2376 4393 2760 4466; x_wconf 90' lang='lat' dir='ltr'><strong>comperimus,</strong></span> <span class='ocrx_word' id='word_1_671' title='bbox 2785 4380 2995 4446; x_wconf 61' lang='lat' dir='ltr'><strong>saeculis</strong></span> <span class='ocrx_word' id='word_1_672' title='bbox 3038 4388 3238 4442; x_wconf 87' lang='lat' dir='ltr'><strong>factum</strong></span> <span class='ocrx_word' id='word_1_673' title='bbox 3292 4381 3605 4472; x_wconf 81' lang='lat' dir='ltr'><strong>memoriale</strong></span> <span class='ocrx_word' id='word_1_674' title='bbox 3648 4377 3763 4472; x_wconf 51' lang='lat' dir='ltr'><strong>larga</strong></span> 
     </span>
    </p>
   </div>
   <div class='ocr_carea' id='block_1_97' title="bbox 2224 4469 3764 4561">
    <p class='ocr_par' dir='ltr' id='par_1_97' title="bbox 2224 4469 3764 4561">
     <span class='ocr_line' id='line_1_97' title="bbox 2224 4469 3764 4561; baseline -0.018 -15"><span class='ocrx_word' id='word_1_675' title='bbox 2224 4490 2320 4546; x_wconf 87' lang='lat' dir='ltr'><strong>Dei</strong></span> <span class='ocrx_word' id='word_1_676' title='bbox 2354 4487 2616 4544; x_wconf 89' lang='lat' dir='ltr'><strong>celsitudo</strong></span> <span class='ocrx_word' id='word_1_677' title='bbox 2645 4501 2739 4555; x_wconf 87' lang='lat' dir='ltr'><strong>per</strong></span> <span class='ocrx_word' id='word_1_678' title='bbox 2763 4497 2905 4551; x_wconf 66' lang='lat' dir='ltr'><strong>saepe</strong></span> <span class='ocrx_word' id='word_1_679' title='bbox 2940 4480 3106 4534; x_wconf 88' lang='lat' dir='ltr'><strong>fatum</strong></span> <span class='ocrx_word' id='word_1_680' title='bbox 3137 4476 3239 4531; x_wconf 89' lang='lat' dir='ltr'><strong>sibi</strong></span> <span class='ocrx_word' id='word_1_681' title='bbox 3280 4474 3537 4530; x_wconf 88' lang='lat' dir='ltr'><strong>dilectum</strong></span> <span class='ocrx_word' id='word_1_682' title='bbox 3560 4469 3764 4561; x_wconf 64' lang='lat' dir='ltr'><strong>clementi</strong></span> 
     </span>
    </p>
   </div>
   <div class='ocr_carea' id='block_1_98' title="bbox 2223 4556 3767 4665">
    <p class='ocr_par' dir='ltr' id='par_1_98' title="bbox 2223 4556 3767 4665">
     <span class='ocr_line' id='line_1_98' title="bbox 2223 4556 3767 4665; baseline -0.018 -29"><span class='ocrx_word' id='word_1_683' title='bbox 2223 4577 2550 4653; x_wconf 82' lang='lat' dir='ltr'><strong>dignationis</strong></span> <span class='ocrx_word' id='word_1_684' title='bbox 2587 4590 2698 4631; x_wconf 72' lang='lat' dir='ltr'><strong>suae</strong></span> <span class='ocrx_word' id='word_1_685' title='bbox 2728 4585 2952 4628; x_wconf 90' lang='lat' dir='ltr'><strong>munere</strong></span> <span class='ocrx_word' id='word_1_686' title='bbox 2986 4567 3198 4638; x_wconf 89' lang='lat' dir='ltr'><strong>operari</strong></span> <span class='ocrx_word' id='word_1_687' title='bbox 3228 4564 3451 4665; x_wconf 81' lang='lat' dir='ltr'><strong>dignata</strong></span> 
     </span>
    </p>
   </div>
   <div class='ocr_carea' id='block_1_99' title="bbox 2224 4651 3764 4753">
    <p class='ocr_par' dir='ltr' id='par_1_99' title="bbox 2224 4651 3764 4753">
     <span class='ocr_line' id='line_1_99' title="bbox 2224 4651 3764 4753; baseline -0.018 -24"><span class='ocrx_word' id='word_1_688' title='bbox 2224 4651 2376 4746; x_wconf 83' lang='lat' dir='ltr'><strong>gerat.</strong></span> <span class='ocrx_word' id='word_1_689' title='bbox 2397 4670 2684 4740; x_wconf 86' lang='lat' dir='ltr'><strong>aliquando</strong></span> <span class='ocrx_word' id='word_1_690' title='bbox 2706 4662 3087 4721; x_wconf 64' lang='lat' dir='ltr'><strong>sacratissima:</strong></span> <span class='ocrx_word' id='word_1_691' title='bbox 3110 4660 3226 4731; x_wconf 83' lang='lat' dir='ltr'><strong>ejus</strong></span> <span class='ocrx_word' id='word_1_692' title='bbox 3266 4654 3630 4753; x_wconf 72' lang='lat' dir='ltr'><strong>translationis</strong></span> <span class='ocrx_word' id='word_1_693' title='bbox 3651 4651 3764 4753; x_wconf 67' lang='lat' dir='ltr'><strong>festi-</strong></span> 
     </span>
    </p>
   </div>
   <div class='ocr_carea' id='block_1_100' title="bbox 2227 4746 3762 4831">
    <p class='ocr_par' dir='ltr' id='par_1_100' title="bbox 2227 4746 3762 4831">
     <span class='ocr_line' id='line_1_100' title="bbox 2227 4746 3762 4831; baseline -0.017 -11"><span class='ocrx_word' id='word_1_694' title='bbox 2227 4764 2389 4829; x_wconf 87' lang='lat' dir='ltr'><strong>vitas,</strong></span> <span class='ocrx_word' id='word_1_695' title='bbox 2436 4762 2503 4817; x_wconf 91' lang='lat' dir='ltr'><strong>ad</strong></span> <span class='ocrx_word' id='word_1_696' title='bbox 2532 4774 2693 4831; x_wconf 90' lang='lat' dir='ltr'><strong>quam</strong></span> <span class='ocrx_word' id='word_1_697' title='bbox 2747 4756 3007 4827; x_wconf 88' lang='lat' dir='ltr'><strong>temporis</strong></span> <span class='ocrx_word' id='word_1_698' title='bbox 3051 4754 3224 4808; x_wconf 88' lang='lat' dir='ltr'><strong>orbita</strong></span> <span class='ocrx_word' id='word_1_699' title='bbox 3274 4752 3533 4805; x_wconf 88' lang='lat' dir='ltr'><strong>redeunte</strong></span> <span class='ocrx_word' id='word_1_700' title='bbox 3561 4746 3762 4816; x_wconf 69' lang='lat' dir='ltr'><strong>plurima!</strong></span> 
     </span>
    </p>
   </div>
   <div class='ocr_carea' id='block_1_101' title="bbox 2229 4840 3763 4911">
    <p class='ocr_par' dir='ltr' id='par_1_101' title="bbox 2229 4840 3763 4911">
     <span class='ocr_line' id='line_1_101' title="bbox 2229 4840 3763 4911; baseline -0.018 -1"><span class='ocrx_word' id='word_1_701' title='bbox 2229 4854 2597 4911; x_wconf 76' lang='lat' dir='ltr'><strong>confluxerant</strong></span> <span class='ocrx_word' id='word_1_702' title='bbox 2625 4850 2853 4904; x_wconf 80' lang='lat' dir='ltr'><strong>diversae</strong></span> <span class='ocrx_word' id='word_1_703' title='bbox 2894 4841 3298 4899; x_wconf 85' lang='lat' dir='ltr'><strong>numerositatis</strong></span> <span class='ocrx_word' id='word_1_704' title='bbox 3331 4840 3674 4904; x_wconf 86' lang='lat' dir='ltr'><strong>undecunque</strong></span> <span class='ocrx_word' id='word_1_705' title='bbox 3696 4843 3763 4882; x_wconf 67' lang='grc' dir='ltr'><strong>ωε</strong></span> 
     </span>
    </p>
   </div>
   <div class='ocr_carea' id='block_1_102' title="bbox 2229 4926 3760 5022">
    <p class='ocr_par' dir='ltr' id='par_1_102' title="bbox 2229 4926 3760 5022">
     <span class='ocr_line' id='line_1_102' title="bbox 2229 4926 3760 5022; baseline -0.016 -22"><span class='ocrx_word' id='word_1_706' title='bbox 2229 4955 2413 5010; x_wconf 68' lang='lat' dir='ltr'><strong>tervtc,</strong></span> <span class='ocrx_word' id='word_1_707' title='bbox 2460 4958 2568 4997; x_wconf 89' lang='lat' dir='ltr'><strong>non</strong></span> <span class='ocrx_word' id='word_1_708' title='bbox 2617 4939 2788 4996; x_wconf 92' lang='lat' dir='ltr'><strong>solum</strong></span> <span class='ocrx_word' id='word_1_709' title='bbox 2816 4953 2846 4991; x_wconf 88' lang='lat' dir='ltr'><strong>a</strong></span> <span class='ocrx_word' id='word_1_710' title='bbox 2872 4933 3292 5005; x_wconf 85' lang='lat' dir='ltr'><strong>circumpositis,</strong></span> <span class='ocrx_word' id='word_1_711' title='bbox 3317 4944 3531 5022; x_wconf 75' lang='lat' dir='ltr'><strong>verum</strong></span> <span class='ocrx_word' id='word_1_712' title='bbox 3564 4926 3709 5022; x_wconf 69' lang='lat' dir='ltr'><strong>etiam</strong></span> 
     </span>
    </p>
   </div>
   <div class='ocr_carea' id='block_1_103' title="bbox 2224 5015 3759 5104">
    <p class='ocr_par' dir='ltr' id='par_1_103' title="bbox 2224 5015 3759 5104">
     <span class='ocr_line' id='line_1_103' title="bbox 2224 5015 3759 5104; baseline -0.016 -16"><span class='ocrx_word' id='word_1_713' title='bbox 2224 5033 2528 5104; x_wconf 86' lang='lat' dir='ltr'><strong>quibusque</strong></span> <span class='ocrx_word' id='word_1_714' title='bbox 2554 5029 2954 5101; x_wconf 89' lang='lat' dir='ltr'><strong>provinciarum</strong></span> <span class='ocrx_word' id='word_1_715' title='bbox 2985 5020 3362 5081; x_wconf 88' lang='lat' dir='ltr'><strong>remotissimis</strong></span> <span class='ocrx_word' id='word_1_716' title='bbox 3388 5019 3539 5074; x_wconf 90' lang='lat' dir='ltr'><strong>locis.</strong></span> <span class='ocrx_word' id='word_1_717' title='bbox 3564 5015 3759 5077; x_wconf 76' lang='lat' dir='ltr'><strong>Denique</strong></span> 
     </span>
    </p>
   </div>
   <div class='ocr_carea' id='block_1_104' title="bbox 2226 5110 3759 5182">
    <p class='ocr_par' dir='ltr' id='par_1_104' title="bbox 2226 5110 3759 5182">
     <span class='ocr_line' id='line_1_104' title="bbox 2226 5110 3759 5182; baseline -0.016 -3"><span class='ocrx_word' id='word_1_718' title='bbox 2226 5126 2279 5179; x_wconf 92' lang='lat' dir='ltr'><strong>in</strong></span> <span class='ocrx_word' id='word_1_719' title='bbox 2306 5122 2669 5179; x_wconf 86' lang='lat' dir='ltr'><strong>celebratione</strong></span> <span class='ocrx_word' id='word_1_720' title='bbox 2694 5128 2857 5175; x_wconf 65' lang='lat' dir='ltr'><strong>tantae</strong></span> <span class='ocrx_word' id='word_1_721' title='bbox 2881 5115 3190 5173; x_wconf 87' lang='lat' dir='ltr'><strong>festivitatis</strong></span> <span class='ocrx_word' id='word_1_722' title='bbox 3208 5110 3491 5182; x_wconf 64' lang='lat' dir='ltr'><strong>praeconiis</strong></span> <span class='ocrx_word' id='word_1_723' title='bbox 3518 5112 3759 5162; x_wconf 74' lang='lat' dir='ltr'><strong>nocturna-</strong></span> 
     </span>
    </p>
   </div>
   <div class='ocr_carea' id='block_1_105' title="bbox 2227 5200 3757 5282">
    <p class='ocr_par' dir='ltr' id='par_1_105' title="bbox 2227 5200 3757 5282">
     <span class='ocr_line' id='line_1_105' title="bbox 2227 5200 3757 5282; baseline -0.017 -12"><span class='ocrx_word' id='word_1_724' title='bbox 2227 5217 2368 5271; x_wconf 87' lang='lat' dir='ltr'><strong>libus</strong></span> <span class='ocrx_word' id='word_1_725' title='bbox 2393 5215 2588 5269; x_wconf 91' lang='lat' dir='ltr'><strong>decore</strong></span> <span class='ocrx_word' id='word_1_726' title='bbox 2622 5208 2948 5282; x_wconf 88' lang='lat' dir='ltr'><strong>competenti</strong></span> <span class='ocrx_word' id='word_1_727' title='bbox 2990 5203 3297 5277; x_wconf 86' lang='lat' dir='ltr'><strong>persolutis,</strong></span> <span class='ocrx_word' id='word_1_728' title='bbox 3331 5201 3565 5256; x_wconf 89' lang='lat' dir='ltr'><strong>nondum</strong></span> <span class='ocrx_word' id='word_1_729' title='bbox 3591 5200 3757 5248; x_wconf 66' lang='lat' dir='ltr'><strong>aurora!</strong></span> 
     </span>
    </p>
   </div>
   <div class='ocr_carea' id='block_1_106' title="bbox 2233 5290 3759 5388">
    <p class='ocr_par' dir='ltr' id='par_1_106' title="bbox 2233 5290 3759 5388">
     <span class='ocr_line' id='line_1_106' title="bbox 2233 5290 3759 5388; baseline -0.015 -26"><span class='ocrx_word' id='word_1_730' title='bbox 2233 5306 2373 5362; x_wconf 85' lang='lat' dir='ltr'><strong>clare</strong></span> <span class='ocrx_word' id='word_1_731' title='bbox 2408 5304 2801 5375; x_wconf 82' lang='lat' dir='ltr'><strong>refulgentibus</strong></span> <span class='ocrx_word' id='word_1_732' title='bbox 2838 5299 3026 5363; x_wconf 86' lang='lat' dir='ltr'><strong>radiis,</strong></span> <span class='ocrx_word' id='word_1_733' title='bbox 3059 5293 3253 5388; x_wconf 77' lang='lat' dir='ltr'><strong>quietis</strong></span> <span class='ocrx_word' id='word_1_734' title='bbox 3277 5290 3453 5388; x_wconf 75' lang='lat' dir='ltr'><strong>gratia</strong></span> <span class='ocrx_word' id='word_1_735' title='bbox 3486 5302 3581 5388; x_wconf 81' lang='lat' dir='ltr'><strong>sua</strong></span> <span class='ocrx_word' id='word_1_736' title='bbox 3596 5290 3759 5388; x_wconf 46' lang='lat' dir='ltr'><strong>quia:</strong></span> 
     </span>
    </p>
   </div>
   <div class='ocr_carea' id='block_1_107' title="bbox 2231 5368 3758 5434">
    <p class='ocr_par' dir='ltr' id='par_1_107' title="bbox 2231 5368 3758 5434">
     <span class='ocr_line' id='line_1_107' title="bbox 2231 5368 3758 5434; baseline -0.003 0"><span class='ocrx_word' id='word_1_737' title='bbox 2231 5399 2435 5434; x_wconf 69' lang='lat' dir='ltr'><strong>natio-un</strong></span> <span class='ocrx_word' id='word_1_738' title='bbox 2468 5368 2660 5434; x_wconf 56' lang='grc' dir='ltr'><strong>ριιΙῑίΙῖει</strong></span> <span class='ocrx_word' id='word_1_739' title='bbox 2717 5392 2943 5434; x_wconf 77' lang='lat' dir='ltr'><strong>ﬂuidam</strong></span> <span class='ocrx_word' id='word_1_740' title='bbox 2966 5402 3094 5434; x_wconf 68' lang='lat' dir='ltr'><strong>vam</strong></span> <span class='ocrx_word' id='word_1_741' title='bbox 3116 5401 3180 5434; x_wconf 72' lang='lat' dir='ltr'><strong>ex</strong></span> <span class='ocrx_word' id='word_1_742' title='bbox 3205 5380 3463 5434; x_wconf 79' lang='lat' dir='ltr'><strong>fratribus</strong></span> <span class='ocrx_word' id='word_1_743' title='bbox 3485 5379 3569 5434; x_wconf 72' lang='grc' dir='ltr'><strong>ουί</strong></span> <span class='ocrx_word' id='word_1_744' title='bbox 3594 5368 3758 5428; x_wconf 56' lang='lat' dir='ltr'><strong>mem</strong></span> 
     </span>
    </p>
   </div>
  </div>
