3916 5434
114 367 203 423 945

1195 368 1294 425 DE
1323 367 1691 425 MJRACULIS
1729 367 1787 424 S.
1828 367 2203 425 BENEDICTI.

3231 374 3338 431 ωδ

61 456 74 468 ’
110 480 374 549 porisante
397 477 566 534 altare
586 480 864 544 resideret,
887 479 1294 551 psalmorumac
1310 495 1525 550 precum
1542 496 1657 534 me-
1684 487 1732 543 Α
1761 494 1858 535 nes
1888 501 1901 535 :
1927 483 2084 536 omni
2124 484 2520 554 magniﬁcentia
2570 484 2681 541 Deo
2720 484 2926 550 laudes,
2978 485 3090 542 Deo
3131 488 3338 558 gratias

110 571 290 625 lodiam
327 580 581 626 consueto
625 572 730 627 sibi
759 587 908 627 more
933 572 1215 643 satagebat
1240 572 1544 642 persolvere
1569 577 1661 627 de—

110 660 366 715 votissime
401 677 414 714 :
446 661 536 730 qui
565 662 728 717 etiam
762 662 1013 716 inchoata
1042 661 1203 716 altius
1230 663 1526 733 protelans,
1556 661 1662 716 las-

106 751 325 806 situdine
369 760 591 820 cogente
631 752 979 806 obdormivit.
1016 751 1113 807 Cui
1144 752 1269 807 m'ox
1316 754 1537 824 quidam
1577 767 1662 808 se-

108 840 217 893 nior
259 839 558 895 honestatis
601 838 939 894 formositate
983 841 1236 907 decorus,
1286 858 1349 898 ac
1380 836 1661 897 reverendi

98 914 308 982 habitus
343 928 623 994 assistens,
654 929 781 999 quid
818 929 1015 985 fratres
1039 938 1281 1001 agerent,
1326 940 1488 1001 atque
1526 946 1663 1002 quo-

108 1035 219 1073 nam
244 1033 613 1099 secesserant,
639 1021 878 1091 jucunde
927 1020 1176 1077 affamine
1228 1023 1520 1093 inquisivit.
1570 1021 1663 1078 llle

105 1100 273 1164 autem
309 1112 551 1181 protinus
592 1111 881 1166 dormitum
921 1112 1026 1167 isse
1064 1114 1357 1183 respondit,
1398 1129 1504 1185 quo
1542 1124 1664 1184 post

106 1202 475 1270 aliquantulam
510 1219 782 1274 corporea:
809 1206 1216 1260 necessitudinis
1254 1207 1659 1272 recreationetn,

102 1291 267 1345 diurni
293 1291 451 1346 ofﬁcii
476 1294 691 1348 uberius
719 1293 963 1348 valerent
998 1296 1305 1366 persolvere
1340 1295 1660 1353 modulatio-

103 1398 234 1437 nem.
279 1382 568 1440 Admirans
607 1385 787 1455 itaque
837 1386 959 1455 quis
1004 1387 1104 1441 iste
1132 1385 1268 1441 foret
1296 1389 1386 1457 qui
1413 1388 1513 1442 sibi
1548 1388 1663 1443 lucc

101 1475 401 1542 imperando
426 1477 782 1547 depromeret,
807 1480 1149 1535 beatissimus
1172 1482 1238 1535 ad
1271 1497 1393 1536 eum
1417 1501 1430 1535 :
1457 1480 1536 1537 Ne
1557 1482 1662 1535 mi-

103 1565 248 1627 reris,
297 1566 491 1637 inquit,
540 1569 609 1624 ob
660 1571 1001 1640 prmsentiam
1045 1587 1206 1641 quam
1235 1573 1497 1644 perspicis
1535 1572 1663 1639 mei,

100 1656 391 1712 certissime
421 1659 600 1714 sciens
645 1676 731 1715 me
780 1661 1002 1716 fratrem
1035 1675 1060 1704 ι
1091 1664 1436 1719 Benedictum
1482 1665 1662 1720 vocari

98 1747 369 1813 pnesulem
423 1765 489 1805 ac
537 1750 872 1809 defensorem
919 1752 1076 1823 huius
1119 1757 1469 1811 constitutum
1528 1757 1656 1812 loci.

1760 577 1815 622 et
1852 570 2160 629 beatissimo
2199 572 2263 628 ιι.
2307 573 2598 629 Benedicto
2627 577 2679 628 in
2715 575 2986 629 communi
3019 574 3335 631 referentes.

1762 660 1935 719 Tanta
1960 664 2006 718 si
2025 664 2240 734 quidem
2268 664 2503 735 perfecta
2524 666 2618 720 Dei
2645 666 2963 734 operatione
2989 665 3192 735 liquido
3206 682 3341 721 cun-

1760 754 1862 808 etis
1897 756 2086 822 patuit.
2134 756 2259 826 quia
2297 765 2482 813 noster
2527 757 2847 812 Benedictus
2880 757 3021 812 inter
3052 756 3341 812 missarum

1761 847 2022 903 solemnia
2054 863 2294 919 prtesens
2323 846 2454 904 fuita

2347 999 2573 1057 CAPUT
2609 1003 2744 1057 XLI.

1763 1114 1984 1170 Carolus
2014 1112 2205 1169 Cult'us
2243 1114 2510 1169 laudatur.
2546 1114 2711 1168 Reum
2760 1125 3015 1169 revertens
3046 1111 3227 1183 Pupia:
3260 1129 3347 1166 re-

1834 1204 1963 1238 neno
1999 1187 2347 1255 exstinguitur
2369 1189 2530 1250 (anno
2553 1187 2700 1251 877).
2735 1184 3340 1255 Ludovico,stu-redata

1802 1252 2529 1309 ‘Nortmanni'incursiones
2568 1267 2816 1326 repetunt.
2863 1255 2940 1307 Ab
2982 1253 3201 1324 llugone
3236 1252 3341 1306 riu-

1832 1337 2041 1380 cuntur.

1832 1474 2041 1529 Interea
2072 1492 2162 1530 rex
2193 1475 2417 1533 Carolus
2439 1478 2698 1534 fratribus
2730 1479 2942 1535 duobus
2966 1480 3072 1535 vita
3102 1481 3341 1535 humana

1763 1567 2165 1633 decedentibus,
2203 1571 2467 1641 tertioque
2516 1570 2793 1637 Lothario,
2839 1573 2909 1627 ob
2955 1571 3342 1642 plenitudinem

1765 1672 1871 1726 qna
1903 1669 2108 1726 patrem
2138 1660 2398 1714 earcerali
2423 1663 2826 1730 mancipaverat
2859 1662 3125 1728 custodia,
3154 1677 3344 1717 mona-

1765 1747 1868 1803 cho
1906 1746 2141 1802 Pruntize
2192 1749 2330 1817 apud
2383 1752 2766 1805 monasterium
2802 1751 3019 1818 effecto,
3054 1751 3220 1807 totius
3249 1767 3343 1821 pa-

99 1835 370 1893 Fratribus
395 1841 595 1896 etenim
639 1858 705 1897 ex
746 1860 830 1899 me
860 1845 1062 1900 salutes
1099 1846 1265 1901 dicito
1300 1846 1353 1902 in
1398 1857 1664 1902 οοηνεηιυ
1695 1846 1741 1906 Β
1771 1839 1909 1892 terni
1938 1839 2148 1907 imperii
2179 1855 2440 1894 summam
2479 1850 2789 1905 assecutus,
2820 1850 3030 1910 gratum
3052 1856 3111 1896 se
3138 1841 3355 1896 cunctis.

98 1931 344 1998 generali,
388 1942 443 1987 et
482 1935 547 1989 ad
581 1936 999 1991 celebrationem
1049 1939 1227 1992 missa:
1277 1938 1533 1994 solemnis
1558 1939 1666 1995 sint

96 2022 315 2087 praescii,
348 2024 482 2093 quia
506 2025 557 2079 in
580 2028 927 2082 exsecutione
960 2028 1295 2083 nocturnalis
1320 2028 1477 2084 olIieii
1520 2029 1665 2098 psal-

96 2110 323 2167 lentibus
347 2108 486 2171 meis
513 2129 751 2184 praesens
777 2116 967 2172 adesse
1010 2119 1246 2186 nequivi.
1289 2117 1533 2188 Namque
1557 2118 1668 2173 fra-

95 2204 158 2256 tri
190 2205 468 2261 Aimerico
493 2207 545 2261 in
575 2208 817 2278 partibus
857 2208 1150 2263 Britanniae
1187 2211 1430 2275 abeunti,
1457 2211 1665 2265 veniam

93 2295 410 2351 delictorum
441 2313 471 2351 a
495 2296 722 2352 Domino
747 2299 955 2353 obtinui
978 2339 994 2364 ,
1023 2307 1179 2368 atque
1201 2301 1265 2356 de
1295 2299 1538 2355 faucibus
1566 2300 1668 2354 ini-

94 2387 212 2441 tnici
237 2389 501 2460 eripiens,
529 2390 782 2459 perennis
826 2391 951 2444 vita:
993 2391 1210 2445 sedibus
1241 2391 1468 2445 feliciter
1498 2391 1667 2446 subli-

94 2478 248 2531 mavi.
277 2478 628 2551 Cognoscant
661 2480 823 2551 igitur
858 2490 907 2535 te
938 2480 1159 2543 fatente,
1186 2490 1469 2552 postquam
1498 2482 1669 2549 dispo-

91 2583 244 2626 nente
282 2572 402 2627 Deo
430 2575 671 2644 corporis
702 2574 804 2627 mei
851 2575 1235 2644 praesentia,a
1269 2562 1511 2644 partibus
1546 2574 1670 2628 Eois

93 2663 141 2714 in
185 2664 280 2718 has
306 2665 570 2720 occiduas
614 2680 739 2720 oras
770 2673 1073 2719 transvecta
1106 2672 1211 2729 est,
1252 2664 1453 2719 nullum
1484 2680 1670 2720 eormn

89 2755 279 2809 damna
303 2772 533 2826 passum
574 2756 686 2811 fore
713 2766 931 2810 aeternae
958 2756 1177 2826 quietis,
1208 2756 1301 2811 sed
1332 2773 1455 2810 niun
1493 2772 1552 2810 re
1578 2757 1672 2811 do-

90 2854 240 2899 natos
265 2847 513 2903 cmlestis
536 2847 725 2917 patria:
758 2847 1079 2903 sublimibus
1109 2848 1244 2903 locis
1277 2846 1549 2904 Christum
1579 2863 1672 2903 eos

86 2936 466 2993 collocavisse.
501 2937 596 2993 llis
632 2938 790 2993 dictis
817 2937 955 2992 visio
979 2937 1207 2993 astantis
1237 2938 1395 2993 simul
1425 2951 1479 2993 et
1509 2937 1674 2992 collo-

86 3029 297 3097 quentis
327 3028 510 3083 ablata
542 3037 642 3083 est.
675 3027 746 3083 Ut
771 3043 901 3083 vero
927 3044 984 3082 se
1024 3028 1115 3081 lux
1143 3029 1246 3084 diei
1276 3029 1303 3068 ιι
1337 3030 1497 3083 terris
1525 3028 1673 3083 clara

88 3117 304 3182 inludit,
334 3118 602 3173 fratribus
629 3134 819 3173 somno
840 3118 1190 3190 experrectis,
1223 3118 1362 3172 idem
1384 3117 1564 3171 sonitu
1587 3116 1671 3169 fu-

1763 1937 1819 1983 et
1839 1927 2186 1983 favorabilem
2215 1930 2478 1999 prmbeus,
2499 1931 2783 1986 nonnullos
2798 1931 3131 1987 Francorum
3154 1926 3358 1987 in‘suaa

1764 2020 2140 2075 unanimitatis
2196 2021 2458 2077 allexerat
2503 2023 2839 2095 augustalem
2895 2024 3280 2080 sublimitatem
3328 2042 3343 2079 :

1765 2125 1952 2179 Sicque
1982 2111 2034 2164 in
2067 2112 2241 2165 virum
2272 2113 2573 2180 perfectum
2600 2130 2720 2169 sese
2751 2115 2994 2184 quotidie
3026 2113 3343 2179 extendens,

1768 2201 1841 2255 ita
1886 2202 2333 2257 Christianissimi
2394 2204 2707 2275 [Christiani
2760 2204 2950 2276 animi]
3002 2206 3054 2259 in
3107 2206 3345 2259 ditandis

1768 2302 2079 2348 sanctorum
2119 2293 2382 2347 comobiis
2409 2304 2625 2351 strenue
2653 2296 2937 2350 exercebat
2982 2295 3343 2359 devotionem,

1769 2391 1823 2437 ul
1854 2382 2053 2436 nemini
2102 2382 2401 2452 priscorum
2431 2398 2615 2453 regum
2669 2383 2759 2451 qui
2805 2383 2935 2455 regii
2967 2383 3361 2438 nominis‘cla-.

1769 2481 1993 2528 ruerunt
2039 2472 2319 2543 dignitate,
2367 2474 2540 2543 impar
2583 2473 2730 2529 visus
2772 2474 2845 2528 sit
2875 2474 2927 2528 in
2974 2474 3121 2529 omni
3162 2483 3361 2537 saneta,

1770 2562 2049 2633 religione.
2080 2562 2212 2616 Nam
2263 2562 2404 2617 inter
2440 2572 2635 2620 cmtera
2661 2580 2783 2633 quae
2818 2566 2944 2621 huic
2976 2566 3095 2621 loco
3124 2567 3352 2622 contulit

1770 2652 2047 2717 munifica,
2105 2650 2339 2707 afﬂuenti
2384 2668 2480 2708 sua
2522 2653 2774 2725 largitate
2817 2655 3148 2711 sacerdotale
3196 2655 3351 2711 indu-

1773 2752 2013 2798 mentum
2045 2744 2275 2814 quodex
2305 2744 2507 2814 capella
2543 2743 2727 2800 fratris
2764 2747 2847 2801 sui
2890 2746 3131 2803 Lotharii
3160 2749 3348 2804 abstu-

1771 2832 1908 2886 lerat
1934 2833 2060 2886 duni
2084 2847 2149 2887 ex
2175 2833 2316 2888 bello
2348 2817 2711 2889 reverteretur
2746 2835 3097 2893 Fontanetico
3124 2835 3350 2909 [Fonte—

1772 2938 1876 2992 ηαξ]
1905 2924 1955 2975 in
1999 2921 2303 2993 Burgundia
2333 2939 2475 2978 anno
2501 2923 2648 2995 84f];
2689 2926 3033 2981 devotissime
3065 2928 3351 2997 prmbendo

1774 3012 2061 3077 concessit,
2092 3028 2301 3068 necnon
2338 3014 2444 3068 duo
2471 3029 2594 3067 vasa
2619 3029 2783 3068 aurea
2812 3016 2991 3086 pondo
3022 3015 3347 3071 librarum...

1774 3103 2107 3172 appretiata,
2152 3119 2274 3156 cum
2320 3102 2593 3174 Evangelii
2646 3114 2791 3158 textu
2826 3105 3007 3160 subtili
3046 3106 3227 3176 operis
3272 3107 3356 3161 di-

83 3206 193 3260 silis
225 3207 455 3272 tabute,
477 3207 604 3261 olim
635 3207 935 3262 reseranda:
964 3206 1247 3261 locutionis
1272 3206 1445 3277 gratia
1471 3216 1493 3244 ο
1524 3221 1672 3259 com-
1700 3200 1745 3262 C
1777 3195 2030 3249 VCFSilale
2070 3195 2349 3262 fabricato:
2397 3196 2624 3252 εοιθιυηί
2674 3198 2963 3253 donatione
2993 3214 3087 3268 Per
3114 3200 3350 3268 δείρευηι

84 3307 271 3364 pactae,
313 3299 575 3353 abbatem
624 3299 1007 3354 Theotbertum
1039 3297 1066 3337 ά
1112 3314 1235 3353 eum
1278 3298 1500 3367 reliquis
1525 3296 1669 3353 asci-

82 3406 258 3454 scens,
321 3391 672 3446 salutationis
707 3393 893 3446 verha-
916 3391 1203 3461 depromit,
1243 3401 1298 3446 et
1331 3399 1522 3447 cuncta
1551 3407 1671 3462 qua:

82 3477 422 3537 Benedictus
456 3480 618 3536 Pater
643 3482 866 3537 dicenda
897 3488 1248 3551 praeceperat,
1289 3480 1369 3537 eis
1404 3496 1504 3551 per
1528 3481 1672 3535 ordi-

82 3587 204 3625 nem
276 3555 494 3628 retulit.
573 3572 672 3639 Qui
741 3572 889 3628 omni
952 3585 1179 3641 corpore
1241 3580 1399 3626 terra-
1467 3569 1671 3625 deﬂexo

82 3664 430 3727 adorantes,
487 3662 806 3718 lmtahuudis
868 3661 1065 3716 animis
1120 3662 1305 3718 laudes
1360 3663 1670 3717 innmneras

83 3754 191 3807 Deo
250 3763 311 3808 et
390 3754 655 3822 provisori
709 3769 806 3808 suo
865 3751 1164 3808 retulerunt
1217 3753 1454 3807 unanimi
1503 3754 1667 3807 devo-

80 3843 230 3896 tione
271 3861 288 3898 :
340 3851 403 3898 et
446 3857 516 3897 ne
554 3838 685 3912 Quid
746 3842 1099 3913 incongruum
1148 3843 1485 3898 advenientis
1523 3858 1675 3913 aspe-

75 3945 198 3988 ctus
224 3934 570 3995 ostenderet,
601 3933 827 4003 quisque
848 3949 907 3988 se
934 3934 1139 3989 studuit
1161 3949 1474 4003 procurare.
1493 3933 1675 3999 Quan-

75 4041 243 4092 quam
275 4025 432 4079 enim
460 4024 766 4093 specialiter
789 4040 913 4079 cum
942 4025 1023 4079 sui
1052 4025 1394 4095 praesentiam
1418 4024 1675 4081 fratribus

74 4117 510 4183 praestolandam
545 4117 925 4183 innotesceret,
958 4118 1012 4172 in
1042 4118 1336 4174 Dominicis
1363 4117 1447 4174 eis
1470 4131 1674 4189 praece-

71 4207 180 4275 ptis
214 4207 647 4276 persistentibus
688 4206 877 4261 saltem
922 4222 990 4262 ne
1023 4207 1090 4261 ad
1139 4207 1407 4262 modicum
1454 4207 1674 4277 quidam

72 4294 317 4365 nsquam
348 4296 602 4359 abesset;
632 4304 810 4350 tamen
854 4296 921 4351 ad
950 4295 1327 4351 declarandam
1373 4312 1482 4352 sine
1509 4297 1678 4350 virtu-

69 4389 142 4442 tis
180 4388 521 4457 potentiam,
559 4403 1010 4457 coimnunemqne
1063 4398 1381 4443 cunctorum
1413 4389 1671 4451 ketitiam,

70 4491 197 4531 sese
235 4486 574 4547 praesentem
615 4476 1005 4531 demonstravit
1044 4492 1140 4546 per
1166 4479 1359 4532 divina:
1404 4478 1675 4548 Operatio-

1776 3284 1846 3339 ob
1884 3286 2145 3340 medelam
2196 3287 2389 3341 anima:
2436 3302 2546 3342 suae
2601 3288 2805 3344 studuit
2848 3288 3113 3344 conferre.
3153 3290 3373 3361 Verum.

1775 3377 1857 3446 (ut
1888 3375 2166 3445 praefatum
2196 3376 2297 3445 est)
2327 3377 2647 3431 obeuntibus
2711 3377 2968 3433 fratribus
3003 3378 3227 3433 Romam
3260 3395 3355 3447 ap-

1772 3478 1960 3541 paratu
2016 3468 2304 3538 magnifico
2339 3468 2711 3539 proficiscens,
2754 3469 2941 3525 favore
2976 3470 3150 3540 plebis
3192 3471 3353 3524 totius

1774 3559 2070 3629 imperator
2113 3570 2169 3614 et
2212 3558 2487 3631 Augustus
2526 3558 2754 3613 Romani
2801 3559 3013 3629 imperii
3055 3556 3375 3629 appellatus

1773 3657 1877 3703 est.
1929 3649 2171 3717 Cumque
2221 3648 2275 3704 in
2324 3649 2597 3704 redeundo
2644 3649 2778 3704 lines
2829 3634 3001 3704 Italiae
3041 3650 3349 3721 attingeret,

1774 3740 2141 3808 quorumdam
2176 3739 2427 3796 malivola
2468 3740 2783 3811 deceptione
2821 3741 3052 3805 illectus,
3086 3742 3226 3811 apud
3253 3741 3357 3795 Pa‘

1776 3832 1919 3901 piam
1940 3832 2234 3897 civitatem,
2263 3848 2368 3888 non
2399 3834 2516 3889 sine
2538 3834 2774 3889 maxime
2803 3849 3019 3889 suorum
3039 3833 3207 3901 luctu,
3238 3832 3351 3903 pri-

1777 3924 1864 3977 die
1912 3922 2091 3977 Nonas
2148 3922 2397 3979 Octobris
2449 3925 2613 3977 vitatn
2661 3940 2871 3980 veneno
2933 3924 3124 3979 finivit.
3183 3924 3353 3995 Hujus

1777 4012 2117 4082 postmodum
2152 4012 2294 4068 filius
2347 4013 2606 4068 vocabulo
2643 4013 2945 4070 Ludovicus
2996 4030 3217 4089 regnum
3262 4030 3357 4084 pa-

1780 4103 1941 4158 trium
1978 4103 2299 4173 suscipiens,
2336 4104 2422 4158 vix
2455 4104 2661 4161 duobus
2691 4105 2848 4160 annis
2884 4121 2949 4160 eo
2978 4107 3179 4176 potius,
3208 4104 3358 4161 labo-

1778 4198 1983 4252 riosum
2030 4197 2331 4267 quibusque
2376 4197 2644 4253 nobilibus
2686 4199 2836 4269 regni
2882 4199 2967 4253 sui
3014 4200 3356 4253 consecravit

1781 4287 2016 4342 initium.
2054 4283 2437 4342 Nortmannica
2463 4287 2513 4343 si
2533 4288 2749 4357 quidem
2783 4304 2941 4357 gens,
2988 4304 3107 4358 quae
3131 4289 3241 4359 jam
3273 4288 3357 4342 bis

1783 4381 1978 4452 vagina
2034 4396 2145 4434 sine
2180 4380 2529 4435 habitationis
2576 4389 2822 4448 exempta
2868 4380 3151 4449 piraticam
3195 4381 3357 4434 toties

1782 4480 2136 4536 exercuerat;
2170 4471 2383 4525 demum
2409 4472 2476 4526 de
2506 4480 2675 4525 morte
2703 4471 2871 4540 patris
2894 4468 3013 4539 ejus
3039 4469 3184 4525 vires
3204 4484 3357 4524 resu-

67 4570 155 4622 nis
185 4567 525 4623 efﬁcaciam.
556 4565 690 4620 Nam
716 4566 920 4636 aliquid
956 4568 1133 4636 magni
1164 4583 1222 4622 se
1251 4567 1333 4622 vel
1368 4568 1551 4623 videre
1593 4565 1677 4621 vel
1704 4551 1758 4611 D
1783 4562 1999 4627 mendo.
2022 4562 2161 4616 intra
2195 4560 2459 4617 terminos
2503 4560 2663 4631 regni
2685 4559 2929 4616 Francia
2966 4560 3131 4615 libere
3172 4559 3359 4629 paucis

64 4672 421 4729 cognoscere
470 4656 681 4711 eunetis
728 4656 1095 4722 credentibus,
1123 4656 1323 4711 accidit
1365 4665 1566 4728 utpost
1594 4671 1679 4709 re-

62 4749 410 4802 citationem
448 4745 621 4801 sancti
662 4745 960 4814 Evangelii,
1004 4760 1191 4802 omnes
1234 4747 1540 4817 quicunque
1579 4745 1677 4800 ali-

58 4853 173 4905 quo
208 4834 662 4889 molestabantnr
692 4833 1050 4896 incommodo,
1081 4850 1322 4903 quosque
1362 4851 1533 4890 sacra:
1578 4835 1667 4887 ba-

60 4928 242 4978 s.licae
305 4924 658 4977 retentabant
711 4921 928 4984 limina,
976 4938 1097 4976 eum
1142 4933 1339 4992 optata:
1401 4923 1676 4996 sospitatis

60 5029 311 5067 munere
362 5011 588 5081 quisque
640 5012 921 5079 repedaret
971 5013 1037 5063 ad
1094 5013 1330 5081 propria.
1384 5012 1675 5084 Sexaginta

58 5108 324 5177 denique
359 5106 642 5176 utriusque
683 5119 844 5159 sexus
868 5113 922 5158 et
947 5106 1122 5162 aetatis
1152 5106 1324 5162 curati
1355 5117 1478 5164 sunt
1500 5105 1677 5163 homi-

1782 4652 2157 4707 resistentibus
2189 4651 2396 4706 cladem
2426 4651 2772 4721 malignitatis
2802 4668 2913 4706 sua:
2945 4650 3207 4706 inferebat
3230 4665 3358 4704 con-

1782 4730 1951 4799 tinue.
1983 4746 2049 4799 Et
2076 4745 2305 4814 primum
2331 4756 2515 4813 partes
2539 4758 2789 4813 aggressa
2817 4743 3099 4806 Neustriae,
3127 4741 3366 4796 caedibus

1755 4824 1835 4888 ὀι
1887 4836 2087 4905 rapinis
2120 4844 2229 4891 tota
2277 4836 2584 4891 conaminis
2620 4834 2699 4887 sui
2746 4834 3099 4904 perversitate
3134 4830 3369 4893 intenta,

1782 4939 2009 4996 quaeque
2057 4926 2205 4998 prius
2239 4922 2627 4982 desiderabilia
2673 4930 2729 4975 et
2766 4923 2888 4977 vit-.e
2932 4924 3182 4978 humatue
3230 4932 3378 4971 com-

1786 5016 1943 5069 moda
1997 5019 2336 5077 videbantur,
2380 5017 2624 5089 diripere
2649 5020 2701 5065 et
2754 5014 2809 5069 in
2836 5029 2962 5070 suos
2988 5008 3224 5069 nefarios
3251 5021 3384 5061 usus

1786 5111 2150 5165 convertendo
2206 5110 2511 5174 satagebat
2549 5102 2809 5171 redigere.
2850 5105 3253 5177 Peregissetque
3299 5094 3387 5148 in~
