3916 5434
543 385 645 441 9η

1534 384 1932 442 ΑυιιΕνΑιυι
1979 384 2124 443 FLO]

2228 383 2477 444 .CENSIS
2514 387 2819 444 MONACHI
3655 388 3733 443 9l8

542 507 758 571 choata,
790 506 890 561 nisi
918 504 1071 578 [lngo
1100 519 1128 549 ι
1162 507 1530 564 nobilissimus
1550 508 1718 564 abbas
1741 517 1962 564 strenue
1985 522 2125 564 rem-
2152 513 2199 571 Λ
2229 507 2481 578 praedari,
2517 508 2620 563 nisi
2658 509 2748 564 Dei
2782 508 3145 563 liberarentur
3172 508 3370 564 virtute
3411 508 3635 564 mirabili.
3657 511 3733 565 De-

541 597 811 668 publicam
842 598 1175 670 gubernans,
1201 616 1323 655 cum
1356 601 1544 666 armis,
1574 609 1686 655 tum
1735 600 1981 656 consiliis
2010 600 2126 654 suis

542 696 597 742 ct
620 688 822 743 virtute
848 688 966 758 ejus
1002 691 1321 747 barbaricos
1348 702 1578 747 conatus
1618 691 1985 761 reprimendo,
2012 705 2125 744 ma-

541 781 746 836 ximam
802 797 871 838 ex
926 784 1007 839 eis
1046 799 1264 839 manum
1320 784 1659 855 peremisset.
1713 783 1865 851 Quod
1896 782 2129 853 qualiter

541 872 703 943 hujus
743 888 843 943 per
871 874 1122 928 virtutem
1148 874 1320 944 patris
1365 873 1638 929 Benedicti
1660 881 1909 945 potenter
1934 870 2128 927 eﬂ‘ece—

450 992 455 997 -
539 964 635 1029 rit,
658 963 847 1033 paucis
898 965 1289 1035 subjiciendum
1317 980 1621 1020 censemus.
1648 964 1817 1035 Igitur
1847 973 2126 1033 pertrans-

542 1054 661 1111 iens
693 1056 776 1126 (ut
816 1054 1075 1127 diximus)
1107 1056 1253 1111 nullo
1282 1056 1582 1113 obsistente
1622 1057 1975 1127 plurimarum
2002 1071 2128 1125 por-

540 1159 629 1205 tus
676 1151 957 1206 civitatum
984 1192 998 1217 ,
1043 1152 1350 1207 Aureliauis
1403 1152 1650 1217 devenit,
1700 1152 1928 1220 indeque
1968 1149 2129 1204 altius

538 1258 784 1312 gressum
839 1245 1192 1313 protendens,
1238 1246 1306 1299 ad
1387 1244 1775 1299 monasterium
1824 1243 2126 1298 Floriacum
2168 1282 2187 1287 λ

538 1334 748 1388 cladem
800 1333 1073 1389 inﬂictura
1123 1337 1384 1390 accedere
1432 1334 1726 1389 contendit.
1771 1333 1941 1389 Porro
1984 1331 2127 1387 fama

538 1424 797 1493 vulgante
880 1424 1022 1479 istud
1079 1423 1405 1495 jampridem
1475 1424 1674 1479 fratres
1730 1431 2126 1493 compererant,

538 1523 962 1585 competensque
1014 1516 1096 1570 eis
1140 1515 1313 1570 visum
1364 1524 1447 1569 est
1500 1523 1559 1569 ut
1596 1514 1713 1569 loco
1756 1515 2031 1577 cederent,
2073 1519 2129 1566 et

536 1607 791 1679 praesidio
818 1610 1239 1678 opportunitatis
1265 1609 1587 1665 necessariae
1619 1622 1677 1663 se
1703 1614 2123 1662 communirent.

539 1696 777 1753 Proinde
813 1697 1152 1753 diversormu
1196 1698 1562 1753 vehiculorum
1604 1694 1859 1767 plaustris
1904 1694 2126 1765 aptatis,

538 1806 769 1863 qumque
808 1791 1043 1862 pretiosa
1094 1791 1146 1845 in
1175 1792 1256 1849 eis
1293 1797 1699 1861 componentes,
1730 1804 1850 1843 cum
1894 1784 2124 1855 supelle-

2231 600 2398 671 nique
2426 600 2529 654 hoc
2556 579 2833 670 comperto
2861 600 3097 653 animum
3129 600 3183 653 in
3223 600 3431 654 diversa
3459 601 3737 669 protrahens,

2229 701 2287 745 ut
2306 692 2537 761 pote-cui
2564 678 2789 773 t'n‘ilifum
2814 705 3009 761 parvus
3021 690 3305 745 admodum
3323 690 3737 759 imprasentiannn

2230 786 2419 840 aderat
2447 779 2726 873 numerus,
2749 783 2960 838 anxiari
2984 798 3146 851 super
3171 784 3275 838 hoc
3307 782 3601 837 multimode
3618 788 3741 855 cepit

2229 887 2284 935 et
2316 879 2537 944 taedere,
2568 879 2801 949 qualiter
2837 878 3232 934 occurrendum
3272 875 3415 930 foret
3440 875 3568 929 intra
3595 888 3742 931 semet-

2229 969 2407 1039 ipsum
2446 953 2725 1024 revolvens
2749 978 2910 1023 tanta
2938 966 3289 1023 multitudini.
3325 966 3555 1022 Tandem
3577 967 3742 1021 hortata

2231 1061 2474 1117 Girboldi
2507 1060 2827 1115 nobilissimi
2854 1058 3407 1115 Autissiodorensium
3439 1057 3630 1112 comitis
3659 1059 3744 1111 ani-

2232 1168 2381 1207 mum
2424 1151 2809 1220 congrediendi
2846 1150 3045 1205 bellum
3084 1148 3384 1219 assumpsit
3406 1149 3461 1213 δ,
3494 1163 3747 1201 asseverans

2231 1242 2378 1297 nulla
2411 1257 2646 1311 unquam
2674 1256 2893 1310 passum
2920 1239 3230 1295 discrimina
3262 1238 3404 1301 fore,
3432 1238 3518 1307 qui
3547 1236 3598 1293 Β.
3624 1237 3747 1291 Bene-

2231 1334 2360 1390 dicti
2403 1333 2583 1388 Patris
2619 1332 2895 1387 servitutis
2939 1331 3112 1401 gratia
3159 1330 3557 1385 adversantium
3598 1329 3746 1397 agmini

2231 1442 2353 1484 sese
2381 1425 2755 1481 immiscuerit.
2799 1423 3087 1477 Roboratis
3128 1437 3259 1492 ergo
3295 1422 3403 1477 hac
3441 1419 3747 1475 exhortatione

2230 1518 2450 1584 animis,
2505 1517 2692 1573 conﬁsi
2739 1514 2950 1570 meritis
3008 1523 3065 1569 et
3119 1513 3325 1569 auxilio
3374 1510 3746 1567 excellentissimi

2231 1609 2427 1675 Patris,
2463 1610 2606 1665 haud
2633 1606 2817 1679 procul
2854 1622 2884 1661 a
2914 1606 3242 1661 monasterio
3269 1606 3459 1660 hostes
3482 1618 3747 1674 prosequun-

2232 1708 2320 1756 tur
2357 1717 2387 1755 a
2443 1710 2593 1770 tergo
2635 1716 2650 1753 :
2687 1707 3045 1767 consertoque
3091 1694 3216 1750 forti
3260 1694 3601 1749 animositate
3639 1695 3746 1761 gravi

2231 1793 2441 1865 praalio,
2469 1801 2618 1847 tanta
2661 1788 3103 1860 depopulationis
3126 1796 3312 1859 strage
3336 1787 3394 1841 in
3432 1800 3524 1840 eos
3556 1785 3747 1839 baechati

539 1882 651 1937 ctili
697 1883 905 1953 reliqua
935 1884 1002 1939 ad
1043 1885 1303 1954 pnedium
1354 1882 1772 1936 Matriniacense
1825 1880 2127 1935 decernunt
2154 1873 2200 1934 B
2229 1889 2377 1949 sunt,
2407 1891 2467 1936 ut
2491 1897 2556 1936 ex
2590 1889 2734 1935 tanta
2765 1880 2941 1950 populi
2974 1880 3371 1935 numerositate
3408 1878 3495 1931 vix
3520 1876 3747 1931 tumuli.

539 1972 915 2029 contendere:
965 1983 1235 2045 quatenus
1278 1972 1387 2029 illic
1415 1987 1631 2043 quoquo
1671 1973 1828 2026 modo
1867 1977 1978 2025 tuta
2030 1984 2126 2023 sua

539 2065 721 2119 omnia
758 2073 980 2135 possent
1005 2080 1148 2121 esse.
1184 2064 1283 2120 Ast
1322 2064 1510 2119 eadem
1540 2062 1742 2134 perﬁda
1771 2062 1923 2118 natio
1951 2075 2131 2115 mona-

537 2158 762 2213 sterium
790 2157 1104 2224 deveniens,
1133 2172 1334 2229 speque
1359 2173 1455 2211 sua
1484 2155 1763 2220 frustrata,
1797 2154 1931 2209 nihil
1974 2154 2027 2207 in
2063 2166 2130 2207 eo

537 2249 681 2319 quod
721 2248 957 2319 diripere
1000 2257 1199 2319 praeter
1253 2248 1492 2319 parietes
1558 2248 1761 2302 valeret
1827 2246 2126 2317 reperit-us,

544 2338 760 2393 tandem
790 2336 1154 2408 plaustrorum
1188 2338 1497 2393 recentibus
1526 2337 1772 2405 vestigiis
1803 2337 2127 2406 perspectis,

535 2445 604 2484 eo
650 2429 985 2485 tendendum
1031 2430 1313 2496 deliberat,
1340 2446 1447 2499 quo
1472 2429 1670 2484 fratres
1706 2428 1832 2483 iisse
1881 2436 2130 2496 suspecto

537 2522 720 2578 animo
739 2523 1077 2580 aestimabat:
1112 2532 1170 2578 ut
1212 2521 1529 2577 melioribus
1558 2536 1746 2575 eorum
1772 2518 2016 2587 direptis,
2044 2532 2131 2573 re-

538 2615 680 2673 diret
712 2628 921 2688 patrata
953 2608 1197 2674 victoria.
1229 2617 1604 2688 Prmvenitque
1628 2617 1865 2687 ipsorum
1891 2629 2127 2685 nequam

547 2711 834 2767 consilium
862 2711 1256 2782 omnipotentia
1280 2708 1649 2766 misericordis
1674 2707 1789 2774 Dei,
1818 2721 1937 2777 quae
1959 2721 2053 2761 eos
2074 2713 2130 2761 et

543 2818 641 2857 sua
678 2803 879 2859 virtute
914 2811 1238 2873 protererct,
1262 2812 1316 2857 et
1340 2803 1678 2856 innocentem
1708 2799 1920 2869 plebem
1945 2814 1974 2852 a
2009 2813 2126 2852 ma-

542 2894 686 2966 ligna
722 2909 908 2949 eorum
934 2882 1280 2948 infestatione
1309 2890 1539 2963 benigne
1573 2889 1913 2944 defendendo
1949 2888 2128 2943 salva-

535 2997 642 3043 ret.
667 2987 800 3042 Nam
832 2995 942 3040 tum
983 2987 1275 3057 prmdictus
1299 2981 1629 3039 venerabilis
1650 2982 1735 3036 vir
1761 2981 1914 3052 Hugo
1943 2996 1971 3033 a
1999 2995 2126 3051 par-

540 3080 684 3134 tibus
716 3079 1037 3147 llurgundiae
1065 3078 1134 3132 ob
1157 3093 1266 3132 sua:
1298 3075 1583 3131 utilitatem
1614 3074 1957 3129 necessitatis
1988 3072 2129 3128 forte

536 3169 631 3224 Dei
674 3168 903 3224 consilio
930 3178 1153 3226 vocatus
1191 3169 1253 3222 ad
1286 3168 1385 3223 hos
1422 3167 1556 3222 lines
1582 3166 1963 3231 contenderat,
2003 3179 2127 3235 pro-

2229 1976 2353 2045 quis
2396 1977 2484 2045 qui
2534 1975 2659 2031 belli
2700 1983 2951 2030 eventum
2994 1974 3266 2028 intimaret
3311 1972 3556 2043 posteris.
3588 1971 3746 2025 Pati-2t:

2229 2067 2413 2136 itaque
2442 2066 2784 2121 desiderabili
2815 2066 3062 2129 victoria,
3091 2065 3214 2131 belli
3270 2065 3386 2119 dux
3426 2079 3549 2119 suos
3569 2063 3746 2118 interro-

2229 2173 2384 2230 gans,
2411 2158 2692 2228 requisivit
2739 2157 2782 2213 si
2815 2156 2951 2212 forte
2976 2157 3285 2226 quempiam
3321 2154 3616 2210 reverendae
3635 2154 3747 2205 visio-

2230 2253 2315 2307 nis
2364 2252 2687 2307 monaclnnu
2722 2253 2863 2305 inter
2905 2250 3200 2305 densitates
3239 2249 3482 2304 hostium
3527 2245 3616 2301 sibi
3650 2244 3746 2298 riam

2228 2347 2551 2417 pandentem
2583 2345 2801 2415 proprio
2830 2347 2946 2398 visu
2992 2341 3346 2412 contemplati
3375 2347 3567 2395 essent.
3602 2338 3747 2405 Quibus

2230 2438 2680 2508 respondentibus
2706 2453 2764 2490 se
2792 2436 2845 2489 in
2882 2435 2977 2491 illo
3002 2434 3188 2504 praclio
3217 2433 3499 2487 neminem
3526 2429 3746 2486 monacho-

2229 2544 2347 2582 rum
2378 2527 2598 2592 vidisse,
2635 2526 2819 2581 statim
2874 2525 3007 2581 ille:
3047 2525 3307 2589 Sanctus,
3338 2522 3599 2593 inquiens,
3637 2520 3748 2573 liene

2229 2620 2405 2677 dictus
2429 2636 2515 2675 me
2544 2635 2641 2690 per
2662 2628 2834 2673 totum
2855 2618 2977 2673 belli
3020 2615 3175 2684 hujus
3201 2625 3489 2672 certamen
3509 2624 3748 2686 protegens,

2228 2709 2447 2765 sinistra
2478 2725 2641 2764 manu
2668 2709 2791 2777 equi
2823 2710 2926 2762 mei
2947 2706 3186 2763 habenas
3220 2705 3513 2775 dirigenda
3531 2717 3589 2756 ac
3610 2710 3741 2756 casto-

2228 2801 2424 2859 diendo
2470 2802 2681 2857 tenuit:
2709 2802 2931 2856 dextera
2969 2816 3097 2854 vero
3123 2798 3382 2853 baculum
3420 2812 3569 2851 manu
3594 2804 3746 2849 tenenS.

2226 2895 2490 2968 plurimos
2524 2896 2761 2949 hostium
2800 2892 3197 2964 prosternendo
3236 2890 3410 2944 morti
3442 2886 3652 2942 tradidit.
3687 2882 3746 2936 Sic

2227 2994 2283 3039 et
2311 2983 2628 3039 nocentibus
2656 2999 2814 3053 ptena
2864 2990 2920 3037 et
2951 2979 3337 3036 innocentibus
3377 2980 3652 3033 interventu
3672 2972 3744 3026 Pe

2227 3078 2325 3132 tris
2356 3076 2628 3132 Benedicti
2653 3077 2918 3130 securitas
2948 3075 3153 3129 reddita
3180 3082 3263 3128 est
3288 3091 3302 3125 :
3335 3080 3613 3144 praestante
3634 3069 3743 3122 bene

2228 3169 2374 3224 dicto
2402 3168 2495 3223 Dei
2534 3168 2692 3233 Filio,
2737 3168 2891 3235 cujus
2924 3182 3116 3224 nomen
3158 3166 3508 3223 benedictum
3535 3163 3743 3234 permaurt

534 3275 710 3334 peque
738 3259 1121 3314 monasterium
1148 3258 1487 3330 perveniens,
1526 3256 1697 3312 relatu
1724 3271 1945 3313 suorum
1969 3256 2123 3311 addi-
2150 3240 2195 3302 (ἶ
2229 3260 2283 3315 in
2310 3260 2507 3315 saecula
2541 3259 2886 3315 smenlortnn.

536 3348 689 3414 dicit,
721 3348 943 3404 Fratres
973 3350 1039 3404 ab
1068 3350 1312 3404 hostibus
1340 3347 1618 3419 subsequi,
1652 3362 1717 3403 ac
1751 3346 2005 3403 ocissime
2031 3345 2123 3401 de-

605 3514 631 3542 α
660 3499 763 3573 llic
792 3511 884 3573 est
927 3501 1081 3572 llngo
1133 3502 1297 3564 abbas
1327 3502 1421 3573 qui
1467 3500 1699 3557 concilio
1734 3498 2115 3573 Pontigonensi

533 3587 677 3627 anno
698 3571 804 3627 876
838 3571 1182 3642 subscripsit,
1209 3573 1275 3628 ad
1305 3571 1462 3643 quem
1491 3574 1611 3628 duae
1649 3581 1862 3627 exstant
1891 3571 2118 3643 Joannis

531 3657 684 3713 papae
718 3643 845 3714 VIII,
873 3641 1135 3714 epistolae,
1177 3641 1335 3699 tom!
1356 3645 1422 3699 ιιι
1446 3644 1616 3701 (Ione.
1646 3643 1787 3699 Gall.
1820 3658 1918 3713 pro
1950 3641 2115 3697 tutela

533 3712 851 3767 inonasterii
883 3712 1260 3770 Pultariensis.

462 3778 469 3791 ’
550 3854 581 3861 __
605 3784 654 3861 l_s
683 3784 821 3861 apud
870 3782 1204 3861 Reginonem
1236 3784 1480 3861 aliosque
1507 3799 1650 3838 anno
1682 3781 1786 3861 887_
1817 3783 2115 3861 decessisse

531 3854 730 3908 dicitur
752 3854 835 3909 bis
873 3853 1054 3925 verbis
1086 3871 1099 3909 :
1130 3853 1284 3925 Hugo
1315 3853 1474 3909 ablias
1502 3870 1705 3923 magna:
1730 3855 1937 3925 pietatis
1962 3855 2039 3925 vir
2064 3862 2115 3925 et

532 3940 737 3994 magna:
783 3924 1078 3994 prudentia:
1129 3921 1426 3982 Aureliani:
1478 3921 1838 3988 moritur,'et'
1870 3923 2012 3994 apud
2052 3921 2110 3977 S.

533 3992 851 4047 Germanum
888 3993 1254 4049 Autissiodoro
1282 3995 1547 4066 sepelitur.
1573 3992 1992 4067 Ducatusquem
2034 4004 2111 4049 te-

2224 3509 2409 3555 nuerat
2460 3510 2508 3553 et
2526 3508 2735 3554 strenue
2791 3503 3019 3560 reserat,
3075 3490 3252 3548 Odoni
3304 3493 3425 3563 ﬁlio
3453 3487 3670 3563 Πειρίθωὲ
3701 3483 3743 3534 ιι

2222 3573 2536 3641 imperatore
2585 3570 2834 3633 traditur,
2887 3567 2976 3638 qui
3020 3582 3082 3619 ea
3126 3560 3439 3634 tempestate
3487 3560 3743 3617 Parisiorum

2254 3658 2395 3694 ames
2419 3649 2554 3694 erat.

2254 3658 2370 3695 ante
2419 3658 2445 3693 e
2479 3658 2554 3694 at.

2222 3659 2323 3751 ch
2350 3658 2666 3783 .Afanymus
2701 3710 2882 3783 paulo.
2908 3723 3088 3783 supra
3125 3705 3329 3760 citatus
3366 3723 3379 3758 :
3414 3704 3565 3783 Ama;
3595 3690 3744 3783 θοηξξί

2225 3782 2332 3839 870
2362 3765 2531 3850 Hugoi
2555 3765 2716 3835 abbas
2753 3791 2800 3834 et
2840 3765 3154 3850 Gaut'fridus
3200 3792 3323 3850 cuin
3358 3765 3741 3850 ιζηηεοὸφαᾳξὶες

2226 3836 2560 3922 con/ligentes
2581 3866 2699 3922 curn
2725 3836 3107 3922 Northma'mtis
3133 3848 3188 3900 in
3214 3845 3450 3916 Ligerim
3474 3836 3742 3896 residentibus

2222 3920 2499 3992 sexaginta
2519 3921 2649 3976 inibi
2670 3920 3066 3993 interfecerunt,
3096 3927 3204 3972 etc.

580 4154 3733 4200 mw

1016 4488 1086 4527 ("ﬂ

1496 4446 1508 4457 .
1612 4266 2723 4505 unumunum

1764 4559 2221 4609 FLORIACENSIS
2271 4558 2565 4605 MONACEI

1090 4672 1296 4859 /DE
1382 4729 1833 4862 CORPORE
1917 4732 2050 4859 ET
2161 4652 2659 4856 SANGUlNE
2745 4721 3155 4855 causa

1604 4923 1844 5020 Contra
1886 4955 2154 5035 ineptias
2197 4953 2467 5016 JOANNIS
2511 4953 2809 5061 SCOTl/’

1183 5124 1349 5188 (Apud
1370 5123 1656 5188 Acheriutn,
1679 5123 1935 5190 Spiollegii
1962 5131 2081 5175 tom.
2103 5122 2143 5184 l.
2168 5136 2283 5187 pag.
2313 5119 2421 5183 150,
2447 5132 2510 5171 ex
2536 5131 2655 5169 mss.
2680 5117 2894 5169 abbatiaa
2919 5115 3155 5180 Floriac.)
