3916 5434
61 285 166 341 959

1005 291 1094 346 DE
1131 290 1456 348 CORPORE
1496 289 1583 345 ET
1621 289 1965 348 SANGUINE
2003 292 2299 351 CHRISTI.

3233 295 3337 351 930

64 399 157 453 Dei
187 400 445 457 sacerdos
474 414 666 471 panem
696 407 753 455 et
792 400 972 455 vinum
1018 401 1251 455 otl'erens
1280 401 1505 461 fecerat,
1531 399 1645 470 ipse
1675 403 1721 460 Α
1751 401 1844 453 sed
1877 418 1942 455 ne
1986 402 2142 456 idolis
2190 402 2403 469 tierent,
2453 410 2510 458 et
2554 411 2616 457 ut
2660 401 2726 458 de
2760 402 3068 458 carnalibus
3098 404 3336 474 victimis

63 507 283 561 quoque
315 493 370 547 in
411 492 637 548 veritate
679 492 762 547 sui
793 491 1034 563 corporis
1063 500 1116 546 et
1145 490 1424 562 sanguinis
1455 506 1650 561 reprae-

62 594 330 641 seutaret.
367 605 385 638 ι

137 674 271 729 ltem
303 673 370 729 ad
396 673 662 739 Edibiam,
698 676 823 745 quid
867 676 937 731 sit
962 675 1013 730 in
1054 675 1306 731 Matthreo
1336 686 1595 746 scriptum
1631 695 1643 730 :

64 768 195 821 Dico
245 769 387 822 vobis
428 784 445 822 :
497 767 621 822 Non
687 769 858 822 bibam
906 770 1093 824 amotio
1143 771 1207 824 de
1246 771 1343 824 hoc
1393 770 1651 842 genimine

62 860 183 912 ruis
208 857 424 929 (Matth.
446 875 595 924 xxvr,
618 859 710 930 29)
737 877 752 915 :
785 879 804 910 ι
833 856 941 915 Nos
968 861 1247 916 audiamus
1272 877 1465 933 panem
1488 878 1649 933 quem

62 950 229 1021 fregit
254 949 514 1005 Dominus
538 951 792 1021 deditque
822 951 1120 1022 discipulis,
1149 969 1271 1009 esse
1309 969 1507 1023 corpus
1539 953 1648 1008 Do-

73 1041 210 1095 mini
244 1036 566 1107 Salvatoris,
601 1042 715 1111 ipso
738 1043 949 1098 dicente
976 1044 1041 1097 ad
1085 1060 1177 1099 eos
1201 1062 1215 1099 :
1241 1044 1469 1115 Accipite
1489 1055 1535 1099 et
1563 1063 1652 1099 co-

72 1132 294 1196 mrdite,
329 1132 427 1187 hoc
458 1142 532 1186 est
575 1148 761 1201 corpus
794 1150 963 1187 meum
1006 1133 1192 1203 (lbid.,
1248 1134 1374 1205 9.6);
1424 1144 1477 1190 et
1521 1134 1652 1189 cali-

64 1241 188 1281 cem
234 1227 384 1280 illum
417 1243 559 1292 esse,
600 1227 667 1282 de
710 1245 818 1298 quo
846 1227 1039 1282 iterum
1070 1228 1282 1283 locutus
1319 1241 1399 1283 cst
1434 1247 1445 1282 :
1482 1227 1651 1283 Bibite

61 1334 131 1370 ea:
174 1322 271 1371 hoc
294 1335 505 1381 omnes:
530 1318 615 1372 hic
642 1330 715 1372 est
745 1319 880 1373 enim
907 1319 1118 1389 sanguis
1144 1337 1285 1374 mens
1313 1318 1443 1374 Novi
1470 1318 1651 1373 Testa-

63 1409 250 1472 menti,
286 1410 377 1479 qui
409 1425 501 1478 pro
542 1411 720 1463 multis
744 1409 1043 1479 effundetur
1067 1410 1118 1464 in
1147 1410 1496 1464 remissionem
1534 1428 1651 1479 pec-

61 1509 308 1552 catorum
375 1498 560 1569 (lbid.,
600 1498 692 1565 27,
742 1500 873 1570 28,).
917 1499 1023 1554 Istc
1063 1509 1145 1553 est
1180 1500 1318 1555 calix
1355 1500 1421 1555 de
1452 1516 1558 1571 quo
1595 1501 1651 1556 in

62 1592 332 1661 propheta
381 1591 608 1663 legimus
656 1609 669 1645 :
719 1590 946 1646 Calicem
988 1592 1237 1647 salutaris
1284 1592 1559 1660 accipiam,
1602 1602 1651 1648 et

63 1697 257 1733 nomen
286 1680 498 1735 Domini
542 1682 789 1736 invocabo
837 1679 1011 1753 (Psal.
1059 1698 1183 1747 cxv,
1234 1682 1310 1754 λι).
1369 1682 1431 1738 Et
1466 1681 1592 1736 alibi
1633 1699 1646 1736 :

1754 492 1908 561 quasi
1935 507 2033 561 per
2060 502 2243 565 typum
2291 504 2348 549 et
2394 494 2682 565 imaginem
2726 495 2794 549 ad
2826 494 3099 565 spiritales
3132 495 3338 552 hostias

1755 584 2131 638 tmnsiremus.
2162 584 2397 640 Dicenda
2412 593 2591 640 autem
2618 601 2678 641 se
2707 586 2909 642 hostias
2924 602 3030 641 non
3053 587 3335 655 quaesisse.

1754 676 1985 730 ostendit
2013 677 2135 746 quia
2166 676 2249 732 lex
2275 676 2534 747 spiritalis
2560 677 2650 743 sit,
2693 679 2986 749 omniaque
3014 694 3136 748 qua:
3164 676 3336 735 Judaei

1754 768 2047 823 carnaliter
2076 767 2300 832 faciunt,
2326 784 2356 824 a
2381 769 2539 825 nobis
2582 769 2898 841 spiritaliter
2924 770 3157 842 impleri.
3207 790 3226 823 ι

1823 856 1893 913 Αι
1930 873 2059 915 vero
2091 860 2143 914 in
2193 859 2573 928 explanatione
2624 861 3241 933 Malacbim‘propheue,
3271 880 3337 918 eo

1754 950 2007 1019 capitulo,
2031 967 2139 1022 quo
2154 950 2353 1007 dicitur
2383 969 2398 1005 :
2432 952 2553 1007 Non
2573 964 2647 1008 est
2672 956 2799 1008 mihi
2823 955 3058 1009 voluntas
3087 957 3145 1010 in
3174 958 3335 1018 vobis,

1754 1042 1880 1096 dicit
1917 1043 2173 1097 Dominus
2207 1045 2548 1098 exercituum.
2594 1046 2659 1100 Et
2688 1045 2846 1114 paulo
2874 1056 2994 1116 post
3029 1064 3042 1099 :
3086 1045 3152 1100 In
3198 1047 3338 1101 omni

1755 1131 1866 1185 loco
1893 1132 2245 1202 sacriﬁcatur,
2267 1143 2315 1187 et
2335 1134 2546 1203 o/fcrtui
2578 1136 2775 1189 nomini
2798 1152 2906 1189 meo
2924 1134 3116 1190 oblatio
3139 1136 3356 1189 munda'

1756 1222 2011 1293 (Malaclt.
2049 1240 2087 1289 ι,
2132 1225 2217 1288 10,
2265 1226 2376 1296 ii),
2421 1235 2542 1295 post
2571 1225 2737 1280 multa
2769 1227 2840 1280 ita
2880 1227 3118 1281 dicitur:
3155 1245 3172 1276 ι
3209 1227 3334 1293 Qui-

1756 1317 1878 1373 dam
1909 1327 2100 1389 putaut
2129 1318 2228 1373 hoc
2257 1325 2399 1389 quod
2426 1318 2492 1372 ad
2521 1316 2734 1373 Judzeos
2770 1318 2966 1373 dicitur
3005 1317 3333 1389 specialiter,

1756 1426 1821 1467 eo
1842 1411 1982 1481 quod
2008 1412 2438 1467 victimzeeorum
2464 1412 2752 1466 immundm
2776 1412 2884 1466 sint
2909 1421 3072 1482 atque
3096 1411 3330 1479 pollutze,

1756 1511 1811 1556 et
1832 1502 2153 1558 sacriﬁcium
2169 1502 2527 1558 transferatur
2545 1505 2611 1558 ad
2634 1512 2843 1574 gentes,
2879 1502 3106 1574 intelligi
3136 1503 3336 1559 debere

1757 1609 1920 1663 super
1947 1594 2203 1649 Ecclesia:
2231 1595 2600 1650 sacerdotibus
2626 1594 2716 1664 qui
2746 1593 3082 1665 negligenter
3100 1592 3336 1648 oil'eruut

1757 1684 2004 1740 victimas
2036 1685 2281 1740 Domino.
2310 1684 2461 1751 Quod
2492 1686 2533 1740 si
2560 1684 2869 1753 recipimus.
2906 1698 3035 1754 ergo
3062 1684 3131 1738 ab
3151 1684 3339 1738 Eccle-

64 1770 226 1825 Calix
255 1781 379 1825 tuus
412 1772 696 1838 inebrians,
720 1789 883 1845 quam
907 1773 1195 1843 pra’clarus
1217 1791 1287 1827 est
1306 1771 1485 1844 '(Psal.
1518 1790 1651 1839 χχιι,
1686 1766 1733 1827 Β
1759 1777 1837 1831 sia
1852 1777 1917 1831 ad
1940 1776 2100 1831 aliam
2131 1793 2342 1831 rursum
2361 1777 2670 1846 religionem
2694 1776 2925 1831 victimae
2953 1773 3341 1831 transferendae

62 1864 142 1933 5).
179 1863 238 1919 Si
267 1865 412 1919 enint
452 1866 606 1935 panis
635 1866 725 1936 qui
759 1866 823 1921 de
854 1866 993 1921 caelo
1021 1866 1318 1933 descendit,
1348 1882 1542 1937 corpus
1571 1875 1655 1923 est

65 1957 307 2022 Domini,
334 1966 390 2012 et
412 1958 595 2013 vinum
639 1960 779 2030 quod
825 1959 1106 2031 discipulis
1136 1961 1304 2026 dedit,
1336 1962 1556 2032 sanguis
1582 1962 1650 2016 il-

63 2049 169 2103 lius
194 2058 281 2104 est
311 2048 441 2104 Novi
470 2049 823 2115 Testamenti,
852 2052 942 2123 qui
967 2068 1064 2122 pro
1110 2051 1293 2108 multis
1328 2044 1531 2108 ell'uSus
1569 2062 1656 2109 est

64 2141 120 2193 in
177 2127 556 2196 remissionem
593 2153 962 2213 peccatorum,
1019 2142 1273 2199 Judaicas
1314 2143 1524 2198 fabulas
1564 2158 1651 2197 re-

62 2241 355 2310 pellamus,
390 2249 442 2296 et
486 2241 846 2297 ascendamus
874 2257 995 2296 eum
1046 2241 1274 2295 Domino
1313 2239 1652 2295 coenaeulum

62 2348 349 2403 magnum,
381 2344 635 2398 stratum,
664 2341 826 2402 atque
861 2334 1197 2394 mandatum,
1231 2343 1285 2386 et
1324 2332 1654 2401 accipiamus

61 2426 135 2478 ab
162 2439 233 2479 eo
263 2439 482 2478 sursum
508 2423 728 2479 calicem
762 2422 892 2476 Novi
925 2422 1279 2484 Tcstamenti,
1306 2423 1485 2490 ibique
1530 2437 1651 2476 cum

60 2532 131 2569 eo
162 2514 372 2569 Pascha
417 2514 775 2576 celebrantes,
811 2514 1142 2567 inebriemur
1172 2513 1294 2565 vino
1322 2511 1649 2565 sobrietatis.

64 2607 193 2660 Non
220 2617 296 2660 est
319 2608 457 2661 enim
487 2623 699 2677 regnum
729 2605 824 2659 ι)ρί
847 2606 991 2659 cibus
1020 2615 1067 2658 et
1107 2616 1281 2675 potus,
1325 2604 1415 2659 sed
1442 2605 1654 2674 justitiu

56 2714 107 2754 et
130 2700 413 2769 gaudium,
438 2710 484 2752 et
504 2715 612 2769 pax
648 2699 702 2752 in
745 2697 944 2769 Spiritu
971 2707 1152 2751 sancto
1180 2696 1356 2767 (Rom.
1391 2712 1502 2759 .vtv,
1534 2694 1650 2765 l7);

58 2808 170 2846 nec
194 2790 408 2861 Moyses
428 2790 576 2845 dedit
604 2788 758 2843 nobis
785 2804 978 2858 panem
1025 2803 1231 2853 vermn,
1265 2787 1358 2841 sed
1396 2786 1656 2841 Dominus

54 2885 248 2948 Jesns,
281 2885 397 2955 ipse
439 2884 659 2939 conviva
698 2891 753 2936 et
792 2879 1124 2939 convivium,
1152 2880 1262 2948 ipse
1286 2878 1576 2934 comedens
1602 2889 1658 2933 et

58 2977 160 3045 qni
188 2976 528 3040 comeditur;
555 2973 696 3028 illius
722 2972 953 3026 bibimus
977 2970 1313 3040 sanguinem,
1332 2979 1384 3023 et
1406 2969 1521 3023 sine
1540 2968 1657 3038 ipso

56 3078 263 3138 potare
291 3082 399 3120 non
442 3081 750 3136 possumus,
780 3072 835 3117 et
865 3064 1104 3133 quotidie
1133 3064 1183 3115 in
1215 3061 1498 3117 sacriﬁciis
1537 3061 1655 3131 ejus

56 3162 131 3215 de
163 3158 452 3229 genimine.
469 3156 591 3211 vitis
618 3171 781 3218 vene,
814 3162 870 3209 et
897 3153 1067 3207 vinea:
1087 3152 1312 3217 Sorccb,
1343 3167 1459 3220 qua:
1491 3152 1655 3204 inter-

54 3260 318 3323 pretatur
358 3247 539 3313 electa,
574 3246 818 3301 rubentia
860 3255 1034 3298 umsta
1058 3242 1348 3304 calcamus,
1374 3249 1427 3295 et
1458 3254 1655 3293 novum

52 3358 128 3396 ex
166 3340 256 3395 his
293 3340 476 3393 vinum
518 3338 751 3392 bibimus
782 3336 832 3389 in
872 3351 1038 3403 regno
1069 3333 1266 3392 Patris,
1314 3345 1656 3399 nequaquam

52 3437 115 3491 in
148 3441 424 3489 vetustate
447 3431 661 3495 littcrm,
692 3430 784 3483 sed
808 3429 859 3482 in
892 3428 1130 3481 novitate
1171 3424 1392 3495 spiritus
1432 3429 1656 3476 cantan-

55 3538 150 3584 tes
172 3526 449 3583 cnnticum
480 3538 699 3584 novum,
721 3521 861 3590 quod
902 3535 1060 3573 nemo
1084 3524 1258 3586 potest
1291 3529 1509 3579 cauere,
1552 3513 1656 3568 nisi

53 3624 114 3676 in
151 3634 323 3690 regno
348 3616 618 3681 Ecclesize,
650 3630 770 3684 qua:
800 3627 1022 3683 regnum
1044 3609 1221 3663 Patris
1256 3617 1357 3663 est.
1396 3628 1413 3659 ι

138 3712 199 3766 In
237 3709 586 3781 Expositione
613 3717 793 3761 autem
831 3704 1084 3775 Epistulae
1114 3704 1180 3758 ad
1209 3702 1472 3773 Ephesios
1496 3703 1547 3756 in
1590 3718 1655 3756 eo

54 3810 189 3864 loco
222 3806 312 3861 ubi
339 3804 661 3859 sententiam
701 3798 938 3870 Apostoli
972 3799 1191 3867 exponit
1223 3814 1237 3850 :
1277 3796 1343 3849 In
1364 3812 1467 3866 quo
1495 3795 1654 3847 habe-

53 3916 183 3955 ntus
212 3895 613 3966 redemptionem
637 3908 728 3963 per
749 3890 1055 3962 sanguinem
1099 3890 1262 3957 ipsius
1292 3888 1507 3959 (Ep/tes.
1534 3887 1654 3955 1,7),

55 3992 137 4045 ita
170 3988 312 4043 dicit
343 4005 357 4043 :
394 4005 412 4036 ι
453 3984 748 4054 Dupliciter
776 3982 996 4052 sanguis
1024 3980 1226 4036 Christi
1252 3989 1307 4035 et
1343 3994 1471 4036 caro
1498 3978 1656 4034 intel-

55 4083 283 4151 ligitur,
326 4078 411 4135 vel
451 4077 716 4149 spiritalis
759 4075 845 4129 illa
872 4085 1034 4145 atque
1061 4073 1263 4139 divina,
1294 4072 1360 4127 de
1389 4086 1492 4141 qua
1544 4071 1658 4141 ipse

55 4171 203 4229 dicit
235 4188 248 4224 :
274 4168 413 4223 Caro
454 4184 568 4223 mea
609 4182 724 4221 vere
748 4175 823 4219 est
864 4163 1028 4226 cibus,
1054 4172 1101 4217 et
1129 4163 1344 4232 sanguis
1372 4179 1515 4216 meus
1547 4177 1658 4216 vere

57 4272 137 4317 est
182 4270 340 4331 polus
375 4257 558 4329 (Joan.
597 4273 673 4321 vt,
724 4254 851 4321 56);
894 4264 949 4308 et
986 4269 1000 4306 :
1063 4251 1176 4306 Nisi
1222 4251 1657 4306 manducareritis

57 4368 285 4410 carnem
312 4365 497 4412 meam,
527 4359 576 4403 et
613 4347 844 4401 biberitis
864 4346 1169 4415 sanguinem
1194 4360 1386 4408 meum,
1423 4360 1525 4397 non
1566 4345 1660 4396 ha-

60 4445 265 4501 bcbitis
304 4443 459 4497 vitam
488 4450 736 4496 trternam
768 4437 977 4508 (Ibid.,'
999 4434 1089 4505 5i)
1122 4452 1138 4491 :
1182 4434 1266 4490 vel
1291 4450 1420 4490 caro
1458 4443 1512 4488 et
1538 4449 1659 4488 san-

61 4538 198 4609 guis
224 4550 348 4605 quae
368 4531 625 4589 cruciﬁxa
650 4537 756 4595 est,
785 4536 841 4583 et
868 4527 958 4596 qui
989 4525 1178 4581 militis
1206 4524 1407 4580 effusus
1437 4532 1520 4578 est
1544 4521 1658 4578 lan-

59 4645 187 4686 cca.
224 4625 391 4680 Juxta
421 4625 563 4679 hanc
616 4621 937 4678 divisionem
982 4626 1037 4672 et
1070 4618 1124 4671 in
1169 4617 1371 4672 sanctis
1417 4614 1535 4684 ejus
1574 4614 1657 4670 di-

61 4721 311 4778 versitas
338 4714 616 4787 sanguinis
646 4721 703 4769 et
741 4710 926 4767 carnis
971 4708 1266 4779 accipitur;
1326 4715 1385 4761 ut
1435 4707 1537 4762 alia
1590 4704 1665 4761 sit

61 4831 199 4871 caro
240 4827 367 4883 qua:
396 4810 581 4865 visura
612 4815 696 4863 est
726 4805 962 4861 salutare
984 4803 1103 4869 Dei,
1131 4801 1253 4857 alia-
1275 4817 1403 4857 caro
1443 4810 1498 4856 et
1540 4817 1665 4856 sau-

61 4910 187 4981 guis
223 4920 351 4976 quae
377 4916 599 4973 regnum
628 4897 725 4955 Dei
755 4903 1024 4966 nequeant
1050 4894 1349 4966 possidere.
1390 4914 1407 4945 ι

137 5000 293 5055 Idem
332 4994 476 5064 quod
514 4994 566 5047 in
597 4996 831 5046 tractatu
858 4986 1007 5041 Isaia:
1043 4985 1338 5056 prophetae,
1385 4984 1474 5039 ubi
1526 4981 1663 5038 dici-

1420 5084 1615 5096 ..-eu-..“
1642 5073 1666 5096 θ

1757 1876 1915 1935 sunt;
1971 1879 2026 1923 et
2080 1869 2351 1940 quomodo
2409 1869 2508 1939 legi
2570 1867 2942 1938 Evangelium,
2995 1868 3076 1923 sic
3121 1884 3337 1922 rursum

1756 1960 2048 2032 Evangelia
2071 1977 2134 2016 ea
2167 1978 2287 2031 quae
2316 1977 2420 2016 non
2445 1970 2571 2016 sunt
2597 1960 2799 2026 futura,
2833 1961 3145 2016 succedent.
3185 1980 3204 2013 ι
3364 1955 3368 1958 ⁴

1826 2052 2059 2108 Sanctus
2081 2051 2412 2123 Augustinus
2441 2053 2491 2106 in
2521 2052 2858 2121 expositione
2879 2048 3335 2122 EvangeliiJoau-

1765 2143 1852 2198 nis
1897 2152 2074 2212 (tract.
2114 2142 2230 2211 26),
2259 2144 2310 2196 in
2334 2143 2524 2197 eodem
2551 2142 2670 2197 loco
2701 2142 2791 2197 ubi
2818 2142 3016 2197 dicitur
3046 2156 3060 2171 ο
3095 2140 3337 2210 Egosum

1756 2233 1906 2303 panis
1949 2234 2092 2287 vivus
2130 2234 2218 2302 qui
2261 2234 2325 2287 de
2367 2233 2492 2286 rosio
2535 2234 2777 2287 descendi
2808 2233 2989 2303 (Joan.
3019 2248 3088 2295 vt,
3119 2232 3230 2301 5i),
3263 2231 3339 2286 ita

1762 2324 1960 2389 svntit;
2005 2333 2057 2378 et
2106 2324 2247 2377 unde
2295 2323 2544 2393 inquiens
2576 2323 2650 2377 illi
2679 2322 3082 2394 superbiebant,
3121 2321 3340 2392 subjicit
3414 2358 3419 2363 -

1766 2417 1948 2471 dicens
1980 2434 1993 2468 :
2031 2436 2049 2468 ‹
2087 2416 2271 2470 Patres
2324 2416 2475 2469 vestri
2512 2412 2955 2471 manducarerunt
3015 2431 3230 2479 manna,
3281 2424 3330 2469 ct

1761 2509 1954 2562 mortui
1991 2517 2109 2562 sunt
2154 2506 2340 2578 (Ibid.,
2402 2507 2513 2579 49).
2548 2506 2686 2573 Quid
2716 2515 2798 2561 est
2842 2507 2983 2561 unde
3006 2506 3336 2575 superbitis?

1765 2598 2223 2655 Manducavcrunt
2262 2608 2318 2653 et
2346 2599 2541 2654 mortui
2583 2607 2728 2653 sunt.
2768 2598 2948 2665 Quare
2976 2598 3335 2654 manducave-
3384 2658 3395 2671 .

1758 2704 1883 2746 runt
1922 2701 1976 2746 et
2013 2692 2210 2745 mortui
2258 2689 2418 2746 sunt?
2458 2691 2586 2761 quia
2646 2689 2788 2759 quod
2840 2687 3095 2744 videbant
3143 2690 3331 2744 crede-

1755 2787 1905 2851 bant,
1947 2794 2002 2840 et
2042 2785 2185 2855 quod
2226 2800 2332 2839 non
2375 2782 2623 2837 videbant
2656 2797 2758 2836 non
2786 2780 3177 2852 intelligebant.
3212 2800 3232 2833 ι
3272 2781 3341 2836 Ει

1756 2890 1880 2951 post
1927 2878 2246 2949 paululum:
2296 2896 2313 2928 ‹
2365 2875 2847 2937 Manducavcrunt,
2899 2873 3097 2943 inquit,
3140 2888 3339 2927 manna

1758 2980 1813 3026 et
1849 2970 2079 3042 Moyses,
2122 2970 2581 3023 manducaverunt
2610 2975 2665 3020 et
2694 2965 2781 3018 alii
2811 2966 3004 3031 sancti,
3046 2972 3101 3021 et
3143 2965 3344 3021 mortui

1760 3076 1867 3115 non
1903 3067 2031 3114 sunt
2058 3068 2231 3113 morte
2274 3057 2527 3127 spiritali.
2561 3055 2775 3123 Quare?
2802 3055 2930 3124 quia
2957 3053 3222 3111 visibilem
3260 3055 3342 3109 ci-

1764 3152 1889 3206 bum
1932 3150 2248 3220 spiritaliter
2296 3147 2696 3229 intellexerunt,
2742 3155 2874 3210 cte.,
2922 3154 2981 3200 ut
3029 3144 3347 3215 spiritaliter

1760 3242 2111 3298 satiareutur.
2144 3240 2277 3295 Nam
2319 3248 2368 3295 et
2396 3254 2494 3294 nos
2540 3240 2699 3293 hodie
2740 3239 3035 3308 accipimus
3076 3237 3343 3293 visibilem

1758 3334 1961 3396 cibum,
1990 3331 2085 3386 sed
2109 3331 2252 3385 aliud
2284 3340 2367 3385 est
2394 3339 2815 3391 sacramentum,
2860 3328 3006 3383 aliud
3045 3328 3218 3383 virtus
3248 3344 3341 3383 sa-

1756 3422 2042 3480 cramenti.
2075 3421 2246 3488 Quam
2277 3419 2428 3474 multi
2445 3418 2718 3487 accipiunt
2740 3418 2805 3472 de
2828 3417 2997 3472 altare
3017 3425 3073 3472 et
3098 3417 3341 3473 moriun-

1760 3525 1867 3577 tur,
1897 3524 1951 3568 et
1978 3512 2290 3583 accipiendo
2318 3510 2649 3564 moriuntur!
2681 3507 2831 3563 Unde
2856 3506 2990 3562 dicit
3014 3506 3335 3576 Apostolus:

1765 3607 2013 3676 judicium
2035 3606 2137 3660 sibi
2155 3604 2440 3658 manlucat
2470 3612 2516 3656 et
2534 3601 2658 3656 bibit
2682 3600 2733 3671 (Ι
2758 3599 2884 3654 Cor.
2909 3616 2991 3665 χι,
3012 3600 3129 3672 27).
3157 3599 3346 3655 Nonne

1759 3701 2000 3757 lnutcella
2036 3698 2313 3754 Dotniuica
2337 3710 2603 3750 venenum
2630 3694 2727 3748 fuit
2756 3692 2947 3748 Judaz?
2974 3704 3030 3749 et
3054 3701 3234 3748 tamen
3261 3708 3349 3748 ac-

1760 3793 1912 3865 cipit,
1949 3802 2003 3847 et
2048 3807 2171 3846 cum
2221 3788 2455 3858 accepit,
2508 3786 2561 3841 in
2608 3801 2733 3841 eum
2782 3784 3036 3840 inimicus
3089 3784 3344 3849 intravit;

1763 3902 1868 3940 nun
1892 3884 2016 3953 quia
2048 3882 2250 3936 malum
2276 3879 2503 3948 accepit,
2535 3877 2628 3933 sed
2664 3875 2790 3946 quia
2824 3874 3025 3930 bonum
3058 3874 3231 3929 malus
3251 3889 3346 3929 ac-

1761 3974 1921 4044 cepit.
1960 3971 2149 4026 Videte
2174 3982 2324 4040 ergo,
2358 3965 2573 4029 fratres,
2598 3979 2791 4035 panem
2824 3963 3102 4019 ctelestem
3130 3963 3347 4033 spirita-

1760 4064 1884 4118 liter
1931 4060 2272 4115 manducate.
2312 4076 2330 4110 ι
2374 4056 2439 4111 Ει
2469 4064 2588 4124 post
2623 4054 2791 4109 multa
2831 4068 2847 4107 :
2903 4071 2923 4104 ι
2972 4052 3074 4108 llic
3110 4063 3341 4123 estergo

1760 4158 1910 4228 panis
1933 4155 2022 4225 qui
2049 4153 2112 4208 dc
2140 4149 2265 4205 coelo
2287 4147 2572 4211 descendit,
2599 4158 2653 4200 ut
2687 4148 2733 4200 si
2764 4146 2881 4216 quis
2903 4162 2969 4201 ea:
2990 4147 3100 4217 ipso
3124 4146 3350 4200 manda-

1761 4248 1974 4310 caverit,
2000 4261 2103 4299 non
2123 4243 2380 4297 moriatur
2413 4237 2612 4310 tloan.
2639 4253 2715 4301 vt,
2739 4236 2863 4307 50);
2892 4236 2988 4293 sed
3012 4238 3156 4306 quod
3184 4236 3351 4306 perti-

1763 4352 1855 4397 net
1898 4342 1964 4393 ad
2016 4339 2271 4393 virtutem
2303 4332 2650 4395 sacramenti,
2690 4347 2795 4385 non
2820 4329 2964 4399 quod
3009 4329 3246 4401 pertinet
3280 4329 3352 4384 ad

1765 4429 1987 4491 visibile
2003 4433 2436 4487 sacramentum;
2461 4421 2553 4492 qui
2582 4420 2872 4476 Inanducat
2901 4418 3067 4485 intus,
3114 4433 3223 4473 non
3264 4416 3349 4473 lo-

1768 4522 1873 4586 ris;
1908 4519 2001 4591 qui
2041 4516 2332 4574 manducat
2356 4514 2410 4568 in
2438 4511 2622 4575 corde,
2671 4524 2778 4565 non
2819 4509 2909 4579 qui
2940 4509 3139 4580 premit
3164 4506 3348 4563 dente.

1774 4611 1886 4681 Ego
1926 4625 2041 4663 sum
2091 4605 2240 4678 panis
2283 4604 2425 4658 virus
2478 4602 2566 4673 qui
2615 4599 2680 4653 de
2726 4598 2853 4653 caele
2876 4596 3119 4653 descendi
3160 4594 3350 4666 (lbid.,

1776 4703 1889 4771 5|).
1940 4702 2064 4756 ideo
2109 4699 2283 4760 vivus,
2316 4696 2444 4765 quia
2475 4695 2543 4749 de
2571 4690 2711 4748 casio
2761 4691 3060 4747 descendit.
3100 4687 3176 4742 De
3215 4686 3354 4742 caelo

1778 4795 2058 4852 descendit
2078 4801 2135 4848 et
2160 4805 2391 4855 manna;
2417 4788 2513 4845 sed
2535 4799 2731 4842 manna
2760 4786 2953 4841 umbra
2974 4790 3116 4847 erat,
3143 4780 3246 4833 istc
3270 4794 3361 4832 ve-
3452 4772 3459 4779 ⁴

1772 4887 1908 4942 ritas
1936 4893 2037 4940 est.
2073 4881 2133 4938 Si
2162 4879 2277 4953 quis
2306 4873 2701 4935 manducauerit
2725 4890 2792 4927 ex
2814 4875 2912 4930 hoc
2941 4887 3097 4945 pane,
3134 4868 3263 4920 vivet
3305 4866 3363 4920 in

1772 4987 2050 5034 wternum.
2076 4973 2143 5028 Et
2168 4972 2319 5043 panis
2344 4988 2504 5042 quem
2520 4982 2610 5038 ego
2627 4963 2767 5019 dabo
2791 4984 2888 5038 pro
2900 4963 3083 5023 mundi
3103 4960 3227 5022 vita,
3243 4972 3365 5010 caro

1768 5085 1883 5096 ...ΔΑ
1947 5079 2015 5096 --Δ
2063 5069 2077 5094 Ι
2110 5066 2222 5094 ΙΙιέλ
2333 5063 2438 5092 και
2513 5061 2624 5090 ιιηη
2674 5064 2895 5090 noun—.3-
2946 5060 3154 5086 --.εει-ιιι
3205 5062 3366 5084 noro.

2513 5061 2624 5090 ιιηη
2674 5064 2895 5090 ποια-..1η
