3916 5434
563 350 661 407 951

1545 347 1946 405 ADltEVALDl
2000 345 2494 404 FLORIACENSRS
2541 345 2849 404 MONAClll
3108 374 3118 384 ι
3690 351 3769 409 ωε

498 515 513 521 -
563 462 705 518 unde
733 459 805 516 sit
833 442 1091 530 scriptum
1125 477 1139 514 :
1176 448 1484 531 Quicunque
1516 444 1908 514 manducauerit
1933 475 2138 529 panem,
2177 465 2217 523 Α
2247 459 2372 517 data
2417 470 2543 517 sunt
2582 460 2923 532 completiva.
2977 459 3254 516 Sacriﬁcia
3290 477 3421 533 ergo
3452 461 3539 516 illa
3564 472 3769 534 tanquam

563 563 655 609 aut
683 553 866 608 biberit
894 552 1109 607 calicem
1146 550 1355 607 Domini
1384 553 1617 622 indigne,
1643 569 1762 607 reus
1791 553 1887 607 erit
1917 554 2150 622 corporis

563 657 611 699 et
646 644 916 714 sanguinis
950 642 1160 697 Domini
1202 642 1255 713 (I
1292 641 1416 697 Cor.
1456 659 1532 705 tu,
1562 643 1675 715 27).
1731 644 1798 697 Et
1826 643 1892 698 de
1919 643 2006 697 his
2034 652 2155 698 erat

565 750 771 801 sermo,
801 750 924 789 cum
961 735 1064 790 hoc
1090 733 1378 802 Apostolus
1405 734 1629 799 diceret,
1667 734 1758 803 qui
1792 733 2001 787 Domini
2034 748 2154 788 enr-

570 836 681 897 pus'
704 825 851 881 velut
897 824 1193 895 quemlibet
1236 824 1399 879 alium
1429 824 1604 879 cibum
1635 824 1927 879 indiscrete
1980 824 2154 896 negli-

567 924 868 987 genterque
908 915 1215 972 sumebant.
1251 914 1349 969 Hic
1385 930 1515 985 ergo
1542 916 1905 989 si_corripitur
1929 916 2020 986 qui
2049 931 2155 971 non

568 1011 854 1080 dijudicat,
895 1010 999 1065 hoc
1025 1017 1130 1076 est,
1170 1025 1275 1064 non
1303 1010 1560 1065 discernit
1588 1026 1617 1065 a
1648 1012 1858 1065 caeteris
1886 1010 2022 1065 cibis
2050 1011 2158 1064 Do—

570 1102 828 1158 minicum
857 1115 1092 1171 corpus;
1147 1100 1239 1171 qui
1285 1101 1351 1154 ad
1381 1100 1476 1155 Dei
1506 1116 1746 1155 mensam
1782 1101 1988 1172 ﬁngens
2016 1101 2155 1155 ami-

546 1179 692 1250 tcum
719 1236 735 1260 ,
783 1193 993 1249 accedit
1025 1193 1342 1248 inimicus...
1388 1194 1431 1247 si
1463 1194 1883 1263 reprehensione
1920 1194 2159 1264 tangitur

568 1284 907 1357 negligentia
935 1284 1292 1350 convivantis,
1332 1299 1436 1355 qua
1458 1298 1618 1355 paena
1645 1285 1944 1355 percutitur
1969 1284 2158 1340 vcndi-

570 1386 656 1430 tor
678 1375 993 1431 invitantis?
1018 1374 1154 1441 Quid
1178 1383 1357 1429 autem
1384 1387 1500 1429 erat
1522 1377 1680 1446 panis
1706 1377 1952 1431 traditori
1975 1377 2154 1444 datus,

570 1467 673 1522 nisi
701 1466 1091 1521 demonstratio
1116 1466 1200 1529 cui
1229 1465 1415 1536 gratia:
1441 1465 1631 1520 fuisset
1663 1467 1943 1534 ingratus?
1986 1467 2157 1521 Intra-

571 1556 645 1609 vit
670 1570 800 1625 ergo
825 1563 946 1625 post
975 1555 1117 1609 hunc
1154 1570 1344 1624 panem
1380 1548 1610 1608 Satanas
1637 1555 1690 1610 in
1738 1557 1945 1610 Domini
1990 1557 2157 1610 tradi-

571 1655 779 1718 torem,.
802 1652 861 1698 ut
902 1644 1005 1699 sibi
1042 1643 1155 1714 jam
1204 1645 1458 1698 traditmn
1509 1645 1699 1714 plenus
1735 1647 2064 1715 possideret,
2100 1648 2155 1701 in

571 1752 729 1806 quem
755 1737 902 1807 prius
929 1736 1227 1790 intraverat
1252 1744 1313 1789 ut
1336 1736 1625 1806 deciperet.
1653 1734 1837 1806 Neque
1862 1739 2005 1791 enim
2035 1753 2155 1792 cum

2257 555 2419 607 verba
2454 553 2775 623 promissiva
2819 550 2997 606 ablata
3031 560 3174 606 sunt.
3201 552 3339 619 Quid
3363 562 3451 608 est
3475 554 3607 623 quod
3629 555 3772 613 datum

2256 653 2339 698 est
2362 642 2779 713 complelivum?
2827 641 3037 712 Corpus
3080 642 3219 712 quod
3264 644 3477 709 nostis,
3518 646 3647 712 quod
3694 662 3772 701 non

2254 720 2444 792 omnes
2464 735 2656 802 nostis,
2685 735 2827 804 quod
2867 735 3071 789 utinam
3120 734 3213 804 qui
3248 735 3443 799 nostis,
3484 751 3657 791 omnes
3695 754 3773 794 mn

2256 828 2325 882 ad
2367 827 2630 898 judicium
2689 826 2966 881 noveritis.
3008 845 3027 879 ι
3083 825 3149 879 Et
3194 836 3319 895 post
3358 841 3530 897 pauca
3571 843 3584 879 :
3631 827 3774 893 «Quid

2256 918 2552 991 ergo?Nos
2585 917 2697 987 jam
2725 919 2830 973 hoc
2881 928 3119 988 tempore
3164 919 3283 973 sine
3329 918 3592 974 sacriﬁcio
3617 920 3775 976 dimissi

2258 1013 2485 1066 smnus?
2531 1012 2726 1067 Absit:
2760 1008 2962 1080 Corpus
3008 1021 3182 1065 autem
3231 1011 3495 1080 perfeciin
3534 1013 3662 1065 mihi.
3687 1013 3774 1069 Ideo

2259 1102 2347 1157 illa
2371 1103 2587 1158 noluisti
2615 1112 2673 1157 ut
2693 1103 2794 1157 hoc
2820 1103 3110 1171 perliceres
3135 1121 3148 1156 :
3178 1102 3268 1155 illa
3298 1102 3515 1156 voluisti
3547 1112 3775 1173 antequam

2257 1192 2362 1248 hoc
2399 1192 2709 1264 perﬁceres.
2731 1192 2999 1247 Perfeetio
3020 1192 3412 1262 promissorum
3437 1192 3642 1248 abstulit
3658 1197 3774 1250 verba

2255 1270 2662 1352 prominentia;
2696 1298 2819 1338 nam
2850 1283 2895 1337 si
2926 1282 3101 1337 adhuc
3131 1292 3259 1337 sunt
3278 1284 3655 1353 promittentia,
3677 1301 3772 1338 non-

2260 1373 2384 1427 dum
2411 1373 2685 1442 impletum
2718 1383 2803 1427 est
2826 1374 2966 1443 quod
2996 1375 3320 1442 promissum
3346 1385 3453 1428 est.
3481 1374 3587 1429 Hoc
3613 1378 3775 1444 premit-

2260 1464 2476 1519 tebatnr
2519 1464 2838 1534 quihusdam
2876 1465 3081 1534 signis:
3116 1464 3301 1519 ablata
3345 1474 3477 1520 sunt
3518 1467 3654 1535 signa
3685 1483 3774 1536 pre—

2260 1553 2548 1619 mittenlia,
2577 1554 2702 1622 quia
2735 1555 2972 1609 exhibita
2988 1561 3074 1609 est
3098 1557 3301 1611 veritas
3328 1556 3610 1627 promissa.
3635 1557 3682 1611 ln
3706 1560 3775 1613 hoc

2260 1660 2485 1715 corpore
2534 1660 2736 1708 sumus,
2787 1644 2946 1714 hujus
2992 1648 3235 1716 corporis
3280 1648 3574 1718 participes
3615 1664 3774 1715 sumus;

2260 1726 2405 1806 Quod
2432 1737 2727 1806 accipimus
2748 1738 3014 1802 novimus,
3037 1747 3089 1793 et
3113 1739 3203 1808 qui
3231 1755 3340 1792 non
3368 1741 3541 1793 nostis
3560 1742 3773 1805 noveritis,

572 1828 662 1883 illo
691 1835 810 1882 erat
851 1827 1070 1898 quando
1097 1828 1164 1882 ad
1200 1825 1413 1882 Judaeos
1444 1829 1721 1897 perrexit,
1770 1837 1827 1883 et
1875 1832 1941 1885 de
1984 1830 2160 1901 pretio
2190 1826 2234 1884 Β
2262 1840 2313 1887 et
2361 1847 2485 1886 cum
2520 1828 2843 1895 didiceritis,
2885 1833 3092 1887 utinam
3141 1849 3247 1888 non
3294 1834 3362 1887 ad
3399 1834 3645 1903 judicium
3676 1835 3775 1888 acris

573 1911 818 1976 tradendi
849 1919 1060 1975 Domini
1096 1927 1285 1990 pactus
1309 1929 1426 1985 est;
1467 1935 1588 1975 cum
1616 1921 1954 1989 apertissime
1980 1922 2154 1976 Lucas

573 2010 899 2082 evangelista
933 2018 1184 2075 testetur,
1211 2018 1264 2063 et
1290 2009 1434 2064 dicat
1465 2028 1477 2063 :
1513 2008 1743 2064 Intravit
1785 2020 1960 2064 autem
1993 2011 2155 2067 Sata-

575 2120 667 2158 nas
700 2104 753 2157 in
774 2102 993 2170 Judam,
1021 2104 1109 2174 qui
1150 2103 1548 2173 cognominatur
1570 2102 1855 2169 Iscarioth,
1898 2121 2060 2159 unum
2092 2106 2156 2161 de

575 2195 879 2261 duodecim;
910 2206 958 2250 et
1004 2196 1151 2259 abiit,
1201 2205 1250 2250 et
1296 2196 1500 2251 locutus
1548 2208 1630 2251 est
1671 2215 1790 2251 cum
1836 2199 2155 2273 principibus

577 2286 903 2341 sacerdotum
944 2285 1095 2357 (Luc.
1128 2303 1264 2351 χχιι,
1292 2288 1348 2344 ’5.
1377 2287 1454 2342 4i.
1505 2286 1644 2349 Ecce
1693 2295 1783 2349 ubi
1833 2294 2153 2360 ostenditur,

496 2403 505 2411 ο
577 2378 722 2453 quod
753 2377 862 2455 iam
893 2378 1194 2440 intraverat
1223 2378 1455 2441 Satanas
1501 2403 1556 2441 in
1601 2386 1815 2441 Judam.
1849 2386 2007 2442 Prius
2030 2402 2157 2457 ergo

577 2484 875 2531 intraverat
901 2475 1243 2531 immittendo
1273 2477 1324 2530 in
1351 2492 1446 2531 cor
1470 2474 1588 2546 ejus
1617 2475 1999 2546 cogitationem
2047 2492 2154 2546 quo

577 2566 820 2621 traderet
843 2565 1117 2621 Christum
1149 2583 1163 2621 :
1198 2565 1319 2621 talis
1345 2566 1488 2619 enim
1530 2566 1642 2636 jam
1672 2573 1897 2619 venerat
1924 2565 1991 2619 ad
2042 2580 2156 2619 ρω-

579 2656 833 2711 nandum.
865 2655 1019 2712 Nune
1050 2665 1228 2711 autem
1255 2666 1377 2726 post
1416 2672 1609 2726 panem
1642 2656 1864 2711 intravit
1908 2657 1960 2710 in
2011 2670 2154 2721 cum,

580 2764 683 2802 non
714 2748 891 2803 adhuc
937 2754 997 2802 ut
1040 2747 1274 2803 alienum
1328 2756 1591 2814 tentaret,
1642 2750 1736 2804 sed
1781 2757 1839 2803 ut
1882 2750 2158 2819 proprium

581 2839 897 2908 possideret.
922 2837 1038 2893 Non
1060 2847 1261 2902 autem,
1285 2846 1344 2891 ut
1366 2846 1557 2907 putant
1584 2839 1802 2908 quidam
1826 2838 2161 2909 negligenter

579 2940 839 2998 tegentes,
874 2938 1000 2984 tunc
1027 2928 1192 2985 Judas
1222 2931 1421 2984 Christi
1451 2947 1649 3002 corpus
1679 2933 1887 3002 accepit
1919 2951 1930 2986 :
1963 2932 2162 2987 intelli-

582 3019 809 3083 gendum
837 3025 920 3072 est
945 3017 1090 3071 enim
1120 3019 1261 3087 quod
1282 3016 1395 3085 jam
1426 3019 1676 3073 omnibus
1702 3019 1783 3073 eis
1809 3020 2161 3075 distribuerat

585 3112 842 3167 Dominus
884 3121 1285 3167 sacramentum
1333 3114 1580 3183 corporis
1625 3123 1681 3168 et
1727 3116 2007 3185 sanguinis
2053 3114 2157 3182 sui,

594 3201 684 3254 ubi
714 3209 767 3254 et
816 3200 930 3270 ipse
975 3199 1141 3255 Judas
1189 3209 1327 3265 erat,
1382 3212 1441 3256 ut
1487 3211 1708 3259 sanctus
1753 3203 1927 3260 Lucas
1978 3214 2165 3260 narrat

586 3291 775 3361 (Ibid,
828 3292 913 3357 l9,
942 3291 1055 3363 21).
1088 3292 1168 3347 Ac
1212 3293 1405 3348 deinde
1448 3293 1515 3348 ad
1558 3294 1661 3351 hoc
1686 3305 1909 3352 ventum
1959 3305 2043 3353 est
2072 3298 2166 3363 ubi

597 3381 889 3437 secundum
912 3382 1278 3437 narrationem
1302 3381 1524 3439 Joannis
1550 3385 1890 3455 apertissime
1909 3402 2007 3457 per
2034 3388 2166 3443 buc-

586 3471 772 3526 eellam
825 3471 1051 3527 tinctam
1105 3479 1268 3544 atque
1319 3480 1646 3545 porrectam,
1705 3490 1863 3531 suum
1910 3476 2167 3549 exprimit

587 3566 924 3619 traditorem.
968 3553 986 3617 ί

661 3655 946 3710 Hoiniliam
974 3671 1189 3727 quoque
1222 3656 1289 3712 de
1331 3666 1671 3714 sacramento
1697 3659 1939 3729 corporis
1961 3667 2016 3714 et
2042 3674 2169 3715 san-

587 3745 766 3815 guinis
795 3745 1006 3800 Domini
1034 3746 1226 3801 diehus
1256 3748 1675 3802 resurrectionis
1710 3764 1929 3819 parvam
1959 3749 2170 3820 peregit

588 3838 675 3893 his
700 3836 881 3893 verbis
914 3855 927 3891 :
962 3855 981 3889 c
1021 3837 1134 3892 Hoc
1160 3837 1303 3908 quod
1332 3838 1528 3893 videtis
1558 3839 1613 3892 in
1642 3838 1814 3893 altare
1854 3839 1972 3905 Dei,
2004 3840 2168 3895 etiam

592 3938 869 3985 transacta
899 3937 1056 3985 nocte
1086 3929 1333 3996 vidistis;
1366 3929 1459 3986 sed
1487 3931 1615 4001 quid
1646 3940 1811 3997 esset,
1854 3947 2016 4002 quam
2060 3947 2175 3987 ma-

593 4035 712 4089 gna:
741 4020 820 4075 rei
867 4027 1267 4075 sacramentum
1296 4020 1601 4076 contineret
1629 4022 1868 4077 nondum
1896 4022 2125 4087 audistis
2154 4041 2170 4081 :

595 4113 660 4166 ad
694 4113 798 4168 hoc
826 4113 1038 4179 videtis,
1067 4113 1221 4185 panis
1247 4122 1331 4169 est
1360 4123 1415 4170 et
1441 4114 1605 4181 calix,
1636 4116 1781 4186 quod
1819 4116 1972 4172 vobis
2007 4117 2172 4173 etiam

594 4202 736 4257 oeuli
765 4204 933 4259 vestri
971 4205 1310 4271 renuntiant;
1352 4206 1495 4275 quod
1518 4216 1697 4260 autem
1723 4205 1854 4263 ﬁdes
1876 4214 2058 4262 vestra
2081 4221 2177 4275 po-

596 4296 765 4350 stulat
792 4295 1131 4363 instruenda,
1152 4297 1310 4368 panis
1338 4308 1422 4352 est
1447 4312 1646 4367 corpus
1670 4288 1895 4363 Ch‘risti,
1926 4298 2068 4353 calix
2093 4305 2176 4352 est

593 4386 875 4457 sanguinis
900 4386 1121 4443 Christi.
1156 4408 1174 4441 ι
1206 4389 1265 4443 ln
1296 4388 1696 4457 Quaestionibus
1722 4389 1885 4443 etiam
1908 4389 2021 4443 suis
2042 4404 2177 4459 quas

597 4476 667 4530 de
693 4473 876 4531 Veteri
901 4485 958 4532 et
1001 4477 1153 4533 Novo
1202 4478 1553 4535 Testamento
1599 4479 1921 4548 composuit,
1967 4480 2059 4534 ubi
2110 4479 2177 4533 de

2257 1922 2438 1994 piatis.
2472 1922 2577 1988 Qui
2602 1924 2739 1977 enim
2764 1924 3046 1978 manducet
3072 1934 3118 1978 et
3142 1924 3269 1977 bibit
3309 1925 3546 1994 indigne,
3572 1924 3773 1993 judicium

2256 2014 2355 2067 sibi
2379 2001 2664 2067 manducet
2693 2022 2741 2067 et
2764 2012 2891 2067 bibit
2922 2012 2972 2085 (Ι
3008 2012 3151 2079 Con,
3180 2029 3256 2079 χι,
3283 2014 3407 2079 29).
3436 2013 3702 2067 Perfectum
3715 2022 3772 2066 est

2257 2105 2415 2160 nobis
2461 2119 2678 2174 corpus,
2717 2105 3069 2174 perliciamur
3106 2105 3161 2159 in
3213 2119 3470 2174 corpore.
3504 2123 3523 2156 ι
3566 2104 3623 2158 Et
3663 2104 3768 2171 longe

2255 2206 2377 2270 post
2410 2214 2422 2229 υ
2468 2214 2487 2250 ι
2521 2195 2687 2255 Judaei
2723 2196 2775 2253 in
2818 2197 3006 2252 umbra
3033 2190 3439 2264 retiiaiisemnt,
3466 2197 3618 2253 solem
3643 2198 3769 2267 gloria

2257 2287 2400 2342 ferre
2422 2304 2527 2343 non
2557 2297 2819 2358 possunt;
2844 2287 2958 2357 jam
2990 2305 3086 2343 nos
3130 2289 3181 2342 in
3215 2289 3334 2343 luce
3359 2304 3563 2351 sumus,
3593 2296 3769 2341 tenemus
3848 2298 3849 2358 ξ

2257 2395 2454 2451 corpus
2482 2380 2704 2447 Christi,
2731 2391 2977 2437 tenemus
3004 2381 3321 2452 sanguinem
3345 2381 3567 2436 Christi.
3597 2400 3612 2432 ι

2328 2474 2498 2529 Porro
2517 2473 2575 2529 S.
2601 2472 2897 2546 Gregorius
2927 2474 2980 2529 in
3011 2473 3248 2529 homiliis
3286 2474 3407 2528 suis
3427 2486 3769 2544 exponenssrn-

2257 2566 2458 2621 tentias
2497 2565 2666 2619 Exodi
2703 2566 2768 2619 de
2794 2564 3051 2635 sanguine
3070 2554 3227 2634 Agni,
3252 2573 3502 2633 poste_ac
3536 2562 3765 2633 superlimi-

2258 2658 2481 2713 naribus
2530 2657 2608 2712 sic
2647 2656 2780 2711 dicit
2821 2655 3047 2728 (Homil.
3089 2655 3162 2711 29
3207 2657 3264 2708 in
3311 2655 3544 2727 Evang.,
3581 2655 3657 2708 lib.
3698 2654 3765 2721 II}:

2265 2766 2283 2799 ι
2314 2745 2451 2817 Quid
2476 2762 2706 2817 namque
2736 2747 2807 2801 sit
2836 2747 3055 2816 sanguis
3097 2747 3234 2816 Agni
3265 2762 3375 2800 non
3401 2750 3514 2818 jam
3551 2746 3766 2803 audiendo.

2264 2841 2359 2895 sed
2389 2821 2622 2897 bibendo
2653 2840 2936 2895 didicistis.
2970 2840 3069 2905 Qui
3109 2841 3329 2909 sanguis
3366 2855 3529 2910 super
3552 2848 3765 2905 utrumque

2258 2940 2464 3003 postem
2494 2935 2732 3002 ponitur,
2759 2932 2974 3002 quando
3002 2946 3107 2985 non
3136 2932 3312 2986 solum
3338 2948 3438 2987 ore
3465 2928 3766 3001 cometis,er

2260 3021 2422 3075 etiam
2452 3035 2547 3075 ore
2575 3021 2756 3076 cordis
2794 3022 3072 3086 hauritur;
3108 3022 3159 3075 in
3193 3029 3432 3092 utroque
3452 3021 3630 3076 etenim
3662 3027 3764 3087 poste

2266 3115 2388 3185 agni
2412 3114 2630 3183 sanguis
2659 3122 2743 3169 est
2774 3114 3004 3184 positus,
3047 3114 3263 3184 quando
3293 3122 3666 3169 sacramentum
3687 3126 3765 3180 pas-

2267 3206 2437 3262 sionis
2467 3206 2609 3262 illius
2634 3221 2756 3261 cum
2784 3223 2879 3263 ore
2912 3206 2979 3260 ad
3023 3206 3454 3275 redemptionem
3496 3205 3702 3261 sumitur,
3722 3200 3763 3252 ad

2266 3299 2621 3354 imitationem
2652 3313 2865 3368 quoque
2913 3298 3117 3352 intenta
3166 3307 3349 3352 mente
3399 3290 3764 3367 cogitatur.Nam

2266 3391 2356 3461 qui
2381 3391 2459 3446 sic
2483 3389 2859 3461 Redemptoris
2880 3390 2963 3445 sui
2989 3391 3308 3461 sanguinem
3338 3391 3536 3460 accipit
3559 3398 3609 3442 ut
3628 3383 3767 3440 imitari
3848 3383 3849 3443 ἶ

2268 3482 2571 3554 passionem
2614 3480 2755 3535 illius
2785 3481 3014 3536 necdum
3042 3481 3191 3546 velit,
3226 3482 3279 3535 in
3310 3497 3423 3535 uno
3456 3489 3595 3551 poste
3620 3474 3765 3545 sangui-

2267 3590 2391 3631 nem
2432 3575 2603 3645 ponit.
2644 3592 2664 3626 ›
2693 3572 2913 3629 Necnon
2944 3574 3147 3645 Dialog.
3176 3574 3297 3640 hb.,
3322 3575 3391 3630 de
3418 3576 3605 3629 virtute
3625 3587 3673 3625 ac
3693 3583 3764 3637 ιη]-

2274 3667 2441 3723 sterio
2488 3666 2725 3722 victimae
2776 3665 3027 3721 salutaris
3070 3667 3199 3722 dicit
3237 3666 3348 3737 (lib.
3412 3683 3484 3735 iv,
3519 3682 3621 3735 cap.
3659 3661 3760 3723 δεμ

2282 3778 2301 3812 ι
2356 3761 2501 3815 Inter
2545 3760 2661 3814 haec
2716 3767 2895 3814 autem
2957 3761 3291 3831 pensandum
3353 3770 3442 3816 est
3492 3759 3616 3830 quod
3658 3756 3765 3808 enim

2270 3848 2355 3902 via
2377 3848 2468 3913 sit,
2490 3856 2552 3902 ut
2579 3849 2775 3903 bonum
2796 3850 2939 3918 quod
2987 3850 3216 3919 quisque
3265 3859 3391 3921 post
3434 3858 3636 3904 mortem
3662 3859 3761 3898 suam

2272 3946 2451 4010 sperat
2475 3939 2559 4009 agi
2599 3955 2697 4009 per
2736 3939 2890 4005 alios,
2918 3949 3042 4010 agat
3086 3942 3214 3997 dum
3265 3942 3403 3997 vivit
3451 3942 3556 4011 ipse
3594 3953 3669 4009 per
3698 3949 3761 3988 se:

2272 4028 2481 4084 beatius
2507 4030 2701 4099 quippe
2725 4040 2809 4085 est
2830 4030 3056 4086 liberum
3089 4034 3259 4097 exire,
3295 4049 3461 4102 quam
3489 4040 3595 4102 post
3616 4025 3760 4081 vincula

2273 4116 2581 4174 libertatem
2613 4134 2875 4189 quaerere.
2907 4119 3175 4175 Debemus
3198 4122 3383 4191 itaque
3424 4134 3633 4193 praesens
3652 4130 3760 4169 scca-

2273 4208 2407 4275 lum,
2428 4208 2512 4265 vel
2532 4209 2658 4279 quia
2678 4207 2792 4278 jam
2819 4210 3180 4281 conspicimus
3203 4211 3514 4275 deﬂuxisse,
3535 4218 3627 4263 tota
3644 4212 3762 4259 meme

2275 4307 2643 4365 contemnere,
2672 4299 2982 4370 quotidiana
3010 4299 3120 4355 Deo
3161 4299 3518 4373 lacrymarum
3553 4292 3757 4353 sacriﬁea,

2277 4390 2620 4461 quotidianas
2649 4389 2829 4444 cannis
2857 4387 2974 4458 ejus
2993 4388 3200 4444 hostias
3224 4391 3519 4445 immolare.
3549 4386 3648 4441 llrec
3663 4396 3760 4437 nam-

2278 4494 2383 4551 que
2408 4478 2756 4550 singulariter
2784 4480 3004 4535 victima
3045 4480 3113 4535 ab
3141 4490 3349 4536 aeterno
3379 4480 3578 4536 interitu
3596 4477 3756 4530 animam

594 4564 806 4622 Pascha
854 4569 1023 4623 veteri
1074 4582 1380 4624 sermonem
1435 4569 1566 4640 agit,
1614 4570 1689 4623 ita
1722 4543 1806 4624 ἐιθ
1837 4543 2177 4625 sacramento
2204 4543 2254 4602 ί)
2284 4543 2402 4640 quae
2451 4543 2666 4625 illam...
2692 4570 2848 4626 nobis
2889 4578 3116 4625 mortem
3158 4572 3494 4643 congenitam
3527 4569 3759 4639 pcrmj’slt

599 4658 844 4728 corporis
871 4666 928 4714 et
974 4660 1250 4731 sanguinis
1300 4660 1513 4715 Domini
1545 4661 1622 4714 ait
1654 4676 1668 4713 :
1704 4677 1724 4711 ι
1761 4658 2010 4729 Purgatis
2032 4661 2177 4716 enim

599 4748 750 4813 solis,
780 4756 836 4803 et
863 4748 1083 4804 lavacro
1115 4750 1461 4821 indulgentire
1484 4749 1720 4807 caelestis
1749 4750 1982 4820 expiatis
2004 4751 2180 4819 perci-

598 4838 785 4909 piendi
811 4838 1011 4894 Christi
1044 4840 1287 4910 corporis
1309 4855 1462 4896 sacra
1508 4838 1649 4913 [tibi]
1690 4838 1921 4895 facultas
1947 4839 2178 4910 porrigi-

601 4940 727 4997 tur;
755 4931 832 4986 ita
878 4946 1001 5002 qua:
1049 4930 1276 5003 ﬁgurata
1324 4932 1587 4988 lsraelitis
1630 4932 1865 4999 fuerant,
1912 4926 1966 4988 in
2023 4932 2180 4987 nobis

603 5021 953 5075 corroborata
979 5031 1124 5083 sunt,
1155 5031 1212 5077 et
1238 5037 1356 5092 quae
1392 5025 1446 5078 in
1468 5023 1573 5079 illis
1608 5024 1890 5095 imagines,
1926 5025 1981 5079 in
2028 5024 2181 5079 nobis

608 5112 740 5181 ipsae
783 5119 909 5166 sunt
949 5113 1208 5168 veritates
1237 5132 1251 5167 :
1291 5114 1643 5170 imitabantur
1670 5116 1742 5170 illi
1772 5115 1952 5195 facere
1973 5115 2179 5175 Pascha

609 5202 739 5252 dum
777 5199 832 5252 in
858 5200 1295 5252 similitudinibus
1315 5213 1718 5252 exercerentur-
1754 5207 1884 5252 solis
1907 5204 2185 5252 diseinnlis

2281 4661 2420 4714 rium
2445 4669 2700 4730 reparat;
2739 4660 2831 4730 qui
2877 4660 3004 4715 licet
3048 4676 3342 4731 resurgens
3388 4677 3418 4716 a
3467 4656 3656 4716 mortuis
3684 4650 3756 4719 jam

2282 4766 2388 4805 non
2446 4750 2698 4815 moritur,
2754 4758 2809 4804 et
2853 4766 3001 4806 mors
3045 4753 3096 4805 ei
3145 4752 3287 4806 ultra
3343 4768 3445 4807 non
3494 4744 3755 4805 dominatum!

2285 4841 2458 4913 (Rom.
2506 4858 2596 4909 vr,
2627 4841 2715 4914 9);
2750 4851 2927 4898 tamen
2955 4844 3009 4897 in
3054 4844 3232 4914 seipso
3284 4844 3627 4899 immortaliter
3654 4848 3752 4903 atqui

2285 4934 2767 5005 incorruptibiliter
2811 4935 3018 4998 vivens,
3066 4950 3164 5003 pro
3214 4936 3376 4990 nobis
3416 4935 3586 4987 iterum
3627 4928 3666 4980 in
3697 4925 3753 4976 lio!

2287 5026 2545 5098 mysterio
2571 5041 2742 5080 sacrae
2785 5024 3075 5079 oblationis
3114 5025 3443 5079 immolatur.
3492 5020 3599 5088 Ejus
3632 5013 3759 5083 (ιυὶρρε

2289 5118 2363 5172 ibi
2393 5132 2591 5186 corpus
2618 5117 2867 5181 sumitur,
2891 5114 3007 5184 ejus
3036 5132 3163 5173 caro
3190 5118 3244 5171 in
3282 5116 3455 5188 populi
3486 5113 3668 5169 salutem
3686 5113 3760 5188 ινιτ

2290 5208 2440 5252 titur-
2474 5205 2591 5252 eius
2618 5208 2838 5252 sanguis
2863 5221 2968 5252 nnn
2993 5206 3098 5252 iam
3128 5209 3178 5252 in
3210 5223 3402 5252 manus
3426 5202 3681 5252 inﬁdelium.
3701 5180 3759 5244 ξεί
