3916 5434
130 348 245 407 955

1359 349 1447 402 DE
1490 347 1645 401 VITA
1685 347 1741 402 S.
1786 347 2083 403 AIGL‘LFI.

3303 346 3411 405 954

131 446 352 524 adesse.
406 459 635 515 summis
697 458 803 513 ima
855 458 1049 513 sociari
1073 500 1088 523 ,
1135 467 1352 515 terrena
1406 459 1721 515 cwlestibus
1748 468 1795 524 Α
1826 460 1944 514 testi
1968 475 2107 531 pane
2128 462 2497 531 prohibemur,
2526 478 2557 517 a
2584 463 2783 519 Christi
2817 478 3046 535 corpore
3067 457 3406 534 separemur,

122 552 306 625 jungi,
336 567 503 606 unum
524 565 741 622 quoque
762 566 828 605 ex
852 551 1154 605 visibilibus
1177 560 1340 620 atque
1363 550 1722 607 invisibiiihus

130 644 280 699 ﬁeri.
322 665 342 698 ι
393 644 540 699 Sane
585 642 900 697 clarissimze
944 644 1218 697 memoriae
1267 643 1568 714 Cyprianus
1599 659 1720 697 cum

128 737 443 791 orationem
489 735 821 790 Dominicam
864 743 1178 804 exponeret,
1212 744 1538 804 ventumque
1579 745 1725 791 esset

127 827 203 881 ad
236 828 303 897 .id
347 827 489 897 quod
539 826 782 880 dicitur:
822 825 1020 878 Panem
1075 836 1309 879 nostrum
1356 827 1720 891 quotidianum

128 921 356 995 (Matth.
389 936 464 985 vr,
494 920 582 991 ll)
624 936 640 975 :
678 939 696 971 ι
732 918 934 983 Potest,
971 921 1162 990 inquit,
1207 921 1492 991 dupliciter
1524 904 1717 991 accipi,

128 1023 189 1067 et
221 1011 541 1083 spiritaliter
584 1019 639 1065 et
680 1011 1015 1079 simpliciter,
1045 1012 1169 1079 quia
1201 1022 1255 1065 et
1303 1023 1529 1082 uterque
1568 1014 1720 1067 intel-

128 1104 310 1159 lectus
336 1103 568 1158 utilitate
592 1103 775 1158 divina
806 1104 1018 1174 prolicit
1038 1105 1105 1157 ad
1134 1105 1363 1159 salutem
1409 1123 1421 1159 :
1470 1123 1593 1160 nam
1624 1122 1717 1177 pa-

129 1195 225 1249 nis
249 1196 377 1250 vita:
407 1194 655 1249 Christus
686 1204 789 1257 est,
826 1203 879 1249 et
907 1196 1060 1265 panis
1088 1196 1328 1250 omnium
1356 1213 1463 1251 non
1495 1208 1599 1261 est,
1622 1198 1716 1253 sed

128 1295 326 1342 noster
372 1295 495 1353 est;
533 1295 589 1342 et
632 1287 903 1357 quomodo
954 1287 1186 1342 dicimus
1237 1305 1251 1341 :
1314 1285 1477 1341 Pater
1545 1299 1719 1342 noster

130 1377 330 1449 (Ibid.,
371 1379 449 1443 9),
485 1380 625 1448 quia
648 1378 1062 1449 intelligentiam
1104 1387 1161 1434 et
1191 1378 1525 1433 credentium
1558 1380 1719 1434 Pater

128 1479 248 1534 est;
292 1471 372 1525 sic
415 1479 471 1525 et
507 1487 693 1540 panem
739 1481 970 1525 nostrum
1013 1487 1286 1536 vocamus,
1317 1473 1441 1541 quia
1468 1471 1717 1529 Christus

125 1569 346 1626 noster,
377 1562 468 1632 qui
497 1577 694 1632 corpus
724 1561 842 1630 ejus
865 1562 1210 1633 contigimus,
1240 1565 1396 1633 panis
1424 1573 1528 1618 est.
1563 1564 1716 1620 Hu'uc

127 1662 315 1707 autem
341 1668 534 1725 panem
556 1655 673 1709 dari
702 1655 855 1709 nobis
876 1656 1115 1724 quotidie
1139 1656 1501 1725 postulamus;
1533 1671 1602 1711 ne
1621 1657 1713 1727 qui

126 1745 185 1800 in
211 1746 438 1801 Christo
476 1763 694 1812 sumus,
740 1756 795 1801 et
827 1748 1218 1803 Eiicdiaristiam
1264 1750 1505 1818 quotidie
1538 1750 1606 1804 ad
1635 1750 1714 1804 ci-

1824 549 1941 620 ipso
1984 551 2310 619 praedicante
2350 561 2405 606 et
2443 562 2698 607 monente
2729 570 2741 607 :
2773 552 2886 623 Ego
2932 569 3049 607 sum
3096 554 3248 622 panis
3289 555 3409 609 vitta

1821 645 1911 714 qui
1935 646 2001 698 de
2026 646 2153 699 caelo
2180 646 2442 711 descendi,-
2470 647 2513 699 εἰ
2543 646 2658 717 quis
2684 646 2846 700 ederit
2870 647 2933 699 de
2964 662 3073 699 meo
3094 662 3252 716 pane,
3279 648 3407 701 viret

1821 740 1877 793 in
1908 749 2157 793 wternum
2191 751 2210 790 :
2245 740 2395 807 punis
2432 749 2603 791 autem
2641 754 2788 809 quem
2826 755 2919 807 ego
2957 738 3020 792 de
3037 741 3150 791 tero
3181 732 3408 809 protrita

1820 830 2020 892 sa’culi,
2053 846 2176 881 caro
2199 846 2311 882 mea
2339 839 2411 882 est
2445 829 2626 898 (Jonn.
2654 844 2727 891 Vl,
2758 830 2847 891 5i,
2877 828 2988 896 52).
3026 827 3251 895 Quando
3276 836 3407 897 ergo

1820 920 1953 974 dicit
1979 921 2031 974 in
2054 930 2317 974 :ctcruum
2344 921 2548 984 vivere,
2573 921 2617 973 si
2646 920 2768 989 quis
2795 920 2967 974 cdcrit
2992 920 3057 973 de
3086 920 3203 990 ejus
3230 934 3369 989 pane
3386 937 3407 984 ;⁸

1818 1018 1879 1063 ut
1904 1009 2252 1064 manifestum
2293 1019 2376 1065 est
2408 1026 2503 1064 eos
2529 1012 2729 1075 virere,
2760 1011 2851 1081 qui
2882 1026 3080 1079 corpus
3103 1010 3218 1076 ejus
3244 1011 3406 1064 attin-

1818 1110 1982 1173 gunt,
2031 1109 2086 1155 et
2114 1102 2505 1156 Eucliaristiam
2543 1100 2667 1169 jure
2701 1102 3211 1157 communicationis
3257 1102 3407 1156 acci-

1815 1197 1969 1266 piunt
1997 1216 2008 1250 :
2036 1196 2109 1251 ita
2136 1206 2323 1251 contra
2353 1197 2648 1251 timendum
2678 1204 2732 1249 et
2757 1196 3021 1250 orandum
3049 1204 3150 1260 est,
3181 1209 3248 1250 ne
3274 1196 3405 1250 dum

1815 1286 1939 1355 quis
1966 1286 2245 1341 abstcutus
2278 1296 2564 1355 separatur
2600 1302 2631 1341 a
2665 1285 2863 1342 Christi
2909 1302 3136 1357 corpore
3160 1326 3176 1351 ,
3226 1301 3404 1341 rema-

1817 1386 1942 1434 neat
1971 1395 2000 1433 a
2033 1379 2269 1435 salute...
2290 1420 2306 1445 ,
2337 1381 2699 1436 comminante
2737 1381 2854 1452 ipso
2890 1392 2945 1436 et
2974 1383 3186 1437 dicente
3225 1397 3239 1436 :
3281 1381 3404 1435 Nisi

1814 1471 2255 1527 manducaveritis
2279 1489 2487 1526 carnem
2517 1470 2646 1527 Filii
2679 1462 2929 1537 hominis,
2956 1482 3004 1527 et
3038 1474 3266 1527 biberitis
3286 1473 3403 1542 ejus

1813 1564 2156 1633 sanguinem,
2221 1580 2325 1619 non
2394 1565 2647 1619 habebitis
2699 1567 2857 1620 vitam
2911 1567 2965 1620 in
3018 1566 3157 1620 uobis
3215 1565 3400 1634 (Joan.

1813 1667 1867 1718 v,
1904 1652 2017 1725 54).
2072 1653 2140 1707 Ει
2187 1653 2309 1708 ideo
2352 1670 2545 1725 panem
2575 1665 2839 1720 nostrum,
2894 1655 2946 1710 id
2972 1663 3057 1710 est
3106 1654 3402 1718 Christum,

1814 1747 1930 1800 dari
1987 1746 2140 1801 nobis
2205 1748 2447 1818 quotidie
2508 1748 2764 1818 petimus,
2823 1756 2885 1802 ut
2935 1748 3029 1817 qui
3081 1747 3134 1801 in
3189 1744 3406 1801 Christo

125 1838 258 1891 bum
285 1837 479 1893 salutis
519 1839 832 1909 accipimus,
866 1839 1235 1894 intercedente
1263 1840 1444 1910 aliquo
1467 1841 1714 1911 graviore
1742 1822 1789 1882 Β
1818 1854 2100 1894 manemus
2142 1848 2196 1893 ct
2227 1841 2475 1903 vivimus,
2509 1855 2540 1895 a
2575 1839 3004 1896 sanctificatione
3053 1838 3173 1909 ejus
3200 1847 3255 1894 et
3280 1852 3405 1894 cor-

125 1926 330 1983 delicto
368 1929 494 2003 dum
537 1930 768 1985 abstenti
812 1938 867 1985 et
910 1945 1016 1985 non
1055 1932 1516 1987 communicantes
1545 1947 1575 1985 a
1604 1945 1720 1988 cte-

211 2115 387 2142 ..ιιι--

1815 1947 1948 2004 pore
1976 1947 2082 1987 non
2108 1933 2444 1987 recedamus.
2482 1951 2505 1984 ι

391 2116 3393 2150 mm

394 2336 457 2384 ω
769 2198 1222 2404 /VITA
1324 2284 1928 2401 SANCTI
2036 2285 2715 2404 AIGULFI

1172 2510 1431 2554 ABBATIS
1472 2508 1841 2554 LEBINENSIS
1889 2512 1972 2555 ΕΤ
2012 2511 2443 2593 ΜΔιιΤΥιιιεγ

1048 2612 1981 2739 AUCTOREADREVALDO
2023 2656 2444 2721 MONACHO
2465 2697 2489 2735 ,

1414 2758 1580 2863 (Apud
1609 2780 1793 2851 Mahill.
1820 2801 1904 2851 ubi
1926 2804 2120 2867 supra.)

1324 2990 1835 3054 OBSERVATIO
1864 2992 2208 3055 PRZEVIA.

190 3257 427 3325 Legerat
458 3248 782 3325 Laurentius
822 3246 1016 3325 Su‘rius
1046 3243 1105 3301 S.
1150 3245 1377 3302 Arcum
1417 3258 1509 3299 seu
1538 3243 1747 3315 Aygulti
1779 3244 2140 3325 [Aigulfe,al_._
2160 3244 2217 3301 S.
2243 3246 2283 3300 Δ

2325 3245 2647 3324 oul]_Y_itam
2677 3249 2745 3304 ab
2768 3249 3097 3324 Antisvawo
3121 3234 3404 3324 scriptam,

192 3262 427 3325 Legerat
461 3262 782 3307 Laurentius
822 3262 1016 3303 surtus
1046 3262 1105 3301 δ.
1150 3262 1377 3302 Λισσιιῐι
1417 3262 1509 3299 seu
1538 3262 1747 3315 aygum
1779 3262 2031 3317 lAtgllllC,
2053 3262 2126 3298 at.
2160 3262 2217 3301 δ.
2243 3262 2435 3369 Arum]
2479 3262 2647 3302 Vitam
2677 3262 2745 3304 ab
2768 3262 3097 3306 Annsvumo
3121 3262 3401 3324 scriptam,

121 3325 366 3382 auctoris
396 3333 573 3377 tamen
616 3320 834 3374 nomine
873 3319 1202 3381 destitutam,
1235 3329 1519 3386 ealnquega
1551 3329 1612 3368 se
1634 3320 1974 3386 contractam
1996 3324 2050 3369 et
2072 3316 2177 3386 alio
2202 3326 2282 3386 sty
2308 3333 2340 3368 o
2368 3318 2630 3371 redditam
2658 3334 2799 3373 anno
2830 3322 2965 3376 1580
2992 3324 3254 3378 ediderat.
3286 3324 3401 3381 Non

120 3395 327 3468 placuit
358 3393 482 3468 vita
528 3391 757 3468 S_u_riana
794 3388 1078 3468 Vincentio
1106 3386 1336 3448 Barrali,
1389 3384 1515 3468 qui,
1548 3384 1912 3468 translationis
1955 3384 2343 3468 S.“l3e.nedicti
2384 3387 2441 3467 in
2487 3388 2713 3468 Calliam
2751 3390 3043 3468 obscurare
3086 3395 3401 3468 memoriam

120 3455 331 3528 volens,
360 3463 520 3517 aliam
544 3461 720 3515 Vitam
749 3476 813 3513 ex
838 3459 999 3513 variis
1048 3473 1173 3510 mss.
1224 3455 1542 3528 perantiquis

1618 3454 1821 3530 acadd.
1853 3454 2083 3530 σαπροὺξὶ
2125 3455 2419 3530 Leriu_ensis
2448 3460 2801 3530 compilarant,
2833 3460 3104 3514 eliminata
3135 3465 3404 3530 praaiictze

1582 3471 1613 3508 ιι

120 3470 331 3528 volens,
360 3470 520 3517 aliam
548 3470 720 3515 Vitam
749 3476 813 3513 ex
838 3476 999 3513 carus
1048 3473 1173 3510 mss.
1224 3470 1643 3577 perannqursgue
1668 3470 1821 3509 costa.
1853 3470 2082 3508 omnem:
2125 3470 2419 3509 Lenaeum
2448 3470 2801 3530 compilarant,
2833 3470 3104 3514 eliminata
3135 3470 3404 3530 prandi-ue

119 3533 501 3590 translationis
551 3530 883 3593 narratione,
942 3528 1198 3599 vulgavit,
1246 3540 1389 3579 anno
1444 3524 1538 3599 16]
1588 3564 1601 3587 ,
1641 3523 1692 3599 in
1736 3525 2094 3599 Chronologia
2128 3541 2223 3599 sua
2271 3523 2572 3579 Lerinensi.
2606 3529 2757 3599 Quod
2799 3531 3014 3598 quidem
3048 3531 3101 3583 in
3135 3538 3404 3587 monacho

118 3602 533 3676 congregationi
567 3600 873 3676 Cassinensi
923 3595 1139 3676 addicto
1179 3605 1453 3676 utcunque
1507 3595 1809 3676 ferendum,
1838 3596 2055 3676 probari
2089 3596 2272 3676 utique
2322 3611 2426 3676 non
2458 3606 2637 3676 pqtest
2669 3598 2720 3652 in
2772 3595 3089 3676 recensione
3145 3600 3400 3676 Suriana,

118 3664 269 3729 anno
308 3664 445 3729 [618
494 3671 730 3727 Coloniae
770 3669 940 3729 facta,
976 3670 1086 3731 cui,
1111 3667 1326 3738 Arejecta
1352 3664 1537 3738 priori
1559 3664 1785 3719 historia
1819 3680 1848 3717 a
1878 3664 2038 3719 Surio
2070 3666 2317 3738 probata,
2348 3664 2584 3719 Barralis
2631 3669 2941 3738 compilatio
2973 3670 3171 3724 inserta
3203 3683 3305 3725 est.
3341 3664 3399 3726 lu

118 3752 225 3800 n'is.
273 3746 395 3801 co'd.
424 3740 754 3798 Floriacensi
787 3738 846 3794 S.
886 3739 1083 3810 Aigulti
1106 3734 1227 3794 Vita
1248 3752 1279 3790 a
1310 3734 1466 3791 nobis
1486 3735 1576 3790 hic
1603 3750 1863 3805 germano
1898 3751 1962 3791 ac
1983 3737 2166 3792 nativo
2187 3735 2324 3807 Slylo
2348 3746 2730 3807 repraesentata
2749 3734 3150 3810 istam’prazfcrt
3170 3742 3401 3811 inscrip-

116 3818 324 3875 tionem
357 3832 372 3870 :

915 3984 1488 4065 PROOEMIUM
1528 4082 1529 4087 η
1566 3984 1935 4081 PATRIS
2017 3984 2590 4063 ADREVALDI

544 4169 623 4231 de
653 4168 797 4231 Vita
829 4172 890 4229 et
920 4164 1224 4227 Passione
1258 4161 1647 4226 venerabilis
1681 4158 1979 4250 monachi
2014 4159 2286 4220 Arnum
2323 4158 2756 4223 Floriacensis
2794 4161 2957 4224 loco.

576 4331 711 4386 Vita:
733 4339 1036 4385 sanctorum
1062 4327 1235 4381 utiles.

199 4434 247 4488 Ι.
270 4432 616 4491 Sanctorum,
632 4424 1156 4490 fortissimorumque
1170 4418 1369 4475 Christi
1386 4418 1711 4473 athletarum

119 4525 211 4594 pia
239 4521 519 4586 arduaque
549 4514 869 4575 certamina,
893 4511 1087 4581 quibus
1121 4510 1396 4564 diabolum
1426 4509 1712 4563 mundum-

123 4629 229 4685 que
260 4610 625 4667 truculentum
658 4606 1078 4675 triumpharunt,
1112 4603 1308 4658 litteris
1347 4602 1710 4665 committere,

125 4703 510 4770 succiduisque
533 4693 1041 4758 transmittere,'non
1062 4709 1182 4749 esse
1202 4694 1569 4764 cujuscunque
1591 4691 1710 4747 olli-

125 4794 295 4856 cium,
320 4803 481 4844 nemo
523 4795 607 4841 est
646 4800 784 4856 pene
813 4785 905 4854 qui
938 4800 1043 4838 non
1073 4783 1237 4838 norit.
1271 4783 1482 4838 Etenim
1517 4782 1713 4838 talibus

124 4880 437 4937 rudimenta
480 4874 813 4932 credentium
844 4874 1074 4944 fideique
1104 4876 1342 4945 auspicia
1371 4874 1709 4940 dedicantur,

126 4969 242 5039 spei
265 4966 463 5022 ﬁducia
480 4966 642 5020 adulti
657 4965 986 5029 animantur,
1009 4965 1289 5019 charitatis
1311 4965 1414 5035 pia:
1426 4966 1711 5023 dulcedine

125 5057 354 5130 perfecti
384 5056 744 5120 delectantur,
768 5054 975 5110 cautela
1000 5057 1340 5123 agonothetaa
1366 5073 1434 5113 ne
1462 5073 1712 5114 succum-

126 5151 258 5205 bant
294 5147 450 5220 quasi
480 5148 713 5217 quodam
759 5145 880 5199 oleo
905 5146 1283 5214 perfundetur;
1321 5157 1376 5204 et
1400 5150 1444 5205 si
1474 5150 1712 5207 lassave-

128 5240 256 5304 rint,
286 5238 391 5293 hoc
421 5234 781 5293 medicamine
810 5234 1107 5288 fortitudini
1125 5237 1363 5306 pristina:
1390 5241 1713 5295 redduntur;

127 5328 243 5384 lluc
274 5327 485 5384 accedit
527 5328 673 5399 quod
705 5333 1018 5379 sanctorum
1045 5327 1313 5391 societati,
1337 5343 1473 5398 quos
1487 5330 1599 5401 jam
1624 5345 1709 5386 re-

1734 4333 1778 4394 c
1811 4323 2147 4387 inseruntur,
2167 4321 2319 4392 quasi
2342 4337 2440 4392 per
2466 4322 2735 4391 quoddam
2766 4324 3044 4393 speculum
3078 4327 3143 4381 ad
3176 4338 3394 4385 nostros

1816 4414 2016 4467 mentis
2053 4412 2237 4467 oculos
2265 4413 2639 4481 praescntanda
2689 4415 3040 4468 reducuntur.
3091 4417 3133 4469 E
3163 4433 3395 4485 quorum

1813 4504 2037 4574 collegio
2067 4519 2166 4559 nos
2194 4504 2352 4558 unius
2398 4503 2573 4557 Vitam
2629 4504 3063 4575 passionemque,
3090 4507 3142 4561 id
3192 4509 3396 4562 eStAi-

1812 4593 1938 4663 galli
1964 4594 2198 4658 nomine,
2233 4593 2400 4663 ipsius
2429 4608 2616 4649 amore
2636 4609 2734 4665 pro
2759 4610 2867 4665 quo
2894 4596 2973 4651 sic
3008 4597 3142 4650 vixit
3178 4606 3231 4651 et
3264 4613 3394 4667 pas-

1813 4698 1905 4742 Sus
1922 4697 2026 4753 est,
2070 4688 2274 4757 scripto
2303 4668 2640 4742 tradendam
2687 4689 3058 4758 suscepimus;
3110 4704 3216 4744 non
3269 4691 3396 4745 freti

1812 4781 2013 4850 ingenii
2056 4781 2371 4845 acrimonia,
2406 4783 2504 4837 sed
2541 4781 2688 4835 illius
2722 4779 3001 4847 juvamiue
3050 4781 3142 4853 qui
3185 4782 3397 4854 linguas

1811 4873 2101 4931 infantium
2147 4874 2278 4929 facit
2314 4873 2551 4931 disertas
2584 4893 2595 4928 :
2629 4883 2683 4927 et
2710 4875 2863 4945 cujus
2914 4878 3238 4947 promissum
3282 4886 3400 4930 tan-

1811 4979 1975 5034 quam
2041 4966 2408 5021 firmissimam
2466 4975 2717 5021 tenemus
2773 4968 3066 5023 anchoram
3120 4967 3401 5021 dicentis:

1809 5056 1968 5125 Aperi
1998 5077 2058 5116 os
2083 5071 2229 5115 tuum
2252 5067 2299 5113 et
2331 5074 2425 5127 ego
2453 5056 2681 5133 implebo
2709 5056 2844 5111 illud
2876 5060 3049 5132 (Paul.
3079 5058 3266 5128 un).

1880 5147 1936 5202 2.
1976 5150 2085 5209 Sed
2127 5168 2230 5207 non
2286 5165 2371 5204 me
2407 5131 2550 5225 fugit
2594 5142 3149 5218 quorumdam°usns
3200 5131 3414 5215 sempér

1809 5243 2237 5312 quaeritantium,
2273 5257 2380 5311 quo
2429 5248 2656 5303 (lentem
2687 5240 2932 5302 lacerum
2989 5251 3153 5321 ﬁgere
3191 5242 3414 5309 queant,

1808 5347 2046 5434 quorum
2072 5340 2252 5395 forsan
2274 5340 2551 5393 sententia
2577 5331 2686 5389 erit
2712 5348 2725 5384 :
2755 5332 2898 5401 Quid
2930 5340 3088 5396 nobis
3116 5331 3298 5386 rudem
3328 5325 3422 5378 ad-
