3916 5434
499 317 605 376 955

1433 311 1827 368 ADREVALDI
1876 305 2370 365 FLOBIACENSIS
2408 305 2709 364 MONACHI

3646 308 3750 364 956

499 429 640 500 Quid
687 428 831 488 enim
882 427 1198 500 praeiudicat
1249 434 1432 482 utrum
1492 435 1620 482 ante
1653 422 2077 493 quadringentos
2104 425 2151 480 A
2181 424 2402 486 propter
2442 416 2718 473 Christum
2745 417 2924 488 capite
2967 416 3166 486 plesit;
3195 425 3249 472 et
3289 431 3396 471 non
3423 418 3602 489 potius
3627 424 3752 489 quia

499 519 586 574 vel
610 519 870 574 ducentos
891 532 1062 572 annos
1083 515 1278 584 aliquis
1298 524 1596 586 martyrum
1629 512 1816 582 agonis
1837 511 1917 566 sui
1949 527 2074 565 cur-

499 627 620 668 sum
663 607 1107 666 consummarit?
1163 605 1541 676 Nnnqnidnam
1583 604 1854 674 inspector
1903 610 2074 656 certa-

498 701 662 757 minis
689 701 830 755 idem
851 713 1064 768 semper
1081 697 1198 752 est?
1221 697 1330 752 Sed
1359 697 1473 752 lucc
1499 711 1606 750 non
1637 704 1765 750 sunt
1791 693 2072 748 velutviua

498 791 797 862 pensanda,
830 805 950 859 qua:
981 804 1090 858 quo
1136 787 1456 850 vetustiora,
1492 801 1558 841 eo
1588 785 1764 839 solent
1793 799 1912 840 esse
1951 799 2074 856 gra-

499 883 660 936 tiora.
711 880 818 935 Sed
866 889 1007 943 esto,
1047 895 1151 933 non
1190 893 1313 934 eum
1347 885 1757 948 persecuturum
1789 875 2075 944 quisquam

498 971 774 1027 interfecit
823 986 920 1041 pio
959 969 1157 1026 Christi
1201 969 1571 1032 conlessione;
1637 983 1765 1020 num
1815 963 2075 1018 Joannem

498 1065 650 1120 illum
716 1065 859 1120 inter
916 1073 1072 1119 natos
1135 1060 1422 1118 mulierum
1492 1059 1788 1114 niaximum
1839 1056 2078 1112 Herodes

2180 509 2528 564 adversarius
2563 511 2611 563 ei
2647 509 2700 564 in
2732 509 2818 563 via
2842 509 3143 580 iniquitatis
3165 509 3394 575 exstitit,
3419 520 3640 580 pmpter
3663 528 3757 568 ve-

2179 599 2413 658 ritatem.
2440 613 2562 671 quae
2591 599 2733 656 Deus
2761 609 2864 665 est,
2895 615 3016 656 eum
3045 600 3207 655 rebus
3235 600 3492 656 humanis
3515 594 3704 656 exemii
3731 603 3758 654 2

2176 689 2405 761 Ideoque
2435 690 2478 745 si
2527 690 2745 746 aliunde
2774 691 3069 761 quidquam
3097 692 3432 762 proruperit,
3479 693 3623 762 quod
3660 710 3762 763 pro

2173 777 2231 835 Β.
2265 781 2470 838 Joanne
2493 784 2818 852 susceperit,
2850 784 2957 838 hoc
2982 791 3039 838 et
3069 797 3164 854 pro
3197 783 3304 838 isto
3325 783 3444 837 viro
3467 785 3761 838 venerabili

2183 888 2242 928 se
2269 875 2546 946 suscipere
2571 875 2767 930 debere
2796 875 3123 930 meminerit.
3156 873 3253 930 His
3278 890 3413 944 ergo
3436 891 3602 946 quam
3639 876 3767 929 bre-

2183 964 2404 1019 vissinte
2427 965 2740 1036 prmlihatis,
2771 966 2838 1020 ad
2863 967 3248 1032 narrationem,
3275 965 3498 1024 Christo
3523 983 3768 1038 praeest-

2187 1067 2238 1114 te
2266 1069 2318 1113 et
2344 1070 2527 1116 nostra
2561 1061 2846 1116 conamina
2867 1059 3111 1129 juvante,
3141 1061 3442 1118 veniamus.

1725 1225 2127 1324 INCIPIT
2219 1225 2496 1305 VlTA.

1032 1407 1276 1480 Aigulfns
1325 1404 1579 1462 Blesa’m.

569 1509 624 1564 5.
682 1507 884 1562 Morem
943 1503 1108 1559 fuisse
1155 1502 1501 1572 antiquorum
1561 1511 1655 1551 seu
1701 1494 2082 1550 modernornm

501 1602 848 1672 scriptorum,
879 1606 940 1652 ιιι
964 1595 1116 1664 cujus
1141 1605 1292 1665 geSta
1317 1586 1485 1647 erant'
1501 1587 1745 1652 relaturi,
1777 1585 1892 1655 ejus
1933 1584 2084 1655 prius

500 1703 557 1749 et
581 1707 748 1763 genus
788 1699 843 1746 et
872 1687 1110 1743 nativum
1141 1684 1508 1756 exprimerent
1535 1679 1732 1744 solum,
1762 1678 1926 1741 etiam
1955 1677 2084 1730 sim-

2761 1400 3018 1474 Religiose
3061 1403 3199 1458 civit.

2259 1535 2314 1591 5.
2355 1535 2498 1591 ldum
2529 1543 2708 1591 autem
2744 1535 2914 1591 caulae
2953 1537 3203 1606 indeptus
3252 1535 3594 1599 monasticae,
3647 1552 3768 1590 mox

2188 1638 2447 1699 operante
2485 1629 2656 1684 sancti
2704 1628 2938 1698 Spiritus
2985 1631 3202 1691 virtute,
3247 1627 3420 1698 ccepit
3465 1639 3772 1681 monstrare

2191 1721 2392 1776 animal
2420 1737 2482 1776 se
2508 1738 2629 1776 esse
2651 1722 2908 1777 mundum
2935 1731 2990 1777 et
3011 1721 3156 1794 gregi
3178 1732 3365 1791 aptum
3393 1721 3630 1776 caelesti.
3657 1720 3772 1772 Em-

499 1783 733 1856 plicnms
776 1783 1080 1852 (Nilumque
1097 1785 1288 1880 .pmfh
1322 1775 1562 1880 9ἷ¹⁰τ¹ῗ¹¹ἶ
1593 1788 1690 1826 ωδ
1731 1785 1946 1841 quoque
1975 1785 2080 1822 non
2115 1788 2159 1848 Β
2189 1775 2797 1870 tebatinieoi
2944 1775 3270 1868 indecenti;
3315 1812 3554 1880 purius,
3587 1811 3641 1864 in
3671 1811 3768 1863 itu-

501 1883 856 1947 aspernautes
885 1887 1064 1936 usmn,
1095 1870 1152 1924 B.
1197 1867 1389 1940 Aignll’i
1417 1865 1644 1938 patriam
1677 1875 1952 1934 genuspte
1991 1875 2084 1914 ne-

501 1966 798 2022 scientibus
837 1961 1144 2036 signiiicare
1191 1973 1468 2014 curamus.
1519 1955 1770 2010 Castrum
1830 1951 2084 2006 Blescnsc

503 2056 694 2130 (Blois)
723 2057 776 2111 in
801 2054 970 2110 latere
991 2050 1270 2121 cujusdam
1292 2058 1376 2104 est
1413 2047 1574 2101 situm
1601 2044 1818 2112 montis,
1845 2043 1932 2098 cui
1955 2057 2086 2096 con-

502 2151 710 2222 tiguum
755 2157 841 2203 est
887 2147 1036 2201 littus
1079 2143 1308 2215 Ligeriei
1359 2142 1567 2204 amnis,
1623 2139 1872 2210 idemque
1925 2135 2088 2208 Liger

501 2243 574 2315 (le
598 2242 744 2312 Loir)
774 2241 997 2312 perinde
1031 2236 1436 2308 praeterlabens,
1491 2241 1688 2304 praeter
1726 2231 1952 2301 piscium
1993 2245 2088 2285 co-

501 2335 668 2404 piam,
701 2347 860 2402 quam
886 2330 961 2384 illi
991 2329 1108 2384 loco
1134 2327 1429 2383 solemnius
1452 2323 1661 2379 actoris
1685 2321 1921 2382 exhibet,
1949 2320 2085 2376 alia-

503 2442 623 2482 rum
651 2439 862 2494 quoque
892 2422 1126 2493 frugum,
1160 2420 1266 2474 vini
1294 2417 1501 2472 scilicet
1530 2424 1584 2471 et
1609 2415 1686 2470 rei
1718 2413 2088 2468 frumentariae

502 2529 934 2585 ceterarumque
955 2515 1203 2569 humana:
1225 2509 1590 2566 necessarium
1613 2514 1820 2561 natum
1836 2519 2087 2576 magnam

505 2618 860 2680 repraesentat
910 2607 1162 2679 gratiam.
1201 2603 1369 2674 llujus
1416 2601 1540 2673 pagi
1587 2610 1644 2656 et
1689 2599 1856 2655 castri
1885 2597 2089 2654 incolas

499 2678 672 2758 fuisse
699 2678 955 2773 parentes
987 2699 1048 2753 Β.
1085 2697 1304 2768 Aigulti,
1337 2695 1639 2752 certissima
1667 2693 1927 2749 relatione
1953 2678 2120 2746 didi-5

505 2794 680 2848 cimus
708 2809 722 2846 :
758 2807 864 2846 non
891 2789 1108 2860 quidem
1153 2787 1378 2840 multum
1419 2784 1700 2856 sanguinis
1729 2784 1823 2838 alti
1853 2782 2092 2839 ventosi-

504 2893 616 2939 tate
641 2882 900 2939 sublimes
931 2895 1031 2934 nec
1057 2895 1218 2949 opum
1251 2877 1602 2932 mundialium
1635 2873 1904 2930 alllnentia
1935 2872 2093 2927 tumi-

505 2974 626 3039 dos,
645 2980 790 3026 tanta
819 2979 999 3022 tamen
1019 2968 1167 3039 prole
1193 2967 1396 3020 felices.
1421 2966 1552 3020 Erat
1577 2965 1722 3020 enim
1749 2979 1888 3018 unus
1904 2977 2091 3018 eorum

507 3062 576 3116 de
604 3060 800 3130 quibus
837 3057 1128 3127 Apostolus
1160 3075 1171 3108 :
1203 3054 1426 3124 Iuﬂrma
1452 3053 1634 3106 mundi
1677 3051 1858 3121 hujus,
1894 3050 2089 3120 inquit,

507 3161 554 3206 et
579 3146 980 3218 contemptibilia
1001 3144 1147 3215 elegit
1171 3144 1328 3206 Deus,
1351 3153 1398 3196 et
1420 3159 1478 3196 ca
1494 3157 1609 3213 qua!
1633 3157 1736 3194 non
1755 3151 1874 3194 sunt
1897 3139 1945 3211 (Ι
1969 3137 2089 3194 Cor.
2120 3139 2167 3203 C

509 3241 571 3312 ι).
603 3239 700 3294 llic
729 3253 859 3310 ergo
909 3237 1108 3292 indolis
1139 3237 1355 3306 quidem
1387 3244 1599 3289 aetatem
1647 3232 1881 3303 qualiter
1911 3241 2089 3286 trans-

509 3332 680 3406 egerit
703 3340 924 3386 narratu
955 3328 1168 3386 dilIicile
1197 3338 1310 3394 est;
1343 3329 1576 3400 qualiter
1619 3327 1823 3382 ευὶιίιοι
1851 3326 2093 3381 ecclesia:

509 3421 667 3476 dulce
710 3421 958 3478 habuerit
1007 3421 1222 3477 assidue
1267 3429 1445 3476 terere
1492 3419 1699 3484 limina,
1749 3419 2090 3474 sacerdotum

510 3513 785 3584 obsequiis
810 3514 1094 3578 inservire,
1117 3512 1420 3584 vigiliarum
1433 3511 1676 3566 excubiis
1697 3525 1916 3580 operata
1941 3509 2090 3574 dare,

509 3621 806 3677 pauperum
860 3603 1275 3660 necessitatibus
1322 3619 1420 3674 pro
1488 3603 1694 3656 viribus
1743 3615 2089 3666 concurrere,

512 3706 797 3765 tutumque
826 3709 885 3749 se
931 3693 1140 3748 in.dies
1186 3693 1424 3762 singulos
1471 3691 1700 3746 ltostiam
1731 3690 1931 3754 vivam,
1970 3706 2095 3744 san-

513 3793 680 3848 ctam,
707 3783 814 3838 Deo
843 3783 1166 3854 placentem,
1195 3783 1250 3836 in
1279 3797 1372 3834 ara
1403 3782 1484 3835 sui
1524 3781 1702 3836 cordis
1743 3781 2096 3852 Spiritualiter

512 3874 742 3929 Domino
767 3873 1014 3962 spiritum
1053 3881 1310 3926 mactare.

800 3981 866 4038 B.
907 3982 1182 4038 thmwli
1220 3982 1508 4054 disciplina:
1537 4001 1590 4038 se
1629 3984 1810 4039 tradit.

583 4097 636 4152 4.
664 4096 882 4152 Atvero
905 4096 994 4152 ubi
1025 4111 1196 4153 annos
1223 4097 1758 4169 appulitjuventutis,
1789 4098 1955 4169 coepit
1977 4111 2096 4154 esse

513 4190 667 4246 oneri
699 4204 803 4243 non
833 4188 992 4244 modo
1018 4189 1152 4254 vita,
1181 4191 1277 4245 sed
1303 4199 1359 4244 et
1383 4189 1596 4245 habitus
1621 4190 1894 4246 saecularis
1926 4209 1939 4244 :
1973 4205 2090 4249 ver-

514 4281 782 4351 sabatque
799 4280 983 4336 animo
1010 4295 1247 4350 quonam
1275 4291 1434 4352 pacto
1449 4280 1568 4350 ejus
1599 4281 1915 4337 retinaculis
1937 4281 2098 4336 abru-

515 4374 644 4444 ptis,
703 4382 908 4446 mutata
960 4382 1130 4440 sorte,
1174 4373 1374 4430 Christi
1425 4375 1772 4444 compedibus
1807 4374 2099 4431 salubriter

2188 1903 2340 1972 perio
2359 1902 2702 1973 propriorum
2720 1903 3085 1957 merubrorum
3106 1914 3232 1955 vera
3260 1900 3496 1955 arietina
3515 1910 3766 1968 potstas.

2190 1994 2243 2048 in
2276 1993 2414 2048 bello
2461 1994 2798 2049 daemonibus
2853 1992 3056 2048 indicto
3109 1991 3518 2062 quodammodo
3562 1992 3766 2044 taurina

2190 2081 2496 2138 inﬂexibilis
2526 2083 2844 2149 auctoritas,
2875 2083 2930 2137 in
2965 2082 3130 2137 animi
3179 2084 3422 2154 puritate
3467 2081 3766 2137 columbi»:

2189 2175 2437 2238 dulcedo,
2491 2175 2545 2229 in
2592 2176 2843 2232 castitate
2893 2176 3086 2231 mentis
3136 2184 3192 2229 et
3241 2177 3495 2244 corporis
3549 2177 3768 2228 iurlttris

2191 2268 2454 2323 nnmditia
2504 2268 2903 2338 prteeminens:
2958 2282 3060 2322 nec
3103 2266 3532 2320 obliviscebatur
3572 2265 3628 2318 in
3663 2265 3770 2325 leae

2192 2361 2319 2416 illud
2345 2360 2546 2416 animal
2568 2359 2824 2415 mundum
2845 2359 3057 2414 decerni
3086 2360 3227 2427 quod
3253 2357 3510 2428 ungulam
3539 2355 3694 2410 [indit
3719 2367 3769 2408 ct

2192 2455 2429 2509 ruminat
2472 2452 2617 2527 (Leu.
2649 2452 2762 2523 .vt):
2823 2453 3051 2520 ideoque.
3100 2449 3312 2520 ungula:
3357 2449 3678 2504 divisionem
3719 2448 3768 2499 in

2190 2547 2516 2603 discretione
2541 2547 2895 2617 intelligebat,
2937 2561 3042 2600 non
3069 2544 3246 2600 solum
3271 2545 3401 2598 boui
3427 2551 3482 2598 et
3503 2543 3652 2605 mali,
3680 2541 3768 2596 sed

2189 2640 2355 2694 etiam
2381 2638 2578 2694 interni
2598 2637 2836 2692 hominis
2859 2651 3100 2692 causam.
3123 2635 3294 2691 Porro
3325 2635 3380 2690 in
3410 2634 3770 2690 ruminatione

2192 2731 2343 2786 verbi
2365 2729 2458 2784 Dei
2482 2731 2697 2785 tenebat
2725 2729 2998 2784 assiduam
3019 2727 3452 2790 meditationem,
3476 2724 3767 2780 secundum

2193 2820 2335 2892 quod
2384 2821 2644 2875 Dominus
2689 2820 2823 2874 dicit
2851 2837 2864 2873 :
2901 2817 3111 2888 Oportet
3143 2831 3346 2887 semper
3369 2833 3543 2878 orare,
3591 2826 3640 2868 et
3673 2832 3768 2867 ιω

2193 2911 2413 2980 deﬁcere
2436 2911 2588 2980 (Luc.
2623 2909 2798 2982 xvut).
2849 2911 2916 2966 Et
2939 2909 3223 2964 Psalmista
3257 2907 3639 2966 :Benedicam,
3686 2907 3765 2959 in-

2195 3004 2336 3072 quit,
2363 3001 2646 3056 Dominum
2675 3003 2729 3056 in
2763 3004 2900 3054 omni
2928 3009 3154 3070 tempore
3177 3014 3196 3052 :
3222 3013 3428 3067 semper
3444 2996 3568 3050 laus
3585 2998 3699 3064 ejus
3717 2997 3769 3046 ἑιι

2200 3111 2288 3150 ore
2313 3111 2426 3150 meo
2447 3093 2620 3164 (Psal.
2653 3095 2873 3166 xxxiii).
2897 3092 3000 3147 Tot
3025 3109 3155 3163 ergo
3179 3093 3388 3147 coactis
3410 3091 3514 3146 sub
3543 3107 3648 3144 uno
3669 3092 3770 3142 vir-

2197 3187 2422 3252 ttttibus,
2473 3187 2631 3242 veluti
2668 3187 2833 3257 pinax
2879 3185 3196 3256 spiritualis,
3240 3183 3486 3238 onmium
3515 3183 3768 3238 vernalm

2195 3281 2369 3353 gratia
2389 3280 2682 3344 virtutum;
2723 3287 2780 3334 et
2827 3291 2894 3332 ue
2920 3275 3154 3347 aliquam
3203 3283 3356 3330 tanta
3382 3285 3606 3344 possent
3632 3275 3763 3327 bona

2196 3373 2474 3427 incurrere
2509 3367 2802 3438 jacturam,
2841 3368 3036 3439 agebat
3063 3367 3208 3437 quod
3258 3366 3329 3421 de
3357 3365 3476 3421 vim
3525 3365 3769 3420 scribitur

2188 3462 2358 3532 justo,
2381 3461 2508 3532 quia
2535 3458 2884 3515 meditabitur
2915 3457 2967 3512 in
2995 3457 3113 3529 lege
3162 3457 3376 3511 Domini
3409 3456 3502 3511 die
3529 3472 3598 3510 ac
3623 3466 3768 3508 noete

2197 3552 2370 3628 (Paul.
2429 3551 2490 3624 t).
2540 3549 2601 3606 ln
2655 3548 2810 3620 cujus
2884 3549 3278 3604 exercitatione
3333 3547 3400 3602 ad
3442 3547 3498 3602 id
3527 3545 3768 3602 culminis

2195 3645 2392 3709 evasit,
2425 3651 2487 3696 ut
2513 3656 2620 3696 non
2659 3640 2820 3695 modo
2870 3635 3441 3708 comprovincialibus,
3475 3637 3574 3692 sed
3617 3635 3765 3688 etiam

2194 3736 2383 3808 procul
2431 3736 2621 3807 positis
2650 3734 2768 3804 ejus
2809 3734 3052 3789 doctrina
3081 3731 3345 3787 miraculo
3369 3731 3511 3786 foret
3539 3748 3554 3783 :
3583 3729 3766 3784 Divini-

2197 3829 2294 3883 tati
2319 3843 2448 3883 vero
2473 3827 2615 3898 quod
2647 3825 3089 3897 magnipeuderet
3110 3841 3234 3878 eum
3257 3825 3348 3879 cui
3383 3823 3514 3878 talia
3539 3822 3767 3878 Contuli:-

2197 3928 2282 3976 rat
2332 3919 2534 3987 munia,
2567 3918 2734 3989 signis
2787 3917 2893 3972 ’am
2943 3915 3286 3972 evidentibus
3333 3915 3628 3970 ostendere
3661 3912 3762 3982 pla-

2197 4011 2328 4066 cuit.

2341 4143 2524 4202 Sancti
2549 4144 2820 4200 Beuedicti
2848 4143 3090 4215 reliquias
3109 4143 3164 4196 in
3193 4140 3430 4198 Galliam
3453 4141 3640 4210 defert.

2269 4282 2322 4337 6.
2353 4280 2595 4350 Namque
2631 4280 2741 4334 Deo
2771 4279 3038 4343 amabilis,
3075 4287 3132 4333 et
3172 4287 3286 4334 toto
3315 4279 3452 4334 orbe
3479 4276 3765 4332 celebratus

2199 4383 2362 4445 atque
2386 4373 2682 4436 canendus,
2709 4371 3077 4442 regularisque
3101 4372 3220 4424 vitae
3241 4371 3539 4444 singularis
3564 4371 3764 4425 insutu-

514 4466 706 4536 pedem
737 4465 1058 4520 innecteret.
1086 4465 1191 4521 Sed
1213 4467 1340 4522 dum
1361 4465 1520 4549 in‘his
1540 4465 1959 4534 distenderetur,
1979 4481 2098 4520 mo-
2125 4489 2178 4549 Ι)
2205 4479 2290 4524 tor
2332 4469 2678 4533 Benedictus,
2724 4467 2776 4521 in
2825 4466 3203 4522 Beneventana
3259 4467 3547 4535 provincia
3601 4468 3763 4524 multis

515 4573 716 4630 rasque
733 4558 1033 4614 innecteret
1053 4558 1242 4624 moris,
1261 4573 1382 4613 mox
1401 4545 1591 4614 consili
1609 4558 1834 4614 utnutile
1854 4573 2099 4628 quaeren-

517 4650 587 4706 do
630 4651 828 4722 (neque
851 4649 995 4704 enim
1027 4658 1173 4705 tanta
1195 4663 1283 4704 res
1304 4649 1568 4720 praecipiti
1604 4663 1663 4705 se
1690 4649 1851 4706 debet
1877 4649 2099 4706 credere

520 4742 805 4808 voluntati,
826 4743 921 4798 sed
942 4741 1168 4796 multam
1199 4743 1638 4798 retractationem
1657 4742 1780 4797 talia
1803 4739 2096 4813 postulant)

517 4851 708 4893 rumor
737 4835 880 4890 beati
921 4835 1020 4890 viri
1052 4835 1324 4890 Mummoli
1355 4835 1566 4892 abbatis
1595 4835 1962 4892 Floriacensis
1979 4833 2100 4904 ejus

519 4943 684 4983 aures
701 4935 930 4996 occupat
956 4944 968 4980 :
999 4927 1138 4980 fama
1168 4942 1401 4996 namque
1420 4929 1544 4982 vitae
1563 4925 1680 4996 ejus
1701 4927 1857 4998 longe
1885 4927 2101 4997 lateque

521 5015 816 5072 ferebatur.
847 5016 960 5072 Hac
1003 5018 1185 5072 audita
1215 5019 1468 5088 opinione
1495 5019 1720 5091 impiger
1751 5029 1994 5075 sanctum
2024 5018 2100 5074 vi-

525 5115 643 5161 rttm
665 5103 816 5158 adire
840 5106 1133 5176 audh'eque
1155 5109 1368 5176 qumsiit
1399 5127 1411 5162 :
1443 5124 1550 5178 quo
1579 5111 1744 5176 adito,
1770 5109 2096 5165 desiderium

525 5209 632 5268 quo
661 5192 754 5246 ditt
791 5192 1054 5262 ﬂagrabat
1092 5197 1326 5264 aperuit,
1357 5211 1415 5252 et
1442 5207 1503 5252 ut
1548 5213 1608 5253 se
1657 5215 1882 5256 numero
1909 5215 2098 5256 eorum

525 5301 664 5358 quos
690 5285 743 5341 in
783 5285 969 5340 schola
996 5285 1197 5342 Christi
1228 5289 1542 5344 instituebat
1571 5294 1855 5362 insereret,
1902 5293 2102 5351 humil-

2202 4559 2632 4632 prmcedentibns
2675 4557 2832 4612 annis
2868 4558 2992 4610 vita:
3035 4554 3192 4624 hujus
3227 4555 3481 4610 ultimam
3519 4557 3764 4612 clauserat

2201 4653 2362 4713 diem,
2411 4659 2467 4706 et
2516 4650 2570 4705 in
2597 4658 2779 4704 castro
2822 4647 3048 4703 Cassino
3078 4654 3371 4716 acceperat
3401 4645 3759 4718 sepultum:

2201 4743 2294 4798 sed
2326 4749 2446 4812 post
2475 4755 2580 4796 non
2612 4739 2836 4794 mttltum
2885 4736 3167 4808 temporis,
3217 4737 3526 4792 secundum
3559 4737 3763 4809 prophe-

2202 4833 2330 4887 tiam
2369 4830 2612 4902 ejusdem
2637 4826 2965 4884 sanctissimi
3007 4825 3134 4890 viri,
3161 4825 3305 4880 idem
3333 4825 3492 4880 locus
3522 4843 3552 4880 a
3582 4827 3762 4894 Longo-

2202 4925 2386 4979 bardis
2409 4930 2600 4994 captus
2625 4929 2788 4991 atque
2813 4920 2866 4974 in
2891 4933 3134 4974 eremum
3162 4926 3252 4973 est
3281 4917 3568 4972 redactus.
3596 4917 3762 4971 Veiens

2202 5026 2382 5070 autem
2413 5014 2590 5068 divina
2635 5011 2902 5081 depositio
2946 5021 3001 5066 et
3039 5008 3282 5080 prmdicti
3317 5008 3656 5064 sanctissimi
3683 5009 3759 5060 viri

2203 5107 2480 5179 reliquias,
2512 5115 2570 5158 ιιι
2596 5104 2814 5174 dignum
2839 5111 2979 5164 erat,
3011 5103 3214 5156 honore
3240 5116 3494 5172 congruo
3521 5100 3760 5160 venerari,

2201 5210 2258 5256 et
2279 5200 2604 5256 Gallicarum
2631 5208 2813 5268 partes
2831 5211 2928 5266 per
2951 5209 3135 5250 earum
3159 5193 3461 5249 adventum
3495 5191 3759 5258 consolari.

2203 5291 2448 5363 apparuit
2463 5289 2578 5360 jam
2611 5289 2754 5344 dicto
2778 5287 3010 5356 benigno
3039 5285 3218 5342 abbati
3245 5285 3568 5352 Mutnmolo,
3599 5281 3762 5354 praei.
