  <div class='ocr_page' id='page_1' title='image "/cluster/home/n/w/nwhite01/storage/ocr_20150623/124/hvd.32044011218096/484.png"; bbox 0 0 3916 5434; ppageno 0'>
   <div class='ocr_carea' id='block_1_1' title="bbox 32 343 3359 427">
    <p class='ocr_par' dir='ltr' id='par_1_1' title="bbox 32 343 3359 427">
     <span class='ocr_line' id='line_1_1' title="bbox 32 343 3359 427; baseline 0.008 -28"><span class='ocrx_word' id='word_1_1' title='bbox 32 343 171 400; x_wconf 70' lang='lat'><strong>$57</strong></span> <span class='ocrx_word' id='word_1_2' title='bbox 1372 349 1461 405; x_wconf 81' lang='lat' dir='ltr'><strong>DE</strong></span> <span class='ocrx_word' id='word_1_3' title='bbox 1501 347 1660 404; x_wconf 82' lang='lat' dir='ltr'><strong>VITA</strong></span> <span class='ocrx_word' id='word_1_4' title='bbox 1701 346 1758 403; x_wconf 88' lang='lat' dir='ltr'><strong>S.</strong></span> <span class='ocrx_word' id='word_1_5' title='bbox 1793 349 2094 408; x_wconf 74' lang='lat' dir='ltr'><strong>AIGULFI.</strong></span> <span class='ocrx_word' id='word_1_6' title='bbox 3253 369 3359 427; x_wconf 80' lang='lat'><strong>958</strong></span> 
     </span>
    </p>
   </div>
   <div class='ocr_carea' id='block_1_2' title="bbox 31 462 3439 542">
    <p class='ocr_par' dir='ltr' id='par_1_2' title="bbox 31 462 3439 542">
     <span class='ocr_line' id='line_1_2' title="bbox 31 462 3439 542; baseline 0.004 -26"><span class='ocrx_word' id='word_1_7' title='bbox 31 462 287 521; x_wconf 85' lang='lat' dir='ltr'><strong>iudicio</strong></span> <span class='ocrx_word' id='word_1_8' title='bbox 310 466 453 537; x_wconf 89' lang='lat' dir='ltr'><strong>quod</strong></span> <span class='ocrx_word' id='word_1_9' title='bbox 479 464 777 537; x_wconf 70' lang='lat' dir='ltr'><strong>quaerebat,</strong></span> <span class='ocrx_word' id='word_1_10' title='bbox 805 465 1027 536; x_wconf 88' lang='lat' dir='ltr'><strong>reperit,</strong></span> <span class='ocrx_word' id='word_1_11' title='bbox 1050 471 1104 520; x_wconf 91' lang='lat' dir='ltr'><strong>et</strong></span> <span class='ocrx_word' id='word_1_12' title='bbox 1126 471 1399 535; x_wconf 90' lang='lat' dir='ltr'><strong>repertum</strong></span> <span class='ocrx_word' id='word_1_13' title='bbox 1430 462 1669 518; x_wconf 84' lang='lat' dir='ltr'><strong>maximo</strong></span> <span class='ocrx_word' id='word_1_14' title='bbox 1696 464 1743 522; x_wconf 85' lang='lat' dir='ltr'><strong>A</strong></span> <span class='ocrx_word' id='word_1_15' title='bbox 1771 462 1838 516; x_wconf 91' lang='lat' dir='ltr'><strong>ad</strong></span> <span class='ocrx_word' id='word_1_16' title='bbox 1876 463 1992 518; x_wconf 67' lang='lat' dir='ltr'><strong>haec</strong></span> <span class='ocrx_word' id='word_1_17' title='bbox 2024 464 2299 533; x_wconf 91' lang='lat' dir='ltr'><strong>pertinent</strong></span> <span class='ocrx_word' id='word_1_18' title='bbox 2336 464 2527 536; x_wconf 81' lang='lat' dir='ltr'><strong>pedem</strong></span> <span class='ocrx_word' id='word_1_19' title='bbox 2553 468 2859 526; x_wconf 71' lang='lat' dir='ltr'><strong>dilectionis</strong></span> <span class='ocrx_word' id='word_1_20' title='bbox 2886 472 3216 542; x_wconf 87' lang='lat' dir='ltr'><strong>detenderit,</strong></span> <span class='ocrx_word' id='word_1_21' title='bbox 3241 476 3355 531; x_wconf 89' lang='lat' dir='ltr'><strong>for-</strong></span> <span class='ocrx_word' id='word_1_22' title='bbox 3426 488 3439 493; x_wconf 83' lang='lat'><strong>&#39;</strong></span> 
     </span>
    </p>
   </div>
   <div class='ocr_carea' id='block_1_3' title="bbox 32 551 3355 628">
    <p class='ocr_par' dir='ltr' id='par_1_3' title="bbox 32 551 3355 628">
     <span class='ocr_line' id='line_1_3' title="bbox 32 551 3355 628; baseline 0.004 -20"><span class='ocrx_word' id='word_1_23' title='bbox 32 572 195 611; x_wconf 77' lang='lat' dir='ltr'><strong>cum</strong></span> <span class='ocrx_word' id='word_1_24' title='bbox 236 557 477 628; x_wconf 88' lang='lat' dir='ltr'><strong>tripudio</strong></span> <span class='ocrx_word' id='word_1_25' title='bbox 496 558 564 613; x_wconf 86' lang='lat' dir='ltr'><strong>ad</strong></span> <span class='ocrx_word' id='word_1_26' title='bbox 604 557 819 613; x_wconf 87' lang='lat' dir='ltr'><strong>Patrem</strong></span> <span class='ocrx_word' id='word_1_27' title='bbox 859 558 1037 627; x_wconf 89' lang='lat' dir='ltr'><strong>quise</strong></span> <span class='ocrx_word' id='word_1_28' title='bbox 1061 557 1286 612; x_wconf 85' lang='lat' dir='ltr'><strong>miserat</strong></span> <span class='ocrx_word' id='word_1_29' title='bbox 1313 555 1541 611; x_wconf 76' lang='lat' dir='ltr'><strong>revexit.</strong></span> <span class='ocrx_word' id='word_1_30' title='bbox 1572 556 1675 610; x_wconf 78' lang='lat' dir='ltr'><strong>Cu-</strong></span> <span class='ocrx_word' id='word_1_31' title='bbox 1771 551 2060 607; x_wconf 87' lang='lat' dir='ltr'><strong>nieationis</strong></span> <span class='ocrx_word' id='word_1_32' title='bbox 2104 569 2211 609; x_wconf 91' lang='lat' dir='ltr'><strong>non</strong></span> <span class='ocrx_word' id='word_1_33' title='bbox 2251 554 2487 625; x_wconf 75' lang='lat' dir='ltr'><strong>effugere</strong></span> <span class='ocrx_word' id='word_1_34' title='bbox 2524 560 2762 626; x_wconf 87' lang='lat' dir='ltr'><strong>crimen;</strong></span> <span class='ocrx_word' id='word_1_35' title='bbox 2814 570 2868 618; x_wconf 86' lang='lat' dir='ltr'><strong>et</strong></span> <span class='ocrx_word' id='word_1_36' title='bbox 2899 562 3019 619; x_wconf 90' lang='lat' dir='ltr'><strong>ideo</strong></span> <span class='ocrx_word' id='word_1_37' title='bbox 3052 563 3355 623; x_wconf 84' lang='lat' dir='ltr'><strong>feriendum</strong></span> 
     </span>
    </p>
   </div>
   <div class='ocr_carea' id='block_1_4' title="bbox 24 645 3357 731">
    <p class='ocr_par' dir='ltr' id='par_1_4' title="bbox 24 645 3357 731">
     <span class='ocr_line' id='line_1_4' title="bbox 24 645 3357 731; baseline 0.003 -26"><span class='ocrx_word' id='word_1_38' title='bbox 24 648 147 718; x_wconf 84' lang='lat' dir='ltr'><strong>jus</strong></span> <span class='ocrx_word' id='word_1_39' title='bbox 186 651 328 709; x_wconf 79' lang='lat' dir='ltr'><strong>facti</strong></span> <span class='ocrx_word' id='word_1_40' title='bbox 364 654 790 725; x_wconf 85' lang='lat' dir='ltr'><strong>dignoscentiam</strong></span> <span class='ocrx_word' id='word_1_41' title='bbox 842 652 887 707; x_wconf 89' lang='lat' dir='ltr'><strong>si</strong></span> <span class='ocrx_word' id='word_1_42' title='bbox 941 653 1063 723; x_wconf 86' lang='lat' dir='ltr'><strong>quis</strong></span> <span class='ocrx_word' id='word_1_43' title='bbox 1114 651 1482 724; x_wconf 82' lang='lat' dir='ltr'><strong>scrupulosius</strong></span> <span class='ocrx_word' id='word_1_44' title='bbox 1509 665 1672 706; x_wconf 88' lang='lat' dir='ltr'><strong>nosse</strong></span> <span class='ocrx_word' id='word_1_45' title='bbox 1772 646 2042 700; x_wconf 71' lang='lat' dir='ltr'><strong>sententia</strong></span> <span class='ocrx_word' id='word_1_46' title='bbox 2072 645 2241 701; x_wconf 84' lang='lat' dir='ltr'><strong>David</strong></span> <span class='ocrx_word' id='word_1_47' title='bbox 2271 663 2376 718; x_wconf 89' lang='lat' dir='ltr'><strong>qua</strong></span> <span class='ocrx_word' id='word_1_48' title='bbox 2413 651 2580 705; x_wconf 84' lang='lat' dir='ltr'><strong>dicit:</strong></span> <span class='ocrx_word' id='word_1_49' title='bbox 2614 652 2903 709; x_wconf 74' lang='lat' dir='ltr'><strong>Perdidisti</strong></span> <span class='ocrx_word' id='word_1_50' title='bbox 2925 673 3103 713; x_wconf 84' lang='lat' dir='ltr'><strong>omnes</strong></span> <span class='ocrx_word' id='word_1_51' title='bbox 3123 663 3216 726; x_wconf 83' lang='lat' dir='ltr'><strong>qui</strong></span> <span class='ocrx_word' id='word_1_52' title='bbox 3244 662 3357 731; x_wconf 78' lang='lat' dir='ltr'><strong>for-</strong></span> 
     </span>
    </p>
   </div>
   <div class='ocr_carea' id='block_1_5' title="bbox 31 735 3367 816">
    <p class='ocr_par' dir='ltr' id='par_1_5' title="bbox 31 735 3367 816">
     <span class='ocr_line' id='line_1_5' title="bbox 31 735 3367 816; baseline 0.007 -33"><span class='ocrx_word' id='word_1_53' title='bbox 31 746 245 812; x_wconf 54' lang='grc' dir='ltr'>ωριι,</span> <span class='ocrx_word' id='word_1_54' title='bbox 297 745 463 800; x_wconf 66' lang='lat' dir='ltr'><strong>&quot;hem</strong></span> <span class='ocrx_word' id='word_1_55' title='bbox 495 746 564 800; x_wconf 70' lang='lat' dir='ltr'>de</span> <span class='ocrx_word' id='word_1_56' title='bbox 611 746 713 800; x_wconf 64' lang='lat' dir='ltr'><strong>hac</strong></span> <span class='ocrx_word' id='word_1_57' title='bbox 738 761 798 801; x_wconf 66' lang='lat' dir='ltr'><strong>re</strong></span> <span class='ocrx_word' id='word_1_58' title='bbox 822 745 1105 816; x_wconf 55' lang='lat' dir='ltr'><strong>compositi</strong></span> <span class='ocrx_word' id='word_1_59' title='bbox 1137 745 1227 815; x_wconf 69' lang='grc' dir='ltr'><strong>(αα</strong></span> <span class='ocrx_word' id='word_1_60' title='bbox 1278 761 1405 801; x_wconf 63' lang='lat' dir='ltr'><strong>mm,</strong></span> <span class='ocrx_word' id='word_1_61' title='bbox 1442 745 1571 816; x_wconf 74' lang='lat'><strong>655)</strong></span> <span class='ocrx_word' id='word_1_62' title='bbox 1594 744 1672 799; x_wconf 78' lang='lat' dir='ltr'><strong>le-</strong></span> <span class='ocrx_word' id='word_1_63' title='bbox 1773 735 2021 789; x_wconf 75' lang='lat' dir='ltr'><strong>nitantur</strong></span> <span class='ocrx_word' id='word_1_64' title='bbox 2050 738 2143 791; x_wconf 83' lang='lat' dir='ltr'><strong>abs</strong></span> <span class='ocrx_word' id='word_1_65' title='bbox 2174 750 2224 792; x_wconf 84' lang='lat' dir='ltr'><strong>te</strong></span> <span class='ocrx_word' id='word_1_66' title='bbox 2254 740 2272 811; x_wconf 97' lang='lat'><strong>(</strong></span> <span class='ocrx_word' id='word_1_67' title='bbox 2301 740 2444 795; x_wconf 82' lang='lat' dir='ltr'><strong>Psal.</strong></span> <span class='ocrx_word' id='word_1_68' title='bbox 2478 759 2626 798; x_wconf 76' lang='lat' dir='ltr'><strong>Lxxtt</strong></span> <span class='ocrx_word' id='word_1_69' title='bbox 2651 744 2691 814; x_wconf 89' lang='lat'><strong>).</strong></span> <span class='ocrx_word' id='word_1_70' title='bbox 2726 745 2821 800; x_wconf 84' lang='lat' dir='ltr'><strong>His</strong></span> <span class='ocrx_word' id='word_1_71' title='bbox 2850 758 2911 801; x_wconf 88' lang='lat' dir='ltr'><strong>et</strong></span> <span class='ocrx_word' id='word_1_72' title='bbox 2953 748 3147 805; x_wconf 88' lang='lat' dir='ltr'><strong>talibus</strong></span> <span class='ocrx_word' id='word_1_73' title='bbox 3190 753 3367 807; x_wconf 83' lang='lat' dir='ltr'><strong>veluti</strong></span> 
     </span>
    </p>
   </div>
   <div class='ocr_carea' id='block_1_6' title="bbox 36 826 3357 905">
    <p class='ocr_par' dir='ltr' id='par_1_6' title="bbox 36 826 3357 905">
     <span class='ocr_line' id='line_1_6' title="bbox 36 826 3357 905; baseline 0.006 -29"><span class='ocrx_word' id='word_1_74' title='bbox 36 835 261 892; x_wconf 52' lang='lat' dir='ltr'><strong>egone</strong></span> <span class='ocrx_word' id='word_1_75' title='bbox 285 837 572 893; x_wconf 63' lang='lat' dir='ltr'><strong>addiscere</strong></span> <span class='ocrx_word' id='word_1_76' title='bbox 594 837 783 905; x_wconf 61' lang='lat' dir='ltr'><strong>quam,</strong></span> <span class='ocrx_word' id='word_1_77' title='bbox 1772 826 2018 881; x_wconf 89' lang='lat' dir='ltr'><strong>medicus</strong></span> <span class='ocrx_word' id='word_1_78' title='bbox 2070 829 2373 898; x_wconf 87' lang='lat' dir='ltr'><strong>spiritualis</strong></span> <span class='ocrx_word' id='word_1_79' title='bbox 2429 833 2688 889; x_wconf 80' lang='lat' dir='ltr'><strong>antidotis</strong></span> <span class='ocrx_word' id='word_1_80' title='bbox 2744 838 2986 904; x_wconf 84' lang='lat' dir='ltr'><strong>mysticis</strong></span> <span class='ocrx_word' id='word_1_81' title='bbox 3030 856 3138 895; x_wconf 90' lang='lat' dir='ltr'><strong>non</strong></span> <span class='ocrx_word' id='word_1_82' title='bbox 3194 844 3357 897; x_wconf 85' lang='lat' dir='ltr'><strong>modo</strong></span> 
     </span>
    </p>
   </div>
   <div class='ocr_carea' id='block_1_7' title="bbox 361 916 3355 998">
    <p class='ocr_par' dir='ltr' id='par_1_7' title="bbox 361 916 3355 998">
     <span class='ocr_line' id='line_1_7' title="bbox 361 916 3355 998; baseline 0.008 -32"><span class='ocrx_word' id='word_1_83' title='bbox 361 927 532 981; x_wconf 62' lang='lat' dir='ltr'><strong>AM“,</strong></span> <span class='ocrx_word' id='word_1_84' title='bbox 567 926 858 980; x_wconf 66' lang='grc' dir='ltr'><strong>ιενεηεηδίς</strong></span> <span class='ocrx_word' id='word_1_85' title='bbox 879 927 1386 998; x_wconf 57' lang='grc' dir='ltr'><strong>εθῖεειηνΑίθηιίηκ,</strong></span> <span class='ocrx_word' id='word_1_86' title='bbox 1773 916 1979 970; x_wconf 86' lang='lat' dir='ltr'><strong>mederi</strong></span> <span class='ocrx_word' id='word_1_87' title='bbox 2033 918 2381 990; x_wconf 78' lang='lat' dir='ltr'><strong>languoribus</strong></span> <span class='ocrx_word' id='word_1_88' title='bbox 2429 924 2679 979; x_wconf 74' lang='lat' dir='ltr'><strong>studebat</strong></span> <span class='ocrx_word' id='word_1_89' title='bbox 2730 930 3119 997; x_wconf 68' lang='lat' dir='ltr'><strong>pta-sentibus,</strong></span> <span class='ocrx_word' id='word_1_90' title='bbox 3176 933 3268 988; x_wconf 90' lang='lat' dir='ltr'><strong>sed</strong></span> <span class='ocrx_word' id='word_1_91' title='bbox 3299 944 3355 989; x_wconf 90' lang='lat' dir='ltr'><strong>et</strong></span> 
     </span>
    </p>
   </div>
   <div class='ocr_carea' id='block_1_8' title="bbox 126 1003 1668 1077">
    <p class='ocr_par' dir='ltr' id='par_1_8' title="bbox 126 1020 1668 1077">
     <span class='ocr_line' id='line_1_8' title="bbox 126 1020 1668 1077; baseline 0.002 -4"><span class='ocrx_word' id='word_1_92' title='bbox 126 1020 192 1073; x_wconf 83' lang='lat'><strong>7.</strong></span> <span class='ocrx_word' id='word_1_93' title='bbox 233 1020 369 1075; x_wconf 63' lang='grc' dir='ltr'><strong>ηεξ-ε</strong></span> <span class='ocrx_word' id='word_1_94' title='bbox 396 1035 485 1075; x_wconf 86' lang='lat' dir='ltr'><strong>res</strong></span> <span class='ocrx_word' id='word_1_95' title='bbox 517 1021 644 1076; x_wconf 87' lang='lat' dir='ltr'><strong>licet</strong></span> <span class='ocrx_word' id='word_1_96' title='bbox 686 1020 777 1075; x_wconf 91' lang='lat' dir='ltr'><strong>illo</strong></span> <span class='ocrx_word' id='word_1_97' title='bbox 833 1022 905 1073; x_wconf 87' lang='lat' dir='ltr'><strong>nil</strong></span> <span class='ocrx_word' id='word_1_98' title='bbox 937 1020 1060 1074; x_wconf 87' lang='lat' dir='ltr'><strong>talia</strong></span> <span class='ocrx_word' id='word_1_99' title='bbox 1108 1021 1319 1075; x_wconf 77' lang='lat' dir='ltr'><strong>curanti</strong></span> <span class='ocrx_word' id='word_1_100' title='bbox 1349 1021 1668 1077; x_wconf 83' lang='lat' dir='ltr'><strong>immensam</strong></span> 
     </span>
    </p>
   </div>
   <div class='ocr_carea' id='block_1_9' title="bbox 1773 1003 2955 1077">
    <p class='ocr_par' dir='ltr' id='par_1_9' title="bbox 1773 1003 2955 1076">
     <span class='ocr_line' id='line_1_9' title="bbox 1773 1003 2955 1076; baseline 0.011 -16"><span class='ocrx_word' id='word_1_101' title='bbox 1773 1003 1970 1062; x_wconf 89' lang='lat' dir='ltr'><strong>futuris</strong></span> <span class='ocrx_word' id='word_1_102' title='bbox 1999 1009 2223 1066; x_wconf 86' lang='lat' dir='ltr'><strong>obviare</strong></span> <span class='ocrx_word' id='word_1_103' title='bbox 2259 1013 2534 1067; x_wconf 83' lang='lat' dir='ltr'><strong>nitebatur</strong></span> <span class='ocrx_word' id='word_1_104' title='bbox 2579 1016 2955 1076; x_wconf 89' lang='lat' dir='ltr'><strong>incommodis.</strong></span> 
     </span>
    </p>
   </div>
   <div class='ocr_carea' id='block_1_10' title="bbox 34 1098 1668 1187">
    <p class='ocr_par' dir='ltr' id='par_1_10' title="bbox 34 1115 1668 1187">
     <span class='ocr_line' id='line_1_10' title="bbox 34 1115 1668 1187; baseline 0.002 -20"><span class='ocrx_word' id='word_1_105' title='bbox 34 1122 177 1169; x_wconf 78' lang='lat' dir='ltr'><strong>tam</strong></span> <span class='ocrx_word' id='word_1_106' title='bbox 206 1116 360 1185; x_wconf 85' lang='lat' dir='ltr'><strong>apud</strong></span> <span class='ocrx_word' id='word_1_107' title='bbox 389 1131 593 1187; x_wconf 80' lang='lat' dir='ltr'><strong>regem,</strong></span> <span class='ocrx_word' id='word_1_108' title='bbox 632 1131 797 1185; x_wconf 84' lang='lat' dir='ltr'><strong>quam</strong></span> <span class='ocrx_word' id='word_1_109' title='bbox 826 1116 1031 1169; x_wconf 85' lang='lat' dir='ltr'><strong>aulicos</strong></span> <span class='ocrx_word' id='word_1_110' title='bbox 1073 1115 1221 1169; x_wconf 93' lang='lat' dir='ltr'><strong>viros</strong></span> <span class='ocrx_word' id='word_1_111' title='bbox 1246 1118 1456 1187; x_wconf 86' lang='lat' dir='ltr'><strong>peperit</strong></span> <span class='ocrx_word' id='word_1_112' title='bbox 1484 1124 1668 1172; x_wconf 87' lang='lat' dir='ltr'><strong>saneto</strong></span> 
     </span>
    </p>
   </div>
   <div class='ocr_carea' id='block_1_11' title="bbox 1773 1098 3226 1187">
    <p class='ocr_par' dir='ltr' id='par_1_11' title="bbox 1904 1098 3226 1180">
     <span class='ocr_line' id='line_1_11' title="bbox 1904 1098 3226 1180; baseline 0.011 -28"><span class='ocrx_word' id='word_1_113' title='bbox 1904 1098 2173 1155; x_wconf 81' lang='lat' dir='ltr'><strong>Lirinense</strong></span> <span class='ocrx_word' id='word_1_114' title='bbox 2209 1105 2584 1158; x_wconf 79' lang='lat' dir='ltr'><strong>monasterium</strong></span> <span class='ocrx_word' id='word_1_115' title='bbox 2615 1106 2730 1175; x_wconf 84' lang='lat' dir='ltr'><strong>ejus</strong></span> <span class='ocrx_word' id='word_1_116' title='bbox 2761 1124 2889 1162; x_wconf 85' lang='lat' dir='ltr'><strong>cura</strong></span> <span class='ocrx_word' id='word_1_117' title='bbox 2922 1110 3226 1180; x_wconf 82' lang='lat' dir='ltr'><strong>reﬂorescit.</strong></span> 
     </span>
    </p>
   </div>
   <div class='ocr_carea' id='block_1_12' title="bbox 32 1190 1668 1278">
    <p class='ocr_par' dir='ltr' id='par_1_12' title="bbox 32 1206 1668 1278">
     <span class='ocr_line' id='line_1_12' title="bbox 32 1206 1668 1278; baseline 0.004 -22"><span class='ocrx_word' id='word_1_118' title='bbox 32 1206 187 1261; x_wconf 68' lang='lat' dir='ltr'><strong>viro</strong></span> <span class='ocrx_word' id='word_1_119' title='bbox 221 1206 542 1262; x_wconf 79' lang='lat' dir='ltr'><strong>sanctitatis</strong></span> <span class='ocrx_word' id='word_1_120' title='bbox 571 1207 903 1276; x_wconf 90' lang='lat' dir='ltr'><strong>opinionem.</strong></span> <span class='ocrx_word' id='word_1_121' title='bbox 938 1206 1105 1278; x_wconf 90' lang='lat' dir='ltr'><strong>Igitur</strong></span> <span class='ocrx_word' id='word_1_122' title='bbox 1130 1223 1253 1261; x_wconf 89' lang='lat' dir='ltr'><strong>cum</strong></span> <span class='ocrx_word' id='word_1_123' title='bbox 1287 1207 1425 1262; x_wconf 88' lang='lat' dir='ltr'><strong>fama</strong></span> <span class='ocrx_word' id='word_1_124' title='bbox 1456 1208 1668 1262; x_wconf 87' lang='lat' dir='ltr'><strong>virtutis</strong></span> 
     </span>
    </p>
   </div>
   <div class='ocr_carea' id='block_1_13' title="bbox 1773 1190 3358 1278">
    <p class='ocr_par' dir='ltr' id='par_1_13' title="bbox 1843 1190 3358 1270">
     <span class='ocr_line' id='line_1_13' title="bbox 1843 1190 3358 1270; baseline 0.009 -24"><span class='ocrx_word' id='word_1_125' title='bbox 1843 1190 1897 1246; x_wconf 69' lang='lat'><strong>9&#39;.</strong></span> <span class='ocrx_word' id='word_1_126' title='bbox 1946 1192 2150 1247; x_wconf 79' lang='lat' dir='ltr'><strong>Aderat.</strong></span> <span class='ocrx_word' id='word_1_127' title='bbox 2194 1203 2375 1250; x_wconf 88' lang='lat' dir='ltr'><strong>autem</strong></span> <span class='ocrx_word' id='word_1_128' title='bbox 2418 1197 2680 1254; x_wconf 87' lang='lat' dir='ltr'><strong>Dominus</strong></span> <span class='ocrx_word' id='word_1_129' title='bbox 2719 1200 2838 1269; x_wconf 88' lang='lat' dir='ltr'><strong>ejus</strong></span> <span class='ocrx_word' id='word_1_130' title='bbox 2876 1204 3197 1270; x_wconf 81' lang='lat' dir='ltr'><strong>conatibus,</strong></span> <span class='ocrx_word' id='word_1_131' title='bbox 3239 1205 3358 1260; x_wconf 87' lang='lat' dir='ltr'><strong>sine</strong></span> 
     </span>
    </p>
   </div>
   <div class='ocr_carea' id='block_1_14' title="bbox 33 1285 1668 1381">
    <p class='ocr_par' dir='ltr' id='par_1_14' title="bbox 33 1297 1667 1381">
     <span class='ocr_line' id='line_1_14' title="bbox 33 1297 1667 1381; baseline 0.003 -33"><span class='ocrx_word' id='word_1_132' title='bbox 33 1297 185 1366; x_wconf 75' lang='lat' dir='ltr'><strong>ejus</strong></span> <span class='ocrx_word' id='word_1_133' title='bbox 217 1307 282 1353; x_wconf 86' lang='lat' dir='ltr'><strong>et</strong></span> <span class='ocrx_word' id='word_1_134' title='bbox 330 1297 626 1367; x_wconf 77' lang='lat' dir='ltr'><strong>fragrantia</strong></span> <span class='ocrx_word' id='word_1_135' title='bbox 659 1298 967 1352; x_wconf 85' lang='lat' dir='ltr'><strong>sanctitatis</strong></span> <span class='ocrx_word' id='word_1_136' title='bbox 1013 1298 1210 1381; x_wconf 83' lang='lat' dir='ltr'><strong>ubique</strong></span> <span class='ocrx_word' id='word_1_137' title='bbox 1239 1308 1667 1375; x_wconf 78' lang='lat' dir='ltr'><strong>respergeretur,</strong></span> 
     </span>
    </p>
   </div>
   <div class='ocr_carea' id='block_1_15' title="bbox 1773 1285 3355 1381">
    <p class='ocr_par' dir='ltr' id='par_1_15' title="bbox 1773 1285 3355 1363">
     <span class='ocr_line' id='line_1_15' title="bbox 1773 1285 3355 1363; baseline 0.008 -24"><span class='ocrx_word' id='word_1_138' title='bbox 1773 1286 1927 1355; x_wconf 90' lang='lat' dir='ltr'><strong>cujus</strong></span> <span class='ocrx_word' id='word_1_139' title='bbox 1962 1285 2242 1356; x_wconf 88' lang='lat' dir='ltr'><strong>juvaminc</strong></span> <span class='ocrx_word' id='word_1_140' title='bbox 2286 1288 2488 1343; x_wconf 81' lang='lat' dir='ltr'><strong>frustra</strong></span> <span class='ocrx_word' id='word_1_141' title='bbox 2532 1290 2782 1347; x_wconf 88' lang='lat' dir='ltr'><strong>laborant</strong></span> <span class='ocrx_word' id='word_1_142' title='bbox 2822 1294 2914 1363; x_wconf 92' lang='lat' dir='ltr'><strong>qui</strong></span> <span class='ocrx_word' id='word_1_143' title='bbox 2954 1294 3224 1351; x_wconf 68' lang='lat' dir='ltr'><strong>aediﬁcant</strong></span> <span class='ocrx_word' id='word_1_144' title='bbox 3256 1299 3355 1359; x_wconf 87' lang='lat' dir='ltr'><strong>do-</strong></span> 
     </span>
    </p>
   </div>
   <div class='ocr_carea' id='block_1_16' title="bbox 35 1375 3356 1459">
    <p class='ocr_par' dir='ltr' id='par_1_16' title="bbox 35 1375 3356 1459">
     <span class='ocr_line' id='line_1_16' title="bbox 35 1375 3356 1459; baseline 0.005 -32"><span class='ocrx_word' id='word_1_145' title='bbox 35 1396 103 1441; x_wconf 65' lang='grc' dir='ltr'><strong>ει,</strong></span> <span class='ocrx_word' id='word_1_146' title='bbox 132 1388 390 1459; x_wconf 64' lang='lat' dir='ltr'><strong>lychnus</strong></span> <span class='ocrx_word' id='word_1_147' title='bbox 419 1389 543 1458; x_wconf 69' lang='lat' dir='ltr'><strong>igne</strong></span> <span class='ocrx_word' id='word_1_148' title='bbox 573 1387 873 1442; x_wconf 52' lang='lat' dir='ltr'><strong>divinitatis</strong></span> <span class='ocrx_word' id='word_1_149' title='bbox 917 1375 1307 1459; x_wconf 55' lang='lat' dir='ltr'><strong>accensquam</strong></span> <span class='ocrx_word' id='word_1_150' title='bbox 1350 1404 1513 1457; x_wconf 58' lang='lat' dir='ltr'><strong>super</strong></span> <span class='ocrx_word' id='word_1_151' title='bbox 1539 1403 1671 1443; x_wconf 67' lang='grc' dir='ltr'><strong>ρηη-</strong></span> <span class='ocrx_word' id='word_1_152' title='bbox 1772 1391 1941 1429; x_wconf 91' lang='lat' dir='ltr'><strong>mum.</strong></span> <span class='ocrx_word' id='word_1_153' title='bbox 1994 1375 2223 1432; x_wconf 87' lang='lat' dir='ltr'><strong>Tantam</strong></span> <span class='ocrx_word' id='word_1_154' title='bbox 2266 1378 2499 1450; x_wconf 88' lang='lat' dir='ltr'><strong>denique</strong></span> <span class='ocrx_word' id='word_1_155' title='bbox 2539 1383 2770 1452; x_wconf 79' lang='lat' dir='ltr'><strong>gratiam</strong></span> <span class='ocrx_word' id='word_1_156' title='bbox 2818 1384 3077 1441; x_wconf 83' lang='lat' dir='ltr'><strong>Dominus</strong></span> <span class='ocrx_word' id='word_1_157' title='bbox 3106 1386 3223 1457; x_wconf 85' lang='lat' dir='ltr'><strong>ejus</strong></span> <span class='ocrx_word' id='word_1_158' title='bbox 3254 1389 3356 1445; x_wconf 64' lang='lat' dir='ltr'><strong>iﬂl‘.</strong></span> 
     </span>
    </p>
   </div>
   <div class='ocr_carea' id='block_1_17' title="bbox 35 1466 1668 1549">
    <p class='ocr_par' dir='ltr' id='par_1_17' title="bbox 35 1476 1668 1549">
     <span class='ocr_line' id='line_1_17' title="bbox 35 1476 1668 1549; baseline 0.002 -19"><span class='ocrx_word' id='word_1_159' title='bbox 35 1477 369 1532; x_wconf 82' lang='lat' dir='ltr'><strong>delabrum</strong></span> <span class='ocrx_word' id='word_1_160' title='bbox 394 1478 579 1533; x_wconf 83' lang='lat' dir='ltr'><strong>divino</strong></span> <span class='ocrx_word' id='word_1_161' title='bbox 597 1476 803 1547; x_wconf 87' lang='lat' dir='ltr'><strong>judicio</strong></span> <span class='ocrx_word' id='word_1_162' title='bbox 825 1479 948 1549; x_wconf 85' lang='lat' dir='ltr'><strong>poni</strong></span> <span class='ocrx_word' id='word_1_163' title='bbox 978 1479 1229 1544; x_wconf 80' lang='lat' dir='ltr'><strong>deberet;</strong></span> <span class='ocrx_word' id='word_1_164' title='bbox 1258 1494 1386 1535; x_wconf 88' lang='lat' dir='ltr'><strong>ecce</strong></span> <span class='ocrx_word' id='word_1_165' title='bbox 1418 1479 1668 1534; x_wconf 87' lang='lat' dir='ltr'><strong>monachi</strong></span> 
     </span>
    </p>
   </div>
   <div class='ocr_carea' id='block_1_18' title="bbox 1773 1466 3357 1549">
    <p class='ocr_par' dir='ltr' id='par_1_18' title="bbox 1773 1466 3357 1546">
     <span class='ocr_line' id='line_1_18' title="bbox 1773 1466 3357 1546; baseline 0.009 -28"><span class='ocrx_word' id='word_1_166' title='bbox 1773 1466 1961 1535; x_wconf 60' lang='lat' dir='ltr'><strong>pet-tiri</strong></span> <span class='ocrx_word' id='word_1_167' title='bbox 1994 1466 2247 1537; x_wconf 78' lang='lat' dir='ltr'><strong>dignatus</strong></span> <span class='ocrx_word' id='word_1_168' title='bbox 2284 1478 2366 1523; x_wconf 90' lang='lat' dir='ltr'><strong>est</strong></span> <span class='ocrx_word' id='word_1_169' title='bbox 2408 1471 2706 1538; x_wconf 68' lang='lat' dir='ltr'><strong>doctrinm,</strong></span> <span class='ocrx_word' id='word_1_170' title='bbox 2731 1482 2789 1528; x_wconf 85' lang='lat' dir='ltr'><strong>ut</strong></span> <span class='ocrx_word' id='word_1_171' title='bbox 2832 1490 2938 1529; x_wconf 90' lang='lat' dir='ltr'><strong>non</strong></span> <span class='ocrx_word' id='word_1_172' title='bbox 2984 1484 3189 1531; x_wconf 87' lang='lat' dir='ltr'><strong>tantum</strong></span> <span class='ocrx_word' id='word_1_173' title='bbox 3220 1493 3357 1546; x_wconf 74' lang='lat' dir='ltr'><strong>pra:-</strong></span> 
     </span>
    </p>
   </div>
   <div class='ocr_carea' id='block_1_19' title="bbox 35 1564 3358 1641">
    <p class='ocr_par' dir='ltr' id='par_1_19' title="bbox 35 1564 3358 1641">
     <span class='ocr_line' id='line_1_19' title="bbox 35 1564 3358 1641; baseline 0.005 -32"><span class='ocrx_word' id='word_1_174' title='bbox 35 1569 402 1623; x_wconf 63' lang='grc' dir='ltr'>ηιοηειειειιιι</span> <span class='ocrx_word' id='word_1_175' title='bbox 437 1567 737 1624; x_wconf 63' lang='lat' dir='ltr'><strong>Lirinensis</strong></span> <span class='ocrx_word' id='word_1_176' title='bbox 766 1582 791 1609; x_wconf 77' lang='grc' dir='ltr'><strong>ιι</strong></span> <span class='ocrx_word' id='word_1_177' title='bbox 817 1578 1014 1638; x_wconf 58' lang='grc' dir='ltr'><strong>μηθειο</strong></span> <span class='ocrx_word' id='word_1_178' title='bbox 1035 1570 1249 1634; x_wconf 58' lang='lat' dir='ltr'><strong>adsum,</strong></span> <span class='ocrx_word' id='word_1_179' title='bbox 1277 1579 1527 1641; x_wconf 61' lang='grc' dir='ltr'><strong>ρειεηιες</strong></span> <span class='ocrx_word' id='word_1_180' title='bbox 1551 1570 1665 1640; x_wconf 68' lang='grc' dir='ltr'><strong>ερῑ..</strong></span> <span class='ocrx_word' id='word_1_181' title='bbox 1772 1567 1955 1614; x_wconf 87' lang='lat' dir='ltr'><strong>sentes</strong></span> <span class='ocrx_word' id='word_1_182' title='bbox 1988 1573 2113 1614; x_wconf 89' lang='lat' dir='ltr'><strong>emn</strong></span> <span class='ocrx_word' id='word_1_183' title='bbox 2146 1575 2268 1615; x_wconf 91' lang='lat' dir='ltr'><strong>eum</strong></span> <span class='ocrx_word' id='word_1_184' title='bbox 2298 1564 2538 1619; x_wconf 82' lang='lat' dir='ltr'><strong>maxima</strong></span> <span class='ocrx_word' id='word_1_185' title='bbox 2571 1567 2821 1622; x_wconf 83' lang='lat' dir='ltr'><strong>audirent</strong></span> <span class='ocrx_word' id='word_1_186' title='bbox 2852 1569 3126 1634; x_wconf 84' lang='lat' dir='ltr'><strong>aviditate,</strong></span> <span class='ocrx_word' id='word_1_187' title='bbox 3181 1571 3274 1625; x_wconf 88' lang='lat' dir='ltr'><strong>sed</strong></span> <span class='ocrx_word' id='word_1_188' title='bbox 3301 1581 3358 1625; x_wconf 92' lang='lat' dir='ltr'><strong>et</strong></span> 
     </span>
    </p>
   </div>
   <div class='ocr_carea' id='block_1_20' title="bbox 35 1648 3365 1731">
    <p class='ocr_par' dir='ltr' id='par_1_20' title="bbox 35 1648 3365 1731">
     <span class='ocr_line' id='line_1_20' title="bbox 35 1648 3365 1731; baseline 0.004 -28"><span class='ocrx_word' id='word_1_189' title='bbox 35 1657 336 1713; x_wconf 71' lang='lat' dir='ltr'><strong>riluaiem</strong></span> <span class='ocrx_word' id='word_1_190' title='bbox 367 1659 472 1713; x_wconf 77' lang='lat' dir='ltr'><strong>sibi</strong></span> <span class='ocrx_word' id='word_1_191' title='bbox 512 1659 733 1713; x_wconf 69' lang='lat' dir='ltr'><strong>attribui</strong></span> <span class='ocrx_word' id='word_1_192' title='bbox 770 1658 1007 1712; x_wconf 64' lang='lat' dir='ltr'><strong>Patrem,</strong></span> <span class='ocrx_word' id='word_1_193' title='bbox 1038 1660 1181 1715; x_wconf 79' lang='lat' dir='ltr'><strong>Idem</strong></span> <span class='ocrx_word' id='word_1_194' title='bbox 1213 1676 1450 1731; x_wconf 74' lang='lat' dir='ltr'><strong>namque</strong></span> <span class='ocrx_word' id='word_1_195' title='bbox 1490 1675 1671 1715; x_wconf 77' lang='lat' dir='ltr'><strong>mona-</strong></span> <span class='ocrx_word' id='word_1_196' title='bbox 1772 1648 1946 1718; x_wconf 71' lang='grc'><strong>11111111</strong></span> <span class='ocrx_word' id='word_1_197' title='bbox 1978 1650 2107 1705; x_wconf 91' lang='lat' dir='ltr'><strong>olim</strong></span> <span class='ocrx_word' id='word_1_198' title='bbox 2148 1656 2550 1710; x_wconf 85' lang='lat' dir='ltr'><strong>a-monastcrio</strong></span> <span class='ocrx_word' id='word_1_199' title='bbox 2596 1656 2938 1725; x_wconf 85' lang='lat' dir='ltr'><strong>defecerant,</strong></span> <span class='ocrx_word' id='word_1_200' title='bbox 2983 1674 3197 1714; x_wconf 81' lang='lat' dir='ltr'><strong>summo</strong></span> <span class='ocrx_word' id='word_1_201' title='bbox 3234 1670 3365 1715; x_wconf 87' lang='lat' dir='ltr'><strong>cum</strong></span> 
     </span>
    </p>
   </div>
   <div class='ocr_carea' id='block_1_21' title="bbox 37 1743 3363 1823">
    <p class='ocr_par' dir='ltr' id='par_1_21' title="bbox 37 1743 3363 1823">
     <span class='ocr_line' id='line_1_21' title="bbox 37 1743 3363 1823; baseline 0.005 -31"><span class='ocrx_word' id='word_1_202' title='bbox 37 1750 314 1805; x_wconf 62' lang='lat' dir='ltr'><strong>steriun]</strong></span> <span class='ocrx_word' id='word_1_203' title='bbox 357 1766 482 1806; x_wconf 78' lang='lat' dir='ltr'><strong>cum</strong></span> <span class='ocrx_word' id='word_1_204' title='bbox 522 1751 743 1820; x_wconf 60' lang='lat' dir='ltr'><strong>antiqua</strong></span> <span class='ocrx_word' id='word_1_205' title='bbox 782 1749 1030 1805; x_wconf 56' lang='lat' dir='ltr'><strong>ﬂoruerit</strong></span> <span class='ocrx_word' id='word_1_206' title='bbox 1063 1752 1442 1823; x_wconf 60' lang='grc' dir='ltr'><strong>ρι-αῃισεειιίνίι,</strong></span> <span class='ocrx_word' id='word_1_207' title='bbox 1492 1752 1562 1805; x_wconf 72' lang='lat' dir='ltr'><strong>ila</strong></span> <span class='ocrx_word' id='word_1_208' title='bbox 1612 1758 1671 1804; x_wconf 78' lang='grc' dir='ltr'><strong>ιιι</strong></span> <span class='ocrx_word' id='word_1_209' title='bbox 1773 1743 1968 1797; x_wconf 88' lang='lat' dir='ltr'><strong>ardore</strong></span> <span class='ocrx_word' id='word_1_210' title='bbox 2015 1747 2377 1816; x_wconf 87' lang='lat' dir='ltr'><strong>repedarent,</strong></span> <span class='ocrx_word' id='word_1_211' title='bbox 2431 1756 2487 1803; x_wconf 90' lang='lat' dir='ltr'><strong>et</strong></span> <span class='ocrx_word' id='word_1_212' title='bbox 2537 1753 2942 1822; x_wconf 74' lang='lat' dir='ltr'><strong>certgregationi</strong></span> <span class='ocrx_word' id='word_1_213' title='bbox 2996 1764 3171 1809; x_wconf 88' lang='lat' dir='ltr'><strong>semet</strong></span> <span class='ocrx_word' id='word_1_214' title='bbox 3215 1755 3363 1809; x_wconf 77' lang='lat' dir='ltr'><strong>Ultil‘i</strong></span> 
     </span>
    </p>
   </div>
   <div class='ocr_carea' id='block_1_22' title="bbox 38 1823 3361 1913">
    <p class='ocr_par' dir='ltr' id='par_1_22' title="bbox 38 1823 3361 1913">
     <span class='ocr_line' id='line_1_22' title="bbox 38 1823 3361 1913; baseline 0.002 -18"><span class='ocrx_word' id='word_1_215' title='bbox 38 1839 186 1908; x_wconf 87' lang='lat' dir='ltr'><strong>ejus</strong></span> <span class='ocrx_word' id='word_1_216' title='bbox 220 1842 544 1913; x_wconf 79' lang='lat' dir='ltr'><strong>magisterio</strong></span> <span class='ocrx_word' id='word_1_217' title='bbox 571 1842 727 1911; x_wconf 79' lang='lat' dir='ltr'><strong>longe</strong></span> <span class='ocrx_word' id='word_1_218' title='bbox 760 1842 970 1912; x_wconf 87' lang='lat' dir='ltr'><strong>lateque</strong></span> <span class='ocrx_word' id='word_1_219' title='bbox 989 1843 1139 1913; x_wconf 89' lang='lat' dir='ltr'><strong>plura</strong></span> <span class='ocrx_word' id='word_1_220' title='bbox 1168 1842 1390 1897; x_wconf 88' lang='lat' dir='ltr'><strong>fundata</strong></span> <span class='ocrx_word' id='word_1_221' title='bbox 1414 1845 1522 1898; x_wconf 91' lang='lat' dir='ltr'><strong>sint</strong></span> <span class='ocrx_word' id='word_1_222' title='bbox 1550 1842 1666 1897; x_wconf 88' lang='lat' dir='ltr'><strong>loca</strong></span> <span class='ocrx_word' id='word_1_223' title='bbox 1702 1823 1742 1882; x_wconf 81' lang='grc' dir='ltr'>Β</span> <span class='ocrx_word' id='word_1_224' title='bbox 1772 1840 2087 1905; x_wconf 74' lang='lat' dir='ltr'><strong>gauderent.</strong></span> <span class='ocrx_word' id='word_1_225' title='bbox 2116 1837 2353 1895; x_wconf 87' lang='lat' dir='ltr'><strong>Cernere</strong></span> <span class='ocrx_word' id='word_1_226' title='bbox 2384 1849 2505 1895; x_wconf 88' lang='lat' dir='ltr'><strong>erat</strong></span> <span class='ocrx_word' id='word_1_227' title='bbox 2547 1846 2935 1899; x_wconf 87' lang='lat' dir='ltr'><strong>monasterium</strong></span> <span class='ocrx_word' id='word_1_228' title='bbox 2975 1846 3139 1901; x_wconf 90' lang='lat' dir='ltr'><strong>veluti</strong></span> <span class='ocrx_word' id='word_1_229' title='bbox 3176 1847 3361 1902; x_wconf 87' lang='lat' dir='ltr'><strong>alvea-</strong></span> 
     </span>
    </p>
   </div>
   <div class='ocr_carea' id='block_1_23' title="bbox 40 1926 1668 2007">
    <p class='ocr_par' dir='ltr' id='par_1_23' title="bbox 40 1933 1668 2006">
     <span class='ocr_line' id='line_1_23' title="bbox 40 1933 1668 2006; baseline 0.001 -18"><span class='ocrx_word' id='word_1_230' title='bbox 40 1933 311 1988; x_wconf 74' lang='lat' dir='ltr'><strong>servitio</strong></span> <span class='ocrx_word' id='word_1_231' title='bbox 355 1943 480 2004; x_wconf 84' lang='lat' dir='ltr'><strong>apta</strong></span> <span class='ocrx_word' id='word_1_232' title='bbox 542 1933 755 1999; x_wconf 83' lang='lat' dir='ltr'><strong>divino;</strong></span> <span class='ocrx_word' id='word_1_233' title='bbox 804 1950 869 1989; x_wconf 91' lang='lat' dir='ltr'><strong>eo</strong></span> <span class='ocrx_word' id='word_1_234' title='bbox 909 1943 1087 1989; x_wconf 85' lang='lat' dir='ltr'><strong>tamen</strong></span> <span class='ocrx_word' id='word_1_235' title='bbox 1129 1945 1401 2006; x_wconf 89' lang='lat' dir='ltr'><strong>tempore,</strong></span> <span class='ocrx_word' id='word_1_236' title='bbox 1447 1944 1668 1991; x_wconf 87' lang='lat' dir='ltr'><strong>auctore</strong></span> 
     </span>
    </p>
   </div>
   <div class='ocr_carea' id='block_1_24' title="bbox 1773 1926 3371 2007">
    <p class='ocr_par' dir='ltr' id='par_1_24' title="bbox 1774 1926 3371 2007">
     <span class='ocr_line' id='line_1_24' title="bbox 1774 1926 3371 2007; baseline 0.008 -28"><span class='ocrx_word' id='word_1_237' title='bbox 1774 1926 1914 1979; x_wconf 87' lang='lat' dir='ltr'><strong>rium</strong></span> <span class='ocrx_word' id='word_1_238' title='bbox 1946 1928 2217 1997; x_wconf 89' lang='lat' dir='ltr'><strong>quoddam</strong></span> <span class='ocrx_word' id='word_1_239' title='bbox 2245 1945 2435 1991; x_wconf 85' lang='lat' dir='ltr'><strong>omnes</strong></span> <span class='ocrx_word' id='word_1_240' title='bbox 2464 1933 2709 2004; x_wconf 89' lang='lat' dir='ltr'><strong>recipere</strong></span> <span class='ocrx_word' id='word_1_241' title='bbox 2740 1936 3123 2002; x_wconf 85' lang='lat' dir='ltr'><strong>advenientes,</strong></span> <span class='ocrx_word' id='word_1_242' title='bbox 3164 1938 3257 2007; x_wconf 85' lang='lat' dir='ltr'><strong>qui</strong></span> <span class='ocrx_word' id='word_1_243' title='bbox 3302 1950 3371 1992; x_wconf 80' lang='lat' dir='ltr'><strong>se‘</strong></span> 
     </span>
    </p>
   </div>
   <div class='ocr_carea' id='block_1_25' title="bbox 40 2020 3355 2097">
    <p class='ocr_par' dir='ltr' id='par_1_25' title="bbox 40 2020 3355 2097">
     <span class='ocr_line' id='line_1_25' title="bbox 40 2020 3355 2097; baseline 0.001 -18"><span class='ocrx_word' id='word_1_244' title='bbox 40 2026 333 2090; x_wconf 78' lang='lat' dir='ltr'><strong>diabolo,</strong></span> <span class='ocrx_word' id='word_1_245' title='bbox 364 2034 675 2096; x_wconf 78' lang='lat' dir='ltr'><strong>emergente</strong></span> <span class='ocrx_word' id='word_1_246' title='bbox 726 2026 1206 2093; x_wconf 81' lang='lat' dir='ltr'><strong>discordia,.secus</strong></span> <span class='ocrx_word' id='word_1_247' title='bbox 1235 2043 1395 2097; x_wconf 75' lang='lat' dir='ltr'><strong>quam</strong></span> <span class='ocrx_word' id='word_1_248' title='bbox 1443 2026 1667 2081; x_wconf 74' lang='lat' dir='ltr'><strong>decebat</strong></span> <span class='ocrx_word' id='word_1_249' title='bbox 1772 2033 1900 2087; x_wconf 85' lang='lat' dir='ltr'><strong>apes</strong></span> <span class='ocrx_word' id='word_1_250' title='bbox 1940 2020 2251 2077; x_wconf 88' lang='lat' dir='ltr'><strong>Dominicas</strong></span> <span class='ocrx_word' id='word_1_251' title='bbox 2290 2031 2380 2077; x_wconf 91' lang='lat' dir='ltr'><strong>aut</strong></span> <span class='ocrx_word' id='word_1_252' title='bbox 2422 2039 2544 2079; x_wconf 90' lang='lat' dir='ltr'><strong>esse</strong></span> <span class='ocrx_word' id='word_1_253' title='bbox 2580 2034 2676 2080; x_wconf 90' lang='lat' dir='ltr'><strong>aut</strong></span> <span class='ocrx_word' id='word_1_254' title='bbox 2730 2026 2865 2081; x_wconf 89' lang='lat' dir='ltr'><strong>velle</strong></span> <span class='ocrx_word' id='word_1_255' title='bbox 2905 2025 3023 2082; x_wconf 88' lang='lat' dir='ltr'><strong>fore</strong></span> <span class='ocrx_word' id='word_1_256' title='bbox 3070 2028 3355 2083; x_wconf 81' lang='lat' dir='ltr'><strong>ferebant:</strong></span> 
     </span>
    </p>
   </div>
   <div class='ocr_carea' id='block_1_26' title="bbox 42 2115 3358 2192">
    <p class='ocr_par' dir='ltr' id='par_1_26' title="bbox 42 2115 3358 2192">
     <span class='ocr_line' id='line_1_26' title="bbox 42 2115 3358 2192; baseline 0.002 -22"><span class='ocrx_word' id='word_1_257' title='bbox 42 2132 153 2171; x_wconf 81' lang='lat' dir='ltr'><strong>res</strong></span> <span class='ocrx_word' id='word_1_258' title='bbox 219 2116 572 2171; x_wconf 81' lang='lat' dir='ltr'><strong>vaeillabant.</strong></span> <span class='ocrx_word' id='word_1_259' title='bbox 608 2115 743 2172; x_wconf 88' lang='lat' dir='ltr'><strong>Cum</strong></span> <span class='ocrx_word' id='word_1_260' title='bbox 776 2130 911 2188; x_wconf 73' lang='lat' dir='ltr'><strong>crgo</strong></span> <span class='ocrx_word' id='word_1_261' title='bbox 959 2119 1027 2173; x_wconf 91' lang='lat' dir='ltr'><strong>ad</strong></span> <span class='ocrx_word' id='word_1_262' title='bbox 1077 2135 1257 2191; x_wconf 85' lang='lat' dir='ltr'><strong>regem</strong></span> <span class='ocrx_word' id='word_1_263' title='bbox 1304 2134 1667 2189; x_wconf 82' lang='lat' dir='ltr'><strong>proceresque</strong></span> <span class='ocrx_word' id='word_1_264' title='bbox 1771 2128 1979 2168; x_wconf 80' lang='lat' dir='ltr'><strong>necnon</strong></span> <span class='ocrx_word' id='word_1_265' title='bbox 2009 2115 2351 2171; x_wconf 71' lang='lat' dir='ltr'><strong>szeeularium</strong></span> <span class='ocrx_word' id='word_1_266' title='bbox 2397 2118 2596 2174; x_wconf 91' lang='lat' dir='ltr'><strong>multos</strong></span> <span class='ocrx_word' id='word_1_267' title='bbox 2644 2135 2740 2174; x_wconf 88' lang='lat' dir='ltr'><strong>sua</strong></span> <span class='ocrx_word' id='word_1_268' title='bbox 2782 2121 3058 2191; x_wconf 80' lang='lat' dir='ltr'><strong>conferre,</strong></span> <span class='ocrx_word' id='word_1_269' title='bbox 3099 2130 3154 2176; x_wconf 89' lang='lat' dir='ltr'><strong>et</strong></span> <span class='ocrx_word' id='word_1_270' title='bbox 3194 2123 3358 2192; x_wconf 72' lang='lat' dir='ltr'><strong>Spiri-</strong></span> 
     </span>
    </p>
   </div>
   <div class='ocr_carea' id='block_1_27' title="bbox 40 2204 3357 2280">
    <p class='ocr_par' dir='ltr' id='par_1_27' title="bbox 40 2204 3357 2280">
     <span class='ocr_line' id='line_1_27' title="bbox 40 2204 3357 2280; baseline 0.004 -20"><span class='ocrx_word' id='word_1_271' title='bbox 40 2206 187 2275; x_wconf 84' lang='lat' dir='ltr'><strong>cjus</strong></span> <span class='ocrx_word' id='word_1_272' title='bbox 230 2207 412 2261; x_wconf 86' lang='lat' dir='ltr'><strong>delata</strong></span> <span class='ocrx_word' id='word_1_273' title='bbox 437 2216 587 2261; x_wconf 87' lang='lat' dir='ltr'><strong>esset</strong></span> <span class='ocrx_word' id='word_1_274' title='bbox 628 2208 1007 2277; x_wconf 58' lang='lat' dir='ltr'><strong>prtedictorum</strong></span> <span class='ocrx_word' id='word_1_275' title='bbox 1053 2208 1343 2279; x_wconf 89' lang='lat' dir='ltr'><strong>postulatio</strong></span> <span class='ocrx_word' id='word_1_276' title='bbox 1372 2211 1666 2264; x_wconf 66' lang='lat' dir='ltr'><strong>monaclio«</strong></span> <span class='ocrx_word' id='word_1_277' title='bbox 1771 2204 1935 2257; x_wconf 65' lang='lat' dir='ltr'><strong>utalia</strong></span> <span class='ocrx_word' id='word_1_278' title='bbox 1969 2221 1998 2257; x_wconf 70' lang='grc' dir='ltr'><strong>ιι</strong></span> <span class='ocrx_word' id='word_1_279' title='bbox 2033 2213 2222 2260; x_wconf 70' lang='lat' dir='ltr'><strong>sancto</strong></span> <span class='ocrx_word' id='word_1_280' title='bbox 2248 2206 2367 2260; x_wconf 76' lang='lat' dir='ltr'><strong>Vim</strong></span> <span class='ocrx_word' id='word_1_281' title='bbox 2411 2207 2651 2273; x_wconf 63' lang='lat' dir='ltr'><strong>referre,</strong></span> <span class='ocrx_word' id='word_1_282' title='bbox 2682 2209 2774 2279; x_wconf 86' lang='lat' dir='ltr'><strong>qui</strong></span> <span class='ocrx_word' id='word_1_283' title='bbox 2807 2211 3099 2264; x_wconf 73' lang='lat' dir='ltr'><strong>secundum</strong></span> <span class='ocrx_word' id='word_1_284' title='bbox 3130 2214 3357 2280; x_wconf 72' lang='grc' dir='ltr'><strong>Αρυδιυ-</strong></span> 
     </span>
    </p>
   </div>
   <div class='ocr_carea' id='block_1_28' title="bbox 44 2294 3357 2373">
    <p class='ocr_par' dir='ltr' id='par_1_28' title="bbox 44 2294 3357 2373">
     <span class='ocr_line' id='line_1_28' title="bbox 44 2294 3357 2373; baseline 0.004 -29"><span class='ocrx_word' id='word_1_285' title='bbox 44 2314 219 2365; x_wconf 64' lang='grc' dir='ltr'>ῃιιιι,</span> <span class='ocrx_word' id='word_1_286' title='bbox 244 2308 302 2354; x_wconf 77' lang='lat' dir='ltr'><strong>et</strong></span> <span class='ocrx_word' id='word_1_287' title='bbox 324 2301 407 2370; x_wconf 86' lang='grc' dir='ltr'>(ιιι</span> <span class='ocrx_word' id='word_1_288' title='bbox 436 2299 654 2370; x_wconf 74' lang='lat' dir='ltr'><strong>assolet)</strong></span> <span class='ocrx_word' id='word_1_289' title='bbox 680 2315 774 2355; x_wconf 76' lang='lat' dir='ltr'><strong>rex</strong></span> <span class='ocrx_word' id='word_1_290' title='bbox 797 2301 1136 2356; x_wconf 76' lang='lat' dir='ltr'><strong>consiliarios</strong></span> <span class='ocrx_word' id='word_1_291' title='bbox 1162 2316 1391 2371; x_wconf 81' lang='lat' dir='ltr'><strong>quorum</strong></span> <span class='ocrx_word' id='word_1_292' title='bbox 1422 2301 1664 2355; x_wconf 76' lang='lat' dir='ltr'><strong>anctori-</strong></span> <span class='ocrx_word' id='word_1_293' title='bbox 1770 2294 1878 2348; x_wconf 89' lang='lat' dir='ltr'><strong>lum</strong></span> <span class='ocrx_word' id='word_1_294' title='bbox 1909 2296 2197 2351; x_wconf 89' lang='lat' dir='ltr'><strong>seminanti</strong></span> <span class='ocrx_word' id='word_1_295' title='bbox 2240 2299 2502 2366; x_wconf 76' lang='lat' dir='ltr'><strong>spiritalia</strong></span> <span class='ocrx_word' id='word_1_296' title='bbox 2525 2340 2540 2367; x_wconf 79' lang='lat'><strong>,</strong></span> <span class='ocrx_word' id='word_1_297' title='bbox 2573 2315 2671 2355; x_wconf 90' lang='lat' dir='ltr'><strong>sua</strong></span> <span class='ocrx_word' id='word_1_298' title='bbox 2718 2303 2966 2357; x_wconf 89' lang='lat' dir='ltr'><strong>metenda</strong></span> <span class='ocrx_word' id='word_1_299' title='bbox 3010 2304 3357 2373; x_wconf 81' lang='lat' dir='ltr'><strong>exponebant</strong></span> 
     </span>
    </p>
   </div>
   <div class='ocr_carea' id='block_1_29' title="bbox 46 2385 3367 2460">
    <p class='ocr_par' dir='ltr' id='par_1_29' title="bbox 46 2385 3367 2460">
     <span class='ocr_line' id='line_1_29' title="bbox 46 2385 3367 2460; baseline 0 -15"><span class='ocrx_word' id='word_1_300' title='bbox 46 2400 183 2445; x_wconf 82' lang='lat' dir='ltr'><strong>tate</strong></span> <span class='ocrx_word' id='word_1_301' title='bbox 222 2391 611 2460; x_wconf 85' lang='lat' dir='ltr'><strong>rempublicam</strong></span> <span class='ocrx_word' id='word_1_302' title='bbox 643 2392 1009 2447; x_wconf 89' lang='lat' dir='ltr'><strong>administrari</strong></span> <span class='ocrx_word' id='word_1_303' title='bbox 1041 2392 1663 2457; x_wconf 88' lang='lat' dir='ltr'><strong>constabatconsuleret,</strong></span> <span class='ocrx_word' id='word_1_304' title='bbox 1771 2385 2010 2439; x_wconf 75' lang='lat' dir='ltr'><strong>carnalia</strong></span> <span class='ocrx_word' id='word_1_305' title='bbox 2037 2385 2097 2457; x_wconf 91' lang='grc'><strong>(1</strong></span> <span class='ocrx_word' id='word_1_306' title='bbox 2120 2385 2243 2441; x_wconf 83' lang='lat' dir='ltr'><strong>Cor.</strong></span> <span class='ocrx_word' id='word_1_307' title='bbox 2272 2387 2383 2460; x_wconf 79' lang='lat' dir='ltr'><strong>Ix).</strong></span> <span class='ocrx_word' id='word_1_308' title='bbox 3362 2404 3367 2411; x_wconf 85' lang='lat'><strong>&#39;</strong></span> 
     </span>
    </p>
   </div>
   <div class='ocr_carea' id='block_1_30' title="bbox 44 2475 3211 2557">
    <p class='ocr_par' dir='ltr' id='par_1_30' title="bbox 44 2475 3211 2557">
     <span class='ocr_line' id='line_1_30' title="bbox 44 2475 3211 2557; baseline 0.002 -26"><span class='ocrx_word' id='word_1_309' title='bbox 44 2481 203 2549; x_wconf 85' lang='lat' dir='ltr'><strong>quid</strong></span> <span class='ocrx_word' id='word_1_310' title='bbox 237 2480 332 2534; x_wconf 88' lang='lat' dir='ltr'><strong>tali</strong></span> <span class='ocrx_word' id='word_1_311' title='bbox 362 2482 506 2535; x_wconf 71' lang='lat' dir='ltr'><strong>fasto</strong></span> <span class='ocrx_word' id='word_1_312' title='bbox 532 2496 667 2551; x_wconf 87' lang='lat' dir='ltr'><strong>opus</strong></span> <span class='ocrx_word' id='word_1_313' title='bbox 698 2491 872 2548; x_wconf 87' lang='lat' dir='ltr'><strong>esset;</strong></span> <span class='ocrx_word' id='word_1_314' title='bbox 899 2498 999 2537; x_wconf 76' lang='lat' dir='ltr'><strong>vox</strong></span> <span class='ocrx_word' id='word_1_315' title='bbox 1040 2498 1168 2546; x_wconf 88' lang='lat' dir='ltr'><strong>una,</strong></span> <span class='ocrx_word' id='word_1_316' title='bbox 1198 2482 1462 2553; x_wconf 84' lang='lat' dir='ltr'><strong>dissensio</strong></span> <span class='ocrx_word' id='word_1_317' title='bbox 1498 2481 1663 2549; x_wconf 78' lang='lat' dir='ltr'><strong>nulla,</strong></span> <span class='ocrx_word' id='word_1_318' title='bbox 1949 2475 2329 2531; x_wconf 82' lang='lat' dir='ltr'><strong>Monachorum</strong></span> <span class='ocrx_word' id='word_1_319' title='bbox 2362 2480 2623 2535; x_wconf 86' lang='lat' dir='ltr'><strong>malorum</strong></span> <span class='ocrx_word' id='word_1_320' title='bbox 2673 2483 2928 2550; x_wconf 79' lang='lat' dir='ltr'><strong>factiones</strong></span> <span class='ocrx_word' id='word_1_321' title='bbox 2955 2488 3175 2557; x_wconf 79' lang='lat' dir='ltr'><strong>patitur.</strong></span> <span class='ocrx_word' id='word_1_322' title='bbox 3210 2506 3211 2509; x_wconf 53' lang='grc' dir='ltr'><strong>η</strong></span> 
     </span>
    </p>
   </div>
   <div class='ocr_carea' id='block_1_31' title="bbox 45 2569 3355 2648">
    <p class='ocr_par' dir='ltr' id='par_1_31' title="bbox 45 2569 3355 2648">
     <span class='ocr_line' id='line_1_31' title="bbox 45 2569 3355 2648; baseline 0.004 -25"><span class='ocrx_word' id='word_1_323' title='bbox 45 2571 238 2624; x_wconf 86' lang='lat' dir='ltr'><strong>talem</strong></span> <span class='ocrx_word' id='word_1_324' title='bbox 266 2578 582 2641; x_wconf 85' lang='lat' dir='ltr'><strong>tantumque</strong></span> <span class='ocrx_word' id='word_1_325' title='bbox 612 2571 784 2627; x_wconf 89' lang='lat' dir='ltr'><strong>virum</strong></span> <span class='ocrx_word' id='word_1_326' title='bbox 815 2573 907 2627; x_wconf 89' lang='lat' dir='ltr'><strong>tali</strong></span> <span class='ocrx_word' id='word_1_327' title='bbox 935 2584 1184 2643; x_wconf 90' lang='lat' dir='ltr'><strong>oportere</strong></span> <span class='ocrx_word' id='word_1_328' title='bbox 1202 2573 1321 2629; x_wconf 94' lang='lat' dir='ltr'><strong>loco</strong></span> <span class='ocrx_word' id='word_1_329' title='bbox 1346 2573 1542 2643; x_wconf 76' lang='lat' dir='ltr'><strong>przcilci</strong></span> <span class='ocrx_word' id='word_1_330' title='bbox 1567 2585 1665 2643; x_wconf 84' lang='lat' dir='ltr'><strong>per</strong></span> <span class='ocrx_word' id='word_1_331' title='bbox 1842 2569 1927 2623; x_wconf 78' lang='grc'><strong>10.</strong></span> <span class='ocrx_word' id='word_1_332' title='bbox 1961 2570 2112 2624; x_wconf 78' lang='lat' dir='ltr'><strong>Talia</strong></span> <span class='ocrx_word' id='word_1_333' title='bbox 2152 2586 2382 2626; x_wconf 85' lang='lat' dir='ltr'><strong>cernens</strong></span> <span class='ocrx_word' id='word_1_334' title='bbox 2425 2572 2641 2629; x_wconf 84' lang='lat' dir='ltr'><strong>invidus</strong></span> <span class='ocrx_word' id='word_1_335' title='bbox 2677 2575 2939 2641; x_wconf 87' lang='lat' dir='ltr'><strong>diabolus,</strong></span> <span class='ocrx_word' id='word_1_336' title='bbox 2973 2579 3126 2648; x_wconf 88' lang='lat' dir='ltr'><strong>cujus</strong></span> <span class='ocrx_word' id='word_1_337' title='bbox 3156 2579 3355 2635; x_wconf 80' lang='lat' dir='ltr'><strong>invidia</strong></span> 
     </span>
    </p>
   </div>
   <div class='ocr_carea' id='block_1_32' title="bbox 46 2662 3361 2739">
    <p class='ocr_par' dir='ltr' id='par_1_32' title="bbox 46 2662 3361 2739">
     <span class='ocr_line' id='line_1_32' title="bbox 46 2662 3361 2739; baseline 0.003 -23"><span class='ocrx_word' id='word_1_338' title='bbox 46 2681 238 2735; x_wconf 83' lang='lat' dir='ltr'><strong>quem</strong></span> <span class='ocrx_word' id='word_1_339' title='bbox 280 2673 493 2720; x_wconf 88' lang='lat' dir='ltr'><strong>certum</strong></span> <span class='ocrx_word' id='word_1_340' title='bbox 527 2665 669 2721; x_wconf 90' lang='lat' dir='ltr'><strong>foret</strong></span> <span class='ocrx_word' id='word_1_341' title='bbox 710 2674 764 2721; x_wconf 91' lang='lat' dir='ltr'><strong>et</strong></span> <span class='ocrx_word' id='word_1_342' title='bbox 790 2666 1025 2737; x_wconf 88' lang='lat' dir='ltr'><strong>collapsa</strong></span> <span class='ocrx_word' id='word_1_343' title='bbox 1048 2666 1205 2738; x_wconf 85' lang='lat' dir='ltr'><strong>erigi,</strong></span> <span class='ocrx_word' id='word_1_344' title='bbox 1249 2675 1304 2721; x_wconf 91' lang='lat' dir='ltr'><strong>et</strong></span> <span class='ocrx_word' id='word_1_345' title='bbox 1338 2666 1579 2736; x_wconf 79' lang='lat' dir='ltr'><strong>neglecta</strong></span> <span class='ocrx_word' id='word_1_346' title='bbox 1611 2666 1665 2721; x_wconf 90' lang='lat' dir='ltr'><strong>iu</strong></span> <span class='ocrx_word' id='word_1_347' title='bbox 1771 2676 1920 2716; x_wconf 71' lang='lat' dir='ltr'><strong>mors</strong></span> <span class='ocrx_word' id='word_1_348' title='bbox 1965 2662 2211 2716; x_wconf 88' lang='lat' dir='ltr'><strong>introivit</strong></span> <span class='ocrx_word' id='word_1_349' title='bbox 2243 2663 2295 2716; x_wconf 90' lang='lat' dir='ltr'><strong>in</strong></span> <span class='ocrx_word' id='word_1_350' title='bbox 2338 2664 2526 2719; x_wconf 87' lang='lat' dir='ltr'><strong>orbem</strong></span> <span class='ocrx_word' id='word_1_351' title='bbox 2575 2676 2877 2733; x_wconf 87' lang='lat' dir='ltr'><strong>terrarum,</strong></span> <span class='ocrx_word' id='word_1_352' title='bbox 2917 2684 3059 2739; x_wconf 64' lang='lat' dir='ltr'><strong>aegre</strong></span> <span class='ocrx_word' id='word_1_353' title='bbox 3102 2668 3309 2725; x_wconf 84' lang='lat' dir='ltr'><strong>ferebat</strong></span> <span class='ocrx_word' id='word_1_354' title='bbox 3340 2664 3361 2725; x_wconf 71' lang='grc'><strong>;²</strong></span> 
     </span>
    </p>
   </div>
   <div class='ocr_carea' id='block_1_33' title="bbox 44 2751 3363 2829">
    <p class='ocr_par' dir='ltr' id='par_1_33' title="bbox 44 2751 3363 2829">
     <span class='ocr_line' id='line_1_33' title="bbox 44 2751 3363 2829; baseline 0.001 -20"><span class='ocrx_word' id='word_1_355' title='bbox 44 2756 365 2827; x_wconf 83' lang='lat' dir='ltr'><strong>antiquum</strong></span> <span class='ocrx_word' id='word_1_356' title='bbox 397 2764 601 2811; x_wconf 77' lang='lat' dir='ltr'><strong>statuat</strong></span> <span class='ocrx_word' id='word_1_357' title='bbox 622 2756 925 2812; x_wconf 89' lang='lat' dir='ltr'><strong>reformari.</strong></span> <span class='ocrx_word' id='word_1_358' title='bbox 950 2758 1090 2826; x_wconf 74' lang='lat' dir='ltr'><strong>Quid</strong></span> <span class='ocrx_word' id='word_1_359' title='bbox 1117 2757 1323 2813; x_wconf 66' lang='lat' dir='ltr'><strong>multa?</strong></span> <span class='ocrx_word' id='word_1_360' title='bbox 1355 2758 1548 2813; x_wconf 87' lang='lat' dir='ltr'><strong>beatus</strong></span> <span class='ocrx_word' id='word_1_361' title='bbox 1574 2758 1667 2813; x_wconf 85' lang='lat' dir='ltr'><strong>Ai-</strong></span> <span class='ocrx_word' id='word_1_362' title='bbox 1772 2751 1987 2806; x_wconf 73' lang='grc' dir='ltr'><strong>όοΙθὺειῑ</strong></span> <span class='ocrx_word' id='word_1_363' title='bbox 2020 2768 2079 2805; x_wconf 79' lang='lat' dir='ltr'><strong>se</strong></span> <span class='ocrx_word' id='word_1_364' title='bbox 2109 2752 2178 2805; x_wconf 75' lang='lat' dir='ltr'><strong>ab</strong></span> <span class='ocrx_word' id='word_1_365' title='bbox 2209 2752 2273 2806; x_wconf 82' lang='lat' dir='ltr'><strong>iis</strong></span> <span class='ocrx_word' id='word_1_366' title='bbox 2302 2754 2495 2822; x_wconf 75' lang='lat' dir='ltr'><strong>expelli</strong></span> <span class='ocrx_word' id='word_1_367' title='bbox 2523 2796 2538 2820; x_wconf 84' lang='lat'><strong>,</strong></span> <span class='ocrx_word' id='word_1_368' title='bbox 2569 2771 2706 2825; x_wconf 85' lang='lat' dir='ltr'><strong>quos</strong></span> <span class='ocrx_word' id='word_1_369' title='bbox 2734 2758 2931 2812; x_wconf 90' lang='lat' dir='ltr'><strong>dudum</strong></span> <span class='ocrx_word' id='word_1_370' title='bbox 2963 2759 3229 2829; x_wconf 79' lang='lat' dir='ltr'><strong>gaudebat</strong></span> <span class='ocrx_word' id='word_1_371' title='bbox 3253 2754 3363 2815; x_wconf 68' lang='lat' dir='ltr'><strong>sibi’</strong></span> 
     </span>
    </p>
   </div>
   <div class='ocr_carea' id='block_1_34' title="bbox 47 2836 3365 2919">
    <p class='ocr_par' dir='ltr' id='par_1_34' title="bbox 47 2836 3365 2919">
     <span class='ocr_line' id='line_1_34' title="bbox 47 2836 3365 2919; baseline 0.002 -24"><span class='ocrx_word' id='word_1_372' title='bbox 47 2846 259 2917; x_wconf 68' lang='lat' dir='ltr'><strong>gulfus</strong></span> <span class='ocrx_word' id='word_1_373' title='bbox 290 2847 588 2918; x_wconf 73' lang='lat' dir='ltr'><strong>quamlibet</strong></span> <span class='ocrx_word' id='word_1_374' title='bbox 610 2836 1031 2919; x_wconf 21' lang='lat' dir='ltr'><strong>renitensialque</strong></span> <span class='ocrx_word' id='word_1_375' title='bbox 1063 2850 1335 2906; x_wconf 65' lang='lat' dir='ltr'><strong>reluctans</strong></span> <span class='ocrx_word' id='word_1_376' title='bbox 1362 2866 1544 2905; x_wconf 77' lang='lat' dir='ltr'><strong>coram</strong></span> <span class='ocrx_word' id='word_1_377' title='bbox 1574 2850 1667 2904; x_wconf 73' lang='lat' dir='ltr'><strong>ad-</strong></span> <span class='ocrx_word' id='word_1_378' title='bbox 1773 2840 1986 2909; x_wconf 78' lang='lat' dir='ltr'><strong>subjici.</strong></span> <span class='ocrx_word' id='word_1_379' title='bbox 2021 2841 2256 2910; x_wconf 83' lang='lat' dir='ltr'><strong>ideoque</strong></span> <span class='ocrx_word' id='word_1_380' title='bbox 2284 2843 2512 2899; x_wconf 85' lang='lat' dir='ltr'><strong>callidus</strong></span> <span class='ocrx_word' id='word_1_381' title='bbox 2537 2845 2850 2914; x_wconf 79' lang='lat' dir='ltr'><strong>explorator</strong></span> <span class='ocrx_word' id='word_1_382' title='bbox 2875 2847 2943 2901; x_wconf 88' lang='lat' dir='ltr'><strong>ad</strong></span> <span class='ocrx_word' id='word_1_383' title='bbox 2985 2856 3139 2903; x_wconf 87' lang='lat' dir='ltr'><strong>artes</strong></span> <span class='ocrx_word' id='word_1_384' title='bbox 3172 2841 3365 2918; x_wconf 59' lang='grc' dir='ltr'><strong>1112111ιί-⁸</strong></span> 
     </span>
    </p>
   </div>
   <div class='ocr_carea' id='block_1_35' title="bbox 50 2934 1668 3014">
    <p class='ocr_par' dir='ltr' id='par_1_35' title="bbox 50 2941 1667 3014">
     <span class='ocr_line' id='line_1_35' title="bbox 50 2941 1667 3014; baseline 0.002 -20"><span class='ocrx_word' id='word_1_385' title='bbox 50 2941 319 3005; x_wconf 81' lang='lat' dir='ltr'><strong>ducitur,</strong></span> <span class='ocrx_word' id='word_1_386' title='bbox 351 2955 601 3011; x_wconf 84' lang='lat' dir='ltr'><strong>curaque</strong></span> <span class='ocrx_word' id='word_1_387' title='bbox 628 2942 676 2996; x_wconf 90' lang='lat' dir='ltr'><strong>ei</strong></span> <span class='ocrx_word' id='word_1_388' title='bbox 705 2942 1020 2997; x_wconf 81' lang='lat' dir='ltr'><strong>monasterii</strong></span> <span class='ocrx_word' id='word_1_389' title='bbox 1053 2943 1314 3013; x_wconf 75' lang='lat' dir='ltr'><strong>przelibati</strong></span> <span class='ocrx_word' id='word_1_390' title='bbox 1371 2944 1667 3014; x_wconf 89' lang='lat' dir='ltr'><strong>imponitur</strong></span> 
     </span>
    </p>
   </div>
   <div class='ocr_carea' id='block_1_36' title="bbox 1773 2934 3359 3014">
    <p class='ocr_par' dir='ltr' id='par_1_36' title="bbox 1774 2934 3359 3009">
     <span class='ocr_line' id='line_1_36' title="bbox 1774 2934 3359 3009; baseline 0.006 -22"><span class='ocrx_word' id='word_1_391' title='bbox 1774 2934 1862 2988; x_wconf 82' lang='lat' dir='ltr'><strong>tiae</strong></span> <span class='ocrx_word' id='word_1_392' title='bbox 1908 2935 2098 2989; x_wconf 81' lang='lat' dir='ltr'><strong>solitas</strong></span> <span class='ocrx_word' id='word_1_393' title='bbox 2147 2937 2504 3004; x_wconf 83' lang='lat' dir='ltr'><strong>convertitur,</strong></span> <span class='ocrx_word' id='word_1_394' title='bbox 2556 2938 2937 3009; x_wconf 80' lang='lat' dir='ltr'><strong>exploraturus</strong></span> <span class='ocrx_word' id='word_1_395' title='bbox 2978 2949 3159 2995; x_wconf 88' lang='lat' dir='ltr'><strong>utrum</strong></span> <span class='ocrx_word' id='word_1_396' title='bbox 3207 2941 3359 2997; x_wconf 82' lang='lat' dir='ltr'><strong>inve-</strong></span> 
     </span>
    </p>
   </div>
   <div class='ocr_carea' id='block_1_37' title="bbox 50 3027 3355 3107">
    <p class='ocr_par' dir='ltr' id='par_1_37' title="bbox 50 3027 3355 3107">
     <span class='ocr_line' id='line_1_37' title="bbox 50 3027 3355 3107; baseline 0.003 -24"><span class='ocrx_word' id='word_1_397' title='bbox 50 3032 350 3104; x_wconf 76' lang='lat' dir='ltr'><strong>gaudente</strong></span> <span class='ocrx_word' id='word_1_398' title='bbox 373 3047 521 3104; x_wconf 81' lang='lat' dir='ltr'><strong>rege,</strong></span> <span class='ocrx_word' id='word_1_399' title='bbox 542 3033 1043 3105; x_wconf 77' lang='lat' dir='ltr'><strong>exsultantibnsque</strong></span> <span class='ocrx_word' id='word_1_400' title='bbox 1078 3036 1195 3106; x_wconf 91' lang='lat' dir='ltr'><strong>ejus</strong></span> <span class='ocrx_word' id='word_1_401' title='bbox 1219 3037 1571 3107; x_wconf 88' lang='lat' dir='ltr'><strong>principibus,</strong></span> <span class='ocrx_word' id='word_1_402' title='bbox 1603 3052 1667 3092; x_wconf 91' lang='lat' dir='ltr'><strong>eo</strong></span> <span class='ocrx_word' id='word_1_403' title='bbox 1775 3027 1918 3082; x_wconf 75' lang='grc' dir='ltr'><strong>ηίιόῐ</strong></span> <span class='ocrx_word' id='word_1_404' title='bbox 1970 3028 2202 3098; x_wconf 74' lang='lat' dir='ltr'><strong>aliquem</strong></span> <span class='ocrx_word' id='word_1_405' title='bbox 2252 3045 2475 3083; x_wconf 67' lang='lat' dir='ltr'><strong>suorum</strong></span> <span class='ocrx_word' id='word_1_406' title='bbox 2528 3031 2671 3085; x_wconf 81' lang='lat' dir='ltr'><strong>illlet‘</strong></span> <span class='ocrx_word' id='word_1_407' title='bbox 2718 3047 2845 3086; x_wconf 73' lang='lat' dir='ltr'><strong>oves</strong></span> <span class='ocrx_word' id='word_1_408' title='bbox 2904 3032 3210 3089; x_wconf 82' lang='lat' dir='ltr'><strong>Domillicas</strong></span> <span class='ocrx_word' id='word_1_409' title='bbox 3253 3037 3355 3090; x_wconf 86' lang='lat' dir='ltr'><strong>sub</strong></span> 
     </span>
    </p>
   </div>
   <div class='ocr_carea' id='block_1_38' title="bbox 52 3118 3359 3196">
    <p class='ocr_par' dir='ltr' id='par_1_38' title="bbox 52 3118 3359 3196">
     <span class='ocr_line' id='line_1_38' title="bbox 52 3118 3359 3196; baseline 0.001 -21"><span class='ocrx_word' id='word_1_410' title='bbox 52 3123 221 3196; x_wconf 85' lang='lat' dir='ltr'><strong>quod</strong></span> <span class='ocrx_word' id='word_1_411' title='bbox 251 3122 412 3177; x_wconf 87' lang='lat' dir='ltr'><strong>talem</strong></span> <span class='ocrx_word' id='word_1_412' title='bbox 442 3124 589 3194; x_wconf 86' lang='lat' dir='ltr'><strong>gregi</strong></span> <span class='ocrx_word' id='word_1_413' title='bbox 611 3140 709 3179; x_wconf 87' lang='lat' dir='ltr'><strong>suo</strong></span> <span class='ocrx_word' id='word_1_414' title='bbox 736 3126 1154 3195; x_wconf 57' lang='lat' dir='ltr'><strong>praeponendum</strong></span> <span class='ocrx_word' id='word_1_415' title='bbox 1178 3127 1257 3181; x_wconf 87' lang='lat' dir='ltr'><strong>eis</strong></span> <span class='ocrx_word' id='word_1_416' title='bbox 1285 3127 1665 3180; x_wconf 67' lang='lat' dir='ltr'><strong>monstraverit</strong></span> <span class='ocrx_word' id='word_1_417' title='bbox 1774 3119 1932 3173; x_wconf 87' lang='lat' dir='ltr'><strong>oviua</strong></span> <span class='ocrx_word' id='word_1_418' title='bbox 1990 3118 2128 3189; x_wconf 77' lang='lat' dir='ltr'><strong>pelle</strong></span> <span class='ocrx_word' id='word_1_419' title='bbox 2182 3118 2485 3185; x_wconf 87' lang='lat' dir='ltr'><strong>fuseatum,</strong></span> <span class='ocrx_word' id='word_1_420' title='bbox 2544 3122 2723 3191; x_wconf 86' lang='lat' dir='ltr'><strong>sciens</strong></span> <span class='ocrx_word' id='word_1_421' title='bbox 2770 3121 3026 3191; x_wconf 86' lang='lat' dir='ltr'><strong>quoniam</strong></span> <span class='ocrx_word' id='word_1_422' title='bbox 3077 3123 3359 3177; x_wconf 82' lang='lat' dir='ltr'><strong>imitantur</strong></span> 
     </span>
    </p>
   </div>
   <div class='ocr_carea' id='block_1_39' title="bbox 52 3198 3369 3285">
    <p class='ocr_par' dir='ltr' id='par_1_39' title="bbox 52 3198 3369 3285">
     <span class='ocr_line' id='line_1_39' title="bbox 52 3198 3369 3285; baseline 0.001 -19"><span class='ocrx_word' id='word_1_423' title='bbox 52 3223 375 3283; x_wconf 85' lang='lat' dir='ltr'><strong>pastorem.</strong></span> <span class='ocrx_word' id='word_1_424' title='bbox 429 3213 580 3268; x_wconf 83' lang='lat' dir='ltr'><strong>Licet</strong></span> <span class='ocrx_word' id='word_1_425' title='bbox 622 3230 855 3283; x_wconf 86' lang='lat' dir='ltr'><strong>namque</strong></span> <span class='ocrx_word' id='word_1_426' title='bbox 897 3224 1143 3270; x_wconf 90' lang='lat' dir='ltr'><strong>sanctum</strong></span> <span class='ocrx_word' id='word_1_427' title='bbox 1199 3216 1373 3272; x_wconf 88' lang='lat' dir='ltr'><strong>virum</strong></span> <span class='ocrx_word' id='word_1_428' title='bbox 1406 3232 1503 3271; x_wconf 87' lang='lat' dir='ltr'><strong>sua</strong></span> <span class='ocrx_word' id='word_1_429' title='bbox 1547 3216 1666 3285; x_wconf 85' lang='lat' dir='ltr'><strong>plus</strong></span> <span class='ocrx_word' id='word_1_430' title='bbox 1693 3198 1739 3261; x_wconf 84' lang='lat' dir='ltr'><strong><em>C</em></strong></span> <span class='ocrx_word' id='word_1_431' title='bbox 1774 3224 1896 3262; x_wconf 88' lang='lat' dir='ltr'><strong>cum</strong></span> <span class='ocrx_word' id='word_1_432' title='bbox 1927 3209 2018 3277; x_wconf 87' lang='lat' dir='ltr'><strong>qui</strong></span> <span class='ocrx_word' id='word_1_433' title='bbox 2051 3218 2176 3262; x_wconf 81' lang='lat' dir='ltr'><strong>sunt</strong></span> <span class='ocrx_word' id='word_1_434' title='bbox 2211 3225 2277 3263; x_wconf 78' lang='lat' dir='ltr'><strong>ex</strong></span> <span class='ocrx_word' id='word_1_435' title='bbox 2318 3221 2473 3279; x_wconf 89' lang='lat' dir='ltr'><strong>parte</strong></span> <span class='ocrx_word' id='word_1_436' title='bbox 2517 3210 2654 3280; x_wconf 85' lang='lat' dir='ltr'><strong>ejus.</strong></span> <span class='ocrx_word' id='word_1_437' title='bbox 2700 3211 2942 3266; x_wconf 88' lang='lat' dir='ltr'><strong>Tandem</strong></span> <span class='ocrx_word' id='word_1_438' title='bbox 2987 3227 3116 3283; x_wconf 84' lang='lat' dir='ltr'><strong>ergo</strong></span> <span class='ocrx_word' id='word_1_439' title='bbox 3157 3214 3369 3283; x_wconf 84' lang='lat' dir='ltr'><strong>reperit‘</strong></span> 
     </span>
    </p>
   </div>
   <div class='ocr_carea' id='block_1_40' title="bbox 55 3300 3355 3375">
    <p class='ocr_par' dir='ltr' id='par_1_40' title="bbox 55 3300 3355 3375">
     <span class='ocr_line' id='line_1_40' title="bbox 55 3300 3355 3375; baseline 0.001 -17"><span class='ocrx_word' id='word_1_440' title='bbox 55 3304 385 3359; x_wconf 78' lang='lat' dir='ltr'><strong>tmtlccrent</strong></span> <span class='ocrx_word' id='word_1_441' title='bbox 417 3304 647 3369; x_wconf 86' lang='lat' dir='ltr'><strong>silentia,</strong></span> <span class='ocrx_word' id='word_1_442' title='bbox 682 3314 918 3360; x_wconf 86' lang='lat' dir='ltr'><strong>attamen</strong></span> <span class='ocrx_word' id='word_1_443' title='bbox 945 3305 1222 3375; x_wconf 84' lang='lat' dir='ltr'><strong>apostolici</strong></span> <span class='ocrx_word' id='word_1_444' title='bbox 1253 3322 1359 3361; x_wconf 90' lang='lat' dir='ltr'><strong>non</strong></span> <span class='ocrx_word' id='word_1_445' title='bbox 1382 3308 1666 3360; x_wconf 83' lang='lat' dir='ltr'><strong>immemor</strong></span> <span class='ocrx_word' id='word_1_446' title='bbox 1770 3301 1941 3363; x_wconf 84' lang='lat' dir='ltr'><strong>duos,</strong></span> <span class='ocrx_word' id='word_1_447' title='bbox 1993 3300 2190 3368; x_wconf 79' lang='lat' dir='ltr'><strong>quibus</strong></span> <span class='ocrx_word' id='word_1_448' title='bbox 2238 3309 2492 3370; x_wconf 84' lang='lat' dir='ltr'><strong>tanquam</strong></span> <span class='ocrx_word' id='word_1_449' title='bbox 2543 3301 2722 3355; x_wconf 83' lang='lat' dir='ltr'><strong>ﬁstula</strong></span> <span class='ocrx_word' id='word_1_450' title='bbox 2770 3318 2903 3357; x_wconf 85' lang='lat' dir='ltr'><strong>usus</strong></span> <span class='ocrx_word' id='word_1_451' title='bbox 2945 3304 3256 3374; x_wconf 83' lang='lat' dir='ltr'><strong>serpentina</strong></span> <span class='ocrx_word' id='word_1_452' title='bbox 3299 3305 3355 3358; x_wconf 90' lang='lat' dir='ltr'><strong>in</strong></span> 
     </span>
    </p>
   </div>
   <div class='ocr_carea' id='block_1_41' title="bbox 53 3392 3359 3467">
    <p class='ocr_par' dir='ltr' id='par_1_41' title="bbox 53 3392 3359 3467">
     <span class='ocr_line' id='line_1_41' title="bbox 53 3392 3359 3467; baseline 0.001 -20"><span class='ocrx_word' id='word_1_453' title='bbox 53 3403 194 3447; x_wconf 86' lang='lat' dir='ltr'><strong>crat</strong></span> <span class='ocrx_word' id='word_1_454' title='bbox 247 3396 537 3465; x_wconf 68' lang='lat' dir='ltr'><strong>praecepti,</strong></span> <span class='ocrx_word' id='word_1_455' title='bbox 566 3409 675 3465; x_wconf 90' lang='lat' dir='ltr'><strong>quo</strong></span> <span class='ocrx_word' id='word_1_456' title='bbox 722 3396 1035 3467; x_wconf 70' lang='lat' dir='ltr'><strong>praecipitur</strong></span> <span class='ocrx_word' id='word_1_457' title='bbox 1060 3406 1119 3451; x_wconf 88' lang='lat' dir='ltr'><strong>ut</strong></span> <span class='ocrx_word' id='word_1_458' title='bbox 1157 3398 1335 3452; x_wconf 91' lang='lat' dir='ltr'><strong>omnis</strong></span> <span class='ocrx_word' id='word_1_459' title='bbox 1361 3397 1540 3451; x_wconf 89' lang='lat' dir='ltr'><strong>anima</strong></span> <span class='ocrx_word' id='word_1_460' title='bbox 1572 3411 1666 3465; x_wconf 90' lang='lat' dir='ltr'><strong>po-</strong></span> <span class='ocrx_word' id='word_1_461' title='bbox 1770 3393 2057 3462; x_wconf 80' lang='lat' dir='ltr'><strong>paradiso,</strong></span> <span class='ocrx_word' id='word_1_462' title='bbox 2089 3392 2318 3446; x_wconf 88' lang='lat' dir='ltr'><strong>aliorum</strong></span> <span class='ocrx_word' id='word_1_463' title='bbox 2358 3392 2523 3447; x_wconf 87' lang='lat' dir='ltr'><strong>corda</strong></span> <span class='ocrx_word' id='word_1_464' title='bbox 2566 3394 2923 3459; x_wconf 86' lang='lat' dir='ltr'><strong>sollicitabat,</strong></span> <span class='ocrx_word' id='word_1_465' title='bbox 2957 3404 3012 3448; x_wconf 91' lang='lat' dir='ltr'><strong>et</strong></span> <span class='ocrx_word' id='word_1_466' title='bbox 3039 3396 3107 3448; x_wconf 91' lang='lat' dir='ltr'><strong>ad</strong></span> <span class='ocrx_word' id='word_1_467' title='bbox 3153 3396 3359 3451; x_wconf 90' lang='lat' dir='ltr'><strong>discor-</strong></span> 
     </span>
    </p>
   </div>
   <div class='ocr_carea' id='block_1_42' title="bbox 56 3483 3358 3558">
    <p class='ocr_par' dir='ltr' id='par_1_42' title="bbox 56 3483 3358 3558">
     <span class='ocr_line' id='line_1_42' title="bbox 56 3483 3358 3558; baseline 0 -17"><span class='ocrx_word' id='word_1_468' title='bbox 56 3487 372 3542; x_wconf 84' lang='lat' dir='ltr'><strong>tcstatibus</strong></span> <span class='ocrx_word' id='word_1_469' title='bbox 393 3488 796 3543; x_wconf 88' lang='lat' dir='ltr'><strong>sublimioribus</strong></span> <span class='ocrx_word' id='word_1_470' title='bbox 818 3490 1031 3543; x_wconf 88' lang='lat' dir='ltr'><strong>subdita</strong></span> <span class='ocrx_word' id='word_1_471' title='bbox 1059 3490 1127 3543; x_wconf 91' lang='lat' dir='ltr'><strong>sit</strong></span> <span class='ocrx_word' id='word_1_472' title='bbox 1150 3487 1326 3558; x_wconf 83' lang='lat' dir='ltr'><strong>(Rom.</strong></span> <span class='ocrx_word' id='word_1_473' title='bbox 1351 3490 1471 3555; x_wconf 74' lang='grc' dir='ltr'>χιιι)</span> <span class='ocrx_word' id='word_1_474' title='bbox 1504 3505 1518 3541; x_wconf 87' lang='lat'><strong>:</strong></span> <span class='ocrx_word' id='word_1_475' title='bbox 1552 3489 1668 3542; x_wconf 85' lang='lat' dir='ltr'><strong>aui-</strong></span> <span class='ocrx_word' id='word_1_476' title='bbox 1768 3486 1913 3538; x_wconf 86' lang='lat' dir='ltr'><strong>diam</strong></span> <span class='ocrx_word' id='word_1_477' title='bbox 1947 3486 2192 3554; x_wconf 79' lang='lat' dir='ltr'><strong>urgebat.</strong></span> <span class='ocrx_word' id='word_1_478' title='bbox 2225 3483 2429 3539; x_wconf 77' lang='lat' dir='ltr'><strong>Horum</strong></span> <span class='ocrx_word' id='word_1_479' title='bbox 2474 3501 2613 3540; x_wconf 89' lang='lat' dir='ltr'><strong>unus</strong></span> <span class='ocrx_word' id='word_1_480' title='bbox 2652 3486 2991 3552; x_wconf 82' lang='lat' dir='ltr'><strong>Arcliadius,</strong></span> <span class='ocrx_word' id='word_1_481' title='bbox 3033 3486 3171 3541; x_wconf 87' lang='lat' dir='ltr'><strong>alter</strong></span> <span class='ocrx_word' id='word_1_482' title='bbox 3209 3487 3358 3542; x_wconf 87' lang='lat' dir='ltr'><strong>dice-</strong></span> 
     </span>
    </p>
   </div>
   <div class='ocr_carea' id='block_1_43' title="bbox 54 3576 3359 3649">
    <p class='ocr_par' dir='ltr' id='par_1_43' title="bbox 54 3576 3359 3649">
     <span class='ocr_line' id='line_1_43' title="bbox 54 3576 3359 3649; baseline -0.001 -15"><span class='ocrx_word' id='word_1_483' title='bbox 54 3580 187 3634; x_wconf 79' lang='lat' dir='ltr'><strong>mal</strong></span> <span class='ocrx_word' id='word_1_484' title='bbox 229 3594 470 3648; x_wconf 85' lang='lat' dir='ltr'><strong>namque</strong></span> <span class='ocrx_word' id='word_1_485' title='bbox 516 3578 810 3645; x_wconf 87' lang='lat' dir='ltr'><strong>oculatum,</strong></span> <span class='ocrx_word' id='word_1_486' title='bbox 838 3589 892 3634; x_wconf 89' lang='lat' dir='ltr'><strong>et</strong></span> <span class='ocrx_word' id='word_1_487' title='bbox 924 3580 1159 3649; x_wconf 88' lang='lat' dir='ltr'><strong>undique</strong></span> <span class='ocrx_word' id='word_1_488' title='bbox 1212 3581 1665 3649; x_wconf 82' lang='lat' dir='ltr'><strong>circumspectum</strong></span> <span class='ocrx_word' id='word_1_489' title='bbox 1767 3576 1929 3631; x_wconf 87' lang='lat' dir='ltr'><strong>batur</strong></span> <span class='ocrx_word' id='word_1_490' title='bbox 1967 3576 2262 3631; x_wconf 86' lang='lat' dir='ltr'><strong>Columbus</strong></span> <span class='ocrx_word' id='word_1_491' title='bbox 2302 3577 2579 3631; x_wconf 87' lang='lat' dir='ltr'><strong>contrario</strong></span> <span class='ocrx_word' id='word_1_492' title='bbox 2620 3577 2723 3631; x_wconf 89' lang='lat' dir='ltr'><strong>sibi</strong></span> <span class='ocrx_word' id='word_1_493' title='bbox 2765 3586 2923 3632; x_wconf 91' lang='lat' dir='ltr'><strong>utens</strong></span> <span class='ocrx_word' id='word_1_494' title='bbox 2949 3577 3167 3631; x_wconf 91' lang='lat' dir='ltr'><strong>nomine</strong></span> <span class='ocrx_word' id='word_1_495' title='bbox 3206 3594 3220 3631; x_wconf 91' lang='lat'><strong>:</strong></span> <span class='ocrx_word' id='word_1_496' title='bbox 3264 3594 3359 3632; x_wconf 89' lang='lat' dir='ltr'><strong>cor</strong></span> 
     </span>
    </p>
   </div>
   <div class='ocr_carea' id='block_1_44' title="bbox 54 3669 3357 3740">
    <p class='ocr_par' dir='ltr' id='par_1_44' title="bbox 54 3669 3357 3740">
     <span class='ocr_line' id='line_1_44' title="bbox 54 3669 3357 3740; baseline -0 -15"><span class='ocrx_word' id='word_1_497' title='bbox 54 3679 223 3735; x_wconf 84' lang='lat' dir='ltr'><strong>erat,</strong></span> <span class='ocrx_word' id='word_1_498' title='bbox 251 3678 308 3724; x_wconf 90' lang='lat' dir='ltr'><strong>et</strong></span> <span class='ocrx_word' id='word_1_499' title='bbox 335 3679 393 3724; x_wconf 89' lang='lat' dir='ltr'><strong>ut</strong></span> <span class='ocrx_word' id='word_1_500' title='bbox 416 3670 818 3725; x_wconf 89' lang='lat' dir='ltr'><strong>immaculatum</strong></span> <span class='ocrx_word' id='word_1_501' title='bbox 846 3680 1110 3737; x_wconf 87' lang='lat' dir='ltr'><strong>maneret,</strong></span> <span class='ocrx_word' id='word_1_502' title='bbox 1137 3671 1264 3725; x_wconf 88' lang='lat' dir='ltr'><strong>hinc</strong></span> <span class='ocrx_word' id='word_1_503' title='bbox 1289 3671 1413 3726; x_wconf 89' lang='lat' dir='ltr'><strong>inde</strong></span> <span class='ocrx_word' id='word_1_504' title='bbox 1437 3672 1668 3725; x_wconf 84' lang='lat' dir='ltr'><strong>circum-</strong></span> <span class='ocrx_word' id='word_1_505' title='bbox 1769 3684 2002 3738; x_wconf 86' lang='lat' dir='ltr'><strong>namque</strong></span> <span class='ocrx_word' id='word_1_506' title='bbox 2030 3669 2147 3740; x_wconf 84' lang='lat' dir='ltr'><strong>eius</strong></span> <span class='ocrx_word' id='word_1_507' title='bbox 2175 3685 2280 3723; x_wconf 84' lang='lat' dir='ltr'><strong>non</strong></span> <span class='ocrx_word' id='word_1_508' title='bbox 2312 3684 2342 3723; x_wconf 90' lang='lat' dir='ltr'><strong>a</strong></span> <span class='ocrx_word' id='word_1_509' title='bbox 2372 3669 2576 3724; x_wconf 89' lang='lat' dir='ltr'><strong>malitia</strong></span> <span class='ocrx_word' id='word_1_510' title='bbox 2613 3669 2752 3725; x_wconf 91' lang='lat' dir='ltr'><strong>fellis</strong></span> <span class='ocrx_word' id='word_1_511' title='bbox 2782 3670 3017 3724; x_wconf 78' lang='lat' dir='ltr'><strong>alienum</strong></span> <span class='ocrx_word' id='word_1_512' title='bbox 3038 3710 3054 3736; x_wconf 94' lang='lat'><strong>,</strong></span> <span class='ocrx_word' id='word_1_513' title='bbox 3087 3670 3181 3725; x_wconf 89' lang='lat' dir='ltr'><strong>sed</strong></span> <span class='ocrx_word' id='word_1_514' title='bbox 3213 3671 3357 3726; x_wconf 87' lang='lat' dir='ltr'><strong>sicut</strong></span> 
     </span>
    </p>
   </div>
   <div class='ocr_carea' id='block_1_45' title="bbox 56 3759 3354 3836">
    <p class='ocr_par' dir='ltr' id='par_1_45' title="bbox 56 3759 3354 3836">
     <span class='ocr_line' id='line_1_45' title="bbox 56 3759 3354 3836; baseline 0.001 -21"><span class='ocrx_word' id='word_1_515' title='bbox 56 3760 389 3830; x_wconf 79' lang='lat' dir='ltr'><strong>spectabat.</strong></span> <span class='ocrx_word' id='word_1_516' title='bbox 437 3759 555 3816; x_wconf 75' lang='lat' dir='ltr'><strong>Jam</strong></span> <span class='ocrx_word' id='word_1_517' title='bbox 617 3776 749 3816; x_wconf 82' lang='lat' dir='ltr'><strong>vero</strong></span> <span class='ocrx_word' id='word_1_518' title='bbox 808 3763 959 3817; x_wconf 86' lang='lat' dir='ltr'><strong>oneri</strong></span> <span class='ocrx_word' id='word_1_519' title='bbox 1006 3763 1349 3833; x_wconf 88' lang='lat' dir='ltr'><strong>superposito</strong></span> <span class='ocrx_word' id='word_1_520' title='bbox 1401 3763 1667 3817; x_wconf 89' lang='lat' dir='ltr'><strong>cervicem</strong></span> <span class='ocrx_word' id='word_1_521' title='bbox 1769 3765 2046 3836; x_wconf 88' lang='lat' dir='ltr'><strong>apostolus</strong></span> <span class='ocrx_word' id='word_1_522' title='bbox 2074 3764 2266 3836; x_wconf 87' lang='lat' dir='ltr'><strong>Petrus</strong></span> <span class='ocrx_word' id='word_1_523' title='bbox 2291 3763 2499 3819; x_wconf 88' lang='lat' dir='ltr'><strong>Simoni</strong></span> <span class='ocrx_word' id='word_1_524' title='bbox 2531 3764 2627 3829; x_wconf 90' lang='lat' dir='ltr'><strong>ait,</strong></span> <span class='ocrx_word' id='word_1_525' title='bbox 2650 3762 2840 3819; x_wconf 87' lang='lat' dir='ltr'><strong>infclle</strong></span> <span class='ocrx_word' id='word_1_526' title='bbox 2870 3763 3271 3828; x_wconf 86' lang='lat' dir='ltr'><strong>amaritudinis,</strong></span> <span class='ocrx_word' id='word_1_527' title='bbox 3296 3773 3354 3819; x_wconf 84' lang='lat' dir='ltr'><strong>et</strong></span> 
     </span>
    </p>
   </div>
   <div class='ocr_carea' id='block_1_46' title="bbox 56 3852 3349 3927">
    <p class='ocr_par' dir='ltr' id='par_1_46' title="bbox 56 3852 3349 3927">
     <span class='ocr_line' id='line_1_46' title="bbox 56 3852 3349 3927; baseline -0.001 -19"><span class='ocrx_word' id='word_1_528' title='bbox 56 3866 416 3923; x_wconf 85' lang='lat' dir='ltr'><strong>supponeus,</strong></span> <span class='ocrx_word' id='word_1_529' title='bbox 471 3852 669 3908; x_wconf 81' lang='lat' dir='ltr'><strong>fratres</strong></span> <span class='ocrx_word' id='word_1_530' title='bbox 713 3863 993 3925; x_wconf 87' lang='lat' dir='ltr'><strong>susceptos</strong></span> <span class='ocrx_word' id='word_1_531' title='bbox 1035 3856 1201 3921; x_wconf 90' lang='lat' dir='ltr'><strong>adiit,</strong></span> <span class='ocrx_word' id='word_1_532' title='bbox 1230 3865 1286 3910; x_wconf 90' lang='lat' dir='ltr'><strong>et</strong></span> <span class='ocrx_word' id='word_1_533' title='bbox 1320 3856 1445 3926; x_wconf 86' lang='lat' dir='ltr'><strong>quia</strong></span> <span class='ocrx_word' id='word_1_534' title='bbox 1486 3856 1675 3926; x_wconf 80' lang='lat' dir='ltr'><strong>opinio</strong></span> <span class='ocrx_word' id='word_1_535' title='bbox 1768 3855 2093 3927; x_wconf 79' lang='lat' dir='ltr'><strong>obligatione</strong></span> <span class='ocrx_word' id='word_1_536' title='bbox 2134 3854 2435 3925; x_wconf 89' lang='lat' dir='ltr'><strong>iniquitatis</strong></span> <span class='ocrx_word' id='word_1_537' title='bbox 2473 3864 2592 3910; x_wconf 88' lang='lat' dir='ltr'><strong>erat</strong></span> <span class='ocrx_word' id='word_1_538' title='bbox 2633 3869 2954 3910; x_wconf 87' lang='lat' dir='ltr'><strong>conversum</strong></span> <span class='ocrx_word' id='word_1_539' title='bbox 2997 3853 3154 3927; x_wconf 83' lang='lat' dir='ltr'><strong>(Act.</strong></span> <span class='ocrx_word' id='word_1_540' title='bbox 3186 3853 3349 3925; x_wconf 83' lang='lat' dir='ltr'><strong>vui).</strong></span> 
     </span>
    </p>
   </div>
   <div class='ocr_carea' id='block_1_47' title="bbox 56 3941 3352 4018">
    <p class='ocr_par' dir='ltr' id='par_1_47' title="bbox 56 3941 3352 4018">
     <span class='ocr_line' id='line_1_47' title="bbox 56 3941 3352 4018; baseline -0 -19"><span class='ocrx_word' id='word_1_541' title='bbox 56 3946 195 4014; x_wconf 84' lang='lat' dir='ltr'><strong>ejus</strong></span> <span class='ocrx_word' id='word_1_542' title='bbox 217 3941 337 4015; x_wconf 86' lang='lat' dir='ltr'><strong>jam</strong></span> <span class='ocrx_word' id='word_1_543' title='bbox 358 3958 545 3999; x_wconf 89' lang='lat' dir='ltr'><strong>eorum</strong></span> <span class='ocrx_word' id='word_1_544' title='bbox 571 3959 732 3999; x_wconf 88' lang='lat' dir='ltr'><strong>aures</strong></span> <span class='ocrx_word' id='word_1_545' title='bbox 758 3944 1196 4011; x_wconf 74' lang='lat' dir='ltr'><strong>allcxerat,la3tis</strong></span> <span class='ocrx_word' id='word_1_546' title='bbox 1217 3962 1340 4001; x_wconf 88' lang='lat' dir='ltr'><strong>eum</strong></span> <span class='ocrx_word' id='word_1_547' title='bbox 1367 3946 1667 4002; x_wconf 75' lang='lat' dir='ltr'><strong>devotionis</strong></span> <span class='ocrx_word' id='word_1_548' title='bbox 1767 3945 1823 4000; x_wconf 88' lang='lat' dir='ltr'><strong>In</strong></span> <span class='ocrx_word' id='word_1_549' title='bbox 1874 3949 2063 4000; x_wconf 87' lang='lat' dir='ltr'><strong>borum</strong></span> <span class='ocrx_word' id='word_1_550' title='bbox 2105 3961 2235 4018; x_wconf 88' lang='lat' dir='ltr'><strong>ergo</strong></span> <span class='ocrx_word' id='word_1_551' title='bbox 2274 3947 2472 4013; x_wconf 89' lang='lat' dir='ltr'><strong>corda,</strong></span> <span class='ocrx_word' id='word_1_552' title='bbox 2517 3946 2659 4001; x_wconf 89' lang='lat' dir='ltr'><strong>sicut</strong></span> <span class='ocrx_word' id='word_1_553' title='bbox 2698 3954 2753 4002; x_wconf 90' lang='lat' dir='ltr'><strong>et</strong></span> <span class='ocrx_word' id='word_1_554' title='bbox 2797 3943 2980 4009; x_wconf 70' lang='lat' dir='ltr'><strong>Judze,</strong></span> <span class='ocrx_word' id='word_1_555' title='bbox 3023 3944 3248 4000; x_wconf 90' lang='lat' dir='ltr'><strong>immisit</strong></span> <span class='ocrx_word' id='word_1_556' title='bbox 3293 3959 3352 3999; x_wconf 90' lang='lat' dir='ltr'><strong>se</strong></span> 
     </span>
    </p>
   </div>
   <div class='ocr_carea' id='block_1_48' title="bbox 59 4034 3350 4110">
    <p class='ocr_par' dir='ltr' id='par_1_48' title="bbox 59 4034 3350 4110">
     <span class='ocr_line' id='line_1_48' title="bbox 59 4034 3350 4110; baseline -0.001 -19"><span class='ocrx_word' id='word_1_557' title='bbox 59 4034 486 4105; x_wconf 83' lang='lat' dir='ltr'><strong>amplectuntur</strong></span> <span class='ocrx_word' id='word_1_558' title='bbox 531 4035 707 4102; x_wconf 90' lang='lat' dir='ltr'><strong>ulnis;</strong></span> <span class='ocrx_word' id='word_1_559' title='bbox 750 4052 950 4108; x_wconf 85' lang='lat' dir='ltr'><strong>eosque</strong></span> <span class='ocrx_word' id='word_1_560' title='bbox 995 4044 1050 4093; x_wconf 88' lang='lat' dir='ltr'><strong>et</strong></span> <span class='ocrx_word' id='word_1_561' title='bbox 1078 4037 1192 4109; x_wconf 85' lang='lat' dir='ltr'><strong>ipse</strong></span> <span class='ocrx_word' id='word_1_562' title='bbox 1235 4037 1513 4093; x_wconf 81' lang='lat' dir='ltr'><strong>reciproco</strong></span> <span class='ocrx_word' id='word_1_563' title='bbox 1534 4053 1668 4110; x_wconf 81' lang='lat' dir='ltr'><strong>gre-</strong></span> <span class='ocrx_word' id='word_1_564' title='bbox 1767 4036 2035 4101; x_wconf 88' lang='lat' dir='ltr'><strong>diabolus,</strong></span> <span class='ocrx_word' id='word_1_565' title='bbox 2066 4046 2123 4091; x_wconf 91' lang='lat' dir='ltr'><strong>ut</strong></span> <span class='ocrx_word' id='word_1_566' title='bbox 2149 4035 2465 4106; x_wconf 85' lang='lat' dir='ltr'><strong>magistrum</strong></span> <span class='ocrx_word' id='word_1_567' title='bbox 2494 4034 2807 4101; x_wconf 86' lang='lat' dir='ltr'><strong>traderent,</strong></span> <span class='ocrx_word' id='word_1_568' title='bbox 2835 4043 3105 4106; x_wconf 88' lang='lat' dir='ltr'><strong>quatenus</strong></span> <span class='ocrx_word' id='word_1_569' title='bbox 3131 4048 3196 4088; x_wconf 88' lang='lat' dir='ltr'><strong>eo</strong></span> <span class='ocrx_word' id='word_1_570' title='bbox 3223 4047 3350 4105; x_wconf 54' lang='lat' dir='ltr'><strong>pro.</strong></span> 
     </span>
    </p>
   </div>
   <div class='ocr_carea' id='block_1_49' title="bbox 61 4123 3346 4195">
    <p class='ocr_par' dir='ltr' id='par_1_49' title="bbox 61 4123 3346 4195">
     <span class='ocr_line' id='line_1_49' title="bbox 61 4123 3346 4195; baseline -0.002 -9"><span class='ocrx_word' id='word_1_571' title='bbox 61 4128 235 4186; x_wconf 77' lang='lat' dir='ltr'><strong>tuiali</strong></span> <span class='ocrx_word' id='word_1_572' title='bbox 262 4128 810 4185; x_wconf 86' lang='lat' dir='ltr'><strong>eonfovebatamore.</strong></span> <span class='ocrx_word' id='word_1_573' title='bbox 1766 4126 1951 4195; x_wconf 79' lang='lat' dir='ltr'><strong>fugato</strong></span> <span class='ocrx_word' id='word_1_574' title='bbox 1998 4140 2127 4182; x_wconf 86' lang='lat' dir='ltr'><strong>oves</strong></span> <span class='ocrx_word' id='word_1_575' title='bbox 2167 4125 2285 4180; x_wconf 80' lang='lat' dir='ltr'><strong>sine</strong></span> <span class='ocrx_word' id='word_1_576' title='bbox 2328 4132 2549 4194; x_wconf 90' lang='lat' dir='ltr'><strong>pastore</strong></span> <span class='ocrx_word' id='word_1_577' title='bbox 2591 4125 2907 4195; x_wconf 84' lang='lat' dir='ltr'><strong>conﬂigatas</strong></span> <span class='ocrx_word' id='word_1_578' title='bbox 2960 4123 3346 4180; x_wconf 86' lang='lat' dir='ltr'><strong>distraherent.</strong></span> 
     </span>
    </p>
   </div>
   <div class='ocr_carea' id='block_1_50' title="bbox 475 4212 3357 4290">
    <p class='ocr_par' dir='ltr' id='par_1_50' title="bbox 475 4212 3357 4290">
     <span class='ocr_line' id='line_1_50' title="bbox 475 4212 3357 4290; baseline -0.003 -14"><span class='ocrx_word' id='word_1_579' title='bbox 475 4212 747 4276; x_wconf 68' lang='lat' dir='ltr'><strong>Prisciani</strong></span> <span class='ocrx_word' id='word_1_580' title='bbox 783 4222 893 4277; x_wconf 83' lang='lat' dir='ltr'><strong>suis</strong></span> <span class='ocrx_word' id='word_1_581' title='bbox 929 4222 1020 4276; x_wconf 88' lang='lat' dir='ltr'><strong>dat</strong></span> <span class='ocrx_word' id='word_1_582' title='bbox 1059 4222 1276 4277; x_wconf 82' lang='lat' dir='ltr'><strong>monita.</strong></span> <span class='ocrx_word' id='word_1_583' title='bbox 1768 4219 1953 4290; x_wconf 86' lang='lat' dir='ltr'><strong>itaque</strong></span> <span class='ocrx_word' id='word_1_584' title='bbox 1979 4218 2070 4273; x_wconf 93' lang='lat' dir='ltr'><strong>diu</strong></span> <span class='ocrx_word' id='word_1_585' title='bbox 2100 4233 2198 4273; x_wconf 89' lang='lat' dir='ltr'><strong>sua</strong></span> <span class='ocrx_word' id='word_1_586' title='bbox 2241 4216 2528 4273; x_wconf 90' lang='lat' dir='ltr'><strong>occuluere</strong></span> <span class='ocrx_word' id='word_1_587' title='bbox 2584 4217 2869 4271; x_wconf 89' lang='lat' dir='ltr'><strong>conamina</strong></span> <span class='ocrx_word' id='word_1_588' title='bbox 2891 4256 2905 4281; x_wconf 93' lang='lat'><strong>,</strong></span> <span class='ocrx_word' id='word_1_589' title='bbox 2939 4215 3184 4271; x_wconf 90' lang='lat' dir='ltr'><strong>clanculo</strong></span> <span class='ocrx_word' id='word_1_590' title='bbox 3217 4218 3357 4270; x_wconf 80' lang='lat' dir='ltr'><strong>asci-</strong></span> 
     </span>
    </p>
   </div>
   <div class='ocr_carea' id='block_1_51' title="bbox 148 4313 1668 4384">
    <p class='ocr_par' dir='ltr' id='par_1_51' title="bbox 148 4313 1668 4384">
     <span class='ocr_line' id='line_1_51' title="bbox 148 4313 1668 4384; baseline -0.001 -12"><span class='ocrx_word' id='word_1_591' title='bbox 148 4316 208 4372; x_wconf 91' lang='lat'><strong>8.</strong></span> <span class='ocrx_word' id='word_1_592' title='bbox 253 4313 431 4384; x_wconf 71' lang='lat' dir='ltr'><strong>Cmpit</strong></span> <span class='ocrx_word' id='word_1_593' title='bbox 467 4313 673 4370; x_wconf 77' lang='lat' dir='ltr'><strong>interea</strong></span> <span class='ocrx_word' id='word_1_594' title='bbox 707 4313 764 4371; x_wconf 88' lang='lat' dir='ltr'><strong>in</strong></span> <span class='ocrx_word' id='word_1_595' title='bbox 798 4330 985 4370; x_wconf 84' lang='lat' dir='ltr'><strong>eorum</strong></span> <span class='ocrx_word' id='word_1_596' title='bbox 1025 4316 1374 4373; x_wconf 89' lang='lat' dir='ltr'><strong>interioribus</strong></span> <span class='ocrx_word' id='word_1_597' title='bbox 1410 4315 1555 4371; x_wconf 82' lang='lat' dir='ltr'><strong>arvis</strong></span> <span class='ocrx_word' id='word_1_598' title='bbox 1585 4331 1668 4371; x_wconf 85' lang='lat' dir='ltr'><strong>se-</strong></span> 
     </span>
    </p>
   </div>
   <div class='ocr_carea' id='block_1_52' title="bbox 65 4404 1667 4475">
    <p class='ocr_par' dir='ltr' id='par_1_52' title="bbox 65 4404 1667 4475">
     <span class='ocr_line' id='line_1_52' title="bbox 65 4404 1667 4475; baseline -0.002 -12"><span class='ocrx_word' id='word_1_599' title='bbox 65 4406 233 4463; x_wconf 82' lang='lat' dir='ltr'><strong>mina</strong></span> <span class='ocrx_word' id='word_1_600' title='bbox 278 4404 448 4460; x_wconf 78' lang='lat' dir='ltr'><strong>divini</strong></span> <span class='ocrx_word' id='word_1_601' title='bbox 490 4419 675 4460; x_wconf 86' lang='lat' dir='ltr'><strong>serere</strong></span> <span class='ocrx_word' id='word_1_602' title='bbox 724 4404 910 4469; x_wconf 77' lang='lat' dir='ltr'><strong>verbi;</strong></span> <span class='ocrx_word' id='word_1_603' title='bbox 962 4420 1071 4475; x_wconf 87' lang='lat' dir='ltr'><strong>quo</strong></span> <span class='ocrx_word' id='word_1_604' title='bbox 1124 4406 1343 4465; x_wconf 82' lang='lat' dir='ltr'><strong>doceret</strong></span> <span class='ocrx_word' id='word_1_605' title='bbox 1388 4421 1483 4461; x_wconf 90' lang='lat' dir='ltr'><strong>eos</strong></span> <span class='ocrx_word' id='word_1_606' title='bbox 1520 4405 1667 4460; x_wconf 88' lang='lat' dir='ltr'><strong>vitiis</strong></span> 
     </span>
    </p>
   </div>
   <div class='ocr_carea' id='block_1_53' title="bbox 67 4495 1660 4571">
    <p class='ocr_par' dir='ltr' id='par_1_53' title="bbox 67 4495 1660 4571">
     <span class='ocr_line' id='line_1_53' title="bbox 67 4495 1660 4571; baseline 0 -19"><span class='ocrx_word' id='word_1_607' title='bbox 67 4499 89 4571; x_wconf 70' lang='grc' dir='ltr'>Ι</span> <span class='ocrx_word' id='word_1_608' title='bbox 118 4498 225 4564; x_wconf 79' lang='lat' dir='ltr'><strong>aL,</strong></span> <span class='ocrx_word' id='word_1_609' title='bbox 274 4495 468 4568; x_wconf 85' lang='lat' dir='ltr'><strong>vanis]</strong></span> <span class='ocrx_word' id='word_1_610' title='bbox 511 4496 775 4554; x_wconf 84' lang='lat' dir='ltr'><strong>abdicatis</strong></span> <span class='ocrx_word' id='word_1_611' title='bbox 808 4506 1070 4553; x_wconf 73' lang='lat' dir='ltr'><strong>Virtutum</strong></span> <span class='ocrx_word' id='word_1_612' title='bbox 1105 4500 1366 4570; x_wconf 89' lang='lat' dir='ltr'><strong>prendere</strong></span> <span class='ocrx_word' id='word_1_613' title='bbox 1403 4499 1617 4554; x_wconf 89' lang='lat' dir='ltr'><strong>culmen</strong></span> <span class='ocrx_word' id='word_1_614' title='bbox 1646 4516 1660 4552; x_wconf 92' lang='lat'><strong>:</strong></span> 
     </span>
    </p>
   </div>
   <div class='ocr_carea' id='block_1_54' title="bbox 1767 4308 3359 4382">
    <p class='ocr_par' dir='ltr' id='par_1_54' title="bbox 1767 4308 3359 4382">
     <span class='ocr_line' id='line_1_54' title="bbox 1767 4308 3359 4382; baseline -0.003 -13"><span class='ocrx_word' id='word_1_615' title='bbox 1767 4324 1989 4369; x_wconf 86' lang='lat' dir='ltr'><strong>scentes</strong></span> <span class='ocrx_word' id='word_1_616' title='bbox 2016 4327 2127 4368; x_wconf 78' lang='lat' dir='ltr'><strong>sua:</strong></span> <span class='ocrx_word' id='word_1_617' title='bbox 2150 4326 2286 4382; x_wconf 91' lang='lat' dir='ltr'><strong>quos</strong></span> <span class='ocrx_word' id='word_1_618' title='bbox 2317 4318 2539 4381; x_wconf 89' lang='lat' dir='ltr'><strong>potuere</strong></span> <span class='ocrx_word' id='word_1_619' title='bbox 2563 4309 2821 4380; x_wconf 64' lang='lat' dir='ltr'><strong>perﬁdiae.</strong></span> <span class='ocrx_word' id='word_1_620' title='bbox 2858 4308 2965 4364; x_wconf 86' lang='lat' dir='ltr'><strong>Sed</strong></span> <span class='ocrx_word' id='word_1_621' title='bbox 2993 4309 3225 4379; x_wconf 91' lang='lat' dir='ltr'><strong>quadam</strong></span> <span class='ocrx_word' id='word_1_622' title='bbox 3266 4310 3359 4365; x_wconf 86' lang='lat' dir='ltr'><strong>die</strong></span> 
     </span>
    </p>
   </div>
   <div class='ocr_carea' id='block_1_55' title="bbox 1766 4398 3351 4471">
    <p class='ocr_par' dir='ltr' id='par_1_55' title="bbox 1766 4398 3351 4471">
     <span class='ocr_line' id='line_1_55' title="bbox 1766 4398 3351 4471; baseline -0.003 -14"><span class='ocrx_word' id='word_1_623' title='bbox 1766 4418 1888 4459; x_wconf 91' lang='lat' dir='ltr'><strong>eum</strong></span> <span class='ocrx_word' id='word_1_624' title='bbox 1924 4401 2038 4471; x_wconf 88' lang='lat' dir='ltr'><strong>jam</strong></span> <span class='ocrx_word' id='word_1_625' title='bbox 2087 4409 2143 4456; x_wconf 91' lang='lat' dir='ltr'><strong>et</strong></span> <span class='ocrx_word' id='word_1_626' title='bbox 2188 4413 2412 4455; x_wconf 88' lang='lat' dir='ltr'><strong>numero</strong></span> <span class='ocrx_word' id='word_1_627' title='bbox 2449 4399 2824 4465; x_wconf 80' lang='lat' dir='ltr'><strong>confiderent,</strong></span> <span class='ocrx_word' id='word_1_628' title='bbox 2861 4407 2918 4452; x_wconf 88' lang='lat' dir='ltr'><strong>et</strong></span> <span class='ocrx_word' id='word_1_629' title='bbox 2957 4398 3164 4452; x_wconf 81' lang='lat' dir='ltr'><strong>rabiem</strong></span> <span class='ocrx_word' id='word_1_630' title='bbox 3207 4398 3351 4452; x_wconf 83' lang='lat' dir='ltr'><strong>ultra</strong></span> 
     </span>
    </p>
   </div>
   <div class='ocr_carea' id='block_1_56' title="bbox 1772 4487 3360 4563">
    <p class='ocr_par' dir='ltr' id='par_1_56' title="bbox 1772 4487 3360 4563">
     <span class='ocr_line' id='line_1_56' title="bbox 1772 4487 3360 4563; baseline -0.003 -16"><span class='ocrx_word' id='word_1_631' title='bbox 1772 4493 1952 4547; x_wconf 88' lang='lat' dir='ltr'><strong>celare</strong></span> <span class='ocrx_word' id='word_1_632' title='bbox 1983 4492 2305 4563; x_wconf 86' lang='lat' dir='ltr'><strong>nequirent,</strong></span> <span class='ocrx_word' id='word_1_633' title='bbox 2338 4489 2502 4545; x_wconf 88' lang='lat' dir='ltr'><strong>veluti</strong></span> <span class='ocrx_word' id='word_1_634' title='bbox 2533 4488 2748 4543; x_wconf 85' lang='lat' dir='ltr'><strong>ﬂamma</strong></span> <span class='ocrx_word' id='word_1_635' title='bbox 2788 4487 2877 4543; x_wconf 91' lang='lat' dir='ltr'><strong>diu</strong></span> <span class='ocrx_word' id='word_1_636' title='bbox 2911 4502 3097 4559; x_wconf 89' lang='lat' dir='ltr'><strong>pressa</strong></span> <span class='ocrx_word' id='word_1_637' title='bbox 3126 4499 3360 4556; x_wconf 85' lang='lat' dir='ltr'><strong>repente</strong></span> 
     </span>
    </p>
   </div>
   <div class='ocr_carea' id='block_1_57' title="bbox 67 4559 3356 4661">
    <p class='ocr_par' dir='ltr' id='par_1_57' title="bbox 67 4559 3356 4661">
     <span class='ocr_line' id='line_1_57' title="bbox 67 4559 3356 4661; baseline -0.004 -14"><span class='ocrx_word' id='word_1_638' title='bbox 67 4590 365 4647; x_wconf 89' lang='lat' dir='ltr'><strong>oeulormn</strong></span> <span class='ocrx_word' id='word_1_639' title='bbox 395 4590 567 4644; x_wconf 87' lang='lat' dir='ltr'><strong>aciem</strong></span> <span class='ocrx_word' id='word_1_640' title='bbox 599 4589 931 4660; x_wconf 85' lang='lat' dir='ltr'><strong>purgandam</strong></span> <span class='ocrx_word' id='word_1_641' title='bbox 966 4590 1282 4645; x_wconf 91' lang='lat' dir='ltr'><strong>interiorum</strong></span> <span class='ocrx_word' id='word_1_642' title='bbox 1303 4632 1317 4657; x_wconf 94' lang='lat'><strong>,</strong></span> <span class='ocrx_word' id='word_1_643' title='bbox 1350 4592 1475 4661; x_wconf 91' lang='lat' dir='ltr'><strong>quia</strong></span> <span class='ocrx_word' id='word_1_644' title='bbox 1511 4607 1668 4646; x_wconf 89' lang='lat' dir='ltr'><strong>mun-</strong></span> <span class='ocrx_word' id='word_1_645' title='bbox 1696 4559 1747 4618; x_wconf 77' lang='grc' dir='ltr'>Ῑ)</span> <span class='ocrx_word' id='word_1_646' title='bbox 1778 4587 1828 4640; x_wconf 89' lang='lat' dir='ltr'><strong>in</strong></span> <span class='ocrx_word' id='word_1_647' title='bbox 1857 4585 2129 4655; x_wconf 88' lang='lat' dir='ltr'><strong>publicum</strong></span> <span class='ocrx_word' id='word_1_648' title='bbox 2173 4592 2552 4654; x_wconf 89' lang='lat' dir='ltr'><strong>prorumpunt.</strong></span> <span class='ocrx_word' id='word_1_649' title='bbox 2596 4578 2787 4636; x_wconf 87' lang='lat' dir='ltr'><strong>Factio</strong></span> <span class='ocrx_word' id='word_1_650' title='bbox 2829 4579 2974 4633; x_wconf 84' lang='lat' dir='ltr'><strong>enim</strong></span> <span class='ocrx_word' id='word_1_651' title='bbox 3014 4578 3278 4634; x_wconf 88' lang='lat' dir='ltr'><strong>malorum</strong></span> <span class='ocrx_word' id='word_1_652' title='bbox 3321 4598 3356 4634; x_wconf 70' lang='grc' dir='ltr'><strong>ιι</strong></span> 
     </span>
    </p>
   </div>
   <div class='ocr_carea' id='block_1_58' title="bbox 66 4680 1672 4753">
    <p class='ocr_par' dir='ltr' id='par_1_58' title="bbox 66 4680 1672 4753">
     <span class='ocr_line' id='line_1_58' title="bbox 66 4680 1672 4753; baseline 0 -16"><span class='ocrx_word' id='word_1_653' title='bbox 66 4682 179 4737; x_wconf 86' lang='lat' dir='ltr'><strong>dus</strong></span> <span class='ocrx_word' id='word_1_654' title='bbox 210 4680 352 4735; x_wconf 82' lang='lat' dir='ltr'><strong>Deus</strong></span> <span class='ocrx_word' id='word_1_655' title='bbox 381 4680 553 4734; x_wconf 87' lang='lat' dir='ltr'><strong>videri</strong></span> <span class='ocrx_word' id='word_1_656' title='bbox 584 4681 800 4734; x_wconf 89' lang='lat' dir='ltr'><strong>nonnisi</strong></span> <span class='ocrx_word' id='word_1_657' title='bbox 832 4680 993 4736; x_wconf 88' lang='lat' dir='ltr'><strong>claris</strong></span> <span class='ocrx_word' id='word_1_658' title='bbox 1021 4682 1307 4738; x_wconf 89' lang='lat' dir='ltr'><strong>obtutibus</strong></span> <span class='ocrx_word' id='word_1_659' title='bbox 1332 4682 1505 4753; x_wconf 90' lang='lat' dir='ltr'><strong>possit</strong></span> <span class='ocrx_word' id='word_1_660' title='bbox 1530 4698 1544 4735; x_wconf 92' lang='lat'><strong>:</strong></span> <span class='ocrx_word' id='word_1_661' title='bbox 1578 4684 1672 4737; x_wconf 65' lang='lat' dir='ltr'><strong>ira:</strong></span> 
     </span>
    </p>
   </div>
   <div class='ocr_carea' id='block_1_59' title="bbox 37 4769 1670 4843">
    <p class='ocr_par' dir='ltr' id='par_1_59' title="bbox 37 4769 1670 4843">
     <span class='ocr_line' id='line_1_59' title="bbox 37 4769 1670 4843; baseline -0.003 -12"><span class='ocrx_word' id='word_1_662' title='bbox 37 4772 350 4831; x_wconf 74' lang='lat' dir='ltr'><strong>.festucam</strong></span> <span class='ocrx_word' id='word_1_663' title='bbox 388 4769 706 4840; x_wconf 86' lang='lat' dir='ltr'><strong>trabemque</strong></span> <span class='ocrx_word' id='word_1_664' title='bbox 744 4770 854 4825; x_wconf 92' lang='lat' dir='ltr'><strong>odii</strong></span> <span class='ocrx_word' id='word_1_665' title='bbox 887 4771 1102 4840; x_wconf 91' lang='lat' dir='ltr'><strong>penitus</strong></span> <span class='ocrx_word' id='word_1_666' title='bbox 1130 4772 1536 4843; x_wconf 78' lang='lat' dir='ltr'><strong>propellendum</strong></span> <span class='ocrx_word' id='word_1_667' title='bbox 1559 4814 1574 4839; x_wconf 94' lang='lat'><strong>,</strong></span> <span class='ocrx_word' id='word_1_668' title='bbox 1606 4772 1670 4826; x_wconf 87' lang='lat' dir='ltr'><strong>li-</strong></span> 
     </span>
    </p>
   </div>
   <div class='ocr_carea' id='block_1_60' title="bbox 68 4862 1671 4939">
    <p class='ocr_par' dir='ltr' id='par_1_60' title="bbox 68 4862 1671 4939">
     <span class='ocr_line' id='line_1_60' title="bbox 68 4862 1671 4939; baseline -0.004 -13"><span class='ocrx_word' id='word_1_669' title='bbox 68 4867 282 4926; x_wconf 81' lang='lat' dir='ltr'><strong>bitlinis</strong></span> <span class='ocrx_word' id='word_1_670' title='bbox 326 4867 541 4923; x_wconf 85' lang='lat' dir='ltr'><strong>hostem</strong></span> <span class='ocrx_word' id='word_1_671' title='bbox 570 4880 676 4922; x_wconf 91' lang='lat' dir='ltr'><strong>non</strong></span> <span class='ocrx_word' id='word_1_672' title='bbox 725 4862 887 4919; x_wconf 91' lang='lat' dir='ltr'><strong>modo</strong></span> <span class='ocrx_word' id='word_1_673' title='bbox 925 4878 955 4917; x_wconf 89' lang='lat' dir='ltr'><strong>a</strong></span> <span class='ocrx_word' id='word_1_674' title='bbox 1005 4877 1253 4936; x_wconf 87' lang='lat' dir='ltr'><strong>corpore,</strong></span> <span class='ocrx_word' id='word_1_675' title='bbox 1288 4878 1475 4919; x_wconf 87' lang='lat' dir='ltr'><strong>verum</strong></span> <span class='ocrx_word' id='word_1_676' title='bbox 1504 4876 1560 4920; x_wconf 90' lang='lat' dir='ltr'><strong>et</strong></span> <span class='ocrx_word' id='word_1_677' title='bbox 1604 4866 1671 4939; x_wconf 87' lang='lat' dir='ltr'><strong>ab</strong></span> 
     </span>
    </p>
   </div>
   <div class='ocr_carea' id='block_1_61' title="bbox 74 4957 1671 5031">
    <p class='ocr_par' dir='ltr' id='par_1_61' title="bbox 74 4957 1671 5031">
     <span class='ocr_line' id='line_1_61' title="bbox 74 4957 1671 5031; baseline -0.003 -11"><span class='ocrx_word' id='word_1_678' title='bbox 74 4966 264 5021; x_wconf 87' lang='lat' dir='ltr'><strong>animo</strong></span> <span class='ocrx_word' id='word_1_679' title='bbox 309 4975 655 5031; x_wconf 89' lang='lat' dir='ltr'><strong>summopere</strong></span> <span class='ocrx_word' id='word_1_680' title='bbox 702 4957 1045 5013; x_wconf 90' lang='lat' dir='ltr'><strong>arcendum:</strong></span> <span class='ocrx_word' id='word_1_681' title='bbox 1080 4972 1351 5013; x_wconf 70' lang='lat' dir='ltr'><strong>asserens</strong></span> <span class='ocrx_word' id='word_1_682' title='bbox 1400 4975 1505 5013; x_wconf 88' lang='lat' dir='ltr'><strong>non</strong></span> <span class='ocrx_word' id='word_1_683' title='bbox 1549 4974 1671 5017; x_wconf 90' lang='lat' dir='ltr'><strong>esse</strong></span> 
     </span>
    </p>
   </div>
   <div class='ocr_carea' id='block_1_62' title="bbox 76 5048 1667 5124">
    <p class='ocr_par' dir='ltr' id='par_1_62' title="bbox 76 5048 1667 5124">
     <span class='ocr_line' id='line_1_62' title="bbox 76 5048 1667 5124; baseline -0.001 -11"><span class='ocrx_word' id='word_1_684' title='bbox 76 5062 298 5113; x_wconf 82' lang='lat' dir='ltr'><strong>domum</strong></span> <span class='ocrx_word' id='word_1_685' title='bbox 349 5054 568 5124; x_wconf 87' lang='lat' dir='ltr'><strong>dignam</strong></span> <span class='ocrx_word' id='word_1_686' title='bbox 624 5050 959 5109; x_wconf 87' lang='lat' dir='ltr'><strong>habitatione</strong></span> <span class='ocrx_word' id='word_1_687' title='bbox 1009 5048 1243 5120; x_wconf 89' lang='lat' dir='ltr'><strong>Spiritus</strong></span> <span class='ocrx_word' id='word_1_688' title='bbox 1293 5052 1503 5116; x_wconf 88' lang='lat' dir='ltr'><strong>sancti,</strong></span> <span class='ocrx_word' id='word_1_689' title='bbox 1559 5055 1667 5111; x_wconf 91' lang='lat' dir='ltr'><strong>imo</strong></span> 
     </span>
    </p>
   </div>
   <div class='ocr_carea' id='block_1_63' title="bbox 78 5140 1661 5221">
    <p class='ocr_par' dir='ltr' id='par_1_63' title="bbox 78 5140 1661 5221">
     <span class='ocr_line' id='line_1_63' title="bbox 78 5140 1661 5221; baseline -0.001 -18"><span class='ocrx_word' id='word_1_690' title='bbox 78 5152 329 5221; x_wconf 76' lang='lat' dir='ltr'><strong>refugere</strong></span> <span class='ocrx_word' id='word_1_691' title='bbox 393 5158 490 5197; x_wconf 90' lang='lat' dir='ltr'><strong>cor</strong></span> <span class='ocrx_word' id='word_1_692' title='bbox 545 5140 947 5204; x_wconf 87' lang='lat' dir='ltr'><strong>colluvioaibus</strong></span> <span class='ocrx_word' id='word_1_693' title='bbox 1007 5140 1299 5196; x_wconf 88' lang='lat' dir='ltr'><strong>immundis</strong></span> <span class='ocrx_word' id='word_1_694' title='bbox 1361 5156 1661 5203; x_wconf 89' lang='lat' dir='ltr'><strong>assuetum.</strong></span> 
     </span>
    </p>
   </div>
   <div class='ocr_carea' id='block_1_64' title="bbox 78 5233 1685 5306">
    <p class='ocr_par' dir='ltr' id='par_1_64' title="bbox 78 5233 1685 5306">
     <span class='ocr_line' id='line_1_64' title="bbox 78 5233 1685 5306; baseline 0 -11"><span class='ocrx_word' id='word_1_695' title='bbox 78 5242 333 5300; x_wconf 74' lang='lat' dir='ltr'><strong>Mttndum</strong></span> <span class='ocrx_word' id='word_1_696' title='bbox 382 5242 436 5287; x_wconf 86' lang='lat' dir='ltr'><strong>et</strong></span> <span class='ocrx_word' id='word_1_697' title='bbox 471 5248 596 5306; x_wconf 67' lang='lat' dir='ltr'><strong>qua:</strong></span> <span class='ocrx_word' id='word_1_698' title='bbox 642 5234 769 5304; x_wconf 88' lang='lat' dir='ltr'><strong>ejus</strong></span> <span class='ocrx_word' id='word_1_699' title='bbox 814 5240 971 5295; x_wconf 91' lang='lat' dir='ltr'><strong>sunt,</strong></span> <span class='ocrx_word' id='word_1_700' title='bbox 1004 5246 1033 5284; x_wconf 88' lang='lat' dir='ltr'><strong>a</strong></span> <span class='ocrx_word' id='word_1_701' title='bbox 1062 5233 1241 5287; x_wconf 89' lang='lat' dir='ltr'><strong>cordis</strong></span> <span class='ocrx_word' id='word_1_702' title='bbox 1270 5250 1452 5290; x_wconf 88' lang='lat' dir='ltr'><strong>amore</strong></span> <span class='ocrx_word' id='word_1_703' title='bbox 1491 5241 1685 5296; x_wconf 71' lang='lat' dir='ltr'><strong>seclu-&#39;</strong></span> 
     </span>
    </p>
   </div>
   <div class='ocr_carea' id='block_1_65' title="bbox 76 5323 1664 5398">
    <p class='ocr_par' dir='ltr' id='par_1_65' title="bbox 76 5323 1664 5398">
     <span class='ocr_line' id='line_1_65' title="bbox 76 5323 1664 5398; baseline -0.003 -5"><span class='ocrx_word' id='word_1_704' title='bbox 76 5335 302 5393; x_wconf 80' lang='lat' dir='ltr'><strong>dentlum</strong></span> <span class='ocrx_word' id='word_1_705' title='bbox 332 5326 552 5393; x_wconf 74' lang='lat' dir='ltr'><strong>penitus</strong></span> <span class='ocrx_word' id='word_1_706' title='bbox 577 5327 899 5388; x_wconf 71' lang='lat' dir='ltr'><strong>amr-mnus,</strong></span> <span class='ocrx_word' id='word_1_707' title='bbox 931 5323 1063 5378; x_wconf 85' lang='lat' dir='ltr'><strong>nihil</strong></span> <span class='ocrx_word' id='word_1_708' title='bbox 1104 5335 1301 5393; x_wconf 73' lang='lat' dir='ltr'><strong>prmtcr</strong></span> <span class='ocrx_word' id='word_1_709' title='bbox 1340 5330 1481 5398; x_wconf 92' lang='lat' dir='ltr'><strong>quod</strong></span> <span class='ocrx_word' id='word_1_710' title='bbox 1523 5335 1664 5388; x_wconf 89' lang='lat' dir='ltr'><strong>Deus</strong></span> 
     </span>
    </p>
   </div>
   <div class='ocr_carea' id='block_1_66' title="bbox 818 5413 999 5434">
    <p class='ocr_par' dir='ltr' id='par_1_66' title="bbox 818 5413 999 5434">
     <span class='ocr_line' id='line_1_66' title="bbox 818 5413 999 5434; baseline 0 0"><span class='ocrx_word' id='word_1_711' title='bbox 818 5413 871 5434; x_wconf 65' lang='grc' dir='ltr'><strong><em>ΞΔ</em></strong></span> <span class='ocrx_word' id='word_1_712' title='bbox 925 5423 999 5434; x_wconf 66' lang='grc' dir='ltr'><strong>--ι</strong></span> 
     </span>
    </p>
   </div>
   <div class='ocr_carea' id='block_1_67' title="bbox 1777 4673 3356 4748">
    <p class='ocr_par' dir='ltr' id='par_1_67' title="bbox 1777 4673 3356 4748">
     <span class='ocr_line' id='line_1_67' title="bbox 1777 4673 3356 4748; baseline -0.007 -10"><span class='ocrx_word' id='word_1_713' title='bbox 1777 4683 1987 4738; x_wconf 89' lang='lat' dir='ltr'><strong>duobus</strong></span> <span class='ocrx_word' id='word_1_714' title='bbox 2010 4681 2243 4736; x_wconf 85' lang='lat' dir='ltr'><strong>excitata</strong></span> <span class='ocrx_word' id='word_1_715' title='bbox 2274 4676 2548 4748; x_wconf 79' lang='lat' dir='ltr'><strong>signiferis</strong></span> <span class='ocrx_word' id='word_1_716' title='bbox 2574 4676 2709 4731; x_wconf 88' lang='lat' dir='ltr'><strong>adeo</strong></span> <span class='ocrx_word' id='word_1_717' title='bbox 2751 4673 3053 4736; x_wconf 85' lang='lat' dir='ltr'><strong>convaluit,</strong></span> <span class='ocrx_word' id='word_1_718' title='bbox 3099 4682 3157 4728; x_wconf 90' lang='lat' dir='ltr'><strong>ut</strong></span> <span class='ocrx_word' id='word_1_719' title='bbox 3194 4673 3281 4743; x_wconf 77' lang='lat' dir='ltr'><strong>vix</strong></span> <span class='ocrx_word' id='word_1_720' title='bbox 3320 4688 3356 4727; x_wconf 73' lang='grc' dir='ltr'><strong>ιι</strong></span> 
     </span>
    </p>
   </div>
   <div class='ocr_carea' id='block_1_68' title="bbox 1779 4762 3350 4844">
    <p class='ocr_par' dir='ltr' id='par_1_68' title="bbox 1779 4762 3350 4844">
     <span class='ocr_line' id='line_1_68' title="bbox 1779 4762 3350 4844; baseline -0.008 -15"><span class='ocrx_word' id='word_1_721' title='bbox 1779 4773 2023 4844; x_wconf 86' lang='lat' dir='ltr'><strong>magistri</strong></span> <span class='ocrx_word' id='word_1_722' title='bbox 2066 4773 2213 4828; x_wconf 62' lang='lat' dir='ltr'><strong>cattle</strong></span> <span class='ocrx_word' id='word_1_723' title='bbox 2240 4780 2295 4825; x_wconf 89' lang='lat' dir='ltr'><strong>et</strong></span> <span class='ocrx_word' id='word_1_724' title='bbox 2324 4771 2588 4824; x_wconf 91' lang='lat' dir='ltr'><strong>bonorum</strong></span> <span class='ocrx_word' id='word_1_725' title='bbox 2625 4779 2865 4820; x_wconf 74' lang='lat' dir='ltr'><strong>Virorum</strong></span> <span class='ocrx_word' id='word_1_726' title='bbox 2895 4766 2986 4836; x_wconf 89' lang='lat' dir='ltr'><strong>qui</strong></span> <span class='ocrx_word' id='word_1_727' title='bbox 3024 4764 3124 4819; x_wconf 90' lang='lat' dir='ltr'><strong>sibi</strong></span> <span class='ocrx_word' id='word_1_728' title='bbox 3168 4762 3350 4817; x_wconf 72' lang='lat' dir='ltr'><strong>adlue-</strong></span> 
     </span>
    </p>
   </div>
   <div class='ocr_carea' id='block_1_69' title="bbox 1778 4855 3359 4932">
    <p class='ocr_par' dir='ltr' id='par_1_69' title="bbox 1778 4855 3359 4932">
     <span class='ocr_line' id='line_1_69' title="bbox 1778 4855 3359 4932; baseline -0.007 -10"><span class='ocrx_word' id='word_1_729' title='bbox 1778 4867 1969 4922; x_wconf 83' lang='lat' dir='ltr'><strong>rebant</strong></span> <span class='ocrx_word' id='word_1_730' title='bbox 1999 4865 2244 4921; x_wconf 88' lang='lat' dir='ltr'><strong>manibus</strong></span> <span class='ocrx_word' id='word_1_731' title='bbox 2267 4867 2654 4932; x_wconf 89' lang='lat' dir='ltr'><strong>temperarent.</strong></span> <span class='ocrx_word' id='word_1_732' title='bbox 2687 4855 2950 4913; x_wconf 80' lang='lat' dir='ltr'><strong>Videntcs</strong></span> <span class='ocrx_word' id='word_1_733' title='bbox 2970 4872 3133 4929; x_wconf 85' lang='lat' dir='ltr'><strong>porro</strong></span> <span class='ocrx_word' id='word_1_734' title='bbox 3161 4855 3359 4925; x_wconf 86' lang='lat' dir='ltr'><strong>quibus</strong></span> 
     </span>
    </p>
   </div>
   <div class='ocr_carea' id='block_1_70' title="bbox 1775 4949 3362 5033">
    <p class='ocr_par' dir='ltr' id='par_1_70' title="bbox 1775 4949 3362 5033">
     <span class='ocr_line' id='line_1_70' title="bbox 1775 4949 3362 5033; baseline -0.009 -16"><span class='ocrx_word' id='word_1_735' title='bbox 1775 4960 2077 5033; x_wconf 86' lang='lat' dir='ltr'><strong>periculum</strong></span> <span class='ocrx_word' id='word_1_736' title='bbox 2115 4954 2432 5014; x_wconf 85' lang='lat' dir='ltr'><strong>imminebat</strong></span> <span class='ocrx_word' id='word_1_737' title='bbox 2458 4995 2473 5019; x_wconf 93' lang='lat'><strong>,</strong></span> <span class='ocrx_word' id='word_1_738' title='bbox 2518 4970 2625 5026; x_wconf 86' lang='lat' dir='ltr'><strong>quo</strong></span> <span class='ocrx_word' id='word_1_739' title='bbox 2666 4960 2789 5004; x_wconf 84' lang='lat' dir='ltr'><strong>vota</strong></span> <span class='ocrx_word' id='word_1_740' title='bbox 2827 4955 3082 5008; x_wconf 86' lang='lat' dir='ltr'><strong>tenebant</strong></span> <span class='ocrx_word' id='word_1_741' title='bbox 3111 4949 3362 5004; x_wconf 52' lang='lat' dir='ltr'><strong>inimicoa</strong></span> 
     </span>
    </p>
   </div>
   <div class='ocr_carea' id='block_1_71' title="bbox 1775 5042 3367 5125">
    <p class='ocr_par' dir='ltr' id='par_1_71' title="bbox 1775 5042 3367 5125">
     <span class='ocr_line' id='line_1_71' title="bbox 1775 5042 3367 5125; baseline -0.01 -20"><span class='ocrx_word' id='word_1_742' title='bbox 1775 5066 1896 5105; x_wconf 86' lang='lat' dir='ltr'><strong>rum</strong></span> <span class='ocrx_word' id='word_1_743' title='bbox 1945 5049 2097 5125; x_wconf 86' lang='lat' dir='ltr'><strong>[al.,</strong></span> <span class='ocrx_word' id='word_1_744' title='bbox 2146 5045 2543 5121; x_wconf 83' lang='lat' dir='ltr'><strong>iniquorum],</strong></span> <span class='ocrx_word' id='word_1_745' title='bbox 2589 5042 2729 5113; x_wconf 62' lang='lat' dir='ltr'><strong>fugae</strong></span> <span class='ocrx_word' id='word_1_746' title='bbox 2778 5042 3024 5100; x_wconf 84' lang='lat' dir='ltr'><strong>subsidio</strong></span> <span class='ocrx_word' id='word_1_747' title='bbox 3067 5056 3125 5097; x_wconf 90' lang='lat' dir='ltr'><strong>se</strong></span> <span class='ocrx_word' id='word_1_748' title='bbox 3175 5053 3367 5096; x_wconf 80' lang='lat' dir='ltr'><strong>eorum</strong></span> 
     </span>
    </p>
   </div>
   <div class='ocr_carea' id='block_1_72' title="bbox 1774 5133 3367 5214">
    <p class='ocr_par' dir='ltr' id='par_1_72' title="bbox 1774 5133 3367 5214">
     <span class='ocr_line' id='line_1_72' title="bbox 1774 5133 3367 5214; baseline -0.008 -16"><span class='ocrx_word' id='word_1_749' title='bbox 1774 5146 2029 5202; x_wconf 87' lang='lat' dir='ltr'><strong>manibus</strong></span> <span class='ocrx_word' id='word_1_750' title='bbox 2057 5144 2398 5214; x_wconf 84' lang='lat' dir='ltr'><strong>eripuerunt,</strong></span> <span class='ocrx_word' id='word_1_751' title='bbox 2423 5151 2481 5193; x_wconf 87' lang='lat' dir='ltr'><strong>et</strong></span> <span class='ocrx_word' id='word_1_752' title='bbox 2508 5142 2560 5197; x_wconf 92' lang='lat' dir='ltr'><strong>in</strong></span> <span class='ocrx_word' id='word_1_753' title='bbox 2586 5133 2879 5194; x_wconf 84' lang='lat' dir='ltr'><strong>ecclesiam</strong></span> <span class='ocrx_word' id='word_1_754' title='bbox 2907 5136 3217 5194; x_wconf 79' lang='lat' dir='ltr'><strong>S.‘.loannis</strong></span> <span class='ocrx_word' id='word_1_755' title='bbox 3242 5146 3367 5186; x_wconf 85' lang='lat' dir='ltr'><strong>sese</strong></span> 
     </span>
    </p>
   </div>
   <div class='ocr_carea' id='block_1_73' title="bbox 1773 5227 3383 5303">
    <p class='ocr_par' dir='ltr' id='par_1_73' title="bbox 1773 5227 3383 5303">
     <span class='ocr_line' id='line_1_73' title="bbox 1773 5227 3383 5303; baseline -0.007 -12"><span class='ocrx_word' id='word_1_756' title='bbox 1773 5228 2153 5302; x_wconf 81' lang='lat' dir='ltr'><strong>contulerunt,</strong></span> <span class='ocrx_word' id='word_1_757' title='bbox 2191 5231 2401 5289; x_wconf 87' lang='lat' dir='ltr'><strong>Domini</strong></span> <span class='ocrx_word' id='word_1_758' title='bbox 2447 5227 2715 5303; x_wconf 85' lang='lat' dir='ltr'><strong>potestati</strong></span> <span class='ocrx_word' id='word_1_759' title='bbox 2750 5237 2811 5282; x_wconf 90' lang='lat' dir='ltr'><strong>et</strong></span> <span class='ocrx_word' id='word_1_760' title='bbox 2852 5232 3234 5290; x_wconf 66' lang='lat' dir='ltr'><strong>misericordiae</strong></span> <span class='ocrx_word' id='word_1_761' title='bbox 3274 5228 3383 5280; x_wconf 59' lang='lat' dir='ltr'><strong>cor‘</strong></span> 
     </span>
    </p>
   </div>
   <div class='ocr_carea' id='block_1_74' title="bbox 1775 5324 3385 5401">
    <p class='ocr_par' dir='ltr' id='par_1_74' title="bbox 1775 5324 3385 5401">
     <span class='ocr_line' id='line_1_74' title="bbox 1775 5324 3385 5401; baseline -0.009 -20"><span class='ocrx_word' id='word_1_762' title='bbox 1775 5328 2097 5401; x_wconf 87' lang='lat' dir='ltr'><strong>animasque</strong></span> <span class='ocrx_word' id='word_1_763' title='bbox 2126 5342 2256 5382; x_wconf 88' lang='lat' dir='ltr'><strong>suas</strong></span> <span class='ocrx_word' id='word_1_764' title='bbox 2285 5326 2757 5382; x_wconf 86' lang='lat' dir='ltr'><strong>commendantes.</strong></span> <span class='ocrx_word' id='word_1_765' title='bbox 3380 5324 3385 5327; x_wconf 85' lang='lat'>&#39;</span> 
     </span>
    </p>
   </div>
   <div class='ocr_carea' id='block_1_75' title="bbox 2143 5408 2856 5434">
    <p class='ocr_par' dir='ltr' id='par_1_75' title="bbox 2143 5408 2856 5434">
     <span class='ocr_line' id='line_1_75' title="bbox 2143 5408 2856 5434; baseline 0 0"><span class='ocrx_word' id='word_1_766' title='bbox 2143 5418 2178 5434; x_wconf 75' lang='grc' dir='ltr'><strong>ΙΙ</strong></span> <span class='ocrx_word' id='word_1_767' title='bbox 2267 5418 2278 5434; x_wconf 75' lang='grc' dir='ltr'><strong>ι</strong></span> <span class='ocrx_word' id='word_1_768' title='bbox 2378 5432 2381 5434; x_wconf 94' lang='grc'>.</span> <span class='ocrx_word' id='word_1_769' title='bbox 2606 5408 2795 5434; x_wconf 69' lang='grc' dir='ltr'><strong>.--ΙΙΣ..-</strong></span> <span class='ocrx_word' id='word_1_770' title='bbox 2839 5424 2856 5434; x_wconf 69' lang='lat'>.</span> 
     </span>
    </p>
   </div>
  </div>
