3916 5434
544 268 652 326 959

1519 268 1921 328 ADREVALDI.
1949 264 2444 322 FLOBIACENSIS
2482 267 2784 324 MONACIII

3673 274 3753 332 960

545 392 614 445 ad
645 403 741 444 eos
762 387 1021 453 accessit,
1052 395 1108 444 et
1126 386 1418 443 lenissimis
1438 387 1615 442 verbis
1639 401 1826 441 eorum
1859 383 2119 439 tumentia
2146 384 2197 447 Λ
2226 381 2442 437 nomine
2464 382 2811 440 Mummolum
2831 425 2851 452 ,
2871 350 3146 457 suasitque
3168 388 3217 443 ei
3247 388 3401 445 atad
3416 392 3753 446 monasterium

550 482 716 536 corda
741 480 951 534 mollire
976 479 1198 534 studuit.
1228 477 1322 534 His
1346 479 1491 534 enim
1520 479 1698 532 verbis
1723 493 1819 533 eos
1842 476 2127 531 convenit:

554 594 574 625 ‹
603 574 647 629 0
668 572 799 628 mihi
824 571 1121 627 dulcissimi
1150 579 1206 626 et
1234 572 1459 626 nimium
1484 570 1843 625 amantissimi
1869 569 1994 633 ﬁlii,
2023 583 2136 637 quo

551 663 785 733 impulsu
838 662 1016 733 fwdus
1066 672 1352 732 paternum
1406 661 1818 731 fraternumque
1872 660 2131 714 violatis?

556 753 694 822 Quid
723 752 853 807 illud
896 754 1165 824 estquod
1208 768 1305 808 vos
1345 743 1592 824 prbprios
1627 751 1825 806 fratres
1865 750 1992 805 fecit
2031 766 2130 805 ne-

555 846 739 901 scire?
787 845 869 899 An
912 846 1354 915 igrioratiquuod
1399 845 1641 901 diabolus
1669 861 1829 899 causa
1868 843 2133 912 superbiae

551 948 609 995 et
638 940 925 996 discordiae
968 956 998 1007 a
1039 940 1162 996 cmli
1192 942 1539 1009 perturbatus
1568 942 1635 996 sit
1673 941 1949 995 culmine?
1993 939 2149 994 Num,

553 1044 737 1086 mente
790 1033 1026 1088 excessit
1079 1033 1327 1102 superbis
1384 1032 1514 1087 solis
1569 1032 1804 1087 ablatam
1859 1045 1980 1087 esse
2034 1045 2133 1100 pro

556 1128 767 1179 summa
793 1125 1029 1179 vindicta
1061 1124 1310 1178 unionem
1338 1124 1531 1192 lingua:
1551 1164 1565 1188 ,
1593 1134 1647 1176 et
1678 1139 1951 1191 nunquam
1981 1137 2135 1192 repa-

555 1218 737 1271 ratum
779 1217 882 1291 nisi
924 1217 1155 1272 adventu
1189 1216 1423 1286 Spiritus
1455 1218 1626 1271 sancti
1654 1217 1933 1286 coagulum
1958 1216 2137 1288 chari-

555 1308 687 1363 tatis
731 1308 1086 1376 significantis
1130 1310 1181 1363 in
1232 1309 1372 1378 ignis
1415 1308 1637 1377 specie?
1662 1309 1860 1363 Discite
1896 1323 2025 1377 ergo
2064 1306 2136 1361 si-

559 1398 876 1453 multatibus
924 1402 1264 1464 renuntiare,
1316 1407 1371 1455 et
1421 1398 1633 1452 Domini
1685 1398 1869 1453 verbis
1912 1397 2133 1451 obedire

562 1488 793 1544 dicentis
822 1506 835 1541 :
877 1487 1079 1541 Discite
1131 1505 1162 1540 a
1215 1504 1318 1552 me,
1353 1489 1477 1558 quia
1525 1487 1666 1541 mitis
1696 1504 1813 1541 sum
1842 1499 1889 1540 et
1925 1485 2141 1539 humilis

2227 476 2333 531 iret
2379 479 2532 547 quasi
2585 480 2784 536 multas
2825 484 3082 550 pecunias
3122 484 3319 540 ibidem
3368 488 3756 555 reperturuth

2229 568 2387 638 cujus
2415 580 2603 640 pectus
2629 586 2751 627 cum
2781 582 2964 631 notam
3016 574 3116 629 sibi
3156 575 3330 630 facem
3370 576 3629 645 cupiditas
3659 578 3758 647 inje-

2234 660 2430 726 cisset,
2475 662 2855 719 incunctanter
2897 664 2999 719 iter
3035 665 3294 735 arripuit,
3332 674 3391 720 et
3424 667 3758 723 monasterium

2232 764 2587 822 sanctumque
2610 755 2784 809 virum
2810 757 2943 811 adiit
2967 775 2980 811 :
3009 765 3066 811 et
3087 758 3223 827 quia.
3241 758 3441 813 crebro
3471 774 3589 812 cum
3611 761 3760 815 eodem

2232 843 2526 900 Mummolo
2566 846 2635 901 de
2676 847 2907 904 utilitate
2933 850 3128 905 animae
3157 849 3410 905 conferre
3433 861 3554 906 erat
3578 854 3758 917 solitas,

2232 936 2371 991 nihil
2410 937 2618 993 veritus
2663 955 2786 994 eum
2828 943 3099 1017 suscepit,
3141 950 3198 997 et
3238 943 3531 1013 magniﬁco
3566 946 3762 998 convivio

2233 1043 2357 1083 eum
2387 1031 2565 1084 curari
2590 1031 2737 1086 fecit.
2766 1031 2884 1087 lam
2915 1049 3043 1088 vero
3088 1034 3406 1089 insidiarum
3450 1038 3763 1091 concinnatic-

2238 1134 2334 1173 nes
2380 1133 2479 1188 per
2509 1119 2819 1175 Audocncm
2854 1133 3185 1190 cognoverat
3220 1124 3541 1193 episcopum
3572 1124 3764 1197 [Rettu-

2236 1211 2608 1285 magensem].
2644 1211 2935 1269 Mummolo
2983 1231 3113 1284 ergo
3158 1216 3469 1284 prandente
3512 1225 3567 1270 et
3607 1221 3764 1273 cadet-is

2240 1304 2463 1359 sceleris
2490 1306 2954 1375 conspiratoribus
2979 1348 2993 1369 ,
3023 1308 3203 1361 subito
3229 1308 3538 1365 Archadius
3573 1309 3635 1363 ad
3658 1310 3766 1364 simi-

2236 1394 2515 1449 litudinem
2546 1395 2698 1452 .ludtc
2728 1396 2881 1452 turba
2910 1398 3141 1465 stipatus
3170 1397 3410 1468 maligna
3455 1400 3702 1461 constitit,
3730 1410 3767 1454 et

2238 1483 2563 1552 magistrum
2595 1485 3014 1555 comprehendi,
3042 1486 3275 1551 vinciri,
3299 1486 3634 1556 fustibusque
3659 1491 3765 1543 ιιιΜί

560 1580 718 1635 corde
745 1582 763 1651 (
788 1579 979 1633 Matth.
1011 1597 1067 1636 xl
1164 1580 1314 1649 Quod
1347 1581 1392 1635 si
1418 1589 1640 1650 propter
1667 1595 1755 1635 me
1794 1580 1899 1635 hoc
1937 1580 2136 1650 agitur,
2230 1569 2392 1639 jussit
2417 1589 2435 1626 .'
2467 1574 2609 1640 quod
2634 1582 2688 1627 et
2716 1573 2918 1628 factum
2949 1582 3051 1628 est.
3080 1574 3290 1629 Interea
3316 1575 3407 1627 vir
3436 1576 3595 1629 totius
3618 1578 3771 1642 patien-

561 1675 687 1729 dico
715 1674 868 1729 vobis
896 1673 1045 1729 Jonas
1074 1673 1251 1729 verbis
1277 1689 1291 1728 :
1326 1672 1510 1736 Tollite
1535 1684 1685 1739 meet
1710 1675 1896 1728 mittite
1919 1674 1972 1727 in
1995 1672 2145 1727 mare

2243 1665 2363 1731 tite,
2402 1665 2760 1721 reminiscens
2784 1665 2914 1732 Dei,
2944 1676 3001 1721 et
3027 1666 3313 1722 Dominum
3356 1677 3602 1721 nostrum
3633 1665 3771 1721 Jesun

560 1763 728 1836 (Jan.
761 1780 778 1819 ι
802 1765 821 1834 )
848 1782 862 1818 :
898 1765 1072 1819 satius
1098 1773 1183 1819 est
1213 1765 1344 1819 mihi
1372 1781 1402 1818 a
1430 1764 1583 1820 vobis
1610 1765 1818 1819 secerni
1867 1778 2095 1833 corpore
2120 1803 2137 1830 ,

2246 1756 2517 1811 Christum
2547 1772 2653 1811 non
2678 1771 2778 1826 pro
2804 1771 2863 1811 se
2882 1797 2897 1822 ,
2933 1756 3023 1812 sed
3049 1772 3149 1826 pro
3192 1758 3353 1812 nobis
3395 1758 3652 1811 amariors
3684 1772 3769 1824 pcr-

556 1872 724 1928 quam
754 1872 994 1931 prmsens
1019 1866 1202 1913 vestra
1239 1857 1473 1913 cruciari
1498 1857 1862 1929 dissensione.
1897 1877 1917 1909 ι

665 1988 868 2044 Iterum
893 1989 1051 2061 paulo
1081 2000 1195 2061 post
1230 1989 1536 2045 rebellantes
1569 1990 1781 2062 placare
1818 1988 2028 2045 nititur.

633 2126 724 2180 12.
783 2106 898 2180 Hac
939 2124 1185 2180 oratione
1230 2124 1380 2179 visus
1426 2130 1512 2179 est
1553 2120 1770 2193 quidem
1815 2121 1883 2175 ad
1930 2129 2141 2188 tempus

559 2218 952 2289 compressisse
973 2226 1177 2272 motum
1194 2225 1248 2271 et
1268 2216 1545 2287 mitigasse
1568 2214 1804 2267 furorem
1825 2230 1837 2266 :
1865 2212 1916 2265 in
1937 2219 2143 2264 tantum

561 2320 621 2364 ut
648 2309 749 2380 ipsi
776 2307 1080 2362 faterentur
1121 2307 1370 2375 culpam,
1410 2304 1765 2359 obtenderent
1808 2299 2138 2355 satisfactio-

564 2415 688 2455 nem
715 2416 729 2463 ;
773 2399 865 2455 sed
896 2405 1014 2453 arte
1041 2396 1409 2466 pmctexcbant
1436 2394 1669 2464 culpam.
1703 2392 1859 2447 Anno
1887 2391 2029 2445 enim
2062 2389 2145 2442 in-

567 2499 721 2561 tegro
746 2489 993 2544 diabolus
1018 2488 1070 2543 in
1101 2486 1371 2557 speluncis
1402 2486 1644 2541 cordium
1676 2483 1891 2538 illorum
1924 2479 2023 2535 sub
2051 2477 2143 2533 tuli

569 2580 917 2650 simplicitate
947 2578 1194 2642 delituit;
1234 2592 1336 2632 nec
1377 2575 1481 2631 viri
1516 2575 1608 2630 Dei
1641 2573 1807 2628 valuit
1831 2585 2142 2642 quanquam

569 2672 778 2727 crebris
797 2712 812 2737 ,
847 2672 954 2726 imo
981 2670 1250 2726 continuis
1277 2668 1493 2724 monitis
1521 2683 1550 2722 a
1578 2666 1801 2721 latibulo
1828 2666 2026 2720 Incntis
2053 2678 2144 2718 eo-

566 2779 685 2819 rum
715 2771 968 2831 tanquam
994 2763 1139 2832 aspis
1164 2762 1409 2817 obturata
1436 2775 1567 2815 aure
1592 2759 1817 2823 abduci,
1845 2757 1973 2827 quin
2003 2772 2145 2811 sem-

571 2870 669 2927 per
699 2854 1164 2917 machinarentur,
1194 2862 1459 2923 quatenus
1496 2860 1731 2921 emptum
1768 2864 1922 2905 suum
1958 2856 2145 2917 optato

570 2948 678 3002 ﬁne
701 2946 1105 3003 concluderent.
1140 2946 1246 3002 Sed
1272 2963 1394 3002 cum
1420 2946 1532 3016 jam
1566 2945 1691 3000 talia
1730 2960 1828 3015 per
1854 2944 2144 2998 multorum

571 3052 666 3092 ora
690 3036 979 3092 volitarent
997 3075 1012 3101 ,
1037 3043 1092 3090 et
1111 3036 1176 3090 ad
1202 3050 1380 3105 regem
1403 3050 1573 3105 usque
1593 3034 2035 3103 pervchercntur,
2050 3047 2143 3086 ve-

2234 1847 2447 1910 ,tulissc,
2466 1856 2521 1901 et
2546 1847 2667 1902 ideo
2692 1855 2801 1902 tota
2831 1847 3024 1903 ﬁducia
3048 1848 3404 1911 decantabat,
3434 1849 3643 1902 dicens:
3668 1847 3767 1912 Quid

2242 1937 2525 1992 retribuam
2560 1936 2785 1992 Domino
2814 1954 2909 2008 pro
2941 1937 3179 1992 omnibus
3209 1955 3329 2007 qui:
3373 1939 3607 1991 retribuit
3640 1940 3765 1991 mihi?

2242 2018 2472 2083 Calicem
2506 2027 2758 2083 salutaris
2794 2030 3051 2099 accipiant
3093 2037 3143 2084 et
3191 2046 3388 2085 nomen
3439 2029 3637 2084 Domini
3662 2032 3766 2082 im-

2241 2119 2375 2174 cabo
2406 2118 2423 2189 (
2449 2117 2602 2172 Psal.
2628 2134 2729 2173 cxv
2751 2120 2791 2188 ).
2824 2117 3118 2174 Laceratus
3141 2134 3273 2187 ergo
3302 2129 3363 2174 et
3405 2119 3639 2183 vinctus,
3669 2118 3764 2172 ludi-

2241 2212 2467 2281 brioque
2516 2212 2768 2277 habitus,
2817 2219 2944 2267 ante
2994 2227 3090 2266 ora
3150 2216 3565 2281 persecutorum
3608 2226 3766 2265 suorum

2243 2302 2651 2372 exponebatur,
2706 2316 2983 2370 quousque
3031 2316 3138 2355 nox
3183 2300 3290 2355 luci
3343 2301 3765 2370 superduceretar:

2243 2409 2363 2464 quae
2391 2409 2514 2447 cum
2534 2409 2634 2448 suo
2661 2402 2900 2465 tempore
2926 2403 3097 2447 terras
3123 2394 3341 2463 operire
3372 2394 3639 2464 ccepisset,
3662 2394 3771 2446 mini-

2243 2486 2343 2541 stri
2370 2486 2582 2540 Satanae
2608 2502 2702 2541 eos
2725 2502 2862 2555 quos
2889 2494 3076 2541 sancto
3121 2486 3238 2542 viro
3283 2485 3606 2542 familiarius
3639 2487 3767 2541 allii:-
3830 2534 3834 2545 .

2245 2578 2379 2632 sisse
2425 2576 2688 2643 sciebant,
2739 2593 2769 2631 a
2816 2576 3069 2633 claustris
3116 2579 3441 2633 monasterii
3491 2577 3771 2642 eductos.ad

2246 2670 2458 2725 Patrem
2509 2671 2781 2725 adducunt
2832 2679 3085 2739 tanquam
3138 2670 3345 2740 pariter
3395 2670 3696 2731 audiendos,
3730 2684 3770 2722 re

2246 2771 2425 2816 autem
2473 2776 2600 2815 vera
2645 2769 2702 2814 ut
2744 2760 2902 2815 simul
2945 2764 3200 2831 passuros
3226 2777 3240 2813 :
3268 2775 3387 2815 non
3434 2761 3576 2814 enim
3614 2758 3768 2812 volebat

2247 2853 2508 2908 Divinitas
2531 2852 2701 2908 solum
2728 2852 2840 2923 pali
2863 2861 3155 2923 pastorem,
3175 2852 3269 2907 sed
3295 2852 3505 2910 habere
3522 2851 3769 2922 participem

2247 2962 2483 3017 gregem.
2540 2944 2612 2999 At
2636 2961 2764 3000 vero
2792 2946 2964 3000 sancti
3002 2960 3161 3000 verse.
3181 2944 3427 3008 virtutis,
3462 2953 3648 3013 utpote
3681 2941 3763 3007 Spi-

2248 3037 2352 3092 ritu
2368 3045 2554 3093 sancto
2565 3036 2874 3101 confortati,
2888 3036 3037 3107 quasi
3047 3032 3769 3107 jamjamquejugulosensibﬁ

566 3135 752 3187 rentes
790 3126 1203 3197 conspirationis
1240 3135 1488 3181 auctores
1516 3126 1656 3196 regis
1693 3139 1762 3178 ne
1789 3122 2053 3179 severitas
2086 3120 2138 3174 in
2170 3116 2214 3178 C
2246 3130 2544 3201 prmbituri,
2571 3129 2818 3202 ultimum
2850 3128 2968 3183 vale
2997 3128 3097 3183 sibi
3123 3128 3406 3192 dicebant,
3436 3138 3491 3182 et
3514 3126 3765 3181 alterutrum

571 3234 666 3275 eos
691 3217 1178 3284 animadverteret,
1205 3218 1564 3276 decreverunt
1591 3226 1650 3271 ut
1675 3215 1809 3270 alter
1836 3231 1965 3271 corn
1976 3232 2024 3268 m
2045 3255 2060 3280 ,
2091 3214 2146 3269 id

556 3319 658 3367 est
685 3310 988 3366 Arehadius
1009 3351 1022 3376 ,
1051 3311 1380 3366 monasterio
1406 3310 1739 3369 discederet.
1774 3318 2146 3363 commoturus

570 3403 798 3459 clericos
832 3402 1098 3469 civitatis,
1138 3412 1194 3458 et
1230 3417 1583 3472 quoscunque
1620 3400 1958 3456 srecularium
2004 3390 2163 3452 vale?

570 3501 692 3547 ret.
743 3492 1038 3548 Columbus
1081 3508 1209 3548 vero
1258 3492 1397 3547 infra
1438 3493 1825 3547 monasterium
1869 3492 2143 3557 residens,

571 3598 665 3638 eos
692 3582 783 3653 qui
822 3598 853 3637 a
895 3592 1084 3638 sancto
1110 3584 1227 3639 viro
1254 3583 1594 3638 desciverant
1621 3584 1676 3638 in
1704 3584 1929 3654 perfidia
1970 3590 2169 3657 erepta.

574 3660 958 3741 conﬁrmaret,
986 3684 1041 3729 et
1066 3675 1112 3730 si
1142 3689 1278 3745 quos
1303 3683 1484 3744 posset
1513 3675 1615 3729 sibi
1642 3676 1895 3729 sociaret.
1924 3674 1993 3728 At
2019 3688 2170 3753 vero~

573 3778 795 3822 sanctus
841 3766 925 3821 vir
962 3764 1210 3837 Aigulfus
1252 3781 1466 3835 semper
1507 3767 1770 3822 doctrinae
1801 3767 2036 3822 instabat
2069 3766 2149 3820 di-

574 3874 745 3912 cens:
778 3856 1032 3922 Fratres,
1067 3856 1306 3926 Spiritus
1332 3860 1501 3914 sancti
1536 3861 1695 3915 verba
1723 3868 1850 3916 sunt
1876 3861 2143 3917 dicentis:

573 3949 837 4004 Dominus
877 3948 1159 4004 unanimes
1205 3948 1334 4005 facit
1373 3951 1620 4007 habitare
1664 3951 1717 4006 in
1765 3952 1924 4008 domo
1954 3952 1972 4024 (
1997 3950 2146 4011 Psal.

576 4055 722 4096 vaII
744 4040 784 4111 ).
815 4038 916 4106 Qui
947 4055 1078 4111 ergo
1102 4042 1511 4099 unanimitatem
1544 4032 1649 4099 nun
1680 4053 1898 4109 tenent,
1940 4044 2155 4101 habita-

575 4136 779 4192 tionem
810 4137 999 4193 domus
1029 4138 1122 4193 Dei
1148 4138 1532 4209 perdiderunt,
1561 4147 1617 4194 et
1645 4140 1699 4194 in
1726 4140 1923 4196 diaboli
1948 4150 2151 4196 sortem

579 4235 986 4282 concesserunt.
1026 4227 1257 4299 Ideoque
1287 4237 1498 4299 oportet
1525 4246 1624 4285 nos
1651 4231 1936 4286 charitalis
1959 4232 2152 4287 vincu-

576 4316 643 4373 lis
668 4314 922 4385 necli,‘ct
952 4332 1056 4374 non
1085 4319 1440 4376 scissionibus
1467 4320 1654 4376 dividi.

2250 3223 2301 3277 in
2332 3221 2514 3277 oscula
2538 3230 2758 3276 ruentes
2782 3219 3233 3276 commendabant
3254 3220 3475 3289 seipsos
3492 3220 3702 3281 Domino,
3714 3217 3767 3270 di-
3856 3217 3857 3275 ἶ

2249 3320 2433 3366 centes
2463 3310 2511 3365 ei
2543 3326 2664 3365 cum
2696 3310 2927 3364 maxima
2960 3309 3151 3364 ﬁducia
3181 3327 3195 3363 :
3229 3307 3468 3379 Propter
3488 3319 3560 3374 te,
3584 3309 3761 3365 Domine.

2248 3411 2424 3455 morte
2446 3400 2740 3468 allicimur;
2767 3409 2875 3455 tota
2905 3400 3010 3462 die,
3039 3400 3291 3455 aestimati
3320 3417 3518 3456 sumus
3540 3402 3660 3455 sicut
3680 3410 3769 3452 ores

2247 3493 2534 3549 occisionis
2561 3492 2732 3565 (Psal.
2762 3492 2915 3564 XLIII)
2948 3511 2961 3546 :
2990 3508 3057 3546 ne
3085 3508 3215 3564 ergo
3254 3508 3358 3548 nos
3407 3493 3629 3563 repellas
3650 3494 3692 3546 in
3726 3490 3766 3541 ﬁ«
3856 3488 3857 3563 ξ

2249 3602 2393 3642 nem.
2436 3586 2677 3655 Itemque
2711 3586 3001 3641 dicebant:
3033 3584 3319 3640 Collocasti
3360 3601 3467 3641 nos
3511 3586 3563 3639 in
3599 3584 3767 3637 obscuro
3856 3640 3857 3643 η

2250 3678 2388 3733 sicut
2420 3688 2660 3733 mortuos
2685 3678 2865 3732 smculi
2897 3676 3066 3748 (Psnl.
3096 3676 3285 3747 CXLII).
3340 3678 3442 3734 His
3476 3686 3530 3733 et
3568 3674 3771 3732 similibus

2251 3770 2470 3824 vocibus
2514 3778 2569 3825 et
2608 3769 2784 3825 noctis
2840 3770 3091 3825 tenebras
3133 3778 3191 3824 et
3230 3770 3487 3840 proprias
3528 3768 3766 3825 solabamur

2250 3874 2538 3915 aerumnas.

2589 3999 2837 4071 Aigulfus
2852 4017 2880 4054 e
2900 4016 3105 4055 rarcere
3123 4000 3264 4054 exire
3286 4009 3513 4054 recusat.

2326 4134 2414 4189 Η.
2455 4134 2736 4189 Ιηῑθτιιτιξο
2777 4142 2954 4188 autem
2998 4142 3056 4188 et
3094 4132 3294 4187 mutuis
3327 4133 3657 4187 armabantur
3680 4126 3764 4178 allo-

2253 4230 2411 4299 quiis,
2458 4246 2525 4284 ne
2563 4229 2684 4298 quis
2720 4228 3052 4285 inﬁrmorum
3087 4229 3139 4282 in
3170 4229 3370 4283 talibus
3410 4228 3659 4290 deﬁceret,
3682 4237 3763 4277 cum

2253 4325 2399 4379 dicat
2425 4324 2692 4379 veridicus
2720 4323 3007 4393 Apostolus
3040 4340 3054 4374 :
3090 4318 3212 4375 Non
3238 4333 3363 4375 sunt
3406 4323 3653 4376 caudicae
3684 4331 3763 4384 ραι-

2254 4416 2425 4468 sfoues
2462 4414 2619 4483 hujus
2654 4414 2897 4482 temporis
2927 4413 2995 4465 ad
3025 4412 3258 4480 futuram
3289 4411 3513 4482 gloriam
3545 4426 3644 4480 qua
3668 4419 3762 4459 rm-

573 4475 858 4530 Ανεαάειιηι
910 4476 1786 4572 “diﬁcia3158912823Jeﬁcit-
1837 4477 2056 4550 ϐαρείην
2101 4489 2149 4533 ει
2180 4461 2709 4560 υιαωιιινειίηοως
2744 4461 2920 4572 (nam.
2950 4500 3087 4571 wn).
3145 4461 3392 4556 Saneyut
3435 4516 3492 4556 se
3531 4498 3666 4555 habet
3696 4495 3761 4547 in»

1117 4547 1309 4619 ligatur
1337 4564 1455 4601 cum
1483 4548 1611 4602 suis.

649 4681 734 4735 l5.
781 4678 986 4735 Taliter
1032 4681 1124 4737 illo
1167 4690 1361 4752 agente
1401 4692 1456 4736 et
1495 4682 1737 4747 dicente,
1783 4683 2016 4752 quadam
2064 4683 2167 4743 die.

577 4769 880 4825 Archadius
907 4786 1155 4826 reversus
1183 4771 1361 4851 fucata
1393 4772 1729 4838 humilitate,
1762 4774 2008 4843 ﬁctisque
2038 4789 2167 4851 ver-_

582 4863 668 4917 bis
688 4902 703 4928 ,
730 4863 993 4932 promissa
1017 4848 1420 4934 pratteritorum
1449 4866 1823 4930 correctione,
1863 4865 2152 4919 habitatio-

578 4965 701 5004 nem
723 4951 1006 5018 pristinam
1030 4952 1371 5021 precabatur.
1393 4953 1488 5009 Vir
1511 4963 1688 5009 autem
1713 4954 1923 5009 Domini
1944 4962 2153 5024 pestem

582 5040 883 5111 praevidens
925 5041 1183 5095 latentem
1211 5082 1226 5106 ,
1279 5041 1537 5099 fratribus
1581 5045 1985 5110 adnitentibus,
2045 5061 2173 5111 non,

585 5131 747 5186 modo
787 5145 893 5184 non
940 5132 1163 5194 annuit,
1200 5135 1294 5186 sed
1328 5133 1490 5188 etiam
1530 5149 1653 5189 eum
1690 5144 1843 5190 extra
1885 5144 2157 5190 monaste-

590 5225 729 5278 rium
787 5216 1123 5276 eliminavit.
1169 5221 1273 5278 Sed
1337 5224 1425 5278 ille
1482 5226 1693 5295 injurim
1746 5229 2031 5298 impatiens
2087 5229 2165 5284 ad

582 5310 874 5382 quemdam
914 5325 972 5364 se
999 5309 1231 5365 contulit
1266 5312 1485 5367 Vicetia:
1522 5316 1758 5372 civitatis
1795 5318 2091 5388 principem
2127 5310 2173 5360 ι’

2261 4593 2404 4647 mani
2435 4592 2676 4663 corporis
2707 4601 2916 4655 natura,
2955 4606 3064 4660 pra:
3087 4591 3308 4645 tristitia
3336 4605 3497 4660 sopor
3523 4588 3657 4644 solito
3680 4599 3760 4654 gn.

2260 4688 2377 4740 vior
2409 4702 2502 4742 eos
2527 4685 2729 4755 pariter
2751 4684 3002 4754 corripit,
3032 4691 3081 4737 et
3113 4683 3325 4738 vinctos
3348 4683 3549 4739 scilicet
3567 4688 3615 4735 et
3631 4684 3761 4734 custo-

2261 4778 2355 4832 des
2383 4790 2396 4829 :
2423 4776 2518 4831 sed
2549 4790 2685 4829 unus
2711 4774 2991 4829 custodum
3019 4772 3391 4827 misericordia
3419 4780 3583 4826 tactus
3617 4776 3756 4821 tectum

2261 4868 2516 4923 custodiae
2556 4865 2736 4926 subiit,
2763 4864 2974 4933 culmen
3001 4862 3240 4926 nudavit,
3270 4870 3327 4917 et
3350 4861 3416 4916 ad
3441 4860 3604 4931 fugam
3623 4868 3754 4924 capo-

2261 4958 2480 5014 scndam
2538 4966 2756 5013 sanctos
2806 4954 3101 5009 invitavit:
3144 4965 3365 5008 sanctus
3418 4967 3540 5007 vero
3578 4942 3753 5016 Aigulfﬂs

2262 5050 2466 5120 gratias
2505 5048 2644 5102 illius
2673 5046 2943 5102 devotioni
2972 5046 3100 5115 egit,
3134 5044 3228 5099 sed
3256 5052 3311 5099 et
3341 5041 3563 5098 hortatui
3597 5035 3753 5093 minimc

2264 5142 2534 5212 acquievit
2578 5142 2807 5195 dicens:
2845 5158 2862 5190 ς
2888 5139 3009 5194 Sive
3048 5139 3281 5200 vivimus,
3311 5135 3527 5189 Domina
3572 5131 3752 5185 vicinus;

2263 5235 2366 5289 sive
2391 5234 2663 5295 morimur,
2688 5230 2916 5284 Domino
2944 5228 3231 5292 morimur;
3271 5229 3378 5282 sive
3421 5243 3537 5294 ergo
3579 5220 3752 5276 ricini.

2263 5327 2366 5381 sive
2411 5325 2685 5389 morimur,
2732 5320 2942 5379 Domini
2988 5337 3167 5375 sumas
3221 5302 3395 5388 (Rom.
3439 5312 3642 5384 xrv).l'.'t
3669 5304 3753 5375 quia
