3916 5434
56 196 172 251 961

1380 197 1470 253 DE
1506 195 1663 255 VITA
1703 197 1760 253 S.
1802 200 2095 258 AIGULFI.

3258 209 3365 266 96?.

38 309 255 367 semel
287 310 626 384 dispositioni
649 311 793 369 illius
819 325 1013 367 manus
1038 310 1313 376 dedimus,
1353 312 1469 382 ejus
1498 312 1679 365 animo
1707 313 1755 369 Α
1783 310 1913 377 boli,
1940 312 2230 373 Columbus
2259 306 2464 375 scilicet
2491 331 2544 376 et
2563 321 2855 391 Arcadius,
2888 307 3199 387 moventes,
3252 331 3363 375 tam

45 405 322 460 minime
355 405 763 478 refragabimur.
829 406 977 477 Opus
999 406 1141 460 enim
1176 407 1343 476 ipsius
1390 422 1596 470 sumus,
1625 415 1680 461 et

46 495 192 564 ipse
230 496 440 568 figulus
484 507 688 555 noster.
743 497 859 553 Non
906 513 1038 568 ergo
1080 508 1308 553 testeum
1357 514 1450 554 vas
1492 508 1680 554 contra

50 588 325 657 plastem
354 606 511 647 suum
538 592 795 663 conqueri
822 591 906 648 fas
932 600 1038 657 est,
1066 593 1294 664 ideoque
1330 592 1540 648 Domini
1588 591 1682 647 ﬁat

51 678 366 739 voluntas.
397 701 419 737 ι

470 813 684 869 Arcadii
733 814 871 885 falsa
923 814 1300 870 blandimenta.

134 948 239 1006 l5.
285 945 394 1006 llis
419 951 493 1007 ita
515 950 676 1006 dictis
720 950 988 1022 reliquum
1033 952 1207 1006 noetis
1234 951 1354 1005 laus
1379 951 1479 1007 sibi
1505 951 1680 1005 vindi-

49 1041 221 1095 cavit
253 1042 446 1097 div-ina
477 1059 492 1096 :
520 1049 641 1111 post
670 1042 822 1111 cujus
849 1042 1159 1096 abscessum
1199 1041 1439 1112 lucisque
1469 1056 1679 1099 succes-

50 1146 190 1185 sum
220 1131 557 1201 importator
583 1130 903 1186 calamitatis
928 1132 1216 1196 Arcadius,
1238 1132 1457 1189 imitans
1482 1133 1679 1191 diaboli

47 1231 109 1276 et
176 1222 530 1291 perﬁdorum
571 1236 1015 1291 quorumcunque
1057 1238 1240 1286 usum,
1287 1238 1411 1277 cum
1454 1222 1567 1292 ipse
1599 1222 1681 1293 (ut

46 1325 243 1379 supra
277 1320 639 1366 monstratum
683 1312 788 1381 est)
819 1309 981 1382 ca‘put
1007 1311 1173 1367 fuerit
1220 1312 1385 1368 totius
1413 1312 1677 1378 criminis,

46 1401 309 1460 advenit
345 1402 527 1457 verbis
569 1401 966 1471 quodammodo
1018 1400 1334 1467 dulcoratis,
1368 1411 1676 1459 sanctorum

44 1494 273 1547 volens
308 1492 479 1548 lenire
507 1492 769 1548 dolorem.
819 1491 891 1546 At
916 1507 1048 1548 vero
1076 1508 1215 1548 unus
1254 1493 1490 1557 illorum,
1536 1492 1677 1547 Tru-

44 1584 266 1640 carius
295 1587 537 1648 nomine,
561 1582 708 1652 justo
735 1592 1036 1639 commotus
1068 1582 1250 1639 dolore
1273 1599 1503 1653 qureque
1525 1597 1678 1638 mens

1785 400 1839 456 S.
1891 403 2160 474 Aigulfum
2212 424 2372 477 quam
2427 412 2661 482 reliquas
2719 413 2891 468 sancti
2938 412 3171 483 Spiritus
3208 413 3364 466 victi-

1782 507 1900 549 mas
1945 498 2064 551 navi
2113 499 2503 570 imposuerunt,
2552 515 2607 558 et
2646 506 2782 558 mari
2827 519 2947 559 sese
2991 504 3359 559 crediderunt.

1783 584 1968 640 Sancti
2008 603 2171 658 porro
2217 593 2518 649 certissime
2563 594 2673 665 jam
2732 602 3015 650 noscentes
3073 593 3217 663 quod
3270 592 3363 646 lilii

1781 680 1974 735 mortis
2022 683 2248 750 perdere
2276 700 2369 740 eos
2400 686 2785 751 decrevissent,
2825 694 3012 741 mutuo
3038 694 3207 741 semet
3239 686 3365 739 hor-

1784 771 2037 826 tabantur
2070 774 2287 830 monitis
2326 777 2617 832 secundum
2647 777 2982 848 Apostolum.
3014 786 3165 831 tanto
3194 776 3366 845 magis

1784 875 1985 933 quanto
2026 867 2277 923 videbant
2328 872 2846 940 appropinquantem
2876 870 3060 933 odiem,
3123 883 3191 922 ne
3246 869 3368 936 quis

1781 955 1993 1012 illorum
2022 974 2206 1015 amore
2234 963 2360 1021 vitte
2388 963 2672 1031 pra-sentis
2701 970 2794 1016 aut
2827 963 3017 1017 timore
3045 961 3235 1020 mortis
3285 961 3367 1013 in-

1781 1058 1944 1104 certa:
1982 1051 2217 1108 inimicis
2256 1056 2549 1108 cederent:
2587 1054 2711 1124 quia
2754 1062 2809 1108 et
2851 1069 2997 1109 mors
3035 1066 3274 1124 praesens
3320 1050 3366 1105 si

1780 1137 2043 1206 differtur,
2068 1158 2171 1196 non
2199 1145 2475 1210 evaditur;
2509 1145 2684 1199 futura
2719 1160 2847 1199 vero
2874 1161 3147 1215 nunquam
3173 1143 3363 1197 termi-

1762 1239 1969 1296 natur;
2001 1232 2213 1289 dicente
2247 1235 2472 1291 Domino
2522 1236 2701 1305 impiis
2732 1255 2747 1290 :
2776 1235 2856 1289 Ite
2899 1238 2954 1290 in
3000 1237 3171 1306 ignem
3214 1244 3367 1290 a'ter-
3412 1252 3417 1257 ·

1766 1336 1909 1374 num
1938 1321 2149 1394 (Matth.
2178 1324 2326 1397 xxv).
2387 1325 2493 1382 Sed
2524 1334 2579 1382 et
2607 1326 2878 1383 felicitatis
2915 1334 3227 1382 sanctorum
3258 1326 3366 1379 line

1783 1413 2010 1477 carebit,
2040 1414 2265 1470 Domino
2294 1416 2476 1472 itidem
2501 1418 2714 1475 dicente
2745 1420 2990 1474 ﬁdelibus
3020 1406 3131 1474 suis
3161 1418 3215 1472 in
3248 1417 3366 1487 ejus

1769 1502 2040 1559 ﬁdelitate
2080 1522 2249 1576 usque
2297 1509 2348 1563 in
2396 1509 2554 1565 linem
2599 1511 3120 1580 perseverantibus:
3156 1508 3361 1567 Venite.

1783 1595 2039 1649 benedicti
2066 1594 2255 1653 Patris
2277 1602 2397 1664 mei,
2421 1602 2663 1670 percipite
2685 1618 2897 1670 regnum
2931 1600 3069 1669 quod
3098 1599 3241 1652 vobis
3269 1614 3366 1665 pa-

44 1676 317 1730 diclavit
345 1674 565 1730 dolorve
593 1675 786 1740 suasit.
811 1674 863 1729 in
895 1674 1088 1729 faciem
1118 1674 1168 1728 ci
1194 1674 1413 1744 obiecit.
1444 1675 1670 1729 dicens:
1701 1657 1753 1718 Β
1782 1695 1953 1740 ratum
1982 1698 2057 1741 est
2083 1689 2147 1741 ab
2171 1657 2589 1761 originc'r'nund'i
2630 1657 2840 1761 (ea).
2893 1657 2989 1745 His
3016 1698 3072 1744 et
3096 1657 3363 1744 similibus

42 1768 210 1822 Eum
242 1767 554 1822 imitatione
574 1781 700 1821 vere
727 1779 847 1821 esse
869 1764 1037 1819 tilium
1063 1765 1285 1831 diaboli,
1309 1766 1401 1836 qui
1442 1780 1564 1821 cum
1607 1764 1674 1820 ad

42 1860 367 1915 interitum
415 1859 652 1929 impellat
694 1871 985 1927 quemque,
1033 1856 1309 1912 consultor
1338 1857 1559 1926 insuper
1597 1855 1677 1910 vi-

41 1952 180 2007 deri
218 1952 438 2023 appetit
468 1970 479 2003 :
512 1951 605 2005 sed
637 1959 693 2005 et
732 1949 960 2005 fratrem
984 1948 1157 2015 Judm,
1202 1948 1414 2003 Domini
1445 1948 1674 2003 tradito-

41 2046 163 2109 ris,
197 2045 306 2114 qui
329 2044 398 2098 ad
418 2044 823 2099 similitudinem
846 2043 1015 2113 ipsius
1034 2057 1134 2112 pro
1154 2041 1338 2097 osculo
1362 2042 1490 2097 ﬁcto
1509 2040 1672 2097 verba

40 2134 246 2188 ferret
282 2133 443 2188 melle
466 2134 683 2202 quidem
713 2133 1205 2188 blandimentorum
1234 2131 1329 2189 sed
1376 2132 1557 2187 succis
1582 2146 1675 2187 ve-

45 2222 310 2277 nenatis
340 2220 559 2277 referta.
609 2221 680 2276 At
712 2237 842 2277 vero
868 2222 1036 2278 facies
1066 2221 1405 2292 impudorata
1441 2220 1675 2278 crudeli-

18 2315 159 2368 .tati
198 2312 500 2379 conjuncta
537 2328 644 2368 non
677 2314 846 2369 sensit
888 2314 1272 2383 increpationis
1308 2315 1552 2370 monita:
1592 2314 1677 2368 in-

38 2420 237 2474 super
269 2405 580 2474 importune
604 2412 823 2474 praastat
840 2404 1127 2473 increptam
1153 2405 1493 2461 sententiam.
1513 2404 1676 2459 Nam-

38 2492 356 2564 que'idcm
388 2494 552 2549 miser
580 2494 864 2559 Arcadius,
891 2503 950 2549 ut
976 2494 1135 2550 fidem
1176 2495 1451 2550 videretur
1493 2495 1673 2550 facere

36 2602 168 2640 non
204 2600 274 2640 se
306 2582 510 2656 [supple
535 2585 680 2659 ﬁcte]
707 2586 881 2656 egisse
919 2603 1039 2657 qua:
1066 2595 1309 2658 gesserat
1337 2629 1352 2653 ,
1385 2589 1452 2644 ad
1482 2588 1673 2643 horam

38 2676 301 2730 tertiam
329 2676 532 2730 sanctis
559 2675 708 2731 cibos
750 2686 806 2732 et
840 2676 1029 2747 pocula
1070 2677 1284 2743 obtulit,
1332 2688 1388 2732 et
1435 2679 1500 2732 ad
1551 2676 1676 2733 reti-

38 2766 333 2821 ciendum
367 2775 619 2837 tanquam
649 2783 838 2823 eorum
878 2768 1213 2838 compatiens
1262 2768 1434 2823 dolori
1478 2768 1673 2823 invita-

33 2856 176 2911 bat.
241 2854 442 2912 Sancti
491 2866 665 2913 tamen
692 2899 705 2923 ,
753 2857 879 2913 licet
923 2860 1265 2916 extrinsecus
1310 2871 1671 2932 angerentur,

38 2965 171 3004 non
208 2948 345 3003 ideo
374 2949 633 3020 propositi
665 2948 1034 3021 regularisque
1061 2950 1212 3005 obliti
1243 2951 1667 3017 consuetudinis,

1780 1775 1998 1830 athletm
2037 1776 2236 1833 Christi
2274 1780 2326 1833 in
2357 1780 2603 1849 palazstra
2635 1779 2862 1851 spiritali
2892 1780 3152 1834 adversus
3176 1792 3365 1855 versu-

1778 1869 1885 1923 tias
1911 1870 2106 1925 diaboli
2137 1879 2191 1927 et
2220 1874 2495 1929 ministros
2516 1872 2633 1944 ejus
2660 1874 2814 1929 furiis
2835 1874 3137 1944 exagitatos
3166 1872 3364 1928 danun-

1730 2024 1735 2029 ί
1777 1959 1915 2014 nicis
1946 1961 2315 2019 armabantur.

2242 2093 2562 2167 Tempestate
2598 2098 2893 2167 jactantur.

1847 2200 1935 2259 18.
1977 2201 2120 2259 Sane
2156 2214 2436 2276 postquam
2482 2211 2633 2264 navis
2681 2224 2800 2278 quae
2851 2218 3111 2278 utrosque
3159 2206 3393 2279 pariter-

1775 2289 2016 2360 ferebat,
2045 2309 2419 2365 persecutores
2450 2299 2701 2355 videlicet
2727 2310 2782 2355 et
2805 2301 3237 2373 persecutionem
3260 2315 3359 2370 pa-

1776 2384 1993 2452 tientes,
2019 2387 2186 2443 altum
2216 2390 2371 2461 petiit
2394 2406 2562 2456 mare,
2592 2392 2736 2446 venti
2770 2392 3027 2447 contrarii
3061 2406 3119 2445 se
3144 2390 3358 2455 tollunt,

1775 2483 1830 2531 et
1859 2477 2113 2532 aliorsum
2165 2490 2541 2549 persecutores
2584 2483 2841 2537 dicuntur
2881 2481 3177 2546 voluntate,
3229 2481 3359 2536 alibi

1775 2577 1957 2623 autem
2003 2578 2290 2625 ventorum
2331 2571 2546 2627 ﬂamine
2575 2592 2588 2628 :
2622 2574 2809 2643 sicque
2855 2590 2952 2644 per
2995 2560 3360 2644 quadraginta

1776 2659 1912 2725 dies,
1939 2662 2081 2732 quod
2119 2663 2266 2718 dictu
2318 2681 2533 2735 quoque
2586 2666 2834 2721 mirabile
2879 2675 2981 2731 est,
3042 2662 3361 2720 relabantur

1776 2757 1889 2805 ιοιο
1920 2758 2010 2813 ἱΙΙο
2030 2755 2348 2812 oberrantes
2370 2753 2533 2822 freto,
2562 2764 2619 2811 ut
2648 2772 2748 2813 nec
2771 2757 2869 2827 ipsi
2896 2757 3047 2811 littus
3070 2757 3357 2825 prendere,

1775 2869 1876 2910 nec
1925 2852 2081 2906 unda:
2132 2850 2299 2905 maris
2350 2865 2539 2905 navem
2589 2864 2833 2920 mergere
2871 2857 3089 2919 possent
3137 2847 3361 2903 :'credo

1776 2948 2112 2996 monstrante
2134 2941 2245 2995 Deo
2273 2939 2400 3009 quid
2443 2948 2787 2994 mererentur
2814 2939 2961 3009 impii
2994 2957 3007 2993 :
3040 2938 3132 2994 sed
3161 2946 3221 2992 ut
3248 2953 3359 2993 non

38 3037 515 3109 responderunt,
544 3054 648 3092 non
696 3054 754 3093 se
784 3039 1010 3107 perdere
1043 3055 1201 3109 posse
1245 3039 1487 3094 instituta
1517 3056 1653 3111 regni

1774 3040 2086 3102 paterentur
2123 3033 2265 3101 quod
2306 3032 2665 3086 merebantur’
2686 3041 2890 3097 sontes,
2930 3031 3115 3087 obices
3140 3031 3358 3100 quidem

34 3130 202 3183 laria
234 3170 252 3193 ,
310 3144 431 3198 qua:
480 3128 572 3185 illo
615 3138 854 3200 tempore
895 3129 961 3184 ad
1006 3145 1206 3185 nonam
1250 3146 1421 3202 usque
1478 3132 1666 3187 horam

34 3221 297 3279 extendi
330 3222 533 3292 jejuuia
574 3221 765 3292 jubent
798 3240 810 3276 :
850 3224 1037 3293 sicque
1067 3224 1288 3278 remotis
1316 3223 1508 3279 eduliis
1532 3239 1667 3302 conj-

28 3322 228 3369 sueto
254 3328 410 3368 more
434 3313 500 3368 ad
523 3315 713 3369 horam
756 3329 925 3384 usque
957 3313 1168 3368 solitam
1201 3314 1462 3369 solemnia
1504 3313 1669 3368 dilata

30 3413 197 3459 sunt
224 3402 459 3474 jejunia.
496 3403 634 3459 Cum
690 3420 820 3460 vero
875 3414 1083 3473 tempus
1137 3404 1409 3459 solvendae
1456 3403 1668 3460 adforet

36 3492 455 3557 abstinentia},
483 3493 814 3548 unanimiter
837 3508 936 3564 pro
967 3494 1083 3564 ipso
1108 3493 1340 3549 Arcadio
1367 3508 1554 3563 preces
1581 3493 1665 3548 tu-

35 3586 299 3649 derunt,
335 3593 392 3638 et
426 3584 506 3639 sic
542 3586 610 3639 ab
646 3599 712 3641 eo
747 3584 985 3640 oblatum
1025 3586 1205 3640 cibum
1224 3594 1609 3657 sumpserunt.

294 3676 619 3751 Hummolus
659 3713 739 3751 res
768 3699 1072 3751 monasterii
1098 3697 1452 3769 depra'datur.

132 3806 237 3863 16.
282 3805 606 3862 Mummolus
631 3816 811 3862 autem
856 3807 949 3877 qui
992 3807 1184 3862 talibus
1206 3806 1468 3863 offensum
1495 3809 1555 3863 'se
1584 3807 1665 3861 vi—

34 3900 188 3956 deri
214 3899 405 3953 volens
429 3913 458 3951 a
487 3899 815 3953 monasterio
838 3907 1155 3963 recesserat,
1186 3897 1347 3951 tertio
1366 3898 1450 3953 die
1481 3897 1664 3964 rediit,

34 4000 240 4058 atque
272 4003 396 4042 cum
424 3988 719 4044 intentione
746 3988 977 4042 maxima
1028 3986 1361 4058 singulorum
1409 3989 1664 4057 pecunias

30 4084 243 4151 cmpit
292 4082 585 4152 inquirere.
632 4080 745 4137 Sed
772 4082 1050 4136 monachis
1083 4084 1531 4153 respondentibus
1556 4099 1663 4139 non

32 4173 295 4228 licuisse
338 4188 573 4244 unquam
612 4175 712 4227 sub
756 4188 916 4227 manu
963 4173 1135 4228 sancti
1184 4174 1284 4228 viri
1343 4176 1664 4231 constitutos

31 4264 278 4332 aliquid
303 4264 581 4334 praprium
610 4264 832 4329 habere,
867 4279 1038 4333 neque
1064 4264 1395 4320 voluntatem
1419 4266 1659 4334 quidem,

1769 3137 1892 3178 esse
1920 3123 2161 3178 insontes
2186 3122 2582 3192 quodammodo
2631 3122 2745 3192 ipsa
2787 3123 3054 3178 elementa
3097 3120 3199 3177 etsi
3248 3139 3358 3178 non

1769 3228 1921 3278 voce,
1973 3226 2135 3282 opere
2180 3212 2523 3267 clamarent:
2563 3211 2668 3265 Fas
2715 3211 2891 3266 fuerat
2931 3196 3215 3266 furciferos
3259 3212 3357 3266 hos
3391 3244 3397 3249 -

1755 3311 1864 3357 aut
1888 3301 2126 3373 syrtibus
2171 3300 2324 3364 illidi,
2355 3308 2449 3355 aut
2475 3300 2736 3372 chalybdi
2772 3301 2976 3365 vorari,
3017 3300 3062 3355 si
3115 3316 3218 3355 non
3268 3316 3357 3355 es-

1769 3401 1891 3448 sent
1916 3390 2001 3446 his
2037 3390 2181 3445 misti
2210 3389 2301 3461 qui
2347 3403 2452 3443 non
2486 3396 2766 3443 merentur
2802 3387 2929 3442 talia
2969 3388 3221 3458 experiri.
3288 3388 3356 3442 Et

1768 3481 1985 3551 quidem
2019 3480 2073 3534 in
2099 3478 2301 3534 diluvio
2327 3477 2381 3532 in
2417 3485 2664 3546 promptu
2711 3476 2812 3531 fuit
2837 3476 3027 3531 noxios
3057 3476 3219 3531 undis
3266 3476 3352 3530 in-'-

1769 3574 1929 3639 volvi,
1962 3572 2056 3642 qui
2094 3580 2251 3628 erant
2276 3586 2308 3625 a
2336 3570 2600 3625 bonorum
2629 3569 2888 3624 societate
2917 3569 3111 3624 secreti
3144 3583 3158 3621 :
3188 3567 3353 3639 zEgy-

1767 3665 1911 3734 ptius
1953 3664 2121 3717 libere
2168 3663 2497 3725 voravimus,
2545 3661 2670 3730 quia
2718 3660 2920 3714 nullum
2962 3658 3230 3728 justorum
3273 3659 3355 3713 eis

1768 3758 1988 3812 mistum
2020 3742 2274 3810 vidimus.
2331 3753 2524 3809 Jonam
2554 3754 2620 3807 ad
2649 3752 3009 3807 ulciscendam
3042 3752 3355 3808 inobedien—

1770 3848 1897 3904 tiam
1925 3849 2279 3916 suscepimus,
2308 3847 2402 3901 sed
2442 3862 2474 3900 a
2521 3845 3029 3916 Deo~prwparatum
3075 3845 3351 3899 alumnum

1766 3948 2013 3993 nostrum
2044 3939 2265 4002 scimus,
2293 3937 2383 4007 qui
2432 3945 2488 3991 et
2533 3936 2678 3990 illum
2724 3936 3039 3992 salvandum
3089 3934 3352 3990 carcerali

1766 4029 2009 4085 custodia
2036 4028 2354 4097 susciperet,
2386 4039 2485 4080 nec
2525 4026 2679 4095 quasi
2727 4027 2907 4081 cibum
2953 4025 3352 4094 corrumpendo

1766 4122 1821 4177 in
1855 4138 1952 4177 sua
1977 4120 2216 4174 membra
2246 4119 2542 4189 trajiceret,
2583 4116 2677 4172 sed
2707 4118 2862 4186 quasi
2893 4117 3197 4186 depositum
3227 4132 3350 4171 cum

1767 4218 2141 4282 reposceretur
2194 4216 2625 4279 reprtnseutaret.
2663 4246 2667 4250 »
2698 4207 2836 4275 Quid
2891 4207 3087 4262 talibus
3124 4208 3353 4261 Greater

1764 4303 1915 4365 velit,
1953 4317 2153 4372 anceps
2197 4301 2337 4371 apud
2382 4315 2480 4355 nus
2515 4299 2781 4354 sententia
2828 4296 3090 4354 ﬂuctuat:
3134 4296 3229 4351 sed
3264 4295 3352 4350 hic

31 4354 160 4410 sed
186 4367 319 4408 esse
361 4353 541 4407 omnia
571 4354 821 4409 omnibus
849 4355 1154 4408 communia
1180 4370 1194 4414 ;
1228 4354 1314 4409 ille
1347 4371 1573 4410 cernens
1601 4371 1661 4411 se
1691 4376 1740 4435 ο
1956 4353 2149 4448 ἒῶἶέ
2163 4353 2547 4453 ᾤὲόιξῶωὑη
2579 4386 2730 4441 Pauli
2760 4353 2965 4443 scilicet
2987 4385 3351 4456 naufragium,

32 4446 163 4499 abs
215 4457 317 4512 spe
355 4443 635 4508 decidisse,
690 4444 946 4498 aliorsum
996 4459 1054 4498 se
1105 4445 1312 4499 vertit:
1354 4446 1479 4514 quia
1515 4446 1660 4500 enim

28 4551 170 4590 non
208 4533 416 4601 reperit
446 4534 679 4603 privata,
717 4535 876 4589 irruit
914 4533 965 4588 in
1009 4534 1257 4603 publica;
1302 4544 1357 4589 et
1403 4536 1662 4606 quidquid

28 4638 257 4685 rerum
303 4625 617 4680 monasterii
658 4624 779 4693 fuit,
811 4634 865 4681 et
894 4624 1107 4682 auferre
1154 4626 1420 4695 cupiditas
1462 4627 1658 4692 suasit,

26 4713 198 4771 nihil
232 4713 458 4785 penitus
483 4715 719 4786 reliquit.

510 4849 696 4908 Sancti
728 4866 844 4905 nam
869 4863 1225 4921 imponuntur.

118 4962 228 5016 i7.
272 4958 358 5013 Eo
389 4974 545 5028 porro
572 4962 858 5017 recedente
881 4970 1101 5018 sanctus
1126 4962 1368 5032 Algull‘us
1399 4979 1521 5019 cum
1562 4978 1660 5019 ca:-

26 5053 192 5107 teris
229 5053 523 5110 secundum
554 5054 766 5109 libitum
791 5053 1009 5108 Arcadii
1039 5065 1095 5110 et
1119 5055 1361 5112 Columbi
1391 5058 1657 5114 c'ustodie-

22 5146 249 5206 batur,
279 5147 341 5194 et
362 5154 455 5209 per
479 5147 599 5202 dies
621 5145 805 5200 decem
835 5143 886 5198 in
910 5147 1183 5214 ergastulo
1225 5150 1654 5206 conficiebantur

20 5219 323 5305 corpore.
362 5236 451 5291 sed
479 5244 655 5294 semet
690 5235 1003 5292 solabantur
1050 5239 1407 5296 hortamentis
1435 5241 1651 5298 Domini

20 5326 302 5383 dicentis
327 5342 343 5380 :
368 5325 542 5385 Nolite
575 5328 774 5392 timere,
804 5324 1028 5398 pusillus
1058 5345 1207 5399 grex,
1256 5333 1379 5400 quia
1423 5330 1653 5402 compla-

1765 4485 1857 4557 qui
1897 4483 2150 4539 similiter
2194 4482 2262 4536 ab
2290 4480 2489 4551 iniquis
2518 4481 2753 4544 vinctus,
2785 4495 2908 4535 cum
2938 4481 3018 4536 eis
3054 4480 3353 4551 periculum

1762 4583 2022 4644 expertus
2042 4582 2126 4628 est
2150 4573 2423 4627 marinum
2454 4591 2469 4628 :
2498 4573 2592 4628 sed
2621 4588 2687 4625 ne
2716 4580 2772 4626 et
2793 4572 2909 4641 ipse
2932 4583 2987 4628 et
3007 4571 3191 4628 caeteri
3231 4586 3358 4641 pen-

1768 4667 1930 4731 irent,
1977 4666 2094 4735 ejus
2130 4663 2379 4720 oratione
2434 4666 2688 4722 donatum
2744 4670 2847 4717 est.
2896 4663 3105 4719 Forsan
3147 4676 3275 4732 ergo
3309 4676 3367 4721 et

1768 4758 1929 4813 modo
1954 4757 2079 4813 huic
2098 4764 2286 4812 sancto
2319 4756 2448 4815 viro
2470 4751 2664 4824 impari
2694 4752 3009 4813 discrimine
3034 4767 3135 4825 par
3173 4751 3372 4807 tribui-

1766 4856 1854 4902 tur
1876 4862 2074 4904 munus
2102 4863 2117 4900 :
2150 4846 2384 4913 ideoque
2420 4855 2546 4911 dum
2571 4852 2915 4910 exspectatur
2939 4847 3057 4918 ejus
3078 4840 3373 4909 sententia,

1764 4938 1865 4994 hac
1888 4953 1944 4995 et
1966 4940 2085 4995 illac
2100 4938 2416 5009 jactantur,
2451 4941 2546 5004 sed
2563 4933 2821 4990 evadendi
2842 4940 3027 4996 aditus
3043 4935 3096 4991 ci
3120 4942 3354 5000 negatur

1762 5040 1813 5084 et
1842 5030 2143 5087 secundum
2178 5027 2547 5099 Scriptumm
2594 5023 2717 5094 quia
2757 5024 2909 5098 impii
2934 5033 2988 5087 in
3016 5022 3243 5084 circuitu
3274 5035 3393 5073 am-

1759 5117 1943 5176 bulant
1981 5118 2151 5192 (Psal.
2181 5117 2281 5181 χι).

1757 5226 1981 5302 Unguis
2022 5228 2271 5313 αὺιςεξξξξξ,
2306 5229 2656 5313 (aquantur.
2692 5224 2849 5282 Oculi
2891 5246 3071 5313 eorum
3124 5226 3401 5289 eruuntur.

2152 5299 2373 5358 Vilibus
2392 5299 2659 5373 'fﬁduunt
2668 5314 2729 5350 ur
2771 5305 3017 5359 vestibus.
3244 5312 3251 5317 ’

2621 5411 2812 5434 --ελ-..,
2846 5414 2909 5434 ,ι-
3014 5425 3081 5434 ,4.
3106 5396 3206 5434 mihi
3237 5408 3391 5434 mni-9

1832 5415 1898 5434 In
1961 5418 2061 5434 I._
2126 5413 2364 5434 1---Π-ιι
