3904 5304
574 191 681 246 965
1556 174 1945 239 ADREVAL‘DI
1994 169 2490 229 FLORIACENSIS
2540 169 2843 226 MONAClll
3692 175 3762 231 εει

575 302 708 363 [θεῖε
748 298 973 355 abscidi.
1026 295 1142 363 Quo
1175 292 1318 348 laeto
1351 291 1504 362 quasi
1538 290 1763 360 integris
1799 288 1996 359 linguis
2034 285 2170 357 psal-
2200 290 2243 346 Α
2274 300 2375 339 nus
2397 294 2586 341 sancto
2615 283 2967 356 squiguifo,
3006 298 3287 356 quousque
3306 285 3519 356 iniquus
3544 286 3619 342 ille
3639 306 3765 346 rever-

578 394 763 448 iebant
792 408 805 444 :
838 389 1060 443 Domine
1082 428 1096 449 ,
1120 386 1259 439 lulua
1298 394 1478 437 nostra
1503 385 1725 452 aperias,
1749 390 1795 434 et
1830 397 1887 434 os
1919 388 2163 433 nostrum
2269 386 2474 431 teretur
2497 416 2511 443 ,
2558 377 2788 448 gratiam
2818 376 3065 431 attribuit.
3115 375 3172 431 in
3222 376 3507 447 loquendo,
3541 388 3592 432 ut
3615 394 3768 453 suam

577 480 909 538 annuntiabit
938 478 1146 534 laudem
1174 487 1317 529 tum»
1341 473 1512 546 (Paul.
1537 473 1612 543 ι).
1655 471 1761 526 Sed
1791 479 1941 525 tanto
1965 483 2166 538 nequa-
2266 467 2575 523 satietatem
2642 466 2949 522 auditorum
3010 466 3240 522 aviditas
3293 468 3658 523 comitaretur:
3694 472 3769 541 iis:

576 590 740 645 quam
768 581 949 627 motus
975 567 1253 627 miraculo,
1308 568 1360 620 in
1414 565 1819 620 similitudinem
1868 559 2167 617 Pharaonis
2264 558 2413 612 enim
2448 557 2538 627 qui
2590 557 2821 612 dederat
2866 557 3093 628 gratiam
3145 566 3201 611 ut
3247 557 3480 629 elinguis
3515 558 3769 629 loqueretur,

577 665 743 721 corde
769 664 1084 723 obduratus,
1118 658 1380 713 radicitus
1408 671 1502 712 cas
1522 654 1686 724 jussit
1718 653 1925 710 abradi.
1974 651 2167 707 Videre

579 766 698 813 erat
723 766 914 828 patens
943 754 1244 813 baratrum,
1290 757 1345 803 et
1385 748 1519 803 nihil
1561 748 1735 804 inesse
1768 745 1979 817 plectri,
2009 753 2064 797 et
2095 754 2170 799 ta-

580 864 705 904 men
754 849 918 903 verba
974 843 1368 916 perfectissime
1414 842 1638 897 absolvi.
1694 840 1765 895 At
1795 856 1916 895 cum
1960 838 2171 893 audiret

581 959 676 1000 eos
701 941 998 1015 Columbus
1024 937 1267 993 inaudito
1296 950 1446 990 more
1480 936 1766 1004 loquentes
1790 974 1805 996 ,
1837 932 2170 1002 impietatem

582 1050 735 1089 suam
775 1040 1149 1103 augmentans,
1179 1028 1382 1083 lumina
1431 1042 1618 1083 eorum
1651 1024 1816 1094 jussit
1861 1022 2122 1079 terebrari
2153 1040 2167 1077 :

581 1125 674 1195 qui
714 1133 894 1178 tamen
932 1137 963 1176 a
1003 1121 1160 1175 laude
1205 1119 1390 1173 divina
1438 1133 1542 1172 non
1588 1117 1897 1171 cessabant.
1957 1114 2017 1168 El
2049 1113 2174 1169 licet

583 1216 924 1270 extrinsecus
975 1211 1169 1281 privati
1233 1208 1568 1272 luminibus,
1627 1221 1691 1262 ea
1746 1215 1927 1260 tamen
1980 1205 2174 1274 quibus

538 1298 539 1303 “
587 1304 730 1358 Deus
758 1302 971 1356 videtur
1001 1300 1200 1354 lumina
1223 1298 1371 1352 salva
1399 1312 1458 1352 se
1495 1296 1693 1351 habere
1717 1296 1972 1360 scientes,
2007 1295 2175 1349 fiden-

588 1410 674 1455 ter
697 1414 880 1454 coram
918 1412 1006 1459 eo,
1049 1397 1158 1451 imo
1187 1394 1286 1464 ipsi
1317 1378 1617 1465 psallebant
1655 1391 1897 1446 dicentes
1926 1407 1938 1443 :
1972 1388 2052 1442 Ad
2099 1398 2149 1443 te

587 1487 888 1541 ievavimus
922 1483 1102 1538 oculos
1141 1494 1364 1546 nostros,
1389 1483 1479 1551 qui
1504 1482 1709 1534 habitas
1740 1481 1793 1533 in
1816 1478 1957 1533 cwlis
1996 1476 2173 1548 (Psal.

588 1577 777 1646 cxxu).
821 1576 1135 1630 immanitas
1157 1588 1316 1642 porro
1348 1572 1590 1627 Columbi
1644 1579 1697 1626 et
1725 1570 1856 1626 socii
1898 1568 2014 1637 ejus
2049 1584 2176 1639 erga

2267 647 2382 718 ipse
2403 648 2631 704 addebat
2659 648 2889 719 gratiam
2914 649 3104 718 gratia:
3133 658 3191 702 ut
3220 650 3428 721 gratius
3467 650 3712 705 audiretur.

2690 758 2821 813 lude
2846 758 3058 814 abducti
3088 760 3445 815 trucidantur.

2337 847 2428 902 2'2.
2457 846 2729 903 Reversus
2758 858 2939 902 autem
2965 848 3259 905 Columbus
3287 851 3357 905 ab
3381 850 3601 919 Epheso,
3624 863 3773 911 sanctis

2270 952 2302 991 a
2334 937 2662 993 monasterio
2692 937 2981 1003 abstrahit,
3025 947 3083 992 et
3112 940 3236 993 navi
3269 940 3471 994 iterum
3502 941 3691 1012 imponit
3711 961 3721 995 :
3741 956 3773 998 et

2271 1050 2393 1089 cum
2420 1034 2763 1090 sustulissent
2789 1050 2819 1088 a
2848 1041 3004 1103 portu
3031 1042 3086 1089 et
3125 1035 3328 1104 aliquid
3366 1037 3525 1105 spatii
3556 1041 3771 1106 processis-

2272 1131 2413 1187 sent,
2437 1124 2674 1178 occurrit
2700 1124 2781 1178 eis
2805 1126 3051 1194 quaedam
3099 1125 3255 1179 navis
3299 1139 3368 1179 ex
3396 1125 3570 1179 Africa
3605 1128 3772 1191 veniens,

2271 1214 2357 1268 cui
2388 1222 2605 1268 sanctos
2634 1224 2899 1285 martyres
2942 1215 3338 1285 imposuerunt,
3389 1215 3676 1271 satellitibus
3706 1218 3773 1272 suis

2273 1305 2687 1375 prmeipientes,
2755 1313 2815 1359 ut
2846 1305 2914 1359 ad
2963 1305 3195 1360 insulam
3250 1305 3551 1369 venientes,
3595 1308 3775 1362 vocabulo

2273 1395 2509 1449 Amatim
2558 1393 2737 1467 [Sur.,
2769 1390 3155 1468 Amatunam];
3188 1394 3336 1450 inter
3357 1395 3617 1450 Corsicam
3641 1398 3775 1451 etSar-

2266 1484 2476 1539 Adiniam
2519 1485 2702 1551 sitam,
2736 1485 2811 1539 ibi
2856 1494 3073 1541 sanctos
3100 1485 3276 1557 gladio
3316 1487 3776 1557 conficerent:quud

2277 1586 2331 1632 et
2368 1576 2566 1632 factum
2594 1586 2697 1632 est.
2751 1576 3133 1632 Perveuientes
3162 1578 3309 1633 enim
3359 1577 3626 1633 carnifices
3659 1594 3777 1632 sarra-

591 1680 809 1725 sanctos
849 1684 949 1723 nec
991 1667 1070 1722 sic
1109 1665 1313 1735 quievit
1342 1682 1354 1717 :
1384 1665 1527 1719 enim
1571 1679 1697 1719 vero
1721 1662 2060 1718 vestimentis
2082 1676 2176 1716 eos
2207 1643 2251 1702 n
2282 1685 2399 1723 mm
2431 1669 2770 1723 victimarum
2798 1669 2864 1723 ad
2906 1669 3083 1725 locum
3128 1669 3231 1725 sibi
3264 1670 3606 1731 σεειίηηωηι,
3644 1684 3778 1739 Prw.

590 1759 715 1815 exui
746 1759 941 1827 quibus
969 1755 1142 1811 induti
1173 1762 1327 1809 erant
1350 1752 1689 1823 pra-cipiunt,
1731 1761 1787 1806 et
1825 1750 2039 1806 sordida
2080 1765 2177 1819 pro

590 1850 673 1904 eis
722 1848 1090 1917 vilissimaque
1134 1845 1379 1899 mutari:
1422 1860 1528 1899 non
1572 1844 1922 1914 respicientes
1970 1842 2176 1907 miseri,

591 1939 717 2009 quia
745 1939 835 2009 qui
867 1938 1086 1994 Christo
1115 1937 1334 1991 indutus
1382 1944 1466 1991 est
1514 1937 1810 2003 secundum
1862 1933 2179 2005 Apostolqu

593 2030 861 2084 dicentem
885 2044 899 2082 :
920 2027 1132 2081 Induile
1154 2026 1431 2080 Dominum
1456 2036 1693 2091 nostrum
1713 2025 1894 2080 Iesum
1918 2024 2181 2080 Christum

597 2122 776 2193 (Rom.
806 2121 959 2191 xm);
988 2132 1043 2176 et
1066 2121 1291 2176 iterum:
1318 2119 1533 2173 Iuduile
1557 2135 1642 2174 vos
1670 2120 1867 2173 viscera
1889 2118 2185 2171 misericor-

595 2215 701 2267 dia:
727 2212 863 2284 (Col.
896 2213 1000 2285 ιιι),
1027 2222 1156 2278 etc.,
1190 2212 1321 2266 nihil
1349 2212 1570 2277 veteris,
1603 2211 1677 2266 nil
1707 2211 1910 2266 sordidi
1939 2225 2064 2265 eum
2093 2211 2186 2265 de-

597 2308 857 2361 decorare
886 2306 1073 2376 possit.

852 2439 1056 2494 Pascha
1096 2440 1149 2493 in
1187 2437 1363 2493 insula
1394 2437 1649 2510 Capraria
1674 2437 1952 2494 celebrant.

668 2550 760 2606 20.
787 2550 992 2605 Taliter
1010 2565 1145 2606 sane
1165 2550 1245 2605 eis
1266 2566 1362 2622 per
1376 2550 1571 2605 multos
1584 2549 1805 2618 jactatis
1822 2550 1955 2615 dies,
1975 2548 2190 2619 appule-

602 2654 731 2699 runt
751 2643 979 2699 insulam
1002 2658 1123 2713 qua:
1144 2652 1370 2698 vocatur
1391 2642 1671 2714 Capraria.
1700 2641 1870 2711 iiujns
1890 2643 2040 2697 sinus
2063 2641 2192 2695 reti-

602 2739 768 2795 nebat
809 2738 1106 2793 maximum
1163 2754 1391 2795 examen
1443 2742 1831 2795 monachorum
1875 2758 1888 2793 :
1933 2741 2000 2794 ad
2054 2755 2193 2810 quos

605 2831 934 2885 divertentes
957 2829 1145 2898 quinta
1170 2828 1304 2883 feria
1335 2839 1461 2884 ante
1485 2831 1713 2894 Pascha,
1742 2846 1862 2900 qua:
1889 2829 2054 2886 Coena
2090 2831 2194 2885 Do—

609 2919 740 2971 mini
786 2918 1009 2981 dicitur,
1050 2917 1436 2987 benignissime
1463 2927 1625 2989 atque
1657 2920 2043 2975 hmnanissime
2068 2930 2194 2976 sunt

607 3008 840 3077 excepti,
867 3017 927 3062 ut
951 3009 1031 3063 sic
1058 3009 1257 3075 dicam,
1287 3010 1426 3064 sicut
1454 3010 1609 3065 decet
1633 3015 1945 3068 monachos.
1968 3013 2193 3084 Cognita
2221 3011 2267 3077 C

608 3100 753 3153 enim
782 3099 987 3168 prolixa
1020 3115 1208 3157 eorum
1234 3101 1581 3157 tribulatione.
1608 3143 1623 3168 ,
1671 3120 1774 3173 qua
1800 3104 2112 3175 longissime
2141 3114 2198 3160 et

615 3190 984 3245 infelicissimo
1002 3192 1180 3245 vexati
1210 3190 1445 3257 fuerant,
1475 3191 1800 3249 festinabant
1826 3210 1920 3250 eos
1952 3210 2200 3251 recreare

611 3283 806 3353 quibus
845 3290 1095 3352 poterant
1129 3285 1323 3339 modis.
1374 3284 1483 3340 illis
1511 3286 1709 3342 ibidem
1751 3288 2088 3343 morantibus
2115 3304 2203 3343 sa-

611 3375 952 3430 cratissimus
1001 3376 1222 3431 advenit
1270 3376 1495 3432 Pasch-.e
1540 3378 1898 3434 solemnitatis
1938 3381 2092 3434 dies:
2145 3382 2201 3436 in

612 3479 717 3534 qua
742 3480 865 3519 cum
892 3467 1176 3521 missarum
1216 3464 1449 3522 cilicium
1479 3468 1865 3531 celebraretur,
1894 3469 2203 3526 infelicissi-

615 3573 735 3612 mus
764 3568 818 3611 et
841 3556 1294 3626 flagitiosissimos
1316 3558 1559 3614 ontnium
1586 3562 1858 3615 hominum
1886 3562 2201 3628 Columbus,

616 3646 802 3701 infulis
832 3648 1080 3703 diaeonio
1126 3649 1267 3720 aptis
1290 3650 1472 3705 officio
1496 3638 1785 3720 adopertus
1816 3660 2068 3723 tanquam
2092 3653 2206 3708 dia-

617 3754 788 3794 conus
809 3741 1156 3806 ministravit,
1196 3745 1520 3813 conspicuus
1546 3746 1811 3809 humanis,
1841 3746 1933 3801 sed
1981 3762 2209 3816 perosus

583 3820 897 3888 ‘obtutibus
944 3834 1160 3892 divinis.
1215 3835 1440 3907 insuper
1475 3855 1597 3893 cum
1644 3840 1711 3894 ad
1759 3840 1811 3895 id
1837 3841 1939 3896 loci
1985 3850 2205 3896 ventum

618 3933 787 3989 esset,
822 3940 930 3994 quo
958 3927 1201 3998 corporis
1229 3937 1284 3983 et
1309 3930 1587 4000 sanguinis
1631 3928 1830 3986 Christi
1866 3939 2205 3986 sacramenta

620 4017 954 4087 percepturi,
998 4018 1182 4072 oscula
1217 4018 1318 4074 sibi
1350 4019 1578 4074 invicem
1627 4020 1794 4076 libant
1826 4062 1842 4087 ,
1885 4021 1974 4077 ille
2021 4020 2207 4077 infelix

623 4123 733 4162 non
779 4108 1044 4163 dubitavit
1094 4122 1125 4164 a
1169 4124 1230 4164 se
1276 4110 1356 4166 sic
1400 4111 1692 4167 crudeliter
1740 4111 1984 4168 multatis
2023 4112 2208 4170 oscula

621 4198 920 4269 porrigere,
953 4214 1059 4256 non
1104 4200 1434 4266 columbina,
1471 4202 1565 4257 sed
1591 4218 1812 4273 prorsus
1850 4202 2069 4258 corvina
2116 4211 2211 4258 aut

626 4300 777 4346 certe
803 4292 1014 4347 canina.
1051 4292 1252 4349 Beatus
1292 4309 1455 4364 porro
1494 4297 1578 4349 vir
1615 4295 1859 4366 Aigulfus
1883 4311 2005 4351 cum
2044 4297 2209 4352 sociis

2280 1763 2386 1833 ptis
2431 1762 2767 1832 impiissimis
2817 1761 3085 1817 oiiicinam
3135 1763 3399 1833 nequitia:
3425 1778 3532 1817 sua:
3560 1763 3777 1830 impendere

2281 1863 2475 1922 parant
2504 1870 2518 1907 :
2554 1854 2648 1908 sed
2677 1853 2994 1925 rogantibus
3020 1854 3264 1909 inducias
3289 1854 3532 1908 oratoris
3568 1852 3775 1923 indulged.

2284 1944 2468 2000 Sancti
2529 1954 2709 1999 autem
2757 1945 3076 2015 propensius
3129 1959 3195 1999 ac
3241 1944 3452 1999 diutius
3484 1947 3663 1997 animas
3703 1958 3776 1996 sua

2285 2033 2511 2087 Domino
2555 2035 3020 2099 commendantes,
3071 2034 3287 2089 tandem
3339 2034 3412 2088 ab
3458 2034 3672 2088 oratione
3704 2047 3775 2085 sar-

2286 2135 2436 2196 gunt,
2476 2133 2682 2179 etcum
2713 2126 2859 2178 omni
2904 2125 3097 2179 fiducia
3123 2133 3179 2179 et
3221 2124 3509 2179 alacritate
3546 2121 3776 2177 ἱιιιεινεήει

2286 2218 2550 2271 orationis
2600 2226 2655 2271 et
2691 2216 2979 2271 Dominicm
3021 2216 3193 2271 laudis
3251 2216 3505 2284 spiritum
3549 2214 3776 2270 emiserede

2293 2306 2521 2361 vasculis
2545 2307 2748 2372 carnis,
2780 2307 2879 2361 sub
2908 2306 2994 2360 die
3022 2307 3181 2359 tertio
3208 2306 3398 2360 Nonas
3430 2303 3709 2375 Septembris
3722 2314 3752 2352 ι.

2426 2417 2634 2472 Diaboli
2661 2418 2851 2488 fraude
2877 2436 3055 2472 eorum
3077 2421 3402 2489 martyrium
3430 2419 3704 2473 obscuratur.

2360 2508 2451 2566 25.
2490 2510 2555 2564 Et
2576 2511 2790 2580 quidem
2818 2520 3075 2580 quantum
3112 2510 3310 2580 conjici
3353 2512 3531 2575 datur,
3556 2509 3699 2563 salutis
3722 2507 3773 2560 in

2293 2615 2466 2655 mana:
2493 2609 2784 2672 perpetuus
2810 2600 3033 2655 tumulus
3058 2601 3305 2655 diabolus
3341 2601 3426 2673 (ut
3450 2600 3546 2655 sibi
3570 2596 3775 2659 videbatur)

2293 2693 2456 2748 nimis
2489 2693 2681 2748 callide
2715 2694 2929 2765 agebat,
2956 2702 3010 2746 ut
3036 2692 3244 2748 scilicet
3280 2692 3370 2747 sic
3413 2701 3612 2748 sanctos
3632 2688 3779 2759 perime-

2296 2793 2396 2850 ret,
2427 2796 2692 2855 quatenus
2733 2800 2921 2839 corum
2966 2786 3144 2854 passio
3182 2784 3453 2841 mortales
3502 2783 3689 2845 lateret;
3721 2794 3777 2831 es

2296 2877 2559 2933 haberent
2589 2879 2829 2933 viventes
2858 2859 2908 2931 ’ρ
2935 2879 3181 2948 proximo
3210 2878 3541 2949 exemplum,
3582 2892 3666 2946 quo
3684 2874 3778 2926 mle

2299 2976 2550 3023 rarentur
2577 2969 2642 3023 ad
2670 2969 2941 3039 patientia:
2974 2970 3220 3023 hmvinm
3266 2969 3651 3040 capessendum.
3675 2962 3777 3016 lini-

2300 3077 2445 3116 mum
2497 3078 2727 3131 namque
2753 3062 3158 3116 incitamentum
3185 3075 3270 3117 est
3309 3064 3380 3117 ad
3408 3058 3636 3118 virtutem
3656 3054 3778 3111 sodalis

2299 3161 2355 3207 et
2380 3153 2612 3222 proximi
2637 3167 2860 3206 eernere
2891 3153 3272 3207 inexhaustum
3305 3152 3575 3223 vigorem;
3605 3143 3777 3215 etpudﬂti

2300 3252 2383 3296 est
2405 3257 2664 3314 apparere
2710 3243 3058 3314 degenerem,
3118 3258 3284 3314 quem
3313 3235 3777 3308 cernantcozqualftn

2303 3335 2369 3388 ad
2402 3336 2621 3405 prmmia
2653 3335 2883 3406 gloriosa
2922 3351 3017 3406 per
3045 3335 3295 3390 laborum
3326 3336 3557 3391 evasisse
3580 3341 3775 3388 cem-

2300 3424 2578 3480 lnvidebat
2628 3426 2790 3480 etiam
2841 3425 3158 3481 mortalibus
3208 3427 3566 3496 nequissimus
3608 3418 3776 3477 beneﬁtil

2303 3514 2604 3589 profutura,
2649 3532 2768 3586 qua:
2790 3532 2888 3586 per
2931 3526 3240 3585 sanctorum
3294 3518 3547 3588 reliquias
3585 3516 3648 3570 eis
3666 3509 3775 3567 conle-

2305 3607 2471 3660 renda
2497 3605 2752 3659 divinitus
2794 3606 2985 3660 anxius
3011 3608 3363 3678 praevidebat.
3414 3607 3514 3662 Sed
3542 3619 3670 3675 quam
3690 3614 3778 3651 ven-

2307 3696 2525 3751 cissime
2567 3697 2677 3751 Deo
2722 3707 3010 3752 cantetur:
3047 3698 3216 3751 Draco
3241 3699 3344 3753 iste
3364 3715 3512 3771 quem
3549 3690 3775 3767 [omnem

2306 3786 2633 3842 illudendum
2665 3789 2713 3841 ei
2740 3785 2913 3858 (Psal.
2950 3791 3087 3862 cut),
3117 3791 3244 3846 hinc
3273 3791 3473 3861 conjici
3494 3787 3631 3843 valet.

2309 3897 2417 3955 Per
2445 3900 2719 3957 Ricoinum
2762 3901 3062 3957 declaratur
3083 3902 3354 3974 Rigomr’ro
3382 3901 3567 3975 Aigulﬁ
3591 3891 3777 3954 arma

2860 3984 2906 4028 et
2939 3974 3339 4043 Angorisu‘mtu.

2380 4083 2471 4139 21.
2507 4084 2719 4140 Etenim
2768 4084 2894 4140 dum
2939 4093 3116 4141 truces
3162 4085 3526 4158 quaestionarii
3560 4082 3673 4138 circa
3703 4090 3776 4128 san:

2312 4186 2521 4233 ctorum
2549 4187 2882 4248 occupantur
2912 4178 3201 4244 lanienam,
3225 4196 3369 4237 unus
3397 4195 3587 4241 eorum,
3613 4171 3775 4229 Rictibus

2314 4271 2548 4334 nomine,
2576 4269 2780 4340 Spiritu
2811 4271 3033 4325 adactus
3054 4271 3259 4339 divino,
3277 4274 3523 4342 scapham
3547 4262 3776 4325 uacuam:

625 4381 759 4447 suis,
793 4396 915 4437 cum
939 4397 1147 4438 summa
1171 4362 1533 4440 exsultatione
1564 4386 1673 4440 Deo
1687 4362 1903 4457 gratias
1947 4402 2086 4457 quas
2113 4402 2208 4456 po-
2234 4376 2287 4436 D
2313 4364 2396 4429 ίίῑο
2433 4371 2488 4420 ei
2526 4363 2879 4457 “ueriiedtmi
2918 4362 3172 4419 Ῑτειιθτηπ
3214 4380 3335 4420 sese
3381 4363 3645 4420 subdii‘i“
3679 4364 3774 4457 qui“

628 4481 770 4527 terat
818 4472 1126 4537 referebat,
1192 4491 1298 4530 non
1341 4477 1500 4532 modo
1554 4491 1654 4546 pm
1704 4477 1786 4531 sui
1852 4478 2209 4543 recreatione,

627 4572 887 4635 quantum
917 4581 1018 4635 pro
1045 4566 1308 4623 immensa
1351 4568 1577 4624 fratrum
1601 4570 1669 4624 ad
1694 4586 1831 4642 quos
1852 4570 2100 4628 Christus
2118 4584 2213 4626 eos

629 4655 930 4710 adduxerat
956 4656 1241 4713 cbaritate.

734 4754 737 4759 ἡ
792 4782 1042 4839 Columbo
1079 4784 1343 4857 Ephesum
1366 4789 1594 4857 profecto
1621 4789 1727 4845 illic
1756 4802 2050 4845 morantur.
2092 4778 2097 4785 ’

702 4890 794 4943 2i.
829 4891 1052 4960 Expleta
1083 4897 1322 4964 paschali
1364 4897 1652 4955 festivitate
1695 4901 1989 4958 Columbus
2044 4902 2219 4974 Ephe-

638 4993 756 5031 sum
779 4980 991 5048 petivit,
1018 4992 1076 5035 ut
1094 4994 1218 5053 pote
1236 4987 1395 5042 homo
1418 4991 1595 5044 szecnii
1625 4994 1970 5065 smcularibns
1991 4998 2221 5063 negotiis

640 5068 1017 5124 inserviturus.
1045 5071 1263 5128 interim
1290 5077 1349 5131 S.
1374 5078 1643 5149 Aigulfum
1689 5100 1810 5138 cum
1844 5086 2066 5155 reliquis
2091 5102 2218 5141 San-

641 5158 744 5211 ctis
770 5159 823 5212 in
855 5160 1044 5213 eodem
1071 5167 1397 5221 monasterio
1420 5170 1988 5245 dimisit,tpraecipiens
2034 5187 2091 5231 ut
2138 5194 2222 5232 se-

640 5260 752 5304 ιηθι
781 5265 1122 5304 reversurum
1160 5257 1549 5304 ODDEI‘iI‘RIIllIl’-
1604 5261 1830 5304 Tanlrnn
1866 5281 1995 5304 prun
2044 5269 2219 5304 “mni-

2319 4457 2385 4511 ad
2438 4458 2538 4512 hoc
2566 4455 2836 4511 credimus
2883 4457 3139 4512 divinitus
3173 4465 3521 4521 reservatum,
3566 4454 3774 4509 nesznt‘ﬁr

2319 4563 2437 4602 rum
2483 4548 2663 4617 passio
2707 4548 3064 4604 occuleretur.
3109 4549 3289 4620 ipsius
3314 4550 3454 4604 enim
3491 4547 3631 4603 relatu
3654 4550 3774 4596 etm-

2320 4638 2421 4695 dus
2449 4641 2714 4709 passionis
2751 4640 3060 4695 sanctorum
3107 4643 3174 4696 ad
3205 4643 3445 4698 notitiam
3476 4635 3772 4695 ιιιοιυιὶιιιιιεει

2315 4733 2587 4802 proditus,
2623 4743 2680 4789 et
2702 4748 2929 4803 corpora
2970 4735 3038 4789 ad
3067 4736 3481 4792 consolationem
3524 4735 3774 4793 nostrampd

2324 4824 2419 4878 Dei
2461 4824 2690 4895 gratiam
2740 4826 3081 4880 manifestata
3118 4836 3267 4887 sunt,
3313 4837 3366 4882 et
3404 4827 3468 4881 ad
3491 4825 3603 4879 lines
3641 4825 3772 4874 ποειπὸ

2313 4915 2514 4987 relata.
2563 4914 2669 4973 Fas
2694 4926 2783 4972 est
2822 4930 3001 4973 autem
3028 4920 3251 4975 credere
3275 4935 3396 4975 eum
3420 4934 3518 4974 non
3542 4927 3639 4972 esse
3655 4920 3769 4977 ὅντ’

2325 5013 2430 5059 tem
2484 5006 2665 5076 gloriae
2713 5007 2985 5073 fraternae,
3038 5026 3198 5079 quem
3236 5026 3340 5066 non
3370 5010 3521 5065 timor
3554 5025 3583 5062 a
3607 4994 3769 5068 tua!!!”

2324 5096 2574 5162 inhibuit,
2636 5099 2730 5153 sed
2761 5098 2902 5154 Deus
2933 5099 2999 5154 ad
3048 5108 3252 5154 tantam
3300 5101 3565 5155 utilitatem
3585 5084 3766 5161 (lelesi‘iL

2324 5186 2510 5257 itaque
2547 5188 2806 5245 redeunte
2848 5205 2913 5246 eo
2969 5188 3036 5244 ad
3087 5194 3487 5250 monasterium.
3513 5188 3605 5257 jam
3640 5184 3678 5236 in
3703 5178 3768 5231 Ιοτθ

2615 5279 2654 5304 ..:
2708 5279 2909 5304 a:...--m:
2947 5279 3264 5304 -..s....:....---
3300 5290 3401 5304 ---ι
3447 5281 3522 5304 -.:_
3560 5266 3767 5304 ..Αωηιδᾯ

2326 5289 2500 5304 tun-unl-
