3904 5304
38 508 70 539 ll

53 548 75 577 fl

110 354 207 412 965

107 576 250 630 quam
273 557 547 620 fratribus,
574 569 803 625 magnus
830 550 1065 605 indictus
1098 555 1178 600 est
1209 544 1404 598 luctus.
1444 542 1506 594 At
1537 554 1664 593 vero

109 668 219 708 cum
239 652 377 707 carni
405 655 868 719 compaterentur,
892 640 1103 712 spiritui
1131 633 1662 707 congratulabantnr,

106 747 318 802 scientes
337 741 666 799 successisse
688 738 769 794 eis
793 744 915 808 post
933 728 1297 789 habitaculum
1325 727 1549 789 luteum,
1574 737 1664 794 pe-

104 836 295 895 netrale
318 843 535 890 :eternm
560 829 798 887 civitatis
819 869 833 892 ,
865 825 1019 896 cujus
1054 838 1150 878 rex
1179 828 1234 878 et
1257 818 1504 875 conditor
1527 816 1668 869 Deus

102 940 198 986 est.
228 929 485 999 Praeterea
510 925 673 996 hujus
695 919 867 977 nuntii
897 916 1216 988 participem
1248 912 1452 966 faciunt
1478 922 1670 978 qnam-

104 1020 217 1075 dam
242 1017 609 1088 Angarismam
656 1011 894 1073 nomine,
936 1024 1056 1076 qua:
1088 1006 1141 1059 in
1186 1003 1368 1057 vicino
1395 1007 1669 1054 tttonasle-

104 1113 181 1165 rio
223 1110 491 1167 sororibus
540 1113 770 1178 praeerat
815 1094 1315 1155 sanctimonialibus
1341 1133 1357 1158 ,
1406 1106 1437 1145 a
1482 1097 1672 1143 sancto

102 1206 270 1259 viroa
317 1201 571 1273 primaeva
622 1202 781 1250 aetate
834 1200 940 1246 tam
1000 1189 1052 1243 in
1105 1184 1400 1256 Scripturis
1453 1180 1673 1246 divinis,

88 1310 253 1363 ‘quam
279 1288 744 1348 monasterialibus
780 1284 981 1339 imbuta
1008 1280 1285 1335 doctrinis.

74 1422 77 1423 ν
103 1384 322 1455 Corpora
349 1398 501 1437 sacra
529 1379 857 1455 rere/runtur.
898 1372 1210 1455 Angarisnta
1331 1365 1525 1435 Amulli
1554 1378 1674 1418 cor-

254 1471 346 1524 pus
370 1450 617 1522 postulat.
658 1447 826 1516 Caput
853 1441 1221 1498 cum'brachio
1251 1441 1509 1509 impetrat.

168 1545 256 1601 25.
281 1544 448 1615 Igitur
477 1537 749 1595 communi
787 1533 1014 1591 consilio
1055 1538 1110 1586 et
1143 1544 1245 1599 ope
1276 1542 1439 1582 naves
1476 1539 1677 1594 parpa-

102 1642 244 1701 rant,
292 1631 518 1689 comites
561 1627 810 1697 delegant
836 1665 851 1689 ,
898 1631 955 1678 et
1000 1620 1050 1676 ei
1095 1618 1185 1690 qui
1219 1618 1396 1673 locum
1455 1620 1679 1693 noverat

98 1726 427 1796 adjungunl:
474 1719 567 1790 qui
597 1719 707 1773 Deo
762 1719 1134 1787 prosperante,
1168 1706 1417 1763 secundis
1442 1704 1675 1768 flatibus,

96 1793 394 1886 blandaque
444 1826 699 1869 aurarum
744 1806 1004 1877 temperie
1035 1802 1152 1868 usi,
1180 1798 1387 1855 devecti
1437 1803 1561 1851 sunt
1608 1793 1675 1848 ad

93 1909 271 1964 locum
303 1885 356 1961 in
391 1920 499 1976 quo
539 1911 837 1973 martyrum
886 1896 1133 1969 gloriosae
1174 1890 1429 1963 jaecbant
1451 1885 1676 1950 exuviae,

91 2000 370 2057 hominum
398 1996 613 2066 quidem
655 1991 924 2047 destitutae
945 1984 1213 2048 custodia,
1255 1981 1350 2037 sed
1378 1993 1572 2034 manus
1601 1978 1683 2030 dl-

91 2092 234 2146 vinm
262 2087 600 2160 protectione
640 2081 896 2137 defensae.
943 2076 1148 2143 Quibus
1173 2082 1231 2128 ut
1256 2075 1574 2142 Optaverunt
1603 2081 1686 2122 re-

92 2181 282 2254 pertis,
317 2194 441 2234 cum
468 2175 701 2231 maxima
743 2169 1030 2227 alacritate
1082 2175 1138 2221 et
1175 2176 1386 2219 summa
1440 2173 1686 2214 reveren-

94 2253 196 2338 tia,
246 2278 429 2341 utpote
482 2265 813 2336 martyribus
866 2261 1051 2330 digna,
1100 2254 1225 2312 navi
1270 2253 1574 2322 imponunt,
1629 2256 1686 2304 et

90 2366 310 2423 concito
335 2363 529 2419 itinere
558 2360 785 2414 redeunt
812 2372 826 2419 ;
859 2354 1044 2423 eisque
1068 2351 1179 2406 Deo
1207 2348 1343 2404 duce
1370 2354 1427 2399 et
1466 2342 1684 2405 reduce,

92 2455 347 2514 secundis
363 2450 693 2524 potientibus
712 2447 1018 2511 effectibus,
1044 2452 1100 2499 et
1121 2453 1349 2509 corpora
1372 2443 1686 2492 sanctorum

94 2545 426 2605 monasterio
450 2540 721 2598 Lirinensi
769 2537 970 2594 inferre
993 2533 1332 2605 parantibus,
1358 2527 1573 2584 obviam
1627 2539 1687 2580 se

94 2641 223 2697 tulit
268 2638 413 2693 dicta
457 2634 728 2690 abbatissa
777 2629 1117 2701 Angarisma,
1157 2639 1280 2680 cum
1330 2620 1495 2676 multa
1529 2632 1689 2689 prece

92 2732 424 2791 obsecrans,
474 2733 534 2779 ut
570 2723 671 2779 sibi
724 2719 953 2777 facultas
1008 2716 1396 2772 attribueretur
1442 2707 1690 2781 magistri

93 2837 298 2894 corpus
327 2815 584 2874 humandi
634 2816 687 2869 in
739 2810 1069 2868 monasterio
1094 2823 1214 2873 suo,
1245 2805 1397 2877 cujus
1426 2811 1512 2859 est
1537 2816 1692 2858 voca-

92 2893 283 2968 bulum
315 2907 663 2964 OratoriumtI
692 2923 706 2957 :
740 2904 894 2975 cujus
915 2902 1107 2956 devota
1136 2897 1346 2968 petitio,
1377 2905 1432 2950 et
1458 2893 1691 2948 filiorum

93 3017 232 3071 erga
286 2999 502 3053 Patrem
533 2992 975 3065 incomparabilis
1015 2989 1251 3052 aﬂ‘ectio,
1304 2985 1465 3055 hujus
1515 2983 1692 3040 solum

1342 335 1431 392 DE
1468 331 1628 388 VITA
1668 329 1729 387 S.
1770 327 2068 385 AIGULFI.

108 472 237 533 vitm,
262 463 562 538 Rigomirus
584 458 842 524 nomine;
883 453 1037 524 cujus
1062 451 1139 508 rei
1174 449 1364 505 nuntio
1391 457 1499 501 tam
1528 444 1655 516 ipsi,
1685 445 1731 503 Α
1762 441 2015 504 tionibus,
2050 438 2403 511 laudibusque
2437 439 2681 494 oneravit
2709 434 2940 491 divinis:
2979 449 3137 489 mane
3164 444 3342 489 autem

1764 533 1907 589 facto
1935 533 2020 588 lux
2054 533 2231 602 fugata
2262 533 2351 589 diu
2377 532 2563 596 rediit,
2607 539 2664 586 et
2696 543 2817 585 sera
2852 529 2978 583 licet
3001 528 3181 582 divina
3225 524 3346 581 luce

1764 629 1987 693 donata,
2030 618 2287 683 mundum
2316 627 2430 683 sole
2468 626 2758 680 lustratum
2790 623 3090 678 lcetabunda
3114 638 3344 691 conspe-

1766 719 1866 774 xit.
1897 718 2015 786 Quo
2036 718 2312 773 miraculo
2346 720 2480 774 adeo
2522 717 2763 773 omnimn
2793 715 2983 770 alleeta
3030 722 3157 770 sunt
3180 712 3346 768 corda

1767 812 2128 876 cernentium,
2178 820 2237 865 ut
2278 828 2382 866 non
2439 826 2531 866 eos
2577 811 2799 865 tmderct
2845 807 3092 863 amisisse
3132 805 3348 860 Patrem

1767 920 2015 974 corpore,
2052 919 2210 984 quem
2239 918 2584 959 commanere
2638 901 2935 973 gauderent
2964 897 3349 954 miraculorum

3234 318 3342 376 966

2966 396 2989 427 ἱ

1772 1005 1880 1049 tam
1916 993 2123 1062 efficaci
2162 994 2655 1064 reprzcsentatione.

2052 1101 2336 1199 Eolumbus
2367 1108 2471 1162 rise
2512 1105 2723 1178 Aigalfo
2752 1106 2843 1160 dat
2870 1123 3067 1176 poenas.

1840 1221 1929 1276 27.
1963 1206 2083 1273 Non
2122 1218 2281 1273 modo
2333 1225 2514 1272 autem
2567 1216 2774 1271 devotis
2807 1225 2863 1270 et
2916 1231 2946 1271 a
3006 1217 3114 1272 Deo
3153 1231 3251 1287 per
3298 1230 3359 1271 se

1775 1311 2032 1368 beneficia
2073 1311 2417 1381 poscentibus
2445 1311 2585 1364 idem
2614 1308 2675 1361 Β.
2721 1307 2881 1362 Pater
2924 1307 3130 1372 aderat,
3168 1307 3261 1363 sed
3305 1315 3361 1361 et

1776 1403 2106 1474 persecutori
2142 1418 2242 1457 suo
2268 1416 2464 1456 munus
2491 1399 2861 1469 opitulationis
2888 1398 3170 1469 impendit.
3225 1396 3361 1451 Nam

1776 1494 2069 1550 Columbus
2096 1491 2218 1561 ejus
2242 1492 2435 1548 mortis
2466 1491 2845 1557 concinnator,
2888 1505 3012 1546 cum
3053 1497 3213 1545 nocte
3242 1504 3365 1559 quze

1778 1585 1918 1639 diem
1948 1585 2192 1657 martyrii
2221 1582 2339 1653 ejus
2371 1582 2718 1654 sequebatur,
2746 1597 2805 1638 se
2844 1580 3041 1637 lectulo
3069 1580 3367 1636 commisis-

1779 1688 1881 1744 set,
1912 1684 2095 1747 utpote
2147 1676 2387 1732 membra
2418 1676 2759 1731 relaxaturus
2779 1674 2833 1728 in
2857 1672 3115 1743 quietem,
3146 1678 3369 1741 repente

1706 1799 1754 1861 Β
1779 1768 1866 1823 vir
1910 1767 2123 1823 Domini.
2151 1767 2342 1829 asritit,
2395 1781 2493 1819 cur
2546 1764 2877 1820 immeritum
2908 1779 2969 1819 se
3003 1763 3171 1818 tantis
3211 1761 3371 1817 malis

1779 1859 2047 1914 addixerit
2094 1857 2422 1927 increpavit,
2462 1870 2628 1925 quare
2656 1855 2990 1911 crudelitatis
3029 1854 3147 1923 ejus
3176 1854 3369 1909 imma-

1778 1950 1921 2006 nitas
1970 1964 2138 2018 usque.
2187 1949 2253 2002 ad
2285 1947 2634 2004 homicidium
2680 1946 3050 2002 innocentium
3082 1944 3366 2008 exarserit,

1779 2043 2129 2098 vehementer
2160 2040 2384 2096 invexit.
2427 2041 2634 2109 Quibus
2675 2040 2871 2103 dictis,
2914 2040 3193 2111 sanguinis
3214 2038 3371 2094 ell‘usi

1781 2142 1988 2205 guttam
2035 2133 2202 2203 digito
2246 2134 2513 2204 sumpsit,
2563 2141 2620 2187 et
2667 2132 2784 2201 ejus
2842 2131 3049 2202 pectori
3095 2146 3161 2186 ac
3211 2130 3373 2185 dorso

1783 2223 1994 2294 signum
2032 2222 2085 2277 in
2112 2222 2326 2277 modum
2359 2222 2547 2279 circuli
2574 2222 2866 2292 impressit.
2915 2222 3030 2289 Quo
3053 2221 3169 2276 viso
3207 2220 3375 2274 miser

1784 2313 2168 2370 tremebundus
2218 2315 2287 2368 ad
2315 2314 2480 2385 pedes
2519 2313 2637 2383 ejus
2685 2312 2950 2376 concidit,
2992 2319 3049 2366 et
3082 2312 3374 2367 obsecrare
3452 2330 3459 2336 ’

1785 2404 1997 2460 solitam
2051 2402 2169 2473 ejus
2219 2404 2584 2475 invictamque
2631 2403 2885 2473 pietatem
2931 2401 3134 2470 cmpit,
3196 2414 3265 2456 ne
3316 2413 3376 2455 se

1788 2503 1939 2548 tanto
1962 2494 2254 2549 obnoxium
2293 2492 2533 2563 judicio,
2567 2493 2802 2549 examini
2844 2500 3148 2547 reservaret
3171 2491 3373 2545 divino.

1788 2584 1940 2661 Tunc
1994 2595 2214 2642 sanctus
2259 2585 2375 2655 ejus
2430 2585 2677 2656 precibus
2727 2594 2905 2655 motus
2945 2599 3112 2637 unum
3166 2596 3377 2636 naevum

1789 2676 2050 2741 detersit;
2098 2675 2263 2731 alium
2290 2684 2470 2731 autem
2519 2675 2721 2730 aboleri
2752 2691 2857 2730 non
2905 2689 3063 2744 posse
3101 2671 3379 2736 indicavit,

1790 2767 1961 2822 donec
2023 2775 2151 2821 ante
2209 2765 2575 2822 Chlodoveum
2629 2775 2653 2804 ο
2710 2779 2890 2835 regem
2946 2762 3383 2830 Hebroinumque

1792 2855 2270 2926 majoremdomus,
2323 2864 2381 2912 et
2426 2855 2700 2926 publicum
2750 2842 3083 2909 Francorum
3118 2851 3383 2921 judicium

1793 2950 2144 3006 adhiberetur
2182 2949 2232 3003 ei
2274 2949 2610 3004 remedium:
2651 2949 2874 3018 quodet
2901 2946 3097 3001 factum
3148 2953 3382 3000 constat.

1792 3037 1954 3095 Jussu
1995 3039 2138 3093 enim
2177 3035 2341 3110 regali
2368 3038 2742 3121 perquisitas,
2800 3037 3051 3092 inventus
3086 3045 3191 3103 cst,
3230 3045 3287 3090 et
3332 3036 3387 3090 in

92 3093 285 3165 (utsic
309 3089 509 3151 dicam)
538 3085 821 3143 amicabile
848 3083 947 3138 fuit
962 3081 1126 3151 jurgii
1152 3077 1523 3136 seminarium.
1555 3074 1693 3129 Nam

91 3184 304 3239 femina
352 3178 677 3235 venerabilis
716 3174 986 3232 desiderio
1026 3172 1260 3243 flagrans
1311 3182 1506 3238 corpus
1551 3173 1692 3235 pete-

88 3278 242 3339 bat;
292 3270 542 3341 discipuli
579 3279 759 3324 autem
816 3281 916 3321 nec
947 3264 1218 3319 modicum
1256 3259 1326 3314 ab
1369 3257 1513 3313 illius
1557 3270 1693 3325 prre-

88 3365 279 3421 sentia
321 3361 537 3417 secerni
584 3359 857 3414 volebant.
899 3355 1007 3410 Sed
1053 3354 1194 3407 inter
1220 3351 1335 3404 haec
1361 3346 1594 3402 mediam
1639 3358 1698 3399 se

89 3459 430 3526 obicemque
460 3452 781 3523 interposuit
827 3449 1088 3512 charitas,
1122 3460 1243 3515 quae
1272 3442 1398 3497 talia
1445 3439 1700 3513 dirimere

87 3548 407 3606 consuevit.
448 3543 692 3613 Namque
725 3550 781 3596 et
839 3539 1055 3594 femina:
1103 3532 1362 3606 repressit
1404 3529 1697 3585 avidiorem

86 3641 469 3701 voluntatem,
497 3645 552 3691 et
580 3635 805 3690 istorum
832 3629 1179 3693 ,devotiorem
1219 3623 1495 3695 ampliavit
1542 3629 1699 3676 tena-

88 3734 333 3787 citatem
361 3745 376 3783 :
402 3729 539 3783 adeo
577 3736 637 3781 ut
680 3725 754 3781 illi
797 3724 1117 3778 attributum
1157 3727 1322 3788 caput
1367 3717 1540 3772 sancti
1587 3730 1705 3770 cor-

84 3824 256 3894 poris
272 3836 397 3877 cum
428 3818 655 3875 brachio
679 3818 871 3877 dextro
896 3811 1204 3868 sufficeret:
1237 3808 1501 3879 reliquum
1524 3817 1701 3860 autem

84 3911 357 3982 corporis
415 3922 538 3963 cum
600 3904 843 3976 reliquiis
904 3912 1218 3957 sanctorum
1270 3907 1590 3953 cretcrorum
1637 3897 1707 3950 ad

86 3997 510 4058 monasterium
536 3996 822 4052 Lirinense
867 4010 897 4048 a
944 3992 1006 4048 B.
1036 3990 1315 4062 Rigomiro
1351 3997 1407 4043 et
1450 3986 1708 4042 fratribus

85 4090 517 4148 transferretur“
546 4086 575 4127 ιι
604 4084 957 4141 humandum.

620 4194 773 4251 C-(cca
807 4184 972 4249 risum
1005 4193 1203 4263 recipit.

1718 3144 1765 3206 ρ
1796 3130 2006 3187 vincula
2035 3130 2336 3199 conjectus,
2391 3138 2554 3200 atque
2592 3130 2797 3201 judicio
2834 3129 3171 3184 Francorum
3201 3143 3389 3199 pruna-

1798 3238 1918 3280 rum
1947 3222 2228 3279 ferocitate
2255 3237 2427 3292 usque
2459 3223 2527 3276 ad
2553 3229 2780 3276 mortem
2814 3229 3061 3274 vexatus.

2248 3320 2487 3389 Auctoris
2522 3334 2609 3405 pia
2645 3334 2937 3387 meditatio.

1869 3448 1960 3503 28.
1999 3446 2150 3502 Licet
2171 3454 2351 3499 autem
2385 3444 2438 3499 in
2461 3444 2547 3499 his
2575 3459 2682 3498 non
2706 3442 2999 3511 conjectari
3046 3442 3268 3514 aliquid,
3293 3445 3390 3501 sed

1804 3539 1961 3610 plane
2002 3536 2302 3607 intelligere
2348 3536 2477 3605 quid
2523 3537 2639 3590 haec
2701 3535 3102 3604 portenderent.
3158 3534 3392 3606 Sanguis

1804 3633 1948 3688 enim
1992 3630 2080 3687 ille
2116 3630 2370 3702 martyris
2397 3628 2568 3693 fusus,
2600 3627 2905 3684 innocentia
2939 3628 3252 3699 intelligitur
3280 3628 3391 3682 vim

1804 3740 2083 3796 perpessa,
2110 3722 2312 3792 justam
2355 3721 2632 3792 postulans
2673 3720 2962 3773 vindictam
3010 3736 3023 3772 :
3069 3719 3211 3773 unde
3253 3718 3394 3772 Deus

1807 3821 1875 3872 de
1904 3818 2078 3889 primo
2125 3815 2328 3875 talium,
2382 3813 2433 3869 id
2485 3822 2573 3869 est
2618 3812 2806 3876 Abele,
2858 3811 2992 3867 dixit
3037 3811 3104 3866 ad
3159 3811 3393 3880 primum

1809 3918 2232 3991 persecutorem,
2262 3908 2314 3963 id
2340 3917 2425 3962 est
2450 3907 2581 3962 Cain
2612 3926 2624 3961 :
2664 3904 2776 3960 Vox
2803 3903 3076 3976 sanguinis
3106 3903 3285 3974 fratris
3315 3904 3394 3956 tui

1810 4001 2000 4055 clamat
2017 4000 2085 4053 ad
2114 4016 2197 4053 me
2231 3996 2385 4069 (Gen.
2420 3996 2480 4069 ι).
2511 3996 2801 4066 Impressio
2828 4011 2993 4067 porro
3029 3993 3309 4064 sanguinis
3338 3993 3397 4048 in

1809 4092 1972 4145 dorso
2013 4089 2096 4143 vel
2159 4088 2213 4141 in
2270 4102 2499 4157 corpore
2561 4084 2943 4156 persecutoris,
2996 4084 3398 4163 animadversio
3444 4126 3459 4134 -

1812 4183 2063 4237 vindictae
2091 4195 2212 4251 quin
2240 4180 2287 4233 ei
2317 4179 2612 4233 debebatur
2653 4193 2751 4249 pro
2794 4176 3125 4243 admissione
3153 4177 3395 4233 sceleris.

172 4290 279 4346 26.
313 4290 489 4346 Porro
537 4298 736 4343 sanctae
783 4286 1066 4339 abbatissa:
1107 4281 1322 4337 devotio
1368 4294 1707 4350 nequaquam
1811 4277 1967 4334 Unde
2010 4283 2065 4329 et
2119 4272 2389 4329 Ezechieli
2441 4271 2700 4326 Dominus
2745 4270 2909 4334 dicit,
2956 4271 3102 4340 quod
3154 4272 3399 4339 requirat

82 4385 379 4440 indonata
407 4379 593 4435 relicta
622 4387 722 4434 est.
773 4377 901 4431 Erat
947 4376 1090 4429 enim
1125 4373 1176 4428 in
1212 4373 1540 4428 monasterio
1567 4372 1710 4427 illius
1813 4369 2126 4438 sanguinem
2150 4366 2450 4438 peccatoris
2476 4365 2541 4421 de
2565 4381 2723 4419 manu
2758 4379 2863 4418 non
2908 4363 3277 4418 annuntiantis
3305 4380 3400 4434 pa-

82 4475 368 4545 quaadam
413 4485 660 4527 sororum
686 4509 703 4534 ,
755 4468 839 4523 cui
878 4467 1051 4521 visum
1102 4464 1377 4536 glaucoma
1426 4464 1706 4534 abreptum
1738 4495 1786 4556 Β
1816 4459 1980 4516 storis
2007 4456 2226 4529 (Ezeclt.
2263 4456 2369 4528 tn).
2422 4456 2490 4511 Et
2536 4453 2792 4533 Dominus
2842 4451 3040 4509 Judzeis
3073 4469 3086 4506 :
3121 4450 3193 4507 Ut
3229 4455 3401 4507 υειιὶιιε

79 4562 459 4625 inofﬁciosas
483 4562 783 4618 reddiderat
823 4558 1038 4614 videndi
1080 4556 1381 4611 fenestras:
1424 4555 1710 4626 palpebra-
1738 4545 1779 4556 ”
1817 4567 1973 4621 super
1998 4566 2084 4604 vos
2118 4548 2285 4603 omnis
2316 4548 2530 4619 sanguis
2566 4548 2744 4616 justus
2781 4546 2871 4616 qui
2907 4545 3107 4616 e/fusus
3145 4554 3219 4597 est
3248 4561 3405 4613 super

86 4674 233 4711 rum
268 4666 516 4724 namque
539 4651 771 4722 tegmina
799 4647 1077 4703 oculorum
1107 4644 1348 4717 globulos
1377 4646 1712 4715 relegebant.
1818 4655 2011 4698 terram
2051 4641 2268 4711 (Matth.
2296 4643 2477 4713 χχιιι),
2516 4640 2569 4695 id
2596 4647 2681 4693 est
2710 4630 2945 4694 vindicta
2973 4636 3153 4695 omnis
3182 4637 3402 4708 sangui-

85 4751 288 4806 l’lena
325 4750 496 4822 igitur
526 4747 630 4802 [ide
654 4760 775 4800 cum
805 4744 1049 4812 reliquis,
1081 4757 1201 4812 qum
1241 4740 1412 4794 sacris
1439 4736 1717 4793 funeribus
1820 4737 1904 4790 nis
1932 4734 2057 4803 iusti
2097 4732 2417 4787 innocenter
2441 4732 2565 4788 fusi.
2599 4729 2770 4784 Porro
2793 4730 2982 4788 circuli
3007 4726 3215 4797 eﬂigies
3241 4727 3412 4781 inevio

84 4847 405 4904 solemnes
448 4838 775 4897 exhibebant
825 4837 1104 4896 excubias.
1142 4843 1355 4893 noctein
1401 4843 1569 4890 totam
1593 4848 1716 4888 ora-
1823 4828 2039 4883 labilem
2082 4824 2489 4894 pransagabatur
2517 4821 2800 4878 sententiae
2837 4822 3102 4879 ultionem
3134 4833 3149 4869 :
3178 4816 3418 4870 circulus

48 4981 56 5018 ³
174 5013 209 5041 ει
243 4995 485 5055 Insignis
516 4992 735 5055 lapsus!
770 4990 1076 5046 Oratorium
1100 4987 1484 5045 monasterium
1508 4989 1559 5042 in
1590 4986 1716 5041 Pro-
1820 4981 2209 5055 distinguenda
2223 4988 2374 5034 esset
2400 4983 2470 5038 ab
2497 4975 2878 5046 Angadrisma,
2912 4992 3033 5053 quae
3059 4968 3273 5037 origine
3301 4967 3433 5021 Tar-

1822 5050 2111 5111 Vcnueitsis
2137 5050 2255 5104 fuit.
2932 5050 2950 5053 “
3128 5106 3188 5111 μ,
3336 5102 3345 5109 κ

1896 5106 2215 5206 {silanum
2264 5119 2357 5203 die
2409 5115 2780 5181 sextodecimo
2826 5118 2979 5189 Maii,
3013 5124 3077 5175 ut
3127 5106 3446 5162 Vincentius

174 5013 209 5041 ει
243 4995 485 5066 Insignis
516 4992 735 5063 lapsus!
770 4990 1076 5066 Oratorium
1100 4987 1484 5066 monasterium
1505 4986 1716 5066 inpro-

83 5071 311 5125 vincia
351 5056 828 5129 Inallunt'unquam
858 5061 993 5122 fuit,
1042 5062 1134 5115 sed
1192 5060 1244 5112 in
1290 5056 1459 5129 Gallia
1501 5057 1714 5129 Belgica

83 5155 299 5213 prope
325 5138 595 5214 civitatem
639 5126 1057 5214 liclIuvacui-um,
1083 5130 1252 5210 Oroer
1288 5126 1446 5198 vulgo
1465 5128 1714 5214 pppella-

1818 5196 1861 5214 τι
