3904 5304
102 367 216 421 973

1388 361 1665 420 ΝΟΤΙἸἹΛ
1711 358 2097 417 ΗΙΞΤΟΒΙΕᾹ.

3267 354 3376 413 974

102 484 342 544 sincere,
375 488 429 534 et
470 479 535 533 ad
579 493 768 533 omnes
796 478 1037 534 veritatis
1066 491 1347 541 numeros,
1399 489 1568 530 unum
1592 472 1690 527 ad-
1717 476 1768 534 Α
1794 477 1938 532 culto
1972 482 2029 528 et
2051 472 2334 544 observato
2363 486 2577 544 semper
2608 470 2899 544 avunculo,
2938 470 3080 540 apud
3110 484 3291 544 regem
3316 479 3371 527 et

105 565 361 612 monens,
391 550 689 618 proscripta
715 549 850 603 bona
876 548 1262 618 ecclesiastica,
1290 547 1449 618 quod
1466 555 1689 618 vocatus

104 621 179 676 ad
220 615 479 675 surculari!
518 615 814 688 judicium,
862 615 1049 671 vGiire
1088 615 1349 688 noluisset
1383 634 1397 670 :
1437 616 1689 688 idemque

96 691 365 761 ναβαιιί
411 687 647 761 pasees
692 688 904 761 repetit.
940 688 1054 761 ⁸(Σιιί
1088 687 1307 761 ξειήοιξ,
1335 687 1689 761 m_episcopo

100 756 338 815 credens
358 799 373 824 ,
408 756 525 813 Sine
553 774 701 812 mora
729 756 828 827 pro
843 757 1057 825 jurilms
1088 758 1343 813 Ecclesia
1368 756 1564 827 vindex
1595 770 1691 807 cx-

105 830 321 912 surgit3
374 838 430 883 et
484 844 665 912 regem
685 826 1051 912 “gravissimis
1097 828 1309 909 litteris.
1341 826 1691 912 vehementer

97 897 436 969 increpitum
461 939 478 963 ,
526 897 595 952 ad
646 897 878 952 oﬂicium
921 905 985 951 et
1030 897 1402 969 paenitentiam
1441 901 1688 969 revocat.

104 964 249 1022 Tum
266 964 552 1037 assumpto
572 983 755 1022 secum
778 975 971 1035 nepote
1000 964 1179 1034 regem
1202 968 1375 1020 Pistas
1401 967 1690 1019 abeuntem
1726 989 1735 999 -

101 1054 233 1092 cum
281 1039 402 1092 aliis
441 1047 658 1091 secutus
685 1038 976 1105 episcopis,
1020 1037 1216 1090 oblatis
1253 1037 1446 1090 iterum
1475 1042 1695 1103 quater-

105 1108 398 1173 nionibus,
441 1117 495 1161 et
534 1107 719 1162 multis
747 1106 926 1160 verbis
960 1126 977 1156 ι
1003 1107 1239 1159 ostendit
1263 1116 1527 1175 quantum
1555 1118 1694 1175 pra;-

94 1176 373 1245 judicium
418 1184 475 1229 et
524 1177 846 1246 episcopalis
888 1176 1219 1239 auctoritas,
1276 1173 1331 1229 et
1374 1173 1696 1246 universalis

103 1247 358 1302 Ecclesia
390 1247 442 1299 in
482 1247 574 1299 tali
616 1245 759 1300 facto
796 1246 1125 1315 patiebatur.
1155 1264 1174 1297 ι
1218 1245 1308 1299 Sic
1334 1245 1479 1298 enim
1504 1255 1695 1315 aucto-

98 1317 329 1369 ritatem
373 1317 424 1369 in
456 1316 577 1369 aula
622 1314 988 1384 comparatam
1020 1315 1352 1379 collocabat,
1377 1314 1468 1383 qni
1495 1314 1695 1384 dicitur

99 1386 321 1441 aulicus
350 1387 652 1455 episc0pns,
684 1382 874 1440 ell'ectu
902 1400 1008 1439 non
1037 1386 1222 1451 irrito;
1250 1385 1295 1439 si
1319 1382 1536 1455 quidem
1564 1382 1698 1435 obti-

103 1456 229 1512 nuit
259 1466 317 1509 ut
348 1453 584 1509 rétvestito
606 1458 862 1524 episcopo,
881 1456 1066 1524 quibus
1115 1455 1289 1524 fuerat
1332 1453 1614 1524 Spoliatus,
1643 1459 1698 1524 et

96 1526 366 1594 privatim
394 1520 647 1579 Pauliaco
676 1520 796 1578 villa
821 1520 1024 1578 reddita
1046 1565 1060 1586 ,
1096 1520 1268 1579 donec
1292 1520 1530 1588 legitimo
1546 1520 1697 1589 judi—

92 1594 195 1649 cio
225 1594 351 1650 lites
379 1609 568 1649 omnes
591 1596 1031 1659 terminarentur,
1054 1603 1244 1663 pacata
1261 1602 1469 1649 starent
1490 1594 1693 1647 oumia.

343 1772 533 1845 Regem
560 1681 1017 1830 Carolumgmgtis
1044 1776 1212 1829 modis
1239 1775 1475 1844 offendit.

144 1900 147 1903 ι
178 1866 362 1920 Tanto
408 1864 630 1936 allectus
676 1864 951 1936 beneﬁcio
963 1863 1180 1931 juvenis
1206 1865 1545 1934 imprudens,
1572 1878 1698 1935 gra-

96 1936 256 1990 viter
284 1944 341 1988 et
368 1934 548 2005 regem
574 1975 590 1998 ,
636 1944 696 1988 et
723 1934 1048 1988 avunculum
1072 1975 1088 1997 ,
1122 1945 1180 1987 et
1203 1936 1485 2005 episcopos
1507 1934 1698 1989 omnes

96 2005 360 2067 offendit,
390 2004 800 2074 cumiprzeeipiti
831 2014 1026 2057 IllellllS
1056 2006 1292 2073 impetu,
1330 2004 1544 2058 nemine
1569 2020 1697 2058 con-

102 2076 290 2155 stulto1
313 2078 456 2155 regis
502 2073 715 2155 facinus
754 2074 993 2155 pontifici
1051 2074 1296 2127 Romano
1346 2088 1443 2155 per
1487 2074 1696 2154 litteras

100 2142 473 2216 significavit:
500 2146 643 2216 quod
669 2153 725 2216 et
748 2142 885 2197 alias
914 2142 1226 2216 facerenon
1253 2142 1454 2216 omisit,
1483 2143 1696 2213 quoties

96 2214 419 2269 vexationis
464 2214 706 2268 nonnihil
753 2229 783 2266 a
831 2214 996 2282 regiis
1042 2214 1307 2267 ministris
1346 2227 1540 2282 passus
1587 2223 1692 2267 est.

102 2284 228 2339 Hoc
272 2298 405 2337 vero
444 2292 498 2337 et
531 2283 883 2337 acerbissime
914 2284 1035 2337 tulit
1060 2284 1312 2352 princeps
1343 2282 1697 2337 Christianis-

99 2356 309 2417 simus,
334 2362 390 2406 et
433 2355 636 2421 absque
679 2367 945 2407 consensu
994 2369 1094 2405 suo
1128 2352 1277 2407 facto
1323 2353 1698 2422 improbarunt

98 2424 412 2477 antistites.
438 2423 631 2476 lterum
654 2438 868 2491 quoque
892 2423 1080 2477 eadem
1105 2423 1389 2476 occasione
1412 2430 1468 2475 et
1491 2436 1693 2489 regem,

100 2504 169 2547 et
197 2493 667 2561 archiepiscopum
711 2507 867 2546 suum
910 2493 1053 2560 apud
1099 2492 1346 2546 eumdem
1387 2492 1696 2561 pontiﬁcem

102 2562 431 2642 accusavit:
466 2561 610 2642 illum
655 2570 941 2642 u_t__.reru.m
972 2561 1470 2642 ecclesiasticarum
1507 2576 1696 2642 perva-

92 2646 321 2695 sorem,
352 2633 496 2685 hunc
517 2632 650 2684 utin
684 2631 790 2685 illis
826 2631 1036 2698 injuriis
1072 2632 1364 2700 patientem
1394 2631 1556 2685 nimis
1576 2670 1591 2694 ,
1617 2639 1693 2694 et,

103 2712 174 2757 ut
221 2702 360 2756 dicit
396 2702 678 2771 Scriptum
705 2741 722 2765 ,
767 2715 956 2755 canem
998 2711 1228 2764 mutum,
1280 2715 1386 2754 non
1422 2701 1695 2755 valentem

105 2773 342 2826 latrare.
385 2770 744 2841 Quamobrem
792 2771 863 2825 ab
907 2785 973 2824 eo
1000 2771 1323 2841 digressus,
1369 2786 1469 2841 nec
1495 2771 1693 2839 ipsum,

100 2857 218 2896 nec
259 2842 378 2909 ejus
415 2842 606 2895 deinde
644 2840 848 2909 legatos
892 2840 1120 2908 benigne
1147 2841 1380 2909 excepit.
1419 2840 1525 2894 Sed
1552 2855 1696 2893 com-

98 2911 543 2982 provincialihus
582 2912 832 2982 euntibus
861 2911 1128 2978 episcopis
1150 2911 1436 2980 neglectis,
1466 2910 1696 2982 ad_alia-

101 2979 238 3036 i'um
279 2980 680 3050 provinciarum
712 2980 993 3050 episcopos
1039 2982 1092 3032 in
1133 2979 1407 3049 posterum
1432 2979 1693 3049 confugit,

101 2997 238 3036 rum
276 2997 680 3103 provinciarum
712 2997 993 3050 episcopos
1039 2997 1092 3032 ιιι
1133 2997 1407 3049 posterum
1432 2997 1693 3049 ωιιιιιειι,

98 3052 269 3105 censi
298 3053 407 3103 ium
449 3058 505 3103 et
546 3049 854 3119 praesidium
897 3049 967 3102 ab
1008 3050 1074 3102 iis
1127 3058 1412 3119 regaturus
1445 3064 1459 3103 :
1509 3069 1527 3100 ι
1558 3050 1695 3116 Quia

96 3136 243 3176 cum
270 3121 357 3175 bis
382 3120 450 3173 ad
484 3128 535 3173 te
559 3121 755 3174 missos
782 3128 838 3173 et
865 3119 1073 3173 litteras
1099 3120 1374 3189 miserim,
1401 3128 1455 3174 et
1475 3121 1693 3189 quidam

107 3195 564 3253 tuorumatcum
606 3190 864 3258 loquendi
908 3189 1197 3244 habuerint
1242 3188 1589 3252 facultatem,
1642 3198 1697 3243 et

105 3271 303 3315 tecum
334 3260 495 3315 locuti
524 3258 746 3325 fuerint,
782 3273 882 3319 nec
903 3274 1113 3323 meum,
1145 3259 1229 3312 vel
1254 3259 1696 3327 coepiscoporum

100 3339 433 3405 nostrorum
477 3331 725 3405 expetisti
772 3329 1219 3405 auxilium_,__nec
1268 3338 1455 3405 nostro
1483 3329 1697 3405 voluisti

102 3400 197 3453 uti
232 3398 494 3469 consilio,
527 3398 666 3454 sicut
688 3398 804 3467 jam
837 3399 955 3453 aliis
994 3399 1199 3453 vicibus
1224 3398 1400 3469 egisti.
1435 3418 1454 3449 ι
1497 3399 1561 3452 Et
1576 3407 1699 3466 post

100 3484 334 3540 pauca:
372 3487 390 3520 ι
423 3467 506 3522 Me
554 3482 767 3538 quoque
791 3469 1120 3538 postposito,
1153 3483 1218 3522 ac
1253 3467 1453 3540 relictis
1476 3469 1695 3540 provin-

101 3539 225 3595 ὀίω
258 3548 367 3594 tua:
412 3540 789 3593 communibus
816 3540 1145 3608 coepiscopis
1168 3578 1184 3602 ,
1231 3539 1436 3593 scilicet
1469 3539 1604 3593 meis
1634 3554 1700 3595 ac

103 3610 263 3689 tuis,
310 3609 365 3662 in
403 3608 507 3663 alia
544 3608 858 3689 provincia,
917 3610 1250 3689 etnaliarum
1296 3609 1697 3677 provinciarum

100 3680 497 3751 episcoporum
542 3679 666 3751 inde
717 3679 792 3751 uti
817 3679 1050 3751 consilio
1084 3680 1255 3751 magis
1311 3694 1477 3751 quam
1513 3688 1698 3751 nostro

104 3747 316 3804 contra
338 3748 550 3819 regulas
585 3748 860 3819 delegisti;
901 3764 1025 3802 cum
1063 3764 1162 3818 ego
1183 3747 1249 3801 in
1274 3748 1547 3802 vicinitate
1572 3747 1698 3815 loci,

106 3820 215 3874 ubi
248 3818 479 3873 domnus
508 3833 604 3872 rex
631 3818 1041 3881 numerabatur,
1074 3827 1199 3873 tunc
1226 3819 1414 3871 luerim
1433 3858 1449 3881 ,
1494 3826 1548 3873 et
1580 3821 1699 3886 qui-

106 3890 250 3958 dam
273 3888 711 3958 coepiscoporum
741 3896 1050 3941 nostrorum
1070 3903 1334 3957 cumrege
1362 3889 1694 3958 deguerint.»

108 3957 382 4022 Putasne,
407 3958 605 4020 lector,
646 3958 988 4011 temerarium
1014 3958 1132 4027 fore
1161 3957 1459 4027 suspicari,
1489 3960 1701 4027 episco-

109 4044 227 4098 pos
254 4028 372 4082 illos
418 4028 642 4080 aliarum
669 4028 1071 4095 provincmrum
1103 4026 1288 4098 fuisse,
1335 4026 1533 4098 quibus
1558 4028 1700 4098 Lug-

105 4097 449 4168 dunensium
477 4112 671 4168 nomen
701 4098 924 4168 inditum
955 4106 1057 4160 est,
1095 4097 1412 4168 quibuscum
1434 4097 1547 4166 jam
1579 4097 1703 4153 inde

110 4185 146 4223 a
180 4167 419 4221 concilio
454 4167 593 4238 apud
633 4166 918 4238 Tusiacum
962 4166 1703 4238 amicitiail'mdereconjun-

105 4250 249 4297 (ειυς
273 4246 392 4290 est:
425 4237 515 4305 qui
557 4244 741 4290 vetere
790 4237 844 4290 in
890 4251 1068 4305 regem
1091 4236 1340 4291 Carolum
1367 4247 1423 4291 et
1449 4236 1703 4294 llincma-

110 4323 248 4362 nun
289 4307 767 4376 archiepiscopum
789 4307 933 4368 odio,
964 4307 1105 4374 quod
1143 4320 1241 4374 per
1268 4306 1703 4363 Gottesehalcum

112 4379 178 4433 in
208 4375 601 4445 qumslionibus
629 4375 941 4443 theologicis
966 4376 1211 4431 obtinere
1241 4392 1346 4430 non
1372 4387 1701 4445 potuerunt;

111 4462 227 4518 per
256 4456 505 4518 nepotem
548 4446 846 4514 inquietum
877 4449 930 4498 in
971 4447 1125 4518 bonis
1166 4447 1549 4502 ecclesiasticis
1573 4463 1705 4502 con-

1791 548 2073 628 episeopos
2097 542 2491 628 gratiosissimo
2509 582 2523 604 ,
2554 542 2869 628 cujus‘ntttu
2900 549 2967 623 et.
2978 541 3225 628 consiliis
3252 556 3371 625 om-

1792 611 1879 670 nia
1909 611 2272 681 inrepuhlica
2317 611 2685 683 gerebantur,”
2712 621 2884 683 tutum
2924 611 3027 683 sibi
3062 611 3368 683 perfugium

1787 691 2013 756 pararet
2036 679 2076 746 ,“
2096 698 2204 751 quo
2224 679 2416 756 contra
2440 681 2585 752 regis
2608 679 2798 756 oll‘ensi
2831 679 3246 756 etoptimat‘um'
3261 682 3367 756 im:

1792 749 1947 827 pctus
1989 749 2276 827 tegeretur.
2335 749 2537 827 Yerum
2582 749 2720 827 ejus_
2745 749 3041 827 amicitiam
3087 751 3222 805 nihil
3263 753 3368 807 sibi

1793 820 2240 908 prodessemimo
2262 822 2439 908 potius
2462 822 2665 908 φοβειὶ
2695 820 2832 908 falst)
2852 822 3214 908 ‘exprobrtns.
3244 836 3371 876 cum

1794 890 1909 957 illo,
1939 893 2028 947 cui
2057 890 2188 945 nihil
2218 890 2323 944 nan
2354 891 2614 954 debebat,
2642 890 3194 945 beneliciisomnibus
3234 905 3367 958 pra:-

1794 972 2023 1027 ventns,
2076 961 2326 1029 bipedum
2371 960 2769 1030 ingratissimus
2815 960 2887 1013 ita
2929 960 3160 1014 certavit
3188 960 3366 1030 diitis.

1794 1034 1973 1093 factis,
2000 1027 2215 1098 scriptis
2234 1070 2247 1091 ,
2278 1039 2336 1082 ut
2361 1027 2463 1083 diei
2492 1030 2663 1098 possit
2693 1037 2897 1083 tantum
2928 1044 3051 1083 cum
3078 1044 3205 1099 rege
3233 1027 3374 1084 veli-

1796 1112 1960 1157 tatus.
2000 1100 2163 1154 Multa
2201 1100 2287 1153 hic
2315 1114 2420 1153 non
2451 1101 2593 1162 dico,
2630 1100 2753 1167 quia
2794 1113 2951 1152 suum
2979 1107 3035 1153 et
3062 1100 3374 1167 metropoli-

1797 1183 1937 1227 tana:
1964 1172 2108 1226 sedis
2131 1178 2498 1238 contemptum
2519 1207 2535 1232 ,
2580 1183 2710 1222 sane
2736 1169 3000 1222 infinitum
3018 1209 3034 1233 ,
3076 1170 3206 1223 etin
3233 1169 3373 1223 libro

1796 1240 2459 1320 quinquagintaquinque
2491 1240 2760 1320 capitum,
2788 1246 2843 1293 et
2867 1238 3288 1320 aliisnepistolist
3317 1246 3378 1305 et

1800 1308 1854 1367 in
1894 1308 2328 1389 etpostulat‘ione
2377 1309 2517 1389 apud
2563 1309 2865 1389 synodum,
2909 1308 3133 1389 infinito
3161 1316 3215 1363 et
3258 1308 3376 1389 ipse

1801 1377 2137 1448 multiloquin
2181 1377 2504 1433 Rhemensis
2545 1377 2906 1447 prosequitur.
2962 1377 3221 1447 Equidem
3252 1377 3372 1433 sine

1796 1447 2144 1520 stupore’nou
2176 1448 2325 1520 lego,
2360 1448 2503 1520 quod
2533 1448 2715 1520 nescio
2744 1457 2924 1520 utrum
2950 1447 3374 1520 exaggeratione

1801 1516 2069 1575 rhetorica
2119 1518 2356 1572 scribat:
2394 1536 2412 1567 ι
2440 1517 2522 1569 Ab
2567 1518 2681 1585 ipsa
2728 1516 2816 1571 die
2866 1526 2969 1571 tua:
3014 1516 3375 1571 ordinationis

1801 1599 1910 1643 tam
1960 1589 2138 1641 verbis
2184 1602 2344 1656 quam
2403 1586 2651 1656 scriptis,
2694 1595 2751 1641 et
2795 1586 3116 1642 inordinatis
3162 1586 3375 1641 actibus

1801 1675 1866 1713 ac
1906 1659 2139 1713 motihus
2176 1658 2321 1720 tuis,
2366 1656 2735 1726 frequentibus
2772 1657 2908 1711 adeo
2953 1670 3070 1709 sum
3114 1665 3376 1726 gravatus

1800 1728 2219 1783 laeerationibus
2260 1734 2422 1795 atque
2458 1725 2867 1780 contusionibus
2891 1725 3238 1795 ,_utrttedeat
3283 1737 3375 1778 me

1730 1822 1779 1881 Β
1804 1800 1930 1880 vite
1955 1812 2107 1881 πιετει
2144 1793 2372 1881 ’.ἕψε
2392 1795 2607 1881 etiam.
2627 1795 2856 1881 «sive.
3070 1795 3379 1881 stetisses

1808 1869 1911 1923 mei
1936 1868 2143 1921 ratione
2172 1867 2265 1919 tibi
2290 1880 2408 1919 sum
2428 1865 2697 1934 alligatus,
2723 1866 2777 1918 in
2801 1873 3005 1918 vastam
3027 1865 3379 1918 solitudinem

1796 1937 1982 2007 procul
2032 1952 2061 1990 a
2102 1945 2155 1990 te
2193 1937 2415 2007 tuisque
2449 1933 2662 2002 possem
2703 1933 3011 2007 avolarel‘i‘
3031 1941 3090 1988 ut
3137 1942 3234 1987 aut
3281 1942 3377 1986 tua

1797 2004 2092 2076 pertinacia
2116 2004 2450 2060 contumacis
2476 2004 2799 2073 prcesentiae,
2825 2013 2921 2058 aut
2942 2004 3230 2076 missorum
3256 2013 3375 2057 tuo-

1795 2074 2440 2155 r_um__duriloquiis.,maut
2479 2082 2870 2155 scripturarum
2906 2082 3120 2155 tuarum
3146 2074 3374 2155 deroga-

1796 2147 2049 2208 tionibus,
2076 2142 2439 2199 et'inuti-libus
2470 2142 2677 2206 nteniis,
2708 2142 2835 2211 quin
2862 2144 3041 2209 potius
3067 2143 3369 2212 tragoadiis,

1794 2226 1884 2270 aut
1913 2215 2107 2270 talibus
2137 2228 2255 2284 qua:
2284 2228 2388 2284 non
2421 2209 2749 2284 conveniunt
2771 2213 3024 2284 episeopo
3047 2214 3113 2266 de
3137 2209 3190 2266 te
3218 2209 3375 2265 audi-

1796 2287 2070 2349 tionibus,
2125 2280 2229 2337 non
2263 2280 2486 2352 afﬂigar.
2516 2301 2535 2333 ι
2578 2282 2730 2348 Quod
2778 2281 2860 2336 sic
2901 2282 3226 2350 interpretor
3264 2298 3278 2333 :
3312 2288 3373 2332 ut

1794 2356 1875 2410 sui
1894 2355 2033 2424 juris
2055 2355 2225 2407 factus
2247 2368 2341 2424 per
2363 2352 2775 2424 ordinationem,
2797 2365 3021 2424 excussa
3041 2352 3224 2424 statim
3245 2364 3374 2404 cen-

1793 2420 1933 2480 soris
1959 2425 2040 2478 sui
2059 2420 2380 2483 reverentia,
2402 2422 2704 2491 spretisque
2717 2422 2938 2476 monitis
2950 2420 3237 2477 saculares
3254 2434 3374 2474 mo—

1795 2510 1883 2549 res
1914 2494 2164 2555 induerit,
2193 2493 2260 2547 ad
2278 2506 2429 2560 opes,
2444 2491 2510 2562 ad
2535 2493 2784 2562 honores,
2801 2492 3122 2562 adcorpon's
3150 2491 3374 2562 delicias

1793 2564 2084 2628 anhelarit,
2113 2562 2329 2617 dolente
2349 2570 2401 2615 et
2440 2560 2731 2615 identidem
2757 2560 3045 2619 revocante
3073 2560 3369 2617 avunculo:

1793 2649 1966 2703 eaque
2017 2631 2261 2686 simultas
2310 2632 2450 2703 intra
2479 2630 2687 2703 privata
2721 2631 3018 2703 colloquia,
3064 2641 3120 2686 et
3160 2630 3373 2703 occulta

1792 2701 2098 2758 litterarum
2140 2702 2468 2756 commercia
2519 2701 2828 2770 aliquandiu
2883 2703 3123 2765 steterit;
3197 2702 3375 2755 donec

1796 2776 2011 2827 tandem
2050 2772 2103 2826 in
2130 2780 2385 2841 apertum
2410 2785 2602 2841 magna
2640 2772 2879 2824 omnium
2918 2771 3215 2826 oﬂ'ensione
3244 2785 3376 2840 pro-

1796 2844 1970 2911 rupit,
2008 2856 2133 2896 cum
2175 2840 2430 2911 quidquid
2456 2842 2525 2911 ab
2550 2840 2882 2911 alienissimo
2916 2851 2971 2896 et
2993 2841 3372 2911 inimicissimo

1797 2908 2013 2968 homine
2047 2908 2224 2965 timeri
2253 2910 2446 2981 potuit,
2474 2908 2577 2964 hoc
2613 2910 2879 2981 avunculo
2906 2927 3089 2981 nepos,
3118 2910 3376 2981 nutritori

1800 2995 1856 3038 et
1879 2981 2211 3037 henel‘actori‘
2237 2980 2508 3045 alumnus,
2537 2980 2837 3035 ordinatori
2860 2979 3144 3050 episcopus
3174 2979 3376 3050 intulit.

1868 3052 2055 3120 Qualia
2102 3060 2230 3105 sunt
2296 3050 2411 3104 haec
2453 3067 2466 3103 :
2526 3049 2905 3118 possessiones
2931 3049 3186 3106 Ecclesia:
3232 3049 3383 3103 lihe-

1805 3124 2009 3177 mensis
2067 3122 2362 3185 invadere;
2423 3120 2951 3191 administrationem
3029 3121 3259 3191 palatii,
3321 3130 3383 3173 et

1800 3194 2072 3246 abhatiam
2114 3206 2180 3246 co
2219 3189 2522 3243 inconsulto
2559 3190 2802 3259 accipere
2840 3209 2857 3244 :
2908 3192 2975 3245 ad
3016 3189 3145 3247 illud
3188 3204 3380 3246 mona-

1800 3262 2024 3332 sterium
2054 3260 2126 3332 in
2171 3259 2347 3332 aliena
2380 3259 2653 3332 provincia
2684 3261 2851 3332 situm
2873 3299 2889 3324 ,
2938 3262 3142 3332 absque
3175 3269 3378 3332 metro-

1799 3330 2021 3400 politani
2052 3328 2247 3401 litteris
2272 3327 2583 3401 proﬁcisci,
2607 3329 2735 3401 etin
2766 3344 2832 3383 eo
2860 3327 3074 3399 negotia
3100 3332 3169 3385 ad
3198 3331 3377 3401 ipsum

1802 3397 1908 3454 non
1952 3399 2275 3468 pertinentia
2322 3397 2623 3470 inconsulte
2670 3397 2981 3470 disponere;
3024 3416 3145 3470 (vae
3184 3397 3378 3470 postea

1799 3466 2080 3532 excusare,
2144 3476 2200 3523 et
2244 3481 2275 3519 a
2302 3466 2555 3537 synodali
2587 3466 2919 3537 cognitione
2960 3466 3241 3526 removere
3285 3484 3382 3523 co—

1800 3549 1956 3593 actus
1981 3549 2065 3592 est
2086 3535 2401 3591 avunculus.
2423 3535 2600 3591 Semel
2629 3535 2699 3593 ac
2715 3538 2950 3593 secundo
2966 3541 3283 3595 advocatum
3306 3538 3377 3593 ad

1802 3608 2111 3672 concilium,
2148 3621 2320 3677 neque
2359 3606 2621 3678 accedere
2660 3607 2861 3676 ipsum,
2902 3623 3077 3678 neque
3108 3608 3375 3678 vicarium

1802 3680 2018 3733 mittere
2045 3692 2171 3732 cum
2208 3676 2480 3732 tractoria.
2518 3676 2805 3732 Multorum
2832 3676 3121 3732 criminum
3150 3693 3273 3734 reos
3308 3676 3381 3730 ah

1805 3748 1920 3817 ipso
1951 3748 2447 3803 excommunicatus
2470 3786 2486 3811 ,
2517 3756 2578 3801 ut
2600 3745 2891 3818 Nivinum,
2921 3758 2976 3802 et
2999 3748 3225 3804 fratrem
3260 3748 3380 3818 ejus

1803 3816 2124 3882 Bertrieum,
2170 3818 2311 3888 apud
2348 3833 2409 3872 se
2452 3817 2695 3885 recipere
2744 3835 2759 3871 :
2817 3816 2934 3885 ejus
2985 3816 3381 3883 subditosfut

1804 3888 2199 3949 Amalhertum,
2221 3888 2719 3952 excommunicare,
2746 3903 2922 3957 neque
2942 3889 3103 3943 tertio
3131 3891 3383 3946 admoni-

1803 3967 1920 4012 tum
1962 3958 2282 4013 sententiam
2328 3957 2472 4010 illam
2518 3956 2652 4011 velle
2707 3956 3014 4012 rescindere
3071 3976 3085 4012 :
3142 3969 3201 4013 ut
3253 3976 3380 4016 eam

1804 4030 1873 4082 ob
1903 4043 2016 4082 rem
2044 4027 2302 4097 placitum
2344 4026 2835 4097 indicitoportuerit
2877 4043 2912 4081 a
2955 4027 3281 4095 Rhemensi;
3307 4030 3381 4086 ad

1805 4099 1946 4171 quod
1967 4096 2417 4171 convenientibus
2452 4096 2818 4171 episcopis_et_
2832 4097 2996 4171 laicis_
3013 4098 3384 4171 cujuscunque

1804 4165 2032 4231 ordinis,
2064 4166 2229 4220 multa
2262 4165 2512 4220 indecora
2546 4166 2683 4236 dix’jt
2720 4165 2953 4235 fecitque
2976 4165 3192 4236 juvenis
3222 4165 3383 4226 [lineo

1806 4252 2011 4292 marus.
2042 4237 2122 4290 Ad
2146 4250 2333 4303 preces
2352 4235 2599 4289 avunculi
2624 4234 2824 4291 Senate
2853 4234 3052 4293 clerico
3078 4239 3380 4297 ordinatio-

1807 4322 1952 4381 nem,
1980 4305 2209 4359 Hadulfo
2232 4305 2569 4381 presbytero,
2594 4315 2647 4359 et
2660 4306 2940 4381 monacho
2964 4308 3175 4381 cuidam
3200 4324 3231 4362 a
3253 4324 3382 4381 rege

1809 4376 1996 4439 misso,
2034 4389 2128 4444 per
2164 4390 2293 4429 eum
2335 4375 2842 4438 ex’cominunieatis,
2896 4377 3105 4430 veniam
3130 4388 3185 4431 et
3230 4375 3381 4434 com-

1809 4447 2117 4500 muniouem
2141 4444 2283 4499 nolle
2305 4445 2637 4500 concedere:
2665 4460 2826 4514 quam
2852 4455 3029 4515 tamen
3057 4449 3380 4515 monachus,

113 4513 302 4581 secuti
328 4513 484 4588 Sint,
533 4524 594 4569 ut
624 4513 889 4588 perpetua
931 4515 1214 4588 vexatione
1255 4518 1618 4581 turbarentur,
1651 4526 1706 4574 et
1735 4515 1781 4574 D
1809 4516 2441 4588 aliorum.episcoporum
2472 4525 2658 4588 rogatu
2688 4513 2762 4570 ab
2801 4513 2992 4588 eodem
3021 4515 3179 4571 facile
3212 4513 3384 4588 impeo

113 4588 296 4639 vitam
351 4586 629 4656 traherent
678 4587 822 4639 curis
879 4584 1246 4654 molestiisque
1291 4588 1703 4656 pteniteudatn?

114 4654 406 4724 Quidquid
472 4655 619 4710 credi
681 4664 960 4722 oporteat,
1011 4657 1254 4724 peccavit
1293 4654 1701 4724 Laudunensis,

112 4739 366 4793 cumque
395 4723 609 4797 longum
640 4733 696 4777 et
715 4726 917 4782 lentum
947 4723 1147 4797 secutis
1170 4726 1229 4797 in
1246 4727 1470 4795 negotiis
1499 4723 1703 4783 morem

117 4799 350 4861 semper
383 4794 549 4847 tenuit
574 4830 592 4859 ,
636 4802 695 4847 ut
735 4796 978 4863 neglecto
1006 4794 1234 4862 parabili
1261 4794 1486 4851 et’inler
1513 4813 1705 4852 manus

118 4866 310 4937 posito
354 4864 632 4937 remedio,
685 4878 825 4937 quoa
879 4878 909 4915 ιι
960 4866 1369 4932 metropolitano
1416 4868 1701 4933 avunculo,

119 4933 433 5000 vicinisque
469 4933 737 5001 episcopis
777 4948 970 5003 regem?
1000 4945 1260 5003 perpetuo
1300 4937 1694 4990 circumstanti-

120 5005 253 5063 bus,
286 5017 506 5071 sperare
529 5011 733 5070 potuit,
760 5002 1069 5073 praesidium
1100 5003 1202 5057 sibi
1230 5005 1447 5073 procul,
1476 5014 1530 5059 et
1554 5015 1704 5059 trans

118 5073 301 5132 Alpes
323 5083 589 5134 quareret
613 5088 625 5123 :
659 5081 713 5125 et
750 5073 873 5125 inde
896 5070 1259 5127 defensionem
1286 5089 1439 5129 suam
1461 5078 1708 5140 auspica-

1809 4586 1989 4641 travit.
2018 4583 2335 4652 Coittempto
2360 4583 2770 4655 metropolitano
2796 4623 2812 4649 ,
2843 4584 3064 4641 alterius
3091 4583 3382 4655 provincia

1808 4658 2180 4726 episcoporum
2214 4655 2500 4721 exquirere
2524 4653 2809 4726 concilium
2835 4695 2849 4720 ,
2884 4664 2940 4710 et
2968 4653 3114 4710 stare
3136 4655 3268 4726 velle
3291 4658 3389 4726 ju-.

1808 4720 1950 4801 dicio
1978 4720 2007 4778 τ’
2025 4740 2093 4779 ne
2110 4720 2441 4801 praesentem
2471 4720 2689 4801 quidem
2720 4724 2896 4801 ipsum
2919 4726 3156 4801 salutare
3181 4720 3384 4801 velin-

1812 4795 1949 4849 tueri
1987 4813 1999 4847 :
2041 4791 2135 4847 vel
2151 4792 2399 4864 osculum
2423 4791 2572 4862 pacis
2603 4791 2656 4844 in
2687 4791 2917 4864 concilio
2954 4795 3107 4857 dare,
3142 4795 3285 4864 quod
3316 4798 3394 4853 ab

1813 4865 1920 4918 alio
1946 4864 2159 4919 nemine
2195 4863 2548 4935 recusabatur
2587 4873 2603 4911 :
2648 4863 2782 4917 nihil
2808 4865 3049 4935 denique
3066 4863 3174 4935 non
3200 4878 3393 4935 agere,

1813 4948 1920 5001 quo
1941 4947 2146 5008 vexare.
2175 4932 2535 4994 avunculum,
2577 4936 2632 4982 et
2659 4931 3058 5008 metmpolitani
3077 4931 3263 5002 jugum
3296 4950 3400 4991 ex-

1811 5000 1999 5059 eutere
2026 5000 2322 5058 moliretur.

1881 5071 2005 5128 Jam
2066 5079 2245 5142 autem
2287 5072 2501 5142 ubique
2552 5066 2756 5130 famam
2807 5074 3058 5134 avunculi
3113 5079 3335 5140 carpere
3387 5088 3408 5124 :
