3904 5304
509 272 618 342 979

1561 285 1889 343 umerum
1929 288 2410 345 LAUDUNENSIS
2448 274 2752 348 EPISCOPI

512 423 3733 450 MM

1581 534 2688 677 HINCMABI.

1741 765 2179 810 LAUDUNENSIS
2220 764 2508 809 EPISCOPI

647 937 1762 1091 OPUSCULA
1882 952 2089 1088 ΕἿ

2321 950 2702 1091 ΕΡΙ
2752 945 3625 1099 STOLZE.

1064 1484 1449 1546 EPISTOLA
1489 1483 1886 1547 HINCMARI
1934 1454 2480 1548 LAUDUNENSIS
2523 1490 2631 1550 AD
2681 1491 3202 1554 RHEMENSEM.

812 1644 827 1649 ’
886 1645 1083 1718 Purgat
1120 1647 1369 1701 Nirinum
1391 1663 1543 1717 semis
1567 1649 1735 1719 ipsum
1759 1648 1814 1702 in
1841 1648 1955 1719 ejus
1983 1650 2208 1739 negotio,
2237 1660 2287 1706 et
2318 1650 2665 1710 Hincmarum
2698 1657 3037 1713 themensem
3063 1661 3394 1731 perstringit.

584 1870 1039 1926 Reverentissimo
1101 1869 1431 1925 Rhemorum
1485 1871 1891 1941 archiepiscopo
1949 1870 2079 1925 Hm—
2113 1876 2156 1932 Α
2186 1871 2441 1941 prredam.
2486 1871 2639 1939 Quod
2679 1883 2857 1927 autem
2889 1874 3123 1945 adjicitis
3152 1890 3249 1931 vos
3282 1892 3311 1930 a
3341 1878 3533 1933 multis
3560 1880 3753 1936 audisse

510 1975 718 2025 emno,
740 1959 1114 2016 Laudunensis
1148 1961 1402 2017 Ecclesia:
1433 1963 1684 2017 minimus
1710 1963 2087 2033 episcoporum

513 2053 843 2115 "INCIIARUS.
873 2051 1109 2107 debitam
1145 2052 1199 2107 in
1228 2051 1447 2108 Christo
1475 2052 1835 2108 devotionem.

588 2144 783 2198 Fateor
813 2157 1087 2214 nunquam
1110 2158 1197 2198 me
1218 2145 1450 2200 voluisse
1480 2153 1574 2198 aut
1603 2144 1737 2199 velle
1764 2145 1917 2199 vobis
1940 2144 2084 2214 loqui

504 2240 609 2289 'aut
630 2235 889 2301 scribere,
920 2237 1063 2305 quod
1095 2237 1370 2306 contingat
1397 2245 1592 2291 vestra:
1619 2235 1893 2290 serenitati
1918 2234 2089 2290 refra-

510 2314 684 2395 ganda
721 2326 960 2394 pernicie
1002 2325 1257 2391 obviare,
1304 2334 1397 2379 aut
1443 2323 1658 2380 fueabili
1693 2325 2091 2381 decoloratione

512 2415 817 2483 displicere,
869 2429 1077 2471 memor
1109 2415 1297 2481 Cham,
1356 2413 1483 2471 Sem
1528 2422 1583 2469 et
1626 2413 1842 2485 Japhet,
1881 2415 2088 2470 scilicet

514 2506 910 2564 maledictionis
927 2516 1168 2580 paternae
1189 2524 1252 2563 ac
1274 2507 1681 2563 benedictionis.
1702 2507 1773 2561 At
1794 2507 1951 2562 modo
1975 2507 2087 2577 ipsa

514 2598 776 2669 temporis
802 2601 940 2655 ratio
966 2614 1137 2669 pauca
1161 2600 1227 2654 de
1256 2599 1339 2653 his
1359 2614 1477 2668 qua:
1508 2598 1774 2653 instanter
1799 2598 2089 2669 scripsistis

515 2692 683 2761 exigit
713 2689 1103 2761 respondenda.
1144 2689 1218 2744 De
1246 2688 1423 2744 Nivini
1457 2689 1707 2743 videlicet
1753 2704 1782 2742 a
1830 2687 2088 2758 parochia

511 2780 693 2832 vestra
722 2777 1278 2833 exeommunieatione
1303 2777 1431 2831 mihi
1468 2776 1709 2830 intimam
1732 2816 1747 2840 ,
1781 2776 1861 2830 sic
1886 2783 2005 2829 erat
2024 2774 2092 2829 de

513 2871 889 2925 ordinahilitcr
938 2880 1225 2935 accusato,
1273 2882 1326 2925 et
1361 2887 1418 2925 se
1447 2886 1675 2942 purgare
1706 2870 1952 2934 nolente,
1998 2878 2091 2924 aut

516 2977 622 3014 non
651 2959 885 3021 valente,
910 2975 1010 3014 nec
1032 2959 1277 3014 confiteri
1305 2961 1712 3029 acquieseente,
1746 2962 1829 3015 vel
1857 2976 1887 3014 a
1914 2962 2088 3017 scien-

518 3050 662 3102 tibus
687 3049 935 3104 convicto
963 3052 1247 3121 agendum.
1295 3050 1401 3106 Sed
1444 3060 1621 3106 tamen
1666 3068 1789 3122 qua:
1814 3052 1969 3107 aliter
1993 3067 2089 3106 au-

517 3141 648 3205 divi,
702 3141 908 3196 scilicet
957 3143 1097 3211 quod
1152 3159 1180 3197 a
1232 3152 1409 3197 vestra
1456 3153 1677 3213 accepto
1727 3144 2091 3199 dominatione

2191 1978 2279 2017 me
2308 1965 2655 2034 proprietatis
2686 1981 2795 2021 sua:
2837 1983 2923 2022 res
2954 1968 3005 2021 in
3037 1968 3273 2038 pretium
3311 1969 3383 2024 ab
3412 1986 3479 2025 eo
3502 1973 3747 2042 accipere,

2187 2054 2341 2109 etilli
2376 2070 2463 2111 res
2495 2072 2558 2111 ac
2578 2056 2858 2112 facultates
2885 2059 3283 2116 ecclesiasticas
3317 2061 3386 2115 ad
3427 2063 3596 2131 turpis
3632 2062 3751 2115 uitri

2187 2144 2469 2212 prmmium
2521 2145 2573 2199 in
2622 2146 2940 2201 beneﬁcium
2984 2149 3209 2213 donare,
3245 2151 3467 2204 mentiri
3505 2152 3747 2215 audistis;

2189 2248 2511 2303 possemque
2536 2236 2717 2289 mirari
2749 2236 2872 2290 talia
2904 2254 3045 2291 nunc
3071 2238 3221 2293 vobis
3249 2240 3339 2293 tali
3382 2256 3447 2295 ac
3469 2249 3617 2295 tanto
3638 2242 3747 2302 dici,

2190 2323 2299 2377 nisi
2319 2325 2513 2394 sepius
2549 2326 2749 2380 similia
2782 2342 2877 2382 vos
2899 2329 3150 2392 audisse,
3191 2345 3255 2384 ac
3285 2330 3424 2385 falso
3459 2331 3642 2384 audita
3668 2347 3747 2398 pm

2188 2418 2334 2471 veris
2362 2418 2633 2488 recepisse
2653 2428 2816 2489 atque
2845 2423 3080 2475 tenuisse
3107 2422 3334 2477 scissem
3363 2432 3531 2493 atque
3565 2424 3746 2477 sensis-

2190 2521 2325 2571 sem,
2356 2506 2423 2561 de
2442 2508 2637 2577 quibus
2669 2524 2774 2562 non
2799 2520 2881 2564 est
2911 2510 3067 2564 modo
3094 2510 3383 2565 dicendum
3411 2526 3511 2582 per
3536 2511 3744 2580 singula.

2192 2594 2316 2651 Scio
2361 2597 2495 2652 satis
2536 2613 2566 2652 a
2606 2599 2766 2653 beato
2812 2615 2947 2670 papa
2984 2600 3244 2656 Anacleto
3287 2602 3393 2656 dici
3439 2602 3611 2670 (epist.
3653 2601 3746 2669 3}:

2196 2708 2214 2740 ι
2257 2687 2425 2743 Nemo
2472 2689 2640 2743 invito
2679 2690 2910 2744 auditori
2960 2690 3190 2745 libenter
3215 2692 3402 2745 refert.
3437 2712 3458 2743 ›
3491 2691 3599 2746 Nec
3641 2692 3749 2745 inde

2191 2778 2401 2833 debetis
2445 2778 2664 2833 acidiari
2689 2821 2706 2843 ,
2745 2780 2788 2835 si
2821 2780 2885 2835 de
2931 2781 3015 2835 his
3045 2780 3239 2851 loquor
3280 2797 3402 2851 qua:
3421 2782 3593 2844 scitis,
3637 2782 3745 2850 quia

2191 2867 2322 2921 nihil
2349 2883 2563 2937 possum
2596 2869 2738 2939 loqui
2766 2869 2833 2924 de
2869 2870 3259 2940 scripturarum
3287 2871 3545 2934 tramite,
3575 2871 3745 2925 Saltem

2192 2958 2237 3011 si
2281 2958 2354 3011 sit
2404 2958 2689 3024 chreston;
2742 2960 2882 3028 qubd
2933 2961 3209 3015 nesciatis.
3262 2959 3399 3014 Nam
3450 2978 3749 3030 guttam

2191 3046 2384 3115 scripta
2405 3058 2545 3113 sunt,
2569 3048 2640 3101 ad
2662 3059 2891 3102 nostram
2916 3050 3208 3103 doctrinam
3226 3052 3425 3121 scripta
3441 3061 3565 3104 sunt
3586 3050 3742 3117 (Rom.

2193 3153 2287 3203 xv,
2315 3139 2391 3210 4).
2431 3139 2496 3194 Et
2522 3142 2662 3209 quod
2691 3142 2892 3197 scimus
2928 3143 3068 3212 loqui
3109 3143 3258 3208 licet,
3302 3154 3356 3199 et
3385 3160 3451 3199 ea
3475 3161 3596 3214 qua
3633 3144 3745 3195 ridi-

517 3231 715 3298 spatio.
746 3240 1039 3301 lenoreque
1066 3243 1335 3302 suscepto,
1384 3233 1530 3289 imllo
1573 3243 1752 3290 tamen
1799 3244 2091 3290 accusante
2121 3229 2164 3289 Β
2192 3243 2311 3281 mils
2340 3238 2393 3282 cl
2419 3229 2722 3284 audivimus
2759 3232 2943 3286 testari
2979 3248 3282 3302 possumus.
3317 3244 3373 3288 et
3408 3235 3554 3303 quod
3585 3236 3736 3288 nesa-

510 3321 622 3376 nisi
670 3330 846 3378 vestra
892 3324 1291 3395 probabilitate,
1354 3341 1452 3395 pro
1507 3326 1819 3380 tumulorum
1870 3326 2086 3395 quidem

518 3411 886 3488 suggestione.
918 3413 967 3468 ei
1005 3414 1326 3484 imputante,
1366 3424 1422 3468 ut
1444 3430 1502 3469 se
1522 3416 1590 3469 ab
1615 3424 1738 3469 octo
1767 3430 1833 3470 ex
1861 3424 2087 3485 paterna

517 3511 672 3571 parte
695 3502 1026 3572 propinquis,
1077 3512 1133 3558 et.
1180 3519 1208 3557 a
1260 3513 1492 3575 quatuor
1534 3520 1687 3574 reque
1728 3519 1794 3558 ex
1842 3514 2088 3560 materna

517 3602 806 3660 purgaret,
833 3594 1042 3648 venerit
1073 3594 1159 3649 die
1187 3594 1407 3664 locoque
1437 3604 1640 3651 statuto
1679 3596 1746 3651 ad
1786 3597 1901 3652 haec
1929 3612 2087 3651 exse-

516 3682 727 3749 quenda
759 3693 1074 3752 paratus,ct
1101 3699 1200 3739 nec
1224 3700 1318 3739 vos
1347 3686 1541 3739 ibidem
1566 3700 1664 3741 nec
1696 3687 1917 3741 missum
1940 3699 2091 3756 repe-

518 3772 650 3826 rerit
679 3782 948 3834 vestrum;
979 3785 1179 3843 etpost
1204 3776 1305 3830 hoc
1338 3775 1536 3830 iterum
1573 3792 1758 3831 coram
1796 3778 1951 3834 vobis
1988 3794 2086 3834 ve-

519 3860 782 3929 strisque,
821 3863 1068 3930 quamvis
1097 3864 1369 3933 inopinate
1398 3865 1696 3921 remonitus
1717 3907 1730 3931 ,
1761 3866 2003 3937 legaliter
2031 3882 2090 3922 se

520 3964 823 4017 expurgare
850 3951 1077 4006 voluerit
1106 3969 1171 4008 ac
1197 3954 1424 4009 valuerit
1451 3973 1464 4009 :
1493 3956 1587 4010 sed
1617 3972 1713 4010 vos
1741 3957 1815 4010 illi
1843 3973 1965 4012 cum
1994 3973 2090 4012 sua

522 4039 679 4092 tertia
721 4054 884 4095 manu
922 4043 1182 4113 quaesisse
1222 4043 1604 4098 denominatim
1652 4043 1783 4100 tales
1823 4046 1913 4115 qui
1968 4061 2090 4101 eum

521 4147 628 4184 non
658 4133 939 4199 curabant,
968 4134 1084 4203 ipso
1111 4135 1403 4191 resultante
1423 4136 1563 4205 quod
1588 4135 1825 4192 Francus
1844 4146 2009 4203 esset,
2039 4145 2094 4192 ct

523 4230 584 4275 ut
612 4221 747 4277 liber
771 4238 830 4278 se
851 4223 1141 4281 defendere
1167 4226 1324 4280 vellet
1345 4234 1399 4282 et
1419 4227 1617 4295 quiret,
1641 4236 1698 4281 et
1724 4226 1940 4296 quidem
1967 4244 2089 4282 cum

522 4314 594 4367 ita
640 4314 849 4371 idoneis
895 4316 1090 4385 quibus
1137 4317 1340 4371 nullum
1374 4326 1559 4387 posset
1603 4319 1806 4373 crimen
1857 4319 2088 4389 imponi;

518 4405 624 4461 hoc
655 4406 949 4463 refutantes
983 4408 1227 4464 eumdem
1267 4410 1866 4465 excommunicaveritis
1890 4451 1903 4473 ,
1937 4419 1995 4464 ut
2038 4411 2091 4465 in

510 4498 783 4566 parochia
808 4508 992 4555 vestra
1031 4516 1137 4557 non
1171 4502 1402 4571 amplius
1433 4518 1536 4559 una
1565 4503 1885 4558 consisteret
1912 4515 2090 4566 nocte,

2189 3331 2311 3371 mus
2341 3327 2545 3374 temere
2578 3320 2877 3375 veridicare
2900 3337 3004 3375 non
3047 3322 3189 3377 licet.
3228 3322 3384 3377 Unde
3410 3340 3550 3394 pag
3581 3323 3744 3377 \‘ictor

2191 3408 2362 3477 inquit
2389 3408 2561 3479 (epist.
2596 3410 2651 3481 l)
2684 3430 2697 3464 :
2732 3430 2750 3460 ι
2784 3412 3098 3466 Audivimus
3127 3429 3363 3484 namque
3388 3408 3532 3484 apud
3562 3431 3649 3468 vos
3671 3431 3741 3465 re-

2190 3510 2437 3571 strosqne
2466 3502 2674 3557 diversa
2699 3503 2898 3573 judicia
2930 3504 3040 3559 fieri
3070 3516 3125 3559 et
3154 3505 3364 3560 incerta
3389 3506 3647 3575 judicare.
3675 3504 3743 3558 [ης

2191 3600 2357 3654 certa,
2395 3590 2722 3657 charissimi,
2749 3593 3050 3649 nullatenus
3071 3595 3396 3665 jndicemus,
3423 3596 3743 3667 quoadusque

2191 3680 2374 3734 veniat
2397 3680 2680 3745 Dominus,
2723 3684 2811 3752 qui
2843 3682 3058 3738 latentia
3093 3685 3362 3753 producet
3395 3686 3450 3741 in
3486 3687 3677 3753 lucem,
3699 3700 3742 3747 et

2192 3767 2515 3824 illuminabit
2557 3772 2868 3826 abscondita
2908 3774 3275 3840 tenebrarum,
3313 3786 3368 3831 et
3407 3779 3741 3835 manifestaliit

2192 3858 2414 3912 consilia
2437 3860 2677 3914 cordiutn
2707 3877 2720 3913 :
2743 3862 2868 3929 quia
2889 3864 3137 3931 quamvis
3160 3879 3291 3919 vera
3309 3869 3440 3933 sint,
3468 3885 3574 3923 non
3591 3880 3739 3923 tamen

2193 3949 2458 4004 credenda
2486 3958 2644 4015 sunt,
2675 3951 2777 4005 nisi
2805 3968 2923 4020 quae
2949 3954 3259 4011 manifestis
3285 3959 3501 4015 indiciis
3523 3978 3737 4030 compro-

2194 4036 2411 4102 bantur,
2466 4039 2568 4092 nisi
2618 4055 2736 4109 qua:
2781 4040 3063 4096 manifesto
3103 4043 3312 4112 judicio
3361 4049 3739 4111 convincuntur,

2193 4127 2295 4182 nisi
2340 4143 2459 4198 qua:
2488 4126 2732 4196 iudiciali
2767 4131 2954 4186 ordine
2991 4132 3361 4202 publicantur.
3409 4159 3430 4191 ι
3476 4139 3604 4194 Nam
3630 4157 3739 4193 nun-

2194 4233 2355 4287 quam
2398 4219 2660 4275 hactenus
2678 4222 2745 4275 ah
2774 4221 2991 4276 ineunte
3013 4233 3200 4290 aelate,
3228 4227 3339 4282 Deo
3366 4232 3666 4293 miserante,
3688 4232 3737 4283 de

2196 4308 2355 4362 ullius
2379 4309 2548 4376 turpis
2574 4309 2705 4363 lucri
2728 4311 2945 4379 praemio
2972 4324 3196 4382 accepto
3218 4331 3307 4371 me
3332 4321 3734 4386 reprehendistis.

2196 4407 2289 4452 aut
2308 4398 2616 4453 exercuisse
2639 4401 2964 4470 cognovistis
2987 4440 3000 4461 ,
3031 4418 3132 4457 nec
3157 4408 3511 4474 cognoscitis,
3541 4424 3631 4463 nec
3656 4409 3738 4462 Deo

2194 4496 2511 4557 protegente
2541 4490 2894 4559 cognoscetis.
2919 4490 3132 4560 Negotii
3152 4495 3397 4565 qualitas
3422 4514 3738 4570 unumquem-

522 4590 875 4643 obsecrantes
911 4598 966 4644 et
997 4599 1364 4646 contestantes
1392 4590 1743 4646 nihilominus
1774 4600 1831 4644 ut
1865 4592 1997 4645 nihil
2025 4592 2089 4644 de

2192 4591 2305 4649 que
2340 4588 2434 4632 aut
2481 4586 2722 4643 excusat,
2749 4588 2862 4644 aut,
2906 4589 2964 4633 ut
3008 4582 3159 4635 aiunt
3186 4587 3472 4653 apostolici
3510 4603 3736 4647 rationes.

524 4694 624 4733 suo
665 4679 987 4735 collaborato
1020 4682 1320 4752 perciperet
1359 4699 1372 4735 :
1404 4682 1708 4737 nullatenus
1741 4684 1959 4738 credere
1995 4698 2092 4751 po-

526 4769 623 4830 tui,
656 4768 798 4822 sicut
830 4783 937 4823 non
962 4768 1142 4832 debui,
1180 4770 1307 4838 quia
1347 4769 1490 4837 quod
1536 4780 1712 4823 vestra
1752 4769 1970 4840 dignum
2011 4778 2094 4823 est

525 4858 868 4922 auctoritate,
919 4868 1153 4912 vestram
1189 4874 1293 4912 non
1323 4866 1502 4927 potest
1538 4858 1704 4913 latere
1738 4869 1833 4913 aut
1859 4859 2094 4929 elfugere

2198 4680 2439 4726 accusat.
2483 4671 2653 4733 Addo,
2697 4671 2838 4740 quod
2867 4671 3113 4725 homines
3150 4675 3322 4727 vestri
3367 4675 3740 4730 Eutramnusrt

2198 4760 2466 4816 llumarus
2504 4767 2803 4825 noverunt,
2834 4759 2957 4828 quia
2985 4759 3122 4813 actis
3150 4770 3301 4816 retro
3339 4765 3504 4818 annis
3526 4767 3654 4819 idem

2196 4855 2354 4907 vinus
2382 4851 2639 4922 quasdam
2669 4865 2778 4905 suae
2817 4850 3159 4919 proprietatis
3194 4868 3283 4909 res
3318 4856 3453 4910 mihi
3493 4859 3649 4929 gratis
3668 4870 3740 4924 pa

527 4946 868 5012 sapientiam.
889 4944 1004 5000 Non
1024 4947 1165 5001 enim
1189 4946 1579 5001 detractoribus
1599 4947 1754 5001 facile
1766 4947 2091 5001 credendum
2197 4944 2507 4998 earumdem
2539 4956 2731 5004 manus
2754 4940 3052 5011 delegavit,
3086 4943 3211 5013 quia
3246 4959 3375 5000 cum
3402 4950 3540 5002 meis
3561 4950 3737 5015 adjace

529 5044 603 5064 Aul
671 5036 967 5064 hnannnnl:n\
1263 5037 1325 5064 AA
1357 5037 1436 5064 Iu:n
1473 5036 1558 5064 non:
1589 5039 1861 5064 ..Αιιῖοιοιηεσοι
1892 5055 1989 5064 ..η’-ν
2039 5039 2088 5064 ε..

2194 5033 2321 5064 ιιηηι
2393 5050 2418 5064 n
2453 5048 2515 5064 an

2524 5034 2565 5064 :o
2607 5044 2783 5064 auinam
2826 5032 2980 5064 Inv-nn
3012 5035 3278 5064 J::~Ia'\nnl
3361 5054 3559 5064 -..ι-ι---
3582 5056 3601 5064 -
3627 5055 3649 5064 α.
3674 5052 3737 5064 ...Α
