3904 5304
484 227 592 289 935

1509 239 1839 299 HINCMARI
1877 243 2364 304 LAUDUNENSIS
2401 247 2706 307 EPISCOPI

3647 252 3750 312 θαι

480 347 668 416 quium
695 362 708 400 :
737 346 1025 405 Consilium
1050 351 1243 407 bonum
1265 356 1584 412 conservabit
1601 367 1671 423 te,
1692 368 1738 412 et
1758 374 1903 414 mens
1926 360 2060 415 bona
2087 364 2136 424 Α
2166 362 2280 421 diat
2309 366 2513 439 absque
2540 378 2824 441 prmsentra
2854 380 3172 428 c.er1corum
3219 387 3483 438 sunt-mn,
3503 374 3636 445 quia
3678 373 3752 428 ir-

481 439 734 493 custodiet
758 450 805 495 te
834 441 1016 512 (Prov.
1036 460 1096 510 tt,
1127 445 1235 516 Η).
1266 445 1382 501 Νοιι
1408 447 1553 502 enim
1578 450 1642 502 de
1668 448 1901 506 fontibus
1915 451 2061 506 salu-

483 526 657 583 tiferis
695 529 1050 598 spiritualiter
1100 535 1166 587 ad
1215 536 1626 605 acquisitioncm
1674 548 1890 595 acterna:
1937 543 2062 597 vita:

482 618 785 686 procedunt
813 620 948 697 tales
979 626 1352 681 accusationes
1378 636 1432 683 et
1462 628 1852 698 detractiones,
1899 640 2063 703 atque

482 711 603 766 ideo
626 723 997 783 competenter
1020 733 1119 773 nos
1156 717 1218 774 Β.
1260 718 1460 776 Paulus
1504 723 1777 791 apostolus
1829 740 2063 795 prrcmo-

480 817 616 858 nens
641 804 736 870 ait,
763 805 879 862 Non
901 807 1097 866 debere
1116 810 1233 881 plus
1259 828 1441 883 sapere
1458 830 1618 884 quant
1643 824 1844 885 oportet
1857 833 2059 887 sapere,

481 896 573 950 sed
591 914 773 980 sapere
787 898 857 953 ad
878 901 1209 957 sobrietatem
1237 903 1414 975 (Rom.
1440 922 1536 973 xu,
1560 905 1635 970 '5).
1662 907 1718 962 In
1748 907 2063 965 difﬁnitione

480 986 698 1055 pictatis
721 989 1094 1058 perduremus.
1123 993 1222 1060 Qui
1254 995 1398 1050 enim
1432 996 1567 1052 hanc
1590 1009 1934 1067 praetereunt,
1955 1017 2060 1057 non

483 1085 692 1133 tantum
726 1079 826 1149 ipsi
859 1090 985 1136 sunt
1011 1084 1323 1141 decidentes
1369 1101 1399 1140 a
1447 1089 1891 1144 corroboratione
1938 1106 2060 1157 sua,

480 1169 575 1223 sed
606 1169 930 1239 insipientia:
960 1187 1071 1229 sure
1114 1175 1517 1245 dereliquerunt
1561 1178 1811 1234 omnibus
1852 1195 2060 1235 memo-

482 1261 641 1324 riam.
671 1271 731 1319 ut
755 1264 808 1319 in
842 1265 927 1320 his
957 1267 1010 1320 in
1034 1268 1231 1336 quibus
1261 1249 1626 1340 peccaverunt
1650 1273 1870 1331 minime
1896 1275 2063 1332 latere

478 1356 802 1426 potuissent.
842 1376 861 1409 ι
901 1359 968 1414 Et
998 1377 1133 1432 papa
1176 1362 1438 1419 Damasus
1480 1365 1750 1422 universis
1797 1368 2063 1440 episcopis

480 1463 579 1518 per
602 1448 806 1506 Italiam
836 1454 1149 1509 constitutis
1170 1456 1386 1525 scripsit
1413 1454 1606 1527 (Epist.
1632 1458 1685 1531 Ι)
1714 1476 1726 1512 :
1762 1478 1779 1511 t
1814 1459 2061 1515 Relatum

482 1550 566 1595 est
613 1542 756 1597 enim
809 1544 876 1598 ad
921 1546 1102 1600 sedem
1155 1547 1502 1619 apostolicam
1545 1564 1641 1605 vos
1688 1551 2063 1606 accusationes

481 1632 710 1686 fratrum
734 1648 832 1704 per
860 1635 1063 1704 scripta
1090 1637 1364 1707 suscipere
1389 1639 1593 1707 absque
1629 1637 1867 1709 legitimo
1896 1656 2060 1695 accu-

2165 457 2267 512 rita
2301 459 2405 513 erit
2431 462 2696 516 sententia
2740 463 2999 533 episcopi,
3032 465 3133 519 nisi
3178 465 3479 534 praesentia
3529 464 3756 520 clerico-

2163 567 2284 606 rum
2308 568 2527 608 suorum
2552 554 2921 611 confirmetur.
2943 577 2963 608 ι
2988 555 3094 612 Nec
3110 557 3359 612 oblivisci
3379 556 3757 626 oportetquod

2162 652 2218 698 et
2243 644 2501 700 Damasus
2522 661 2658 716 papa
2681 648 2913 703 edocens
2929 646 3367 719 testatur(Epist.
3397 650 3466 717 ιι)
3489 666 3503 701 :
3526 666 3550 699 ‹
3578 649 3755 703 Discu-

2106 772 2111 777 .
2165 741 2280 789 tere
2303 750 2435 790 vero
2452 737 2762 807 episcopos,
2787 746 2842 794 et
2872 754 3206 793 summorum
3242 739 3753 794 ecclesiasticomm

2163 841 2353 882 causas
2370 829 2708 899 negotiorum
2724 872 2738 894 ,
2762 831 3191 901 metropolitanis
3211 847 3321 887 una
3343 848 3474 887 cum
3504 833 3761 888 omnibus

2164 918 2278 972 suis
2316 921 2883 990 comprovincialibus,
2915 924 2985 977 ita
3019 931 3078 976 ut
3107 937 3267 977 nemo
3302 939 3369 977 ex
3399 924 3489 978 eis
3518 924 3760 986 desinet

2163 1025 2353 1067 omnes
2382 1012 2436 1066 in
2482 1013 2817 1086 siggulorum
2861 1015 3198 1070 concordent
3247 1016 3516 1085 negotiis,
3576 1014 3705 1070 licet
3746 1033 3761 1069 :

2165 1100 2260 1156 sed
2289 1098 2516 1157 diffinire
2546 1117 2733 1157 eorum
2766 1112 2930 1174 atque
2957 1103 3322 1159 Ecclesiarum
3357 1119 3623 1159 summas
3642 1119 3762 1172 que-

2164 1190 2330 1256 relas,
2360 1189 2443 1245 vel
2478 1191 2736 1247 damnare
2763 1193 3065 1264 episcopos,
3091 1194 3301 1264 absque
3342 1192 3514 1264 hujus
3557 1203 3761 1249 sanctae

2166 1283 2312 1338 sedis
2340 1284 2663 1339 auctoritate
2691 1285 2917 1343 minime
2945 1285 3091 1351 licet,
3121 1286 3380 1356 quoniam
3420 1302 3635 1341 omnes
3678 1301 3761 1354 ap-

2165 1373 2396 1442 pellare,
2451 1375 2497 1429 si
2544 1391 2766 1432 necesse
2819 1375 3004 1444 fuerit,
3054 1387 3105 1433 ct
3153 1378 3271 1447 ejus
3316 1378 3503 1433 fulciri
3562 1379 3767 1434 auxilio

2168 1473 2400 1534 oportet.
2433 1464 2566 1520 Nam
2600 1475 2659 1520 ut
2688 1468 2859 1523 nostis
2888 1469 3167 1539 Synodum
3193 1469 3313 1523 sine
3344 1470 3468 1540 ejus
3518 1471 3762 1523 auctori-

2169 1563 2280 1610 tate
2303 1556 2417 1610 tieri
2452 1572 2556 1611 non
2588 1566 2671 1612 cst
2702 1567 2899 1623 ratum,
2925 1575 3025 1615 nec
3050 1560 3340 1630 episcopus
3380 1562 3491 1616 nisi
3539 1561 3601 1615 in
3642 1561 3761 1630 legi~

2172 1647 2304 1702 tima
2330 1649 2557 1719 synodo,
2581 1657 2637 1702 ct
2679 1664 2777 1704 suo
2828 1658 3071 1721 tempore
3120 1651 3414 1722 apostolica
3470 1654 3763 1706 vocatione

483 1730 687 1789 satore,
719 1724 862 1792 quod
891 1724 1145 1796 deinceps
1193 1726 1246 1781 in
1283 1728 1429 1782 omni
1460 1730 1591 1783 orbe
1630 1738 1897 1783 terrarum
1946 1731 2062 1785 fieri
2094 1727 2144 1787 B
2169 1747 2516 1809 congregata,
2547 1738 2772 1795 dillinite
2797 1740 3042 1795 damnari
3072 1751 3282 1812 potest;
3310 1757 3495 1813 neque
3519 1741 3637 1795 ulla
3673 1757 3762 1794 uno

478 1815 777 1886 apostolica
834 1821 1154 1874 auctoritate
1194 1820 1573 1890 prohibemus,
1610 1829 1664 1877 et
1709 1822 1851 1893 quod
1890 1838 2063 1894 nuper

491 1904 695 1961 factum
744 1916 848 1973 est,
898 1908 1101 1978 absque
1133 1909 1239 1965 ulla
1274 1911 1636 1967 retardatione
1670 1913 1868 1984 corrigi
1898 1929 2061 1985 roga-

482 2014 624 2063 mus,
656 2014 760 2055 nec
785 2014 1022 2070 unquam
1050 2000 1201 2072 prius
1226 2017 1322 2072 per
1350 2004 1548 2074 scripta
1571 2018 1756 2059 eorum
1785 2005 1874 2075 qui
1904 2019 2064 2060 accn-

478 2098 670 2143 santur
698 2104 916 2145 causam
945 2091 1214 2147 discutere
1245 2092 1404 2147 liceat
1424 2134 1436 2158 ,
1462 2109 1622 2163 quam
1651 2109 1747 2163 per
1775 2094 2064 2165 querulan-

479 2181 616 2233 tium
683 2180 1050 2237 institutiones
1109 2184 1284 2238 vocati
1345 2184 1606 2239 canonice
1670 2184 1736 2239 ad
1799 2187 2062 2256 synodum

478 2271 722 2335 veniant,
754 2282 811 2328 et
846 2287 1082 2342 praesens
1108 2291 1203 2349 per
1228 2285 1548 2345 pnesentem
1571 2286 1828 2347 agnoscat
1848 2278 2059 2332 veraci-

479 2374 566 2416 ter
594 2374 647 2416 ct
676 2363 936 2435 intelligat
961 2381 1081 2436 quae
1119 2366 1167 2421 ei
1220 2367 1564 2436 objiciuntur.
1610 2367 1766 2435 Quod
1814 2368 1953 2423 bene
2008 2377 2065 2422 et

481 2468 580 2524 per
611 2455 931 2525 sapientiam
961 2455 1269 2514 Salomonis
1311 2457 1545 2513 dicitur:
1579 2457 1870 2529 Antequam
1918 2474 2066 2513 scru-

479 2546 606 2600 teris
632 2561 736 2600 non
757 2547 1103 2616 reprehendas
1131 2564 1148 2602 :
1174 2546 1401 2620 intellige
1420 2549 1565 2620 prius
1593 2558 1639 2602 et
1668 2560 1790 2603 tunc
1818 2550 2065 2620 increpa;

479 2641 761 2710 antequam
797 2626 1073 2707 audieris,
1131 2658 1235 2697 non
1289 2643 1601 2712 respondeas
1640 2640 1829 2716 (Eccli.
1866 2644 1968 2716 x1).
2000 2643 2069 2699 Et

476 2728 607 2786 licet
646 2731 985 2802 apertissima
1035 2734 1108 2787 sit
1133 2734 1529 2789 contrariorum
1572 2735 1949 2804 reprehensio,
1977 2750 2068 2790 vc-

468 2832 600 2877 rum
617 2832 796 2879 tamen
823 2833 1036 2894 oportet
1059 2825 1145 2880 bis
1169 2825 1261 2895 qui
1280 2827 1385 2881 dati
1409 2834 1533 2881 sunt
1561 2830 1627 2883 ad
1653 2843 1839 2882 eorum
1870 2812 2068 2885 exami-

475 2914 775 2980 nationem,
790 2915 1034 2971 ordinem
1057 2918 1260 2972 servari
1279 2918 1344 2972 ab
1363 2918 1446 2973 bis
1461 2919 1552 2989 qui
1567 2920 1869 2974 secundum
1899 2920 2068 2975 Deum

478 3004 811 3073 perstet-litari
839 3006 1075 3077 deputati
1107 3017 1232 3064 sunt
1265 3027 1277 3064 :
1309 3018 1577 3081 quatenus
1608 3010 1680 3065 ita
1709 3026 1831 3066 cum
1869 3026 2066 3082 opera-

2165 1846 2325 1901 quam
2358 1830 2589 1887 concilia
2631 1841 2745 1886 rata
2791 1832 3060 1903 leguntur,
3111 1849 3235 1911 qua:
3280 1849 3390 1888 non
3445 1844 3584 1888 sunt
3636 1832 3759 1886 fulta

2166 1922 2462 1993 apostolica
2517 1926 2891 1981 auctoritate:
2941 1946 2959 1978 ι
2994 1926 3130 1981 Ecce
3177 1934 3330 1995 patet
3372 1925 3471 1995 qui
3521 1938 3761 1980 canones

2165 2013 2498 2084 recipiendi,
2566 2016 2859 2071 venerandi
2912 2032 2977 2071 ac
3032 2016 3357 2071 observandi
3423 2016 3753 2071 habeantur.

2167 2104 2303 2160 ilinc
2361 2112 2541 2160 autem
2596 2104 2665 2159 ad
2717 2107 2992 2176 superiora
3052 2105 3358 2160 redeamus.
3416 2103 3558 2171 Quia
3630 2120 3755 2174 ergo

2166 2193 2273 2249 nisi
2323 2208 2518 2248 nomen
2576 2194 2801 2258 sciatur,
2831 2202 3227 2263 consequenter
3280 2194 3521 2265 cognitio
3572 2208 3753 2247 rerum

2165 2284 2328 2356 perit,
2354 2285 2541 2339 eadem
2596 2284 2853 2340 facilitate
2902 2292 3155 2355 poterant
3208 2300 3239 2339 a
3294 2284 3452 2339 vobis
3500 2282 3669 2344 falso.
3706 2290 3756 2337 et

2167 2373 2283 2428 sine
2312 2373 2423 2430 ullo
2451 2374 2789 2444 praecedente
2811 2381 3148 2444 argumento,
3179 2373 3363 2429 audita
3394 2372 3462 2427 de
3493 2388 3585 2427 me
3613 2372 3756 2434 talis.

2167 2462 2252 2517 vel
2291 2460 2404 2531 jam
2452 2479 2597 2518 nunc
2641 2462 2814 2531 rejici,
2845 2471 2940 2516 aut
2990 2462 3225 2517 discredi
3279 2477 3401 2533 qua:
3427 2461 3756 2515 videbantur

2168 2551 2418 2623 probari;
2464 2561 2522 2607 ut
2550 2553 2677 2608 illud
2713 2553 2970 2622 prrecepit
3000 2551 3277 2622 Sapientis
3301 2570 3321 2605 τ
3346 2550 3652 2623 Antequam
3679 2552 3756 2604 in-

2168 2654 2417 2714 terroges,
2466 2660 2530 2698 ne
2577 2643 2827 2714 rituperes
2852 2659 3165 2714 quemquam
3195 2640 3406 2714 (Eccli.
3446 2656 3513 2706 ιι,
3543 2639 3664 2707 7);
3702 2648 3757 2693 et

2170 2733 2359 2806 item]:
2400 2734 2693 2805 Antequam
2750 2735 2937 2788 audias
2962 2773 2978 2798 ,
3020 2749 3125 2787 non
3172 2731 3488 2803 respondeas
3547 2730 3752 2785 verbis

2171 2823 2336 2897 (Ibid.
2363 2824 2440 2891 8).
2485 2825 2551 2880 Et
2574 2824 2704 2880 illud
2736 2842 2749 2878 :
2783 2823 2905 2896 Sepi
2955 2840 3108 2878 aures
3152 2833 3273 2877 tuas
3316 2822 3520 2891 spinis,
3560 2831 3612 2875 et
3652 2819 3754 2875 ωδ

2170 2915 2357 2969 audire
2383 2914 2617 2988 linguam
2643 2931 2884 2986 nequam.
2928 2912 2996 2966 Et
3036 2912 3115 2967 ori
3163 2922 3256 2966 tuo
3290 2912 3457 2982 facito
3500 2912 3671 2974 ostia,
3705 2922 3750 2963 et

2172 3023 2316 3061 seras
2347 3007 2563 3061 auribus
2589 3008 2711 3061 tuis.
2742 3005 2944 3060 Aurum
2971 3014 3119 3059 tuum
3150 3014 3203 3059 et
3241 3014 3524 3074 argentum
3562 3003 3748 3072 ωερε,

478 3096 627 3150 tione
663 3108 988 3167 cooperante
1021 3097 1355 3155 inveniamus
1386 3107 1441 3155 et
1468 3098 1835 3156 confessorem
1874 3100 2064 3168 Deum,
2094 3075 2141 3138 C
2172 3108 2219 3153 et
2244 3100 2411 3153 verbis
2437 3099 2540 3152 tuis
2566 3098 2726 3166 facito
2753 3107 3024 3161 stateram,
3052 3105 3100 3150 et
3131 3095 3308 3165 frenos
3334 3094 3418 3148 ori
3455 3103 3551 3148 tuo
3596 3101 3750 3146 recte:

478 3188 573 3257 qui
595 3188 723 3244 dicit
755 3206 769 3243 :
803 3187 901 3245 Ubi
921 3201 1043 3246 sunt
1065 3192 1169 3246 duo
1217 3191 1293 3246 vel
1313 3201 1415 3247 tres
1449 3192 1747 3265 congregati
1773 3193 1827 3248 in
1862 3193 2067 3248 nomine

477 3294 626 3343 meo,
654 3278 726 3333 ibi
750 3295 867 3335 sunt
895 3280 948 3336 in
976 3282 1144 3336 medio
1166 3298 1349 3337 eorum
1375 3282 1591 3353 (Matth.
1616 3282 1899 3355 xvm.20).
1929 3280 2065 3337 Nam

468 3377 537 3423 'ct
558 3369 818 3425 Dominus
849 3379 1033 3428 noster
1056 3372 1212 3428 Iesus
1245 3374 1493 3430 Christus
1521 3371 1715 3429 Judam
1741 3373 1917 3430 furem
1945 3390 2067 3431 esse

480 3459 687 3515 sciebat
732 3462 866 3518 :sed
906 3463 1031 3533 quia
1070 3478 1175 3519 non
1205 3472 1289 3520 cst
1334 3465 1728 3539 praesentaliter
1760 3474 2064 3532 accusatus,

484 3547 606 3604 ideo
633 3565 738 3605 non
764 3560 848 3606 est
876 3550 1081 3621 eiectus
1109 3571 1122 3608 :
1152 3569 1251 3610 nec
1273 3571 1370 3611 vos
1394 3555 1500 3611 ullo
1528 3558 1686 3611 modo
1723 3573 1884 3627 agere
1908 3572 2068 3627 opor-

480 3644 561 3690 tet
586 3639 729 3709 quod
764 3639 853 3695 ille
894 3641 1062 3696 noluit
1091 3642 1287 3699 facere.
1314 3643 1486 3716 Leges
1526 3647 1669 3701 enim
1703 3647 1882 3701 smculi
1910 3662 2067 3702 accu—

486 3740 700 3786 satores
724 3744 1019 3801 praesentes
1042 3734 1285 3802 exigunt,
1309 3743 1363 3789 et
1391 3750 1494 3790 non
1522 3752 1618 3807 per
1638 3738 1841 3808 scripta
1869 3737 2066 3791 absen-

484 3829 589 3873 tes.
629 3816 786 3875 Unde
832 3822 1091 3876 canonica
1135 3820 1357 3877 Patrum
1407 3826 1698 3880 constituta
1748 3842 1855 3882 non
1901 3826 2068 3882 semel

481 3909 580 3963 sed
607 3908 904 3980 saepissime
934 3911 1171 3967 clamant
1202 3930 1303 3969 nec
1341 3917 1734 3981 accusationes,
1779 3934 1880 3974 nec
1925 3920 2070 3975 testi-

489 3998 666 4052 monia
710 3994 877 4052 ullum
929 4015 1027 4070 per
1074 4003 1275 4073 scripta
1330 3990 1488 4074 posse
1534 4005 1798 4076 proferre,
1846 4023 1947 4063 nec
2001 4009 2070 4063 de

487 4086 610 4142 aliis
640 4088 870 4158 negotiis
897 4090 1207 4161 quicunque
1237 4094 1602 4150 testimonium
1631 4095 1847 4163 dicant,
1878 4086 1980 4152 nisi
2005 4098 2070 4153 de

490 4178 574 4233 nis
595 4193 715 4249 quae
747 4180 846 4234 sub
870 4184 1156 4251 praesentia
1190 4198 1375 4238 eorum
1424 4195 1544 4241 acta
1581 4202 1703 4242 esse
1743 4197 2067 4243 noscuntur.

491 4268 755 4325 Similiter
776 4271 937 4340 etqui
969 4287 1225 4329 accusare
1245 4275 1407 4329 alium
1435 4277 1676 4348 elegerit,
1703 4293 1941 4348 prmsens
1975 4296 2073 4350 per

491 4376 548 4416 se
577 4371 636 4417 et
663 4376 768 4416 non
797 4378 896 4434 per
921 4363 1084 4420 alium
1116 4376 1368 4430 accuset,
1414 4368 1768 4438 inscriptione
1818 4371 2071 4426 videlicet

491 4453 798 4521 praemissa;
828 4469 1002 4525 neque
1032 4456 1171 4511 ullus
1199 4474 1433 4527 unquam
1468 4460 1743 4531 judicctur
1777 4472 2066 4533 antequam

479 4544 754 4614 legitimos
787 4556 1132 4603 accusatores
1178 4561 1469 4618 praesentes
1520 4553 1738 4615 habeat.
1783 4553 2067 4624 locumque

476 4635 806 4691 defendendi
831 4639 1062 4708 accipiat
1087 4639 1152 4694 ad
1180 4641 1443 4697 abluenda
1480 4643 1725 4697 erimina.
1755 4642 2066 4699 Curandum

470 4741 701 4796 quoque
722 4737 806 4784 est
838 4744 904 4783 ne
952 4729 1031 4784 ira
1080 4746 1404 4802 quemquam
1458 4733 1752 4803 subripiat,
1800 4733 2070 4803 faciatque

465 4827 492 4899 ξι
518 4819 644 4873 itius
667 4834 827 4876 omne
851 4822 994 4891 quod
1024 4838 1128 4877 non
1158 4823 1301 4879 licet.
1328 4843 1343 4873 ι
1362 4823 1430 4878 Εῑ
1452 4840 1588 4893 papa
1605 4825 1898 4891 Adrianus,
1915 4826 2072 4897 longe

474 4918 612 4973 post
639 4924 831 4980 papam
868 4913 1237 4969 Innocentium
1281 4914 1398 4984 ejus
1451 4916 1704 4986 Petrique
1752 4933 2068 4981 successor,

476 5014 612 5052 cum
660 5000 782 5054 aliis
833 5004 1269 5072 quamplurimis
1310 5006 1423 5060 suis
1478 5006 1968 5076 prmdccessoribus
2010 5023 2073 5062 ac

482 5082 919 5153 successoribus,
950 5098 1010 5143 ut
1032 5105 1129 5160 pro
1161 5093 1410 5148 omnibus
1439 5109 1600 5150 causa
1631 5098 1932 5166 compendii
1967 5113 2075 5152 uno

482 5184 641 5238 utar,
668 5173 742 5227 ita
784 5175 1095 5230 constitutis
1140 5179 1311 5247 inquit
1352 5183 1464 5236 suis
1508 5183 1658 5254 (Can.
1701 5185 1756 5253 4)
1787 5202 1800 5238 :
1835 5204 1853 5236 ι
1893 5185 2075 5257 Nullus

484 5261 943 5304 ntnlrnnnlimmtq
987 5266 1267 5304 pnicnnnnc
1346 5272 1545 5304 ιιιιοηιηι
1592 5285 1905 5304 Mannum...“
1957 5294 2039 5304 ...η

2172 3189 2361 3263 (Eccli.
2393 3205 2585 3253 xxvm,
2618 3187 2812 3259 18).Et
2842 3187 2971 3242 illud
3002 3204 3017 3240 :
3050 3186 3154 3252 Qui
3174 3185 3396 3239 libenter
3421 3184 3575 3237 audit
3604 3180 3746 3235 serias

2168 3279 2450 3344 mendacii,
2503 3295 2679 3333 omnes
2743 3278 3010 3331 ministros
3056 3275 3263 3329 habebit
3308 3275 3541 3345 impios;
3580 3282 3747 3342 partes

2168 3370 2305 3424 enim
2330 3369 2511 3423 mortis
2540 3384 2695 3422 aures
2724 3383 2849 3422 suas
2894 3366 3042 3436 eﬂ'icit
3090 3361 3276 3435 (Prov.
3325 3378 3498 3425 xxix,
3526 3360 3638 3429 12).
3684 3357 3745 3413 Ει

2171 3460 2301 3516 illttd
2343 3479 2358 3517 :
2398 3459 2628 3515 Susurro
2674 3469 2724 3513 et
2770 3458 3012 3528 bilinguis
3040 3455 3373 3518 maledictus,
3403 3452 3596 3508 multos
3620 3449 3746 3504 enim

2170 3549 2398 3605 turbabit
2426 3566 2606 3621 pacem
2653 3547 2899 3602 habentes
2947 3544 3139 3618 (Eccli.
3166 3559 3358 3608 xxvtu,
3394 3542 3504 3611 l5).
3554 3540 3745 3595 Sanun

2172 3649 2353 3696 autem
2380 3656 2467 3695 me
2495 3655 2685 3711 sapere
2711 3654 2816 3694 non
2838 3636 3008 3706 jacto,
3035 3651 3157 3691 cum
3183 3635 3456 3704 scriptum
3502 3632 3615 3685 sit:
3652 3627 3742 3681 Vis

2171 3730 2316 3786 stulti
2340 3740 2476 3784 recta
2504 3746 2557 3783 tn
2585 3726 2748 3782 oculis
2768 3727 2882 3798 ejus
2905 3724 3086 3797 (Prov.
3112 3739 3211 3787 xu,
3239 3722 3352 3793 15).
3382 3721 3492 3777 Sed
3540 3720 3607 3774 de
3652 3719 3743 3771 hoc

2171 3837 2283 3888 tae,
2310 3837 2417 3892 quo
2444 3838 2473 3877 a
2498 3821 2651 3876 vobis
2680 3830 2787 3874 tam
2826 3830 3171 3890 praepropere
3214 3829 3517 3871 suecensor
3544 3810 3742 3882 aliquod

2173 3913 2471 3985 periculum
2496 3921 2591 3966 aut
2615 3911 2999 3966 detrimentum
3031 3909 3333 3973 incurrere,
3355 3906 3435 3961 ita
3465 3905 3598 3960 mihi
3619 3918 3742 3957 col-

2173 4006 2318 4061 scius
2344 4020 2449 4059 non
2496 4005 2691 4068 timeo;
2745 4001 3200 4073 vituperationem
3233 4001 3404 4054 etiam
3434 3994 3742 4054 sacerdotaﬁ

2175 4094 2478 4150 ministerio
2497 4093 2563 4148 de
2590 4095 2692 4149 hoc
2723 4092 2892 4164 ingeri
2931 4091 3094 4146 nullis
3121 4089 3360 4145 formido
3388 4088 3620 4143 indiciis.
3645 4084 3739 4140 Sed

2177 4184 2327 4237 ut'de
2354 4182 2492 4248 aliis,
2536 4182 2646 4236 Deo
2674 4182 2971 4235 miserante
2994 4195 3059 4234 ac
3088 4186 3432 4250 protegente,
3460 4175 3737 4237 custodian

2180 4268 2362 4330 infelix
2388 4276 2548 4329 homo
2570 4273 2809 4343 ejusdem
2835 4274 2930 4328 Dei
2961 4272 3191 4344 gratiam
3220 4287 3323 4343 pro
3353 4273 3497 4329 scire
3522 4281 3576 4326 et
3597 4283 3737 4341 posse

2177 4381 2366 4432 exoro,
2398 4376 2559 4436 atque
2590 4366 2636 4421 si
2663 4366 2918 4420 auderem
2948 4380 3042 4419 vos
3071 4379 3171 4435 pro
3199 4379 3289 4419 me
3328 4364 3383 4419 id
3413 4364 3585 4433 ipsum
3610 4359 3741 4415 eﬂao

2176 4459 2372 4529 gitare,
2400 4472 2560 4527 quem
2592 4456 2703 4511 scio
2734 4455 2863 4510 illud
2891 4454 3102 4510 facilius
3128 4469 3293 4525 posse
3323 4454 3473 4524 apud
3512 4451 3739 4508 eumdem

2177 4550 2463 4604 Dominum
2505 4548 2769 4613 obtinere,
2800 4547 2997 4602 obnixe
3039 4554 3096 4601 et
3139 4545 3467 4616 suppliciter
3511 4545 3743 4613 deposce-

2176 4658 2312 4697 rem.
2361 4640 2600 4709 Deuique
2651 4639 2718 4694 dc
2772 4638 3015 4693 Bertrico
3062 4652 3183 4706 qua:
3238 4634 3586 4705 subjnngitis,
3627 4626 3742 4685 iilud

2177 4734 2412 4788 maxime
2449 4732 2502 4785 in
2536 4746 2699 4786 causa
2737 4738 2821 4785 est
2856 4728 2997 4799 quod
3024 4727 3229 4782 ﬁnitive
3251 4725 3561 4797 supponitis
3578 4724 3742 4777 dicer

2175 4825 2267 4887 do,
2294 4839 2414 4893 quae
2464 4822 2559 4877 tibi
2606 4822 2747 4876 sicut
2790 4821 2930 4875 sacri
2970 4820 3300 4890 pnecipiunt
3341 4832 3611 4879 canones,
3637 4820 3743 4867 nota

2177 4916 2357 4971 facere
2384 4914 2689 4984 procuravi.
2730 4912 2830 4969 Ubi
2870 4910 3217 4981 quaerendum
3242 4917 3333 4964 est
3360 4909 3431 4963 ad
3472 4907 3599 4978 quid
3639 4902 3745 4957 iliaci

2182 5007 2317 5063 mihi
2370 5005 2754 5061 innotescitis:
2801 5013 2979 5058 utrunt
3033 5009 3094 5055 ut
3151 5014 3256 5071 pro
3300 4998 3745 5057 cxcommunicato

2181 5116 2304 5155 eum
2369 5108 2552 5153 tenere
2596 5096 2847 5156 debeam,
2896 5108 3056 5163 quem
3086 5106 3185 5145 vos
3214 5101 3280 5146 ut
3310 5091 3519 5153 dicitis,
3544 5104 3659 5158 quia
3686 5098 3744 5137 es

2181 5201 2362 5248 vestra
2390 5190 2667 5260 provincia
2693 5205 2800 5243 non
2832 5195 2934 5251 est,
2959 5203 2987 5240 a
3014 5194 3196 5240 vestra
3217 5185 3489 5255 parochi:
3517 5176 3745 5254 Νεωπῦ

2727 5298 2748 5304 _
2796 5277 3123 5304 ...μαιιιηιιξηιξη
3183 5285 3234 5304 Δ.
3286 5292 3399 5304 ..Λ-ι
3670 5284 3743 5304 ατ-
