3904 5304
107 264 207 323 oss
1014 332 1027 347 ρ
1290 275 1657 333 OPUSCULA
1694 277 1784 334 s'r
1822 278 2207 340 EPISTOLIE.
2310 326 2327 343 κ
3072 268 3077 277 ³
3249 296 3357 355 ses

107 378 256 434 istius
283 375 563 446 ejectionis
592 394 751 435 nosse
779 383 1050 438 convenit.
1096 382 1175 439 Ac
1206 386 1349 442 side
1387 391 1670 447 adulteriis
1700 395 1747 454 Α
1775 392 1974 448 audivi.
2020 394 2151 451 Peto
2192 398 2353 452 etiam
2395 414 2481 455 me
2508 401 2753 468 ’instrui,
2794 406 2840 461 si
2883 406 2950 461 de
2989 416 3169 465 vestra
3213 419 3361 466 esset

104 480 156 524 et
173 466 293 570 aliis
317 467 536 524 incestis
566 470 950 540 pollutionibus
999 477 1319 546 regulariter
1364 492 1669 551 correptus,
1777 485 2075 554 provincia,
2108 502 2213 541 non
2242 501 2420 544 autem
2469 504 2533 546 ex
2580 466 2758 548 vestra
2808 497 3100 564 parochia,
3126 498 3362 570 quaiiter

104 558 194 612 sed
221 572 327 654 non
372 570 672 624 correctus,
701 569 756 615 et
783 562 1009 629 diutius,
1034 575 1093 618 ut
1119 570 1384 635 asseritis,
1413 571 1671 630 toleratus
1777 590 1845 629 ex
1888 592 1954 631 eo
1995 578 2170 632 acturi
2220 582 2434 636 essetis.
2485 584 2628 639 Deus
2673 558 2824 654 pacis
2874 595 2927 640 et
2956 558 3259 643 dilectionis
3285 592 3359 645 sit

101 655 198 712 est,
221 647 497 703 sciendum
523 660 610 705 est
633 653 825 706 modus
864 658 1227 725 correptionis
1276 670 1457 716 utrum
1507 663 1672 720 fuerit
1778 684 1995 739 semper
2019 672 2319 737 nobiseum,
2351 684 2410 728 ut
2447 677 2630 730 omnia
2675 686 2859 731 nostra
2913 690 3164 735 monente
3214 680 3356 751 Apo-

102 747 334 836 secrctus
358 755 426 795 an
454 742 732 810 publicus;
764 752 951 801 utrum
991 762 1023 801 a
1061 748 1492 809 Christianorum
1533 771 1667 836 con:-
1780 760 1918 814 stolo
1946 776 2067 815 cum
2096 762 2363 818 cbaritate
2391 763 2541 827 ﬁant,
2575 782 2678 819 non
2708 783 2805 835 per
2836 770 3237 822 contentionem
3261 742 3356 823 λιε-
3398 822 3401 823 ν

305 837 401 882 aut
440 844 471 884 a
509 847 756 934 corpore.
778 843 835 890 et
860 839 1120 934 sanguine
1150 839 1359 934 Domini
1390 844 1551 901 fuerit
1577 826 1667 903 se;
1776 868 1876 923 que
1895 869 1989 922 per
2009 854 2216 909 inanem
2237 853 2456 926 gloriam
2483 855 2534 927 (1
2550 857 2673 912 Cor.
2691 826 2801 925 xivr,
2821 859 2920 929 14;
2955 858 3184 932 Philipp.
3201 861 3357 934 ωδ).

100 925 366 987 gregatus,
398 935 558 995 quem
612 922 842 992 publica;
885 926 1125 983 deditum
1175 933 1508 999 pmuitentiae
1559 952 1667 992 non

101 1043 3343 1098 __.._.___..._________________________________________

1669 1178 1782 1249 Π.

1258 1329 1616 1392 EIUSDEM
1661 1334 1773 1394 AD
1819 1336 2186 1400 EUMDEM.

165 1460 406 1533 Hadulfo
437 1465 495 1518 in
520 1463 796 1520 Iliorntari
822 1469 1051 1537 gratiam
1072 1468 1309 1539 pristina
1329 1471 1618 1526 mansionis
1645 1472 1817 1528 locum
1846 1477 2119 1545 pernotuit,
2151 1479 2566 1533 communionem
2589 1496 2743 1534 suam
2773 1482 3010 1537 nondum
3026 1482 3279 1538 concedit.

162 1705 618 1761 Reuerentissimo
670 1705 1004 1762 Rbentorum
1055 1708 1460 1780 archiepiscopo
1500 1708 1665 1765 HINC-
1698 1716 1741 1775 B
1771 1710 2027 1779 ejectum,
2069 1730 2177 1769 non
2229 1724 2434 1771 tantum
2480 1717 2793 1787 dereliquit.
2844 1727 3105 1788 quantum
3145 1720 3354 1774 abomi-

99 1810 252 1860 IABO,
271 1794 377 1850 Deo
393 1798 685 1853 miserante
713 1799 996 1869 episcopus
1017 1798 1389 1858 Laudunensis
1416 1802 1672 1858 Ecclesia:
1773 1801 1952 1855 uando
1979 1800 2248 1872 despexit,
2280 1804 2541 1872 adjiciens
2576 1807 2746 1861 multo
2775 1807 2877 1862 sibi
2931 1808 3124 1863 melius
3158 1807 3353 1873 fuisse,

102 1886 398 1946 litscutans
421 1890 659 1946 debitam
683 1892 737 1946 in
762 1892 951 1947 eodem
986 1893 1214 1948 Domino
1233 1896 1597 1950 devotionem.
1770 1904 1834 1944 ac
1864 1905 1985 1945 esse
2024 1891 2140 1948 sine
2183 1893 2267 1947 bis
2314 1910 2434 1963 qua:
2477 1896 2524 1949 ei
2566 1895 2840 1950 dederam.
2882 1895 3023 1966 Ergo
3066 1896 3211 1965 quod
3237 1896 3353 1965 ipse

162 1980 238 2034 Ad
265 1983 514 2051 quaedam
545 1983 810 2052 superbis
832 1998 952 2053 quae
976 2000 1147 2055 nuper
1172 1985 1239 2040 de
1269 1985 1499 2041 "adiuro
1515 2003 1669 2042 man-
1770 1992 2086 2037 exsecratus
2117 1985 2297 2040 taliter
2340 1984 2539 2051 fuerat,
2582 1988 2823 2057 nunquid
2873 1998 2999 2044 tunc
3035 2005 3139 2043 non
3188 1988 3350 2053 alius,

100 2074 277 2139 dastis,
308 2089 455 2129 nunc
506 2072 774 2129 instanter
822 2075 1150 2144 respondere
1193 2075 1415 2147 dignum
1460 2078 1670 2132 ratione
1768 2075 1861 2144 qui
1889 2076 2123 2145 gratiose
2147 2077 2273 2131 illud
2305 2078 2549 2148 recipere
2581 2095 2644 2133 ac
2673 2080 2874 2134 habere
2896 2081 3141 2150 optabat,
3170 2081 3348 2149 adipi-

100 2164 318 2217 videtur.
366 2161 507 2216 Nam
556 2171 709 2217 tenor
746 2162 823 2217 rei
861 2163 1091 2234 ﬁnisque
1121 2166 1346 2227 tenoris.
1376 2176 1431 2220 et
1458 2174 1669 2235 tempus
1768 2166 1844 2219 sci
1876 2167 2169 2222 debuerat?
2211 2169 2380 2240 Igitur
2433 2185 2528 2238 pro
2578 2180 2756 2226 vestra
2809 2172 3202 2227 interventioue
3239 2188 3353 2227 sua:

101 2261 149 2305 et
191 2251 364 2306 locum
411 2267 521 2306 non
550 2251 996 2308 inconvenieuter
1023 2269 1317 2324 congruum
1349 2257 1668 2325 przcstolan-
1767 2260 2042 2314 canonica:
2078 2259 2254 2315 locum
2282 2276 2345 2315 ac
2386 2262 2491 2316 sibi
2528 2262 2680 2330 prius
2704 2279 2734 2316 a
2779 2279 2865 2317 me
2891 2278 3203 2318 concessam
3234 2279 3353 2331 per-

103 2350 198 2395 lur.
229 2340 377 2409 Quod
400 2342 677 2408 scribitis,
724 2342 849 2413 quia
901 2344 1036 2413 petit
1083 2344 1223 2399 ident
1271 2344 1534 2400 Hadulfus
1570 2362 1667 2401 vos
1766 2349 1931 2405 mitto
1992 2353 2325 2407 mansionem
2368 2370 2381 2404 :
2433 2353 2835 2408 communicare
2884 2354 3047 2409 etiam
3097 2352 3357 2408 omnibus

100 2431 410 2488 intervenire
440 2435 581 2503 apud
630 2450 737 2499 me,
785 2444 1053 2505 quatenus
1085 2435 1132 2490 ei
1184 2435 1666 2490 licealcommllni-
1766 2444 1867 2498 sibi
1898 2445 2202 2499 volentibus
2246 2445 2370 2498 exin
2415 2461 2526 2514 quo
2553 2460 2801 2500 reversus
2845 2444 3007 2499 fuerit
3034 2446 3345 2514 acquiesco.

99 2539 212 2579 care
237 2525 288 2579 in
316 2542 437 2580 mea
454 2527 734 2597 parocltia,
754 2537 810 2583 et
834 2528 1011 2583 locum
1043 2536 1097 2583 et
1128 2529 1463 2585 mansionem
1487 2545 1662 2593 suam,
1771 2529 1967 2587 Verum
1990 2549 2169 2588 meam
2196 2533 2522 2602 specialiter,
2555 2549 2716 2603 quam
2745 2535 2860 2604 ipse
2890 2534 3159 2589 obdurato
3186 2535 3353 2590 corde

96 2623 147 2669 et
168 2631 228 2669 ea
262 2632 381 2686 qua:
427 2618 568 2687 apud
596 2634 682 2672 me
709 2619 1075 2689 proservierat
1103 2620 1333 2690 pleniter
1364 2621 1581 2685 habere,
1610 2629 1665 2678 et
1764 2622 2154 2692 obduratisque
2181 2624 2428 2686 auribus,
2451 2639 2573 2678 cum
2602 2625 2858 2680 clamosis
2905 2625 2958 2679 in
3003 2640 3089 2678 me
3121 2626 3354 2679 detesta-

97 2721 208 2762 cum
241 2722 371 2779 pace
429 2709 688 2766 canonice
733 2710 866 2765 mihi
911 2711 1147 2766 servire:
1201 2720 1258 2766 et
1303 2711 1348 2767 si
1388 2712 1491 2767 hoc
1529 2711 1663 2766 mibi
1766 2712 2002 2768 tionibus
2049 2721 2157 2768 tam
2205 2714 2557 2785 pertinaciter
2606 2731 2767 2786 quam
2834 2716 3135 2786 perniciter
3192 2713 3347 2768 aufu-

95 2798 1664 2873 gravefuerit,haberetantumcommunioneminparocbia
1765 2802 1984 2874 gicudo,
2015 2804 2160 2858 nullo
2187 2813 2363 2860 tamen
2392 2820 2516 2858 eum
2562 2814 2925 2875 persequente
2972 2813 3069 2860 aut
3111 2803 3354 2873 aliquam

104 2907 233 2958 mea,
261 2902 315 2949 et
336 2893 508 2950 licere
534 2895 583 2950 ei
607 2895 707 2950 sub
728 2895 1007 2965 religione,
1033 2894 1339 2964 ubicunque
1361 2894 1536 2948 locmn
1561 2893 1664 2949 sibi
1765 2894 1873 2948 vim
1903 2894 1953 2949 ei
2016 2892 2284 2950 inferente
2322 2896 2551 2964 sprevit,
2590 2896 3026 2950 communionem
3058 2910 3088 2948 a
3116 2909 3223 2964 qua
3265 2908 3357 2948 me

102 2993 269 3058 aptum
298 2986 545 3042 invenire
574 2989 829 3058 potuerit,
862 2989 1195 3050 conservari,
1225 2997 1281 3043 et
1305 2988 1378 3042 sit
1424 2987 1556 3043 mihi
1608 2988 1666 3042 tio
1765 2983 1980 3038 volente
2014 2983 2298 3040 fraudatus
2324 3000 2429 3039 non
2474 2998 2645 3050 esset,
2687 2994 2932 3056 tempore
2979 2999 3079 3040 suo
3122 2984 3355 3053 locoque

104 3075 244 3131 delis.
277 3077 354 3133 De
387 3080 788 3150 proservitione
832 3080 1050 3150 quidem
1096 3096 1193 3136 sua
1220 3095 1459 3149 praesens
1480 3087 1669 3133 contra
1699 3073 1744 3136 C
1775 3090 2035 3145 congruo,
2091 3084 2184 3129 aut
2222 3075 2511 3144 judiciarie
2556 3075 2798 3144 recipiet,
2854 3083 2951 3130 aut
2989 3072 3357 3130 satisiactor'ue

101 3180 177 3220 me
202 3166 531 3225 mlunmiose
558 3170 722 3225 etiam
753 3170 895 3226 imer
934 3179 1130 3226 cetera
1176 3179 1504 3239 conquestus
1539 3176 1662 3235 est;
1770 3164 2054 3219 obtinebit.
2081 3164 2267 3234 Itaque
2293 3166 2451 3220 decet
2487 3166 2814 3236 probitatem
2857 3175 3114 3230 vestram,
3162 3164 3291 3219 dum
3319 3179 3357 3219 a

100 3254 159 3309 de
182 3271 283 3326 qua
310 3258 359 3314 ei
390 3275 518 3315 cum
546 3260 612 3315 de
654 3260 866 3316 caeteris
899 3268 1140 3330 tempore
1167 3268 1222 3314 et
1251 3259 1372 3314 loco
1401 3274 1664 3331 congruo,
1771 3256 1925 3310 vobis
1949 3257 2107 3310 modo
2128 3272 2377 3312 reversus
2401 3256 2582 3320 fuerit,
2615 3258 2688 3310 ita
2713 3257 2920 3326 leporis
2940 3256 3115 3311 vestri
3129 3256 3240 3311 sale
3266 3270 3354 3311 re-

100 3363 312 3419 cumque
324 3353 516 3407 audire
539 3353 791 3424 dignatus
822 3352 1006 3417 fuerit,
1038 3353 1270 3423 pleniter
1299 3351 1659 3421 respondebo.
1769 3346 1895 3402 deat
1919 3345 2189 3411 conditus,
2217 3355 2275 3400 ut
2298 3363 2405 3401 nou
2436 3355 2696 3416 appareat
2723 3346 2809 3399 bis
2836 3360 2959 3399 cum
2995 3344 3195 3413 quibus
3223 3358 3358 3398 con-

104 3436 240 3495 Nunc
262 3451 440 3497 autem
489 3442 617 3496 illud
645 3458 743 3513 pro
774 3443 983 3497 ratione
1012 3442 1165 3497 vobis
1191 3440 1510 3511 respondeo,
1535 3438 1663 3507 quia
1767 3449 2017 3494 versatus
2045 3436 2209 3492 interit
2249 3438 2387 3492 adeo
2428 3452 2714 3500 onerosus,
2747 3435 2892 3490 velut
2933 3436 3085 3506 prius
3123 3450 3154 3489 a
3199 3435 3356 3491 vobis

98 3528 331 3595 potestis,
362 3531 406 3586 si
432 3531 589 3587 vobis
618 3532 815 3602 placet,
840 3532 988 3586 illum
1014 3547 1111 3587 vos
1140 3540 1433 3601 petentem,
1458 3542 1663 3597 vosque
1769 3530 1836 3586 ad
1867 3547 1952 3586 me
1989 3531 2217 3597 veniens
2243 3529 2375 3584 mibi
2422 3528 2651 3591 exstitit,
2685 3527 2827 3597 quod
2874 3535 3029 3580 antea
3074 3539 3356 3594 nunquam

99 3617 405 3686 audientem,
432 3621 698 3693 vobisque
725 3622 1033 3693 loquentem
1074 3638 1180 3676 non
1221 3621 1290 3676 ab
1331 3635 1388 3674 re
1430 3619 1663 3673 interro-
1770 3616 2980 3688 fuerat.contumeliosus;quouiamquidixit
3009 3633 3024 3672 :
3054 3614 3254 3668 [Iabere
3270 3613 3353 3668 sal

99 3721 235 3774 gare,
268 3725 365 3766 cur
390 3727 457 3768 ea
484 3728 607 3783 quae
631 3728 774 3770 nunc
807 3713 1022 3784 repetit,
1054 3713 1201 3769 nullo
1232 3722 1479 3784 cogente,
1517 3711 1663 3767 nullo
1771 3715 1824 3768 iu
1849 3713 2012 3776 vobis,
2053 3721 2110 3769 et
2152 3710 2269 3782 ipse
2307 3711 2534 3775 addidit,
2561 3721 2609 3765 et
2648 3726 2829 3781 pacem
2872 3709 3055 3763 habete
3080 3709 3216 3761 inter
3258 3722 3355 3761 vos.

101 3801 362 3871 suadente,
390 3819 489 3875 per
516 3804 684 3877 pilum
715 3805 1024 3861 vestimenti
1067 3806 1151 3861 sui
1193 3822 1226 3861 a
1252 3823 1314 3863 se
1355 3814 1659 3863 terratenus
1772 3808 1968 3882 (Marc.
1999 3826 2076 3873 ιι,
2101 3808 2214 3880 49).
2241 3808 2376 3863 Data
2419 3823 2449 3861 v
2486 3806 2713 3863 Kalend.
2736 3806 2907 3878 April.

102 3960 182 3985 α-

1650 4101 1810 4176 ΙΙΙ.

1249 4235 1607 4298 EIUSDEM
1650 4237 1761 4302 AD
1804 4236 2171 4299 EUMDEM.

231 4355 305 4411 De
333 4356 519 4413 Seuati
543 4357 720 4413 clerici
752 4358 1104 4423 ordinatione,
1129 4357 1294 4427 deque
1318 4358 1572 4414 carcerali
1595 4374 1695 4413 sua
1717 4357 2036 4423 detentione,
2062 4370 2108 4412 et
2131 4356 2546 4428 proclamatioue
2567 4360 2637 4413 ad
2657 4359 2829 4413 sedem
2852 4358 3230 4429 apostolicam.

168 4545 616 4606 Reverentissimo
674 4550 1008 4608 Rbemorum
1055 4551 1464 4622 archiepiscopo
1508 4552 1667 4607 Hmc-
1699 4552 1745 4610 Ι)
1772 4551 1939 4606 sensi.
1983 4549 2200 4604 Plenius
2247 4563 2378 4620 ergo
2426 4549 2624 4603 abhinc
2661 4547 2814 4604 vobis
2861 4564 2966 4604 non
3005 4546 3357 4616 respondere,

108 4649 257 4702 uano,
309 4638 682 4697 Laudunensis
739 4642 998 4698 Ecclesia:
1059 4644 1315 4699 minimus
1381 4643 1669 4713 episcopo.
1776 4641 1941 4696 lautis
1984 4640 2261 4710 impetitus
2276 4640 2495 4710 jaeulis,
2522 4647 2780 4709 tantoque
2809 4649 3027 4696 notatus
3059 4654 3237 4702 nano,
3264 4638 3358 4693 ha-

107 4737 214 4778 rum
256 4727 566 4789 Hmcusuus
589 4733 824 4788 debitam
856 4733 909 4786 in
937 4734 1164 4788 Domino
1212 4735 1575 4789 devotionem.
1772 4740 1961 4787 ctemts
2007 4729 2278 4785 sustinere
2328 4736 2549 4802 paratus
2606 4736 2664 4783 et
2710 4730 3057 4787 dissimulare
3105 4718 3353 4794 conatus.

171 4814 344 4888 “elegi
389 4820 594 4875 cursim
646 4822 850 4890 scripta
898 4831 1094 4879 vestrae
1150 4823 1504 4886 celsitudinis,
1549 4837 1670 4891 quae
1772 4824 1983 4894 integro
2007 4836 2223 4892 quoque
2244 4821 2463 4892 fugatus
2494 4820 2659 4884 anno,
2708 4822 2776 4877 ad
2803 4824 2975 4878 instar
3013 4820 3196 4874 Abner
3226 4835 3364 4890 prae-

107 4907 229 4961 mihi
272 4909 592 4978 perferenda
626 4912 960 4980 destinastis,
1003 4914 1244 4969 instante
1290 4914 1669 4971 anniversario
1775 4914 1941 4969 terire
1968 4911 2175 4974 volens.
2199 4915 2375 4971 serris
2404 4911 2566 4967 tritus
2589 4923 2696 4963 non
2727 4913 3039 4981 permittor.
3081 4909 3271 4976 itaque
3300 4908 3366 4961 de

108 4994 205 5048 ιιιεί
235 4998 537 5055 traditionis
571 5010 893 5070 perpetratae
932 5018 1050 5058 mea
1081 5003 1137 5058 in
1160 5005 1438 5074 parochia,
1464 5010 1523 5058 et
1553 5002 1671 5061 loco
1773 5021 1938 5064 causa
1977 5004 2296 5064 Haimeradi
2327 5000 2760 5073 compresbyteri
2802 5002 2978 5062 nostri
3002 5014 3069 5053 eo
3112 4997 3375 5066 ιυθὲιιὶεπίο

107 5086 190 5126 ΙΙΙιῖ
230 5088 425 5126 dini!"-
463 5090 712 5126 Qilunnnc
790 5092 888 5126 Mn:
937 5104 1110 5126 «suam
1159 5112 1263 5126 nnis
1310 5111 1444 5126 mm
1475 5095 1646 5126 anu-:nn

1839 5116 1859 5126 ..
1889 5105 1938 5126 ne
1966 5093 2227 5126 ηειηηηῖηα
2256 5113 2332 5126 ο.--
2346 5100 2453 5126 Λευ.
2482 5093 2785 5126 noenu-“sn...
2830 5099 2909 5126 Π..
2948 5086 3263 5126 dim-uilius“)
3287 5104 3381 5126 ml-
