3904 5304
501 275 621 335 987-

1542 272 1875 329 lllNCMARl
1914 269 2396 328 LAUDUNENSIS
2435 271 2738 329 EPISCOPI

502 404 681 461 operai
704 387 933 458 pretium
960 395 1061 440 est.
1091 385 1256 461 Miror
1292 398 1418 441 vero
1445 401 1543 441 cur
1583 384 1742 439 .illum
1776 381 1960 437 tandiu
2000 395 2083 433 re-
2111 381 2162 440 Α
2190 381 2468 436 restitutus
2494 383 2692 454 quibus
2739 382 3021 451 illegalitcr
3067 384 3362 439 exstiterat
3390 382 3666 452 spoliatus.
3693 385 3760 441 Et

503 493 805 538 morantem
833 497 936 535 non
970 480 1266 541 retuittitis,
1294 479 1593 549 praesertim
1642 493 1763 533 cum
1820 491 1981 546 super
2018 490 2083 529 eo

502 582 699 628 vestra:
747 580 803 625 ιιι
842 570 1050 639 justum
1094 580 1213 625 erat
1262 570 1425 624 annui
1471 568 1871 624 interventioui.
1917 567 2084 636 Igitur

502 679 724 719 causam
793 678 953 733 quam
1008 664 1283 717 nescimus
1346 660 1632 731 diligenter
1674 654 2128 728 investigantes,’

499 762 558 808 et
586 768 795 816 eorum,
827 760 879 805 ut
916 762 1066 822 puto,
1098 752 1364 811 homines.
1391 766 1511 821 qua:
1541 766 1636 821 per
1664 766 1763 805 nos
1793 764 1897 804 non
1926 746 2083 801 remi-

501 843 785 906 niscimur,
819 857 914 912 per
942 841 1077 896 alios
1101 843 1397 896 rescieutes
1424 842 1558 896 certi
1604 840 1752 905 facti,
1797 838 2083 893 certitudi-

500 949 626 989 nem
689 932 1178 1002 pronuntiabimus,
1228 938 1282 984 et
1333 939 1391 985 ut
1454 946 1702 994 veraces,
1751 931 1859 984 Deo
1906 928 2087 999 propi-

502 1025 692 1087 tiante,
724 1024 1005 1078 veritatem
1045 1039 1138 1078 ore
1168 1035 1226 1077 et
1252 1024 1415 1078 corde
1442 1022 1798 1094 proferemus.
1826 1021 1905 1075 Ad
1944 1021 2086 1091 quod

501 1117 570 1171 de
598 1115 798 1170 clerico
829 1125 1008 1170 vestro
1032 1115 1233 1170 Senate
1260 1116 1388 1169 mihi
1415 1116 1486 1169 ita
1514 1116 1750 1170 scribitis
1776 1116 1844 1168 ad
1868 1113 2041 1167 locum
2067 1130 2080 1167 :

509 1224 529 1257 ι
570 1206 860 1275 Propterea
887 1206 931 1261 si
966 1208 1079 1276 ipse
1108 1207 1339 1261 clericus
1366 1207 1689 1261 criminosus
1740 1222 1844 1259 non
1902 1214 2004 1266 est.
2034 1213 2090 1257 et

502 1297 749 1352 docibilis
774 1307 880 1362 est,
910 1299 1052 1368 quod
1080 1298 1244 1353 etiam
1277 1299 1329 1352 in
1364 1298 1617 1368 episcopo
1662 1312 1895 1351 canones
1946 1295 2086 1349 sacri

502 1386 805 1456 requirunt,
839 1388 1094 1458 quoniam
1122 1404 1153 1442 a
1198 1388 1354 1443 nobis
1385 1388 1826 1442 tibiordinantlus
1841 1386 2084 1451 olTertur,

504 1493 614 1534 non
641 1479 803 1534 debes
827 1479 975 1534 illum
1000 1479 1069 1533 ab
1089 1479 1432 1534 ordinatione
1464 1479 1515 1532 in
1545 1479 1781 1533 Ecclesia
1818 1479 1931 1548 ipsa
1964 1478 2089 1548 reji-

501 1582 649 1633 cere,
677 1568 763 1622 cui
792 1583 888 1637 per
917 1576 1063 1623 tanta
1088 1578 1327 1638 tempora
1352 1570 1597 1624 eamdem
1630 1570 1924 1624 Ecclesiam
1953 1586 2085 1623 cou-

502 1656 741 1711 sensisti.
788 1676 806 1708 ι
840 1656 992 1725 Quod
1019 1658 1199 1712 dicitis
1231 1674 1316 1712 me
1347 1659 1708 1724 consensisse,
1741 1659 1922 1713 nescio
1946 1660 2086 1713 unde

502 1748 608 1805 hoc
641 1749 814 1813 scitis,
840 1750 1091 1819 quoniam
1122 1765 1211 1805 res
1236 1760 1359 1804 nota
1386 1759 1489 1814 est,
1518 1765 1617 1804 nec
1653 1766 1753 1819 per
1799 1766 1960 1806 casus
1998 1759 2090 1804 aut
2122 1729 2163 1787 Β

501 1841 708 1899 formas
737 1841 925 1896 saltem
947 1842 1270 1897 verisimiles
1299 1840 1606 1896 inﬂectitur.
1634 1840 1699 1896 Et
1737 1842 1854 1896 ideo
1883 1856 1982 1895 nec
2008 1856 2094 1896 me

502 1934 848 1990 consensisse
863 1934 1032 1998 scitis,
1049 1950 1149 1989 nec
1168 1935 1295 1988 illud
1313 1936 1541 2004 probare
1558 1935 1802 2005 potestis,
1816 1936 2095 2005 praeﬁgen-

506 2024 655 2080 tibus
692 2023 864 2081 sacris
893 2026 1194 2081 cauonibus
1221 2027 1286 2080 de
1313 2025 1459 2081 omni
1491 2026 1743 2095 episeopo
1777 2025 1878 2082 sub
1906 2026 2091 2097 singu-

506 2118 605 2173 lari
631 2134 880 2182 numcro.
921 2128 980 2173 ut
1029 2129 1219 2175 caveat
1247 2120 1530 2189 episcOpus
1553 2134 1622 2173 ne
1652 2119 1795 2173 dicat
1823 2120 1873 2172 in
1905 2134 2096 2188 quem-

502 2222 664 2276 quam
683 2207 824 2278 quod
851 2209 1191 2264 evidentibus
1217 2209 1447 2278 probare
1474 2224 1578 2262 non
1604 2215 1782 2277 potest
1807 2206 2096 2261 documen-

502 2296 593 2351 tis.
619 2296 685 2349 Et
710 2297 838 2350 item
869 2312 1042 2351 canon
1085 2313 1098 2351 :
1136 2296 1236 2364 Qui
1272 2312 1435 2350 unum
1464 2296 1668 2372 crimen
1720 2294 1948 2365 probare
1987 2310 2091 2350 non

500 2387 720 2457 poterit,
754 2387 820 2441 ad
866 2387 1008 2441 aliud
1040 2388 1252 2441 mlmitti
1293 2402 1397 2442 non
1430 2387 1609 2442 debet.
1641 2385 1775 2440 Nam
1804 2395 1860 2442 et
1892 2387 2005 2457 ipse
2039 2386 2090 2440 in

476 2478 955 2548 subsequentibus
985 2478 1241 2543 scribitis,
1277 2498 1295 2530 ι
1332 2477 1458 2549 quia
1510 2479 1840 2549 presbytero
1894 2488 2093 2533 vestra:

499 2571 773 2642 parocliia:
800 2572 867 2626 ad
900 2587 984 2626 me
1014 2572 1178 2625 misso
1206 2570 1475 2639 respondi.
1511 2570 1636 2640 quia
1660 2570 1801 2625 sicut
1835 2569 1965 2624 mihi
2008 2568 2089 2624 fe-

501 2661 653 2715 cistis
692 2661 747 2715 in
795 2671 971 2716 vestra
1016 2662 1271 2731 parochia
1311 2662 1377 2715 de
1423 2677 1541 2715 mea
1582 2661 1840 2725 Ecclesia,
1894 2662 1967 2716 ita
2035 2670 2091 2716 et

501 2767 602 2822 ego
650 2753 804 2808 vobis
856 2752 1051 2807 faciam
1098 2753 1164 2806 de
1210 2762 1389 2806 vestra
1421 2752 1659 2807 Ecclesia
1689 2753 1742 2807 in
1772 2768 1892 2809 mea
1932 2768 2092 2823 paro-

502 2843 643 2897 chia.
685 2863 702 2896 ι
750 2844 888 2899 Ecce
924 2844 1047 2913 quia
1080 2860 1184 2897 non
1246 2843 1675 2897 consentiebam.
1722 2843 1874 2910 Quod
1903 2853 2087 2898 autem

502 2932 579 2987 illi
608 2934 879 3003 respondi,
917 2935 1299 2987 assistentibus
1343 2934 1696 3004 presbyteris,
1748 2934 2084 2998 diaconihns,

504 3036 569 3077 ac
598 3022 753 3077 laicis
786 3023 1057 3093 respondi,
1089 3039 1156 3078 tte
1178 3023 1326 3077 irrita
1363 3037 1479 3077 mea
1510 3032 1597 3077 aut
1647 3024 1976 3080 calumniosa
2032 3025 2084 3079 in

502 3112 847 3183 postmodum
904 3115 1239 3184 reperiretur
1281 3114 1568 3168 sententia.
1631 3115 1887 3169 Videlicet
1934 3116 2085 3185 Sige-

501 3204 658 3258 berto
687 3203 1031 3267 remandans.
1071 3219 1160 3273 qui
1198 3219 1320 3259 eum
1352 3205 1427 3259 ad,
1448 3220 1536 3259 me
1568 3205 1810 3266 miserat.
1864 3205 1928 3258 de
1972 3204 2088 3261 luco

503 3309 568 3348 ac
634 3301 876 3363 tempore
927 3296 1359 3357 rememorando,
1426 3295 1643 3363 quando
1727 3304 1781 3350 et
1852 3296 1939 3350 ubi
1995 3312 2091 3365 per

504 3384 771 3454 meipsum
808 3382 921 3453 jam
958 3385 1024 3439 de
1046 3386 1235 3440 eadem
1268 3384 1502 3439 Ecclesia
1535 3386 1582 3438 ei
1618 3384 1822 3439 fueram
1857 3386 2087 3449 locutus,

508 3473 716 3528 scilicet
734 3474 884 3545 juxta
918 3482 1135 3545 pontem
1165 3476 1219 3528 in
1245 3474 1503 3529 Cadamo.
1538 3474 1653 3529 Non
1691 3476 1833 3529 enim
1858 3475 1938 3530 vel
1964 3484 2091 3531 tunc

503 3580 570 3619 ex
604 3565 706 3619 ulla
731 3566 971 3621 motione
996 3566 1184 3631 animi,
1215 3566 1309 3620 sed
1333 3566 1557 3635 paciﬁce
1588 3580 1709 3622 eum
1745 3569 1924 3622 monui
1984 3584 2088 3622 non

506 3666 655 3713 recte
687 3658 864 3728 egisse
903 3659 1045 3727 quod
1071 3674 1194 3714 eum
1224 3659 1502 3725 clericum,
1551 3676 1638 3716 me
1683 3663 1980 3726 nesciente,
2037 3671 2093 3717 et

503 3748 621 3802 sine
654 3748 961 3802 rationabili
1017 3748 1157 3818 apud
1208 3748 1592 3805 llaimeradum
1643 3752 1986 3819 tlil'liuitioue,
2036 3755 2088 3808 in

502 3835 695 3890 eadem
741 3837 1087 3891 constituerit
1136 3837 1400 3893 Ecclesia.
1468 3839 1570 3905 Qui
1636 3843 1930 3910 respomlit,
1983 3858 2089 3898 non

504 3926 609 3981 hoc
652 3926 769 3981 sine
811 3928 1185 3981 ministrorum
1215 3944 1456 3984 meormn
1487 3948 1544 3987 se
1574 3948 1839 3988 consensu
1876 3935 2086 3990 fecisse.

508 4017 593 4071 Mc
621 4028 803 4074 autem
832 4021 1177 4089 persistente,
1201 4023 1483 4090 Quorum?
1510 4030 1756 4097 exposuit
1778 4028 2087 4084 Hatlull‘um.

508 4109 639 4166 Tale
670 4122 848 4167 autem
881 4128 1043 4184 super
1063 4115 1164 4170 hoc
1191 4130 1219 4167 a
1244 4131 1330 4171 me
1351 4120 1554 4189 recepit
1580 4136 1917 4190 responsum,
1947 4122 2089 4192 quod

507 4214 686 4255 essem
712 4200 991 4259 locuturus
1005 4221 1128 4259 cum
1156 4205 1484 4263 Haimerado
1500 4212 1834 4283 presbytero,
1851 4220 1907 4268 et
1930 4215 1973 4268 si
2004 4214 2092 4270 ille

506 4292 700 4347 cedere
728 4293 887 4349 vellet
912 4295 1028 4351 sine
1063 4299 1311 4367 querela,
1340 4301 1452 4356 suis
1480 4317 1774 4359 annuerem
1815 4306 2090 4375 petitioni-

2189 473 2265 551 sic
2295 474 2434 528 idem
2462 474 2787 544 Sigibertus,
2810 476 2854 529 si
2894 474 3095 542 justam
3135 478 3187 530 in
3217 477 3565 545 postmodum
3592 492 3646 531 se
3667 493 3762 547 pu-

2192 573 2329 618 taret
2360 565 2561 619 habere
2592 566 3010 635 querimoniam,
3041 567 3159 620 loco
3182 576 3239 622 et
3270 576 3517 631 tempore
3538 582 3765 636 congruo

2188 664 2243 708 et
2270 657 2532 710 canonico
2561 654 2813 709 deferret.
2848 654 3097 710 Sciebam
3119 657 3271 711 enim
3295 657 3427 710 illud
3454 657 3763 724 capitulum.

2188 749 2331 817 quod
2375 749 2529 817 quasi
2581 758 2769 802 contra
2813 765 2918 813 me,
2968 750 3108 817 quod
3148 750 3257 814 agit
3286 764 3390 818 pro
3423 763 3534 807 me.
3562 748 3630 800 ita
3675 764 3767 801 ve-

2191 840 2322 894 stris
2367 842 2434 894 ad
2485 840 2660 895 lucum
2713 840 2954 894 iuseritis
3001 841 3306 908 iuqnieutes
3345 840 3588 909 scriptis.
3639 840 3764 892 Cum

2189 930 2633 986 sitconstitutnm
2658 930 2710 985 in
2745 931 2919 1000 primo
2949 931 3082 984 libro
3124 930 3504 999 Capitulorum
3543 931 3767 1000 synoda-

2190 1018 2319 1073 lium
2378 1020 2532 1089 (Cap.
2560 1020 2675 1085 90),
2723 1029 2961 1090 tempore
3004 1022 3377 1088 Augustorum
3406 1025 3711 1074 nostrorum
3738 1035 3769 1073 a

2192 1112 2393 1166 nostris
2427 1112 2720 1179 majoribus
2749 1121 3215 1173 conservaturum,
3246 1131 3264 1161 ι
3302 1119 3365 1165 ιιι
3396 1112 3520 1164 sine
3545 1113 3765 1165 auctori-

2192 1210 2301 1256 tate
2326 1202 2409 1256 vel
2434 1219 2698 1257 consensu
2730 1203 3101 1272 episcoporum
3131 1204 3441 1275 presbyteri
3475 1204 3528 1255 in
3555 1203 3769 1272 quibus-

2190 1294 2320 1348 libet
2346 1295 2603 1352 Ecclesiis
2624 1312 2727 1350 non
2759 1297 3174 1359 constituantur,
3218 1312 3321 1351 nec
3348 1295 3712 1366 expellantur.
3742 1315 3762 1347 ι

2190 1384 2323 1440 ltem
2352 1386 2404 1439 ir.
2433 1388 2636 1441 eisdem
2670 1396 2722 1441 et
2755 1388 2897 1441 istud
2923 1388 3185 1442 contineri
3212 1387 3355 1456 (Lib.
3391 1403 3443 1451 ν,
3475 1404 3596 1457 cap.
3639 1386 3724 1457 ‘5)
3753 1408 3767 1441 :

2198 1491 2217 1526 ι
2251 1476 2325 1530 De
2356 1478 2441 1531 his
2470 1478 2559 1547 qui
2592 1478 2708 1532 sine
2741 1492 3005 1532 consensu
3046 1477 3281 1547 episcopi
3328 1478 3771 1549 presbyteroscia

2193 1567 2452 1622 Ecclesiis
2482 1568 2595 1623 suis
2624 1570 2987 1633 constituunt,
3011 1569 3095 1624 vel
3123 1570 3189 1623 de
3240 1569 3510 1625 Eeclesiis
3539 1569 3770 1638 ejicinat,

2194 1667 2251 1712 et
2275 1657 2343 1712 ab
2371 1660 2646 1730 episcopo,
2690 1660 2825 1714 vela
2858 1660 3097 1730 quolibet
3145 1663 3321 1717 misso
3357 1661 3660 1724 dominico,
3686 1662 3769 1714 ad-

2196 1750 2384 1804 tnouiti
2405 1751 2626 1806 obedire
2653 1751 2943 1816 noluerint,
2970 1760 3028 1806 ut
3065 1754 3301 1806 banuum
3327 1761 3579 1807 nostrum
3606 1767 3767 1806 rewa-

2196 1840 2347 1895 diare
2399 1851 2683 1912 cogantur,
2736 1850 2791 1896 et
2854 1856 2949 1912 per
3006 1841 3354 1913 ﬁdejussores
3396 1842 3468 1896 ad
3522 1842 3770 1910 palatium

2195 1941 2438 1986 nostrum
2482 1934 2665 1987 venire
2687 1933 2980 2004 iubeantur
3009 1948 3029 1987 :
3049 1942 3103 1989 et
3131 1942 3258 1989 tunc
3287 1951 3397 1990 nos
3422 1937 3773 1989 decernamus

2195 2033 2380 2077 utrum
2428 2024 2582 2079 nobis
2633 2025 2861 2095 placeat.
2895 2034 2956 2080 ut
2985 2030 3077 2079 aut
3125 2024 3251 2079 illud
3304 2027 3553 2079 banuum
3584 2026 3775 2095 persol-

2197 2122 2346 2177 vant,
2372 2125 2464 2168 aut
2509 2115 2669 2170 aliam
2705 2115 3089 2170 barmiscarazn
3123 2118 3456 2172 sustineant.
3499 2137 3520 2169 ι
3558 2117 3623 2170 Ει
3669 2117 3774 2171 ideo

2199 2206 2526 2277 Sigiberlum
2571 2210 2893 2277 pranuonui,
2950 2209 3092 2278 quod
3162 2209 3281 2264 sine
3332 2223 3777 2263 meo-consensu

2194 2305 2373 2349 actum
2405 2306 2550 2361 erat,
2602 2296 2720 2352 sine
2770 2298 3091 2352 detrimento
3145 2299 3226 2353 sui
3268 2299 3590 2369 corrigeret.
3646 2298 3776 2365 Ergo

2195 2387 2479 2442 redeamus
2547 2388 2612 2442 ad
2675 2397 2893 2451 vestra,
2960 2391 3010 2443 in
3081 2389 3277 2458 quibus
3333 2397 3459 2458 post
3525 2389 3631 2442 alia
3691 2389 3776 2442 ad-

2193 2478 2320 2533 ditis
2365 2498 2377 2533 :
2428 2499 2445 2530 ι
2512 2480 2579 2533 Et
2632 2481 2674 2534 si
2737 2481 2985 2535 eumdem
3036 2481 3292 2536 clericum
3343 2482 3398 2535 in
3451 2479 3643 2535 eadem
3684 2479 3777 2533 Ec-

2193 2569 2355 2624 clesia
2388 2571 2467 2625 vis
2500 2571 2769 2635 ordinare,
2815 2574 2989 2626 scribe
3039 2572 3169 2625 mihi
3212 2572 3513 2627 secundum
3549 2587 3776 2633 morem,

2193 2670 2249 2715 et
2280 2676 2380 2731 ego
2418 2662 2490 2715 illi
2527 2661 2824 2716 libertatem
2856 2664 3275 2718 ecclesiasticam
3314 2663 3473 2718 dabo.
3510 2662 3568 2718 Si
3597 2674 3773 2716 autem

2194 2751 2306 2821 ipse
2333 2752 2584 2817 clericus,
2614 2754 2698 2807 cui
2731 2768 2826 2822 per
2850 2762 2992 2808 tanta
3024 2766 3266 2824 tempora
3295 2756 3466 2824 ipsam
3488 2755 3771 2810 ecclesiam

2192 2842 2245 2895 in
2276 2841 2647 2897 Follanebraio
2673 2845 2893 2908 habere,
2917 2853 2969 2898 et
2997 2846 3048 2899 in
3076 2861 3138 2899 ea
3166 2846 3417 2901 laborare
3437 2848 3773 2911 consensisti,

2192 2949 2296 2988 non
2342 2934 2536 3004 placet,
2567 2943 2622 2989 et
2664 2951 2760 3004 per
2805 2936 3101 3000 rationem,
3130 2946 3221 2990 aut
3260 2952 3358 3006 pro
3403 2937 3651 2997 crimine,
3684 2946 3774 2989 aut

2191 3039 2289 3093 pro
2318 3025 2702 3081 inducibilitate
2733 3025 2875 3079 illum
2907 3027 3179 3098 rejeceris,
3211 3044 3376 3097 quem
3405 3040 3593 3081 contra
3620 3043 3769 3097 regn-

2191 3112 2269 3167 Ias
2297 3112 2413 3168 sine
2443 3128 2559 3167 mea
2592 3113 2827 3178 licentia,
2860 3122 2915 3168 et
2943 3115 3059 3167 sine
3087 3131 3204 3169 mea
3236 3117 3488 3170 libertate
3518 3118 3767 3171 canonica

2188 3204 2473 3269 ordinasti,
2500 3203 2746 3269 ostende,
2779 3213 2837 3258 et
2863 3204 3089 3259 alterum
3117 3206 3479 3260 inveniemus.
3510 3226 3531 3259 ι
3558 3207 3636 3260 Ad
3657 3222 3773 3275 qua:

2189 3296 2422 3366 primum
2458 3297 2712 3367 perquiro
2752 3313 2849 3351 cur
2889 3313 2917 3351 a
2950 3306 3101 3351 tanto
3130 3307 3375 3367 tempore
3401 3298 3471 3352 de
3511 3314 3608 3352 sua
3646 3300 3768 3352 irre-

2191 3386 2363 3457 gulari
2410 3387 2753 3441 ordinatione
2799 3402 2904 3439 non
2951 3387 3299 3456 requisistis:
3335 3389 3402 3442 de
3441 3405 3566 3442 meo
3601 3402 3769 3441 an'etu

2193 3492 2298 3531 non
2318 3492 2583 3532 consensu
2605 3478 2717 3547 jam
2753 3479 3019 3547 respondi.
3047 3479 3155 3532 Sed
3180 3494 3297 3533 mea
3327 3480 3566 3543 inscitia,
3590 3479 3766 3538 fateor,

2194 3576 2427 3622 vestram
2470 3568 2524 3622 itt
2566 3568 2668 3622 hoc
2711 3568 2942 3622 tniratur
2986 3569 3333 3638 sapientiam,
3366 3570 3495 3624 dum
3539 3570 3769 3624 asseritis

2192 3659 2316 3729 quia
2363 3675 2485 3715 eum
2533 3669 2720 3714 contra
2762 3659 2973 3731 regulas
3026 3660 3310 3725 ordinari,
3354 3665 3501 3731 quod
3548 3661 3766 3716 nondum

2192 3750 2484 3819 probastis,
2505 3764 2571 3805 eo
2599 3750 2741 3819 quod
2771 3749 3103 3819 promittitis,
3141 3750 3186 3804 si
3216 3752 3473 3806 eumdem
3511 3753 3566 3806 in
3594 3753 3763 3807 eadem

2192 3840 2419 3895 ecclesia
2451 3840 2573 3895 volo
2610 3841 2893 3906 ordinare,
2927 3849 2983 3893 ut
3018 3840 3256 3895 scribam
3298 3843 3457 3897 vobis
3487 3844 3765 3899 secundum

2193 3947 2424 3997 morem,
2454 3941 2510 3986 et
2533 3948 2630 3987 vos
2657 3932 2729 3987 illi
2756 3932 3057 3988 libertatem
3095 3933 3531 3990 ecclesiasticam
3561 3936 3759 3990 dabitis.

2194 4022 2328 4077 Nam
2348 4022 2556 4079 diﬂlcile
2578 4034 2677 4086 est,
2699 4033 2755 4078 ιιι
2780 4024 3070 4094 apostolica
3098 4026 3313 4079 intonat
3335 4028 3490 4088 tuba,
3512 4038 3570 4081 ιιι
3592 4026 3767 4080 habeat

2193 4117 2391 4173 bonum
2454 4134 2767 4189 processum
2829 4121 2971 4188 quod
3043 4119 3233 4173 habuit
3289 4120 3493 4174 malum
3549 4121 3761 4175 initium.

2195 4209 2394 4264 Verum
2436 4210 2481 4263 si
2519 4209 2647 4263 illud
2692 4210 2846 4264 vobis
2889 4210 2939 4263 in
2989 4224 3074 4263 me
3111 4209 3356 4279 placeret
3385 4209 3765 4266 custodireSa-

2194 4299 2392 4370 pientis
2419 4317 2434 4356 :
2461 4298 2782 4371 Priusquam
2827 4301 3132 4370 interroges,
3182 4317 3246 4354 ne
3304 4302 3566 4372 rimperes
3608 4316 3764 4372 quan-

505 4381 639 4450 bus;
687 4385 769 4440 sin
816 4395 1016 4453 autem,
1067 4390 1210 4459 quod
1244 4393 1386 4447 ratio
1427 4401 1483 4446 et
1512 4396 1811 4451 auctoritas
1862 4398 2092 4453 dictaret
2120 4411 2169 4471 ι)
2194 4408 2373 4462 σηπίη,
2406 4392 2496 4445 ubi
2526 4407 2685 4447 nemo
2727 4391 3050 4457 excluditur.
3083 4393 3234 4461 prius
3260 4404 3390 4447 erat
3415 4393 3609 4449 modus
3638 4393 3764 4447 ordi-

506 4487 857 4543 exsequerer,
888 4477 1030 4545 quod
1078 4486 1135 4533 et
1181 4478 1307 4534 feci.
1362 4479 1468 4535 Sed
1513 4482 1759 4538 obtinere
1803 4485 1908 4541 hoc
1947 4487 2088 4557 apud

504 4565 758 4621 eumdem
813 4566 1198 4623 llaimeradum
1246 4570 1553 4627 nullatenus
1586 4574 1864 4643 przevalui,
1905 4574 1961 4631 et
2010 4576 2088 4631 ei-

506 4654 630 4710 dem
673 4655 961 4727 Sigeberto
993 4659 1047 4714 id
1081 4660 1257 4729 ipsum
1305 4661 1418 4730 jam
1467 4664 1629 4718 etiam
1675 4681 1772 4735 per
1799 4666 2087 4723 Lairadum

508 4743 783 4801 hominem
806 4762 965 4802 suum
1010 4751 1343 4805 remandavi.
1380 4751 1505 4807 llazc
1542 4764 1722 4808 autem
1772 4758 2091 4827 presbytero

508 4850 608 4890 suo
633 4837 702 4891 ad
727 4852 814 4893 me
852 4838 1020 4893 misso
1048 4850 1361 4911 computare
1384 4845 1744 4899 necessarium
1783 4862 1891 4900 non
1934 4847 2086 4902 duxi.

513 4923 620 4983 Sed
648 4935 708 4979 nt
741 4928 1005 4984 recoleret
1046 4946 1183 4999 quas
1226 4934 1464 4987 rationes
1506 4936 1645 5005 apml
1692 4952 1814 4991 eum
1856 4952 1923 4992 ex
1953 4939 2087 5005 hoc,

510 5013 764 5070 videlicet
795 5018 947 5081 istas,
975 5021 1254 5077 habuerim
1289 5026 1515 5079 removi.
1550 5027 1617 5081 Et
1641 5030 1783 5097 quod
1825 5040 1946 5100 post
1986 5032 2089 5087 hoc

512 5102 570 5159 in
600 5105 827 5173 synodo,
856 5106 996 5161 sicut
1021 5124 1163 5178 stepe
1195 5112 1425 5177 solebat,
1469 5116 1608 5170 idem
1646 5118 2001 5176 llaimeradus
2031 5138 2091 5177 se

513 5191 895 5242 reclamaverit
920 5199 1152 5242 nslmuli.
1194 5201 1246 5242 in
1283 5218 1389 5242 mm
1431 5204 1569 5242 ίιιιπη
1605 5209 1832 5242 ηιαηςηω.
1862 5213 2063 5242 ........:..:

2197 4482 2432 4538 nationis
2459 4483 2886 4553 cognoscendus,
2914 4493 2968 4539 et
2993 4485 3071 4539 sic
3094 4494 3188 4538 aut
3216 4485 3509 4540 ordinator
3531 4495 3617 4539 aut
3640 4484 3763 4539 ordi-

2198 4584 2356 4629 natus
2377 4574 2502 4644 jure
2522 4574 2844 4643 iudicandus
2863 4615 2878 4639 ,
2912 4584 3005 4629 aut
3031 4575 3250 4646 utrique
3276 4579 3549 4632 canonico
3575 4572 3761 4646 percel-

2196 4666 2338 4723 lendi
2365 4667 2625 4722 cauterio.
2660 4666 2800 4736 Ergo
2831 4666 3127 4736 capitulum
3147 4669 3293 4737 quod
3320 4684 3393 4723 ex
3419 4668 3759 4739 Augustorum

2197 4767 2504 4811 nostrorum
2543 4755 2680 4811 libro
2721 4756 2833 4827 (lib.
2874 4771 2922 4820 ι,
2951 4773 3066 4825 cap.
3096 4757 3222 4828 88),
3261 4759 3423 4827 quasi
3464 4768 3645 4812 contra
3671 4768 3761 4817 me.

2197 4850 2339 4917 quod
2369 4849 2482 4919 agit
2517 4863 2615 4919 pro
2643 4863 2760 4913 me,
2788 4849 3163 4904 detruncatum
3191 4850 3456 4917 posuistis
3474 4893 3489 4915 ,
3524 4852 3757 4917 integrum

2197 4945 2475 4999 resumite.
2503 4943 2581 4998 De
2624 4944 2953 4997 ordinatione
2987 4960 3273 4998 servorum.
3328 4962 3350 4994 ι
3390 4945 3471 4998 De
3511 4952 3757 4997 servom:

2194 5036 2556 5100 ordinatione,
2591 5034 2684 5105 qui
2721 5035 2920 5102 passim
2955 5036 3020 5088 ad
3048 5034 3249 5104 gradus
3277 5033 3674 5089 ecclesiasticos
3697 5031 3751 5081 ir

2197 5127 2428 5182 discrete
2454 5127 2929 5196 promovebantur,
2958 5124 3159 5194 placuit
3176 5125 3441 5178 omnibus
3464 5140 3586 5178 cum
3616 5124 3754 5175 sacris

2200 5219 2490 5242 --.ιιι-ει.---
2908 5216 3100 5242 ᾸΛΙιΑιιΛ
3167 5215 3232 5242 Do
3283 5223 3553 5242 ..οΑι..ο..υ-.ι
3596 5221 3666 5242 Δρ.
3706 5214 3753 5242 ηΙ
