3904 5304
84 243 204 298 989

1276 253 1642 312 OPUSCITLA
1682 256 1770 310 ΕΤ
1811 258 2190 318 ΕΡΙΞΤΟιιᾸῗ.

3253 273 3360 330 990

79 355 227 412 libet
255 357 551 417 calliditate
576 358 660 416 vel
704 362 892 418 fraude
911 405 925 430 ,
951 366 1018 419 ad
1060 367 1256 433 gradus
1282 367 1675 422 ecclesiasticos
1705 372 1751 429 Α
1780 385 1969 440 scapos
1998 388 2091 441 per
2118 376 2394 431 universas
2432 379 2734 447 provincias
2774 380 3095 438 constitutos
3113 423 3127 446 ,
3154 397 3355 453 passum

81 452 426 518 pervenerit,
455 453 724 509 decretum
770 464 855 510 est
902 464 959 509 ut
1001 458 1322 527 deponatur,
1347 468 1401 513 et
1429 459 1691 513 dominus

78 537 207 603 ejus
234 554 363 597 eum
412 544 654 612 recipiat.
702 544 760 600 Si
806 561 933 602 vero
960 562 1092 602 avus
1128 558 1219 602 aut
1256 559 1429 620 pater,
1472 550 1541 605 ab
1569 550 1673 604 alia

79 633 269 699 patria
308 634 361 688 in
391 636 549 690 aliam
581 640 838 708 migrans,
877 643 927 695 in
957 645 1144 697 eadem
1189 647 1461 715 provincia
1508 646 1674 700 lilium

77 724 366 787 genuerit,
390 735 444 779 et
472 729 583 796 ipse
612 731 755 785 titius
782 732 979 787 ibidem
1002 735 1283 801 educatus,
1304 745 1358 790 et
1386 738 1452 791 ad
1480 739 1678 808 gradus

77 810 494 869 ecclesiasticos
533 828 810 884 promotus
838 820 1033 887 fuerit,
1081 833 1135 878 et
1163 832 1343 879 utrum
1388 841 1574 879 serius
1606 827 1678 880 sit

77 898 431 969 ignoralunr
456 906 650 969 fuerit.
691 918 747 963 ει
792 922 974 980 postea
1008 915 1229 969 veniens
1258 915 1507 969 dominus
1534 915 1678 970 illius

78 988 308 1058 legibus
337 1008 458 1048 eum
485 999 798 1066 acquisierit
817 1041 832 1065 ,
861 1002 1125 1056 sancitum
1150 1015 1230 1058 est
1265 1014 1322 1058 ut
1351 1006 1394 1059 si
1426 1006 1677 1059 dominus

77 1084 208 1148 eius
238 1084 315 1138 illi
344 1086 648 1144 libertatem
680 1091 810 1146 dare
840 1093 1099 1158 voluerit,
1131 1095 1183 1148 in
1224 1097 1392 1166 gradu
1425 1112 1525 1151 suo
1555 1113 1675 1167 per-

77 1188 333 1231 maneat.
364 1177 421 1233 Si
449 1195 578 1235 vero
597 1196 718 1236 eum
740 1192 928 1238 catena
954 1186 1228 1239 servitutis
1248 1202 1277 1239 a
1298 1189 1495 1242 castris
1513 1188 1680 1241 domi-

77 1262 230 1320 nicis
262 1272 555 1326 extrahere
584 1274 833 1340 voluerit,
856 1276 1079 1344 gradum
1109 1278 1344 1343 amittat,
1374 1280 1498 1348 quia
1523 1277 1674 1347 juxta

79 1373 282 1414 sacros
310 1362 526 1419 ordines
547 1366 666 1420 vilis
686 1382 913 1436 persona
948 1384 1170 1424 manens
1195 1371 1481 1425 sacerdotii
1505 1372 1678 1441 digni-

80 1458 200 1504 tate
234 1452 384 1524 fungi
412 1470 515 1510 nou
542 1466 737 1526 potest.
772 1459 847 1513 De
880 1460 1040 1516 rebus
1068 1477 1199 1517 vero
1228 1462 1441 1518 illorum
1469 1463 1551 1518 vel
1579 1479 1675 1534 pe-

77 1543 312 1606 culiari,
342 1547 467 1615 quia
494 1563 525 1602 a
563 1550 795 1620 propriis
836 1551 1069 1607 dominis
1105 1553 1357 1608 libertate
1386 1555 1675 1620 donantur,

81 1640 143 1684 ut
201 1636 275 1687 ad
320 1636 520 1705 gradus
583 1639 979 1696 ecclesiasticos
1036 1642 1159 1713 jure
1221 1652 1673 1712 promoveantur,

76 1731 355 1777 smtntum
379 1734 463 1780 est
502 1736 560 1781 ut
611 1728 664 1781 in
713 1741 977 1798 potestate
1010 1734 1350 1790 dominorum
1388 1735 1669 1800 consistat,
1708 1719 1748 1776 Β

78 1824 280 1868 utrum
325 1816 429 1871 illis
471 1821 768 1877 concedere
813 1842 880 1880 an
927 1827 1027 1881 sibi
1070 1827 1345 1883 vindicare
1384 1826 1670 1882 voluerint.

76 1904 361 1960 Caeterum
390 1909 432 1962 si
466 1918 584 1977 post
620 1913 1015 1971 ordinationem
1053 1915 1255 1985 aliquid
1298 1917 1671 1986 acquisierint,

79 1994 225 2052 illud
255 1997 572 2057 observetur
610 2005 752 2074 quod
802 2007 856 2060 in
902 2006 1307 2061 canonihusde
1347 2008 1675 2062 consecratis

78 2089 233 2144 titiil
283 2090 604 2149 habentibus
650 2096 1000 2151 constitutum
1046 2105 1150 2153 εει.
1200 2098 1277 2153 De
1324 2098 1674 2153 ecclesiarum

81 2193 227 2233 vero
275 2182 484 2248 servis,
543 2187 814 2241 communi
857 2189 1123 2243 sententia
1173 2188 1451 2243 decretum
1495 2196 1676 2244 estut

81 2270 488 2343 archiepiscopi
527 2289 623 2342 per
651 2275 890 2346 singulas
919 2278 1223 2347 provincias
1263 2278 1540 2332 constituti
1576 2292 1676 2332 no-

82 2371 270 2415 stram
297 2366 696 2430 auctoritatem,
724 2366 1046 2438 snil‘raganei
1085 2383 1213 2423 vero
1242 2369 1454 2422 illorum
1490 2383 1677 2423 exem-

79 2453 218 2523 plar
264 2453 406 2510 illius
434 2470 596 2525 penes
637 2473 694 2511 se
735 2458 1000 2521 habeant,
1051 2469 1104 2513 et
1143 2462 1574 2529 quandocunque
1609 2460 1678 2515 de

82 2544 307 2598 familia
354 2547 595 2601 ecclesia:
625 2547 771 2600 utilis
824 2549 1073 2603 inventus
1125 2549 1321 2618 aliquis
1346 2549 1678 2605 ordinandus

83 2639 206 2701 est,
235 2632 288 2686 in
317 2634 544 2689 amboue
566 2636 675 2705 ipsa
705 2638 999 2692 auctoritas
1021 2653 1202 2692 coram
1227 2638 1419 2708 populo
1448 2638 1675 2706 legatur,

84 2731 152 2775 et
175 2711 363 2777 coram
393 2725 763 2780 sacerdotibus
791 2727 874 2781 vel
901 2727 1144 2781 fidelibus
1173 2727 1327 2796 laicis
1357 2737 1482 2782 ante
1508 2742 1678 2783 cornu

88 2815 313 2882 altaris,
352 2817 493 2872 sicut
539 2819 591 2872 in
638 2829 822 2873 nostra
865 2820 1186 2874 auctoritate
1217 2821 1544 2885 continetur,
1593 2835 1679 2874 re-

90 2920 250 2960 mota
280 2907 517 2976 qualibet
538 2909 830 2964 calliditate
851 2910 1148 2965 libertatein
1173 2920 1594 2981 consequantur,
1625 2919 1682 2966 ει

91 3004 216 3050 tum
249 2998 461 3052 demum
491 2998 557 3053 ad
584 3000 781 3071 gradus
807 3001 1201 3057 ecclesiasticos
1238 3010 1675 3071 promoveantur.

1781 463 1848 515 ad
1893 465 2134 520 ordinem
2179 483 2416 531 sacrum,
2461 470 2655 539 quibus
2696 472 2838 525 nulla
2882 473 3173 539 natalium,
3213 479 3356 532 nulla

1781 569 1990 609 mormn
2039 558 2270 628 dignitas
2315 560 2658 630 sntit-agatur,
2684 572 2738 617 ει
2772 566 2861 633 qui
2900 580 2930 618 a
2974 566 3205 622 dominis
3244 571 3356 623 suis

1779 647 2078 703 libertatem
2110 655 2363 721 Consequi
2392 656 2610 708 minime
2641 667 2951 726 potuerunt,
2984 662 3051 713 ad
3081 660 3350 731 fastigium

1777 739 2099 806 sacerdotii,
2141 750 2302 811 tanqu
2325 759 2392 796 xm
2442 745 2651 800 servilis
2694 746 2869 801 vilitas
2912 749 3053 803 hunc
3096 750 3353 806 honorem

1777 831 1953 900 capiat
1984 833 2371 902 provehuntur,
2408 843 2464 889 et
2503 836 2715 904 probari
2762 838 2871 892 Deo
2913 853 3071 907 posse
3096 841 3352 906 creditur,
3397 830 3410 842 ’

1777 921 1866 990 qui
1897 922 2113 976 domino
2153 938 2251 978 suo
2295 926 2523 979 necdmn
2569 927 2797 994 probare
2837 943 2895 982 se
2929 930 3117 999 potuit.
3150 930 3352 999 Duplex

1777 1011 1960 1080 itaque
1989 1012 2038 1065 in
2069 1013 2168 1068 hac
2199 1021 2351 1083 parte
2380 1023 2557 1068 reatus
2582 1024 2684 1076 est,
2707 1017 2849 1085 quod
2880 1026 2935 1070 et
2955 1033 3168 1073 sacrum
3197 1021 3355 1074 mini-

1777 1086 1999 1155 sterium
2039 1102 2158 1155 talis
2191 1105 2446 1158 consortii
2480 1105 2683 1160 vilitate
2710 1106 2985 1175 polluitur,
3017 1117 3072 1162 et
3109 1108 3355 1162 domino-

1779 1202 2213 1261 rum,quantuut
2256 1194 2321 1247 ad
2353 1193 2550 1249 illicita:
2592 1197 2954 1265 usurpationis
2998 1199 3351 1252 temeritatem

1775 1283 2031 1351 pertinet,
2055 1282 2175 1351 jura
2207 1285 2505 1339 solvuntur.
2534 1286 2616 1341 Ah
2648 1288 2732 1340 his
2763 1289 2962 1358 itaque,
2995 1287 3196 1343 fratres
3226 1290 3354 1343 cha-

1778 1373 2002 1438 rissimi,
2032 1389 2220 1429 omnes
2248 1385 2444 1430 vestra:
2491 1379 2781 1446 provinciae
2822 1379 3129 1434 abstineant
3171 1395 3357 1433 sacer-

1777 1464 1929 1518 dotes
1960 1484 1971 1519 :
1997 1474 2054 1520 et
2093 1482 2198 1519 non
2230 1475 2434 1521 tantum
2479 1468 2548 1523 ab
2591 1469 2705 1530 his,
2735 1470 2829 1525 sed
2858 1479 2912 1523 et
2940 1471 3007 1524 ab
3035 1470 3156 1525 aliis
3190 1471 3359 1525 etiam

1777 1555 1866 1623 qui
1893 1556 2135 1626 originali
2166 1556 2321 1610 alicui
2350 1558 2642 1629 conditioni
2668 1559 2888 1630 obligati
2922 1570 3070 1624 sunt,
3105 1559 3355 1613 volumus

1781 1646 2092 1715 temperari,
2121 1648 2221 1701 nisi
2255 1649 2393 1701 forte
2432 1664 2616 1703 cormn
2650 1651 2839 1719 petitio
2865 1660 2959 1704 aut
2992 1651 3239 1705 voluntas
3265 1666 3355 1705 ac-

1777 1737 2023 1802 cesserit,
2047 1738 2136 1806 qui
2163 1737 2362 1807 aliquid
2399 1739 2498 1793 sibi
2547 1740 2599 1792 in
2630 1755 2724 1794 eos
2750 1740 3024 1794 vindicant
3049 1739 3351 1808 potestatis.

1776 1826 1946 1882 Debet
1975 1827 2117 1883 enim
2147 1843 2267 1883 esse
2293 1829 2545 1883 inunnnis
2564 1828 2632 1882 ab
2657 1830 2797 1892 aliis,
2821 1829 2911 1898 qui
2933 1829 3128 1882 divinat
3150 1828 3356 1882 militiae

1777 1913 1936 1970 fuerit
1968 1917 2368 1988 aggregandus,
2408 1926 2468 1971 ut
2508 1933 2537 1971 a
2579 1918 2776 1972 castris
2805 1917 3133 1983 Dominicis,
3162 1917 3355 1985 quibus

1777 2021 1972 2060 nomen
2005 2006 2121 2073 ejus
2163 2006 2484 2068 ascribitur,
2532 2007 2692 2060 nullis
2742 2007 3082 2062 necessitatis
3128 2005 3356 2060 vinculis

1777 2097 2138 2151 abstrahatur.
2168 2117 2187 2148 ›
2221 2098 2285 2151 Ει
2314 2098 2467 2166 quasi
2496 2098 2612 2152 ha‘c
2644 2099 2695 2151 in
2736 2112 2823 2151 me
2864 2097 3210 2166 exponendo,
3242 2098 3355 2150 haec

1777 2190 2052 2259 sequentia
2094 2189 2405 2249 subiufertis
2439 2206 2451 2242 :
2482 2208 2500 2240 ‹
2539 2191 2602 2243 Ει
2635 2199 2753 2259 post
2794 2189 3065 2244 decretam
3094 2188 3353 2254 natalium

1777 2281 2135 2344 honestatem,
2165 2297 2345 2335 mores
2373 2282 2792 2335 ordinandorum
2840 2281 3179 2345 describens,
3214 2281 3355 2335 hanc

1777 2370 2176 2425 conclusionem
2213 2370 2484 2439 suhjungit
2527 2369 2684 2440 (Leo,
2725 2370 2912 2424 ibidem
2943 2370 2995 2423 iu
3030 2370 3163 2439 line)
3192 2385 3206 2423 :
3242 2369 3356 2425 iioc

1779 2459 1960 2529 itaque
2006 2461 2297 2514 admonitio
2344 2468 2527 2513 nostra
2575 2460 2886 2518 denuntiat.
2937 2461 3079 2530 quod
3130 2461 3176 2515 si
3231 2461 3355 2529 quis

1777 2549 2003 2604 fratrmn
2048 2558 2232 2603 contra
2263 2550 2377 2604 haec
2411 2550 2699 2604 constituta
2742 2549 2928 2604 venire
2958 2550 3262 2613 tentaverit,
3299 2559 3357 2603 et

1778 2643 2046 2711 prohibita
2093 2641 2253 2695 fuerit
2300 2656 2464 2696 ausus
2513 2640 2825 2705 admittere,
2865 2655 2896 2693 a
2923 2656 3021 2695 suo
3058 2656 3116 2694 se
3148 2640 3356 2694 noverit

1778 2729 1953 2785 officio
1980 2731 2426 2794 submovendum,
2454 2745 2552 2784 nec
2573 2731 2966 2785 communionis
2994 2740 3191 2785 nostra:
3214 2729 3357 2783 futu-

1779 2836 1897 2875 rum
1931 2835 2051 2875 esse
2078 2829 2419 2880 consortem.
2464 2820 2554 2888 qui
2601 2821 2779 2876 socius
2820 2837 2941 2877 esse
2987 2821 3156 2875 noluit
3197 2823 3356 2876 disci-

1777 2911 1954 2982 plinm.
1994 2931 2011 2961 ι
2037 2912 2213 2980 Atque
2248 2910 2573 2980 adjungitis:
2605 2929 2622 2961 ι
2659 2910 2948 2966 Sciendum
2989 2927 3118 2966 vero
3159 2920 3243 2965 est
3272 2913 3358 2966 hic

1779 3023 1885 3061 non
1912 3022 2108 3061 vacare
2138 3021 2168 3060 a
2196 3005 2521 3059 discretione
2549 3013 2603 3059 et
2632 3005 2855 3058 rationis
2884 3005 3215 3073 specialitate
3245 3006 3358 3057 Iure

94 3088 368 3143 Similiter
389 3106 601 3161 quoque
628 3092 694 3146 de
728 3093 813 3147 his
842 3091 1104 3162 agendum
1131 3102 1215 3148 est
1241 3109 1377 3162 quos
1404 3095 1675 3163 praepositi
1704 3093 1749 3154 C
1781 3112 2072 3166 pronomen
2098 3094 2321 3164 pluralis
2351 3096 2556 3150 numeri
2589 3113 2602 3148 :
2633 3114 2650 3147 ι
2683 3094 2739 3150 Si
2765 3096 2885 3165 quis
2915 3095 3141 3151 fratrum
3167 3106 3358 3150 contra

90 3181 486 3237 cauonicornm
518 3193 610 3238 aut
640 3185 1021 3239 monachorum
1047 3186 1373 3242 ordinandos
1408 3186 1681 3255 expetive-

92 3273 237 3337 rint,
263 3274 450 3328 eadem
481 3274 652 3330 forma
694 3277 957 3330 servanda
996 3285 1098 3332 est.
1128 3296 1147 3330 ι
1181 3276 1349 3346 Hujus
1379 3286 1557 3333 autem
1590 3293 1680 3332 ca-

94 3363 261 3433 pituli
308 3373 493 3419 tenore
532 3374 833 3435 perspecto,
865 3382 1185 3437 responsum
1239 3369 1304 3423 de
1340 3368 1680 3424 ordinatione

95 3453 290 3508 clerici
318 3457 478 3509 vestri
510 3471 707 3521 meum,
740 3457 786 3510 si
816 3472 846 3510 a
874 3472 959 3512 me
988 3457 1190 3513 factum
1217 3466 1319 3522 est,
1355 3467 1592 3529 tempore
1622 3465 1678 3529 et

96 3543 227 3598 loco
256 3560 374 3599 cum
405 3560 642 3615 congruo
684 3556 812 3599 tunc
839 3547 1097 3601 canonico
1125 3556 1468 3617 exspectate,
1501 3557 1553 3601 et
1598 3546 1678 3601 in-

99 3645 258 3690 terea
300 3637 365 3691 de
404 3652 521 3691 mea
553 3636 836 3708 irrcgulari
878 3639 1213 3693 ordinatione
1250 3638 1494 3709 judicare
1540 3639 1680 3693 desi-

98 3727 253 3788 stite,
281 3727 533 3795 quoniam
564 3733 849 3781 accusator
892 3726 1050 3781 simul
1079 3736 1132 3782 et
1172 3726 1335 3795 judex
1370 3743 1476 3782 non
1503 3727 1676 3783 eritis.
1723 3710 1735 3725 ’

96 3814 383 3872 Advertite
406 3815 756 3870 nihilominus
794 3815 848 3870 in
894 3814 995 3870 hoc
1022 3816 1151 3885 quid
1178 3816 1278 3885 ipsi
1313 3818 1388 3876 de
1416 3816 1679 3886 posterio-

98 3905 259 3964 ribus
288 3906 522 3960 scribitis
562 3905 888 3965 canonibus,
920 3912 979 3959 ut
1006 3904 1184 3959 nullus
1220 3905 1504 3961 servilibus
1534 3904 1680 3961 colo-

100 3997 380 4066 uariisque
408 3996 804 4052 conditionibus
828 3994 1094 4066 obligatus
1117 3998 1271 4067 juxta
1298 4005 1497 4051 statuta
1536 3998 1679 4054 sedis‘

100 4090 412 4160 apostolica:
437 4091 503 4144 ad
531 4091 760 4146 honores
787 4090 1183 4146 ecclesiasticos
1212 4090 1550 4154 admittatur,
1575 4090 1677 4145 nisi

100 4181 258 4253 prius
279 4190 369 4236 aut
406 4190 756 4247 testamento,
790 4191 884 4236 aut
926 4196 1022 4251 per
1047 4181 1255 4236 tabulas
1277 4195 1402 4239 enm
1441 4178 1679 4252 legitime

102 4274 411 4329 constiterit
454 4272 779 4328 absolutum.
828 4272 957 4340 Quae
1003 4273 1046 4327 si
1093 4274 1213 4343 quis
1263 4272 1676 4342 episcoporum,

98 4367 225 4437 ejus
262 4366 353 4435 qui
398 4364 679 4419 ordinatur
719 4364 1083 4419 conditionem
1129 4364 1327 4427 sciens,
1375 4363 1673 4433 transgredi

100 4471 197 4535 per
237 4455 628 4511 ordinationem
663 4453 945 4510 inhibitam
991 4453 1221 4508 fortasse
1249 4452 1508 4516 voluerit,
1550 4453 1676 4509 anui

102 4550 277 4621 spatio
302 4549 495 4604 missas
520 4547 696 4603 facere
713 4562 819 4601 non
843 4555 1147 4616 praesumat.
1173 4545 1249 4601 De
1270 4545 1492 4600 scicntia
1519 4545 1676 4615 hujus

100 4642 284 4698 clerici
313 4637 654 4702 conditionis,
683 4646 739 4691 et
781 4637 847 4692 de
890 4636 1315 4706 transgressione
1340 4650 1436 4705 per
1460 4634 1677 4689 ordina-

103 4735 303 4788 tionem
328 4729 610 4786 inhibitam
631 4735 774 4797 patet
793 4726 935 4796 quod
954 4726 1335 4780 decerneretur
1358 4744 1369 4779 :
1390 4742 1509 4796 qua:
1528 4724 1678 4793 prius

101 4826 150 4881 si
184 4822 353 4894 placet
380 4817 698 4890 opponenda
721 4825 826 4880 est,
853 4822 908 4869 et
931 4824 1021 4868 aut
1045 4815 1292 4869 confesso
1319 4824 1403 4868 aut
1435 4812 1678 4870 convicto

103 4913 482 4973 inculcandum
522 4909 628 4964 erit
659 4907 952 4974 judicium,
985 4907 1128 4976 quod
1167 4904 1278 4974 jam
1320 4906 1443 4963 licet
1485 4907 1552 4961 de
1592 4918 1678 4957 me

104 5024 211 5062 non
239 5004 488 5061 convicto
513 5013 617 5053 nec
630 4996 913 5059 aconi'esso,
940 4996 1140 5066 absque
1170 4995 1272 5048 ulla
1307 4998 1535 5068 synodo,
1563 4993 1681 5049 sine

100 5101 208 5156 ulla
250 5093 556 5167 hujusmodi
589 5088 1041 5159 intei'rogatione,
1073 5096 1167 5143 aut
1191 5091 1559 5161 rcquisitione,
1590 5092 1683 5139 aut

101 5189 348 5260 praesenti
391 5179 849 5251 interpellatione,
881 5176 1113 5232 cilicium
1149 5185 1477 5238 accusatoris
1520 5174 1679 5233 simul

138 5293 150 5304 .
199 5279 383 5304 :...l:..:..
474 5283 588 5304 Inm
632 5269 699 5304 (In
742 5269 962 5304 ulnae-nia
1008 5284 1166 5304 ηιιηηι
1216 5270 1421 5304 Iahon-1|:
1475 5268 1680 5304 ann-inin

1786 3205 1805 3238 ι
1838 3186 1948 3238 Iure
1972 3186 2263 3240 constituta
2296 3185 2478 3239 venire
2505 3186 2810 3249 tcntavcrit,
2841 3205 2860 3236 ι
2889 3194 2943 3240 ει
2964 3186 3164 3254 reliqua
3191 3200 3360 3255 usque

1780 3275 1907 3329 dttm
1960 3274 2381 3363 prosequimiui,
2429 3290 2448 3324 ι
2497 3282 2804 3342 repetamus
2860 3273 3137 3341 superiora
3197 3272 3358 3341 hujus

1780 3362 2037 3436 epistola).
2087 3384 2106 3416 ι
2157 3364 2361 3418 Scitote
2408 3379 2507 3418 nec
2550 3363 2691 3417 istud
2739 3364 2836 3416 hoc
2881 3362 3178 3431 singulare,
3214 3362 3359 3431 quod

1779 3458 2014 3529 pertinet
2035 3455 2100 3510 ad
2124 3469 2332 3518 omnes,
2362 3470 2392 3509 a
2419 3455 2578 3509 beato
2608 3470 2741 3523 papa
2772 3454 2949 3508 Leone
2976 3454 3227 3522 positum,
3259 3468 3358 3508 nec

1780 3548 1879 3602 ista
1909 3547 2019 3600 Iurc
2043 3543 2402 3614 pronominis,
2439 3558 2556 3612 qua:
2589 3543 2873 3613 respiciunt
2907 3542 2973 3596 ad
3003 3556 3358 3610 unumquem-

1780 3651 1917 3706 que,
1963 3650 2083 3704 quae
2127 3635 2209 3688 vel
2252 3634 2501 3703 superius
2546 3633 2613 3689 de
2653 3632 2890 3700 ejusdem
2938 3631 3154 3686 statutis
3206 3647 3359 3701 papre

1779 3724 2165 3795 pracposuistis,
2199 3734 2293 3777 aut
2322 3724 2545 3778 inferius
2571 3723 2921 3793 subjungitis,
2953 3730 3006 3775 ει
3031 3721 3170 3774 sicut
3198 3721 3359 3774 vultis

1780 3817 2066 3885 exponitis,
2102 3816 2153 3870 in
2180 3816 2280 3870 hac
2302 3816 2367 3870 de
2393 3831 2496 3884 qua
2524 3815 2682 3886 agitis
2704 3812 2921 3884 querela
2945 3813 3197 3883 quiddam
3226 3811 3359 3865 mihi

1779 3909 2028 3974 obviare;
2059 3907 2183 3977 quia
2208 3921 2306 3961 nec
2353 3906 2590 3975 intelligo
2619 3921 2714 3960 nec
2736 3904 2969 3958 intellexi
2998 3903 3359 3957 admittendos

1780 4001 1849 4056 ad
1873 4001 2089 4055 ordines
2129 4014 2313 4054 sacros
2358 3998 2601 4052 servituti
2649 3996 2933 4060 obnoxios,
2965 3996 3066 4050 nisi
3111 3994 3359 4049 libertate

1780 4093 2116 4148 dominorum
2167 4104 2387 4144 suorum
2434 4087 2688 4156 donatos,
2745 4102 2920 4156 neque
2970 4087 3217 4141 inventos
3264 4092 3360 4138 aut

1779 4183 2020 4238 delectos
2054 4184 2233 4235 statuo
2271 4178 2601 4242 retinendos,
2631 4193 2801 4246 neque
2831 4177 2895 4229 ad
2930 4177 3028 4231 hos
3052 4178 3249 4247 gradus
3278 4176 3359 4229 vi-

1780 4273 2007 4344 duarum
2033 4271 2404 4339 maritostaut
2445 4268 2638 4337 quibus
2684 4282 2968 4321 numerosa
3001 4265 3201 4320 fuerint
3228 4280 3357 4319 con-

1773 4364 1947 4436 jugia,
1979 4363 2086 4417 ullo
2133 4371 2290 4432 pacto
2334 4361 2616 4431 acquiesco
2654 4359 2737 4412 vel
2780 4358 3026 4428 acquievi
3062 4358 3362 4428 suscipien-

1781 4458 1916 4513 dos:
1950 4468 2123 4523 neque
2161 4452 2377 4521 aliquod
2414 4450 2584 4520 turpis
2624 4449 2758 4504 lucri
2792 4447 2970 4512 fenus,
2999 4455 3092 4502 aut
3138 4463 3236 4502 suo
3266 4458 3359 4502 ant

1781 4549 1960 4617 aliquo
2009 4546 2225 4600 nomine
2284 4543 2518 4614 aliquem
2576 4538 2897 4594 clericorum
2954 4539 3170 4606 impune
3220 4538 3362 4592 duco
3402 4561 3423 4580 ο

1781 4647 2156 4702 exercentem;
2204 4644 2257 4690 et
2303 4635 2424 4690 ideo
2452 4641 2506 4689 et
2547 4631 2675 4685 illud
2705 4631 2835 4697 hoc,
2862 4641 2917 4685 et
2947 4632 3048 4685 ista
3078 4629 3205 4692 hinc,
3237 4644 3364 4685 cum

1782 4729 2003 4800 reliquis
2024 4744 2144 4798 qua:
2166 4724 2439 4797 prohibita
2466 4730 2591 4779 sunt
2610 4735 2884 4777 exsecror.
2910 4722 3016 4778 Sed
3042 4729 3119 4784 et,
3144 4720 3188 4774 si
3212 4719 3374 4784 libet,

1782 4821 1936 4889 prius
1962 4818 2192 4875 cilicium
2220 4812 2560 4873 accusatoris
2576 4809 2858 4878 judiciario
2877 4812 3067 4867 ordine
3089 4808 3368 4869 assumite,

1783 4920 1839 4966 et
1868 4909 2126 4967 canonice
2158 4903 2289 4958 illud
2347 4899 2704 4974 exsequiutiui
2722 4940 2741 4966 ,
2785 4911 2842 4958 et
2871 4899 3129 4959 canonice
3155 4904 3382 4964 paratus

1783 5013 1883 5057 cro
1919 4998 2227 5059 ostendere,
2260 4999 2509 5064 qualiter
2531 4996 2718 5045 contra
2748 5007 2838 5049 me
2857 4994 2961 5050 ista
2984 5003 3092 5045 non
3119 4982 3389 5053 εοὲιισεω

1786 5098 2098 5161 pertinere:
2139 5096 2195 5143 et
2241 5094 2493 5157 qualiter
2526 5097 2590 5137 ea
2629 5080 2931 5157 intelligam
2976 5091 3033 5137 et
3058 5072 3389 5143 amplectar.

1787 5199 2015 5257 paratus
2043 5198 2136 5241 ero
2166 5180 2408 5242 verbum
2440 5195 2512 5237 ex
2558 5170 2723 5227 verbo
2768 5192 2942 5250 usque
2969 5172 3037 5233 ad
3065 5169 3172 5222 iota
3210 5179 3398 5227 unum,

1787 5288 1850 5304 ι...
1909 5278 2027 5304 εμπ
2078 5268 2403 5304 summm..-
2444 5279 2572 5304 mm
2612 5259 2679 5304 ah
2726 5269 2921 5304 and“...
2974 5273 3116 5304 mina
3162 5261 3406 5304 contexta
