  <div class='ocr_page' id='page_1' title='image "/cluster/home/n/w/nwhite01/storage/ocr_20150623/124/hvd.32044011218096/501.png"; bbox 0 0 3904 5304; ppageno 0'>
   <div class='ocr_carea' id='block_1_1' title="bbox 504 278 604 337">
    <p class='ocr_par' dir='ltr' id='par_1_1' title="bbox 504 278 604 337">
     <span class='ocr_line' id='line_1_1' title="bbox 504 278 604 337; baseline -0.04 0"><span class='ocrx_word' id='word_1_1' title='bbox 504 278 604 337; x_wconf 76' lang='grc'><strong>991</strong></span> 
     </span>
    </p>
   </div>
   <div class='ocr_carea' id='block_1_2' title="bbox 1534 268 2747 330">
    <p class='ocr_par' dir='ltr' id='par_1_2' title="bbox 1534 268 2747 330">
     <span class='ocr_line' id='line_1_2' title="bbox 1534 268 2747 330; baseline 0 -2"><span class='ocrx_word' id='word_1_2' title='bbox 1534 269 1863 329; x_wconf 80' lang='lat' dir='ltr'><strong>lllNCMARl</strong></span> <span class='ocrx_word' id='word_1_3' title='bbox 1901 268 2191 327; x_wconf 74' lang='lat' dir='ltr'><strong>LAUDUN</strong></span> <span class='ocrx_word' id='word_1_4' title='bbox 2208 268 2403 327; x_wconf 82' lang='lat' dir='ltr'><strong>ENSIS</strong></span> <span class='ocrx_word' id='word_1_5' title='bbox 2438 268 2747 330; x_wconf 75' lang='lat' dir='ltr'><strong>EPlSCOPl</strong></span> 
     </span>
    </p>
   </div>
   <div class='ocr_carea' id='block_1_3' title="bbox 3686 277 3787 333">
    <p class='ocr_par' dir='ltr' id='par_1_3' title="bbox 3686 277 3787 333">
     <span class='ocr_line' id='line_1_3' title="bbox 3686 277 3787 333; baseline 0 0"><span class='ocrx_word' id='word_1_6' title='bbox 3686 277 3787 333; x_wconf 67' lang='lat'><strong>99!</strong></span> 
     </span>
    </p>
   </div>
   <div class='ocr_carea' id='block_1_4' title="bbox 505 384 3788 464">
    <p class='ocr_par' dir='ltr' id='par_1_4' title="bbox 505 384 3788 464">
     <span class='ocr_line' id='line_1_4' title="bbox 505 384 3788 464; baseline -0.001 -13"><span class='ocrx_word' id='word_1_7' title='bbox 505 409 616 459; x_wconf 88' lang='lat' dir='ltr'><strong>tur,</strong></span> <span class='ocrx_word' id='word_1_8' title='bbox 645 407 767 449; x_wconf 92' lang='lat' dir='ltr'><strong>cum</strong></span> <span class='ocrx_word' id='word_1_9' title='bbox 794 404 892 464; x_wconf 89' lang='lat' dir='ltr'><strong>per</strong></span> <span class='ocrx_word' id='word_1_10' title='bbox 916 390 1122 463; x_wconf 77' lang='lat' dir='ltr'><strong>singula</strong></span> <span class='ocrx_word' id='word_1_11' title='bbox 1147 389 1215 447; x_wconf 88' lang='lat' dir='ltr'><strong>de</strong></span> <span class='ocrx_word' id='word_1_12' title='bbox 1242 388 1455 446; x_wconf 64' lang='lat' dir='ltr'><strong>ueteris</strong></span> <span class='ocrx_word' id='word_1_13' title='bbox 1477 389 1747 455; x_wconf 90' lang='lat' dir='ltr'><strong>omnibus,</strong></span> <span class='ocrx_word' id='word_1_14' title='bbox 1780 397 1909 444; x_wconf 91' lang='lat' dir='ltr'><strong>tunc</strong></span> <span class='ocrx_word' id='word_1_15' title='bbox 1933 398 1987 444; x_wconf 92' lang='lat' dir='ltr'><strong>et</strong></span> <span class='ocrx_word' id='word_1_16' title='bbox 2016 389 2084 443; x_wconf 88' lang='lat' dir='ltr'><strong>de</strong></span> <span class='ocrx_word' id='word_1_17' title='bbox 2113 384 2158 441; x_wconf 83' lang='lat' dir='ltr'><strong>A</strong></span> <span class='ocrx_word' id='word_1_18' title='bbox 2186 384 2393 455; x_wconf 73' lang='lat' dir='ltr'><strong>gignit?</strong></span> <span class='ocrx_word' id='word_1_19' title='bbox 2421 384 2491 441; x_wconf 83' lang='lat' dir='ltr'><strong>Ut</strong></span> <span class='ocrx_word' id='word_1_20' title='bbox 2521 397 2704 443; x_wconf 89' lang='lat' dir='ltr'><strong>autem</strong></span> <span class='ocrx_word' id='word_1_21' title='bbox 2733 388 3031 459; x_wconf 75' lang='lat' dir='ltr'><strong>prrelibavi,</strong></span> <span class='ocrx_word' id='word_1_22' title='bbox 3059 390 3335 461; x_wconf 85' lang='lat' dir='ltr'><strong>quondam</strong></span> <span class='ocrx_word' id='word_1_23' title='bbox 3371 392 3614 463; x_wconf 81' lang='lat' dir='ltr'><strong>gratiosa</strong></span> <span class='ocrx_word' id='word_1_24' title='bbox 3650 394 3788 464; x_wconf 76' lang='lat' dir='ltr'><strong>ejus-</strong></span> 
     </span>
    </p>
   </div>
   <div class='ocr_carea' id='block_1_5' title="bbox 503 478 2101 551">
    <p class='ocr_par' dir='ltr' id='par_1_5' title="bbox 503 478 2101 551">
     <span class='ocr_line' id='line_1_5' title="bbox 503 478 2101 551; baseline -0.004 -12"><span class='ocrx_word' id='word_1_25' title='bbox 503 500 693 539; x_wconf 87' lang='lat' dir='ltr'><strong>eorum</strong></span> <span class='ocrx_word' id='word_1_26' title='bbox 720 482 1022 551; x_wconf 85' lang='lat' dir='ltr'><strong>receptione</strong></span> <span class='ocrx_word' id='word_1_27' title='bbox 1063 480 1292 551; x_wconf 90' lang='lat' dir='ltr'><strong>pleniter</strong></span> <span class='ocrx_word' id='word_1_28' title='bbox 1318 480 1675 551; x_wconf 82' lang='lat' dir='ltr'><strong>respondebo.</strong></span> <span class='ocrx_word' id='word_1_29' title='bbox 1711 478 1865 546; x_wconf 85' lang='lat' dir='ltr'><strong>Quod</strong></span> <span class='ocrx_word' id='word_1_30' title='bbox 1905 490 2101 540; x_wconf 46' lang='lat' dir='ltr'><strong>autem,</strong></span> 
     </span>
    </p>
   </div>
   <div class='ocr_carea' id='block_1_6' title="bbox 505 571 2087 645">
    <p class='ocr_par' dir='ltr' id='par_1_6' title="bbox 505 571 2087 645">
     <span class='ocr_line' id='line_1_6' title="bbox 505 571 2087 645; baseline -0.001 -16"><span class='ocrx_word' id='word_1_31' title='bbox 505 577 777 633; x_wconf 69' lang='lat' dir='ltr'><strong>deyestro</strong></span> <span class='ocrx_word' id='word_1_32' title='bbox 809 573 1101 645; x_wconf 75' lang='lat' dir='ltr'><strong>scripsistis</strong></span> <span class='ocrx_word' id='word_1_33' title='bbox 1144 572 1344 627; x_wconf 76' lang='lat' dir='ltr'><strong>clerico</strong></span> <span class='ocrx_word' id='word_1_34' title='bbox 1387 571 1461 626; x_wconf 90' lang='lat' dir='ltr'><strong>ita</strong></span> <span class='ocrx_word' id='word_1_35' title='bbox 1505 590 1519 626; x_wconf 89' lang='lat'><strong>:</strong></span> <span class='ocrx_word' id='word_1_36' title='bbox 1568 590 1586 622; x_wconf 73' lang='grc' dir='ltr'>ι</span> <span class='ocrx_word' id='word_1_37' title='bbox 1646 572 1701 627; x_wconf 92' lang='lat' dir='ltr'><strong>Si</strong></span> <span class='ocrx_word' id='word_1_38' title='bbox 1744 583 1921 626; x_wconf 87' lang='lat' dir='ltr'><strong>autem</strong></span> <span class='ocrx_word' id='word_1_39' title='bbox 1966 573 2087 628; x_wconf 86' lang='lat' dir='ltr'><strong>ideo</strong></span> 
     </span>
    </p>
   </div>
   <div class='ocr_carea' id='block_1_7' title="bbox 504 665 2086 739">
    <p class='ocr_par' dir='ltr' id='par_1_7' title="bbox 504 665 2086 739">
     <span class='ocr_line' id='line_1_7' title="bbox 504 665 2086 739; baseline -0.002 -16"><span class='ocrx_word' id='word_1_40' title='bbox 504 668 655 723; x_wconf 88' lang='lat' dir='ltr'><strong>iitum</strong></span> <span class='ocrx_word' id='word_1_41' title='bbox 681 668 764 724; x_wconf 87' lang='lat' dir='ltr'><strong>vis</strong></span> <span class='ocrx_word' id='word_1_42' title='bbox 792 669 858 722; x_wconf 88' lang='lat' dir='ltr'><strong>ad</strong></span> <span class='ocrx_word' id='word_1_43' title='bbox 888 666 1148 739; x_wconf 84' lang='lat' dir='ltr'><strong>synodum</strong></span> <span class='ocrx_word' id='word_1_44' title='bbox 1177 675 1322 721; x_wconf 88' lang='lat' dir='ltr'><strong>tuam</strong></span> <span class='ocrx_word' id='word_1_45' title='bbox 1345 665 1557 728; x_wconf 87' lang='lat' dir='ltr'><strong>venire,</strong></span> <span class='ocrx_word' id='word_1_46' title='bbox 1584 666 1837 735; x_wconf 81' lang='lat' dir='ltr'><strong>quoniam</strong></span> <span class='ocrx_word' id='word_1_47' title='bbox 1863 665 2086 720; x_wconf 82' lang='lat' dir='ltr'><strong>Chalce-</strong></span> 
     </span>
    </p>
   </div>
   <div class='ocr_carea' id='block_1_8' title="bbox 503 754 2086 826">
    <p class='ocr_par' dir='ltr' id='par_1_8' title="bbox 503 754 2086 826">
     <span class='ocr_line' id='line_1_8' title="bbox 503 754 2086 826; baseline -0.003 -12"><span class='ocrx_word' id='word_1_48' title='bbox 503 760 776 815; x_wconf 85' lang='lat' dir='ltr'><strong>donenses</strong></span> <span class='ocrx_word' id='word_1_49' title='bbox 814 773 1049 813; x_wconf 78' lang='lat' dir='ltr'><strong>canones</strong></span> <span class='ocrx_word' id='word_1_50' title='bbox 1089 757 1272 813; x_wconf 91' lang='lat' dir='ltr'><strong>dicunt</strong></span> <span class='ocrx_word' id='word_1_51' title='bbox 1317 756 1458 826; x_wconf 82' lang='lat' dir='ltr'><strong>(can.</strong></span> <span class='ocrx_word' id='word_1_52' title='bbox 1486 755 1540 825; x_wconf 85' lang='lat'><strong>6)</strong></span> <span class='ocrx_word' id='word_1_53' title='bbox 1590 754 1791 809; x_wconf 88' lang='lat' dir='ltr'><strong>nullum</strong></span> <span class='ocrx_word' id='word_1_54' title='bbox 1844 755 2086 810; x_wconf 88' lang='lat' dir='ltr'><strong>absolute</strong></span> 
     </span>
    </p>
   </div>
   <div class='ocr_carea' id='block_1_9' title="bbox 501 846 2085 919">
    <p class='ocr_par' dir='ltr' id='par_1_9' title="bbox 501 846 2085 919">
     <span class='ocr_line' id='line_1_9' title="bbox 501 846 2085 919; baseline -0.002 -16"><span class='ocrx_word' id='word_1_55' title='bbox 501 850 743 905; x_wconf 86' lang='lat' dir='ltr'><strong>ordinari</strong></span> <span class='ocrx_word' id='word_1_56' title='bbox 795 849 989 905; x_wconf 84' lang='lat' dir='ltr'><strong>debere</strong></span> <span class='ocrx_word' id='word_1_57' title='bbox 1035 849 1411 919; x_wconf 69' lang='lat' dir='ltr'><strong>presbyterum</strong></span> <span class='ocrx_word' id='word_1_58' title='bbox 1473 854 1566 899; x_wconf 91' lang='lat' dir='ltr'><strong>aut</strong></span> <span class='ocrx_word' id='word_1_59' title='bbox 1611 846 1929 907; x_wconf 88' lang='lat' dir='ltr'><strong>diaconum,</strong></span> <span class='ocrx_word' id='word_1_60' title='bbox 1985 859 2085 900; x_wconf 90' lang='lat' dir='ltr'><strong>nec</strong></span> 
     </span>
    </p>
   </div>
   <div class='ocr_carea' id='block_1_10' title="bbox 501 934 2085 1012">
    <p class='ocr_par' dir='ltr' id='par_1_10' title="bbox 501 934 2085 1012">
     <span class='ocr_line' id='line_1_10' title="bbox 501 934 2085 1012; baseline -0.003 -18"><span class='ocrx_word' id='word_1_61' title='bbox 501 941 796 1012; x_wconf 90' lang='lat' dir='ltr'><strong>quemlibet</strong></span> <span class='ocrx_word' id='word_1_62' title='bbox 834 942 886 995; x_wconf 91' lang='lat' dir='ltr'><strong>in</strong></span> <span class='ocrx_word' id='word_1_63' title='bbox 926 941 1093 1012; x_wconf 78' lang='lat' dir='ltr'><strong>gradu</strong></span> <span class='ocrx_word' id='word_1_64' title='bbox 1137 938 1538 998; x_wconf 88' lang='lat' dir='ltr'><strong>ecclesiastico,</strong></span> <span class='ocrx_word' id='word_1_65' title='bbox 1569 956 1588 989; x_wconf 79' lang='grc' dir='ltr'><strong>ι</strong></span> <span class='ocrx_word' id='word_1_66' title='bbox 1618 944 1672 991; x_wconf 93' lang='lat' dir='ltr'><strong>et</strong></span> <span class='ocrx_word' id='word_1_67' title='bbox 1699 935 1924 1004; x_wconf 90' lang='lat' dir='ltr'><strong>reliqua.</strong></span> <span class='ocrx_word' id='word_1_68' title='bbox 1953 934 2085 1002; x_wconf 72' lang='lat' dir='ltr'><strong>Quae</strong></span> 
     </span>
    </p>
   </div>
   <div class='ocr_carea' id='block_1_11' title="bbox 503 1025 2087 1101">
    <p class='ocr_par' dir='ltr' id='par_1_11' title="bbox 503 1025 2087 1101">
     <span class='ocr_line' id='line_1_11' title="bbox 503 1025 2087 1101; baseline -0.005 -15"><span class='ocrx_word' id='word_1_69' title='bbox 503 1032 708 1101; x_wconf 89' lang='lat' dir='ltr'><strong>reliqua</strong></span> <span class='ocrx_word' id='word_1_70' title='bbox 738 1031 864 1101; x_wconf 92' lang='lat' dir='ltr'><strong>quia</strong></span> <span class='ocrx_word' id='word_1_71' title='bbox 911 1045 1014 1085; x_wconf 93' lang='lat' dir='ltr'><strong>non</strong></span> <span class='ocrx_word' id='word_1_72' title='bbox 1058 1029 1316 1099; x_wconf 79' lang='lat' dir='ltr'><strong>tetigisti,</strong></span> <span class='ocrx_word' id='word_1_73' title='bbox 1352 1027 1670 1098; x_wconf 88' lang='lat' dir='ltr'><strong>apponiums</strong></span> <span class='ocrx_word' id='word_1_74' title='bbox 1704 1044 1716 1080; x_wconf 94' lang='lat'>:</span> <span class='ocrx_word' id='word_1_75' title='bbox 1751 1047 1768 1077; x_wconf 71' lang='grc' dir='ltr'>ι</span> <span class='ocrx_word' id='word_1_76' title='bbox 1806 1025 1916 1079; x_wconf 82' lang='lat' dir='ltr'><strong>Nisi</strong></span> <span class='ocrx_word' id='word_1_77' title='bbox 1961 1041 2087 1095; x_wconf 85' lang='lat' dir='ltr'><strong>spe-</strong></span> 
     </span>
    </p>
   </div>
   <div class='ocr_carea' id='block_1_12' title="bbox 500 1121 2088 1190">
    <p class='ocr_par' dir='ltr' id='par_1_12' title="bbox 500 1121 2088 1190">
     <span class='ocr_line' id='line_1_12' title="bbox 500 1121 2088 1190; baseline -0.006 -9"><span class='ocrx_word' id='word_1_78' title='bbox 500 1127 712 1181; x_wconf 85' lang='lat' dir='ltr'><strong>cialiter</strong></span> <span class='ocrx_word' id='word_1_79' title='bbox 732 1125 977 1180; x_wconf 71' lang='lat' dir='ltr'><strong>ecclesiae</strong></span> <span class='ocrx_word' id='word_1_80' title='bbox 1000 1124 1233 1179; x_wconf 74' lang='lat' dir='ltr'><strong>civitatis</strong></span> <span class='ocrx_word' id='word_1_81' title='bbox 1249 1163 1262 1184; x_wconf 91' lang='lat'><strong>,</strong></span> <span class='ocrx_word' id='word_1_82' title='bbox 1289 1133 1382 1175; x_wconf 90' lang='lat' dir='ltr'><strong>aut</strong></span> <span class='ocrx_word' id='word_1_83' title='bbox 1408 1121 1801 1190; x_wconf 68' lang='lat' dir='ltr'><strong>possessionis,</strong></span> <span class='ocrx_word' id='word_1_84' title='bbox 1823 1127 1915 1173; x_wconf 88' lang='lat' dir='ltr'><strong>aut</strong></span> <span class='ocrx_word' id='word_1_85' title='bbox 1944 1133 2088 1172; x_wconf 86' lang='lat' dir='ltr'><strong>utar-</strong></span> 
     </span>
    </p>
   </div>
   <div class='ocr_carea' id='block_1_13' title="bbox 503 1210 2087 1291">
    <p class='ocr_par' dir='ltr' id='par_1_13' title="bbox 503 1210 2087 1291">
     <span class='ocr_line' id='line_1_13' title="bbox 503 1210 2087 1291; baseline -0.006 -17"><span class='ocrx_word' id='word_1_86' title='bbox 503 1221 652 1291; x_wconf 83' lang='lat' dir='ltr'><strong>tyrii,</strong></span> <span class='ocrx_word' id='word_1_87' title='bbox 680 1226 774 1273; x_wconf 90' lang='lat' dir='ltr'><strong>aut</strong></span> <span class='ocrx_word' id='word_1_88' title='bbox 801 1218 1112 1272; x_wconf 80' lang='lat' dir='ltr'><strong>monasterii</strong></span> <span class='ocrx_word' id='word_1_89' title='bbox 1153 1217 1243 1287; x_wconf 88' lang='lat' dir='ltr'><strong>qui</strong></span> <span class='ocrx_word' id='word_1_90' title='bbox 1282 1217 1617 1270; x_wconf 87' lang='lat' dir='ltr'><strong>ordinandus</strong></span> <span class='ocrx_word' id='word_1_91' title='bbox 1658 1223 1741 1267; x_wconf 82' lang='lat' dir='ltr'><strong>est</strong></span> <span class='ocrx_word' id='word_1_92' title='bbox 1772 1210 2087 1280; x_wconf 86' lang='lat' dir='ltr'><strong>pronuntie-</strong></span> 
     </span>
    </p>
   </div>
   <div class='ocr_carea' id='block_1_14' title="bbox 504 1306 2084 1379">
    <p class='ocr_par' dir='ltr' id='par_1_14' title="bbox 504 1306 2084 1379">
     <span class='ocr_line' id='line_1_14' title="bbox 504 1306 2084 1379; baseline -0.004 -11"><span class='ocrx_word' id='word_1_93' title='bbox 504 1322 612 1368; x_wconf 87' lang='lat' dir='ltr'><strong>tur.</strong></span> <span class='ocrx_word' id='word_1_94' title='bbox 643 1311 745 1379; x_wconf 86' lang='lat' dir='ltr'><strong>Qui</strong></span> <span class='ocrx_word' id='word_1_95' title='bbox 779 1326 905 1366; x_wconf 84' lang='lat' dir='ltr'><strong>vero</strong></span> <span class='ocrx_word' id='word_1_96' title='bbox 929 1310 1173 1365; x_wconf 79' lang='lat' dir='ltr'><strong>absolute</strong></span> <span class='ocrx_word' id='word_1_97' title='bbox 1197 1310 1548 1373; x_wconf 79' lang='lat' dir='ltr'><strong>ordinantur,</strong></span> <span class='ocrx_word' id='word_1_98' title='bbox 1583 1308 1819 1363; x_wconf 79' lang='lat' dir='ltr'><strong>decrevit</strong></span> <span class='ocrx_word' id='word_1_99' title='bbox 1846 1306 2084 1378; x_wconf 90' lang='lat' dir='ltr'><strong>synodus</strong></span> 
     </span>
    </p>
   </div>
   <div class='ocr_carea' id='block_1_15' title="bbox 503 1402 2083 1473">
    <p class='ocr_par' dir='ltr' id='par_1_15' title="bbox 503 1402 2083 1473">
     <span class='ocr_line' id='line_1_15' title="bbox 503 1402 2083 1473; baseline -0.003 -15"><span class='ocrx_word' id='word_1_100' title='bbox 503 1404 715 1458; x_wconf 83' lang='lat' dir='ltr'><strong>irritam</strong></span> <span class='ocrx_word' id='word_1_101' title='bbox 753 1403 938 1457; x_wconf 85' lang='lat' dir='ltr'><strong>haberi</strong></span> <span class='ocrx_word' id='word_1_102' title='bbox 995 1402 1365 1473; x_wconf 81' lang='lat' dir='ltr'><strong>hujuscemodi</strong></span> <span class='ocrx_word' id='word_1_103' title='bbox 1412 1418 1603 1456; x_wconf 88' lang='lat' dir='ltr'><strong>manus</strong></span> <span class='ocrx_word' id='word_1_104' title='bbox 1653 1402 2083 1470; x_wconf 79' lang='lat' dir='ltr'><strong>itnpositionem,</strong></span> 
     </span>
    </p>
   </div>
   <div class='ocr_carea' id='block_1_16' title="bbox 502 1494 2088 1567">
    <p class='ocr_par' dir='ltr' id='par_1_16' title="bbox 502 1494 2088 1567">
     <span class='ocr_line' id='line_1_16' title="bbox 502 1494 2088 1567; baseline -0.003 -15"><span class='ocrx_word' id='word_1_105' title='bbox 502 1504 559 1552; x_wconf 88' lang='lat' dir='ltr'><strong>et</strong></span> <span class='ocrx_word' id='word_1_106' title='bbox 598 1512 862 1567; x_wconf 87' lang='lat' dir='ltr'><strong>nusquam</strong></span> <span class='ocrx_word' id='word_1_107' title='bbox 912 1510 1073 1567; x_wconf 86' lang='lat' dir='ltr'><strong>posse</strong></span> <span class='ocrx_word' id='word_1_108' title='bbox 1128 1495 1437 1550; x_wconf 86' lang='lat' dir='ltr'><strong>ministrare</strong></span> <span class='ocrx_word' id='word_1_109' title='bbox 1485 1496 1550 1548; x_wconf 90' lang='lat' dir='ltr'><strong>ad</strong></span> <span class='ocrx_word' id='word_1_110' title='bbox 1600 1495 1901 1549; x_wconf 90' lang='lat' dir='ltr'><strong>ordiuantis</strong></span> <span class='ocrx_word' id='word_1_111' title='bbox 1951 1494 2088 1562; x_wconf 86' lang='lat' dir='ltr'><strong>inju-</strong></span> 
     </span>
    </p>
   </div>
   <div class='ocr_carea' id='block_1_17' title="bbox 502 1586 2086 1656">
    <p class='ocr_par' dir='ltr' id='par_1_17' title="bbox 502 1586 2086 1656">
     <span class='ocr_line' id='line_1_17' title="bbox 502 1586 2086 1656; baseline -0.001 -16"><span class='ocrx_word' id='word_1_112' title='bbox 502 1587 663 1641; x_wconf 85' lang='lat' dir='ltr'><strong>riam.</strong></span> <span class='ocrx_word' id='word_1_113' title='bbox 697 1606 716 1639; x_wconf 72' lang='grc' dir='ltr'><strong><em>ι</em></strong></span> <span class='ocrx_word' id='word_1_114' title='bbox 744 1586 869 1641; x_wconf 87' lang='lat' dir='ltr'><strong>Scio</strong></span> <span class='ocrx_word' id='word_1_115' title='bbox 895 1602 980 1640; x_wconf 91' lang='lat' dir='ltr'><strong>me</strong></span> <span class='ocrx_word' id='word_1_116' title='bbox 1010 1603 1112 1641; x_wconf 91' lang='lat' dir='ltr'><strong>non</strong></span> <span class='ocrx_word' id='word_1_117' title='bbox 1149 1586 1305 1641; x_wconf 81' lang='lat' dir='ltr'><strong>aliter</strong></span> <span class='ocrx_word' id='word_1_118' title='bbox 1330 1603 1561 1656; x_wconf 86' lang='lat' dir='ltr'><strong>unquam</strong></span> <span class='ocrx_word' id='word_1_119' title='bbox 1591 1587 1871 1640; x_wconf 85' lang='lat' dir='ltr'><strong>ordinasse</strong></span> <span class='ocrx_word' id='word_1_120' title='bbox 1898 1601 2086 1655; x_wconf 90' lang='lat' dir='ltr'><strong>quem-</strong></span> 
     </span>
    </p>
   </div>
   <div class='ocr_carea' id='block_1_18' title="bbox 502 1676 2088 1751">
    <p class='ocr_par' dir='ltr' id='par_1_18' title="bbox 502 1676 2088 1751">
     <span class='ocr_line' id='line_1_18' title="bbox 502 1676 2088 1751; baseline -0.003 -17"><span class='ocrx_word' id='word_1_121' title='bbox 502 1696 686 1751; x_wconf 83' lang='lat' dir='ltr'><strong>quam,</strong></span> <span class='ocrx_word' id='word_1_122' title='bbox 718 1680 808 1751; x_wconf 92' lang='lat' dir='ltr'><strong>qui</strong></span> <span class='ocrx_word' id='word_1_123' title='bbox 837 1681 1016 1735; x_wconf 87' lang='lat' dir='ltr'><strong>taliter</strong></span> <span class='ocrx_word' id='word_1_124' title='bbox 1046 1697 1149 1735; x_wconf 90' lang='lat' dir='ltr'><strong>non</strong></span> <span class='ocrx_word' id='word_1_125' title='bbox 1177 1680 1637 1750; x_wconf 88' lang='lat' dir='ltr'><strong>pronuntiaretur.</strong></span> <span class='ocrx_word' id='word_1_126' title='bbox 1669 1677 1822 1745; x_wconf 85' lang='lat' dir='ltr'><strong>Quod</strong></span> <span class='ocrx_word' id='word_1_127' title='bbox 1852 1678 1894 1733; x_wconf 92' lang='lat' dir='ltr'><strong>si</strong></span> <span class='ocrx_word' id='word_1_128' title='bbox 1928 1676 2088 1732; x_wconf 81' lang='lat' dir='ltr'><strong>fecis-</strong></span> 
     </span>
    </p>
   </div>
   <div class='ocr_carea' id='block_1_19' title="bbox 2191 477 3770 551">
    <p class='ocr_par' dir='ltr' id='par_1_19' title="bbox 2191 477 3770 551">
     <span class='ocr_line' id='line_1_19' title="bbox 2191 477 3770 551; baseline 0.006 -19"><span class='ocrx_word' id='word_1_129' title='bbox 2191 477 2313 532; x_wconf 89' lang='lat' dir='ltr'><strong>dem</strong></span> <span class='ocrx_word' id='word_1_130' title='bbox 2366 478 2619 551; x_wconf 80' lang='lat' dir='ltr'><strong>Sigiberti</strong></span> <span class='ocrx_word' id='word_1_131' title='bbox 2651 481 2974 538; x_wconf 81' lang='lat' dir='ltr'><strong>allocutione</strong></span> <span class='ocrx_word' id='word_1_132' title='bbox 3002 486 3106 540; x_wconf 89' lang='lat' dir='ltr'><strong>etsi</strong></span> <span class='ocrx_word' id='word_1_133' title='bbox 3135 485 3437 549; x_wconf 88' lang='lat' dir='ltr'><strong>delibutus,</strong></span> <span class='ocrx_word' id='word_1_134' title='bbox 3471 494 3660 541; x_wconf 80' lang='lat' dir='ltr'><strong>tamen</strong></span> <span class='ocrx_word' id='word_1_135' title='bbox 3690 487 3770 542; x_wconf 78' lang='lat' dir='ltr'><strong>cie</strong></span> 
     </span>
    </p>
   </div>
   <div class='ocr_carea' id='block_1_20' title="bbox 2192 570 3773 647">
    <p class='ocr_par' dir='ltr' id='par_1_20' title="bbox 2192 570 3773 647">
     <span class='ocr_line' id='line_1_20' title="bbox 2192 570 3773 647; baseline 0.005 -24"><span class='ocrx_word' id='word_1_136' title='bbox 2192 570 2363 624; x_wconf 89' lang='lat' dir='ltr'><strong>rieum</strong></span> <span class='ocrx_word' id='word_1_137' title='bbox 2396 571 2538 626; x_wconf 87' lang='lat' dir='ltr'><strong>hunc</strong></span> <span class='ocrx_word' id='word_1_138' title='bbox 2575 572 2947 644; x_wconf 81' lang='lat' dir='ltr'><strong>irregulariter</strong></span> <span class='ocrx_word' id='word_1_139' title='bbox 2974 576 3251 647; x_wconf 77' lang='lat' dir='ltr'><strong>suscipere</strong></span> <span class='ocrx_word' id='word_1_140' title='bbox 3276 578 3438 647; x_wconf 85' lang='lat' dir='ltr'><strong>quasi</strong></span> <span class='ocrx_word' id='word_1_141' title='bbox 3470 578 3656 647; x_wconf 79' lang='lat' dir='ltr'><strong>gratia</strong></span> <span class='ocrx_word' id='word_1_142' title='bbox 3688 578 3773 631; x_wconf 85' lang='lat' dir='ltr'><strong>ille</strong></span> 
     </span>
    </p>
   </div>
   <div class='ocr_carea' id='block_1_21' title="bbox 2190 666 3792 735">
    <p class='ocr_par' dir='ltr' id='par_1_21' title="bbox 2190 666 3792 735">
     <span class='ocr_line' id='line_1_21' title="bbox 2190 666 3792 735; baseline 0.004 -18"><span class='ocrx_word' id='word_1_143' title='bbox 2190 672 2309 717; x_wconf 87' lang='lat' dir='ltr'><strong>ctus</strong></span> <span class='ocrx_word' id='word_1_144' title='bbox 2345 680 2448 719; x_wconf 92' lang='lat' dir='ltr'><strong>non</strong></span> <span class='ocrx_word' id='word_1_145' title='bbox 2497 667 2838 735; x_wconf 77' lang='lat' dir='ltr'><strong>praesumpsi.</strong></span> <span class='ocrx_word' id='word_1_146' title='bbox 2890 666 3043 722; x_wconf 84' lang='lat' dir='ltr'><strong>Nunc</strong></span> <span class='ocrx_word' id='word_1_147' title='bbox 3087 679 3307 732; x_wconf 89' lang='lat' dir='ltr'><strong>autem,</strong></span> <span class='ocrx_word' id='word_1_148' title='bbox 3342 669 3478 725; x_wconf 90' lang='lat' dir='ltr'><strong>licet</strong></span> <span class='ocrx_word' id='word_1_149' title='bbox 3522 669 3620 723; x_wconf 81' lang='lat' dir='ltr'><strong>illo</strong></span> <span class='ocrx_word' id='word_1_150' title='bbox 3668 670 3792 723; x_wconf 84' lang='lat' dir='ltr'><strong>mibt</strong></span> 
     </span>
    </p>
   </div>
   <div class='ocr_carea' id='block_1_22' title="bbox 2191 755 3793 832">
    <p class='ocr_par' dir='ltr' id='par_1_22' title="bbox 2191 755 3793 832">
     <span class='ocr_line' id='line_1_22' title="bbox 2191 755 3793 832; baseline 0.004 -23"><span class='ocrx_word' id='word_1_151' title='bbox 2191 755 2499 822; x_wconf 81' lang='lat' dir='ltr'><strong>insidiante,</strong></span> <span class='ocrx_word' id='word_1_152' title='bbox 2528 759 2674 813; x_wconf 90' lang='lat' dir='ltr'><strong>nullo</strong></span> <span class='ocrx_word' id='word_1_153' title='bbox 2701 761 2826 815; x_wconf 92' lang='lat' dir='ltr'><strong>odio</strong></span> <span class='ocrx_word' id='word_1_154' title='bbox 2852 771 3047 827; x_wconf 91' lang='lat' dir='ltr'><strong>motus,</strong></span> <span class='ocrx_word' id='word_1_155' title='bbox 3073 764 3216 832; x_wconf 86' lang='lat' dir='ltr'><strong>quod</strong></span> <span class='ocrx_word' id='word_1_156' title='bbox 3248 764 3392 818; x_wconf 84' lang='lat' dir='ltr'><strong>ratio</strong></span> <span class='ocrx_word' id='word_1_157' title='bbox 3413 771 3471 817; x_wconf 91' lang='lat' dir='ltr'><strong>et</strong></span> <span class='ocrx_word' id='word_1_158' title='bbox 3492 764 3793 816; x_wconf 69' lang='lat' dir='ltr'><strong>auctoritas</strong></span> 
     </span>
    </p>
   </div>
   <div class='ocr_carea' id='block_1_23' title="bbox 2190 851 3794 925">
    <p class='ocr_par' dir='ltr' id='par_1_23' title="bbox 2190 851 3794 925">
     <span class='ocr_line' id='line_1_23' title="bbox 2190 851 3794 925; baseline 0.002 -22"><span class='ocrx_word' id='word_1_159' title='bbox 2190 851 2475 905; x_wconf 84' lang='lat' dir='ltr'><strong>dictaverit</strong></span> <span class='ocrx_word' id='word_1_160' title='bbox 2504 854 2929 923; x_wconf 81' lang='lat' dir='ltr'><strong>exsequendum,</strong></span> <span class='ocrx_word' id='word_1_161' title='bbox 2961 857 3005 909; x_wconf 92' lang='lat' dir='ltr'><strong>si</strong></span> <span class='ocrx_word' id='word_1_162' title='bbox 3037 871 3151 910; x_wconf 67' lang='lat' dir='ltr'><strong>sum</strong></span> <span class='ocrx_word' id='word_1_163' title='bbox 3173 857 3398 921; x_wconf 88' lang='lat' dir='ltr'><strong>abhinc,</strong></span> <span class='ocrx_word' id='word_1_164' title='bbox 3428 856 3584 925; x_wconf 80' lang='lat' dir='ltr'><strong>quod</strong></span> <span class='ocrx_word' id='word_1_165' title='bbox 3622 856 3794 908; x_wconf 79' lang='lat' dir='ltr'><strong>hacte-</strong></span> 
     </span>
    </p>
   </div>
   <div class='ocr_carea' id='block_1_24' title="bbox 2189 942 3794 1015">
    <p class='ocr_par' dir='ltr' id='par_1_24' title="bbox 2189 942 3794 1015">
     <span class='ocr_line' id='line_1_24' title="bbox 2189 942 3794 1015; baseline 0.002 -20"><span class='ocrx_word' id='word_1_166' title='bbox 2189 957 2291 995; x_wconf 83' lang='lat' dir='ltr'><strong>nus</strong></span> <span class='ocrx_word' id='word_1_167' title='bbox 2320 958 2424 997; x_wconf 90' lang='lat' dir='ltr'><strong>non</strong></span> <span class='ocrx_word' id='word_1_168' title='bbox 2455 942 2615 1009; x_wconf 68' lang='lat' dir='ltr'><strong>fecit,</strong></span> <span class='ocrx_word' id='word_1_169' title='bbox 2644 945 2907 1001; x_wconf 79' lang='lat' dir='ltr'><strong>voluntati</strong></span> <span class='ocrx_word' id='word_1_170' title='bbox 2932 947 3142 1015; x_wconf 87' lang='lat' dir='ltr'><strong>justitia</strong></span> <span class='ocrx_word' id='word_1_171' title='bbox 3172 947 3405 1013; x_wconf 85' lang='lat' dir='ltr'><strong>faverit,</strong></span> <span class='ocrx_word' id='word_1_172' title='bbox 3434 948 3528 1001; x_wconf 83' lang='lat' dir='ltr'><strong>via</strong></span> <span class='ocrx_word' id='word_1_173' title='bbox 3570 946 3794 1014; x_wconf 68' lang='lat' dir='ltr'><strong>justiti-at</strong></span> 
     </span>
    </p>
   </div>
   <div class='ocr_carea' id='block_1_25' title="bbox 2189 1036 3792 1104">
    <p class='ocr_par' dir='ltr' id='par_1_25' title="bbox 2189 1036 3792 1104">
     <span class='ocr_line' id='line_1_25' title="bbox 2189 1036 3792 1104; baseline 0.002 -17"><span class='ocrx_word' id='word_1_174' title='bbox 2189 1049 2219 1087; x_wconf 91' lang='lat' dir='ltr'><strong>a</strong></span> <span class='ocrx_word' id='word_1_175' title='bbox 2253 1036 2408 1089; x_wconf 87' lang='lat' dir='ltr'><strong>nobis</strong></span> <span class='ocrx_word' id='word_1_176' title='bbox 2436 1037 2830 1104; x_wconf 91' lang='lat' dir='ltr'><strong>prosecutionis</strong></span> <span class='ocrx_word' id='word_1_177' title='bbox 2858 1039 2961 1093; x_wconf 88' lang='lat' dir='ltr'><strong>iter</strong></span> <span class='ocrx_word' id='word_1_178' title='bbox 2990 1054 3096 1093; x_wconf 92' lang='lat' dir='ltr'><strong>non</strong></span> <span class='ocrx_word' id='word_1_179' title='bbox 3130 1039 3459 1093; x_wconf 84' lang='lat' dir='ltr'><strong>retardabit.</strong></span> <span class='ocrx_word' id='word_1_180' title='bbox 3495 1037 3792 1092; x_wconf 69' lang='lat' dir='ltr'><strong>Praefatur:</strong></span> 
     </span>
    </p>
   </div>
   <div class='ocr_carea' id='block_1_26' title="bbox 2190 1127 3791 1202">
    <p class='ocr_par' dir='ltr' id='par_1_26' title="bbox 2190 1127 3791 1202">
     <span class='ocr_line' id='line_1_26' title="bbox 2190 1127 3791 1202; baseline 0.002 -24"><span class='ocrx_word' id='word_1_181' title='bbox 2190 1137 2369 1180; x_wconf 89' lang='lat' dir='ltr'><strong>autem</strong></span> <span class='ocrx_word' id='word_1_182' title='bbox 2401 1127 2656 1183; x_wconf 90' lang='lat' dir='ltr'><strong>clericum</strong></span> <span class='ocrx_word' id='word_1_183' title='bbox 2697 1130 2817 1184; x_wconf 87' lang='lat' dir='ltr'><strong>ideo</strong></span> <span class='ocrx_word' id='word_1_184' title='bbox 2846 1130 2917 1184; x_wconf 90' lang='lat' dir='ltr'><strong>ita</strong></span> <span class='ocrx_word' id='word_1_185' title='bbox 2946 1131 3365 1185; x_wconf 76' lang='lat' dir='ltr'><strong>commonitorie</strong></span> <span class='ocrx_word' id='word_1_186' title='bbox 3402 1132 3477 1185; x_wconf 85' lang='lat' dir='ltr'><strong>ad</strong></span> <span class='ocrx_word' id='word_1_187' title='bbox 3523 1130 3791 1202; x_wconf 62' lang='lat' dir='ltr'><strong>symmlum</strong></span> 
     </span>
    </p>
   </div>
   <div class='ocr_carea' id='block_1_27' title="bbox 2187 1221 3785 1294">
    <p class='ocr_par' dir='ltr' id='par_1_27' title="bbox 2187 1221 3785 1294">
     <span class='ocr_line' id='line_1_27' title="bbox 2187 1221 3785 1294; baseline 0.001 -23"><span class='ocrx_word' id='word_1_188' title='bbox 2187 1221 2420 1284; x_wconf 88' lang='lat' dir='ltr'><strong>vocavi,</strong></span> <span class='ocrx_word' id='word_1_189' title='bbox 2461 1222 2586 1290; x_wconf 88' lang='lat' dir='ltr'><strong>quia</strong></span> <span class='ocrx_word' id='word_1_190' title='bbox 2628 1222 2693 1275; x_wconf 84' lang='lat' dir='ltr'><strong>ab</strong></span> <span class='ocrx_word' id='word_1_191' title='bbox 2737 1221 3057 1277; x_wconf 82' lang='lat' dir='ltr'><strong>llaimerado</strong></span> <span class='ocrx_word' id='word_1_192' title='bbox 3100 1223 3425 1294; x_wconf 76' lang='lat' dir='ltr'><strong>presbytero</strong></span> <span class='ocrx_word' id='word_1_193' title='bbox 3474 1232 3785 1278; x_wconf 81' lang='lat' dir='ltr'><strong>accusatur.</strong></span> 
     </span>
    </p>
   </div>
   <div class='ocr_carea' id='block_1_28' title="bbox 2191 1310 3793 1383">
    <p class='ocr_par' dir='ltr' id='par_1_28' title="bbox 2191 1310 3793 1383">
     <span class='ocr_line' id='line_1_28' title="bbox 2191 1310 3793 1383; baseline 0.002 -20"><span class='ocrx_word' id='word_1_194' title='bbox 2191 1310 2297 1364; x_wconf 87' lang='lat' dir='ltr'><strong>Sed</strong></span> <span class='ocrx_word' id='word_1_195' title='bbox 2323 1322 2378 1364; x_wconf 90' lang='lat' dir='ltr'><strong>et</strong></span> <span class='ocrx_word' id='word_1_196' title='bbox 2411 1328 2572 1377; x_wconf 91' lang='lat' dir='ltr'><strong>nunc,</strong></span> <span class='ocrx_word' id='word_1_197' title='bbox 2601 1314 2726 1383; x_wconf 86' lang='lat' dir='ltr'><strong>quia</strong></span> <span class='ocrx_word' id='word_1_198' title='bbox 2758 1329 2785 1366; x_wconf 91' lang='lat' dir='ltr'><strong>a</strong></span> <span class='ocrx_word' id='word_1_199' title='bbox 2814 1314 2963 1368; x_wconf 85' lang='lat' dir='ltr'><strong>vobis</strong></span> <span class='ocrx_word' id='word_1_200' title='bbox 2987 1314 3054 1367; x_wconf 89' lang='lat' dir='ltr'><strong>de</strong></span> <span class='ocrx_word' id='word_1_201' title='bbox 3082 1330 3177 1367; x_wconf 91' lang='lat' dir='ltr'><strong>sua</strong></span> <span class='ocrx_word' id='word_1_202' title='bbox 3204 1315 3561 1368; x_wconf 87' lang='lat' dir='ltr'><strong>ordinatione</strong></span> <span class='ocrx_word' id='word_1_203' title='bbox 3590 1316 3793 1367; x_wconf 52' lang='lat' dir='ltr'><strong>calum.</strong></span> 
     </span>
    </p>
   </div>
   <div class='ocr_carea' id='block_1_29' title="bbox 2190 1401 3792 1473">
    <p class='ocr_par' dir='ltr' id='par_1_29' title="bbox 2190 1401 3792 1473">
     <span class='ocr_line' id='line_1_29' title="bbox 2190 1401 3792 1473; baseline 0 -18"><span class='ocrx_word' id='word_1_204' title='bbox 2190 1401 2393 1465; x_wconf 89' lang='lat' dir='ltr'><strong>niatnr,</strong></span> <span class='ocrx_word' id='word_1_205' title='bbox 2438 1412 2496 1455; x_wconf 92' lang='lat' dir='ltr'><strong>ut</strong></span> <span class='ocrx_word' id='word_1_206' title='bbox 2531 1403 2784 1458; x_wconf 79' lang='lat' dir='ltr'><strong>adveniat</strong></span> <span class='ocrx_word' id='word_1_207' title='bbox 2817 1419 3068 1473; x_wconf 80' lang='lat' dir='ltr'><strong>perroco,</strong></span> <span class='ocrx_word' id='word_1_208' title='bbox 3100 1414 3157 1459; x_wconf 84' lang='lat' dir='ltr'><strong>et</strong></span> <span class='ocrx_word' id='word_1_209' title='bbox 3201 1404 3345 1473; x_wconf 84' lang='lat' dir='ltr'><strong>quod</strong></span> <span class='ocrx_word' id='word_1_210' title='bbox 3379 1419 3568 1458; x_wconf 86' lang='lat' dir='ltr'><strong>meum</strong></span> <span class='ocrx_word' id='word_1_211' title='bbox 3621 1413 3706 1456; x_wconf 85' lang='lat' dir='ltr'><strong>est</strong></span> <span class='ocrx_word' id='word_1_212' title='bbox 3744 1405 3792 1456; x_wconf 82' lang='lat' dir='ltr'><strong>ei</strong></span> 
     </span>
    </p>
   </div>
   <div class='ocr_carea' id='block_1_30' title="bbox 2189 1493 3791 1562">
    <p class='ocr_par' dir='ltr' id='par_1_30' title="bbox 2189 1493 3791 1562">
     <span class='ocr_line' id='line_1_30' title="bbox 2189 1493 3791 1562; baseline 0.001 -17"><span class='ocrx_word' id='word_1_213' title='bbox 2189 1493 2508 1562; x_wconf 89' lang='lat' dir='ltr'><strong>propinabo.</strong></span> <span class='ocrx_word' id='word_1_214' title='bbox 2542 1493 2599 1549; x_wconf 91' lang='lat' dir='ltr'><strong>Si</strong></span> <span class='ocrx_word' id='word_1_215' title='bbox 2631 1504 2810 1548; x_wconf 87' lang='lat' dir='ltr'><strong>autem</strong></span> <span class='ocrx_word' id='word_1_216' title='bbox 2835 1495 3028 1549; x_wconf 90' lang='lat' dir='ltr'><strong>missos</strong></span> <span class='ocrx_word' id='word_1_217' title='bbox 3051 1502 3286 1557; x_wconf 85' lang='lat' dir='ltr'><strong>vestros,</strong></span> <span class='ocrx_word' id='word_1_218' title='bbox 3314 1504 3411 1547; x_wconf 90' lang='lat' dir='ltr'><strong>aut</strong></span> <span class='ocrx_word' id='word_1_219' title='bbox 3433 1509 3567 1548; x_wconf 90' lang='lat' dir='ltr'><strong>cum</strong></span> <span class='ocrx_word' id='word_1_220' title='bbox 3592 1507 3685 1553; x_wconf 80' lang='lat' dir='ltr'><strong>eo,</strong></span> <span class='ocrx_word' id='word_1_221' title='bbox 3706 1502 3791 1546; x_wconf 76' lang='lat' dir='ltr'><strong>aut</strong></span> 
     </span>
    </p>
   </div>
   <div class='ocr_carea' id='block_1_31' title="bbox 2188 1585 3791 1659">
    <p class='ocr_par' dir='ltr' id='par_1_31' title="bbox 2188 1585 3791 1659">
     <span class='ocr_line' id='line_1_31' title="bbox 2188 1585 3791 1659; baseline 0 -21"><span class='ocrx_word' id='word_1_222' title='bbox 2188 1595 2312 1656; x_wconf 91' lang='lat' dir='ltr'><strong>post</strong></span> <span class='ocrx_word' id='word_1_223' title='bbox 2338 1603 2460 1640; x_wconf 89' lang='lat' dir='ltr'><strong>cum</strong></span> <span class='ocrx_word' id='word_1_224' title='bbox 2503 1585 2568 1640; x_wconf 87' lang='lat' dir='ltr'><strong>ad</strong></span> <span class='ocrx_word' id='word_1_225' title='bbox 2601 1587 2863 1659; x_wconf 75' lang='lat' dir='ltr'><strong>synodum</strong></span> <span class='ocrx_word' id='word_1_226' title='bbox 2896 1588 3128 1657; x_wconf 76' lang='lat' dir='ltr'><strong>dirigere</strong></span> <span class='ocrx_word' id='word_1_227' title='bbox 3153 1589 3447 1657; x_wconf 77' lang='lat' dir='ltr'><strong>disponitis</strong></span> <span class='ocrx_word' id='word_1_228' title='bbox 3472 1627 3491 1651; x_wconf 89' lang='lat'><strong>,</strong></span> <span class='ocrx_word' id='word_1_229' title='bbox 3529 1588 3629 1656; x_wconf 88' lang='lat' dir='ltr'><strong>qui</strong></span> <span class='ocrx_word' id='word_1_230' title='bbox 3673 1603 3791 1641; x_wconf 78' lang='lat' dir='ltr'><strong>eum</strong></span> 
     </span>
    </p>
   </div>
   <div class='ocr_carea' id='block_1_32' title="bbox 2190 1679 3788 1750">
    <p class='ocr_par' dir='ltr' id='par_1_32' title="bbox 2190 1679 3788 1750">
     <span class='ocr_line' id='line_1_32' title="bbox 2190 1679 3788 1750; baseline 0.001 -18"><span class='ocrx_word' id='word_1_231' title='bbox 2190 1679 2437 1733; x_wconf 81' lang='lat' dir='ltr'><strong>servituti</strong></span> <span class='ocrx_word' id='word_1_232' title='bbox 2473 1679 2766 1734; x_wconf 77' lang='lat' dir='ltr'><strong>obnoxium</strong></span> <span class='ocrx_word' id='word_1_233' title='bbox 2796 1680 3181 1750; x_wconf 88' lang='lat' dir='ltr'><strong>comprobent,</strong></span> <span class='ocrx_word' id='word_1_234' title='bbox 3210 1689 3308 1735; x_wconf 90' lang='lat' dir='ltr'><strong>aut</strong></span> <span class='ocrx_word' id='word_1_235' title='bbox 3347 1680 3400 1735; x_wconf 89' lang='lat' dir='ltr'><strong>si</strong></span> <span class='ocrx_word' id='word_1_236' title='bbox 3442 1680 3568 1750; x_wconf 84' lang='lat' dir='ltr'><strong>ipse</strong></span> <span class='ocrx_word' id='word_1_237' title='bbox 3598 1694 3788 1749; x_wconf 74' lang='lat' dir='ltr'><strong>negate</strong></span> 
     </span>
    </p>
   </div>
   <div class='ocr_carea' id='block_1_33' title="bbox 503 1755 3789 1843">
    <p class='ocr_par' dir='ltr' id='par_1_33' title="bbox 503 1755 3789 1843">
     <span class='ocr_line' id='line_1_33' title="bbox 503 1755 3789 1843; baseline -0.001 -12"><span class='ocrx_word' id='word_1_238' title='bbox 503 1790 618 1831; x_wconf 88' lang='lat' dir='ltr'><strong>sem</strong></span> <span class='ocrx_word' id='word_1_239' title='bbox 640 1815 656 1839; x_wconf 90' lang='lat'><strong>,</strong></span> <span class='ocrx_word' id='word_1_240' title='bbox 701 1775 851 1829; x_wconf 89' lang='lat' dir='ltr'><strong>irrita</strong></span> <span class='ocrx_word' id='word_1_241' title='bbox 896 1775 1184 1830; x_wconf 83' lang='lat' dir='ltr'><strong>haberetur</strong></span> <span class='ocrx_word' id='word_1_242' title='bbox 1221 1789 1412 1829; x_wconf 87' lang='lat' dir='ltr'><strong>manus</strong></span> <span class='ocrx_word' id='word_1_243' title='bbox 1455 1773 1753 1843; x_wconf 90' lang='lat' dir='ltr'><strong>impositio,</strong></span> <span class='ocrx_word' id='word_1_244' title='bbox 1786 1788 1885 1826; x_wconf 93' lang='lat' dir='ltr'><strong>nec</strong></span> <span class='ocrx_word' id='word_1_245' title='bbox 1923 1771 2082 1826; x_wconf 90' lang='lat' dir='ltr'><strong>mini-</strong></span> <span class='ocrx_word' id='word_1_246' title='bbox 2115 1755 2170 1816; x_wconf 78' lang='grc' dir='ltr'><strong>Β</strong></span> <span class='ocrx_word' id='word_1_247' title='bbox 2196 1787 2298 1826; x_wconf 89' lang='lat' dir='ltr'><strong>non</strong></span> <span class='ocrx_word' id='word_1_248' title='bbox 2330 1773 2582 1842; x_wconf 78' lang='lat' dir='ltr'><strong>potuerit,</strong></span> <span class='ocrx_word' id='word_1_249' title='bbox 2621 1788 2773 1827; x_wconf 81' lang='lat' dir='ltr'><strong>suam</strong></span> <span class='ocrx_word' id='word_1_250' title='bbox 2802 1775 3025 1829; x_wconf 82' lang='lat' dir='ltr'><strong>audiant</strong></span> <span class='ocrx_word' id='word_1_251' title='bbox 3055 1773 3482 1843; x_wconf 80' lang='lat' dir='ltr'><strong>professionem,</strong></span> <span class='ocrx_word' id='word_1_252' title='bbox 3513 1788 3628 1827; x_wconf 83' lang='lat' dir='ltr'><strong>non</strong></span> <span class='ocrx_word' id='word_1_253' title='bbox 3666 1774 3789 1827; x_wconf 80' lang='lat' dir='ltr'><strong>mihi</strong></span> 
     </span>
    </p>
   </div>
   <div class='ocr_carea' id='block_1_34' title="bbox 503 1863 2083 1936">
    <p class='ocr_par' dir='ltr' id='par_1_34' title="bbox 503 1863 2083 1936">
     <span class='ocr_line' id='line_1_34' title="bbox 503 1863 2083 1936; baseline -0.003 -14"><span class='ocrx_word' id='word_1_254' title='bbox 503 1876 684 1922; x_wconf 85' lang='lat' dir='ltr'><strong>strare</strong></span> <span class='ocrx_word' id='word_1_255' title='bbox 730 1867 1011 1921; x_wconf 87' lang='lat' dir='ltr'><strong>ordinatus</strong></span> <span class='ocrx_word' id='word_1_256' title='bbox 1054 1867 1121 1921; x_wconf 88' lang='lat' dir='ltr'><strong>ad</strong></span> <span class='ocrx_word' id='word_1_257' title='bbox 1163 1883 1337 1921; x_wconf 85' lang='lat' dir='ltr'><strong>meam</strong></span> <span class='ocrx_word' id='word_1_258' title='bbox 1389 1876 1572 1936; x_wconf 85' lang='lat' dir='ltr'><strong>posset</strong></span> <span class='ocrx_word' id='word_1_259' title='bbox 1619 1866 1889 1934; x_wconf 88' lang='lat' dir='ltr'><strong>injuriam.</strong></span> <span class='ocrx_word' id='word_1_260' title='bbox 1931 1863 2083 1933; x_wconf 87' lang='lat' dir='ltr'><strong>Quod</strong></span> 
     </span>
    </p>
   </div>
   <div class='ocr_carea' id='block_1_35' title="bbox 503 1955 2082 2029">
    <p class='ocr_par' dir='ltr' id='par_1_35' title="bbox 503 1955 2082 2029">
     <span class='ocr_line' id='line_1_35' title="bbox 503 1955 2082 2029; baseline -0.004 -15"><span class='ocrx_word' id='word_1_261' title='bbox 503 1959 792 2014; x_wconf 87' lang='lat' dir='ltr'><strong>concilium</strong></span> <span class='ocrx_word' id='word_1_262' title='bbox 830 1968 953 2029; x_wconf 85' lang='lat' dir='ltr'><strong>post</strong></span> <span class='ocrx_word' id='word_1_263' title='bbox 980 1959 1119 2013; x_wconf 89' lang='lat' dir='ltr'><strong>istud</strong></span> <span class='ocrx_word' id='word_1_264' title='bbox 1148 1958 1439 2025; x_wconf 87' lang='lat' dir='ltr'><strong>capitulum</strong></span> <span class='ocrx_word' id='word_1_265' title='bbox 1459 2001 1472 2020; x_wconf 94' lang='lat'><strong>,</strong></span> <span class='ocrx_word' id='word_1_266' title='bbox 1501 1955 1833 2011; x_wconf 83' lang='lat' dir='ltr'><strong>concinenth</strong></span> <span class='ocrx_word' id='word_1_267' title='bbox 1862 1955 1965 2009; x_wconf 88' lang='lat' dir='ltr'><strong>hoc</strong></span> <span class='ocrx_word' id='word_1_268' title='bbox 1994 1955 2082 2008; x_wconf 64' lang='lat' dir='ltr'><strong>deo</strong></span> 
     </span>
    </p>
   </div>
   <div class='ocr_carea' id='block_1_36' title="bbox 502 2047 2083 2123">
    <p class='ocr_par' dir='ltr' id='par_1_36' title="bbox 502 2047 2083 2123">
     <span class='ocr_line' id='line_1_36' title="bbox 502 2047 2083 2123; baseline -0.006 -16"><span class='ocrx_word' id='word_1_269' title='bbox 502 2053 705 2123; x_wconf 87' lang='lat' dir='ltr'><strong>promit</strong></span> <span class='ocrx_word' id='word_1_270' title='bbox 744 2052 1035 2106; x_wconf 86' lang='lat' dir='ltr'><strong>secundum</strong></span> <span class='ocrx_word' id='word_1_271' title='bbox 1068 2052 1207 2120; x_wconf 74' lang='lat' dir='ltr'><strong>(cmi.</strong></span> <span class='ocrx_word' id='word_1_272' title='bbox 1238 2050 1294 2119; x_wconf 89' lang='lat'><strong>8)</strong></span> <span class='ocrx_word' id='word_1_273' title='bbox 1324 2068 1338 2104; x_wconf 89' lang='lat'><strong>:</strong></span> <span class='ocrx_word' id='word_1_274' title='bbox 1374 2070 1389 2101; x_wconf 77' lang='grc' dir='ltr'><strong><em>ι</em></strong></span> <span class='ocrx_word' id='word_1_275' title='bbox 1429 2048 1621 2103; x_wconf 86' lang='lat' dir='ltr'><strong>Clerici</strong></span> <span class='ocrx_word' id='word_1_276' title='bbox 1656 2049 1745 2117; x_wconf 92' lang='lat' dir='ltr'><strong>qui</strong></span> <span class='ocrx_word' id='word_1_277' title='bbox 1775 2047 2083 2117; x_wconf 70' lang='lat' dir='ltr'><strong>[melicium-</strong></span> 
     </span>
    </p>
   </div>
   <div class='ocr_carea' id='block_1_37' title="bbox 503 2124 2081 2211">
    <p class='ocr_par' dir='ltr' id='par_1_37' title="bbox 503 2124 2081 2211">
     <span class='ocr_line' id='line_1_37' title="bbox 503 2124 2081 2211; baseline -0.004 -15"><span class='ocrx_word' id='word_1_278' title='bbox 503 2150 595 2197; x_wconf 90' lang='lat' dir='ltr'><strong>tur</strong></span> <span class='ocrx_word' id='word_1_279' title='bbox 622 2143 884 2211; x_wconf 89' lang='lat' dir='ltr'><strong>ptochiis,</strong></span> <span class='ocrx_word' id='word_1_280' title='bbox 911 2142 994 2196; x_wconf 93' lang='lat' dir='ltr'><strong>vcl</strong></span> <span class='ocrx_word' id='word_1_281' title='bbox 1024 2142 1113 2211; x_wconf 92' lang='lat' dir='ltr'><strong>qui</strong></span> <span class='ocrx_word' id='word_1_282' title='bbox 1158 2142 1482 2195; x_wconf 86' lang='lat' dir='ltr'><strong>ordinantur</strong></span> <span class='ocrx_word' id='word_1_283' title='bbox 1525 2140 1577 2194; x_wconf 91' lang='lat' dir='ltr'><strong>in</strong></span> <span class='ocrx_word' id='word_1_284' title='bbox 1623 2124 1988 2201; x_wconf 71' lang='lat' dir='ltr'><strong>monasteriis,</strong></span> <span class='ocrx_word' id='word_1_285' title='bbox 2029 2145 2081 2191; x_wconf 88' lang='lat' dir='ltr'><strong>et</strong></span> 
     </span>
    </p>
   </div>
   <div class='ocr_carea' id='block_1_38' title="bbox 502 2229 2083 2302">
    <p class='ocr_par' dir='ltr' id='par_1_38' title="bbox 502 2229 2083 2302">
     <span class='ocr_line' id='line_1_38' title="bbox 502 2229 2083 2302; baseline -0.004 -16"><span class='ocrx_word' id='word_1_286' title='bbox 502 2229 744 2287; x_wconf 84' lang='lat' dir='ltr'><strong>basilicis</strong></span> <span class='ocrx_word' id='word_1_287' title='bbox 775 2240 1095 2302; x_wconf 87' lang='lat' dir='ltr'><strong>martyrum,</strong></span> <span class='ocrx_word' id='word_1_288' title='bbox 1122 2232 1221 2285; x_wconf 92' lang='lat' dir='ltr'><strong>sub</strong></span> <span class='ocrx_word' id='word_1_289' title='bbox 1249 2231 1623 2301; x_wconf 78' lang='lat' dir='ltr'><strong>episcoporum</strong></span> <span class='ocrx_word' id='word_1_290' title='bbox 1649 2230 1738 2299; x_wconf 93' lang='lat' dir='ltr'><strong>qui</strong></span> <span class='ocrx_word' id='word_1_291' title='bbox 1771 2230 1822 2283; x_wconf 93' lang='lat' dir='ltr'><strong>in</strong></span> <span class='ocrx_word' id='word_1_292' title='bbox 1846 2244 2083 2298; x_wconf 86' lang='lat' dir='ltr'><strong>unaqua-</strong></span> 
     </span>
    </p>
   </div>
   <div class='ocr_carea' id='block_1_39' title="bbox 504 2319 2093 2394">
    <p class='ocr_par' dir='ltr' id='par_1_39' title="bbox 504 2319 2093 2394">
     <span class='ocr_line' id='line_1_39' title="bbox 504 2319 2093 2394; baseline -0.004 -15"><span class='ocrx_word' id='word_1_293' title='bbox 504 2340 612 2394; x_wconf 89' lang='lat' dir='ltr'><strong>que</strong></span> <span class='ocrx_word' id='word_1_294' title='bbox 632 2325 849 2380; x_wconf 88' lang='lat' dir='ltr'><strong>eivitale</strong></span> <span class='ocrx_word' id='word_1_295' title='bbox 864 2332 1009 2387; x_wconf 89' lang='lat' dir='ltr'><strong>sunt,</strong></span> <span class='ocrx_word' id='word_1_296' title='bbox 1026 2325 1319 2379; x_wconf 87' lang='lat' dir='ltr'><strong>secundum</strong></span> <span class='ocrx_word' id='word_1_297' title='bbox 1343 2332 1651 2377; x_wconf 90' lang='lat' dir='ltr'><strong>sanctorum</strong></span> <span class='ocrx_word' id='word_1_298' title='bbox 1677 2320 1892 2375; x_wconf 85' lang='lat' dir='ltr'><strong>Patrum</strong></span> <span class='ocrx_word' id='word_1_299' title='bbox 1920 2319 2093 2375; x_wconf 49' lang='lat' dir='ltr'><strong>tradi;</strong></span> 
     </span>
    </p>
   </div>
   <div class='ocr_carea' id='block_1_40' title="bbox 505 2415 2082 2487">
    <p class='ocr_par' dir='ltr' id='par_1_40' title="bbox 505 2415 2082 2487">
     <span class='ocr_line' id='line_1_40' title="bbox 505 2415 2082 2487; baseline -0.003 -17"><span class='ocrx_word' id='word_1_300' title='bbox 505 2418 701 2479; x_wconf 87' lang='lat' dir='ltr'><strong>tiones,</strong></span> <span class='ocrx_word' id='word_1_301' title='bbox 733 2425 997 2486; x_wconf 86' lang='lat' dir='ltr'><strong>potestate</strong></span> <span class='ocrx_word' id='word_1_302' title='bbox 1028 2425 1400 2487; x_wconf 87' lang='lat' dir='ltr'><strong>permaneant,</strong></span> <span class='ocrx_word' id='word_1_303' title='bbox 1431 2431 1529 2470; x_wconf 91' lang='lat' dir='ltr'><strong>nec</strong></span> <span class='ocrx_word' id='word_1_304' title='bbox 1561 2432 1659 2485; x_wconf 86' lang='lat' dir='ltr'><strong>per</strong></span> <span class='ocrx_word' id='word_1_305' title='bbox 1685 2415 2082 2469; x_wconf 88' lang='lat' dir='ltr'><strong>contumaciam</strong></span> 
     </span>
    </p>
   </div>
   <div class='ocr_carea' id='block_1_41' title="bbox 504 2506 2086 2578">
    <p class='ocr_par' dir='ltr' id='par_1_41' title="bbox 504 2506 2086 2578">
     <span class='ocr_line' id='line_1_41' title="bbox 504 2506 2086 2578; baseline -0.002 -16"><span class='ocrx_word' id='word_1_306' title='bbox 504 2508 575 2564; x_wconf 85' lang='lat' dir='ltr'><strong>ab</strong></span> <span class='ocrx_word' id='word_1_307' title='bbox 615 2509 865 2578; x_wconf 88' lang='lat' dir='ltr'><strong>episeopo</strong></span> <span class='ocrx_word' id='word_1_308' title='bbox 893 2524 991 2564; x_wconf 87' lang='lat' dir='ltr'><strong>suo</strong></span> <span class='ocrx_word' id='word_1_309' title='bbox 1030 2507 1319 2563; x_wconf 90' lang='lat' dir='ltr'><strong>dissiliant.</strong></span> <span class='ocrx_word' id='word_1_310' title='bbox 1350 2507 1449 2575; x_wconf 89' lang='lat' dir='ltr'><strong>Qui</strong></span> <span class='ocrx_word' id='word_1_311' title='bbox 1477 2522 1606 2562; x_wconf 85' lang='lat' dir='ltr'><strong>vero</strong></span> <span class='ocrx_word' id='word_1_312' title='bbox 1644 2506 1841 2561; x_wconf 90' lang='lat' dir='ltr'><strong>audent</strong></span> <span class='ocrx_word' id='word_1_313' title='bbox 1870 2520 2086 2575; x_wconf 86' lang='lat' dir='ltr'><strong>perver-</strong></span> 
     </span>
    </p>
   </div>
   <div class='ocr_carea' id='block_1_42' title="bbox 506 2598 2087 2669">
    <p class='ocr_par' dir='ltr' id='par_1_42' title="bbox 506 2598 2087 2669">
     <span class='ocr_line' id='line_1_42' title="bbox 506 2598 2087 2669; baseline -0.004 -14"><span class='ocrx_word' id='word_1_314' title='bbox 506 2600 962 2668; x_wconf 84' lang='lat' dir='ltr'><strong>tere_hnjusmodi</strong></span> <span class='ocrx_word' id='word_1_315' title='bbox 1006 2598 1233 2655; x_wconf 88' lang='lat' dir='ltr'><strong>formam</strong></span> <span class='ocrx_word' id='word_1_316' title='bbox 1277 2614 1599 2669; x_wconf 89' lang='lat' dir='ltr'><strong>quocunque</strong></span> <span class='ocrx_word' id='word_1_317' title='bbox 1630 2600 1811 2661; x_wconf 91' lang='lat' dir='ltr'><strong>modo,</strong></span> <span class='ocrx_word' id='word_1_318' title='bbox 1839 2614 1937 2651; x_wconf 90' lang='lat' dir='ltr'><strong>nec</strong></span> <span class='ocrx_word' id='word_1_319' title='bbox 1968 2612 2087 2666; x_wconf 89' lang='lat' dir='ltr'><strong>pro-</strong></span> 
     </span>
    </p>
   </div>
   <div class='ocr_carea' id='block_1_43' title="bbox 505 2690 2083 2762">
    <p class='ocr_par' dir='ltr' id='par_1_43' title="bbox 505 2690 2083 2762">
     <span class='ocr_line' id='line_1_43' title="bbox 505 2690 2083 2762; baseline -0.001 -18"><span class='ocrx_word' id='word_1_320' title='bbox 505 2692 624 2762; x_wconf 84' lang='lat' dir='ltr'><strong>prio</strong></span> <span class='ocrx_word' id='word_1_321' title='bbox 667 2692 1028 2761; x_wconf 85' lang='lat' dir='ltr'><strong>subjiciuntur</strong></span> <span class='ocrx_word' id='word_1_322' title='bbox 1056 2691 1309 2760; x_wconf 83' lang='lat' dir='ltr'><strong>episcopo</strong></span> <span class='ocrx_word' id='word_1_323' title='bbox 1331 2732 1345 2757; x_wconf 95' lang='lat'><strong>,</strong></span> <span class='ocrx_word' id='word_1_324' title='bbox 1388 2691 1433 2746; x_wconf 88' lang='lat' dir='ltr'><strong>si</strong></span> <span class='ocrx_word' id='word_1_325' title='bbox 1462 2691 1682 2759; x_wconf 84' lang='lat' dir='ltr'><strong>quidem</strong></span> <span class='ocrx_word' id='word_1_326' title='bbox 1712 2690 1892 2746; x_wconf 83' lang='lat' dir='ltr'><strong>clerici</strong></span> <span class='ocrx_word' id='word_1_327' title='bbox 1936 2700 2083 2749; x_wconf 86' lang='lat' dir='ltr'><strong>sunt,</strong></span> 
     </span>
    </p>
   </div>
   <div class='ocr_carea' id='block_1_44' title="bbox 505 2780 2084 2852">
    <p class='ocr_par' dir='ltr' id='par_1_44' title="bbox 505 2780 2084 2852">
     <span class='ocr_line' id='line_1_44' title="bbox 505 2780 2084 2852; baseline -0.001 -16"><span class='ocrx_word' id='word_1_328' title='bbox 505 2797 773 2836; x_wconf 89' lang='lat' dir='ltr'><strong>canonum</strong></span> <span class='ocrx_word' id='word_1_329' title='bbox 823 2783 1255 2852; x_wconf 90' lang='lat' dir='ltr'><strong>correptionibns</strong></span> <span class='ocrx_word' id='word_1_330' title='bbox 1298 2780 1685 2847; x_wconf 76' lang='lat' dir='ltr'><strong>subiacebunt;</strong></span> <span class='ocrx_word' id='word_1_331' title='bbox 1733 2782 1777 2837; x_wconf 92' lang='lat' dir='ltr'><strong>si</strong></span> <span class='ocrx_word' id='word_1_332' title='bbox 1808 2797 1934 2836; x_wconf 89' lang='lat' dir='ltr'><strong>vero</strong></span> <span class='ocrx_word' id='word_1_333' title='bbox 1964 2780 2084 2835; x_wconf 84' lang='lat' dir='ltr'><strong>laici</strong></span> 
     </span>
    </p>
   </div>
   <div class='ocr_carea' id='block_1_45' title="bbox 504 2872 2087 2943">
    <p class='ocr_par' dir='ltr' id='par_1_45' title="bbox 504 2872 2087 2943">
     <span class='ocr_line' id='line_1_45' title="bbox 504 2872 2087 2943; baseline -0.001 -14"><span class='ocrx_word' id='word_1_334' title='bbox 504 2874 590 2929; x_wconf 82' lang='lat' dir='ltr'><strong>vel</strong></span> <span class='ocrx_word' id='word_1_335' title='bbox 618 2874 865 2929; x_wconf 85' lang='lat' dir='ltr'><strong>monachi</strong></span> <span class='ocrx_word' id='word_1_336' title='bbox 900 2873 1131 2939; x_wconf 81' lang='lat' dir='ltr'><strong>fuerint,</strong></span> <span class='ocrx_word' id='word_1_337' title='bbox 1157 2874 1537 2928; x_wconf 90' lang='lat' dir='ltr'><strong>communione</strong></span> <span class='ocrx_word' id='word_1_338' title='bbox 1563 2875 1859 2943; x_wconf 88' lang='lat' dir='ltr'><strong>priventur.</strong></span> <span class='ocrx_word' id='word_1_339' title='bbox 1894 2892 1913 2924; x_wconf 73' lang='grc' dir='ltr'><strong>ι</strong></span> <span class='ocrx_word' id='word_1_340' title='bbox 1946 2872 2087 2940; x_wconf 81' lang='lat' dir='ltr'><strong>Ergo</strong></span> 
     </span>
    </p>
   </div>
   <div class='ocr_carea' id='block_1_46' title="bbox 504 2961 2089 3036">
    <p class='ocr_par' dir='ltr' id='par_1_46' title="bbox 504 2961 2089 3036">
     <span class='ocr_line' id='line_1_46' title="bbox 504 2961 2089 3036; baseline -0.001 -16"><span class='ocrx_word' id='word_1_341' title='bbox 504 2962 864 3020; x_wconf 87' lang='lat' dir='ltr'><strong>ordinationis</strong></span> <span class='ocrx_word' id='word_1_342' title='bbox 892 2966 1082 3020; x_wconf 89' lang='lat' dir='ltr'><strong>modus</strong></span> <span class='ocrx_word' id='word_1_343' title='bbox 1123 2966 1457 3036; x_wconf 79' lang='lat' dir='ltr'><strong>indagandos</strong></span> <span class='ocrx_word' id='word_1_344' title='bbox 1498 2973 1582 3019; x_wconf 90' lang='lat' dir='ltr'><strong>est</strong></span> <span class='ocrx_word' id='word_1_345' title='bbox 1624 2973 1679 3021; x_wconf 91' lang='lat' dir='ltr'><strong>et</strong></span> <span class='ocrx_word' id='word_1_346' title='bbox 1722 2963 1971 3020; x_wconf 89' lang='lat' dir='ltr'><strong>subditis.</strong></span> <span class='ocrx_word' id='word_1_347' title='bbox 2014 2961 2089 3018; x_wconf 87' lang='lat' dir='ltr'><strong>Ut</strong></span> 
     </span>
    </p>
   </div>
   <div class='ocr_carea' id='block_1_47' title="bbox 505 3054 2083 3126">
    <p class='ocr_par' dir='ltr' id='par_1_47' title="bbox 505 3054 2083 3126">
     <span class='ocr_line' id='line_1_47' title="bbox 505 3054 2083 3126; baseline -0.001 -15"><span class='ocrx_word' id='word_1_348' title='bbox 505 3056 637 3111; x_wconf 89' lang='lat' dir='ltr'><strong>item</strong></span> <span class='ocrx_word' id='word_1_349' title='bbox 664 3054 861 3110; x_wconf 92' lang='lat' dir='ltr'><strong>oblitus</strong></span> <span class='ocrx_word' id='word_1_350' title='bbox 903 3072 1000 3126; x_wconf 90' lang='lat' dir='ltr'><strong>per</strong></span> <span class='ocrx_word' id='word_1_351' title='bbox 1037 3055 1186 3110; x_wconf 91' lang='lat' dir='ltr'><strong>illum</strong></span> <span class='ocrx_word' id='word_1_352' title='bbox 1227 3057 1402 3111; x_wconf 75' lang='lat' dir='ltr'><strong>discas</strong></span> <span class='ocrx_word' id='word_1_353' title='bbox 1433 3054 1587 3124; x_wconf 88' lang='lat' dir='ltr'><strong>cujus</strong></span> <span class='ocrx_word' id='word_1_354' title='bbox 1641 3056 1889 3111; x_wconf 74' lang='lat' dir='ltr'><strong>suasione</strong></span> <span class='ocrx_word' id='word_1_355' title='bbox 1935 3055 2083 3109; x_wconf 92' lang='lat' dir='ltr'><strong>illum</strong></span> 
     </span>
    </p>
   </div>
   <div class='ocr_carea' id='block_1_48' title="bbox 507 3140 2159 3219">
    <p class='ocr_par' dir='ltr' id='par_1_48' title="bbox 507 3140 2159 3219">
     <span class='ocr_line' id='line_1_48' title="bbox 507 3140 2159 3219; baseline -0.002 -17"><span class='ocrx_word' id='word_1_356' title='bbox 507 3155 695 3202; x_wconf 89' lang='lat' dir='ltr'><strong>contra</strong></span> <span class='ocrx_word' id='word_1_357' title='bbox 728 3146 941 3215; x_wconf 77' lang='lat' dir='ltr'><strong>regulas</strong></span> <span class='ocrx_word' id='word_1_358' title='bbox 964 3146 1334 3211; x_wconf 86' lang='lat' dir='ltr'><strong>ordinaveris,</strong></span> <span class='ocrx_word' id='word_1_359' title='bbox 1367 3159 1632 3217; x_wconf 86' lang='lat' dir='ltr'><strong>quatenus</strong></span> <span class='ocrx_word' id='word_1_360' title='bbox 1660 3147 1703 3203; x_wconf 88' lang='lat' dir='ltr'><strong>si</strong></span> <span class='ocrx_word' id='word_1_361' title='bbox 1736 3146 1873 3201; x_wconf 87' lang='lat' dir='ltr'><strong>forte</strong></span> <span class='ocrx_word' id='word_1_362' title='bbox 1897 3147 1948 3201; x_wconf 93' lang='lat' dir='ltr'><strong>in</strong></span> <span class='ocrx_word' id='word_1_363' title='bbox 1983 3147 2086 3219; x_wconf 83' lang='lat' dir='ltr'><strong>Sy-</strong></span> <span class='ocrx_word' id='word_1_364' title='bbox 2114 3140 2159 3161; x_wconf 83' lang='lat'><strong><em>“</em></strong></span> 
     </span>
    </p>
   </div>
   <div class='ocr_carea' id='block_1_49' title="bbox 508 3234 2089 3306">
    <p class='ocr_par' dir='ltr' id='par_1_49' title="bbox 508 3234 2089 3306">
     <span class='ocr_line' id='line_1_49' title="bbox 508 3234 2089 3306; baseline -0.001 -15"><span class='ocrx_word' id='word_1_365' title='bbox 508 3236 651 3291; x_wconf 89' lang='lat' dir='ltr'><strong>nodo</strong></span> <span class='ocrx_word' id='word_1_366' title='bbox 694 3236 1066 3306; x_wconf 87' lang='lat' dir='ltr'><strong>episcoporum</strong></span> <span class='ocrx_word' id='word_1_367' title='bbox 1102 3236 1225 3291; x_wconf 87' lang='lat' dir='ltr'><strong>inde</strong></span> <span class='ocrx_word' id='word_1_368' title='bbox 1253 3234 1603 3305; x_wconf 89' lang='lat' dir='ltr'><strong>compellatus</strong></span> <span class='ocrx_word' id='word_1_369' title='bbox 1648 3234 1839 3298; x_wconf 87' lang='lat' dir='ltr'><strong>fueris,</strong></span> <span class='ocrx_word' id='word_1_370' title='bbox 1886 3235 2089 3290; x_wconf 85' lang='lat' dir='ltr'><strong>habeas</strong></span> 
     </span>
    </p>
   </div>
   <div class='ocr_carea' id='block_1_50' title="bbox 506 3326 2089 3398">
    <p class='ocr_par' dir='ltr' id='par_1_50' title="bbox 506 3326 2089 3398">
     <span class='ocr_line' id='line_1_50' title="bbox 506 3326 2089 3398; baseline 0.001 -18"><span class='ocrx_word' id='word_1_371' title='bbox 506 3326 637 3398; x_wconf 88' lang='lat' dir='ltr'><strong>quid</strong></span> <span class='ocrx_word' id='word_1_372' title='bbox 669 3327 992 3398; x_wconf 89' lang='lat' dir='ltr'><strong>respondeas</strong></span> <span class='ocrx_word' id='word_1_373' title='bbox 1022 3345 1035 3381; x_wconf 89' lang='lat'><strong>:</strong></span> <span class='ocrx_word' id='word_1_374' title='bbox 1070 3328 1261 3382; x_wconf 89' lang='lat' dir='ltr'><strong>manda</strong></span> <span class='ocrx_word' id='word_1_375' title='bbox 1307 3327 1439 3382; x_wconf 90' lang='lat' dir='ltr'><strong>mihi</strong></span> <span class='ocrx_word' id='word_1_376' title='bbox 1464 3368 1477 3392; x_wconf 88' lang='lat'><strong>,</strong></span> <span class='ocrx_word' id='word_1_377' title='bbox 1523 3335 1579 3381; x_wconf 90' lang='lat' dir='ltr'><strong>et</strong></span> <span class='ocrx_word' id='word_1_378' title='bbox 1619 3341 1719 3397; x_wconf 81' lang='lat' dir='ltr'><strong>ego</strong></span> <span class='ocrx_word' id='word_1_379' title='bbox 1759 3327 1929 3395; x_wconf 77' lang='lat' dir='ltr'><strong>illum,</strong></span> <span class='ocrx_word' id='word_1_380' title='bbox 1956 3341 2089 3389; x_wconf 86' lang='lat' dir='ltr'><strong>quo-</strong></span> 
     </span>
    </p>
   </div>
   <div class='ocr_carea' id='block_1_51' title="bbox 506 3419 2090 3489">
    <p class='ocr_par' dir='ltr' id='par_1_51' title="bbox 506 3419 2090 3489">
     <span class='ocr_line' id='line_1_51' title="bbox 506 3419 2090 3489; baseline 0.001 -15"><span class='ocrx_word' id='word_1_381' title='bbox 506 3419 654 3474; x_wconf 85' lang='lat' dir='ltr'><strong>niam</strong></span> <span class='ocrx_word' id='word_1_382' title='bbox 680 3428 877 3474; x_wconf 69' lang='lat' dir='ltr'><strong>nostrze</strong></span> <span class='ocrx_word' id='word_1_383' title='bbox 919 3419 1171 3475; x_wconf 74' lang='lat' dir='ltr'><strong>Ecclesia:</strong></span> <span class='ocrx_word' id='word_1_384' title='bbox 1202 3428 1285 3475; x_wconf 87' lang='lat' dir='ltr'><strong>est</strong></span> <span class='ocrx_word' id='word_1_385' title='bbox 1315 3420 1639 3489; x_wconf 89' lang='lat' dir='ltr'><strong>mancipium</strong></span> <span class='ocrx_word' id='word_1_386' title='bbox 1669 3419 1810 3474; x_wconf 88' lang='lat' dir='ltr'><strong>nulla</strong></span> <span class='ocrx_word' id='word_1_387' title='bbox 1842 3420 2090 3475; x_wconf 87' lang='lat' dir='ltr'><strong>libertate</strong></span> 
     </span>
    </p>
   </div>
   <div class='ocr_carea' id='block_1_52' title="bbox 508 3509 2086 3583">
    <p class='ocr_par' dir='ltr' id='par_1_52' title="bbox 508 3509 2086 3583">
     <span class='ocr_line' id='line_1_52' title="bbox 508 3509 2086 3583; baseline 0 -18"><span class='ocrx_word' id='word_1_388' title='bbox 508 3509 789 3575; x_wconf 87' lang='lat' dir='ltr'><strong>donatum,</strong></span> <span class='ocrx_word' id='word_1_389' title='bbox 836 3525 936 3581; x_wconf 90' lang='lat' dir='ltr'><strong>per</strong></span> <span class='ocrx_word' id='word_1_390' title='bbox 979 3527 1129 3568; x_wconf 90' lang='lat' dir='ltr'><strong>meos</strong></span> <span class='ocrx_word' id='word_1_391' title='bbox 1172 3512 1368 3567; x_wconf 89' lang='lat' dir='ltr'><strong>missos</strong></span> <span class='ocrx_word' id='word_1_392' title='bbox 1416 3512 1510 3567; x_wconf 92' lang='lat' dir='ltr'><strong>tibi</strong></span> <span class='ocrx_word' id='word_1_393' title='bbox 1543 3512 1596 3566; x_wconf 94' lang='lat' dir='ltr'><strong>in</strong></span> <span class='ocrx_word' id='word_1_394' title='bbox 1641 3511 1903 3583; x_wconf 87' lang='lat' dir='ltr'><strong>synodum</strong></span> <span class='ocrx_word' id='word_1_395' title='bbox 1943 3519 2086 3565; x_wconf 87' lang='lat' dir='ltr'><strong>tuam</strong></span> 
     </span>
    </p>
   </div>
   <div class='ocr_carea' id='block_1_53' title="bbox 507 3601 2090 3673">
    <p class='ocr_par' dir='ltr' id='par_1_53' title="bbox 507 3601 2090 3673">
     <span class='ocr_line' id='line_1_53' title="bbox 507 3601 2090 3673; baseline 0 -17"><span class='ocrx_word' id='word_1_396' title='bbox 507 3601 895 3667; x_wconf 88' lang='lat' dir='ltr'><strong>transmittam,</strong></span> <span class='ocrx_word' id='word_1_397' title='bbox 933 3612 993 3658; x_wconf 90' lang='lat' dir='ltr'><strong>ut</strong></span> <span class='ocrx_word' id='word_1_398' title='bbox 1020 3602 1199 3659; x_wconf 88' lang='lat' dir='ltr'><strong>discas</strong></span> <span class='ocrx_word' id='word_1_399' title='bbox 1225 3604 1366 3673; x_wconf 92' lang='lat' dir='ltr'><strong>quod</strong></span> <span class='ocrx_word' id='word_1_400' title='bbox 1392 3602 1584 3667; x_wconf 88' lang='lat' dir='ltr'><strong>beatus</strong></span> <span class='ocrx_word' id='word_1_401' title='bbox 1620 3602 1730 3658; x_wconf 86' lang='lat' dir='ltr'><strong>Leo</strong></span> <span class='ocrx_word' id='word_1_402' title='bbox 1774 3602 1842 3657; x_wconf 91' lang='lat' dir='ltr'><strong>ad</strong></span> <span class='ocrx_word' id='word_1_403' title='bbox 1886 3601 2090 3656; x_wconf 81' lang='lat' dir='ltr'><strong>Anato-</strong></span> 
     </span>
    </p>
   </div>
   <div class='ocr_carea' id='block_1_54' title="bbox 506 3688 2085 3763">
    <p class='ocr_par' dir='ltr' id='par_1_54' title="bbox 506 3688 2085 3763">
     <span class='ocr_line' id='line_1_54' title="bbox 506 3688 2085 3763; baseline 0 -19"><span class='ocrx_word' id='word_1_404' title='bbox 506 3688 637 3744; x_wconf 87' lang='lat' dir='ltr'><strong>lium</strong></span> <span class='ocrx_word' id='word_1_405' title='bbox 668 3690 1318 3762; x_wconf 87' lang='lat' dir='ltr'><strong>Constantinopolitanum</strong></span> <span class='ocrx_word' id='word_1_406' title='bbox 1353 3692 1659 3763; x_wconf 90' lang='lat' dir='ltr'><strong>episcopum</strong></span> <span class='ocrx_word' id='word_1_407' title='bbox 1687 3691 1875 3747; x_wconf 90' lang='lat' dir='ltr'><strong>scribit</strong></span> <span class='ocrx_word' id='word_1_408' title='bbox 1906 3693 2085 3763; x_wconf 81' lang='lat' dir='ltr'><strong>(epist.</strong></span> 
     </span>
    </p>
   </div>
   <div class='ocr_carea' id='block_1_55' title="bbox 507 3777 2086 3853">
    <p class='ocr_par' dir='ltr' id='par_1_55' title="bbox 507 3777 2086 3853">
     <span class='ocr_line' id='line_1_55' title="bbox 507 3777 2086 3853; baseline 0.002 -19"><span class='ocrx_word' id='word_1_409' title='bbox 507 3777 621 3850; x_wconf 88' lang='lat'><strong>87),</strong></span> <span class='ocrx_word' id='word_1_410' title='bbox 648 3781 771 3848; x_wconf 88' lang='lat' dir='ltr'><strong>quia</strong></span> <span class='ocrx_word' id='word_1_411' title='bbox 805 3800 824 3831; x_wconf 74' lang='grc' dir='ltr'>ι</span> <span class='ocrx_word' id='word_1_412' title='bbox 854 3781 994 3835; x_wconf 91' lang='lat' dir='ltr'><strong>sicut</strong></span> <span class='ocrx_word' id='word_1_413' title='bbox 1022 3782 1074 3835; x_wconf 92' lang='lat' dir='ltr'><strong>in</strong></span> <span class='ocrx_word' id='word_1_414' title='bbox 1111 3781 1249 3835; x_wconf 89' lang='lat' dir='ltr'><strong>mala</strong></span> <span class='ocrx_word' id='word_1_415' title='bbox 1278 3783 1528 3853; x_wconf 70' lang='lat' dir='ltr'><strong>suasione</strong></span> <span class='ocrx_word' id='word_1_416' title='bbox 1559 3782 1904 3852; x_wconf 88' lang='lat' dir='ltr'><strong>delinquitur,</strong></span> <span class='ocrx_word' id='word_1_417' title='bbox 1938 3782 2007 3836; x_wconf 90' lang='lat' dir='ltr'><strong>ita</strong></span> <span class='ocrx_word' id='word_1_418' title='bbox 2030 3791 2086 3837; x_wconf 89' lang='lat' dir='ltr'><strong>et</strong></span> 
     </span>
    </p>
   </div>
   <div class='ocr_carea' id='block_1_56' title="bbox 509 3868 2091 3942">
    <p class='ocr_par' dir='ltr' id='par_1_56' title="bbox 509 3868 2091 3942">
     <span class='ocr_line' id='line_1_56' title="bbox 509 3868 2091 3942; baseline 0.002 -19"><span class='ocrx_word' id='word_1_419' title='bbox 509 3868 565 3923; x_wconf 89' lang='lat' dir='ltr'><strong>in</strong></span> <span class='ocrx_word' id='word_1_420' title='bbox 596 3870 736 3925; x_wconf 88' lang='lat' dir='ltr'><strong>mala</strong></span> <span class='ocrx_word' id='word_1_421' title='bbox 769 3872 1123 3926; x_wconf 89' lang='lat' dir='ltr'><strong>consensione</strong></span> <span class='ocrx_word' id='word_1_422' title='bbox 1149 3880 1420 3942; x_wconf 89' lang='lat' dir='ltr'><strong>peccatur.</strong></span> <span class='ocrx_word' id='word_1_423' title='bbox 1447 3891 1466 3925; x_wconf 75' lang='grc' dir='ltr'><strong><em>ι</em></strong></span> <span class='ocrx_word' id='word_1_424' title='bbox 1499 3872 1700 3942; x_wconf 86' lang='lat' dir='ltr'><strong>Stupeo</strong></span> <span class='ocrx_word' id='word_1_425' title='bbox 1730 3881 1783 3927; x_wconf 91' lang='lat' dir='ltr'><strong>et</strong></span> <span class='ocrx_word' id='word_1_426' title='bbox 1828 3873 1880 3927; x_wconf 91' lang='lat' dir='ltr'><strong>in</strong></span> <span class='ocrx_word' id='word_1_427' title='bbox 1921 3873 2005 3928; x_wconf 93' lang='lat' dir='ltr'><strong>his</strong></span> <span class='ocrx_word' id='word_1_428' title='bbox 2036 3882 2091 3927; x_wconf 89' lang='lat' dir='ltr'><strong>ct</strong></span> 
     </span>
    </p>
   </div>
   <div class='ocr_carea' id='block_1_57' title="bbox 509 3959 2089 4035">
    <p class='ocr_par' dir='ltr' id='par_1_57' title="bbox 509 3959 2089 4035">
     <span class='ocr_line' id='line_1_57' title="bbox 509 3959 2089 4035; baseline 0.003 -21"><span class='ocrx_word' id='word_1_429' title='bbox 509 3959 565 4014; x_wconf 86' lang='lat' dir='ltr'><strong>in</strong></span> <span class='ocrx_word' id='word_1_430' title='bbox 600 3959 750 4028; x_wconf 89' lang='lat' dir='ltr'><strong>ipsis,</strong></span> <span class='ocrx_word' id='word_1_431' title='bbox 781 3976 900 4029; x_wconf 71' lang='lat' dir='ltr'><strong>quae</strong></span> <span class='ocrx_word' id='word_1_432' title='bbox 930 3963 1177 4030; x_wconf 89' lang='lat' dir='ltr'><strong>superius</strong></span> <span class='ocrx_word' id='word_1_433' title='bbox 1200 3978 1322 4017; x_wconf 92' lang='lat' dir='ltr'><strong>cum</strong></span> <span class='ocrx_word' id='word_1_434' title='bbox 1350 3962 1508 4018; x_wconf 88' lang='lat' dir='ltr'><strong>beato</strong></span> <span class='ocrx_word' id='word_1_435' title='bbox 1537 3963 1800 4035; x_wconf 79' lang='lat' dir='ltr'><strong>Gregorio</strong></span> <span class='ocrx_word' id='word_1_436' title='bbox 1827 3965 2089 4035; x_wconf 76' lang='lat' dir='ltr'><strong>prmdica-</strong></span> 
     </span>
    </p>
   </div>
   <div class='ocr_carea' id='block_1_58' title="bbox 509 4047 2084 4123">
    <p class='ocr_par' dir='ltr' id='par_1_58' title="bbox 509 4047 2084 4123">
     <span class='ocr_line' id='line_1_58' title="bbox 509 4047 2084 4123; baseline 0.003 -19"><span class='ocrx_word' id='word_1_437' title='bbox 509 4047 707 4104; x_wconf 89' lang='lat' dir='ltr'><strong>bilibus</strong></span> <span class='ocrx_word' id='word_1_438' title='bbox 734 4051 1088 4120; x_wconf 89' lang='lat' dir='ltr'><strong>proposuistis</strong></span> <span class='ocrx_word' id='word_1_439' title='bbox 1117 4053 1528 4119; x_wconf 64' lang='lat' dir='ltr'><strong>praesentialiter</strong></span> <span class='ocrx_word' id='word_1_440' title='bbox 1553 4054 1769 4123; x_wconf 88' lang='lat' dir='ltr'><strong>scriptis</strong></span> <span class='ocrx_word' id='word_1_441' title='bbox 1799 4054 2041 4109; x_wconf 91' lang='lat' dir='ltr'><strong>dicentes</strong></span> <span class='ocrx_word' id='word_1_442' title='bbox 2070 4070 2084 4109; x_wconf 91' lang='lat'><strong>:</strong></span> 
     </span>
    </p>
   </div>
   <div class='ocr_carea' id='block_1_59' title="bbox 516 4133 2090 4214">
    <p class='ocr_par' dir='ltr' id='par_1_59' title="bbox 516 4133 2090 4214">
     <span class='ocr_line' id='line_1_59' title="bbox 516 4133 2090 4214; baseline 0.006 -26"><span class='ocrx_word' id='word_1_443' title='bbox 516 4155 536 4188; x_wconf 73' lang='grc' dir='ltr'>ι</span> <span class='ocrx_word' id='word_1_444' title='bbox 564 4133 872 4192; x_wconf 64' lang='lat' dir='ltr'><strong>Praesertim</strong></span> <span class='ocrx_word' id='word_1_445' title='bbox 902 4154 1024 4193; x_wconf 92' lang='lat' dir='ltr'><strong>cum</strong></span> <span class='ocrx_word' id='word_1_446' title='bbox 1064 4141 1331 4196; x_wconf 85' lang='lat' dir='ltr'><strong>neminem</strong></span> <span class='ocrx_word' id='word_1_447' title='bbox 1360 4142 1591 4212; x_wconf 86' lang='lat' dir='ltr'><strong>pastoris</strong></span> <span class='ocrx_word' id='word_1_448' title='bbox 1629 4141 1936 4214; x_wconf 83' lang='lat' dir='ltr'><strong>fungentem</strong></span> <span class='ocrx_word' id='word_1_449' title='bbox 1975 4142 2090 4198; x_wconf 82' lang='lat' dir='ltr'><strong>olli-</strong></span> 
     </span>
    </p>
   </div>
   <div class='ocr_carea' id='block_1_60' title="bbox 510 4227 2088 4303">
    <p class='ocr_par' dir='ltr' id='par_1_60' title="bbox 510 4227 2088 4303">
     <span class='ocr_line' id='line_1_60' title="bbox 510 4227 2088 4303; baseline 0.005 -21"><span class='ocrx_word' id='word_1_450' title='bbox 510 4228 597 4283; x_wconf 93' lang='lat' dir='ltr'><strong>cio</strong></span> <span class='ocrx_word' id='word_1_451' title='bbox 638 4227 805 4283; x_wconf 87' lang='lat' dir='ltr'><strong>latere</strong></span> <span class='ocrx_word' id='word_1_452' title='bbox 848 4231 1061 4294; x_wconf 88' lang='lat' dir='ltr'><strong>debeat,</strong></span> <span class='ocrx_word' id='word_1_453' title='bbox 1086 4233 1211 4301; x_wconf 88' lang='lat' dir='ltr'><strong>quia</strong></span> <span class='ocrx_word' id='word_1_454' title='bbox 1243 4235 1293 4287; x_wconf 93' lang='lat' dir='ltr'><strong>in</strong></span> <span class='ocrx_word' id='word_1_455' title='bbox 1324 4234 1668 4303; x_wconf 80' lang='lat' dir='ltr'><strong>exsequendo</strong></span> <span class='ocrx_word' id='word_1_456' title='bbox 1706 4235 1889 4290; x_wconf 89' lang='lat' dir='ltr'><strong>divino</strong></span> <span class='ocrx_word' id='word_1_457' title='bbox 1931 4236 2088 4291; x_wconf 88' lang='lat' dir='ltr'><strong>mini-</strong></span> 
     </span>
    </p>
   </div>
   <div class='ocr_carea' id='block_1_61' title="bbox 510 4320 2084 4396">
    <p class='ocr_par' dir='ltr' id='par_1_61' title="bbox 510 4320 2084 4396">
     <span class='ocr_line' id='line_1_61' title="bbox 510 4320 2084 4396; baseline 0.003 -21"><span class='ocrx_word' id='word_1_458' title='bbox 510 4320 698 4385; x_wconf 84' lang='lat' dir='ltr'><strong>sterio,</strong></span> <span class='ocrx_word' id='word_1_459' title='bbox 738 4321 878 4376; x_wconf 85' lang='lat' dir='ltr'><strong>sicut</strong></span> <span class='ocrx_word' id='word_1_460' title='bbox 919 4323 1116 4378; x_wconf 90' lang='lat' dir='ltr'><strong>nullius</strong></span> <span class='ocrx_word' id='word_1_461' title='bbox 1163 4326 1334 4391; x_wconf 77' lang='lat' dir='ltr'><strong>gratia</strong></span> <span class='ocrx_word' id='word_1_462' title='bbox 1381 4326 1446 4379; x_wconf 89' lang='lat' dir='ltr'><strong>ad</strong></span> <span class='ocrx_word' id='word_1_463' title='bbox 1496 4326 1731 4381; x_wconf 88' lang='lat' dir='ltr'><strong>indebita</strong></span> <span class='ocrx_word' id='word_1_464' title='bbox 1777 4326 2084 4396; x_wconf 87' lang='lat' dir='ltr'><strong>provocari,</strong></span> 
     </span>
    </p>
   </div>
   <div class='ocr_carea' id='block_1_62' title="bbox 2189 1861 3785 1934">
    <p class='ocr_par' dir='ltr' id='par_1_62' title="bbox 2189 1861 3785 1934">
     <span class='ocr_line' id='line_1_62' title="bbox 2189 1861 3785 1934; baseline 0.001 -18"><span class='ocrx_word' id='word_1_465' title='bbox 2189 1863 2453 1931; x_wconf 67' lang='lat' dir='ltr'><strong>displicet.</strong></span> <span class='ocrx_word' id='word_1_466' title='bbox 2485 1861 2577 1917; x_wconf 85' lang='lat' dir='ltr'><strong>llle</strong></span> <span class='ocrx_word' id='word_1_467' title='bbox 2612 1873 2792 1920; x_wconf 88' lang='lat' dir='ltr'><strong>tamen</strong></span> <span class='ocrx_word' id='word_1_468' title='bbox 2821 1865 2864 1919; x_wconf 90' lang='lat' dir='ltr'><strong>si</strong></span> <span class='ocrx_word' id='word_1_469' title='bbox 2894 1865 3173 1919; x_wconf 88' lang='lat' dir='ltr'><strong>intraverit</strong></span> <span class='ocrx_word' id='word_1_470' title='bbox 3201 1879 3302 1934; x_wconf 90' lang='lat' dir='ltr'><strong>per</strong></span> <span class='ocrx_word' id='word_1_471' title='bbox 3324 1866 3557 1930; x_wconf 91' lang='lat' dir='ltr'><strong>ostium,</strong></span> <span class='ocrx_word' id='word_1_472' title='bbox 3589 1864 3785 1917; x_wconf 82' lang='lat' dir='ltr'><strong>retine-</strong></span> 
     </span>
    </p>
   </div>
   <div class='ocr_carea' id='block_1_63' title="bbox 2185 1955 3783 2023">
    <p class='ocr_par' dir='ltr' id='par_1_63' title="bbox 2185 1955 3783 2023">
     <span class='ocr_line' id='line_1_63' title="bbox 2185 1955 3783 2023; baseline -0.001 -13"><span class='ocrx_word' id='word_1_473' title='bbox 2185 1955 2266 2011; x_wconf 92' lang='lat' dir='ltr'><strong>bit</strong></span> <span class='ocrx_word' id='word_1_474' title='bbox 2292 1971 2414 2010; x_wconf 90' lang='lat' dir='ltr'><strong>eum</strong></span> <span class='ocrx_word' id='word_1_475' title='bbox 2447 1955 2587 2011; x_wconf 89' lang='lat' dir='ltr'><strong>ovile</strong></span> <span class='ocrx_word' id='word_1_476' title='bbox 2611 1957 2823 2023; x_wconf 82' lang='lat' dir='ltr'><strong>ovium;</strong></span> <span class='ocrx_word' id='word_1_477' title='bbox 2855 1958 2936 2012; x_wconf 92' lang='lat' dir='ltr'><strong>sin</strong></span> <span class='ocrx_word' id='word_1_478' title='bbox 2959 1966 3139 2012; x_wconf 91' lang='lat' dir='ltr'><strong>autem</strong></span> <span class='ocrx_word' id='word_1_479' title='bbox 3162 1957 3412 2012; x_wconf 85' lang='lat' dir='ltr'><strong>ascendit</strong></span> <span class='ocrx_word' id='word_1_480' title='bbox 3437 1972 3513 2010; x_wconf 76' lang='lat' dir='ltr'><strong>ex</strong></span> <span class='ocrx_word' id='word_1_481' title='bbox 3540 1958 3783 2016; x_wconf 75' lang='lat' dir='ltr'><strong>adverse,</strong></span> 
     </span>
    </p>
   </div>
   <div class='ocr_carea' id='block_1_64' title="bbox 2188 2044 3782 2114">
    <p class='ocr_par' dir='ltr' id='par_1_64' title="bbox 2188 2044 3782 2114">
     <span class='ocr_line' id='line_1_64' title="bbox 2188 2044 3782 2114; baseline -0.003 -15"><span class='ocrx_word' id='word_1_482' title='bbox 2188 2060 2250 2100; x_wconf 89' lang='lat' dir='ltr'><strong>ac</strong></span> <span class='ocrx_word' id='word_1_483' title='bbox 2273 2044 2415 2100; x_wconf 86' lang='lat' dir='ltr'><strong>velut</strong></span> <span class='ocrx_word' id='word_1_484' title='bbox 2450 2045 2535 2100; x_wconf 91' lang='lat' dir='ltr'><strong>fur</strong></span> <span class='ocrx_word' id='word_1_485' title='bbox 2557 2046 2793 2110; x_wconf 79' lang='lat' dir='ltr'><strong>aliunde,</strong></span> <span class='ocrx_word' id='word_1_486' title='bbox 2817 2045 3117 2114; x_wconf 71' lang='lat' dir='ltr'><strong>expelletur</strong></span> <span class='ocrx_word' id='word_1_487' title='bbox 3142 2054 3204 2099; x_wconf 93' lang='lat' dir='ltr'><strong>ut</strong></span> <span class='ocrx_word' id='word_1_488' title='bbox 3226 2044 3391 2099; x_wconf 87' lang='lat' dir='ltr'><strong>latro.</strong></span> <span class='ocrx_word' id='word_1_489' title='bbox 3416 2044 3579 2111; x_wconf 85' lang='lat' dir='ltr'><strong>Quod</strong></span> <span class='ocrx_word' id='word_1_490' title='bbox 3609 2054 3782 2097; x_wconf 73' lang='lat' dir='ltr'><strong>autem</strong></span> 
     </span>
    </p>
   </div>
   <div class='ocr_carea' id='block_1_65' title="bbox 2189 2136 3781 2207">
    <p class='ocr_par' dir='ltr' id='par_1_65' title="bbox 2189 2136 3781 2207">
     <span class='ocr_line' id='line_1_65' title="bbox 2189 2136 3781 2207; baseline -0.002 -16"><span class='ocrx_word' id='word_1_491' title='bbox 2189 2138 2321 2191; x_wconf 91' lang='lat' dir='ltr'><strong>mihi</strong></span> <span class='ocrx_word' id='word_1_492' title='bbox 2369 2138 2437 2192; x_wconf 89' lang='lat' dir='ltr'><strong>de</strong></span> <span class='ocrx_word' id='word_1_493' title='bbox 2483 2138 2670 2192; x_wconf 89' lang='lat' dir='ltr'><strong>eodem</strong></span> <span class='ocrx_word' id='word_1_494' title='bbox 2715 2137 2954 2193; x_wconf 85' lang='lat' dir='ltr'><strong>scribitis</strong></span> <span class='ocrx_word' id='word_1_495' title='bbox 2980 2137 3052 2192; x_wconf 88' lang='lat' dir='ltr'><strong>ita</strong></span> <span class='ocrx_word' id='word_1_496' title='bbox 3088 2155 3101 2192; x_wconf 89' lang='lat'><strong>:</strong></span> <span class='ocrx_word' id='word_1_497' title='bbox 3141 2156 3159 2188; x_wconf 75' lang='grc' dir='ltr'>ι</span> <span class='ocrx_word' id='word_1_498' title='bbox 3190 2136 3311 2207; x_wconf 87' lang='lat' dir='ltr'><strong>Ipse</strong></span> <span class='ocrx_word' id='word_1_499' title='bbox 3349 2146 3541 2192; x_wconf 87' lang='lat' dir='ltr'><strong>autem</strong></span> <span class='ocrx_word' id='word_1_500' title='bbox 3587 2136 3781 2190; x_wconf 78' lang='lat' dir='ltr'><strong>nullam</strong></span> 
     </span>
    </p>
   </div>
   <div class='ocr_carea' id='block_1_66' title="bbox 2191 2229 3781 2298">
    <p class='ocr_par' dir='ltr' id='par_1_66' title="bbox 2191 2229 3781 2298">
     <span class='ocr_line' id='line_1_66' title="bbox 2191 2229 3781 2298; baseline -0.001 -14"><span class='ocrx_word' id='word_1_501' title='bbox 2191 2230 2476 2295; x_wconf 84' lang='lat' dir='ltr'><strong>rationem,</strong></span> <span class='ocrx_word' id='word_1_502' title='bbox 2502 2230 2763 2298; x_wconf 80' lang='lat' dir='ltr'><strong>spoliatus</strong></span> <span class='ocrx_word' id='word_1_503' title='bbox 2788 2240 2979 2285; x_wconf 86' lang='lat' dir='ltr'><strong>contra</strong></span> <span class='ocrx_word' id='word_1_504' title='bbox 3002 2230 3267 2285; x_wconf 85' lang='lat' dir='ltr'><strong>rationem</strong></span> <span class='ocrx_word' id='word_1_505' title='bbox 3295 2238 3349 2285; x_wconf 88' lang='lat' dir='ltr'><strong>et</strong></span> <span class='ocrx_word' id='word_1_506' title='bbox 3373 2229 3781 2291; x_wconf 75' lang='lat' dir='ltr'><strong>auctoritatem,</strong></span> 
     </span>
    </p>
   </div>
   <div class='ocr_carea' id='block_1_67' title="bbox 2188 2318 3781 2391">
    <p class='ocr_par' dir='ltr' id='par_1_67' title="bbox 2188 2318 3781 2391">
     <span class='ocr_line' id='line_1_67' title="bbox 2188 2318 3781 2391; baseline 0.002 -20"><span class='ocrx_word' id='word_1_507' title='bbox 2188 2319 2283 2372; x_wconf 84' lang='lat' dir='ltr'><strong>tibi</strong></span> <span class='ocrx_word' id='word_1_508' title='bbox 2331 2318 2455 2374; x_wconf 87' lang='lat' dir='ltr'><strong>inde</strong></span> <span class='ocrx_word' id='word_1_509' title='bbox 2502 2320 2556 2375; x_wconf 81' lang='lat' dir='ltr'><strong>in</strong></span> <span class='ocrx_word' id='word_1_510' title='bbox 2604 2321 2810 2390; x_wconf 87' lang='lat' dir='ltr'><strong>synodo</strong></span> <span class='ocrx_word' id='word_1_511' title='bbox 2854 2320 3173 2391; x_wconf 79' lang='lat' dir='ltr'><strong>regulariter</strong></span> <span class='ocrx_word' id='word_1_512' title='bbox 3202 2320 3439 2377; x_wconf 80' lang='lat' dir='ltr'><strong>reddere</strong></span> <span class='ocrx_word' id='word_1_513' title='bbox 3461 2320 3652 2375; x_wconf 76' lang='lat' dir='ltr'><strong>debet.</strong></span> <span class='ocrx_word' id='word_1_514' title='bbox 3684 2340 3704 2372; x_wconf 71' lang='grc' dir='ltr'><strong><em>ι</em></strong></span> <span class='ocrx_word' id='word_1_515' title='bbox 3742 2320 3781 2374; x_wconf 88' lang='lat'>0</span> 
     </span>
    </p>
   </div>
   <div class='ocr_carea' id='block_1_68' title="bbox 2188 2410 3781 2481">
    <p class='ocr_par' dir='ltr' id='par_1_68' title="bbox 2188 2410 3781 2481">
     <span class='ocr_line' id='line_1_68' title="bbox 2188 2410 3781 2481; baseline 0 -18"><span class='ocrx_word' id='word_1_516' title='bbox 2188 2411 2393 2464; x_wconf 86' lang='lat' dir='ltr'><strong>utinam</strong></span> <span class='ocrx_word' id='word_1_517' title='bbox 2439 2410 2571 2464; x_wconf 88' lang='lat' dir='ltr'><strong>mihi</strong></span> <span class='ocrx_word' id='word_1_518' title='bbox 2615 2411 2975 2481; x_wconf 83' lang='lat' dir='ltr'><strong>qualicunque</strong></span> <span class='ocrx_word' id='word_1_519' title='bbox 3014 2412 3303 2479; x_wconf 87' lang='lat' dir='ltr'><strong>episcopo,</strong></span> <span class='ocrx_word' id='word_1_520' title='bbox 3332 2410 3603 2466; x_wconf 87' lang='lat' dir='ltr'><strong>carcerali</strong></span> <span class='ocrx_word' id='word_1_521' title='bbox 3649 2410 3781 2463; x_wconf 83' lang='lat' dir='ltr'><strong>sicut</strong></span> 
     </span>
    </p>
   </div>
   <div class='ocr_carea' id='block_1_69' title="bbox 2189 2503 3781 2573">
    <p class='ocr_par' dir='ltr' id='par_1_69' title="bbox 2189 2503 3781 2573">
     <span class='ocr_line' id='line_1_69' title="bbox 2189 2503 3781 2573; baseline -0.003 -15"><span class='ocrx_word' id='word_1_522' title='bbox 2189 2503 2341 2558; x_wconf 68' lang='lat' dir='ltr'><strong>scitis</strong></span> <span class='ocrx_word' id='word_1_523' title='bbox 2382 2504 2642 2558; x_wconf 81' lang='lat' dir='ltr'><strong>custodiae</strong></span> <span class='ocrx_word' id='word_1_524' title='bbox 2690 2505 2918 2568; x_wconf 86' lang='lat' dir='ltr'><strong>tradito,</strong></span> <span class='ocrx_word' id='word_1_525' title='bbox 2958 2511 3013 2558; x_wconf 88' lang='lat' dir='ltr'><strong>et</strong></span> <span class='ocrx_word' id='word_1_526' title='bbox 3055 2503 3201 2558; x_wconf 87' lang='lat' dir='ltr'><strong>nullo</strong></span> <span class='ocrx_word' id='word_1_527' title='bbox 3242 2503 3478 2558; x_wconf 76' lang='lat' dir='ltr'><strong>crimine</strong></span> <span class='ocrx_word' id='word_1_528' title='bbox 3521 2503 3781 2573; x_wconf 78' lang='lat' dir='ltr'><strong>appetito,</strong></span> 
     </span>
    </p>
   </div>
   <div class='ocr_carea' id='block_1_70' title="bbox 2190 2595 3777 2668">
    <p class='ocr_par' dir='ltr' id='par_1_70' title="bbox 2190 2595 3777 2668">
     <span class='ocr_line' id='line_1_70' title="bbox 2190 2595 3777 2668; baseline -0.002 -17"><span class='ocrx_word' id='word_1_529' title='bbox 2190 2612 2365 2666; x_wconf 83' lang='lat' dir='ltr'><strong>neque</strong></span> <span class='ocrx_word' id='word_1_530' title='bbox 2392 2597 2650 2668; x_wconf 79' lang='lat' dir='ltr'><strong>synodale</strong></span> <span class='ocrx_word' id='word_1_531' title='bbox 2677 2614 2909 2667; x_wconf 89' lang='lat' dir='ltr'><strong>unquam</strong></span> <span class='ocrx_word' id='word_1_532' title='bbox 2937 2605 3029 2651; x_wconf 86' lang='lat' dir='ltr'><strong>aut</strong></span> <span class='ocrx_word' id='word_1_533' title='bbox 3051 2612 3279 2667; x_wconf 84' lang='lat' dir='ltr'><strong>usquam</strong></span> <span class='ocrx_word' id='word_1_534' title='bbox 3308 2595 3612 2667; x_wconf 78' lang='lat' dir='ltr'><strong>dil’fugienti</strong></span> <span class='ocrx_word' id='word_1_535' title='bbox 3634 2597 3777 2666; x_wconf 80' lang='lat' dir='ltr'><strong>judi-</strong></span> 
     </span>
    </p>
   </div>
   <div class='ocr_carea' id='block_1_71' title="bbox 2191 2688 3783 2759">
    <p class='ocr_par' dir='ltr' id='par_1_71' title="bbox 2191 2688 3783 2759">
     <span class='ocr_line' id='line_1_71' title="bbox 2191 2688 3783 2759; baseline -0.002 -17"><span class='ocrx_word' id='word_1_536' title='bbox 2191 2689 2332 2742; x_wconf 88' lang='lat' dir='ltr'><strong>cium</strong></span> <span class='ocrx_word' id='word_1_537' title='bbox 2365 2689 2539 2759; x_wconf 39' lang='lat' dir='ltr'><strong>,\hoc</strong></span> <span class='ocrx_word' id='word_1_538' title='bbox 2585 2688 2761 2759; x_wconf 91' lang='lat' dir='ltr'><strong>ipsum</strong></span> <span class='ocrx_word' id='word_1_539' title='bbox 2807 2704 2869 2744; x_wconf 86' lang='lat' dir='ltr'><strong>ea</strong></span> <span class='ocrx_word' id='word_1_540' title='bbox 2923 2688 3231 2744; x_wconf 89' lang='lat' dir='ltr'><strong>conditione</strong></span> <span class='ocrx_word' id='word_1_541' title='bbox 3277 2688 3686 2743; x_wconf 83' lang='lat' dir='ltr'><strong>conservaretis</strong></span> <span class='ocrx_word' id='word_1_542' title='bbox 3723 2696 3783 2739; x_wconf 78' lang='lat' dir='ltr'><strong>ut.</strong></span> 
     </span>
    </p>
   </div>
   <div class='ocr_carea' id='block_1_72' title="bbox 2189 2779 3775 2850">
    <p class='ocr_par' dir='ltr' id='par_1_72' title="bbox 2189 2779 3775 2850">
     <span class='ocr_line' id='line_1_72' title="bbox 2189 2779 3775 2850; baseline 0 -19"><span class='ocrx_word' id='word_1_543' title='bbox 2189 2787 2376 2832; x_wconf 89' lang='lat' dir='ltr'><strong>contra</strong></span> <span class='ocrx_word' id='word_1_544' title='bbox 2429 2779 2729 2843; x_wconf 88' lang='lat' dir='ltr'><strong>rationem,</strong></span> <span class='ocrx_word' id='word_1_545' title='bbox 2774 2788 2830 2834; x_wconf 92' lang='lat' dir='ltr'><strong>ct</strong></span> <span class='ocrx_word' id='word_1_546' title='bbox 2867 2780 3170 2850; x_wconf 79' lang='lat' dir='ltr'><strong>apostolica:</strong></span> <span class='ocrx_word' id='word_1_547' title='bbox 3200 2780 3345 2835; x_wconf 88' lang='lat' dir='ltr'><strong>sedis</strong></span> <span class='ocrx_word' id='word_1_548' title='bbox 3372 2780 3775 2841; x_wconf 79' lang='lat' dir='ltr'><strong>auctoritatem,</strong></span> 
     </span>
    </p>
   </div>
   <div class='ocr_carea' id='block_1_73' title="bbox 2190 2870 3765 2942">
    <p class='ocr_par' dir='ltr' id='par_1_73' title="bbox 2190 2870 3765 2942">
     <span class='ocr_line' id='line_1_73' title="bbox 2190 2870 3765 2942; baseline 0.001 -17"><span class='ocrx_word' id='word_1_549' title='bbox 2190 2870 2430 2926; x_wconf 89' lang='lat' dir='ltr'><strong>dolorem</strong></span> <span class='ocrx_word' id='word_1_550' title='bbox 2463 2886 2632 2942; x_wconf 17' lang='lat' dir='ltr'><strong>super.</strong></span> <span class='ocrx_word' id='word_1_551' title='bbox 2655 2872 2849 2927; x_wconf 87' lang='lat' dir='ltr'><strong>vulnus</strong></span> <span class='ocrx_word' id='word_1_552' title='bbox 2894 2873 3178 2938; x_wconf 86' lang='lat' dir='ltr'><strong>addentes,</strong></span> <span class='ocrx_word' id='word_1_553' title='bbox 3206 2884 3264 2937; x_wconf 88' lang='lat' dir='ltr'><strong>et</strong></span> <span class='ocrx_word' id='word_1_554' title='bbox 3306 2874 3608 2930; x_wconf 84' lang='lat' dir='ltr'><strong>inferentes</strong></span> <span class='ocrx_word' id='word_1_555' title='bbox 3644 2873 3765 2927; x_wconf 57' lang='lat' dir='ltr'><strong>mihi</strong></span> 
     </span>
    </p>
   </div>
   <div class='ocr_carea' id='block_1_74' title="bbox 2189 2962 3762 3033">
    <p class='ocr_par' dir='ltr' id='par_1_74' title="bbox 2189 2962 3762 3033">
     <span class='ocr_line' id='line_1_74' title="bbox 2189 2962 3762 3033; baseline -0.001 -16"><span class='ocrx_word' id='word_1_556' title='bbox 2189 2971 2241 3017; x_wconf 85' lang='lat' dir='ltr'><strong>et</strong></span> <span class='ocrx_word' id='word_1_557' title='bbox 2288 2962 2558 3032; x_wconf 73' lang='lat' dir='ltr'><strong>parochia:</strong></span> <span class='ocrx_word' id='word_1_558' title='bbox 2606 2978 2778 3028; x_wconf 67' lang='lat' dir='ltr'><strong>mete,</strong></span> <span class='ocrx_word' id='word_1_559' title='bbox 2827 2973 3015 3017; x_wconf 88' lang='lat' dir='ltr'><strong>contra</strong></span> <span class='ocrx_word' id='word_1_560' title='bbox 3063 2964 3485 3033; x_wconf 87' lang='lat' dir='ltr'><strong>apostolicorum</strong></span> <span class='ocrx_word' id='word_1_561' title='bbox 3534 2966 3762 3019; x_wconf 80' lang='lat' dir='ltr'><strong>omnium</strong></span> 
     </span>
    </p>
   </div>
   <div class='ocr_carea' id='block_1_75' title="bbox 2190 3052 3761 3124">
    <p class='ocr_par' dir='ltr' id='par_1_75' title="bbox 2190 3052 3761 3124">
     <span class='ocr_line' id='line_1_75' title="bbox 2190 3052 3761 3124; baseline -0.001 -17"><span class='ocrx_word' id='word_1_562' title='bbox 2190 3052 2438 3117; x_wconf 81' lang='lat' dir='ltr'><strong>decreta,</strong></span> <span class='ocrx_word' id='word_1_563' title='bbox 2471 3053 2635 3109; x_wconf 88' lang='lat' dir='ltr'><strong>etiam</strong></span> <span class='ocrx_word' id='word_1_564' title='bbox 2677 3056 2745 3109; x_wconf 88' lang='lat' dir='ltr'><strong>ab</strong></span> <span class='ocrx_word' id='word_1_565' title='bbox 2781 3055 3069 3124; x_wconf 88' lang='lat' dir='ltr'><strong>apostolica</strong></span> <span class='ocrx_word' id='word_1_566' title='bbox 3118 3056 3248 3109; x_wconf 78' lang='lat' dir='ltr'><strong>sede</strong></span> <span class='ocrx_word' id='word_1_567' title='bbox 3287 3065 3510 3117; x_wconf 83' lang='lat' dir='ltr'><strong>vocato,</strong></span> <span class='ocrx_word' id='word_1_568' title='bbox 3556 3064 3609 3109; x_wconf 87' lang='lat' dir='ltr'><strong>et</strong></span> <span class='ocrx_word' id='word_1_569' title='bbox 3650 3068 3761 3108; x_wconf 77' lang='lat' dir='ltr'><strong>eam</strong></span> 
     </span>
    </p>
   </div>
   <div class='ocr_carea' id='block_1_76' title="bbox 2190 3132 3767 3216">
    <p class='ocr_par' dir='ltr' id='par_1_76' title="bbox 2190 3132 3767 3216">
     <span class='ocr_line' id='line_1_76' title="bbox 2190 3132 3767 3216; baseline 0.001 -17"><span class='ocrx_word' id='word_1_570' title='bbox 2190 3144 2504 3216; x_wconf 87' lang='lat' dir='ltr'><strong>appellanti,</strong></span> <span class='ocrx_word' id='word_1_571' title='bbox 2533 3144 2904 3216; x_wconf 68' lang='lat' dir='ltr'><strong>prtejudicium</strong></span> <span class='ocrx_word' id='word_1_572' title='bbox 2932 3162 3035 3201; x_wconf 88' lang='lat' dir='ltr'><strong>non</strong></span> <span class='ocrx_word' id='word_1_573' title='bbox 3066 3132 3360 3213; x_wconf 60' lang='lat' dir='ltr'><strong>exigeretis</strong></span> <span class='ocrx_word' id='word_1_574' title='bbox 3382 3161 3415 3199; x_wconf 88' lang='lat' dir='ltr'><strong>a</strong></span> <span class='ocrx_word' id='word_1_575' title='bbox 3444 3161 3532 3201; x_wconf 86' lang='lat' dir='ltr'><strong>me</strong></span> <span class='ocrx_word' id='word_1_576' title='bbox 3556 3160 3767 3213; x_wconf 79' lang='lat' dir='ltr'><strong>respon-</strong></span> 
     </span>
    </p>
   </div>
   <div class='ocr_carea' id='block_1_77' title="bbox 2189 3236 3761 3309">
    <p class='ocr_par' dir='ltr' id='par_1_77' title="bbox 2189 3236 3761 3309">
     <span class='ocr_line' id='line_1_77' title="bbox 2189 3236 3761 3309; baseline -0.003 -16"><span class='ocrx_word' id='word_1_577' title='bbox 2189 3252 2308 3293; x_wconf 89' lang='lat' dir='ltr'><strong>sum</strong></span> <span class='ocrx_word' id='word_1_578' title='bbox 2336 3279 2351 3302; x_wconf 92' lang='lat'><strong>,</strong></span> <span class='ocrx_word' id='word_1_579' title='bbox 2384 3252 2555 3308; x_wconf 91' lang='lat' dir='ltr'><strong>usque</strong></span> <span class='ocrx_word' id='word_1_580' title='bbox 2585 3240 2652 3294; x_wconf 88' lang='lat' dir='ltr'><strong>ad</strong></span> <span class='ocrx_word' id='word_1_581' title='bbox 2699 3237 3010 3309; x_wconf 87' lang='lat' dir='ltr'><strong>synodalem</strong></span> <span class='ocrx_word' id='word_1_582' title='bbox 3057 3236 3248 3292; x_wconf 89' lang='lat' dir='ltr'><strong>saltem</strong></span> <span class='ocrx_word' id='word_1_583' title='bbox 3278 3246 3602 3293; x_wconf 85' lang='lat' dir='ltr'><strong>conventum</strong></span> <span class='ocrx_word' id='word_1_584' title='bbox 3635 3238 3649 3289; x_wconf 88' lang='lat'><strong>!</strong></span> <span class='ocrx_word' id='word_1_585' title='bbox 3678 3236 3761 3304; x_wconf 77' lang='lat' dir='ltr'><strong>qui</strong></span> 
     </span>
    </p>
   </div>
   <div class='ocr_carea' id='block_1_78' title="bbox 2189 3328 3759 3401">
    <p class='ocr_par' dir='ltr' id='par_1_78' title="bbox 2189 3328 3759 3401">
     <span class='ocr_line' id='line_1_78' title="bbox 2189 3328 3759 3401; baseline -0.004 -16"><span class='ocrx_word' id='word_1_586' title='bbox 2189 3346 2294 3385; x_wconf 92' lang='lat' dir='ltr'><strong>non</strong></span> <span class='ocrx_word' id='word_1_587' title='bbox 2327 3330 2498 3385; x_wconf 90' lang='lat' dir='ltr'><strong>solmu</strong></span> <span class='ocrx_word' id='word_1_588' title='bbox 2526 3345 2677 3386; x_wconf 90' lang='lat' dir='ltr'><strong>eram</strong></span> <span class='ocrx_word' id='word_1_589' title='bbox 2706 3329 2969 3401; x_wconf 89' lang='lat' dir='ltr'><strong>spoliatus</strong></span> <span class='ocrx_word' id='word_1_590' title='bbox 2993 3330 3155 3383; x_wconf 87' lang='lat' dir='ltr'><strong>rebus</strong></span> <span class='ocrx_word' id='word_1_591' title='bbox 3180 3344 3246 3383; x_wconf 90' lang='lat' dir='ltr'><strong>ac</strong></span> <span class='ocrx_word' id='word_1_592' title='bbox 3273 3328 3616 3384; x_wconf 81' lang='lat' dir='ltr'><strong>facultatibus</strong></span> <span class='ocrx_word' id='word_1_593' title='bbox 3636 3343 3759 3382; x_wconf 60' lang='lat' dir='ltr'><strong>cun-</strong></span> 
     </span>
    </p>
   </div>
   <div class='ocr_carea' id='block_1_79' title="bbox 2190 3418 3763 3492">
    <p class='ocr_par' dir='ltr' id='par_1_79' title="bbox 2190 3418 3763 3492">
     <span class='ocr_line' id='line_1_79' title="bbox 2190 3418 3763 3492; baseline -0.004 -17"><span class='ocrx_word' id='word_1_594' title='bbox 2190 3421 2325 3484; x_wconf 88' lang='lat' dir='ltr'><strong>etis,</strong></span> <span class='ocrx_word' id='word_1_595' title='bbox 2353 3435 2539 3474; x_wconf 87' lang='lat' dir='ltr'><strong>verum</strong></span> <span class='ocrx_word' id='word_1_596' title='bbox 2570 3429 2625 3475; x_wconf 92' lang='lat' dir='ltr'><strong>et</strong></span> <span class='ocrx_word' id='word_1_597' title='bbox 2663 3428 2929 3492; x_wconf 86' lang='lat' dir='ltr'><strong>potestate</strong></span> <span class='ocrx_word' id='word_1_598' title='bbox 2955 3420 3221 3488; x_wconf 89' lang='lat' dir='ltr'><strong>corporis,</strong></span> <span class='ocrx_word' id='word_1_599' title='bbox 3254 3419 3581 3474; x_wconf 88' lang='lat' dir='ltr'><strong>decernente</strong></span> <span class='ocrx_word' id='word_1_600' title='bbox 3616 3418 3763 3472; x_wconf 73' lang='lat' dir='ltr'><strong>beato</strong></span> 
     </span>
    </p>
   </div>
   <div class='ocr_carea' id='block_1_80' title="bbox 2190 3507 3761 3581">
    <p class='ocr_par' dir='ltr' id='par_1_80' title="bbox 2190 3507 3761 3581">
     <span class='ocr_line' id='line_1_80' title="bbox 2190 3507 3761 3581; baseline -0.004 -15"><span class='ocrx_word' id='word_1_601' title='bbox 2190 3510 2368 3566; x_wconf 84' lang='lat' dir='ltr'><strong>Felice</strong></span> <span class='ocrx_word' id='word_1_602' title='bbox 2392 3524 2551 3581; x_wconf 85' lang='lat' dir='ltr'><strong>papa,</strong></span> <span class='ocrx_word' id='word_1_603' title='bbox 2578 3524 2701 3565; x_wconf 94' lang='lat' dir='ltr'><strong>cum</strong></span> <span class='ocrx_word' id='word_1_604' title='bbox 2727 3508 3217 3579; x_wconf 53' lang='lat' dir='ltr'><strong>praedecessoribus</strong></span> <span class='ocrx_word' id='word_1_605' title='bbox 3237 3510 3351 3564; x_wconf 88' lang='lat' dir='ltr'><strong>suis</strong></span> <span class='ocrx_word' id='word_1_606' title='bbox 3369 3507 3514 3563; x_wconf 64' lang='lat' dir='ltr'><strong>Iulio</strong></span> <span class='ocrx_word' id='word_1_607' title='bbox 3538 3522 3692 3578; x_wconf 80' lang='lat' dir='ltr'><strong>papa.</strong></span> <span class='ocrx_word' id='word_1_608' title='bbox 3714 3519 3761 3560; x_wconf 81' lang='lat' dir='ltr'><strong>et</strong></span> 
     </span>
    </p>
   </div>
   <div class='ocr_carea' id='block_1_81' title="bbox 2190 3597 3759 3671">
    <p class='ocr_par' dir='ltr' id='par_1_81' title="bbox 2190 3597 3759 3671">
     <span class='ocr_line' id='line_1_81' title="bbox 2190 3597 3759 3671; baseline -0.003 -16"><span class='ocrx_word' id='word_1_609' title='bbox 2190 3600 2376 3662; x_wconf 81' lang='lat' dir='ltr'><strong>Lucio.</strong></span> <span class='ocrx_word' id='word_1_610' title='bbox 2403 3600 2636 3665; x_wconf 77' lang='lat' dir='ltr'><strong>Calixto,</strong></span> <span class='ocrx_word' id='word_1_611' title='bbox 2665 3599 2994 3671; x_wconf 83' lang='lat' dir='ltr'><strong>Zephyrino,</strong></span> <span class='ocrx_word' id='word_1_612' title='bbox 3012 3597 3249 3663; x_wconf 74' lang='lat' dir='ltr'><strong>Victore,</strong></span> <span class='ocrx_word' id='word_1_613' title='bbox 3272 3600 3521 3662; x_wconf 84' lang='lat' dir='ltr'><strong>Aniceto,</strong></span> <span class='ocrx_word' id='word_1_614' title='bbox 3544 3599 3759 3669; x_wconf 74' lang='lat' dir='ltr'><strong>Hygino,</strong></span> 
     </span>
    </p>
   </div>
   <div class='ocr_carea' id='block_1_82' title="bbox 2190 3689 3760 3763">
    <p class='ocr_par' dir='ltr' id='par_1_82' title="bbox 2190 3689 3760 3763">
     <span class='ocr_line' id='line_1_82' title="bbox 2190 3689 3760 3763; baseline -0.002 -15"><span class='ocrx_word' id='word_1_615' title='bbox 2190 3692 2360 3763; x_wconf 80' lang='lat' dir='ltr'><strong>Xyle</strong></span> <span class='ocrx_word' id='word_1_616' title='bbox 2386 3700 2441 3747; x_wconf 86' lang='lat' dir='ltr'><strong>et</strong></span> <span class='ocrx_word' id='word_1_617' title='bbox 2473 3690 2810 3757; x_wconf 75' lang='lat' dir='ltr'><strong>Alexandro,</strong></span> <span class='ocrx_word' id='word_1_618' title='bbox 2838 3705 2902 3746; x_wconf 89' lang='lat' dir='ltr'><strong>ac</strong></span> <span class='ocrx_word' id='word_1_619' title='bbox 2930 3692 3339 3747; x_wconf 85' lang='lat' dir='ltr'><strong>successoribus</strong></span> <span class='ocrx_word' id='word_1_620' title='bbox 3377 3691 3641 3753; x_wconf 71' lang='lat' dir='ltr'><strong>Damaso,</strong></span> <span class='ocrx_word' id='word_1_621' title='bbox 3665 3689 3760 3745; x_wconf 79' lang='lat' dir='ltr'><strong>Ge-</strong></span> 
     </span>
    </p>
   </div>
   <div class='ocr_carea' id='block_1_83' title="bbox 2189 3784 3761 3859">
    <p class='ocr_par' dir='ltr' id='par_1_83' title="bbox 2189 3784 3761 3859">
     <span class='ocr_line' id='line_1_83' title="bbox 2189 3784 3761 3859; baseline -0.001 -20"><span class='ocrx_word' id='word_1_622' title='bbox 2189 3786 2324 3842; x_wconf 87' lang='lat' dir='ltr'><strong>lasio</strong></span> <span class='ocrx_word' id='word_1_623' title='bbox 2360 3796 2414 3842; x_wconf 90' lang='lat' dir='ltr'><strong>et</strong></span> <span class='ocrx_word' id='word_1_624' title='bbox 2443 3788 2681 3843; x_wconf 77' lang='lat' dir='ltr'><strong>Adriano</strong></span> <span class='ocrx_word' id='word_1_625' title='bbox 2709 3806 2723 3842; x_wconf 90' lang='lat'><strong>:</strong></span> <span class='ocrx_word' id='word_1_626' title='bbox 2767 3804 2787 3837; x_wconf 70' lang='grc' dir='ltr'><strong>ε</strong></span> <span class='ocrx_word' id='word_1_627' title='bbox 2820 3785 2876 3841; x_wconf 92' lang='lat' dir='ltr'><strong>Si</strong></span> <span class='ocrx_word' id='word_1_628' title='bbox 2915 3787 3036 3856; x_wconf 90' lang='lat' dir='ltr'><strong>quis</strong></span> <span class='ocrx_word' id='word_1_629' title='bbox 3064 3788 3446 3858; x_wconf 86' lang='lat' dir='ltr'><strong>episcopon</strong></span> <span class='ocrx_word' id='word_1_630' title='bbox 3483 3786 3660 3859; x_wconf 70' lang='lat' dir='ltr'><strong>(Felix</strong></span> <span class='ocrx_word' id='word_1_631' title='bbox 3690 3784 3761 3848; x_wconf 82' lang='grc'><strong>11,</strong></span> 
     </span>
    </p>
   </div>
   <div class='ocr_carea' id='block_1_84' title="bbox 2188 3876 3761 3949">
    <p class='ocr_par' dir='ltr' id='par_1_84' title="bbox 2188 3876 3761 3949">
     <span class='ocr_line' id='line_1_84' title="bbox 2188 3876 3761 3949; baseline -0.002 -17"><span class='ocrx_word' id='word_1_632' title='bbox 2188 3879 2338 3948; x_wconf 82' lang='lat' dir='ltr'><strong>epist.</strong></span> <span class='ocrx_word' id='word_1_633' title='bbox 2381 3876 2434 3949; x_wconf 82' lang='lat' dir='ltr'><strong>l)</strong></span> <span class='ocrx_word' id='word_1_634' title='bbox 2483 3878 2597 3934; x_wconf 90' lang='lat' dir='ltr'><strong>suis</strong></span> <span class='ocrx_word' id='word_1_635' title='bbox 2646 3878 2810 3932; x_wconf 83' lang='lat' dir='ltr'><strong>fuerit</strong></span> <span class='ocrx_word' id='word_1_636' title='bbox 2855 3878 3017 3932; x_wconf 89' lang='lat' dir='ltr'><strong>rebus</strong></span> <span class='ocrx_word' id='word_1_637' title='bbox 3059 3877 3417 3947; x_wconf 82' lang='lat' dir='ltr'><strong>exspoliatus,</strong></span> <span class='ocrx_word' id='word_1_638' title='bbox 3463 3885 3561 3932; x_wconf 84' lang='lat' dir='ltr'><strong>aut</strong></span> <span class='ocrx_word' id='word_1_639' title='bbox 3605 3893 3634 3930; x_wconf 88' lang='lat' dir='ltr'><strong>a</strong></span> <span class='ocrx_word' id='word_1_640' title='bbox 3676 3892 3761 3930; x_wconf 71' lang='lat' dir='ltr'><strong>sua</strong></span> 
     </span>
    </p>
   </div>
   <div class='ocr_carea' id='block_1_85' title="bbox 2188 3968 3763 4039">
    <p class='ocr_par' dir='ltr' id='par_1_85' title="bbox 2188 3968 3763 4039">
     <span class='ocr_line' id='line_1_85' title="bbox 2188 3968 3763 4039; baseline -0.002 -15"><span class='ocrx_word' id='word_1_641' title='bbox 2188 3968 2429 4025; x_wconf 86' lang='lat' dir='ltr'><strong>Ecclesia</strong></span> <span class='ocrx_word' id='word_1_642' title='bbox 2460 3968 2511 4024; x_wconf 92' lang='lat' dir='ltr'><strong>vi</strong></span> <span class='ocrx_word' id='word_1_643' title='bbox 2557 3978 2651 4023; x_wconf 88' lang='lat' dir='ltr'><strong>aut</strong></span> <span class='ocrx_word' id='word_1_644' title='bbox 2680 3970 2870 4025; x_wconf 89' lang='lat' dir='ltr'><strong>timore</strong></span> <span class='ocrx_word' id='word_1_645' title='bbox 2910 3968 3195 4039; x_wconf 77' lang='lat' dir='ltr'><strong>expulsus,</strong></span> <span class='ocrx_word' id='word_1_646' title='bbox 3234 3968 3379 4038; x_wconf 88' lang='lat' dir='ltr'><strong>quod</strong></span> <span class='ocrx_word' id='word_1_647' title='bbox 3422 3970 3570 4023; x_wconf 88' lang='lat' dir='ltr'><strong>omni</strong></span> <span class='ocrx_word' id='word_1_648' title='bbox 3616 3969 3763 4023; x_wconf 67' lang='lat' dir='ltr'><strong>Clui-</strong></span> 
     </span>
    </p>
   </div>
   <div class='ocr_carea' id='block_1_86' title="bbox 2189 4059 3762 4129">
    <p class='ocr_par' dir='ltr' id='par_1_86' title="bbox 2189 4059 3762 4129">
     <span class='ocr_line' id='line_1_86' title="bbox 2189 4059 3762 4129; baseline -0.001 -12"><span class='ocrx_word' id='word_1_649' title='bbox 2189 4062 2365 4118; x_wconf 88' lang='lat' dir='ltr'><strong>stiano</strong></span> <span class='ocrx_word' id='word_1_650' title='bbox 2395 4059 2596 4115; x_wconf 91' lang='lat' dir='ltr'><strong>nomini</strong></span> <span class='ocrx_word' id='word_1_651' title='bbox 2629 4068 2712 4115; x_wconf 91' lang='lat' dir='ltr'><strong>est</strong></span> <span class='ocrx_word' id='word_1_652' title='bbox 2738 4059 3037 4124; x_wconf 91' lang='lat' dir='ltr'><strong>inimicum,</strong></span> <span class='ocrx_word' id='word_1_653' title='bbox 3064 4069 3280 4129; x_wconf 85' lang='lat' dir='ltr'><strong>oportet</strong></span> <span class='ocrx_word' id='word_1_654' title='bbox 3301 4068 3358 4114; x_wconf 87' lang='lat' dir='ltr'><strong>et</strong></span> <span class='ocrx_word' id='word_1_655' title='bbox 3382 4060 3543 4115; x_wconf 84' lang='lat' dir='ltr'><strong>decet</strong></span> <span class='ocrx_word' id='word_1_656' title='bbox 3566 4061 3762 4129; x_wconf 79' lang='lat' dir='ltr'><strong>cpisco-</strong></span> 
     </span>
    </p>
   </div>
   <div class='ocr_carea' id='block_1_87' title="bbox 2188 4152 3761 4225">
    <p class='ocr_par' dir='ltr' id='par_1_87' title="bbox 2188 4152 3761 4225">
     <span class='ocr_line' id='line_1_87' title="bbox 2188 4152 3761 4225; baseline -0.003 -16"><span class='ocrx_word' id='word_1_657' title='bbox 2188 4170 2380 4225; x_wconf 89' lang='lat' dir='ltr'><strong>pornm</strong></span> <span class='ocrx_word' id='word_1_658' title='bbox 2408 4154 2739 4224; x_wconf 88' lang='lat' dir='ltr'><strong>propositum</strong></span> <span class='ocrx_word' id='word_1_659' title='bbox 2769 4167 2983 4223; x_wconf 86' lang='lat' dir='ltr'><strong>semper</strong></span> <span class='ocrx_word' id='word_1_660' title='bbox 3012 4153 3187 4223; x_wconf 89' lang='lat' dir='ltr'><strong>prima</strong></span> <span class='ocrx_word' id='word_1_661' title='bbox 3221 4152 3402 4208; x_wconf 87' lang='lat' dir='ltr'><strong>fronte</strong></span> <span class='ocrx_word' id='word_1_662' title='bbox 3444 4164 3675 4215; x_wconf 80' lang='lat' dir='ltr'><strong>certare,</strong></span> <span class='ocrx_word' id='word_1_663' title='bbox 3713 4162 3761 4205; x_wconf 79' lang='lat' dir='ltr'><strong>ut</strong></span> 
     </span>
    </p>
   </div>
   <div class='ocr_carea' id='block_1_88' title="bbox 2187 4244 3763 4316">
    <p class='ocr_par' dir='ltr' id='par_1_88' title="bbox 2187 4244 3763 4316">
     <span class='ocr_line' id='line_1_88' title="bbox 2187 4244 3763 4316; baseline -0.003 -13"><span class='ocrx_word' id='word_1_664' title='bbox 2187 4247 2367 4303; x_wconf 88' lang='lat' dir='ltr'><strong>omnia</strong></span> <span class='ocrx_word' id='word_1_665' title='bbox 2408 4261 2527 4316; x_wconf 74' lang='lat' dir='ltr'><strong>qua:</strong></span> <span class='ocrx_word' id='word_1_666' title='bbox 2567 4246 2618 4300; x_wconf 90' lang='lat' dir='ltr'><strong>el</strong></span> <span class='ocrx_word' id='word_1_667' title='bbox 2658 4244 2833 4299; x_wconf 87' lang='lat' dir='ltr'><strong>ablata</strong></span> <span class='ocrx_word' id='word_1_668' title='bbox 2881 4252 3039 4308; x_wconf 90' lang='lat' dir='ltr'><strong>sunt,</strong></span> <span class='ocrx_word' id='word_1_669' title='bbox 3074 4246 3331 4313; x_wconf 87' lang='lat' dir='ltr'><strong>potestati</strong></span> <span class='ocrx_word' id='word_1_670' title='bbox 3374 4245 3496 4315; x_wconf 83' lang='lat' dir='ltr'><strong>ejus</strong></span> <span class='ocrx_word' id='word_1_671' title='bbox 3536 4245 3763 4316; x_wconf 57' lang='lat' dir='ltr'><strong>legatiita</strong></span> 
     </span>
    </p>
   </div>
   <div class='ocr_carea' id='block_1_89' title="bbox 2190 4336 3761 4407">
    <p class='ocr_par' dir='ltr' id='par_1_89' title="bbox 2190 4336 3761 4407">
     <span class='ocr_line' id='line_1_89' title="bbox 2190 4336 3761 4407; baseline -0.004 -13"><span class='ocrx_word' id='word_1_672' title='bbox 2190 4339 2501 4398; x_wconf 82' lang='lat' dir='ltr'><strong>reddantur,</strong></span> <span class='ocrx_word' id='word_1_673' title='bbox 2533 4347 2588 4391; x_wconf 89' lang='lat' dir='ltr'><strong>et</strong></span> <span class='ocrx_word' id='word_1_674' title='bbox 2614 4336 2808 4407; x_wconf 65' lang='lat' dir='ltr'><strong>praesul</strong></span> <span class='ocrx_word' id='word_1_675' title='bbox 2835 4337 2984 4406; x_wconf 88' lang='lat' dir='ltr'><strong>prius</strong></span> <span class='ocrx_word' id='word_1_676' title='bbox 3005 4336 3348 4402; x_wconf 87' lang='lat' dir='ltr'><strong>restituatur,</strong></span> <span class='ocrx_word' id='word_1_677' title='bbox 3376 4345 3434 4391; x_wconf 91' lang='lat' dir='ltr'><strong>et</strong></span> <span class='ocrx_word' id='word_1_678' title='bbox 3462 4346 3644 4407; x_wconf 84' lang='lat' dir='ltr'><strong>postea</strong></span> <span class='ocrx_word' id='word_1_679' title='bbox 3670 4350 3761 4388; x_wconf 75' lang='lat' dir='ltr'><strong>non</strong></span> 
     </span>
    </p>
   </div>
   <div class='ocr_carea' id='block_1_90' title="bbox 512 4411 3763 4509">
    <p class='ocr_par' dir='ltr' id='par_1_90' title="bbox 512 4411 3763 4509">
     <span class='ocr_line' id='line_1_90' title="bbox 512 4411 3763 4509; baseline 0.006 -45"><span class='ocrx_word' id='word_1_680' title='bbox 512 4412 586 4509; x_wconf 76' lang='lat' dir='ltr'><strong>ita</strong></span> <span class='ocrx_word' id='word_1_681' title='bbox 613 4419 670 4466; x_wconf 90' lang='lat' dir='ltr'><strong>et</strong></span> <span class='ocrx_word' id='word_1_682' title='bbox 697 4411 874 4467; x_wconf 89' lang='lat' dir='ltr'><strong>debita</strong></span> <span class='ocrx_word' id='word_1_683' title='bbox 906 4413 1103 4469; x_wconf 91' lang='lat' dir='ltr'><strong>nullius</strong></span> <span class='ocrx_word' id='word_1_684' title='bbox 1131 4415 1254 4469; x_wconf 88' lang='lat' dir='ltr'><strong>odio</strong></span> <span class='ocrx_word' id='word_1_685' title='bbox 1284 4414 1366 4469; x_wconf 91' lang='lat' dir='ltr'><strong>vel</strong></span> <span class='ocrx_word' id='word_1_686' title='bbox 1405 4416 1596 4486; x_wconf 87' lang='lat' dir='ltr'><strong>privati</strong></span> <span class='ocrx_word' id='word_1_687' title='bbox 1624 4417 1786 4471; x_wconf 90' lang='lat' dir='ltr'><strong>studii</strong></span> <span class='ocrx_word' id='word_1_688' title='bbox 1833 4417 1949 4473; x_wconf 86' lang='lat' dir='ltr'><strong>zelo</strong></span> <span class='ocrx_word' id='word_1_689' title='bbox 1990 4420 2088 4474; x_wconf 85' lang='lat' dir='ltr'><strong>de-</strong></span> <span class='ocrx_word' id='word_1_690' title='bbox 2112 4449 2165 4509; x_wconf 65' lang='grc' dir='ltr'>Β</span> <span class='ocrx_word' id='word_1_691' title='bbox 2190 4432 2396 4494; x_wconf 57' lang='lat' dir='ltr'><strong>statim,</strong></span> <span class='ocrx_word' id='word_1_692' title='bbox 2424 4429 2516 4485; x_wconf 80' lang='lat' dir='ltr'><strong>sed</strong></span> <span class='ocrx_word' id='word_1_693' title='bbox 2548 4429 2635 4485; x_wconf 86' lang='lat' dir='ltr'><strong>diu</strong></span> <span class='ocrx_word' id='word_1_694' title='bbox 2664 4437 2719 4483; x_wconf 91' lang='lat' dir='ltr'><strong>et</strong></span> <span class='ocrx_word' id='word_1_695' title='bbox 2747 4442 2844 4498; x_wconf 89' lang='lat' dir='ltr'><strong>per</strong></span> <span class='ocrx_word' id='word_1_696' title='bbox 2867 4429 3103 4498; x_wconf 87' lang='lat' dir='ltr'><strong>spatiosa</strong></span> <span class='ocrx_word' id='word_1_697' title='bbox 3127 4437 3377 4497; x_wconf 86' lang='lat' dir='ltr'><strong>tempora</strong></span> <span class='ocrx_word' id='word_1_698' title='bbox 3404 4429 3521 4482; x_wconf 86' lang='lat' dir='ltr'><strong>suis</strong></span> <span class='ocrx_word' id='word_1_699' title='bbox 3546 4436 3763 4498; x_wconf 70' lang='lat' dir='ltr'><strong>potesta-</strong></span> 
     </span>
    </p>
   </div>
   <div class='ocr_carea' id='block_1_91' title="bbox 508 4500 2084 4575">
    <p class='ocr_par' dir='ltr' id='par_1_91' title="bbox 508 4500 2084 4575">
     <span class='ocr_line' id='line_1_91' title="bbox 508 4500 2084 4575; baseline 0.005 -18"><span class='ocrx_word' id='word_1_700' title='bbox 508 4500 634 4557; x_wconf 88' lang='lat' dir='ltr'><strong>beat</strong></span> <span class='ocrx_word' id='word_1_701' title='bbox 660 4504 940 4558; x_wconf 90' lang='lat' dir='ltr'><strong>retardare</strong></span> <span class='ocrx_word' id='word_1_702' title='bbox 971 4504 1083 4560; x_wconf 89' lang='lat' dir='ltr'><strong>sive</strong></span> <span class='ocrx_word' id='word_1_703' title='bbox 1119 4515 1445 4575; x_wconf 90' lang='lat' dir='ltr'><strong>pervertere.</strong></span> <span class='ocrx_word' id='word_1_704' title='bbox 1480 4527 1499 4560; x_wconf 72' lang='grc' dir='ltr'><strong><em>ι</em></strong></span> <span class='ocrx_word' id='word_1_705' title='bbox 1531 4507 1671 4563; x_wconf 89' lang='lat' dir='ltr'><strong>Ecce</strong></span> <span class='ocrx_word' id='word_1_706' title='bbox 1704 4509 1758 4563; x_wconf 93' lang='lat' dir='ltr'><strong>in</strong></span> <span class='ocrx_word' id='word_1_707' title='bbox 1791 4510 1929 4565; x_wconf 88' lang='lat' dir='ltr'><strong>mala</strong></span> <span class='ocrx_word' id='word_1_708' title='bbox 1958 4528 2084 4567; x_wconf 89' lang='lat' dir='ltr'><strong>sna-</strong></span> 
     </span>
    </p>
   </div>
   <div class='ocr_carea' id='block_1_92' title="bbox 452 4592 2085 4673">
    <p class='ocr_par' dir='ltr' id='par_1_92' title="bbox 452 4592 2085 4673">
     <span class='ocr_line' id='line_1_92' title="bbox 452 4592 2085 4673; baseline 0.008 -27"><span class='ocrx_word' id='word_1_709' title='bbox 452 4592 469 4608; x_wconf 90' lang='grc'>⁶</span> <span class='ocrx_word' id='word_1_710' title='bbox 508 4593 663 4648; x_wconf 89' lang='lat' dir='ltr'><strong>sione</strong></span> <span class='ocrx_word' id='word_1_711' title='bbox 710 4593 964 4651; x_wconf 88' lang='lat' dir='ltr'><strong>delictum</strong></span> <span class='ocrx_word' id='word_1_712' title='bbox 991 4637 1007 4660; x_wconf 92' lang='lat'><strong>,</strong></span> <span class='ocrx_word' id='word_1_713' title='bbox 1050 4605 1105 4651; x_wconf 90' lang='lat' dir='ltr'><strong>et</strong></span> <span class='ocrx_word' id='word_1_714' title='bbox 1150 4598 1202 4652; x_wconf 93' lang='lat' dir='ltr'><strong>in</strong></span> <span class='ocrx_word' id='word_1_715' title='bbox 1250 4599 1385 4653; x_wconf 87' lang='lat' dir='ltr'><strong>mala</strong></span> <span class='ocrx_word' id='word_1_716' title='bbox 1423 4602 1779 4658; x_wconf 91' lang='lat' dir='ltr'><strong>consensione</strong></span> <span class='ocrx_word' id='word_1_717' title='bbox 1805 4613 2085 4673; x_wconf 89' lang='lat' dir='ltr'><strong>peceatum</strong></span> 
     </span>
    </p>
   </div>
   <div class='ocr_carea' id='block_1_93' title="bbox 510 4680 2087 4760">
    <p class='ocr_par' dir='ltr' id='par_1_93' title="bbox 510 4680 2087 4760">
     <span class='ocr_line' id='line_1_93' title="bbox 510 4680 2087 4760; baseline 0.01 -25"><span class='ocrx_word' id='word_1_718' title='bbox 510 4680 867 4753; x_wconf 90' lang='lat' dir='ltr'><strong>depromitur.</strong></span> <span class='ocrx_word' id='word_1_719' title='bbox 913 4685 981 4739; x_wconf 91' lang='lat' dir='ltr'><strong>Et</strong></span> <span class='ocrx_word' id='word_1_720' title='bbox 1008 4688 1147 4741; x_wconf 92' lang='lat' dir='ltr'><strong>sicut</strong></span> <span class='ocrx_word' id='word_1_721' title='bbox 1188 4703 1285 4743; x_wconf 87' lang='lat' dir='ltr'><strong>vos</strong></span> <span class='ocrx_word' id='word_1_722' title='bbox 1329 4690 1546 4745; x_wconf 86' lang='lat' dir='ltr'><strong>sensitis</strong></span> <span class='ocrx_word' id='word_1_723' title='bbox 1580 4692 1721 4760; x_wconf 89' lang='lat' dir='ltr'><strong>quod</strong></span> <span class='ocrx_word' id='word_1_724' title='bbox 1768 4693 1899 4748; x_wconf 77' lang='lat' dir='ltr'><strong>mihi</strong></span> <span class='ocrx_word' id='word_1_725' title='bbox 1947 4695 2087 4751; x_wconf 89' lang='lat' dir='ltr'><strong>male</strong></span> 
     </span>
    </p>
   </div>
   <div class='ocr_carea' id='block_1_94' title="bbox 511 4778 2088 4853">
    <p class='ocr_par' dir='ltr' id='par_1_94' title="bbox 511 4778 2088 4853">
     <span class='ocr_line' id='line_1_94' title="bbox 511 4778 2088 4853; baseline 0.009 -27"><span class='ocrx_word' id='word_1_726' title='bbox 511 4786 728 4828; x_wconf 88' lang='lat' dir='ltr'><strong>suasum</strong></span> <span class='ocrx_word' id='word_1_727' title='bbox 759 4782 876 4841; x_wconf 91' lang='lat' dir='ltr'><strong>est,</strong></span> <span class='ocrx_word' id='word_1_728' title='bbox 908 4785 964 4831; x_wconf 91' lang='lat' dir='ltr'><strong>et</strong></span> <span class='ocrx_word' id='word_1_729' title='bbox 998 4794 1029 4831; x_wconf 88' lang='lat' dir='ltr'><strong>a</strong></span> <span class='ocrx_word' id='word_1_730' title='bbox 1060 4792 1145 4832; x_wconf 91' lang='lat' dir='ltr'><strong>me</strong></span> <span class='ocrx_word' id='word_1_731' title='bbox 1187 4778 1326 4832; x_wconf 88' lang='lat' dir='ltr'><strong>male</strong></span> <span class='ocrx_word' id='word_1_732' title='bbox 1354 4794 1674 4835; x_wconf 90' lang='lat' dir='ltr'><strong>consensum</strong></span> <span class='ocrx_word' id='word_1_733' title='bbox 1695 4821 1711 4848; x_wconf 92' lang='lat'><strong>,</strong></span> <span class='ocrx_word' id='word_1_734' title='bbox 1745 4798 1841 4839; x_wconf 88' lang='lat' dir='ltr'><strong>vos</strong></span> <span class='ocrx_word' id='word_1_735' title='bbox 1884 4786 2088 4853; x_wconf 89' lang='lat' dir='ltr'><strong>pariter</strong></span> 
     </span>
    </p>
   </div>
   <div class='ocr_carea' id='block_1_95' title="bbox 510 4865 2087 4943">
    <p class='ocr_par' dir='ltr' id='par_1_95' title="bbox 510 4865 2087 4943">
     <span class='ocr_line' id='line_1_95' title="bbox 510 4865 2087 4943; baseline 0.008 -26"><span class='ocrx_word' id='word_1_736' title='bbox 510 4865 816 4919; x_wconf 89' lang='lat' dir='ltr'><strong>consentire</strong></span> <span class='ocrx_word' id='word_1_737' title='bbox 837 4867 1126 4931; x_wconf 88' lang='lat' dir='ltr'><strong>videmini,</strong></span> <span class='ocrx_word' id='word_1_738' title='bbox 1153 4867 1397 4923; x_wconf 86' lang='lat' dir='ltr'><strong>dicentes</strong></span> <span class='ocrx_word' id='word_1_739' title='bbox 1420 4886 1539 4938; x_wconf 79' lang='lat' dir='ltr'><strong>qtue</strong></span> <span class='ocrx_word' id='word_1_740' title='bbox 1574 4870 1686 4940; x_wconf 86' lang='lat' dir='ltr'><strong>jam</strong></span> <span class='ocrx_word' id='word_1_741' title='bbox 1730 4875 1987 4943; x_wconf 70' lang='lat' dir='ltr'><strong>prtemisi,</strong></span> <span class='ocrx_word' id='word_1_742' title='bbox 2026 4884 2087 4931; x_wconf 91' lang='lat' dir='ltr'><strong>ut</strong></span> 
     </span>
    </p>
   </div>
   <div class='ocr_carea' id='block_1_96' title="bbox 510 4955 2085 5018">
    <p class='ocr_par' dir='ltr' id='par_1_96' title="bbox 510 4955 2085 5018">
     <span class='ocr_line' id='line_1_96' title="bbox 510 4955 2085 5018; baseline 0.006 -9"><span class='ocrx_word' id='word_1_743' title='bbox 510 4955 742 5009; x_wconf 85' lang='lat' dir='ltr'><strong>scribam</strong></span> <span class='ocrx_word' id='word_1_744' title='bbox 770 4957 922 5011; x_wconf 89' lang='lat' dir='ltr'><strong>vobis</strong></span> <span class='ocrx_word' id='word_1_745' title='bbox 964 4957 1008 5011; x_wconf 89' lang='lat' dir='ltr'><strong>si</strong></span> <span class='ocrx_word' id='word_1_746' title='bbox 1040 4972 1164 5012; x_wconf 87' lang='lat' dir='ltr'><strong>eum</strong></span> <span class='ocrx_word' id='word_1_747' title='bbox 1209 4959 1460 5013; x_wconf 89' lang='lat' dir='ltr'><strong>ordinare</strong></span> <span class='ocrx_word' id='word_1_748' title='bbox 1489 4960 1607 5015; x_wconf 88' lang='lat' dir='ltr'><strong>volo</strong></span> <span class='ocrx_word' id='word_1_749' title='bbox 1634 4963 1926 5018; x_wconf 87' lang='lat' dir='ltr'><strong>secundum</strong></span> <span class='ocrx_word' id='word_1_750' title='bbox 1971 4979 2085 5018; x_wconf 81' lang='lat' dir='ltr'><strong>mo—</strong></span> 
     </span>
    </p>
   </div>
   <div class='ocr_carea' id='block_1_97' title="bbox 511 5049 2082 5127">
    <p class='ocr_par' dir='ltr' id='par_1_97' title="bbox 511 5049 2082 5127">
     <span class='ocr_line' id='line_1_97' title="bbox 511 5049 2082 5127; baseline 0.01 -29"><span class='ocrx_word' id='word_1_751' title='bbox 511 5060 626 5099; x_wconf 89' lang='lat' dir='ltr'><strong>rem</strong></span> <span class='ocrx_word' id='word_1_752' title='bbox 654 5087 671 5109; x_wconf 94' lang='lat'><strong>,</strong></span> <span class='ocrx_word' id='word_1_753' title='bbox 712 5056 768 5101; x_wconf 92' lang='lat' dir='ltr'><strong>et</strong></span> <span class='ocrx_word' id='word_1_754' title='bbox 809 5063 908 5102; x_wconf 87' lang='lat' dir='ltr'><strong>vos</strong></span> <span class='ocrx_word' id='word_1_755' title='bbox 954 5049 1029 5103; x_wconf 92' lang='lat' dir='ltr'><strong>illi</strong></span> <span class='ocrx_word' id='word_1_756' title='bbox 1076 5050 1379 5107; x_wconf 89' lang='lat' dir='ltr'><strong>libertatem</strong></span> <span class='ocrx_word' id='word_1_757' title='bbox 1416 5053 1837 5112; x_wconf 85' lang='lat' dir='ltr'><strong>ecclesiasticam</strong></span> <span class='ocrx_word' id='word_1_758' title='bbox 1867 5057 2082 5127; x_wconf 86' lang='lat' dir='ltr'><strong>dabitis,</strong></span> 
     </span>
    </p>
   </div>
   <div class='ocr_carea' id='block_1_98' title="bbox 511 5137 2085 5219">
    <p class='ocr_par' dir='ltr' id='par_1_98' title="bbox 511 5137 2085 5219">
     <span class='ocr_line' id='line_1_98' title="bbox 511 5137 2085 5219; baseline 0.013 -31"><span class='ocrx_word' id='word_1_759' title='bbox 511 5150 673 5206; x_wconf 89' lang='lat' dir='ltr'><strong>quem</strong></span> <span class='ocrx_word' id='word_1_760' title='bbox 729 5137 910 5192; x_wconf 85' lang='lat' dir='ltr'><strong>taliter</strong></span> <span class='ocrx_word' id='word_1_761' title='bbox 966 5140 1032 5193; x_wconf 88' lang='lat' dir='ltr'><strong>ad</strong></span> <span class='ocrx_word' id='word_1_762' title='bbox 1085 5143 1282 5211; x_wconf 81' lang='lat' dir='ltr'><strong>gradus</strong></span> <span class='ocrx_word' id='word_1_763' title='bbox 1336 5143 1728 5203; x_wconf 87' lang='lat' dir='ltr'><strong>ecclesiasticos</strong></span> <span class='ocrx_word' id='word_1_764' title='bbox 1777 5151 2085 5219; x_wconf 86' lang='lat' dir='ltr'><strong>pervenisse</strong></span> 
     </span>
    </p>
   </div>
   <div class='ocr_carea' id='block_1_99' title="bbox 512 5227 2085 5304">
    <p class='ocr_par' dir='ltr' id='par_1_99' title="bbox 512 5227 2085 5304">
     <span class='ocr_line' id='line_1_99' title="bbox 512 5227 2085 5304; baseline 0.009 -21"><span class='ocrx_word' id='word_1_765' title='bbox 512 5227 823 5297; x_wconf 78' lang='lat' dir='ltr'><strong>divulgatis.</strong></span> <span class='ocrx_word' id='word_1_766' title='bbox 870 5228 951 5282; x_wconf 83' lang='lat' dir='ltr'><strong>An</strong></span> <span class='ocrx_word' id='word_1_767' title='bbox 999 5230 1089 5285; x_wconf 87' lang='lat' dir='ltr'><strong>hic</strong></span> <span class='ocrx_word' id='word_1_768' title='bbox 1123 5241 1217 5285; x_wconf 89' lang='lat' dir='ltr'><strong>aut</strong></span> <span class='ocrx_word' id='word_1_769' title='bbox 1262 5234 1441 5288; x_wconf 91' lang='lat' dir='ltr'><strong>odium</strong></span> <span class='ocrx_word' id='word_1_770' title='bbox 1487 5238 1712 5304; x_wconf 83' lang='lat' dir='ltr'><strong>alicujus</strong></span> <span class='ocrx_word' id='word_1_771' title='bbox 1757 5241 1941 5304; x_wconf 88' lang='lat' dir='ltr'><strong>bullit,</strong></span> <span class='ocrx_word' id='word_1_772' title='bbox 1990 5251 2085 5297; x_wconf 74' lang='lat' dir='ltr'><strong>aut.</strong></span> 
     </span>
    </p>
   </div>
   <div class='ocr_carea' id='block_1_100' title="bbox 2190 4521 3757 4593">
    <p class='ocr_par' dir='ltr' id='par_1_100' title="bbox 2190 4521 3757 4593">
     <span class='ocr_line' id='line_1_100' title="bbox 2190 4521 3757 4593; baseline -0.006 -13"><span class='ocrx_word' id='word_1_773' title='bbox 2190 4525 2299 4580; x_wconf 85' lang='lat' dir='ltr'><strong>tive</strong></span> <span class='ocrx_word' id='word_1_774' title='bbox 2327 4524 2624 4593; x_wconf 86' lang='lat' dir='ltr'><strong>dispositis,</strong></span> <span class='ocrx_word' id='word_1_775' title='bbox 2652 4531 2705 4577; x_wconf 89' lang='lat' dir='ltr'><strong>et</strong></span> <span class='ocrx_word' id='word_1_776' title='bbox 2743 4523 2810 4576; x_wconf 87' lang='lat' dir='ltr'><strong>ad</strong></span> <span class='ocrx_word' id='word_1_777' title='bbox 2839 4537 2991 4576; x_wconf 87' lang='lat' dir='ltr'><strong>suam</strong></span> <span class='ocrx_word' id='word_1_778' title='bbox 3022 4522 3407 4577; x_wconf 86' lang='lat' dir='ltr'><strong>necessitatem</strong></span> <span class='ocrx_word' id='word_1_779' title='bbox 3438 4521 3757 4590; x_wconf 65' lang='lat' dir='ltr'><strong>praeparatis,</strong></span> 
     </span>
    </p>
   </div>
   <div class='ocr_carea' id='block_1_101' title="bbox 2190 4609 3760 4682">
    <p class='ocr_par' dir='ltr' id='par_1_101' title="bbox 2190 4609 3760 4682">
     <span class='ocr_line' id='line_1_101' title="bbox 2190 4609 3760 4682; baseline -0.004 -13"><span class='ocrx_word' id='word_1_780' title='bbox 2190 4614 2256 4669; x_wconf 88' lang='lat' dir='ltr'><strong>ad</strong></span> <span class='ocrx_word' id='word_1_781' title='bbox 2289 4622 2499 4682; x_wconf 90' lang='lat' dir='ltr'><strong>tempus</strong></span> <span class='ocrx_word' id='word_1_782' title='bbox 2527 4612 2707 4668; x_wconf 89' lang='lat' dir='ltr'><strong>veniat</strong></span> <span class='ocrx_word' id='word_1_783' title='bbox 2738 4612 2803 4665; x_wconf 90' lang='lat' dir='ltr'><strong>ad</strong></span> <span class='ocrx_word' id='word_1_784' title='bbox 2840 4626 3079 4676; x_wconf 88' lang='lat' dir='ltr'><strong>causam,</strong></span> <span class='ocrx_word' id='word_1_785' title='bbox 3108 4619 3159 4667; x_wconf 90' lang='lat' dir='ltr'><strong>et</strong></span> <span class='ocrx_word' id='word_1_786' title='bbox 3192 4611 3238 4665; x_wconf 91' lang='lat' dir='ltr'><strong>si</strong></span> <span class='ocrx_word' id='word_1_787' title='bbox 3274 4612 3425 4681; x_wconf 88' lang='lat' dir='ltr'><strong>juste</strong></span> <span class='ocrx_word' id='word_1_788' title='bbox 3454 4612 3629 4666; x_wconf 85' lang='lat' dir='ltr'><strong>visum</strong></span> <span class='ocrx_word' id='word_1_789' title='bbox 3656 4609 3760 4663; x_wconf 64' lang='lat' dir='ltr'><strong>ﬁre-</strong></span> 
     </span>
    </p>
   </div>
   <div class='ocr_carea' id='block_1_102' title="bbox 2191 4701 3760 4773">
    <p class='ocr_par' dir='ltr' id='par_1_102' title="bbox 2191 4701 3760 4773">
     <span class='ocr_line' id='line_1_102' title="bbox 2191 4701 3760 4773; baseline -0.004 -14"><span class='ocrx_word' id='word_1_790' title='bbox 2191 4705 2282 4767; x_wconf 87' lang='lat' dir='ltr'><strong>rit,</strong></span> <span class='ocrx_word' id='word_1_791' title='bbox 2306 4703 2712 4759; x_wconf 88' lang='lat' dir='ltr'><strong>accusatoribus</strong></span> <span class='ocrx_word' id='word_1_792' title='bbox 2737 4703 3060 4773; x_wconf 84' lang='lat' dir='ltr'><strong>respondeat</strong></span> <span class='ocrx_word' id='word_1_793' title='bbox 3079 4701 3214 4756; x_wconf 91' lang='lat' dir='ltr'><strong>suis.</strong></span> <span class='ocrx_word' id='word_1_794' title='bbox 3248 4721 3267 4752; x_wconf 76' lang='grc'><strong>»</strong></span> <span class='ocrx_word' id='word_1_795' title='bbox 3301 4701 3372 4755; x_wconf 83' lang='lat' dir='ltr'><strong>Et</strong></span> <span class='ocrx_word' id='word_1_796' title='bbox 3392 4704 3448 4756; x_wconf 73' lang='lat' dir='ltr'><strong>in</strong></span> <span class='ocrx_word' id='word_1_797' title='bbox 3471 4704 3760 4772; x_wconf 64' lang='lat' dir='ltr'><strong>subsequa-</strong></span> 
     </span>
    </p>
   </div>
   <div class='ocr_carea' id='block_1_103' title="bbox 2191 4794 3757 4869">
    <p class='ocr_par' dir='ltr' id='par_1_103' title="bbox 2191 4794 3757 4869">
     <span class='ocr_line' id='line_1_103' title="bbox 2191 4794 3757 4869; baseline -0.001 -20"><span class='ocrx_word' id='word_1_798' title='bbox 2191 4796 2327 4850; x_wconf 81' lang='lat' dir='ltr'><strong>tibns</strong></span> <span class='ocrx_word' id='word_1_799' title='bbox 2370 4814 2383 4849; x_wconf 90' lang='lat'><strong>:</strong></span> <span class='ocrx_word' id='word_1_800' title='bbox 2424 4814 2442 4847; x_wconf 77' lang='grc' dir='ltr'>ι</span> <span class='ocrx_word' id='word_1_801' title='bbox 2470 4794 2691 4863; x_wconf 89' lang='lat' dir='ltr'><strong>Quoties</strong></span> <span class='ocrx_word' id='word_1_802' title='bbox 2731 4794 2965 4865; x_wconf 77' lang='lat' dir='ltr'><strong>episcOpi</strong></span> <span class='ocrx_word' id='word_1_803' title='bbox 3010 4810 3070 4849; x_wconf 91' lang='lat' dir='ltr'><strong>se</strong></span> <span class='ocrx_word' id='word_1_804' title='bbox 3107 4810 3138 4848; x_wconf 91' lang='lat' dir='ltr'><strong>a</strong></span> <span class='ocrx_word' id='word_1_805' title='bbox 3180 4795 3296 4850; x_wconf 92' lang='lat' dir='ltr'><strong>suis</strong></span> <span class='ocrx_word' id='word_1_806' title='bbox 3342 4798 3757 4869; x_wconf 72' lang='lat' dir='ltr'><strong>comprovincia-</strong></span> 
     </span>
    </p>
   </div>
   <div class='ocr_carea' id='block_1_104' title="bbox 2191 4884 3757 4957">
    <p class='ocr_par' dir='ltr' id='par_1_104' title="bbox 2191 4884 3757 4957">
     <span class='ocr_line' id='line_1_104' title="bbox 2191 4884 3757 4957; baseline -0.003 -17"><span class='ocrx_word' id='word_1_807' title='bbox 2191 4884 2366 4952; x_wconf 89' lang='lat' dir='ltr'><strong>libus,</strong></span> <span class='ocrx_word' id='word_1_808' title='bbox 2404 4885 2491 4939; x_wconf 87' lang='lat' dir='ltr'><strong>vel</strong></span> <span class='ocrx_word' id='word_1_809' title='bbox 2533 4900 2564 4939; x_wconf 90' lang='lat' dir='ltr'><strong>a</strong></span> <span class='ocrx_word' id='word_1_810' title='bbox 2610 4884 3024 4954; x_wconf 87' lang='lat' dir='ltr'><strong>metropolitano</strong></span> <span class='ocrx_word' id='word_1_811' title='bbox 3072 4886 3387 4954; x_wconf 89' lang='lat' dir='ltr'><strong>putaverint</strong></span> <span class='ocrx_word' id='word_1_812' title='bbox 3430 4885 3757 4957; x_wconf 61' lang='lat' dir='ltr'><strong>pungi-avari,</strong></span> 
     </span>
    </p>
   </div>
   <div class='ocr_carea' id='block_1_105' title="bbox 2193 4975 3760 5049">
    <p class='ocr_par' dir='ltr' id='par_1_105' title="bbox 2193 4975 3760 5049">
     <span class='ocr_line' id='line_1_105' title="bbox 2193 4975 3760 5049; baseline -0.006 -16"><span class='ocrx_word' id='word_1_813' title='bbox 2193 4987 2287 5033; x_wconf 83' lang='lat' dir='ltr'><strong>aut</strong></span> <span class='ocrx_word' id='word_1_814' title='bbox 2315 4993 2407 5032; x_wconf 91' lang='lat' dir='ltr'><strong>eos</strong></span> <span class='ocrx_word' id='word_1_815' title='bbox 2436 4985 2714 5049; x_wconf 88' lang='lat' dir='ltr'><strong>suspectos</strong></span> <span class='ocrx_word' id='word_1_816' title='bbox 2757 4977 3043 5032; x_wconf 87' lang='lat' dir='ltr'><strong>habuerint</strong></span> <span class='ocrx_word' id='word_1_817' title='bbox 3063 5019 3077 5040; x_wconf 87' lang='lat'><strong>,</strong></span> <span class='ocrx_word' id='word_1_818' title='bbox 3106 4992 3231 5031; x_wconf 82' lang='lat' dir='ltr'><strong>mox</strong></span> <span class='ocrx_word' id='word_1_819' title='bbox 3262 4978 3575 5031; x_wconf 80' lang='lat' dir='ltr'><strong>Romanam</strong></span> <span class='ocrx_word' id='word_1_820' title='bbox 3604 4975 3760 5045; x_wconf 59' lang='lat' dir='ltr'><strong>appelo</strong></span> 
     </span>
    </p>
   </div>
   <div class='ocr_carea' id='block_1_106' title="bbox 2192 5068 3758 5139">
    <p class='ocr_par' dir='ltr' id='par_1_106' title="bbox 2192 5068 3758 5139">
     <span class='ocr_line' id='line_1_106' title="bbox 2192 5068 3758 5139; baseline -0.001 -14"><span class='ocrx_word' id='word_1_821' title='bbox 2192 5069 2304 5125; x_wconf 92' lang='lat' dir='ltr'><strong>lent</strong></span> <span class='ocrx_word' id='word_1_822' title='bbox 2350 5070 2529 5124; x_wconf 88' lang='lat' dir='ltr'><strong>sedem</strong></span> <span class='ocrx_word' id='word_1_823' title='bbox 2554 5110 2570 5136; x_wconf 94' lang='lat'><strong>,</strong></span> <span class='ocrx_word' id='word_1_824' title='bbox 2614 5071 2683 5125; x_wconf 89' lang='lat' dir='ltr'><strong>ad</strong></span> <span class='ocrx_word' id='word_1_825' title='bbox 2725 5084 2887 5139; x_wconf 91' lang='lat' dir='ltr'><strong>quam</strong></span> <span class='ocrx_word' id='word_1_826' title='bbox 2918 5084 3012 5123; x_wconf 90' lang='lat' dir='ltr'><strong>eos</strong></span> <span class='ocrx_word' id='word_1_827' title='bbox 3040 5069 3245 5135; x_wconf 87' lang='lat' dir='ltr'><strong>absque</strong></span> <span class='ocrx_word' id='word_1_828' title='bbox 3292 5068 3405 5122; x_wconf 84' lang='lat' dir='ltr'><strong>ulla</strong></span> <span class='ocrx_word' id='word_1_829' title='bbox 3450 5069 3758 5123; x_wconf 77' lang='lat' dir='ltr'><strong>detentione.</strong></span> 
     </span>
    </p>
   </div>
   <div class='ocr_carea' id='block_1_107' title="bbox 2192 5157 3760 5222">
    <p class='ocr_par' dir='ltr' id='par_1_107' title="bbox 2192 5157 3760 5222">
     <span class='ocr_line' id='line_1_107' title="bbox 2192 5157 3760 5222; baseline -0.003 -7"><span class='ocrx_word' id='word_1_830' title='bbox 2192 5168 2287 5215; x_wconf 89' lang='lat' dir='ltr'><strong>aut</strong></span> <span class='ocrx_word' id='word_1_831' title='bbox 2327 5175 2547 5214; x_wconf 88' lang='lat' dir='ltr'><strong>suarum</strong></span> <span class='ocrx_word' id='word_1_832' title='bbox 2590 5174 2771 5215; x_wconf 90' lang='lat' dir='ltr'><strong>rerum</strong></span> <span class='ocrx_word' id='word_1_833' title='bbox 2813 5157 3109 5222; x_wconf 83' lang='lat' dir='ltr'><strong>ablatione,</strong></span> <span class='ocrx_word' id='word_1_834' title='bbox 3144 5158 3315 5213; x_wconf 88' lang='lat' dir='ltr'><strong>libere</strong></span> <span class='ocrx_word' id='word_1_835' title='bbox 3358 5158 3445 5214; x_wconf 85' lang='lat' dir='ltr'><strong>ire</strong></span> <span class='ocrx_word' id='word_1_836' title='bbox 3487 5160 3674 5221; x_wconf 80' lang='lat' dir='ltr'><strong>liccat;</strong></span> <span class='ocrx_word' id='word_1_837' title='bbox 3716 5167 3760 5210; x_wconf 76' lang='lat' dir='ltr'><strong>et</strong></span> 
     </span>
    </p>
   </div>
   <div class='ocr_carea' id='block_1_108' title="bbox 2192 5245 3759 5304">
    <p class='ocr_par' dir='ltr' id='par_1_108' title="bbox 2192 5245 3759 5304">
     <span class='ocr_line' id='line_1_108' title="bbox 2192 5245 3759 5304; baseline -0.004 0"><span class='ocrx_word' id='word_1_838' title='bbox 2192 5250 2319 5304; x_wconf 90' lang='lat' dir='ltr'><strong>dum</strong></span> <span class='ocrx_word' id='word_1_839' title='bbox 2375 5250 2687 5304; x_wconf 79' lang='lat' dir='ltr'><strong>unedictam</strong></span> <span class='ocrx_word' id='word_1_840' title='bbox 2743 5249 3065 5304; x_wconf 80' lang='lat' dir='ltr'><strong>Romanam</strong></span> <span class='ocrx_word' id='word_1_841' title='bbox 3098 5256 3331 5302; x_wconf 71' lang='lat' dir='ltr'><strong>matrem</strong></span> <span class='ocrx_word' id='word_1_842' title='bbox 3392 5245 3759 5304; x_wconf 71' lang='lat' dir='ltr'><strong>appellaverint</strong></span> 
     </span>
    </p>
   </div>
  </div>
