3904 5304
76 160 198 222 393

1283 163 1645 223 oruscuu
1685 138 1776 220 ET
1823 166 2206 227 merome.

3261 188 3367 244 99‘
3380 245 3384 249 .

80 284 492 350 prtesnmptum
541 276 739 344 fuerit,
788 279 859 333 nil
892 279 1028 343 erit,
1072 278 1167 334 scd
1210 279 1418 334 viribus
1454 278 1682 334 carebit.
1714 285 1762 346 Α
1790 282 1901 338 lum
1931 282 2177 342 damnari
2214 295 2307 343 aut
2341 289 2454 346 suis
2489 293 2776 363 ex5poliari
2813 297 2971 354 rebus
3020 299 3220 355 debere
3248 304 3366 373 epi-

80 370 230 423 Nam
264 383 370 422 nec
396 369 498 423 hoc
526 383 749 437 perpcre
779 371 1184 438 praesumimus,
1216 372 1309 425 sed
1339 374 1407 424 et'
1428 370 1481 424 id
1516 371 1688 439 ipsum

82 464 141 518 in
176 464 408 520 Nicmna
451 466 657 536 synodo
685 466 1036 520 constitutum
1055 505 1071 526 ,
1100 474 1159 519 et
1188 475 1561 519 antecessores
1591 480 1691 519 no-

82 564 244 610 stros
266 555 468 634 egisse,
493 554 652 620 bene,
682 554 965 617 Athanasi,
994 555 1168 621 nosti;
1202 555 1453 624 quoniam
1476 555 1691 623 quando

83 655 143 700 tu
174 656 238 700 et
274 645 480 702 Paulus
505 645 1169 716 Constantiuopolitauus,
1200 647 1480 717 Asclepius
1506 647 1688 713 Gazte,

83 749 142 796 et
190 741 473 795 Lucianas
502 740 935 809 Adrianopolites
980 741 1048 793 ab
1084 739 1447 794 Orientalibus
1475 741 1689 809 episco-

82 831 171 899 pis
194 870 210 894 ,
243 830 553 885 inconsulto
591 840 794 884 sanctte
823 830 1094 885 memoriae
1125 829 1266 885 Julio
1295 831 1689 898 przcdeccssore

87 929 312 981 nostro,
348 918 584 972 damnati
620 918 782 984 estis,
817 928 873 974 e‘t
917 917 982 973 ad
1029 935 1150 974 eum
1172 959 1188 984 ,
1218 921 1369 989 quasi
1414 922 1479 974 ad
1528 923 1689 977 totius

86 1010 248 1065 orbis
280 1021 463 1080 caput,
486 1019 546 1064 nt
574 1026 788 1080 semper
816 1011 942 1066 huic
968 1020 1169 1066 sancta:
1199 1011 1312 1066 sedi
1337 1011 1542 1066 licitum
1566 1010 1683 1078 fuit,

87 1098 447 1171 confugistis,
469 1101 681 1171 cognita
705 1117 892 1155 eorum
922 1102 1159 1170 nequitia
1183 1110 1236 1155 et
1259 1112 1437 1156 vestra
1455 1102 1681 1170 iustitia,

89 1206 192 1244 vos
224 1191 281 1245 in
313 1191 748 1246 communionem
793 1191 1049 1261 suscepit,
1091 1201 1145 1246 et
1172 1192 1411 1246 omnium
1440 1202 1683 1249 vestrum

88 1295 288 1335 curam
332 1294 563 1351 gerens,
613 1289 834 1351 propter
876 1282 1019 1335 sedis
1061 1282 1291 1351 propria:
1342 1282 1680 1352 dignitatem,

91 1371 345 1442 singulos
369 1373 482 1427 suis
509 1374 741 1428 reddens
760 1373 1035 1438 Ecclesiis,
1063 1372 1425 1429 Orientalibus
1444 1376 1678 1445 scripsit,

90 1462 328 1530 culpans
351 1477 445 1517 eos
470 1463 611 1532 quod
642 1479 749 1518 nou
779 1472 926 1518 recte
959 1472 1284 1520 tractassem
1301 1505 1317 1531 ,
1344 1466 1490 1521 viros
1512 1467 1682 1521 incul-

89 1550 307 1618 pabiles
336 1551 403 1606 de
429 1551 539 1607 suis
585 1551 838 1608 Ecclesiis
881 1554 1244 1622 expellentes.
1287 1565 1341 1610 et
1387 1557 1676 1612 constituta

1789 392 2008 447 copum,
2035 380 2124 449 qui
2157 380 2296 436 hanc
2322 393 2562 438 sanctam
2595 388 2774 441 sedent
2809 388 3248 459 interpellaverit,
3272 405 3369 451 aut

1790 465 1891 522 sibi
1923 466 2331 524 defensatricem
2379 474 2654 539 asciverit,
2691 477 2861 532 donec
2898 480 3159 549 judicium
3205 484 3272 539 de
3301 500 3366 539 eo

1789 565 1989 612 nostra:
2017 558 2322 628 apostolicae
2344 563 2700 625 auctoritatis,
2730 564 2831 620 hoc
2850 577 2934 621 est
2957 569 3213 640 principis
3236 586 3365 642 apo-

1789 648 2049 704 stolorum
2090 650 2232 706 Petri
2282 662 2559 720 agnoscat,
2589 655 2713 724 quia
2746 656 3082 714 solummodo
3115 660 3365 719 Christus

1787 742 1944 798 Jesus
1970 744 2094 800 huic
2119 754 2319 800 sanctae
2344 745 2481 812 sedi,
2508 747 2559 801 id
2587 755 2672 801 est
2704 748 3028 817 apostolicae,
3059 750 3160 805 hoc
3184 751 3364 808 facere

1787 833 2078 888 commisit.
2110 834 2306 904 Utpote
2336 837 2587 906 quoniam
2619 836 2765 892 solus
2793 848 2954 908 atque
2979 855 3088 909 pra:
3110 843 3362 899 omnibus

1785 925 2043 995 praefatus
2084 929 2335 998 princeps
2377 929 2736 999 apostolorum
2766 933 3004 987 creditus
3052 943 3165 999 est,
3195 940 3361 1006 atQue

1785 1017 2065 1087 percipere
2093 1020 2288 1073 meruit
2323 1035 2352 1073 a
2384 1020 2530 1090 Rege
2578 1037 2761 1092 regum
2796 1022 3010 1079 Christo
3037 1023 3145 1080 Deo
3181 1025 3361 1083 claves

1786 1109 1936 1178 regni
1963 1107 2245 1163 caelorum.
2272 1129 2290 1161 ι
2327 1109 2431 1164 Ista
2458 1109 2632 1165 felicia
2665 1127 2786 1165 cum
2827 1112 2932 1166 isto
2960 1110 3123 1168 Felici
3157 1114 3361 1184 pariter

1785 1206 1974 1253 tonant
2004 1199 2281 1253 duodecim
2310 1200 2490 1254 mundi
2521 1199 2831 1267 luminaria,
2860 1218 2956 1272 per
2980 1218 3098 1272 qute
3125 1204 3359 1259 reclamo

1782 1302 1904 1343 cum
1944 1304 2129 1343 eorum
2173 1289 2657 1359 praedecessoribus
2695 1305 2758 1345 ac
2787 1292 3217 1360 successoribus,
3258 1309 3358 1349 nec

1781 1380 2074 1451 quidquam
2102 1380 2386 1436 habebitur
2408 1390 2604 1448 ratum,
2629 1382 2885 1453 quidquid
2915 1383 2983 1438 ab
3013 1399 3198 1439 eorum
3226 1400 3357 1440 con-

1780 1471 2150 1525 stitutionibus
2198 1470 2358 1525 fuerit
2396 1471 2689 1526 diversum.
2736 1473 2877 1544 Ergo
2918 1473 2970 1528 in
3016 1474 3122 1530 isto
3160 1483 3216 1529 et
3265 1475 3355 1530 isti

1780 1579 1918 1617 vana
1946 1562 2238 1632 loquuntur
2257 1579 2378 1616 cum
2400 1563 2610 1619 cunctis
2627 1562 3117 1634 praedecessoribus
3139 1579 3352 1629 eorum,

87 1636 299 1693 Nicani
330 1638 545 1693 concilii
592 1640 811 1694 minime
840 1652 1240 1698 conservantes.
1285 1645 1328 1699 E
1370 1646 1566 1714 quibus
1610 1647 1677 1701 ad
1706 1637 1753 1696 Β
1781 1655 1904 1723 quia
1934 1654 2013 1709 sic
2043 1652 2458 1722 uniuscuiusque
2494 1655 2821 1709 successoris
2854 1654 3149 1709 auctoritas
3188 1655 3354 1709 babe-

90 1737 304 1783 certum
335 1729 473 1784 diem
518 1731 802 1786 nonnullos
830 1732 1045 1787 sibimet
1086 1734 1277 1789 adesse
1310 1737 1583 1806 prteccpit,
1618 1746 1676 1792 ut

90 1818 147 1873 de
187 1818 391 1875 talibus
418 1828 622 1874 certam
652 1823 1160 1890 praesumptionilms
1196 1824 1480 1879 redderent
1512 1827 1677 1881 ratio—

90 1927 241 1977 nem,
287 1921 343 1968 et
367 1913 672 1995 coram’eis
717 1913 1027 1969 ostenderet
1059 1912 1266 1980 justum
1305 1929 1363 1968 se
1408 1929 1571 1984 super
1596 1916 1676 1971 eis

89 2002 385 2072 protulisse
430 2004 724 2058 decretum.
772 2003 1153 2057 Interminatus
1200 2011 1283 2058 est
1328 2005 1526 2071 etiam,
1567 2020 1673 2060 non

93 2094 214 2146 talia
250 2092 509 2162 deinceps
529 2091 724 2148 fratres
751 2107 872 2148 esse
888 2106 1164 2163 passuros,
1189 2100 1244 2147 et
1272 2092 1372 2146 nisi
1400 2094 1468 2148 ab
1488 2092 1672 2162 hujus-

94 2182 231 2236 modi
292 2182 804 2252 praesumptionihus
848 2191 1159 2245 cessarent,
1202 2196 1231 2234 a
1276 2181 1509 2251 propriis
1548 2196 1669 2237 esse

93 2273 347 2342 gradibus
386 2274 487 2327 eos
532 2287 859 2327 recessuros.
909 2272 1024 2327 Tali
1073 2272 1216 2326 enim
1263 2272 1420 2342 hujus
1466 2282 1669 2327 sancta:

96 2365 232 2418 sedis
277 2362 562 2434 privilegio
592 2371 648 2416 tu
676 2373 732 2418 et
763 2362 956 2417 fratres
991 2363 1065 2417 tui
1099 2363 1344 2432 proprias
1387 2363 1669 2432 recepistis

90 2452 360 2506 Ecclesias
395 2467 517 2506 cum
564 2450 816 2505 omnibus
865 2451 966 2506 sibi
1010 2451 1422 2521 pertinentibus.
1468 2449 1563 2504 llis
1610 2459 1667 2505 et

98 2541 203 2595 aliis
233 2542 647 2610 quamplurimis
674 2541 1014 2596 documentis
1045 2541 1389 2595 manifestum
1418 2552 1500 2597 est
1548 2542 1665 2596 nul-

1778 1745 1925 1801 bitur
1952 1753 2092 1808 rata,
2122 1744 2165 1800 si
2188 1742 2604 1815 pmtlecessoris
2628 1746 2710 1800 sui
2734 1745 2944 1800 actibus
2961 1785 2977 1809 ,
3001 1753 3059 1798 ut
3082 1745 3159 1799 ait
3194 1743 3354 1816 Sym-

1777 1836 2002 1889 machus
2042 1849 2196 1904 papa,
2231 1820 2842 1889 ttibuerit‘lirmitatem.
2876 1835 3060 1904 Itaque
3088 1832 3228 1890 unde
3264 1835 3354 1891 ille

1775 1936 1958 1982 vester
1984 1926 2211 1981 clericus
2251 1924 2511 1995 Spoliatus
2539 1925 2610 1978 sit
2640 1925 2852 1991 nescio,
2880 1940 3055 1994 neque
3081 1925 3223 1979 unde
3258 1939 3352 1980 ve—

1775 2019 1935 2073 stitus
1959 2033 2080 2073 esse
2105 2018 2300 2074 debeat
2325 2020 2500 2074 adhuc
2530 2019 2735 2091 ignoro.
2764 2019 2819 2074 Si
2848 2029 3028 2091 autem
3057 2028 3152 2074 aut
3176 2018 3347 2074 recla-

1773 2110 2024 2164 matiouis
2071 2119 2165 2164 aut
2204 2109 2527 2180 expiationis
2572 2124 2795 2171 vocem,
2848 2117 2942 2163 aut
2985 2108 3347 2164 accusationis

1772 2202 2032 2258 adversus
2059 2202 2292 2273 aliquem
2325 2202 2484 2256 habet
2511 2204 2563 2256 in
2594 2216 2713 2255 mea
2754 2201 3026 2270 parochia,
3061 2211 3237 2254 utrum
3274 2200 3344 2255 ad

1770 2292 2036 2364 synodum
2090 2308 2119 2346 a
2166 2286 2431 2362 parvitate
2481 2305 2597 2346 mea
2654 2290 2954 2346 habendam
3003 2291 3196 2345 debeat
3244 2305 3340 2343 ve-

1767 2384 1887 2437 nire
1926 2384 2141 2454 penitus
2179 2399 2210 2437 a
2242 2384 2392 2438 vobis
2436 2383 2631 2452 poterit
2672 2382 2900 2436 discere.
2945 2380 3078 2435 Data
3111 2380 3340 2435 Kalend.

1766 2473 1891 2529 Maii
1926 2474 2202 2546 praesentis
2241 2475 2411 2529 tertiae
2447 2473 2776 2529 iudictiouis.

117 2698 3335 2732 W

1667 2855 1816 2930 IV.

426 3029 820 3093 HINCMARI
852 3029 1298 3092 COLLECTIO
1333 3029 1448 3090 EX
1477 3028 1884 3090 EPISTOLIS
1915 3027 2431 3091 ROMANORUM
2466 3025 2757 3089 PONTIF
2763 3024 2981 3086 lCUM.

1225 3214 1308 3254 λυ
1342 3212 1728 3255 HINCMAR‘UM
1760 3212 2177 3256 RHEMENSE‘M.

1465 3364 1757 3381 ψ

1760 3364 1927 3380 —

101 3492 167 3549 Ex
202 3493 417 3565 epistola
447 3491 703 3566 ‘Vt‘ctoris
747 3509 921 3566 paper,
952 3490 1236 3566 Theophila
1270 3491 1644 3566 Alexandrino

1769 3471 1852 3526 ari
1889 3472 2081 3535 liceat,
2121 3484 2230 3525 non
2271 3478 2448 3526 tamen
2480 3466 2710 3524 dil‘llnire
2747 3466 3049 3524 inconsulto
3082 3466 3328 3524 Romano

152 3562 375 3633 episcopo
422 3563 645 3628 directa,
693 3562 781 3633 qui
812 3564 928 3632 fuit
982 3563 1193 3633 quintus
1245 3562 1477 3615 decimus
1533 3572 1646 3632 post

197 3647 380 3688 atrum.

154 3742 343 3813 (Epist.
381 3742 458 3812 l.)
479 3759 499 3793 ‹
519 3741 835 3796 Audivimns
862 3756 1094 3811 namque
1124 3742 1264 3808 apud
1290 3756 1386 3797 vos
1412 3749 1648 3796 vestros-

99 3846 181 3900 que
202 3833 413 3888 diversa
431 3831 634 3902 judicia
665 3832 776 3886 ﬁeri
813 3842 867 3886 et
892 3834 1097 3887 incerta
1135 3833 1388 3902 judicari.
1413 3832 1640 3896 Incerta,

98 3920 373 3977 cbarisSimi
404 3921 708 3975 nullatenus
740 3921 1066 3991 iudicemus,
1093 3924 1268 3994 quoad
1293 3940 1454 3994 usque
1474 3924 1644 3977 veniat

98 4008 340 4075 Dominus,
366 4012 457 4080 qui
483 4010 701 4065 latentia
725 4012 982 4080 producet
1013 4013 1064 4065 in
1089 4012 1281 4077 lucem,
1307 4022 1354 4066 et
1376 4013 1645 4067 illumina-

99 4098 154 4150 lu't
193 4100 487 4155 abscondita
527 4100 887 4165 tenebrarum,
934 4111 983 4154 et
1028 4101 1382 4171 manifestabit
1424 4101 1641 4155 consilia

98 4191 300 4251 cordium
329 4190 383 4262 (I
416 4190 539 4245 Cor.
572 4206 645 4253 tv,
676 4191 754 4261 5).
787 4191 918 4257 Quia
943 4193 1192 4261 quamvis
1215 4208 1341 4246 vera
1372 4193 1499 4257 sint,
1533 4208 1639 4246 nou

101 4282 244 4332 tatueu
285 4280 554 4333 credenda
586 4289 732 4344 sunt,
764 4279 865 4333 nisi
913 4292 1034 4348 qua:
1080 4279 1379 4333 manifestis
1426 4280 1640 4334 indiciis

1750 3561 2005 3633 pontiﬁce
2032 3561 2351 3630 permissum
2381 3568 2496 3624 est,
2530 3575 2652 3615 cum
2699 3557 2855 3614 beato
2882 3557 3044 3614 Petro
3082 3557 3326 3628 apostolo
3364 3580 3371 3587 ’

1751 3668 1856 3706 ιιοιι
1884 3652 1952 3704 ab
1972 3649 2084 3703 alio
2109 3664 2268 3719 quam
2305 3650 2374 3705 ab
2401 3649 2518 3718 ipso
2548 3648 2749 3702 dictum
2781 3647 2851 3702 sit
2881 3648 3134 3702 Domino:
3170 3646 3323 3713 Duce.

1748 3758 1948 3811 cunque
1964 3740 2206 3811 ligaveris
2235 3754 2390 3809 super
2405 3748 2619 3803 terram,
2646 3747 2798 3792 erunt
2821 3737 2984 3808 ligata
3000 3747 3047 3791 et
3074 3739 3128 3791 in
3147 3737 3322 3798 cmlt's:

1742 3842 1793 3886 et
1818 3846 2136 3900 quwrunque
2155 3829 2369 3882 solveris
2396 3844 2551 3897 super
2566 3837 2784 3890 terram,
2815 3836 2966 3880 erunt
2992 3826 3163 3880 soluta
3190 3835 3236 3879 et
3268 3827 3322 3879 in

1745 3923 1884 3976 calis
1930 3920 2145 3992 (Matth.
2195 3936 2304 3985 xvt,
2346 3919 2468 3989 l9);
2498 3926 2551 3972 et
2578 3916 2706 3971 alibi
2755 3918 2809 3972 in
2859 3917 3079 3974 statutis
3124 3918 3320 3990 legitur

1744 4016 2092 4087 apostolicis:
2124 4033 2142 4066 ι
2179 4013 2236 4067 Si
2267 4015 2388 4083 quis
2413 4012 2683 4081 putaverit
2716 4026 2776 4067 se
2815 4026 2845 4065 a
2878 4012 3096 4082 proprio
3123 4019 3320 4066 metro-

1749 4127 1768 4160 ι
1802 4109 2038 4178 politano
2067 4105 2308 4173 gravari,
2343 4104 2484 4175 apud
2521 4103 2885 4172 patriarcham
2919 4102 3003 4158 vel
3033 4103 3316 4173 primatem

1747 4216 1768 4250 ι
1801 4198 2117 4261 diteceseos,
2133 4204 2223 4249 aut
2236 4210 2406 4264 penes
2419 4193 2735 4249 universalis
2747 4192 3052 4263 apostolica:
3066 4193 3317 4247 Ecclesia:

1744 4303 1763 4337 ι
1789 4283 2060 4353 iudicetur
2081 4285 2283 4339 sedem.
2309 4303 2327 4335 ι
2352 4281 2492 4337 Nihil
2518 4281 2660 4335 aliud
2676 4289 2781 4346 est,
2805 4279 3025 4343 fratres,
3041 4268 3159 4334 talis
3182 4297 3316 4350 pra:-

100 4370 498 4439 coutprobautur,
544 4369 645 4424 nisi
680 4385 799 4438 qua:
841 4368 1130 4424 manifesto
1169 4368 1376 4438 judicio
1416 4370 1640 4424 convin-

100 4467 275 4522 cuntur,
304 4459 405 4513 nisi
429 4458 851 4529 quaejudiciario
876 4458 1065 4512 ordine
1086 4458 1446 4527 publicentur.
1478 4457 1640 4512 Simi-

1738 4377 1972 4446 sumptio
2011 4374 2113 4428 nisi
2160 4371 2521 4444 apostolorum
2560 4386 2888 4441 suorumque
2938 4384 3311 4426 successorum

1740 4465 2001 4519 terminos
2030 4461 2353 4532 transgredi,
2389 4475 2682 4529 eorumque
2704 4458 2920 4515 decreta
2945 4458 3157 4513 violari.
3185 4456 3315 4511 Cul-

101 4542 197 4601 liter
233 4552 293 4605 ea
332 4566 428 4606 vos
454 4550 699 4620 judicare
745 4552 812 4606 ad
857 4552 1214 4620 apostolicam
1264 4551 1499 4607 delatum
1553 4558 1637 4605 est
1736 4561 1934 4622 pantur
1975 4551 2144 4617 enim,
2201 4559 2262 4605 ut
2294 4551 2554 4621 scriptum
2613 4555 2717 4611 est,
2770 4545 2986 4611 fratres,
3038 4544 3129 4615 qui
3162 4544 3317 4599 aliter

102 4638 262 4705 sedem,
291 4654 406 4710 qum
439 4650 636 4712 praeter
664 4649 904 4695 nostram
934 4642 1087 4696 vobis
1113 4640 1344 4696 difﬁnire
1370 4658 1476 4697 non
1506 4642 1635 4695 licet
1698 4654 1702 4659 ‘
1735 4639 1882 4695 circa
1916 4640 2197 4711 episcopos
2220 4637 2464 4706 judicare
2504 4644 2835 4705 praesumunt
2864 4651 3029 4707 quam
3069 4633 3320 4702 apostoli-
3354 4689 3360 4694 _

101 4729 465 4794 auctoritatem,
496 4730 550 4784 id
585 4738 669 4783 est
687 4730 1060 4799 episcoporum
1097 4744 1338 4784 causam.
1378 4729 1532 4787 Unde
1559 4730 1632 4786 ita
1734 4742 1812 4783 cce
1838 4730 1983 4786 sedis
2017 4744 2167 4799 papa:
2194 4727 2307 4781 lieri
2346 4726 2627 4799 placuerit.
2668 4745 2688 4777 ι
3300 4734 3303 4739 ‘

102 4818 403 4873 constitutum
448 4820 615 4888 liquet
640 4835 669 4871 a
702 4827 942 4887 tempore
967 4820 1355 4890 apostolorum,
1399 4832 1456 4877 et
1479 4822 1631 4876 dein—
1660 4822 1668 4881 ]

1769 4835 1820 4909 λυ
1856 4839 2075 4909 epistola
2117 4837 2322 4893 Callisti
2361 4835 2854 4909 pupugitttloumes
2898 4837 3194 4894 Galliarum
3241 4855 3328 4889 ur-
3414 4860 3469 4891 ς.

100 4920 214 4974 ccps.
250 4909 441 4965 Placuit
474 4920 531 4965 ut
568 4919 855 4964 accusatus
897 4909 978 4963 vel
1002 4910 1274 4979 judicatus
1311 4927 1339 4967 a
1383 4926 1627 4983 compro-

1801 4905 1948 4983 bjum
1997 4910 2294 4977 e,.iscopos,
2340 4905 2444 4979 qui
2483 4908 2579 4976 fuit
2630 4905 2865 4964 decimus
2906 4910 3157 4981 septimus
3214 4920 3326 4976 post

104 4994 374 5054 viucialibus
409 5001 459 5055 in
501 5001 680 5068 aliqua
709 5013 871 5053 causa
916 5002 1233 5071 episc0pus,
1270 5002 1496 5059 licenter
1525 5016 1627 5069 ap-
1802 4976 1851 5028 Ρ
1853 4994 2043 5035 “"1"”-
2915 5010 2918 5014 λ
3204 5052 3211 5059 ,

100 5084 224 5148 pellet
246 5098 295 5143 et
322 5090 469 5145 adeat
497 5089 804 5161 apostolicae
846 5087 993 5145 sedis
1028 5091 1371 5161 pontiﬁcem,
1402 5094 1494 5164 qui
1530 5097 1625 5145 aut
1800 5092 2005 5164 (Epist.
2046 5092 2156 5164 ll.)
2186 5109 2205 5142 ι
2258 5089 2458 5152 Nullus
2498 5089 2702 5163 primas
2746 5094 2834 5149 vel
2883 5086 3333 5163 tnetropolitauus

98 5184 173 5236 per
204 5192 253 5232 se
291 5189 379 5233 aut
411 5197 506 5251 per
536 5179 770 5235 vicarios
809 5192 934 5232 suos
974 5183 1091 5252 ejus
1123 5190 1413 5239 retractare
1458 5197 1624 5253 nego-
1728 5180 2027 5242 dioecesani
2057 5181 2370 5253 ecclesiam,
2401 5182 2491 5242 vel
2522 5181 2941 5254 parochianum,
2992 5182 3082 5239 vel
3129 5178 3332 5245 aliquid

100 5259 200 5304 ιῖιιηι
224 5280 449 5304 ηνηιιιηιΔΙ
478 5289 492 5302 ο
518 5278 571 5304 nl
600 5270 723 5304 r‘nm
756 5269 951 5304 itas-oin
988 5270 1189 5304 inlunio
1230 5275 1463 5304 nnnlﬂ‘nu
1497 5285 1618 5304 nnll-

1769 5269 1841 5304 iam
1874 5275 2144 5304 λιι-Ληιιῖηι
2191 5283 2494 5304 ηιιωοι--ιηιιθ
2539 5278 3011 5304 usquamnon-dna..-
3077 5266 3161 5304 1191
3198 5262 3332 5304 int“.
