3904 5304
1594 292 1923 364 lllNCIttAttl
1961 309 2441 366 LAUDUNENSIS
2479 310 2785 367 EPISCOPI

3717 320 3807 374 9'36

556 431 853 495 tirmatum,
884 426 935 480 id
967 436 1079 480 est:
1112 425 1169 481 Si
1202 426 1322 495 quis
1351 427 1801 495 metropolitanus
1827 426 2135 496 episcopus,
2168 430 2212 488 Α
2242 398 2452 479 irritum
2483 426 2747 481 habeatur
2771 435 2825 479 et
2849 441 3097 481 vacuum.
3136 427 3405 482 Similiter
3429 437 3611 482 autem
3639 446 3808 487 aucto.

553 522 654 576 nisi
692 522 832 590 quod
882 520 947 572 ad
1000 534 1152 573 suam
1203 518 1537 573 solummodo
1585 519 1853 588 propriam
1903 518 2136 587 pertinet

552 611 885 682 parochiam.
928 611 1046 663 sine
1073 609 1296 663 consilio
1323 618 1376 663 et
1403 609 1675 664 voluntate
1712 608 2138 678 comprovincia-

554 700 685 753 lium
724 700 1099 769 episcoporum
1154 707 1306 752 evtra
1355 698 1555 769 aliquid
1611 714 1770 768 agerc
1819 697 2135 763 tentaverit,

554 803 753 859 gradus
773 789 851 842 sui
878 787 1113 857 periculo
1135 786 1454 856 subjacebit,
1484 795 1537 841 et
1561 788 1702 857 quod
1724 786 1897 857 egerit
1925 787 2138 841 irritqu

555 879 820 934 habeatur
846 887 900 932 et
939 893 1184 932 vacuum.
1219 878 1325 932 Sed
1353 878 1611 947 quidquid
1641 878 1706 932 de
1728 877 2137 947 provincialium

554 972 994 1040 coepiscoporum
1051 972 1270 1035 causis,
1331 986 1625 1041 eorumque
1676 970 2038 1023 Ecclesiarum
2086 976 2141 1023 et

554 1062 897 1126 clericorum,
932 1072 1093 1133 atque
1137 1064 1476 1118 saecularium
1527 1062 1939 1117 necessitatibus
1982 1076 2142 1131 agere

555 1161 645 1206 aut
678 1142 962 1223 disponere
988 1169 1209 1208 necesse
1239 1155 1420 1218 fuerit,
1453 1155 1553 1208 hoc
1584 1169 1706 1208 cum
1744 1152 1983 1206 omnium
2014 1167 2143 1205 cou-

551 1260 715 1299 sensu
745 1246 1277 1316 comprovincialium
1311 1255 1502 1315 agatur
1533 1245 1844 1315 pontificum
1864 1284 1877 1308 ,
1912 1259 2015 1297 non
2047 1244 2142 1298 ali-

554 1353 662 1404 quo
692 1338 1072 1393 dominationis
1111 1337 1273 1399 fastu,
1318 1339 1413 1393 sed
1456 1337 1751 1392 hutnillima
1787 1345 1840 1389 et
1883 1336 2139 1390 concordi

556 1429 1042 1493 administratione,
1080 1431 1217 1484 sicut
1246 1431 1323 1482 Do
1347 1431 1505 1484 uinus
1536 1430 1612 1483 ait
1644 1448 1656 1483 :
1693 1429 1815 1482 Non
1840 1431 1950 1482 veni
1985 1430 2141 1481 mini-

556 1522 735 1583 strari,
764 1522 853 1574 sed
880 1522 1174 1575 ministrare
1203 1522 1419 1591 (Matth.
1467 1539 1535 1576 xx
1555 1564 1567 1582 ,
1591 1521 1682 1589 26)
1712 1540 1724 1585 ;
1754 1532 1809 1575 et
1835 1522 1957 1575 alibi
1992 1539 2005 1577 :
2038 1521 2142 1586 Qui

559 1612 733 1679 major
753 1623 825 1664 est
850 1623 1090 1676 vestram,
1118 1613 1212 1665 erit
1238 1613 1472 1666 minister
1496 1623 1659 1665 vester
1680 1612 1854 1682 (ibid.,
1881 1629 2006 1665 vers.
2024 1612 2139 1682 9.8),

558 1713 606 1754 et
637 1701 857 1769 reliqua.
892 1723 908 1754 ι
931 1703 1060 1755 Item
1078 1704 1212 1756 unde
1231 1720 1411 1773 supra.
1428 1705 1491 1756 de
1505 1705 1813 1773 primatibus
1827 1714 1873 1757 et
1887 1714 2142 1771 metropo-

561 1795 735 1848 litauis
760 1797 966 1864 (ibidem
995 1807 1106 1864 post
1134 1796 1283 1865 alia).
1322 1819 1338 1847 ι
1374 1795 1560 1850 Nullus
1582 1796 1720 1866 print

561 1882 959 1953 lt'0politatuts,
1014 1885 1298 1953 nullusque
1350 1886 1678 1955 reliquorum
1725 1886 2096 1954 episcoporum
2126 1926 2140 1950 ,

560 1976 783 2029 alterius
807 1977 1270 2035 adeateivitatem,
1288 1985 1379 2030 aut
1400 1977 1464 2030 :nl
1483 1977 1873 2046 possessionem
1899 1976 2138 2040 accedat,

560 2079 681 2131 qua:
708 2064 772 2116 ad
801 2079 925 2118 eum
967 2081 1071 2118 non
1116 2065 1378 2134 pertinet,
1430 2073 1484 2119 et
1525 2064 1743 2118 alterius
1783 2064 2014 2133 episcopi
2062 2074 2146 2119 est

561 2156 849 2223 parochiae,
883 2173 1044 2226 super
1071 2156 1385 2226 cujusquam
1431 2157 1785 2227 dispositione
1804 2197 1825 2227 ,ι
1853 2156 1954 2209 nisi
1987 2171 2144 2209 voca-

565 2256 650 2301 tus
680 2247 746 2300 ab
779 2263 843 2300 eo
872 2248 1027 2316 cujus
1060 2247 1199 2315 juris
1229 2264 1350 2303 esse
1380 2249 1733 2320 dignoscitur,
1784 2258 1843 2302 ut
1888 2248 2143 2317 quiddam

564 2337 636 2391 ibi
674 2339 921 2410 disponat
965 2340 1043 2395 vel
1084 2342 1328 2405 ordinet,
1360 2339 1696 2408 antjudicct,
1726 2340 1769 2394 si
1816 2340 1896 2394 sui
1947 2340 2147 2410 gradus

564 2427 768 2481 honore
812 2430 970 2499 potiri
1026 2430 1276 2484 Voluerit.
1336 2432 1429 2484 Sin
1488 2433 1646 2485 aliter
1695 2430 2143 2500 prtesumpserit,

563 2518 943 2574 damnabitur:
974 2529 1028 2575 et
1084 2538 1185 2574 non
1234 2522 1404 2575 solum
1456 2521 1577 2584 ille,
1638 2522 1730 2574 sed
1792 2528 2146 2589 cooperantes

564 2609 720 2677 eique
752 2612 1177 2677 consentientes;
1208 2613 1329 2679 quia
1358 2611 1500 2667 sicut
1531 2612 1826 2675 ordinatio,
1857 2611 1931 2665 ita
1975 2610 2055 2664 eis
2091 2617 2147 2664 et

559 2696 822 2767 judicatio
867 2708 921 2753 et
963 2700 1190 2753 aliarum
1240 2718 1420 2755 rerum
1469 2702 1750 2771 dispositio
1807 2700 2141 2770 prohibetur.

566 2785 700 2841 Nam
729 2789 820 2856 qui
863 2791 1116 2844 ordinare
1162 2807 1267 2844 non
1306 2794 1532 2860 poterit,
1562 2793 1793 2861 qualiter
1835 2792 2146 2861 judicabit?

566 2876 883 2931 Nullatcnus
910 2879 1097 2947 procul
1134 2880 1295 2934 dubio
1318 2881 1582 2948 judicahit
1612 2894 1704 2935 aut
1727 2882 1972 2952 judicare
2002 2893 2148 2951 pote-

567 2968 658 3029 rit,
687 2969 939 3034 quoniam
979 2970 1120 3022 sicut
1165 2971 1385 3026 alterius
1418 2989 1552 3025 uxor
1592 2990 1691 3027 nec
1735 2974 2028 3028 adulterari
2078 2974 2145 3027 ab

568 3060 748 3128 aliquo
777 3062 857 3114 vel
880 3061 1108 3128 judicari
1151 3073 1242 3117 aut
1269 3066 1510 3134 disponi,
1551 3067 1650 3120 nisi
1691 3083 1719 3121 a
1769 3070 1988 3136 proprio
2027 3068 2144 3121 viro

566 3167 632 3205 co
667 3153 878 3207 vivente
916 3155 1267 3223 permittit-ur,
1297 3157 1378 3212 sic
1417 3172 1514 3213 nec
1545 3173 1680 3213 uxor
1706 3159 1941 3228 episcopi
1965 3200 1981 3223 ,
2025 3173 2094 3227 qu

566 3240 683 3309 ejus
716 3242 950 3297 Ecclesia
986 3244 1067 3296 vel
1109 3248 1362 3315 parochia
1406 3248 1769 3309 indubitanter
1802 3249 2138 3319 intelligitur,

565 3346 632 3386 eo
666 3334 907 3399 vivente,
937 3336 1139 3404 absque
1180 3334 1295 3404 ejus
1325 3335 1527 3405 jmlicio
1567 3347 1621 3393 et
1657 3338 1962 3403 voluntate,
1988 3338 2141 3393 alteri

560 3419 808 3488 judicare
851 3423 930 3477 vel
961 3425 1278 3493 disponere,
1308 3436 1393 3481 aut
1438 3427 1555 3495 ejus
1594 3429 1880 3483 concubitu
1922 3426 2057 3492 frtti,
2090 3428 2142 3481 id

565 3520 652 3565 est
679 3513 1034 3575 ordinatione,
1069 3514 1335 3589 ullatenus
1361 3516 1691 3570 conceditur.
1726 3514 1880 3570 Unde
1909 3517 1983 3570 ait
2007 3517 2145 3585 Apo-

506 3674 517 3680 .
565 3610 774 3663 stolus:
806 3609 1037 3679 Alligata
1068 3621 1140 3664 est
1166 3628 1300 3665 uxor
1325 3610 1443 3680 legi,
1468 3612 1699 3682 quandiu
1734 3612 1812 3665 rir
1847 3611 1961 3681 ejus
2001 3612 2139 3665 civit.

564 3699 646 3753 Eo
670 3718 782 3755 rere
805 3702 1074 3771 defuncto,
1097 3703 1269 3755 soluta
1291 3714 1363 3755 est
1391 3721 1422 3754 α
1440 3702 1548 3773 lege
1572 3703 1669 3756 viri
1693 3702 1743 3774 (1
1769 3702 1893 3757 Cor.
1916 3719 2011 3765 vn,
2027 3702 2140 3773 59).

567 3789 826 3844 Similiter
855 3800 909 3844 et
937 3807 1132 3859 sponsa
1180 3793 1449 3862 episcopi,
1488 3792 1610 3861 quia
1662 3808 1858 3863 sponsa
1901 3807 2143 3861 uxorque

565 3879 682 3947 ejus
708 3882 905 3935 dicitur
932 3881 1171 3937 Ecclesia
1193 3924 1206 3945 ,
1239 3884 1325 3937 illo
1364 3885 1574 3938 vivente
1602 3894 1684 3938 est
1720 3886 1766 3938 ei
1797 3885 2033 3955 alligata.
2068 3885 2144 3938 Eo

567 3986 697 4024 vero
722 3971 974 4027 defuncto
1009 3975 1181 4030 soluta
1217 3985 1319 4034 est.
1352 3976 1435 4027 cui
1463 3974 1679 4029 voluerit
1721 3977 1913 4039 nubat,
1941 3985 2144 4029 tantum

566 4060 620 4112 iu
655 4060 896 4123 Domino,
940 4063 990 4116 id
1035 4071 1116 4117 est
1160 4064 1495 4128 regulariter.
1541 4066 1596 4118 Si
1637 4066 1780 4119 enim
1829 4080 1893 4119 co
1933 4065 2145 4119 vivente

565 4148 720 4201 alteri
758 4152 1022 4218 nupserit,
1066 4151 1364 4207 adulterata
1404 4151 1755 4221 jndicabitur.
1802 4154 2062 4207 Similiter
2089 4162 2145 4207 et

566 4236 673 4300 ille,
706 4240 748 4292 si
776 4239 999 4294 alteram
1032 4252 1221 4310 sponte
1253 4243 1490 4305 duxerit,
1519 4244 1730 4297 adulter
1763 4243 2143 4308 aestimabitur,

566 4339 620 4383 et
656 4332 1031 4385 communione
1058 4333 1375 4401 privahitur.
1415 4333 1471 4387 Si
1519 4342 1695 4387 autem
1733 4344 2047 4403 persecutus
2090 4335 2141 4388 in

564 4437 658 4473 sua
691 4421 852 4476 fuerit
884 4423 1143 4489 Ecclesia,
1174 4424 1483 4493 fugiendum
1523 4436 1607 4480 est
1659 4426 1730 4479 illi
1778 4427 1844 4481 ad
1888 4427 2135 4486 alteram.

565 4510 718 4576 eique
734 4520 814 4564 est
837 4513 1142 4577 sociaudus,
1171 4514 1382 4567 dicente
1410 4515 1664 4568 Domino:
1690 4514 1749 4570 Si
1775 4516 2028 4585 persecuti
2052 4532 2137 4569 vos
2170 4509 2217 4568 D

561 4602 753 4670 fuerint
784 4604 838 4656 in
870 4621 1027 4657 uuam
1052 4606 1329 4669 civitatem,
1356 4606 1518 4676 fugite
1549 4607 1602 4660 in
1635 4608 1795 4661 aliam
1834 4607 2048 4677 (Matth.
2085 4623 2138 4671 κ,

561 4690 671 4763 25).
706 4692 762 4746 Si
787 4703 963 4747 autem
1002 4694 1248 4750 utilitatis
1275 4712 1434 4752 causa
1474 4696 1640 4753 fuerit
1678 4700 1997 4759 mutandus,
2033 4714 2138 4753 non

562 4794 656 4847 per
679 4796 737 4835 se
766 4781 868 4834 hoc
897 4791 1039 4852 agat,
1066 4784 1159 4837 sed
1188 4783 1444 4838 fratribus
1466 4785 1838 4850 invitantibus,
1871 4796 1924 4842 et
1954 4797 2139 4841 aucto-

566 4870 723 4923 ritate
755 4870 910 4937 hujus
934 4882 1134 4927 sauctte
1159 4874 1300 4928 sedis
1328 4873 1513 4941 faciat,
1552 4892 1657 4931 non
1691 4877 1924 4932 ambitus
1952 4891 2134 4942 causa,

561 4961 655 5011 sed
680 4960 939 5017 utilitatis.
982 4982 999 5014 ι

562 5111 629 5163 1η
657 5113 1008 5193 Decretalihtts
1040 5116 1189 5193 Lucii
1215 5136 1384 5193 μίτραν,
1411 5122 1473 5173 tle
1503 5122 1910 5193 metropolitanis
1933 5123 2133 5189 episco-

721 5186 820 5250 pis,
859 5186 949 5247 qui
978 5186 1076 5253 fuit
1101 5186 1370 5241 vicesimus
1396 5195 1579 5245 tertius
1612 5186 1724 5261 post
1751 5186 1988 5245 Petrum.

640 5291 709 5304 In
749 5292 762 5304 ο
800 5301 809 5304 -
937 5295 948 5304 ι
1037 5295 1049 5304 ι
1135 5294 1188 5304 ι..

2238 518 2399 571 ritate
2426 515 2541 572 fulti
2572 517 2863 586 apostolica
2900 518 3278 587 praecipimus,
3312 529 3370 572 nt
3399 520 3581 573 nullus
3626 532 3808 575 metro.

2236 606 2537 679 politanus,
2578 606 2780 676 absque
2825 616 3141 662 cancrorum
3198 611 3445 663 omnium
3487 613 3813 678 campi-avia-

2238 698 2453 754 cialium
2499 698 2874 767 episcoporum
2929 698 3228 763 instantia,
3284 699 3598 769 aliquorum
3651 703 3813 754 audiat

2240 805 2457 855 causas,
2492 790 2618 859 quia
2651 790 2819 844 irritae
2851 799 3048 859 erunt,
3079 799 3135 845 et
3168 791 3285 861 ipse
3313 807 3544 845 causam
3568 808 3667 862 pro
3693 790 3813 845 iacto

2241 879 2408 934 dabit.
2445 898 2463 932 ι

2240 1025 2307 1081 In
2325 1028 2681 1100 Decretulibus
2701 1028 2834 1083 Julii
2853 1048 3018 1099 μίτραν,
3035 1031 3097 1085 de
3119 1031 3549 1100 metmpolitanis
3566 1033 3813 1100 episwpis,

2447 1099 2536 1168 qui
2568 1100 2666 1168 fuit
2700 1102 2989 1155 tricesimus
3024 1114 3203 1155 sextus
3232 1099 3348 1171 past
3383 1099 3630 1154 Petrum.

2314 1213 2503 1284 (Epist.
2536 1215 2610 1283 l.)
2652 1228 2669 1265 ι
2706 1215 2967 1282 Quoniam
3011 1227 3252 1271 sanctam
3295 1216 3613 1270 Romanam
3657 1216 3815 1271 Eccle-

2243 1303 2379 1358 siam
2411 1305 2695 1373 primatem
2718 1306 2956 1360 onmium
2986 1307 3349 1361 Ecclesiarum
3375 1322 3507 1360 esse
3536 1307 3815 1369 voluerunt,

2243 1406 2301 1450 ut
2327 1399 2466 1451 sicut
2498 1400 2687 1452 beatus
2713 1394 2905 1453 Petrus
2932 1399 3205 1469 apostolus
3222 1400 3438 1469 primus
3469 1398 3579 1452 fuit
3600 1400 3817 1453 omnium

2244 1490 2624 1560 apostolorum.
2678 1491 2749 1544 ita
2798 1500 2856 1544 et
2902 1491 3015 1545 haec
3065 1491 3331 1554 Ecclesia,
3391 1491 3572 1559 ipsius
3624 1491 3815 1543 nomine

2243 1590 2575 1644 consecrata,
2624 1581 2848 1635 Domino
2901 1580 3216 1636 institueute
3252 1582 3434 1650 prima
3475 1590 3537 1633 et
3575 1589 3733 1648 caput
3762 1582 3818 1632 sit

2243 1684 2559 1727 eteterarum
2579 1713 2593 1736 ,
2624 1681 2681 1725 et
2712 1672 2778 1726 ad
2808 1688 2926 1727 eam
2962 1673 3115 1741 quasi
3146 1674 3212 1726 ad
3259 1681 3501 1726 matrem
3533 1684 3697 1741 atque
3725 1673 3819 1740 apis

1727 1812 1808 1859 as,
1834 1796 2009 1850 “unus
2032 1761 2140 1849 δω-
2176 1787 2218 1845 B
2250 1778 2386 1824 cem,
2418 1777 2606 1817 otnncs
2634 1761 2864 1829 majores
2896 1762 3146 1816 Ecclesiae
3168 1778 3348 1816 causa:
3385 1772 3447 1815 et
3468 1762 3682 1831 judicia
3729 1762 3817 1829 cpi-

2248 1869 2531 1923 scoporum
2567 1861 2866 1916 recurrant,
2881 1853 3102 1922 ejusque
3115 1852 3261 1919 justa
3296 1853 3599 1907 terminum
3630 1862 3817 1906 sumant

2246 1945 2532 1999 sententia.
2563 1943 2671 1997 Nec
2698 1955 2852 1998 extra
2882 1943 3182 1997 lionuanutn
3215 1943 3523 2014 quidquam
3548 1958 3615 1997 ex
3650 1945 3727 1997 eis
3743 1946 3817 1993 «Ie-

2246 2033 2395 2087 cerui
2428 2034 2624 2086 debere
2659 2032 2989 2102 pontificem,
3031 2043 3299 2101 quatenus
3342 2049 3453 2087 non
3486 2034 3564 2085 ita
3594 2044 3817 2101 proterve

2245 2134 2301 2179 et
2348 2140 2445 2193 pro
2487 2124 2638 2177 libitu
2685 2124 2996 2192 cujusquam
3027 2139 3126 2177 suo
3175 2125 3399 2193 proprio
3437 2126 3699 2187 arbitrio,
3724 2126 3816 2194 qui-

2249 2215 2455 2283 busque
2485 2213 2939 2282 metropolitanis,
2970 2213 3108 2267 sicut
3148 2228 3311 2283 agere
3356 2213 3653 2275 solebant,
3684 2214 3817 2266 liccat

2247 2302 2552 2358 inconsulto
2594 2303 2835 2358 Romano
2875 2303 3125 2373 ponzifice
3174 2312 3267 2357 aut
3315 2305 3559 2374 majores

2247 2412 2439 2451 causas
2470 2397 2755 2451 deturbare
2775 2437 2791 2460 ,
2813 2406 2910 2451 aut
2936 2396 3220 2466 episcopos
3248 2398 3547 2452 damnare:
3578 2397 3677 2450 sed
3703 2412 3803 2449 con

2247 2488 2395 2542 muui
2416 2498 2616 2542 sanctae
2644 2489 2895 2544 Romana:
2922 2490 3065 2544 sedis
3085 2490 3322 2560 episcopi
3352 2490 3606 2552 consilio.
3638 2501 3695 2543 et
3713 2504 3816 2543 con-

2246 2581 2394 2637 cordi
2425 2582 2659 2646 actione,
2701 2596 2925 2651 quzeque
2955 2589 3080 2637 sunt
3106 2581 3313 2636 Christi
3347 2581 3467 2637 zelo
3490 2583 3703 2653 agenda
3726 2583 3816 2635 as.

2248 2681 2450 2741 ponant
2471 2712 2485 2738 ,
2530 2673 2963 2741 unanimiterque
3006 2682 3152 2727 recte
3180 2672 3456 2737 sentiant,
3479 2681 3537 2725 et
3566 2688 3691 2742 qua:
3719 2688 3816 2725 sea-

2248 2762 2415 2816 serint
2445 2762 2795 2815 non'sibimet
2821 2763 3196 2830 discrepando,
3225 2762 3320 2817 sed
3347 2763 3460 2817 Deo
3488 2762 3690 2831 placite
3716 2777 3815 2831 per-

2248 2856 2451 2909 liciant.
2484 2874 2502 2907 ι
2534 2853 2738 2921 Et,post
2766 2872 2933 2926 pauca
2958 2871 2976 2908 :
3009 2874 3027 2906 ε
3062 2854 3118 2909 Si
3144 2857 3267 2927 quis
3290 2857 3360 2911 ab
3384 2857 3650 2911 hodierna
3675 2858 3815 2911 dicet

2247 2946 2499 3014 deinceps
2528 2946 2837 3016 episcopum
2869 2955 3065 3015 praeter
3107 2947 3269 3017 hujus
3297 2956 3504 3002 sancta:
3529 2949 3675 3003 sedis
3713 2963 3814 3002 sea-

2248 3036 2469 3091 tentiatn
2497 3036 2775 3099 damnare,
2817 3046 2908 3090 aut
2947 3037 3162 3106 propria
3193 3038 3396 3107 pellere
3420 3038 3553 3093 sede
3584 3054 3813 3108 praesun-

2099 3174 2146 3214 π
2174 3137 2217 3194 (3
2249 3127 2436 3194 pserit,
2462 3125 2599 3180 sciat
2624 3141 2683 3179 se
2714 3126 3206 3195 irrccuperabiliter
3245 3142 3367 3181 esse
3403 3127 3747 3186 damnatum,
3772 3136 3812 3177 et

2247 3218 2465 3286 proprio
2498 3233 2687 3271 carere
2716 3219 2976 3287 perpelim
3007 3219 3230 3273 honore.
3277 3239 3296 3270 ι
3332 3219 3468 3273 Item
3492 3221 3742 3289 ejusdem,
3762 3236 3812 3271 es

2245 3308 2465 3361 decretis
2487 3323 2604 3377 qua:
2629 3309 2847 3376 sumpsit
2871 3324 2935 3360 ea:
2961 3305 3182 3360 Nicwuo
3205 3308 3432 3361 concilio
3458 3310 3639 3379 (epist.
3669 3310 3724 3363 ll
3759 3310 3809 3359 ad

2245 3395 2589 3466 Orientales).
2626 3414 2643 3446 ι
2682 3396 2751 3449 Ut
2779 3410 2969 3449 onmcs
3008 3395 3248 3466 episcopi
3289 3397 3382 3465 qui
3415 3398 3469 3451 in
3518 3397 3806 3467 quibusdam

2245 3487 2582 3557 gravioribus
2611 3486 2894 3556 pulsantur
2921 3486 3003 3539 vel
3030 3486 3396 3541 criminantur
3416 3491 3600 3543 causis
3627 3489 3808 3558 quoties

2247 3593 2470 3633 necesse
2500 3576 2683 3639 fuerit,
2715 3576 2882 3630 libere
2918 3576 3275 3646 apostolicam
3306 3578 3581 3647 appellent
3611 3578 3803 3639 sedem,

2245 3681 2408 3738 atque
2446 3670 2512 3723 ad
2543 3685 2662 3723 eam
2693 3667 2844 3736 quasi
2870 3668 2935 3720 ad
2963 3677 3192 3721 matrem
3215 3668 3566 3740 confugiant,
3600 3675 3656 3722 ut
3681 3670 3803 3722 aha

2245 3759 2384 3814 sicut
2409 3774 2622 3828 semper
2652 3757 2749 3810 fuit
2775 3760 2861 3827 pie
2892 3757 3201 3820 fulciantur,
3230 3758 3600 3813 defendamur
3626 3770 3677 3814 et
3696 3761 3804 3812 Iibe-

2247 3858 2452 3903 rentur.
2476 3847 2640 3916 Cujus
2666 3847 3003 3915 dispositioni
3029 3862 3221 3902 omues
3249 3846 3490 3919 majores
3508 3850 3803 3904 ecclesiasti-

2245 3955 2339 3995 cas
2364 3954 2577 4004 causas,
2610 3948 2664 3992 et
2692 3938 3067 4007 episcoporum
3092 3938 3328 4009 judicia,
3354 3926 3596 4010 antiqua
3621 3949 3802 4010 aposte-

2245 4032 2417 4087 lorum
2441 4045 2736 4100 eorumque
2768 4045 3140 4085 successorum
3173 4039 3338 4101 atque
3359 4047 3631 4086 ωηοηυω
3653 4040 3803 4085 ωιτν)-

2247 4124 2379 4177 ritas
2425 4121 2751 4185 reservavit,
2789 4120 3046 4190 quoniam
3098 4121 3393 4190 culpantur
3447 4123 3685 4192 episcopi
3733 4120 3801 4189 qui

2245 4212 2402 4266 aliter
2425 4228 2552 4283 erga
2582 4210 2776 4266 fratres
2806 4211 3016 4280 egerint
3039 4226 3204 4280 quam
3229 4212 3478 4281 ejusdem
3514 4213 3661 4267 sedis
3684 4226 3802 4281 papa

2245 4303 2360 4358 fieri
2393 4303 2668 4373 placuerit.
2699 4300 2907 4356 Placuit
2935 4311 2994 4355 ut
3040 4312 3331 4358 accusatus
3382 4304 3466 4357 vel
3503 4303 3759 4372 judicatus
3779 4316 3801 4351 ι

2244 4392 2790 4463 comprovincialibus
2818 4392 2870 4444 in
2897 4391 3074 4459 aliqua
3099 4408 3264 4446 causa
3296 4392 3589 4463 episcopus
3614 4393 3805 4446 licenter

2246 4484 2472 4555 appellet
2496 4492 2549 4539 et
2572 4483 2728 4538 adeat
2757 4482 3064 4552 apostolica:
3099 4484 3245 4537 sedis
3270 4484 3605 4554 pontificem,
3633 4486 3717 4553 qui
3736 4492 3806 4534 aut

2245 4593 2342 4647 per
2392 4592 2453 4631 se
2493 4584 2587 4630 aut
2631 4591 2727 4645 per
2753 4576 2987 4630 vicarios
3031 4590 3159 4629 suos
3212 4577 3512 4631 retractari
3564 4576 3799 4647 negotium

2246 4675 2500 4737 procuret
2528 4684 2542 4720 :
2572 4676 2628 4721 et
2660 4667 2788 4720 dum
2819 4667 3013 4719 iterato
3056 4663 3267 4731 judicio
3317 4666 3563 4735 pontifex
3615 4678 3801 4720 causa:

2232 4771 2396 4819 suam
2430 4755 2598 4819 audit,
2634 4754 2810 4808 nullus
2855 4755 2993 4809 alius
3043 4755 3095 4808 in
3129 4754 3248 4824 ejus
3296 4754 3422 4810 loco
3471 4766 3701 4825 ponatur
3734 4761 3800 4806 sat

2241 4847 2523 4903 ordinetur
2548 4847 2869 4916 episcopus,
2916 4845 3171 4916 quoniam
3220 4861 3539 4917 quanquam
3588 4862 3797 4914 compto!

2246 4937 2564 4993 vincialibus
2584 4936 2852 5005 episcopis
2874 4936 3112 4989 accusati
3137 4950 3362 4989 causam
3389 4937 3666 5006 pontiﬁcis
3683 4951 3799 4988 scra-

2245 5031 2345 5085 tari
2376 5030 2553 5092 liceat,
2594 5042 2699 5081 non
2739 5036 2915 5080 tamen
2962 5024 3192 5080 dilliuire
3232 5026 3550 5083 inconsulto
3596 5027 3799 5081 Bonus-1

2242 5118 2495 5188 pontifice
2524 5117 2842 5187 permissum
2877 5123 2991 5179 est;
3036 5131 3157 5169 cum
3202 5115 3370 5169 beato
3399 5116 3567 5173 Petro
3592 5114 3797 5185 apostula

2237 5228 2346 5265 non
2376 5211 2444 5264 ab
2468 5211 2574 5264 alio
2599 5223 2760 5277 quam
2787 5208 2854 5262 ab
2886 5209 3000 5277 ipso
3023 5207 3224 5261 dictum
3254 5208 3325 5261 sit
3362 5208 3596 5264 Domino
3623 5227 3635 5260 :
3670 5207 3796 5304 Quae
3893 5212 3895 5304 ι
