3904 5304
120 330 222 386 997

1281 330 1645 388 OPUSCULA
1684 331 1772 387 ET
1815 330 2200 389 EPISTOLIE.

3273 345 3379 404 998

118 459 302 514 papam
321 442 610 512 judicetur.
644 465 662 496 ι
690 445 755 499 Et
777 457 889 516 post
918 464 1086 518 pauca
1111 461 1130 500 :
1165 465 1182 497 t
1213 445 1399 501 Nullus
1420 447 1703 515 episcopus
1733 453 1776 511 Α
1809 448 2077 503 Ecclesias
2104 466 2225 504 cum
2257 452 2506 507 omnibus
2529 452 2628 508 sibi
2662 453 3076 525 pertinentibus.
3109 457 3204 514 llis
3231 462 3376 515 enim

117 537 331 591 alterius
358 539 749 606 parocltianum
796 553 1086 610 prtesumat
1132 542 1368 596 retinere
1410 550 1502 594 aut
1541 541 1691 594 ordi-

115 644 245 684 nare
270 631 468 699 absque
504 628 621 698 ejus
664 634 903 702 episcopi
950 632 1261 698 voluntate,
1299 633 1379 687 vel
1401 630 1650 700 judicare
1673 672 1689 697 ,

113 719 255 772 salva
289 727 464 773 tamen
491 719 544 773 in
569 722 822 776 omnibus
846 723 1141 791 apostolica
1170 722 1518 786 auctoritate,
1561 720 1690 792 quia

110 812 250 866 sicut
293 812 445 866 irrita
480 813 588 867 erit
629 814 748 884 ejus
796 816 1098 878 ordinatio,
1144 815 1216 870 ita
1253 824 1307 870 et
1355 814 1687 885 dijudicatio.

111 901 372 967 Quoniam
403 917 688 957 censemus
726 904 928 957 nullntn
963 904 1187 959 alterius
1224 903 1423 972 judicis
1469 902 1569 955 nisi
1611 902 1693 955 sui

111 992 374 1045 sententia
412 993 602 1047 teneri.
644 992 776 1046 Nam
802 995 892 1063 qui
922 1009 1045 1049 eum
1086 995 1339 1049 ordinare
1367 1010 1473 1047 non
1499 993 1691 1061 potuit,

110 1081 467 1149 uccjudieare
495 1082 758 1139 ullatenus
782 1086 999 1154 poterit.
1035 1105 1055 1137 ι

110 1189 197 1243 Ea:
256 1189 510 1261 Capitulis
562 1195 888 1266 sanctissimi
928 1196 1302 1266 arrlriepiscepi
1353 1196 1571 1255 Felicis.
1628 1214 1694 1252 ex

551 1263 774 1317 Nico-nu
796 1267 997 1335 synodo
1024 1263 1264 1336 sumptis.

187 1348 379 1420 (Epist.
412 1352 522 1422 ll.)
578 1371 596 1403 ι
632 1352 952 1423 Quanquam
994 1358 1541 1425 comprovincialibus
1583 1375 1694 1429 cpt-

107 1441 303 1509 scopis,
340 1459 444 1495 una
473 1458 595 1497 cum
626 1461 813 1499 eorum
851 1447 1288 1517 metropolitano,
1319 1464 1433 1503 sum
1474 1452 1693 1520 provin-

106 1531 205 1584 cia:
229 1546 426 1586 causas
453 1533 831 1602 episcOporum
869 1535 1030 1591 liceat
1073 1538 1397 1592 charitative
1453 1549 1509 1593 et
1565 1556 1694 1594 eon-

106 1623 341 1679 corditer
357 1625 562 1694 agitare
588 1642 599 1677 :
624 1641 729 1679 non
750 1635 955 1692 tamen,
972 1628 1113 1681 sicut
1127 1628 1179 1681 in
1198 1630 1477 1699 praedicta,
1495 1638 1545 1684 te
1567 1646 1701 1699 prte-

105 1722 283 1777 settle,
308 1724 392 1767 est
419 1715 768 1769 constitutum
811 1719 1035 1786 synodo,
1087 1719 1212 1772 licet
1238 1719 1466 1775 difﬁnire
1492 1722 1696 1790 absque

1792 548 1847 592 et
1877 540 1999 593 aliis
2029 541 2273 613 ι.Ιιιι’ἱιηίε
2316 543 2654 600 documentis
2678 544 3020 601 manifestum
3047 559 3129 603 est
3172 550 3376 605 nttllutn

1793 630 2060 695 damnari,
2102 642 2196 686 aut
2230 634 2342 688 suis
2384 637 2675 705 exspoliari
2714 638 2877 692 rebus
2929 639 3126 694 debere
3168 641 3377 709 episcoc

1793 735 1945 789 pttm,
1980 721 2071 790 qui
2118 727 2257 777 hanc
2307 734 2550 779 sanctam
2600 727 2781 782 sedem
2813 727 3256 799 intctpellaverit,
3288 740 3380 785 aut

1795 813 1897 867 sibi
1943 813 2360 871 defensatriccm
2402 818 2681 883 asciverit,
2709 820 2879 874 donec
2907 820 3170 891 judicium
3217 824 3283 877 de
3312 838 3378 878 eo

1797 918 1995 961 nostrm
2054 909 2365 978 apostolicae
2424 913 2790 977 auctoritatis,
2841 914 2945 968 hoc
2990 924 3073 967 est
3121 916 3379 984 principis

1794 998 2162 1067 apostolorum
2195 999 2338 1054 Petri
2370 1012 2650 1067 agnoscat,
2694 1004 2818 1072 quia
2858 1004 3194 1060 solummodo
3223 1006 3382 1061 Clui-

1796 1098 1910 1142 stus
1939 1088 2096 1143 Jesus
2130 1089 2253 1142 huic
2279 1101 2481 1145 sancta:
2511 1092 2651 1156 sedi,
2700 1092 2750 1145 id
2793 1101 2875 1147 est
2922 1095 3249 1163 apostolicae,
3278 1095 3382 1150 hoc

1795 1180 1974 1234 facere
1996 1182 2286 1245 commisit,
2317 1191 2503 1252 utpote
2544 1185 2797 1253 quoniam
2830 1184 2977 1240 solus
3017 1186 3379 1255 prtenomina-

1798 1281 1884 1325 tus
1926 1273 2177 1341 princeps
2203 1274 2566 1340 apostolorum
2603 1274 2841 1330 creditus
2874 1285 2977 1340 est,
3016 1286 3177 1345 atque
3203 1278 3381 1348 perci-

1795 1374 1925 1430 pere
1958 1365 2151 1415 meruit
2192 1379 2225 1416 a
2264 1378 2390 1433 rege
2420 1379 2602 1435 regum
2639 1364 2856 1419 Christo
2879 1365 2988 1420 Deo
3016 1365 3195 1422 claves
3225 1365 3376 1437 regni

1796 1450 2079 1504 cmlorutn.
2115 1469 2134 1502 ι

1795 1589 2060 1644 Damasus
2089 1591 2377 1662 episcopus.
2407 1594 2494 1662 qui
2524 1592 2622 1662 fuit
2654 1594 2834 1647 tertius
2868 1591 3062 1647 Felicis
3086 1592 3149 1647 11
3175 1611 3380 1648 succes-

1864 1671 2054 1732 soruet
2087 1661 2185 1728 fuit
2221 1661 2716 1716 tricesiumsnonus
2744 1675 2857 1732 post
2891 1663 3133 1726 Petrum,
3167 1666 3377 1731 scripsit

1865 1729 1934 1783 ad
1976 1728 2295 1802 Stephanum
2344 1728 2812 1801 archiepiscopum,
2867 1732 2931 1784 de
2968 1728 3376 1802 archiepiscopis

108 1803 337 1859 Romani
375 1807 647 1873 poutilicis
675 1810 1015 1863 auctoritate.
1047 1809 1196 1876 Quot
1231 1811 1278 1872 si
1303 1827 1461 1865 secus
1497 1828 1526 1864 a
1563 1813 1683 1881 qui-
1713 1800 1758 1861 B
1855 1802 1944 1871 qui
1973 1799 2128 1870 facile
2149 1802 2401 1853 damnare
2428 1802 2599 1854 volunt
2629 1799 2915 1870 episcopos,
2942 1799 3159 1855 dicens.‘

101 1898 330 1961 busdam
374 1912 760 1969 praesumptum
811 1899 997 1965 fuerit,
1025 1903 1122 1972 ipsi
1176 1903 1267 1972 qui
1311 1904 1412 1958 hoc
1455 1906 1688 1973 egerint,

103 2005 217 2044 suae
253 1991 687 2060 przesutnptionis
733 1994 1030 2063 suscipiant
1074 1996 1353 2057 damnum,
1389 2005 1445 2050 et
1485 1997 1555 2050 illi
1598 1998 1690 2066 qui

101 2082 172 2136 ab
199 2084 281 2138 eis
334 2098 619 2153 perperam
663 2087 1117 2140 excommunicati
1175 2096 1269 2140 aut
1296 2089 1532 2142 damnati
1575 2089 1692 2144 fne-

102 2176 232 2240 rint,
265 2178 591 2233 auctoritate
623 2178 782 2247 hujus
830 2189 1031 2234 sancta:
1073 2182 1239 2247 sedis,
1268 2190 1323 2236 et
1374 2183 1518 2238 beati
1551 2200 1689 2253 pra:-

101 2268 344 2337 ceptoris
391 2269 560 2323 nostri
592 2269 846 2340 clavigeri
900 2269 1046 2324 Petri
1092 2279 1364 2341 potestate
1414 2273 1693 2328 solvantur

98 2366 268 2427 atque
311 2360 689 2414 restituantur.
739 2361 857 2431 lpse
906 2363 1050 2416 enim
1088 2365 1165 2417 ait
1197 2363 1456 2419 Dominus
1487 2382 1499 2418 :
1533 2367 1692 2431 Quic-

97 2463 306 2517 cunque
353 2448 567 2505 solveris
626 2466 784 2520 super
828 2461 1048 2518 terram,
1103 2462 1254 2506 erunt
1307 2454 1479 2507 soluta
1541 2466 1588 2508 et
1636 2456 1690 2508 iu

93 2539 262 2593 Galil.
279 2559 298 2591 ι
446 2592 471 2609 ε

120 2676 125 2680 .
171 2628 416 2698 Capitula
446 2628 516 2683 20
542 2646 555 2682 :
597 2648 615 2682 ι
642 2628 865 2696 Quoties
893 2631 1131 2702 episcopi
1157 2648 1216 2687 se
1250 2648 1278 2686 a
1303 2634 1418 2689 suis
1439 2650 1689 2705 compro-

96 2717 443 2781 vincialibus,
478 2718 560 2772 vel
589 2735 619 2771 a
676 2720 1094 2789 metropolitano
1120 2723 1424 2791 putaverint
1454 2739 1692 2795 prmgra-

93 2812 237 2873 vari,
293 2821 388 2865 aut
424 2826 520 2867 eos
554 2824 836 2883 suspectos
881 2814 1184 2879 habuerint,
1224 2832 1344 2870 mox
1386 2816 1684 2872 Romanam

95 2900 375 2970 appeilent
402 2903 606 2967 sedent,
638 2905 703 2957 ad
734 2920 894 2974 quam
924 2920 1018 2959 eos
1064 2905 1266 2975 absque
1291 2907 1394 2961 ulla
1425 2909 1692 2962 tletcntio-

96 3007 190 3054 ne,
215 3000 312 3045 aut
339 3008 559 3047 suarum
591 3009 772 3048 rerum
801 2995 1095 3061 ablatione,
1124 2994 1293 3050 libere
1322 2997 1400 3051 ire
1433 2996 1608 3060 liceat,
1636 3006 1691 3052 et

95 3081 230 3134 dum
263 3083 575 3151 praadictatn
598 3083 898 3137 Romanam
924 3095 1150 3140 matrem
1180 3086 1565 3155 appellaverint
1594 3089 1689 3143 Ec-

96 3149 351 3239 clesium,
389 3185 484 3230 aut
530 3176 599 3230 ab
626 3192 688 3231 ea
719 3193 777 3232 se
805 3178 977 3232 :ntdiri
1031 3149 1460 3249 expoposcerint,
1510 3182 1688 3237 nullus
1716 3149 1763 3211 ϐ

94 3280 194 3320 eos
223 3268 705 3324 exeommuuicarc
739 3278 831 3323 aut
856 3285 1042 3323 eorum
1080 3272 1235 3324 sedes
1274 3271 1574 3340 subr'pere,
1600 3280 1692 3326 aut

92 3370 293 3410 eorum
324 3373 411 3412 res
439 3357 674 3421 auferre,
701 3366 793 3412 aut
822 3358 1056 3427 aliquam
1076 3359 1185 3412 vim
1215 3359 1295 3413 eis
1327 3358 1526 3413 inferte
1555 3376 1691 3428 pne-

92 3456 309 3508 sumat,
340 3456 628 3517 antequam
652 3449 932 3502 amborum
956 3463 1119 3502 causa
1149 3446 1390 3502 Romani
1416 3449 1692 3518 pontificis

94 3537 433 3594 auctoritate
461 3540 696 3594 ﬁniatur.
731 3540 882 3607 Quod
925 3540 968 3594 si
999 3540 1156 3594 aliter
1186 3556 1214 3593 a
1245 3554 1516 3609 quoquam
1550 3555 1690 3608 prie-

92 3641 383 3701 sumptum
431 3630 613 3696 fuerit,
661 3632 734 3685 nil
767 3632 893 3694 erit,
922 3632 1014 3685 sed
1062 3632 1266 3685 viribus
1291 3632 1516 3685 carebit.
1557 3631 1690 3684 Nam

95 3737 202 3776 nec
230 3723 336 3776 hoc
376 3736 604 3791 perpere
642 3723 1014 3790 prtesuntimus
1043 3741 1055 3775 :
1091 3723 1184 3776 t-cd
1223 3723 1398 3792 ipsum
1425 3732 1482 3775 et
1516 3722 1569 3775 in
1605 3722 1693 3775 Ni-

94 3828 252 3866 cteua
301 3812 509 3882 synodo
541 3821 917 3877 constitutum,
966 3822 1019 3866 et
1066 3821 1438 3867 antecessores
1479 3822 1692 3869 nostros

96 3907 306 3976 egisse,
358 3906 516 3971 bene,
564 3906 850 3968 Athanasi,
890 3907 1052 3969 nosti,
1103 3907 1355 3975 quoniam
1389 3907 1604 3976 quando
1639 3916 1691 3961 tu

96 4009 155 4051 et
184 3997 393 4052 Paulus
431 3998 1078 4067 Constantinepolitanus,
1110 3998 1389 4067 ASclepitts
1433 3996 1592 4052 Gazae
1639 4010 1694 4053 et

96 4088 381 4143 Lucianus
424 4088 880 4158 Adriatmpolites,
914 4089 980 4142 ab
1010 4086 1378 4142 Orientalibus
1404 4088 1689 4157 episcopis,

96 4181 416 4249 inconsulto
454 4191 657 4235 sanctae
695 4180 965 4234 memoriae
993 4178 1134 4234 .lulio
1165 4179 1562 4247 praedecessore
1593 4196 1691 4233 no-

96 4282 246 4335 stro,
274 4272 518 4325 damnati
541 4271 698 4334 estis,
725 4279 780 4323 et
809 4271 875 4324 ad
905 4286 1051 4333 eum,
1076 4271 1228 4339 quasi
1258 4271 1324 4323 ad
1353 4271 1515 4325 totius
1542 4272 1692 4327 orbis

96 4372 291 4432 caput,
323 4371 384 4416 ut
410 4376 626 4431 semper
648 4361 773 4416 huic
803 4370 1004 4415 sancta:
1027 4361 1140 4429 sedi
1176 4360 1381 4413 licitum
1415 4359 1531 4424 fuit,
1565 4378 1694 4415 con-

98 4453 346 4525 fugistis,
378 4455 590 4525 cognita
618 4468 803 4508 eorum
852 4453 1110 4520 nequitia,
1144 4462 1198 4506 et
1242 4461 1419 4507 vestra
1457 4454 1686 4523 justitia,

98 4558 201 4598 vos
229 4545 285 4598 in
322 4544 756 4599 communionem
801 4543 1062 4611 suscepit,
1100 4551 1155 4597 et
1183 4543 1422 4596 omnium
1451 4554 1688 4598 vestrum

98 4650 299 4688 curam
352 4648 564 4705 gerens,
610 4642 829 4702 propter
882 4631 1027 4685 sedis
1074 4630 1304 4700 propriae
1354 4631 1695 4701 dignitatem,

95 4727 341 4798 singulis
367 4743 492 4782 suas
514 4727 745 4781 reddens
764 4723 1054 4789 Ecclesias,
1071 4723 1434 4780 Orientalibus
1456 4725 1696 4794 scripsit,

96 4821 340 4890 culpans
365 4836 461 4875 eos
485 4821 627 4889 quod
666 4835 771 4873 non
796 4826 941 4872 recte
980 4825 1330 4881 tractassent,
1359 4818 1505 4874 viros
1532 4814 1701 4872 incul-

98 4910 324 4980 pabiles
372 4911 440 4965 de
470 4912 581 4965 suis
627 4908 884 4963 Ecclesiis
930 4908 1280 4976 expellentes,
1313 4918 1368 4961 et
1403 4910 1697 4964 constituta

97 5004 317 5057 Ναιοηί
361 5005 570 5059 concilii
622 5003 842 5057 minime
872 5009 1277 5053 conservantes.
1328 5001 1369 5054 Ε
1396 5004 1592 5071 quibus
1628 5004 1695 5057 ad

98 5108 323 5126 ηηι-Ιιιοη
364 5098 496 5126 ιίῗιιηι
540 5095 826 5126 ..Λ-ιιιιιιίιιο
868 5092 1078 5126 οηιῖηιηι
1116 5094 1305 5126 “vincon
1339 5095 1587 5126 “namnnn:I
1642 5103 1697 5126 ll.

1863 1911 2062 1983 (Epist.
2101 1913 2211 1975 ll.)
2262 1933 2279 1964 t
2322 1913 2600 1969 Discutere
2628 1928 2755 1971 vero
2798 1914 3096 1985 episcopos,
3135 1929 3198 1969 ac
3232 1929 3377 1969 sum.

1793 2020 2004 2058 morum
2032 1994 2522 2060 et'clesiasticortun
2552 2021 2742 2059 causas
2782 2006 3145 2075 negotiorum,
3178 2016 3377 2069 metro-

1795 2093 2070 2162 politanis,
2106 2110 2209 2147 una
2247 2110 2367 2149 cum
2401 2094 2513 2148 suis
2539 2095 2980 2163 provincialibus,
3011 2094 3084 2148 ita
3118 2104 3176 2148 ttt
3216 2111 3376 2150 nemo

1794 2199 1859 2239 ex
1885 2186 1963 2239 eis
1986 2186 2147 2250 desit,
2173 2195 2228 2240 et
2263 2202 2452 2240 omnes
2476 2186 2527 2239 in
2557 2187 2886 2255 singulorum
2914 2187 3243 2240 concordent
3280 2202 3375 2240 ne-

1794 2274 1973 2344 gotiis,
2010 2274 2155 2328 licet.
2190 2272 2296 2329 Sed
2318 2274 2549 2327 dilIinire
2583 2288 2768 2327 eorum
2804 2283 2965 2342 atque
3007 2275 3372 2329 Ecclesiaruut

1793 2378 2033 2417 summas
2073 2363 2342 2433 querelas,
2392 2364 2472 2418 vel
2519 2365 2777 2419 damnare
2819 2365 3117 2435 episcopos,
3167 2364 3373 2434 absque

1794 2457 1954 2527 hujus
1975 2466 2174 2509 sanctae
2206 2457 2348 2510 sedis
2383 2456 2724 2519 auctoritate,
2757 2457 2979 2511 minime
3005 2456 3171 2509 licet:
3206 2469 3371 2524 quam

1792 2561 1980 2600 omnes
2024 2545 2318 2616 appellare,
2366 2546 2408 2599 si
2453 2562 2675 2599 necesse
2712 2546 2895 2610 fuerit,
2941 2552 2995 2599 et
3031 2546 3148 2615 ejus
3191 2544 3370 2599 fulciri

1793 2637 1994 2691 auxilio
2020 2646 2251 2707 oportet.
2283 2635 2417 2690 Nam
2461 2645 2519 2690 ttt
2562 2637 2751 2699 nostis,
2784 2637 3045 2706 synodum
3092 2637 3207 2690 sine
3252 2635 3371 2705 ejus

1793 2726 2115 2780 auctoritate
2139 2725 2251 2779 ﬁeri
2277 2741 2380 2780 non
2406 2736 2488 2779 est
2518 2737 2718 2787 ratum,
2751 2741 2850 2778 nec
2880 2725 3165 2795 episcopus
3189 2725 3290 2779 nisi
3314 2724 3370 2779 in

1792 2815 2029 2886 legitima
2054 2815 2282 2886 synodo,
2304 2824 2359 2869 et
2382 2831 2477 2870 suo
2505 2825 2744 2885 tempore
2766 2815 3059 2884 apostolica
3092 2816 3372 2869 vocatione

1791 2914 2139 2977 congregata,
2171 2906 2395 2959 dilliuite
2417 2906 2662 2959 damnari
2687 2914 2882 2975 potest.
2922 2904 3109 2974 Neque
3132 2904 3235 2959 ulla
3269 2921 3368 2958 un-

1791 3014 1954 3067 quam
2000 3007 2114 3052 rata
2179 2996 2410 3051 concilia
2466 2996 2740 3067 leguntur,
2785 3011 2903 3065 quae
2931 3011 3037 3050 non
3080 3004 3209 3051 sunt
3241 2994 3375 3050 fulta

1793 3089 2087 3159 apostolica
2122 3089 2462 3142 auctoritate.
2501 3105 2519 3139 ι

1864 3179 1972 3233 l‘las
1999 3179 2310 3250 apostolica:
2346 3179 2489 3232 sedis
2516 3179 2677 3233 etiam
2709 3179 2761 3231 in
2808 3178 2931 3232 aliis
2962 3178 3152 3233 rotulis
3187 3187 3376 3234 aucto-

1794 3269 1983 3322 ritates
2008 3284 2092 3322 tne
2119 3266 2489 3335 mentini'jam
2520 3268 2670 3321 vobis
2693 3268 2996 3336 scripsisse.
3024 3266 3204 3321 Sedet
3232 3282 3375 3322 nunc

1793 3360 1912 3414 ideo
1937 3359 2132 3412 iterato
2157 3358 2314 3410 vobis
2340 3357 2579 3410 rescribo
2624 3366 2682 3409 ut
2711 3357 2896 3411 sciatis
2919 3357 3045 3425 quia
3077 3356 3202 3410 licet
3228 3357 3375 3409 libel-

1795 3451 1901 3504 lttut
1950 3451 2001 3504 in
2029 3465 2135 3519 quo
2160 3451 2256 3503 has
2279 3458 2334 3502 et
2371 3447 2506 3502 alias
2532 3448 2793 3515 ejusmodi
2827 3448 3041 3518 collegi,
3065 3448 3218 3502 vobis
3240 3450 3373 3503 reti-

1796 3541 1990 3606 neatis,
2025 3556 2120 3610 per
2148 3555 2305 3609 quem
2336 3539 2389 3593 in
2414 3539 2618 3610 synodo
2657 3538 2840 3593 habita
2867 3540 2921 3592 in
2954 3539 3228 3594 Attiniaco
3251 3555 3375 3609 proo

1794 3632 2021 3688 clamavi
2051 3630 2116 3684 ad
2144 3629 2507 3684 universalem
2546 3636 2747 3683 sanctae
2789 3630 3045 3683 [tentante
3074 3629 3217 3683 sedis
3247 3645 3377 3697 pon-

1798 3722 1992 3776 tiliceut
2024 3722 2278 3775 dontnntn
2318 3720 2635 3785 Adrianunt,
2669 3736 2791 3775 eum
2824 3720 3018 3774 litteris
3052 3719 3120 3773 ab
3149 3734 3214 3773 eo
3246 3719 3374 3773 mihi

1797 3831 1907 3869 sute
1938 3815 2236 3869 vocationis
2258 3814 2511 3876 directis;
2538 3815 2680 3883 quod
2714 3822 2963 3868 neutrum
2997 3820 3123 3867 tunc
3150 3810 3372 3882 profuit,

1756 3952 1761 3955 .
1796 3923 1900 3960 non
1928 3916 2131 3971 tamen,
2156 3906 2391 3973 quandiu
2424 3904 2621 3958 ltalittts
2654 3904 2705 3957 in
2738 3919 2824 3957 me
2869 3902 3129 3966 manebit,
3159 3901 3227 3954 ab
3256 3901 3377 3955 istis

1796 3998 2109 4052 dissentiam
2141 3994 2514 4050 observandis.
2550 3994 2614 4048 Et
2654 3994 2778 4063 quia
2835 4008 2922 4047 me
2950 4008 3090 4062 saepe
3140 3990 3207 4045 tle
3246 3992 3375 4046 sub-

1796 4088 2090 4161 scriptione
2112 4084 2456 4155 redarguitis,
2482 4099 2642 4154 quam
2673 4084 2727 4136 in
2754 4083 2943 4136 eadem
2974 4082 3180 4153 synodo
3202 4082 3379 4152 primo

1794 4178 2060 4231 violenter
2090 4190 2186 4245 per
2214 4176 2416 4244 regiam
2467 4181 2815 4242 potestatem,
2846 4180 2900 4225 et
2933 4180 3121 4240 postea
3158 4170 3379 4226 fraudu-

1796 4269 1970 4324 lenter
2011 4283 2040 4322 a
2087 4282 2172 4321 me
2218 4265 2543 4327 extorsistis,
2595 4262 2974 4332 compendiose
3017 4263 3193 4331 aliqua
3237 4279 3378 4317 nunc

1797 4360 2157 4429 respondebo,
2189 4357 2342 4427 plura
2376 4357 2419 4409 si
2448 4369 2666 4408 necesse
2696 4354 2853 4406 fuerit
2878 4367 2977 4407 suo
3010 4366 3294 4406 reservans
3323 4352 3379 4406 in

1799 4461 2054 4521 tempore.
2090 4448 2246 4513 Nam,
2299 4449 2439 4502 sicut
2465 4447 2574 4515 jam
2616 4446 2767 4499 voLis
2807 4444 3083 4514 rescripsi,
3134 4443 3201 4497 ad
3230 4443 3380 4498 illam

1802 4541 2063 4612 synodum
2096 4554 2193 4608 pro
2224 4538 2575 4606 responsione
2600 4536 2667 4588 ad
2707 4535 2917 4589 litteras
2950 4533 3129 4589 domui
3168 4545 3383 4601 aposto-

1804 4632 1889 4686 lici
1920 4646 2004 4686 me
2029 4625 2294 4689 vocastis;
2329 4628 2394 4681 ad
2420 4641 2581 4696 quam
2608 4624 2848 4689 veniens,
2883 4640 2989 4678 non
3017 4624 3161 4677 illam
3194 4638 3281 4676 me
3302 4625 3386 4677 itt-

1805 4723 1971 4776 troire
1985 4719 2329 4791 permisistis,
2350 4719 2443 4773 sed
2465 4725 2617 4772 extra
2638 4712 2798 4776 fores,
2820 4726 2877 4769 ttt
2897 4713 3177 4785 privilegio
3195 4721 3389 4766 vestrae

1803 4816 1948 4870 sedis
1975 4812 2370 4869 subscribercm
2404 4806 2702 4864 mandastis
2729 4820 2745 4857 :
2773 4819 2828 4860 et
2849 4823 2949 4878 ego
2979 4802 3233 4873 respondi
3264 4804 3392 4872 quia

1802 4922 2081 4980 nunquam
2111 4913 2296 4960 contra
2324 4900 2664 4971 privilegium
2697 4910 2937 4955 vestrum
2962 4897 3230 4954 fecissem.
3255 4896 3398 4947 unde

1804 5015 1907 5056 nec
1934 4976 2247 5058 necessitas,
2280 5009 2385 5050 nec
2411 4993 2555 5050 ratio
2579 4996 2695 5042 erat
2724 5002 2782 5044 ιιι
2810 5008 2841 5046 a
2881 5008 2965 5047 me
3004 4989 3148 5042 illam
3170 4984 3406 5039 subscri-
3460 4976 3467 4983 ’

1803 5092 2045 5126 utin-"sm
2081 5084 2440 5126 rpnnirormiu
2508 5080 2641 5126 nam
2681 5091 2867 5126 allium
2903 5098 2963 5126 οἳ
3000 5080 3101 5126 hoc
3134 5072 3305 5126 magis
3346 5088 3409 5124 ac
