3904 5304
480 400 586 458 999

1508 387 1843 446 HINCMARI
1879 382 2368 443 LAUDUNENSIS
2402 383 2707 442 EPISCOPI

3612 388 3750 446 £000

480 511 597 567 rius
639 505 954 573 memoravi,
995 503 1185 577 legens
1226 502 1520 575 capitulum
1563 502 1706 556 istud
1737 500 1973 571 (Fsums
1999 499 2063 564 ll,
2092 503 2144 561 Α
2170 496 2323 553 vobis
2340 512 2441 568 per
2471 498 2745 554 Hittonem
2772 499 3059 556 diaconum
3082 500 3306 565 missas,
3334 501 3405 557 de
3431 502 3624 573 quibus
3642 505 3751 573 jam

479 603 632 672 epist.
678 602 766 665 11,
817 617 934 669 cap.
974 598 1115 671 20):
1158 616 1177 649 ι
1210 597 1434 665 Quoties
1483 595 1720 667 episcopi
1775 608 1834 648 se
1881 608 1913 646 a
1956 591 2070 647 suis

481 690 1029 763 comprovincialibus
1068 689 1153 744 vel
1202 705 1232 744 a
1296 686 1711 756 metropolitano
1757 684 2073 756 putaverint

482 779 838 853 praegravari,
884 789 980 834 aut
1019 794 1113 836 eos
1150 789 1433 849 suspectos
1479 776 1786 841 habuerint,
1818 792 1943 830 mox
1970 773 2075 830 Bo-

483 886 700 925 inanam
736 869 1007 940 appellent
1049 869 1265 934 sedem;
1309 888 1326 920 ι
1373 877 1426 924 et
1473 869 1551 924 sic
1592 883 1764 938 usque
1793 868 1860 921 ad
1909 878 2073 921 tinem

483 959 777 1029 capitulum
821 959 1092 1029 percurri,
1133 959 1275 1029 quod
1306 968 1361 1013 et
1409 958 1658 1027 superius
1689 957 1957 1027 integrum
1988 957 2074 1012 de-

486 1052 676 1122 scripsi
707 1070 719 1105 :
750 1051 850 1121 legi
883 1051 1049 1105 etiam
1089 1066 1220 1104 Inezc
1258 1050 1554 1105 vocationis
1576 1066 1605 1103 a
1636 1049 1834 1103 domno
1866 1059 2075 1119 aposto-

488 1144 596 1207 lico
625 1143 857 1208 litteras,
882 1143 1023 1213 quod
1057 1150 1307 1195 neutrum
1347 1140 1476 1196 mihi
1523 1138 1744 1210 profuit.
1775 1138 1859 1193 Me
1890 1148 2072 1193 autem

485 1237 604 1292 hinc
630 1243 846 1306 agente,
869 1232 1098 1288 domnus
1133 1248 1229 1288 rex
1258 1242 1441 1287 vestra
1493 1230 1727 1285 factione
1758 1228 2071 1298 instigatus,

485 1329 579 1399 qui
605 1328 774 1399 priori
807 1327 893 1381 die
923 1326 1137 1380 dixerat
1172 1340 1228 1379 se
1254 1323 1385 1379 mihi
1419 1322 1551 1378 nihil
1578 1339 1642 1376 ex
1675 1337 1770 1376 sua
1797 1329 1949 1390 parte
1970 1320 2074 1375 dis-

487 1419 737 1483 credere,
782 1418 1022 1473 minatus
1058 1426 1145 1471 est
1168 1417 1293 1486 quia
1321 1425 1524 1470 tantum
1556 1431 1642 1469 me
1669 1429 1924 1482 meosque
1944 1428 2076 1468 one.

488 1519 655 1575 raret,
685 1518 943 1580 quantum
977 1508 1097 1579 plus
1133 1508 1358 1571 valeret,
1390 1506 1492 1560 nisi
1527 1505 1671 1559 illam
1719 1504 2073 1574 subscriptio-

493 1615 617 1654 nem
649 1599 906 1653 facerem.
928 1598 1004 1652 De
1031 1613 1116 1651 me
1140 1607 1319 1651 autem
1351 1596 1478 1650 mihi
1503 1611 1692 1666 parum
1713 1604 1850 1649 erat.
1876 1595 2075 1650 Yidens

488 1701 670 1744 autem
696 1688 820 1759 quia
850 1692 953 1743 mei
979 1688 1227 1743 homines
1253 1696 1577 1757 cogerentur
1600 1685 1904 1739 rewadiare
1930 1684 2073 1754 quod

492 1793 581 1835 me
602 1778 654 1831 in
678 1777 859 1832 villam
890 1777 1202 1832 Pauliacum
1233 1776 1402 1831 secuti
1427 1772 1660 1838 fuerant,
1687 1789 1808 1829 cum
1833 1770 1945 1840 jam
1973 1769 2071 1826 do-

2174 588 2329 644 vobis
2364 589 2618 658 respondi
2661 591 2803 645 unde
2835 590 2920 645 hic
2956 606 3098 645 nunc
3122 605 3219 646 eas
3246 605 3526 661 apponere
3566 608 3755 663 strper-

2174 695 2404 747 vacuum
2434 690 2539 744 est,
2583 680 2745 737 facile
2770 683 2971 750 poterit
3020 683 3368 753 dignoscere.
3402 683 3572 738 Scitis
3597 686 3754 739 etiam

2175 782 2233 830 et
2257 790 2353 830 vos
2383 774 2542 844 quale
2582 774 2911 844 adjutorium
2956 777 3087 832 mihi
3130 786 3254 846 post
3290 779 3441 832 hanc
3471 778 3755 848 professio—

2175 882 2300 923 nem
2330 876 2565 922 vestram
2590 867 2913 936 przehuistis,
2945 868 3072 923 dum
3095 870 3164 924 ad
3191 883 3290 923 vos
3332 868 3438 923 has
3474 870 3664 940 scripsi
3683 871 3761 926 lita

2180 965 2342 1012 teras.

2251 1071 2270 1101 ι
2306 1048 2761 1105 ltercrentissimo
2793 1048 3120 1104 Rhentornm
3151 1048 3579 1119 archiepiscopo
3606 1048 3762 1104 Hineb

2178 1156 2349 1207 mare,
2386 1151 2584 1197 sancta:
2609 1141 2985 1197 Laudonensis
3008 1143 3265 1198 Ecclesia:
3293 1142 3633 1196 Hincmarus
3658 1144 3762 1198 D:o

2177 1230 2472 1286 miserante
2512 1231 2819 1302 episcopus,
2862 1232 3098 1288 debitam
3146 1232 3203 1287 in
3247 1232 3482 1288 Christo
3529 1233 3759 1290 (levatio-

2176 1335 2324 1377 nem.

2253 1431 2271 1465 ‹
2296 1414 2403 1468 Vos
2424 1414 2578 1470 scitis
2598 1415 2723 1484 quia
2745 1416 2814 1472 ab
2835 1416 3123 1471 universali
3144 1425 3355 1473 sancta
3377 1417 3647 1472 Romana:
3664 1416 3762 1473 Ec-

2178 1505 2356 1560 clesiae
2385 1522 2521 1577 papa
2541 1546 2557 1572 ,
2600 1506 2761 1562 Patre
2796 1524 3009 1578 quoque
3038 1520 3227 1565 nostro
3259 1511 3534 1575 Adriano,
3566 1511 3647 1565 his
3671 1527 3761 1565 γοα

2178 1604 2333 1651 catus
2359 1596 2569 1662 existo,
2605 1604 2661 1652 et
2689 1612 2786 1651 vos
2816 1598 2916 1667 ipsi
2935 1639 2950 1661 ,
2982 1600 3036 1653 in
3064 1601 3535 1668 quaternimilms
3567 1617 3599 1655 δ
3626 1602 3764 1656 vobis

2177 1685 2232 1740 in
2265 1687 2541 1741 Attiniaco
2566 1687 2766 1757 palatio
2792 1704 2974 1743 coram
3012 1690 3454 1760 archiepiscopis
3480 1700 3541 1746 et
3564 1692 3760 1761 episeo-

2180 1776 2262 1845 pis
2301 1778 2392 1847 qui
2435 1777 2727 1832 adfuerunt
2760 1778 2925 1843 datis,
2971 1780 3115 1849 quod
3160 1779 3230 1833 ad
3281 1781 3543 1835 eamdem
3593 1782 3760 1837 sedem

495 1884 644 1923 mum
676 1883 798 1922 cum
832 1866 1103 1922 Harduico
1130 1865 1538 1935 archiepiscopo
1567 1865 1740 1919 iturus
1772 1876 1968 1924 essem,
1993 1877 2078 1916 ac-
2105 1857 2151 1917 B
2180 1866 2365 1921 venire
2415 1867 2636 1921 totidem
2677 1875 2899 1922 vocatus
2937 1867 3235 1923 detrectem
3259 1908 3278 1931 ,
3330 1882 3426 1923 me
3478 1871 3762 1940 reprehen-

496 1962 663 2019 cessit
683 1961 749 2015 ad
780 1976 866 2015 me
885 1958 1166 2015 Frotarius
1189 1959 1651 2028 archiepiscopus,
1680 1956 1960 2026 alloquens
1980 1970 2077 2009 cur

495 2067 605 2107 non
635 2050 1040 2121 acquiescerem
1074 2059 1132 2104 ut
1171 2049 1550 2110 suscriherem,
1584 2048 1708 2118 quia
1759 2045 1893 2102 nihil
1945 2044 2076 2101 mihi

492 2141 719 2213 periculi
748 2150 885 2196 erat.
913 2142 1009 2195 Cui
1043 2140 1294 2210 respondi
1342 2140 1467 2209 quia
1493 2139 1651 2193 aliter
1672 2138 1775 2192 hoc
1800 2153 1904 2191 non
1936 2133 2081 2191 face-

495 2248 632 2297 rem,
659 2232 759 2287 nisi
791 2242 845 2287 et
869 2247 966 2286 vos
993 2231 1175 2286 debito
1199 2230 1453 2285 Ecclesiae
1478 2245 1610 2283 mea:
1633 2227 1915 2297 privilegio
1944 2225 2077 2281 mihi

495 2322 807 2378 seriberetis
856 2324 1155 2388 servando,
1202 2321 1277 2375 uti
1342 2319 1737 2376 Autiochenum
1794 2317 2080 2373 constituit

498 2412 807 2477 concilium,
860 2426 926 2465 ne
971 2410 1187 2464 demum
1237 2409 1389 2473 mihi,
1439 2409 1591 2480 quasi
1646 2423 1745 2477 pro
1792 2407 2079 2462 occasione

505 2501 665 2572 hujus
684 2502 1119 2571 subscriptionis,
1145 2501 1358 2570 aliquod
1381 2498 1747 2570 prasjudicium
1771 2497 2080 2552 nitereminl

507 2591 731 2648 inferre.
762 2592 862 2657 Qui
902 2591 1174 2661 respondit
1204 2607 1215 2644 :
1247 2609 1264 2639 ι
1295 2588 1454 2644 Certe
1483 2588 1571 2641 ille
1595 2589 1697 2642 hoc
1721 2587 1814 2641 tibi
1852 2585 2081 2640 nullate-

513 2697 616 2737 nus
667 2683 1023 2736 eontradieet.
1061 2701 1078 2733 ι
1116 2680 1180 2734 Et
1223 2680 1479 2750 spepondi
1527 2696 1591 2733 eo
1639 2689 1822 2732 tenore
1857 2691 1941 2731 me
1980 2677 2082 2731 hoc

505 2787 624 2827 esse
654 2770 942 2827 facturum.
981 2773 1042 2825 Et
1086 2773 1209 2842 petii
1246 2771 1374 2826 mihi
1413 2772 1581 2840 ipsam
1627 2768 2081 2839 subscriptionem

512 2862 746 2916 ostendi.
779 2860 958 2928 Quant’
979 2863 1101 2914 dum
1128 2861 1257 2914 mihi
1285 2860 1665 2922 ostendet-etis,
1688 2860 1932 2928 qua'dant
1964 2858 2083 2928 qni-

515 2952 619 3008 bus
649 2967 752 3006 non
785 2952 1026 3020 acquievi
1058 2950 1229 3005 deleta
1260 2959 1406 3014 sunt,
1436 2960 1491 3004 et
1518 2952 1763 3018 quaedam
1791 2950 1989 3013 addita,
2010 2949 2085 3004 vi-

505 3040 702 3094 delicet
752 3049 809 3092 ut
856 3040 946 3093 ubi
998 3039 1303 3104 haberetur,
1353 3040 1643 3093 secundum
1684 3041 1898 3093 decreta
1940 3040 2083 3093 sedis

504 3130 831 3200 apostolicae.
860 3130 955 3184 Est
983 3140 1161 3185 autem
1211 3132 1325 3200 ipsa
1366 3131 1691 3201 subscriptio
1721 3131 1880 3185 talis:
1918 3148 1938 3181 ς
1972 3131 2084 3202 Ego

2178 1956 2364 2020 distis,
2407 1955 2452 2010 si
2489 1956 2622 2011 vitio
2660 1957 2941 2027 scriptoris
2981 1972 3080 2027 pro
3118 1958 3444 2023 detrectent,
3497 1960 3644 2029 quod
3685 1968 3761 2016 est

2178 2045 2513 2105 dissimulem
2542 2046 2627 2102 vel
2656 2046 2922 2112 dili‘eram,
2952 2040 3261 2115 detrectent,
3290 2051 3442 2121 quod
3474 2052 3635 2108 valde
3659 2062 3761 2106 tra-

2179 2146 2319 2191 ctem
2356 2152 2462 2191 non
2493 2137 2562 2192 ab
2595 2153 2653 2194 re
2679 2138 2852 2208 accipi
2893 2150 3091 2208 potest,
3112 2140 3631 2197 intercinat-uatum
3665 2156 3759 2197 non

2179 2227 2302 2282 fuit.
2343 2225 2495 2283 Unde
2521 2243 2618 2282 vos
2646 2245 2789 2286 nunc
2817 2243 2918 2300 pro
2944 2245 3128 2284 amore
3156 2229 3252 2284 Dei
3282 2231 3685 2302 omnipotentis
3712 2241 3765 2286 α

2179 2317 2484 2373 reverentia
2516 2317 2574 2373 S.
2607 2316 2753 2373 Petri
2778 2333 3032 2389 exposco,
3071 2320 3216 2374 sicut
3252 2329 3313 2375 et
3355 2321 3412 2374 in
3452 2321 3652 2376 eadm
3681 2334 3763 2391 sy-

2180 2407 2320 2461 nodo
2363 2407 2416 2462 in
2458 2407 2649 2465 eodem
2677 2408 2950 2465 Attiniaro
2983 2425 3013 2462 a
3047 2409 3199 2464 vobis
3228 2421 3542 2465 convocata
3563 2451 3580 2474 ,
3627 2408 3761 2480 quod

2181 2497 2472 2567 impetrare
2498 2513 2605 2552 non
2632 2498 2808 2562 valui,
2839 2499 3205 2570 expostulavi;
3241 2515 3309 2555 ac
3327 2498 3451 2567 jam
3479 2501 3646 2555 etiam
3672 2515 3763 2570 per

2183 2589 2451 2667 integrum
2482 2589 2767 2661 eﬂlagitavi
2808 2607 3038 2655 annum,
3082 2601 3138 2646 et
3172 2592 3448 2662 praecipue
3480 2592 3538 2646 in
3564 2591 3762 2663 synodo

2183 2681 2327 2751 apud
2355 2679 2689 2736 Vermeriam
2733 2680 2989 2751 palatium
3036 2681 3165 2735 olim
3213 2682 3285 2736 ab
3330 2682 3756 2743 horno_habita,

2182 2773 2518 2828 obsecrando
2560 2773 2855 2828 deelamavi
2878 2813 2894 2838 ,
2945 2789 3087 2828 nunc
3115 2788 3334 2843 quoque
3372 2785 3431 2827 et
3459 2775 3691 2828 obsecro
3711 2782 3762 2826 et

2186 2861 2315 2916 item
2343 2862 2604 2928 declamo,
2637 2873 2692 2918 et
2718 2872 2777 2918 ut
2802 2864 3064 2919 hactenus
3092 2864 3202 2935 egi,
3237 2880 3349 2934 quo
3374 2875 3560 2920 vestra
3594 2864 3763 2919 archi-

2185 2954 2475 3023 episcopali
2510 2953 2835 3008 auctoritate
2878 2954 3018 3024 apud
3064 2956 3247 3010 donmi
3282 2956 3456 3010 nostri
3490 2955 3757 3024 gloriosis-

2187 3042 2309 3097 simi
2355 3043 2496 3114 regis
2522 3043 2699 3097 Caroli
2739 3044 3078 3099 clementiam
3107 3044 3456 3109 obtineretis,
3500 3054 3759 3116 quatenus

2187 3134 2370 3190 domui
2420 3146 2478 3190 et
2523 3135 2843 3191 universalis
2892 3152 3043 3207 papae
3087 3136 3315 3191 Adriani
3362 3136 3655 3206 prmceptis
3696 3148 3761 3191 ac

505 3212 857 3287 Hincmarus,
891 3222 1264 3276 Laudunensis
1290 3222 1543 3277 Ecclesizc
1562 3222 1865 3292 episcopus,
1888 3221 2082 3276 amodo
2111 3220 2155 3283 C
2187 3224 2613 3280 institutionibus
2642 3226 3025 3281 ecclesiasticis
3050 3226 3207 3290 mihi,
3239 3237 3299 3281 ut
3325 3230 3584 3283 omnibus
3605 3242 3757 3298 expe-

505 3320 563 3367 et
593 3312 841 3381 deinceps
865 3312 1062 3366 donino
1084 3312 1281 3366 seniori
1312 3327 1431 3366 meo
1451 3311 1643 3366 Carolo
1667 3312 1780 3381 ι·εεὶ
1812 3311 1889 3366 sic
1914 3310 2087 3365 fidelis

506 3412 561 3459 et
615 3404 871 3458 obediens
927 3403 1220 3458 secundum
1286 3404 1641 3458 ministerium
1708 3419 1885 3458 tneum
1945 3418 2084 3470 ero,

510 3496 649 3550 sicut
695 3494 857 3548 homo
886 3509 984 3548 suo
1033 3492 1269 3558 seniori,
1299 3503 1356 3548 et
1405 3494 1685 3564 episcopus
1730 3494 1833 3564 per'
1875 3504 2085 3548 rectum

507 3602 607 3642 suo
635 3589 746 3659 regi
776 3605 894 3645 esse
922 3592 1104 3656 debet,
1138 3608 1202 3646 ac
1238 3591 1519 3660 privilegio
1558 3589 1835 3645 llincmari
1884 3600 2085 3644 metro-

505 3678 729 3749 politani
773 3682 1060 3750 provinciae
1108 3681 1435 3736 libemorinn
1466 3681 1748 3745 Ecclesiaa,
1790 3681 2085 3735 secundum

507 3784 697 3824 sacros
725 3786 958 3826 canones
985 3782 1038 3826 et
1067 3774 1282 3827 decreta
1316 3773 1457 3827 sedis
1487 3774 1794 3843 apostolica:
1814 3789 1879 3828 ex
1913 3774 2085 3829 sacris

510 3862 809 3916 canonihus
841 3863 1201 3933 promulgata,
1226 3880 1321 3932 pro
1344 3866 1484 3918 scire
1510 3876 1562 3919 et
1585 3880 1743 3933 posse
1766 3881 1885 3919 meo
1907 3864 2085 3919 obedi-

506 3962 688 4006 turuni
716 3954 1015 4022 proﬁteor?
1050 3974 1068 4005 ι
1094 3956 1264 4021 Quam
1318 3973 1526 4011 mecum
1559 3957 1807 4012 deferens
1840 3959 2079 4023 domum,

506 4040 651 4095 hanc
702 4041 832 4094 mihi
880 4043 1032 4097 vobis
1075 4044 1514 4099 subscribendum
1560 4046 1795 4100 dictavi:
1833 4065 1851 4096 ι
1890 4048 1954 4100 lit
1983 4060 2083 4112 ego

507 4129 871 4197 Hincmarns,
906 4132 1232 4189 lihetnorum
1274 4136 1729 4205 archiepiscopus,
1773 4137 1867 4190 tibi
1923 4135 2084 4191 llinc—

508 4237 662 4275 maro
689 4221 1059 4289 Lauduncnsis
1084 4226 1335 4282 Ecclesiae
1365 4229 1634 4297 coepisco,
1668 4238 1814 4282 tuum
1844 4230 2080 4284 debitum

509 4315 682 4367 sacris
704 4316 1138 4384 praecipientibus
1164 4318 1460 4373 cauonibus
1496 4320 1832 4389 privilegium
1863 4334 2082 4373 conser-

506 4407 668 4470 vabo,
692 4414 747 4459 et
778 4406 829 4460 in
859 4407 1161 4479 quibusque
1189 4410 1568 4466 ecclesiasticis
1593 4412 1821 4480 negotiis
1846 4411 2082 4482 indigue-

508 4493 605 4556 ris,
638 4498 934 4550 secundum
963 4514 1149 4552 sacras
1182 4500 1392 4570 regulas
1412 4500 1650 4555 debitum
1677 4501 1768 4554 tibi
1792 4499 1915 4569 jure
1937 4501 2080 4570 adju-

2189 3316 2284 3379 dit,
2317 3315 2474 3371 liceat
2503 3316 2743 3383 obedire,
2770 3316 2913 3372 velut
2943 3319 2993 3372 ei
3025 3318 3114 3387 qui
3145 3318 3214 3372 de
3241 3319 3389 3373 omni
3421 3319 3662 3374 Ecclesia
3685 3316 3755 3372 fa

2187 3406 2352 3462 habet
2369 3407 2667 3477 judicandi,
2699 3407 2946 3464 videlicet
2973 3417 3031 3464 ut
3058 3408 3250 3463 limina
3278 3421 3595 3464 sanctorum
3621 3408 3756 3464 Petri

2186 3504 2240 3549 et
2266 3494 2416 3550 Pauli
2446 3512 2675 3560 merear,
2706 3506 2764 3551 ut
2789 3498 3002 3563 devovi,
3026 3509 3081 3554 et
3108 3501 3178 3554 ab
3206 3500 3402 3554 eodem
3435 3500 3654 3571 insuper
3674 3514 3754 3554 ro-

2185 3595 2340 3641 catus
2367 3602 2509 3647 sum,
2541 3597 2846 3657 penetrare.
2878 3588 3125 3657 Alioquin
3155 3605 3247 3643 me
3276 3590 3435 3645 vobis
3462 3591 3681 3653 abhinc,
3704 3599 3754 3642 at

2186 3674 2589 3745 archiepisc0po
2614 3676 2962 3745 coepiscopus
2981 3675 3366 3747 obtemperare
3385 3680 3567 3744 debet,
3587 3680 3755 3734 sciatis

2184 3763 2407 3833 obsequi
2446 3780 2554 3827 non
2582 3779 2779 3834 posse;
2827 3766 2950 3834 quia
2972 3806 2987 3830 ,
3026 3775 3087 3820 ut
3122 3768 3376 3823 decernit
3406 3770 3601 3825 beatus
3629 3783 3750 3839 papa

2185 3855 2471 3921 Gelasius,
2519 3876 2537 3908 ι
2584 3859 2831 3912 nesciunt
2877 3859 3005 3927 quid
3052 3858 3354 3929 loquuntur
3395 3863 3490 3933 qui
3540 3864 3752 3917 decretis

2189 3967 2208 4000 ι
2241 3958 2440 4002 sancta:
2463 3948 2719 4002 Romana:
2744 3949 2886 4003 sedis
2913 3950 3200 4018 prtesulum
3229 3952 3388 4019 quasi
3415 3966 3651 4007 canones
3664 3967 3749 4021 op-

2189 4056 2208 4089 ς
2238 4048 2462 4109 ponunt,
2496 4039 2689 4108 quibus
2714 4041 2984 4095 contraire
3010 4048 3198 4095 contra
3235 4058 3482 4099 canones
3511 4054 3596 4098 est
3623 4044 3753 4113 ipsos

2190 4146 2208 4179 ι
2245 4144 2302 4182 se
2331 4130 2559 4199 erigere.
2594 4151 2612 4182 ι
2640 4130 2745 4185 Iste
2771 4130 3017 4186 Celasius
3038 4148 3173 4202 papa
3200 4136 3537 4190 venerabilis
3563 4145 3618 4191 et
3642 4151 3752 4189 san-

2184 4229 2305 4272 ctus
2334 4220 2631 4276 decretales
2667 4222 2921 4291 epistolas
2953 4223 3344 4280 venerabiliter
3372 4227 3556 4281 sanxit
3596 4226 3750 4280 susei-

2183 4311 2437 4379 piendas,
2489 4328 2587 4366 nec
2635 4329 2728 4368 eas
2772 4315 3157 4369 venerabiliter
3204 4317 3479 4387 suscipit,
3527 4316 3650 4371 licet
3693 4315 3748 4368 ad

2187 4407 2388 4452 tomum
2419 4412 2581 4469 caput
2608 4401 2845 4467 inclinet,
2872 4402 2963 4471 qui
2992 4403 3071 4456 eis
3100 4418 3206 4457 non
3237 4405 3450 4469 obedit,
3474 4406 3571 4459 sed
3594 4405 3751 4474 potius

2186 4500 2346 4555 porro
2374 4488 2563 4542 obvias
2590 4505 2782 4543 manus
2811 4490 3065 4554 inferens,
3094 4491 3240 4559 quod
3267 4493 3392 4548 sine
3420 4491 3751 4563 periculoagi

508 4582 706 4635 torium
734 4585 1175 4656 archiepiscOpali
1205 4566 1528 4642 auctoritate
1555 4566 1841 4649 adhibebo.
1875 4608 1893 4641 ι
1925 4566 2079 4643 Hanc

2188 4593 2291 4631 non
2322 4587 2529 4647 potest,
2571 4582 2802 4650 respuit,
2849 4591 3033 4652 utpote
3070 4582 3164 4651 qui
3201 4583 3271 4638 de
3310 4600 3372 4639 se
3404 4584 3636 4653 iudicari
3660 4598 3749 4638 non

508 4683 686 4727 autem
711 4670 861 4730 vobis
878 4692 976 4745 per
1001 4678 1359 4748 Fredigisum,
1387 4679 1662 4745 Harduici,
1690 4682 2078 4752 archiepiscopi

508 4767 909 4836 presbyterum,
961 4770 1106 4834 misi,
1155 4780 1209 4824 et
1254 4772 1609 4826 remandastis
1649 4772 1779 4826 mihi
1810 4789 1908 4842 per
1932 4789 2084 4828 eum-

508 4855 631 4909 dem
660 4858 784 4933 quia
820 4858 1127 4914 voluntarie
1150 4861 1277 4916 illud
1306 4860 1586 4917 faciebatis
1617 4881 1631 4916 :
1660 4871 1715 4917 et
1746 4864 1825 4919 sic
1851 4864 1904 4918 in
1930 4880 2085 4934 syno-

510 4946 580 4999 do
606 4948 768 5018 relegi
814 4959 867 5002 et
902 4953 1216 5032 subscripsi.
1270 4954 1379 5009 Vos
1407 4967 1582 5009 autem
1611 4956 1825 5025 penitus
1854 4957 2088 5011 subscri-

506 5038 744 5105 ptionem
773 5056 934 5107 quain
996 5045 1368 5111 promiseratis
1414 5045 1731 5101 dimisistis:
1765 5047 1859 5102 sed
1906 5048 2085 5103 verbis

507 5126 689 5180 fuistis
734 5128 963 5180 professi
1002 5134 1145 5180 mimi
1194 5136 1246 5180 in
1292 5137 1705 5180 nnilmsmmmm
1739 5156 1825 5180 mn
1856 5139 1996 5180 inero
2023 5156 2085 5180 an

2186 4669 2464 4738 prostiicit.
2490 4668 2622 4725 Nam
2646 4672 2892 4737 velimus,
2923 4673 3173 4739 nolimus,
3204 4684 3302 4729 aut
3329 4676 3415 4730 eis
3444 4674 3747 4745 parebimus.

2187 4770 2283 4817 aut
2333 4777 2519 4816 eorum
2558 4758 2761 4831 judicio
2808 4764 3182 4834 pereellemur,
3218 4781 3466 4834 quorum
3509 4766 3751 4822 nentinem

2188 4853 2352 4923 aliqui
2382 4853 2581 4922 quique
2613 4855 2903 4925 reprobare
2930 4855 3191 4910 valemus.
3238 4859 3322 4913 De
3348 4858 3751 4931 archiepiscopis

2189 4953 2369 4998 autem
2402 4943 2643 5013 Remigio
2674 4960 2738 4998 ac
2767 4944 3060 5010 llarduico,
3090 4962 3199 5014 quo
3227 4948 3367 5003 mihi
3399 4967 3503 5019 per
3529 4951 3750 5006 Truthu-

2194 5037 2320 5091 dum
2344 5037 2622 5091 diaconem
2646 5035 2960 5101 mandastis,
2978 5039 3261 5108 privilegio
3288 5053 3507 5097 sancta:
3528 5043 3751 5097 Roman

2192 5129 2446 5180 Ecclesia:
2464 5146 2569 5180 non
2593 5129 2962 5180 ntmiudiezant.
2978 5131 3069 5180 sed
3094 5133 3240 5180 niiod
3269 5135 3357 5180 eis
3380 5138 3577 5180 cuidam
3598 5145 3751 5180 unm
