3904 5304
88 253 209 310 1001

1242 251 1607 310 OPUSCULA
1649 252 1735 307 ET
1777 250 2158 308 EPISTOLE.
2244 288 2253 293 -

3189 256 3329 311 {002

86 365 248 420 locum
280 360 447 432 (epist.
479 362 571 433 l):
606 379 626 414 ι
660 362 924 419 Similiter
965 362 1012 419 si
1055 363 1366 436 huiusmodi
1399 364 1646 436 personis
1674 366 1724 427 Α
1752 374 1932 421 tamen
1960 364 2204 421 eamdem
2243 363 2639 420 confessionem
2670 364 2939 419 subtilitas
2966 365 3232 423 examinis
3258 386 3329 424 ex

82 454 313 527 quaedam
339 452 627 525 scripturae
653 456 1036 526 quoqnomodo
1052 471 1151 527 per
1168 466 1370 513 metum
1392 465 1485 513 aut
1508 457 1649 513 frau-

80 547 214 611 dem,
243 552 338 600 aut
364 560 463 617 per
486 548 596 603 vim
620 556 849 603 extorta:
876 547 1100 613 fuerint,
1129 549 1214 604 vel
1243 558 1306 606 ut
1333 566 1391 605 se
1417 549 1650 605 liberare

80 636 305 707 possint,
342 652 666 710 quocunque
703 638 883 695 ab‘eis
908 639 1229 711 conscriptae
1256 640 1341 695 vel
1379 640 1648 697 roborata:

80 729 275 785 fuerint
303 728 543 801 ingenio,
576 732 646 788 ad
672 732 881 789 nullum
909 732 990 790 eis
1026 731 1398 803 praeiudicium
1429 743 1523 789 aut
1551 749 1649 790 no-

78 830 377 880 cumentum
421 825 709 895 provenire
751 840 1078 883 censemus:
1126 842 1303 898 neque
1344 827 1510 883 ullam
1554 843 1648 884 eos

77 913 344 969 infamiam
364 914 450 971 vel
473 915 820 984 calumniam,
844 926 939 972 aut
965 934 994 973 a
1023 917 1137 974 suis
1160 919 1647 989 sequestrationem

75 1002 238 1069 bonis,
267 1018 530 1074 unquam,
561 1014 785 1062 auctore
812 1006 1043 1063 Domino
1068 1016 1124 1063 et
1151 1009 1353 1064 sanctis
1382 1007 1646 1079 apostolis

73 1109 360 1166 eorumque
371 1100 796 1167 successoribus,
814 1099 1086 1156 sustinere
1105 1101 1485 1172 permittimus.
1511 1101 1650 1157 Con-

74 1186 225 1243 fessio
253 1203 384 1245 vero
416 1190 472 1245 in
502 1190 704 1248 talibus
734 1205 841 1247 non
866 1192 1143 1263 compulsa
1162 1234 1177 1259 ,
1222 1194 1318 1251 sed
1349 1202 1646 1265 spontanea

72 1279 178 1334 ﬁeri
209 1279 403 1349 debet,
443 1282 562 1352 ipso
597 1291 893 1340 attestante
921 1285 1014 1355 qui
1052 1284 1169 1339 ait:
1210 1284 1297 1339 Ea:
1327 1286 1483 1341 corde
1508 1287 1647 1341 enim

69 1370 347 1438 procedunt
391 1373 709 1441 homicidia,
751 1373 1036 1441 adulteria,
1081 1374 1485 1443 fornicationes,
1528 1374 1646 1429 bla-

70 1460 305 1527 aphemt'tr
335 1461 550 1534 (Matth.
578 1480 671 1531 xv,
698 1463 810 1536 l9),
852 1474 906 1520 et
924 1473 1122 1522 caetera
1143 1480 1264 1536 qua:
1289 1474 1417 1522 sunt
1435 1466 1503 1521 ad
1530 1467 1647 1522 haec

68 1548 406 1617 pertinentia.
443 1552 555 1610 Nec
584 1562 795 1611 tantum
824 1555 1153 1611 attendenda
1181 1565 1308 1612 sunt
1338 1572 1461 1627 quae
1488 1540 1642 1623 fiunt,

67 1648 321 1709 quantum
353 1659 462 1714 quo
490 1645 675 1702 animo
703 1646 853 1701 fiant.
885 1665 903 1699 ι
939 1645 999 1703 Si
1026 1661 1133 1704 non
1165 1656 1293 1703 sunt
1321 1656 1530 1703 tantum
1563 1657 1645 1702 at-

1751 455 1981 512 oceultis
2025 455 2289 522 eliceret,
2342 464 2396 511 et
2440 472 2545 512 non
2577 454 2795 512 aﬂlietio
2824 457 3117 515 vehemens
3146 470 3331 518 extor-

1750 558 1966 619 queret,
1996 563 2115 619 qute
2140 548 2454 620 frequenter
2480 549 2584 606 hoc
2614 551 2745 621 agit,
2778 559 2837 606 ut
2865 552 3057 609 noxios
3084 568 3145 609 se
3172 554 3333 610 fateri

1750 640 1912 695 etiam
1964 649 2227 711 cogantur
2272 639 2497 695 innoxii.
2556 639 2693 696 Nam
2739 636 3026 712 postquam
3075 632 3334 713 praefatus

1750 733 2070 804 episcopus,
2110 742 2172 788 ut
2194 732 2414 799 dicitur,
2448 732 2680 788 cruciari
2712 733 2959 789 custodia
2990 734 3335 806 cremarique

1750 826 1894 882 fame
1924 844 1983 883 se
2018 828 2288 891 asseruit,
2335 827 2479 882 scire
2524 826 2733 882 debetis
2775 826 2822 881 si
2869 826 2942 881 ila
2984 835 3098 892 est,
3148 836 3333 881 utrum

1749 930 1947 975 noceat
1983 920 2027 975 si
2064 920 2143 975 sic
2171 919 2335 974 fuerit
2370 926 2581 973 extorta
2613 916 2903 974 confessio.
2957 916 3118 974 Certe
3147 917 3192 973 si
3225 933 3332 972 non

1749 1018 1909 1066 nocet
1956 1018 2171 1065 extorta
2221 1007 2524 1074 confessio,
2580 1023 2689 1064 non
2737 1008 2892 1063 obest
2940 1016 3151 1063 extorta
3202 1007 3330 1062 sub-

1751 1101 1993 1172 scriptio.
2010 1124 2027 1154 ι
2057 1104 2100 1159 Ο
2124 1102 2332 1157 utinam
2358 1110 2488 1156 tunc
2510 1103 2575 1157 de
2596 1116 2683 1157 me
2703 1101 3064 1172 Qualicunque
3082 1102 3336 1173 episcopo

1749 1192 1880 1247 illud
1916 1192 2224 1248 voluissetis
2272 1190 2667 1247 rationabiliter
2718 1190 3028 1257 attendere,
3079 1193 3223 1262 quod
3269 1190 3336 1245 de

1748 1285 1947 1341 vestris
1985 1285 2121 1341 mihi
2152 1284 2448 1356 scripsistis
2480 1283 2683 1339 frustra
2714 1283 2951 1349 villanis,
2988 1282 3123 1338 meis
3152 1292 3336 1336 autem

1748 1374 2116 1446 parochianis,
2145 1375 2287 1444 quod
2318 1384 2373 1429 et
2401 1374 2651 1446 superius
2678 1373 2977 1445 praelibavi,
3005 1374 3095 1428 ubi
3123 1372 3340 1427 dixistis

1749 1466 1876 1537 quia
1922 1466 2255 1536 appellantes
2302 1480 2683 1537 quamcunque
2710 1465 3024 1521 violentiam
3071 1464 3185 1534 pati
3228 1479 3337 1519 non

1751 1555 2028 1621 deberent,
2058 1572 2125 1611 an
2156 1556 2288 1611 mihi
2316 1556 2605 1627 appellanti
2634 1558 2701 1611 ad
2733 1571 3000 1612 summam
3028 1554 3339 1625 apostolij

1750 1646 1895 1702 sedis
1926 1645 2333 1711 auctoritatem,
2364 1646 2609 1716 mihique
2639 1644 2708 1699 ab
2738 1645 2926 1701 eadem
2954 1652 3171 1710 vocato,
3215 1658 3340 1714 per-

69 1731 331 1788 tendenda
362 1748 483 1804 quae
516 1735 670 1802 fiunt,
707 1746 970 1808 quantum
1012 1752 1120 1809 quo
1144 1737 1329 1795 animo
1354 1737 1506 1803 fiant,
1546 1752 1651 1807 quo
1680 1743 1737 1803 Β
1756 1752 1862 1807 que
1890 1735 2007 1805 ejus
2036 1736 2379 1793 auctoritatis
2414 1736 2627 1791 litteras
2665 1734 3085 1808 praesentialiter
3112 1733 3340 1805 legendo
3412 1766 3421 1773 -

67 1822 239 1878 animo
260 1838 363 1896 ego
388 1824 521 1881 illud
547 1825 792 1894 fecerim,
820 1842 993 1898 neque
1020 1844 1212 1900 parum
1240 1830 1419 1885 sciens
1445 1827 1645 1899 poterit

67 1910 333 1982 ignorare,
356 1915 449 1986 qui
470 1916 638 1972 etiam
660 1916 832 1973 multo
849 1918 1005 1988 plura
1025 1926 1156 1974 tunc
1178 1933 1353 1975 essem
1377 1916 1643 1983 facturus,

64 2015 118 2059 ut
147 2022 301 2064 meos
331 2010 426 2081 qui
456 2010 664 2067 innoxii
699 2019 891 2077 erant,
938 2020 994 2067 et
1038 2028 1204 2068 causa
1233 2012 1338 2068 mei
1367 2011 1642 2082 opprime-

63 2095 279 2167 bantur,
324 2116 540 2171 possem
586 2102 839 2158 liberare.
896 2102 966 2157 Et
991 2102 1073 2158 'ne
1114 2103 1261 2159 solus
1295 2103 1387 2158 hic
1425 2109 1647 2159 sanctus

62 2201 191 2257 papa
219 2188 529 2247 Alexander
557 2190 675 2247 haec
702 2190 1014 2248 decrevisse
1037 2201 1277 2264 putetur,
1300 2191 1430 2262 quid
1454 2191 1647 2248 beatus

62 2277 387 2351 Gregorius,
446 2296 607 2353 quem
654 2282 1042 2339 venerabiliter
1089 2283 1399 2353 suscipitis,
1438 2282 1505 2337 de
1542 2282 1649 2338 hoc

62 2371 256 2426 sentiat
286 2381 516 2444 apparet
540 2374 607 2430 ad
638 2372 1014 2430 Constantium
1046 2372 1502 2429 Mediolanensem
1533 2372 1647 2442 epi-

61 2479 283 2536 scopum
316 2466 384 2521 de
413 2465 670 2536 Pompeio
700 2468 955 2538 episcopo
986 2465 1232 2522 scribens
1259 2465 1335 2520 ita
1378 2462 1491 2535 (lib.
1521 2477 1643 2527 vm,

61 2556 202 2627 epist.
229 2555 327 2628 50)
354 2574 368 2611 :
400 2574 422 2609 ς
462 2556 616 2613 Nunc
656 2558 821 2630 igitur
861 2558 1117 2628 quoniam
1157 2557 1248 2612 illa
1291 2571 1411 2627 qua:
1455 2565 1644 2611 contra

62 2661 178 2701 eum
211 2646 359 2705 dicta
388 2654 545 2715 sunt,
586 2662 695 2703 non
724 2648 826 2703 sub
852 2647 944 2703 illa
983 2662 1103 2717 quae
1141 2646 1320 2703 decuit
1356 2645 1646 2701 districtio-

59 2749 124 2790 ne
150 2737 382 2807 qumsita
412 2745 561 2805 sunt,
588 2746 643 2794 et
671 2747 821 2811 gesta
854 2754 974 2808 quae
1001 2738 1196 2794 exinde
1222 2737 1365 2809 apud
1389 2735 1646 2792 fraterni-

61 2837 223 2886 tatem
247 2838 493 2886 vestram
523 2828 767 2887 confeeta
799 2837 955 2895 sunt,
1000 2845 1175 2901 neque
1216 2827 1281 2884 ad
1321 2828 1646 2884 condemna-

58 2918 280 2987 tionem,
315 2935 494 2992 neque
523 2921 592 2977 ad
617 2920 1013 2979 absolutionem
1033 2920 1152 2990 ejus
1172 2921 1469 2991 probantur
1486 2934 1647 2989 posse

59 3009 345 3079 sufﬁcere,
394 3027 503 3068 non
535 3011 670 3069 levis
711 3028 800 3069 res
832 3012 1032 3082 agitur,
1082 3020 1143 3066 ut
1191 3011 1408 3066 incaute
1452 3010 1538 3065 vel
1588 3010 1645 3065 in

1751 1828 2070 1885 reclamanti
2090 1870 2106 1895 ,
2156 1828 2374 1884 deceret
2405 1827 2747 1899 privilegium
2779 1834 2975 1882 vestrae
3002 1826 3148 1882 sedis
3180 1824 3341 1879 ullam

1750 1919 1952 1975 inferre
1975 1919 2307 1975 violentiam.
2351 1918 2547 1973 Ratum
2576 1927 2660 1973 est
2689 1932 2882 1987 nempe
2909 1924 2971 1971 ut
2997 1915 3340 1987 privilegium

1750 2020 1945 2069 vestrae
1972 2012 2117 2068 sedis
2136 2010 2535 2067 obsecundetur
2564 2010 2633 2063 ad
2658 2009 2944 2065 charitatis
2967 2007 3338 2064 concordiam.

1750 2119 1857 2159 non
1894 2101 2091 2158 ofﬁciat
2133 2102 2201 2157 ad
2239 2098 2653 2170 disceptationis
2688 2098 3015 2153 socordiam.
3070 2094 3340 2151 Praeterea

1750 2195 2046 2265 scripsistis
2075 2193 2208 2249 mihi
2237 2193 2389 2247 haec:
2427 2210 2445 2243 ‹
2479 2191 2557 2247 Te
2589 2190 2759 2245 latere
2789 2205 2897 2245 non
2925 2197 3105 2259 potest
3131 2197 3337 2258 quanta

1749 2286 1891 2342 mala
1920 2284 2271 2341 Karlomanni
2300 2282 2593 2353 complices
2639 2282 2695 2335 in
2739 2281 3076 2336 Rhetnorum
3116 2281 3336 2335 dimcesi

1749 2382 2015 2439 fecerunt.
2038 2382 2333 2453 Propterea
2356 2396 2479 2435 eum
2501 2378 2765 2435 fratribus
2784 2387 2839 2434 et
2858 2376 3341 2434 consacerdotibus

1750 2477 1952 2533 nostris
1978 2476 2072 2547 qui
2102 2475 2423 2540 adfuerunt,
2466 2482 2653 2529 tenore
2682 2471 2970 2541 subjuncto
2998 2487 3092 2527 eos
3120 2486 3339 2526 excom-

1748 2567 2105 2623 municandos
2153 2565 2512 2622 decrevimus.
2569 2564 2636 2618 Et
2684 2563 2805 2619 ideo
2851 2563 2937 2618 his
2984 2578 3103 2632 quae
3149 2562 3338 2617 subter

1749 2667 2112 2715 annectuntur
2159 2657 2376 2713 relectis
2421 2654 2860 2727 praesentialiter,
2890 2655 3023 2709 mihi
3054 2670 3155 2725 per
3184 2669 3335 2709 eom-

1748 2752 2062 2807 ministrum
2097 2759 2250 2806 tuum
2283 2750 2493 2805 litteras
2542 2749 2620 2803 tui
2665 2763 2961 2805 consensus
3002 2748 3057 2802 in
3096 2748 3200 2802 hac
3239 2764 3337 2803 ex-

1748 2842 2242 2899 eommunieatione
2298 2840 2559 2898 canonica
2608 2841 2795 2906 mitte,
2847 2848 2909 2894 ut
2952 2854 3049 2909 per
3095 2839 3340 2912 singulos

1750 2935 2192 3005 arehiepiscopos
2223 2934 2563 2989 diversarum
2605 2932 3011 3003 provinciarum
3046 2945 3166 2986 eam
3211 2946 3340 2987 cons

1751 3041 1968 3082 curram
1998 3026 2266 3097 dirigere,
2310 3034 2602 3096 antequam
2646 3024 2848 3079 malum
2877 3023 3024 3093 quod
3059 3032 3344 3093 creperum

58 3111 379 3159 transcursu
405 3118 517 3161 non
542 3104 736 3161 debeat
762 3102 1003 3161 difﬁniri.
1039 3102 1176 3158 Nam
1205 3116 1369 3173 grave
1401 3110 1485 3157 est
1510 3100 1642 3157 satis

1754 3119 1974 3190 gravius
1998 3118 2254 3190 grassari,
2282 3127 2336 3174 et
2359 3118 2574 3190 longius
2600 3133 2665 3172 ac
2689 3117 2853 3173 latius
2880 3116 3148 3187 serpendo
3172 3115 3346 3185 possit

57 3202 110 3249 et
139 3195 406 3253 indecens
438 3204 500 3252 ut
534 3195 593 3252 in
631 3210 695 3252 re
728 3194 893 3251 dubia
929 3203 1077 3251 certa
1114 3193 1329 3249 dicatur
1359 3192 1643 3248 sententia.

56 3279 121 3340 Et
143 3287 262 3344 haec
298 3287 523 3361 quidem
550 3295 703 3359 gesta
739 3302 862 3345 esse
896 3294 1149 3359 poterant
1179 3285 1244 3341 ad
1273 3284 1643 3341 diﬁiniendum

56 3379 187 3435 satis
212 3378 439 3448 idonea,
467 3381 515 3437 si
544 3380 787 3439 accusati
813 3394 879 3436 ea
905 3376 1176 3436 confessio
1203 3382 1561 3447 sequeretur:
1597 3374 1643 3429 si

1756 3223 2092 3266 excrescere.
2127 3229 2147 3261 ι
2182 3207 2500 3281 (Epistulam
2525 3209 2589 3262 de
2613 3224 2720 3278 qua
2745 3208 2829 3261 hic
2856 3207 3033 3278 agitur
3061 3206 3175 3260 vide
3206 3207 3343 3259 inter

1759 3302 1932 3373 Opera
1963 3301 2243 3358 Hincmari
2268 3302 2592 3368 Rhemensis,
2629 3311 2768 3356 tomo
2796 3301 3032 3372 proxime
3059 3299 3339 3370 sequenti.)

70 3515 3340 3553 ΜΨ*

1658 3629 1762 3704 ν.

1051 3763 1455 3830 HINCMARI
1510 3762 1967 3826 COLLECTIO
2002 3766 2351 3828 ALTERA.

229 3941 322 3998 Ea:
340 3938 822 4013 antiquistﬂstolis
850 3937 1215 3995 Romanorum
1240 3917 1578 4013 uéptiﬁeum,
1612 3932 1899 4013 Hmcuano
1926 3932 2203 3989 Rneusnsr
2235 3932 2375 4003 apud
2403 3928 2655 4002 Gundulﬁ
2686 3930 2862 3989 villam
2898 3932 3059 3988 missa
3083 3949 3177 4006 per

1283 4005 1611 4067 Weiu'lonem
1652 4005 2120 4075 archiepiscopum.

1499 4274 1888 4334 PREFATIO.

58 4420 161 4480 lste
186 4422 471 4496 pitatiolus
494 4422 653 4494 plane
673 4422 945 4495 depromit
966 4432 1021 4478 et
1050 4433 1195 4493 apte,

131 4517 335 4575 Sedem
360 4516 732 4590 appellandam
762 4516 929 4572 libere
956 4516 1325 4588 apostolicam.

60 4610 198 4675 Quin
229 4610 595 4681 appellantem
625 4607 770 4663 haud
797 4607 991 4662 vinclis
1020 4605 1255 4663 artarier
1276 4604 1420 4673 ullis,

130 4701 479 4773 Responsum
502 4718 533 4757 a
558 4701 738 4756 vincto
759 4701 859 4755 rite
889 4716 991 4757 nec
1015 4701 1236 4772 exigier.

59 4791 337 4863 Archique
360 4794 597 4864 pontifici
630 4792 906 4864 distinguit
934 4792 1161 4863 jusque,
1192 4792 1542 4865 modumque,

129 4881 269 4939 Cum
299 4883 739 4955 comprzesulibus
766 4899 864 4939 ceu
891 4893 1073 4941 teneat
1095 4885 1325 4940 sobrius.

63 4970 254 5045 Sitque
286 4974 377 5045 pio
408 4976 518 5046 regi
550 4972 745 5029 Carolo
770 4990 895 5043 pax,
930 4976 1058 5041 vita,
1097 4982 1358 5045 potestas,

127 5065 231 5143 Qui
258 5067 458 5137 probus
484 5068 599 5122 haec
636 5080 861 5121 cernens
889 5082 1002 5137 prae
1030 5067 1297 5139 probitate
1322 5074 1537 5140 probet.

58 5154 154 5211 Cui
185 5158 232 5212 si
261 5160 552 5231 surripitur
578 5158 830 5214 humanis
862 5160 1069 5219 nisibus
1095 5161 1231 5223 ullis,

126 5246 402 5304 Cassando
435 5250 619 5304 reicit.
656 5263 743 5304 res
772 5250 859 5304 ubi
891 5263 1038 5304 certa
1068 5252 1225 5304 redit.

1675 4421 1732 4481 D
1756 4418 1849 4476 Sic
1888 4433 1988 4475 sua
2025 4433 2179 4476 mens
2216 4416 2350 4474 adeo
2387 4417 2504 4473 veri
2543 4415 2784 4471 defervet
2817 4430 3022 4480 amore,

1831 4508 1999 4565 Recte
2020 4506 2392 4563 frustrandum
2419 4521 2487 4562 ne
2509 4505 2654 4560 sinat
2678 4520 2799 4560 esse
2828 4514 3024 4560 ratum.

1761 4598 2004 4671 Namque
2032 4600 2272 4655 animum
2299 4607 2485 4655 servat
2517 4596 2665 4651 mitis
2690 4596 2954 4667 sapientia
2992 4596 3207 4658 fortem,

1831 4696 1949 4752 Prae
1978 4698 2193 4753 cunctis
2214 4697 2436 4768 proprie
2458 4708 2623 4764 quem
2657 4693 2872 4748 redimit
2908 4695 3102 4765 pietas.

1758 4790 1804 4843 Ο
1834 4804 1996 4860 quam
2022 4804 2118 4845 rex
2148 4788 2300 4854 felix,
2333 4791 2598 4846 virtutum
2620 4785 2773 4841 fortis
2804 4796 3035 4851 amator,

1836 4881 1969 4937 Tam
1989 4882 2127 4939 bene
2151 4896 2319 4954 quem
2348 4886 2570 4954 superat
2598 4877 2710 4932 sola
2733 4879 2858 4934 boni
2879 4882 3068 4949 pietas.

1757 4970 1832 5028 At
1865 4985 1938 5040 te,
1959 4972 2192 5037 Christe,
2228 4970 2408 5032 Deum
2428 4981 2662 5028 noscens
2681 4969 2808 5024 dum
2838 4971 3011 5044 diligit
3031 4970 3193 5032 ultro,

1835 5066 1966 5131 Quae
1996 5066 2208 5135 spernis
2239 5068 2479 5133 spernit,
2502 5073 2623 5131 qua:
2649 5061 2838 5118 statuis
2866 5063 3069 5120 statuit.

1760 5154 1836 5211 Se
1867 5158 1959 5212 tibi
1989 5159 2346 5217 committens
2376 5163 2429 5217 in
2461 5167 2515 5213 te
2540 5163 2627 5208 tua
2656 5154 2821 5211 verba
2849 5168 3080 5219 veretur,

1837 5249 1989 5304 Nunc
2010 5262 2067 5304 et
2089 5253 2142 5304 in
2166 5256 2447 5304 aeternum
2481 5260 2646 5304 tuque
2679 5255 2829 5304 tuere
2856 5260 3023 5304 tuum.
