3904 5304
588 494 604 543 1
615 495 717 548 005

1600 495 1927 551 HINCMARI
1966 492 2452 553 LUGDUNENSIS
2490 495 2792 554 EPISCOPI

3687 497 3803 559 lit“

581 613 773 664 fratres
801 608 1124 672 cbarissimi,
1171 623 1355 663 sumus
1397 609 1451 663 id
1495 611 1636 680 quod
1677 625 1880 666 sumus.
1939 609 2144 666 ldcirco
2169 607 2224 669 Α
2247 619 2503 681 tanquam
2520 612 2762 667 omnium
2781 625 2966 668 curam
2995 622 3264 682 gerentes,
3285 617 3517 685 propter
3538 615 3678 671 sedis
3701 633 3804 688 pu-

597 700 732 755 tobis
760 698 1146 769 providendum
1168 706 1269 764 est,
1311 707 1365 754 et
1390 700 1582 770 oppido
1627 701 2032 766 decertandum,
2079 716 2148 756 ne

583 808 631 846 ιιι
659 807 722 846 ea
751 791 905 846 vacui
930 791 1288 855 inveniamur,
1319 792 1410 848 sed
1430 793 1618 848 eadem
1640 793 1797 850 nobis
1821 803 2147 864 cooperante

582 888 771 959 gratia,
794 885 1026 942 fructum
1048 885 1273 942 Domino
1295 886 1581 956 plurimum
1603 896 1956 958 reportemus.
1993 887 2148 954 Quod

581 979 735 1034 aliter
781 975 897 1032 fieri
939 991 1044 1032 non
1085 983 1278 1046 potest,
1331 976 1431 1031 nisi
1479 978 1795 1048 sapientiam
1834 976 2142 1042 scrutando,

579 1071 801 1141 ejusque
820 1076 1087 1140 praecepta
1108 1067 1425 1123 lectionibus
1468 1077 1526 1123 et
1563 1069 1776 1140 hymnis
1816 1067 2142 1133 meditando,

579 1177 736 1236 atque
763 1180 830 1220 eo
849 1164 1264 1220 adminiculante
1288 1162 1572 1234 implendo,
1595 1165 1821 1226 orando,
1853 1161 2142 1232 vigilando,

578 1257 899 1311 voluntatem
941 1257 1076 1326 ejus,
1129 1256 1181 1309 in
1228 1263 1488 1326 quantum
1537 1254 1650 1322 ipse
1694 1253 1916 1322 largitus
1960 1251 2142 1318 fuerit,

576 1350 833 1420 perﬁcere
880 1349 1209 1405 studeamus.
1256 1345 1366 1402 Nec
1413 1347 1555 1402 enim
1605 1345 1974 1416 negligendam
2023 1359 2147 1415 gra-

575 1445 701 1496 tiam
732 1440 888 1495 nobis
915 1439 1174 1496 Dominus
1214 1437 1380 1503 dedit,
1411 1436 1506 1492 sed
1537 1434 1766 1494 fideliter
1787 1436 2145 1489 exercendam

574 1540 776 1596 tribuit.
825 1536 1050 1596 Dilectio
1074 1536 1218 1592 enim
1245 1534 1360 1589 sine
1386 1531 1728 1588 simulatione
1752 1530 1807 1584 in
1841 1531 1996 1586 nobis
2025 1545 2145 1585 esse

573 1642 621 1687 et
648 1645 905 1703 apparere
937 1630 1116 1693 debet,
1139 1627 1264 1699 quia
1289 1626 1457 1681 omnis
1488 1625 1578 1696 qui
1602 1623 1710 1678 odit
1748 1623 1960 1692 fratrem
1990 1638 2144 1677 suum

569 1723 829 1778 homicida
865 1732 971 1787 est;
1010 1721 1102 1791 qui
1141 1733 1272 1774 vero
1311 1715 1486 1788 diligit
1515 1716 1684 1770 Deum
1716 1715 1769 1768 in
1801 1715 1912 1768 Deo
1940 1721 2141 1778 manet,

567 1821 625 1867 et
657 1813 798 1867 Deus
827 1813 882 1866 in
919 1825 986 1866 eo
1025 1809 1077 1881 (I
1107 1810 1267 1864 Joau.
1293 1807 1396 1878 ιιι).
1458 1806 1608 1862 Unde
1632 1815 1688 1859 et
1711 1804 1997 1875 Apostolus
2025 1804 2100 1858 ait
2127 1822 2140 1857 :

572 1900 746 1955 Nolite
761 1899 1020 1970 judicare,
1055 1897 1263 1967 fratres,
1296 1898 1351 1950 in
1379 1897 1615 1960 invicem,
1652 1895 1740 1949 sed
1783 1894 1879 1947 hoc
1909 1893 2146 1963 judicate

2245 702 2378 772 prin:
2398 704 2603 774 apicem
2629 703 2968 761 decernimus
2993 712 3232 762 ut'nemo
3251 705 3578 778 pontificum
3595 707 3804 771 aliqua

2246 796 2361 851 suis
2376 798 2540 854 rebus
2557 797 2907 868 exspoliatum
2933 799 3266 870 episcopum,
3295 808 3395 854 aut
3409 815 3440 852 a
3453 801 3804 870 sedent-um,

2247 890 2714 946 excommunicare
2739 899 2834 946 aut
2855 889 3097 960 judicare
3114 901 3435 963 praumat,
3463 893 3594 963 quia
3621 906 3722 949 non
3741 906 3804 950 est

2247 980 2587 1052 privilegium
2602 983 3006 1054 quoexspoliari
3030 985 3200 1054 possit
3213 985 3330 1053 jam
3343 986 3610 1042 nudatus.
3639 987 3696 1042 Si
3711 990 3804 1058 quis

2245 1079 2424 1130 autem
2475 1072 2633 1128 aliter
2675 1087 2835 1145 agere
2881 1077 3303 1146 prasunpeerit,
3351 1078 3498 1131 sciat
3552 1090 3806 1133 casuram

2248 1163 2406 1233 hujus
2425 1173 2624 1221 sancta
2649 1167 2792 1222 sedis
2818 1183 2944 1223 eum
2968 1169 3220 1224 omnibus
3256 1170 3530 1225 membris
3577 1171 3689 1225 suis
3727 1172 3804 1226 sibi

2247 1271 2365 1314 esse
2387 1267 2701 1328 ventrem;
2730 1270 2788 1316 et
2812 1262 2954 1318 sicut
2973 1264 3162 1334 egerit,
3194 1264 3270 1318 ita
3295 1265 3536 1336 recipiet
3564 1281 3578 1318 :
3602 1266 3649 1320 si
3677 1267 3804 1328 bene.

2248 1350 2416 1417 bene;
2462 1352 2507 1406 si
2547 1367 2734 1421 grave,
2766 1368 2968 1424 grave;
3008 1355 3054 1410 si
3091 1355 3346 1426 pessiius,
3395 1358 3672 1427 pessime;
3703 1375 3808 1429 quo-

2246 1442 2390 1497 niam
2433 1443 2628 1513 dignus
2657 1453 2740 1500 est
2779 1447 3058 1516 operarius
3103 1449 3356 1504 mercede
3394 1463 3522 1503 sua.
3576 1448 3702 1514 Nos,
3726 1450 3808 1503 ira;

2247 1539 2380 1597 tres,
2404 1531 2610 1587 nullum
2646 1535 2876 1604 perdere
2911 1530 3180 1602 volumine,
3218 1537 3314 1592 sed
3365 1537 3492 1606 ipse
3535 1551 3598 1594 se
3643 1540 3804 1608 perdit.

2245 1621 2339 1691 qui
2374 1622 2462 1692 pia
2505 1623 2843 1681 considerata
2875 1628 3092 1693 avertit,
3131 1638 3187 1684 et
3226 1628 3320 1699 qui
3363 1629 3736 1698 apostolorum
3771 1644 3808 1686 rt

2247 1713 2406 1784 hujus
2436 1725 2637 1773 sancta:
2675 1719 2818 1774 sedis
2849 1719 3063 1776 decreta
3114 1720 3353 1777 libeuter
3391 1721 3589 1778 violat.
3637 1722 3736 1778 Sed
3768 1734 3808 1778 et

2246 1822 2414 1874 nunc,
2443 1807 2660 1877 fratres,
2686 1811 3126 1868 commendamus
3147 1823 3244 1869 vos
3271 1825 3474 1869 omna
3508 1813 3748 1878 Domino,
3769 1827 3807 1869 et

2247 1897 2413 1954 verbo
2438 1900 2623 1970 gratim
2648 1902 2784 1973 ejus,
2809 1904 2901 1973 qui
2930 1911 3107 1975 potest
3137 1905 3408 1976 perlicere
3427 1913 3491 1962 et
3513 1907 3650 1962 dare
3671 1908 3805 1962 bare-

568 1966 839 2062 magispne
862 1966 1068 2061 ponatis
1099 1988 1471 2059 offendit-nium
1516 1987 1767 2057 fratribus
1807 1985 1881 2041 vel
1920 1986 2144 2040 scanda-
2170 1966 2220 2027 Β
2247 1966 2471 2047 ditatem
2514 1966 2844 2049 vobis'cum-
2895 1966 3156 2053 omnibus.
3184 1999 3413 2054 sanctis.
3483 1998 3610 2069 Ipse
3661 2007 3805 2054 autem

567 2085 674 2138 tum
700 2082 872 2156 (Rom.
906 2097 1020 2148 Juv,
1059 2079 1168 2149 15).
1210 2081 1277 2135 Et
1320 2079 1578 2134 Dominus
1616 2080 1790 2150 inquit
1819 2097 1831 2132 :
1859 2079 2012 2144 Quod
2051 2078 2143 2132 tibi

565 2188 666 2226 non
685 2172 761 2227 eis
782 2171 920 2241 ﬁeri,
944 2170 1097 2225 alteri
1117 2185 1182 2224 ne
1209 2169 1397 2239 facias.
1428 2169 1496 2222 Et
1525 2169 1651 2224 alibi
1685 2188 1696 2223 :
1726 2168 1792 2224 In
1827 2169 1923 2223 hoc
1953 2185 2143 2240 cogno-

565 2274 703 2321 scent
724 2281 902 2320 omnes
930 2265 1055 2335 quia
1082 2264 1182 2317 mei
1206 2263 1328 2317 estis
1349 2261 1612 2332 discipuli,
1633 2263 1678 2317 si
1692 2261 2020 2316 dilectionem
2042 2263 2140 2317 ha-

564 2357 776 2412 bueritis
800 2355 868 2411 ad
894 2355 1110 2410 invicem
1134 2354 1315 2425 (Joan.
1347 2370 1469 2419 xm,
1493 2353 1607 2424 55).
1660 2353 1725 2408 Et
1749 2353 2000 2409 Salomon
2024 2355 2100 2409 ait
2125 2373 2137 2408 :

564 2447 900 2517 Sacriﬁcium
929 2445 1162 2501 salutare
1196 2454 1272 2499 est
1298 2444 1562 2499 attendere
1597 2444 1884 2510 mandatis,
1905 2453 1952 2498 et
1975 2444 2142 2499 discs-

560 2541 683 2594 dere
727 2538 792 2592 ab
840 2537 983 2592 omni
1038 2536 1310 2607 iniquitate
1356 2533 1545 2605 (Eccli.
1599 2550 1760 2600 xxxv,
1795 2534 1871 2604 2).
1920 2533 2142 2590 Summa

559 2629 704 2684 enim
751 2627 1006 2698 iniquitas
1052 2633 1136 2681 est
1184 2625 1382 2681 fratres
1425 2625 1708 2681 detrahere
1765 2634 1820 2680 et
1862 2640 2140 2682 accusare.

560 2721 714 2778 Unde
733 2720 992 2790 scriptum
1014 2727 1097 2774 est
1130 2736 1142 2773 ε
1169 2717 1351 2773 Omnis
1382 2717 1469 2788 qui
1495 2716 1722 2771 detrahit
1743 2711 1961 2787 fratrem
1989 2735 2142 2772 suum

557 2812 820 2866 homicida
844 2820 940 2877 est,
965 2821 1012 2865 et
1048 2811 1214 2864 omnis
1235 2809 1497 2864 homicida
1531 2825 1633 2864 non
1659 2808 1811 2864 habet
1829 2820 2028 2880 partem
2051 2819 2142 2864 aut

555 2905 912 2961 hcereditatem
940 2904 994 2958 in
1016 2919 1170 2974 regno
1191 2901 1286 2956 Dei
1313 2900 1364 2973 (ι
1389 2900 1549 2955 Joan.
1579 2917 1639 2955 ιιι
1661 2941 1676 2966 ,
1706 2901 1815 2972 15).
1874 2902 1944 2957 Et
1969 2901 2094 2957 alibi
2125 2920 2139 2956 :

555 2995 754 3052 Cavete
782 3009 900 3060 vos,
938 2993 1134 3048 fratres
1169 2991 1497 3057 charissimi,
1524 3007 1592 3047 ne
1626 2992 1916 3063 participes
1949 2991 2144 3050 cilicia-

557 3086 708 3152 mini,
738 3083 882 3156 quod
911 3084 1072 3151 absit,
1107 3083 1262 3139 malis
1293 3097 1480 3138 eorum
1516 3097 1530 3136 :
1560 3091 1616 3139 et
1661 3099 1768 3139 non
1815 3084 1990 3140 solum
2043 3101 2140 3143 vos

557 3185 742 3234 cavete
778 3177 845 3234 ab
876 3175 1148 3242 omnibus,
1191 3175 1284 3232 sed
1319 3184 1373 3233 et
1425 3175 1559 3233 alios
1607 3191 1799 3234 cavere
1842 3179 1909 3234 ab
1953 3178 2032 3235 eis
2086 3187 2142 3234 et

556 3275 802 3324 avertere
847 3265 1055 3323 docete.
1088 3285 1106 3318 ι

2245 2079 2388 2136 Deus
2412 2083 2561 2153 pacis
2587 2091 2644 2139 et
2666 2085 3047 2143 consolationis
3095 2090 3187 2144 det
3225 2090 3385 2146 vobis
3426 2089 3487 2146 id
3533 2091 3709 2162 ipsum
3745 2107 3805 2146 ss-

2243 2185 2373 2241 pere
2399 2175 2698 2232 secundum
2737 2175 2920 2233 Iesum
2950 2177 3246 2247 Christum,
3285 2189 3350 2242 ut
3393 2181 3555 2238 vobis
3607 2182 3801 2238 invicem

2244 2267 2600 2333 succurratis,
2630 2275 2686 2323 et
2733 2283 2842 2325 non
2888 2271 3005 2326 sitis
3045 2271 3202 2326 divisi
3237 2289 3254 2325 :
3285 2281 3345 2327 ut
3393 2274 3690 2329 unanimes
3726 2287 3802 2328 Ino

2245 2357 2408 2413 corde
2441 2360 2858 2418 honoriﬁcemus
2883 2377 3006 2420 eum
3043 2365 3097 2420 in
3123 2366 3478 2421 concordiam
3507 2373 3564 2424 et
3585 2367 3798 2424 consob-

2245 2452 2444 2508 tionem
2469 2454 2716 2522 fratrum,
2748 2456 2840 2526 qui
2873 2465 3063 2528 potens
3100 2465 3184 2514 est
3224 2458 3561 2515 confirmare
3610 2463 3700 2515 vos
3735 2471 3799 2515 se-

2245 2546 2480 2601 cundum
2523 2547 2869 2620 Evangelium
2909 2548 3054 2619 ejus,
3083 2551 3243 2622 juxta
3282 2550 3675 2607 reﬂélationem
3711 2565 3802 2622 my-

2241 2637 2392 2691 SIerii
2441 2640 2625 2693 aeterni
2659 2681 2673 2707 ,
2726 2641 3052 2710 temporibus
3096 2641 3310 2697 scilicet
3345 2639 3623 2713 perpetuis
3652 2679 3668 2706 ,
3709 2643 3802 2710 qui-

2244 2727 2345 2783 bus
2373 2729 2524 2785 vobis
2550 2730 2849 2786 futurorum
2886 2733 3202 2804 gaudiorum
3230 2733 3511 2805 largienda
3541 2745 3666 2789 sunt
3704 2741 3798 2788 Inu-

2246 2831 2396 2870 nera.
2431 2835 2449 2868 ι

2245 2905 2313 2963 In
2359 2907 2718 2985 Decrejatibus
2757 2908 2953 2985 Hygini
2997 2929 3169 2985 papae,
3206 2915 3296 2984 qui
3322 2913 3426 2983 fuit
3451 2915 3685 2969 decimo:
3707 2926 3797 2985 post

2492 2978 2730 3047 Petrum,
2761 2978 2830 3035 de
2848 2978 3273 3054 metropolitani}
3301 2978 3579 3056 episcopis.

2314 3068 2508 3144 (Epist.
2542 3071 2619 3143 1.)
2661 3091 2679 3125 t
2720 3071 3005 3141 Caeterum,
3047 3075 3266 3144 fratres,
3297 3077 3451 3134 salvo
3485 3079 3545 3134 in
3579 3077 3797 3134 omnibus

2243 3162 2501 3220 Romanae
2523 3164 2780 3222 Ecclesiae
2809 3167 3106 3240 privilegio,
3139 3170 3317 3227 nullus
3352 3173 3794 3242 meter

2242 3256 2448 3327 absque
2484 3265 2806 3314 ceterorum
2845 3261 3084 3317 omnium
3133 3263 3672 3335 comprovincialium
3709 3267 3796 3336 qi-

559 3375 642 3434 Ea:
677 3379 894 3451 epistola
932 3377 1069 3435 Sixti
1105 3392 1254 3451 papa;
1291 3377 1521 3432 secunda
1541 3417 1554 3442 ,
1595 3378 1846 3451 unigersis
1886 3376 2135 3432 Ecclesiis
2165 3323 2211 3387 Ο
2246 3363 2536 3420 “amorum
2560 3351 2838 3451 {Manilo
2863 3351 3166 3451 aliqua?“
3197 3355 3606 3413 “ﬂatum
3626 3355 3797 3428 δέεα-

707 3447 714 3516 ί
775 3451 994 3515 directa,
1031 3447 1120 3520 qui
1163 3447 1262 3518 fuit
1299 3457 1475 3503 sextus
1513 3458 1628 3517 post
1672 3447 1905 3503 Petrum.

627 3565 820 3637 (Epist.
839 3565 951 3631 li.)
970 3583 989 3615 ι
1021 3562 1080 3619 Si
1105 3563 1227 3633 quis
1242 3571 1481 3618 vestrum
1506 3562 1748 3634 pulsatus
1777 3560 1940 3617 fuerit
1961 3562 2016 3616 in
2042 3562 2141 3618 ali-

555 3673 660 3728 qua
690 3657 1039 3722 adversitate,
1066 3656 1291 3710 licenter
1319 3655 1460 3710 hanc
1499 3663 1744 3710 sanctam
1789 3664 1844 3710 et
1880 3654 2138 3725 apostoli-

555 3766 674 3806 cam
699 3749 926 3821 appellet
953 3748 1135 3804 sedem
1162 3766 1174 3801 :
1199 3756 1254 3802 et
1279 3747 1347 3802 ad
1376 3761 1497 3803 eam
1521 3746 1674 3816 quasi
1698 3747 1764 3801 ad
1786 3754 1946 3817 caput
1976 3745 2141 3802 suiiu-

554 3845 703 3915 gium
747 3843 964 3908 habeat,
998 3856 1066 3895 ne
1094 3841 1354 3895 innocens
1405 3840 1710 3904 damnetur,
1761 3847 1852 3891 aut
1898 3837 2137 3893 Ecclesia

555 3952 654 3992 sua
708 3934 1089 3989 detrimentum
1136 3933 1392 4003 patiatur.
1461 3931 1516 3985 Si
1571 3941 1750 3986 autem
1808 3931 1856 3986 ei
1918 3945 2142 3988 necesse

555 4026 815 4089 evenerit,
848 4039 1075 4094 eamque
1112 4023 1382 4094 appellare
1410 4022 1632 4077 minime
1663 4038 1827 4078 ausus
1857 4023 2037 4088 fuerit,
2084 4031 2140 4077 et

555 4125 777 4174 vocatus
809 4125 987 4171 tamen
1016 4115 1084 4170 ab
1112 4115 1214 4171 hac
1237 4122 1422 4170 sancta
1450 4115 1575 4170 sede
1602 4115 1780 4178 fuerit,
1813 4125 1919 4170 non
1948 4124 2140 4170 renuat

555 4211 759 4276 venire,
799 4208 893 4265 sed
920 4205 1203 4264 confestim
1227 4216 1285 4261 ut
1313 4207 1364 4262 ei
1394 4207 1696 4261 nuntiatum
1748 4205 1909 4259 fuerit
1953 4207 2138 4262 venire

554 4301 792 4368 festinet,
825 4309 880 4355 et
905 4312 1094 4354 causas
1116 4313 1214 4368 pro
1239 4297 1434 4367 quibus
1463 4304 1684 4352 vocatus
1720 4306 1802 4351 est
1847 4296 2140 4366 prudenter

554 4394 830 4464 disponat,
858 4397 1019 4459 atque
1055 4388 1104 4443 si
1144 4401 1363 4443 necesse
1392 4387 1593 4457 aliquid
1641 4387 1912 4457 corrigere
1952 4385 2134 4455 fuerit,

553 4499 675 4539 cum
700 4482 787 4537 his
819 4495 956 4552 quos
985 4479 1072 4534 hic
1102 4479 1305 4550 primos
1329 4478 1596 4533 invenerit
1620 4478 1878 4548 corrigat.
1928 4476 2008 4531 Ad
2032 4477 2134 4532 Ec—

555 4574 772 4630 clesiam
831 4582 1010 4628 tamen
1069 4586 1222 4625 suam
1267 4585 1373 4625 non
1422 4571 1572 4639 prius
1622 4577 1924 4624 revertatur
1973 4585 2137 4639 quam

553 4669 680 4724 hinc
719 4665 910 4721 litteris
950 4663 1259 4735 apostolicis
1288 4663 1372 4716 vel
1400 4661 1646 4716 formatis
1675 4661 1905 4730 pleniter
1934 4662 2137 4717 instru-

551 4767 673 4818 ctus
693 4764 858 4826 atque
887 4762 1144 4825 purgatus
1169 4753 1262 4817 sit,
1290 4752 1337 4806 si
1362 4751 1525 4806 fuerit
1545 4751 1704 4806 unde.
1748 4750 1818 4806 Ut
1843 4760 2131 4822 postquam

551 4853 770 4907 domum
797 4861 1042 4902 reversus
1082 4844 1263 4909 fuerit,
1295 4852 1621 4912 cognoscant
1650 4844 1811 4899 vicini
1843 4846 1922 4898 sui
1953 4844 2130 4913 quali-

550 4952 636 4997 ter
663 4942 752 4996 hic
775 4956 925 5000 suam
955 4939 1291 5008 aliorumque
1337 4953 1554 4993 causam
1599 4937 1813 5001 ﬁnierit,
1864 4946 2131 5007 quatenus

552 5049 670 5088 eam
710 5034 912 5100 absque
956 5031 1136 5100 aliqua
1183 5029 1533 5099 ambiguitate
1568 5030 1818 5084 nuntiare
1852 5038 1907 5083 et
1932 5029 2129 5098 praedi-

553 5139 678 5164 nnra
707 5124 952 5164 nmnihnc
977 5123 1161 5164 nneait-
1219 5123 1296 5164 Ah
1336 5122 1436 5164 han
1479 5123 1620 5164 anim
1674 5131 1856 5164 ennntn
1917 5121 2042 5164 sedo,
2100 5137 2128 5164 ει

2245 3457 2458 3513 porum,
2489 3445 2618 3516 quia
2649 3446 2817 3502 irritat
2862 3455 3023 3504 erunt
3057 3448 3216 3505 aliter
3245 3459 3382 3507 sctis
3423 3455 3594 3522 quam
3620 3452 3676 3507 in
3695 3463 3796 3506 cm-

2245 3545 2434 3608 spectu
2477 3553 2664 3594 eorum
2706 3542 2944 3597 omnium
2992 3543 3284 3609 ventilata,
3323 3545 3378 3599 et
3420 3545 3544 3615 ipse
3570 3546 3617 3600 si
3643 3543 3798 3600 fecerit

2248 3637 2562 3684 coerceatur
2593 3647 2623 3686 a
2653 3630 2929 3688 fratribus.
2961 3633 3380 3703 Crimin‘ationes
3407 3634 3678 3706 majorum
3697 3643 3795 3688 nasi

2244 3737 2343 3792 per
2368 3723 2500 3779 alios
2535 3741 2643 3781 non
2673 3725 2834 3794 fiant,
2879 3727 2982 3782 nisi
3016 3742 3117 3797 per
3153 3728 3297 3798 ipsos
3344 3729 3439 3799 qui
3489 3729 3711 3784 erimina
3740 3728 3798 3781 ia-

2247 3820 2498 3886 tendunt,
2520 3822 2565 3877 si
2589 3830 2766 3878 tamen
2804 3823 2904 3893 ipsi
2931 3823 3079 3894 digni
3103 3830 3158 3878 et
3189 3813 3695 3894 irreprehensibiles
3731 3836 3800 3891 ap-

2246 3920 2565 3982 paruerunt,
2593 3923 2646 3968 et
2672 3914 2807 3969 sctis
2830 3913 3056 3983 publicis
3085 3914 3364 3969 docuerint
3391 3916 3545 3969 omni
3571 3931 3632 3970 se
3659 3915 3800 3982 suspi-

2247 4005 2403 4064 cione
2428 4020 2615 4062 carere
2645 4015 2700 4060 et
2742 4006 3043 4072 inimicitia,
3087 4016 3249 4078 atque
3299 4008 3797 4078 irreprehensibilem

2247 4093 2428 4151 ﬁdem
2453 4105 2509 4152 et
2547 4098 3010 4154 conversationem
3056 4095 3276 4154 ducem
3325 4096 3550 4154 Necnon
3593 4107 3646 4154 et
3673 4111 3794 4168 pere-

2246 4186 2400 4257 grina
2437 4189 2653 4260 negotia
2681 4198 2735 4244 et
2755 4189 2958 4260 judicia
2985 4188 3356 4258 prohibemus,
3389 4192 3519 4261 quia
3554 4191 3793 4260 indignus

2245 4287 2330 4331 est
2369 4285 2429 4331 ut
2459 4278 2528 4332 ab
2566 4279 2804 4334 externis
2839 4278 3168 4350 judicentur,
3214 4280 3306 4350 qui
3346 4279 3793 4351 comprovinciales

2246 4380 2302 4426 et
2343 4387 2374 4426 a
2433 4386 2493 4427 se
2539 4373 2737 4430 electos
2780 4372 2975 4429 debent
3031 4373 3236 4429 habere
3280 4374 3514 4444 judices.
3579 4374 3684 4429 Nos
3707 4373 3792 4442 qui-

2246 4463 2366 4518 dem
2413 4479 2480 4519 ex
2527 4466 2674 4520 omni
2721 4475 2877 4536 parte
2940 4465 3250 4536 arripiendo
3293 4468 3613 4522 occasiones
3663 4465 3793 4519 absci-

2246 4558 2440 4615 dimus.
2495 4557 2602 4614 Nos
2651 4575 2898 4628 superna:
2943 4575 3214 4615 memores
3257 4560 3561 4631 disciplina:
3612 4560 3790 4630 quibus-

2245 4667 2458 4720 cunque
2495 4652 2809 4707 cadentibus
2845 4651 3121 4706 dexteram
3150 4651 3502 4722 porrigimus,
3525 4660 3581 4707 et
3605 4667 3635 4705 a
3661 4651 3788 4705 min:

2243 4743 2540 4813 praecipitio
2563 4758 2699 4814 quos
2723 4757 3009 4813 possumus
3032 4741 3363 4808 relevamus,
3407 4751 3466 4797 et
3503 4740 3788 4797 defensionis

2244 4836 2627 4893 adminiculum
2678 4837 2802 4891 totis
2833 4835 3039 4890 viribus
3075 4836 3321 4906 praabere
3357 4836 3621 4906 cupimus.
3666 4832 3785 4887 Certe

2243 4930 2328 4984 vel
2355 4929 2400 4984 si
2435 4943 2588 4984 mens
2617 4927 2687 4983 sit
2714 4927 2847 4983 recti
2876 4926 3112 4991 conscia,
3143 4925 3382 4980 vindicta
3409 4927 3603 4996 dignus
3625 4933 3696 4979 est
3720 4921 3784 4991 qui

2243 5022 2334 5077 alii
2362 5022 2546 5076 existit
2575 5036 2735 5076 causa
2764 5018 2991 5090 periculi
3026 5037 3039 5073 :
3065 5017 3159 5088 qui
3189 5033 3318 5073 vero
3365 5010 3698 5073 innocentem
3726 5009 3787 5064 vel

2246 5114 2466 5164 fratrem
2510 5127 2834 5164 nuocunaue
2881 5111 3096 5164 inuenio
3132 5111 3507 5164 persequitur.
3538 5112 3646 5164 inse
3671 5109 3715 5161 in
3744 5117 3784 5157 Sd
