3904 5304
95 400 229 465 10θό

1276 416 1643 481 OPUSCULA
1681 406 1771 480 ετ
1810 412 2193 486 aristam.

3218 438 3359 497 i006

90 532 198 589 tus,
227 521 361 577 nihil
386 535 484 593 per
511 527 911 585 contentionem
963 540 1205 604 agentes,
1258 535 1355 592 sed
1396 536 1464 592 ad
1509 546 1671 592 omne
1695 538 1750 600 Α
1778 533 1860 592 Ea:
1888 535 2086 623 Graecis
2114 552 2162 595 et
2190 541 2392 623 {.otinis
2421 536 2738 623 sationibus,
2756 558 2802 601 et
2816 551 3041 623 _synod_is
3067 550 3352 623 Romanis,

60 615 323 671 studium
351 615 652 673 devotionis
691 622 976 679 unanimes
1022 622 1220 682 divinis
1267 634 1323 682 et
1362 627 1670 697 apostolicis

89 706 565 764 mastitutionihus
593 713 850 780 parcatis.
882 731 903 765 ι

88 816 153 873 In
171 802 531 902 Decretalibus
553 822 764 902 _Ani_ceti
786 841 936 902 popa:
956 826 1020 902 de
1035 830 1452 902 juctropolitqnis
1491 831 1671 888 contu-

186 892 445 960 macibus,
475 895 565 963 qui
594 893 696 963 fuit
717 892 900 951 causa.
930 899 1163 955 desinitis
1186 892 1301 972 post
1332 901 1569 958 Petrum.

152 998 395 1073 Episiala
413 1003 589 1059 unica.
614 1024 633 1057 ι
654 1003 774 1077 ipse
797 1017 977 1065 autem
998 1012 1438 1087 archiepiscopus
1452 1014 1582 1072 nihil
1604 1018 1670 1075 de

85 1094 525 1164 coepiscoporum
556 1098 767 1165 causis,
801 1108 895 1155 aut
929 1101 1049 1159 aliis
1077 1106 1484 1175 communibus,
1505 1106 1664 1178 juxta
1714 1156 1717 1159 η

83 1192 278 1243 statuta
307 1188 700 1259 apostolorum,
729 1193 934 1265 absque
956 1198 1275 1254 cunctarum
1310 1197 1521 1273 illorum
1544 1211 1669 1273 agat

83 1280 311 1337 consilio
343 1299 358 1337 :
404 1290 507 1339 nec
546 1284 641 1351 illi,
674 1286 778 1343 nisi
806 1299 1068 1361 quantum
1116 1293 1182 1349 ad
1227 1296 1473 1365 proprias
1510 1311 1668 1366 paro-

82 1372 228 1429 chius
249 1372 505 1445 pertinet,
534 1374 652 1432 sine
674 1390 791 1444 suo,
825 1383 1085 1450 quoniam
1113 1382 1207 1439 tali
1229 1385 1426 1455 gaudet
1447 1401 1513 1441 ex
1535 1400 1666 1441 con-

80 1464 258 1519 cordia
285 1464 620 1535 Altissimus,
653 1477 709 1525 et
745 1470 1009 1542 gloriatur
1032 1474 1083 1529 in
1116 1476 1373 1532 membris
1397 1476 1527 1532 Suis.
1556 1476 1666 1533 Re-

78 1552 204 1627 liqui
250 1557 417 1626 Vero,
472 1560 565 1630 qui
614 1559 749 1617 alias
796 1565 1243 1635 metropolitanas
1284 1569 1440 1624 sedes
1488 1569 1668 1641 adepti

79 1648 217 1715 sunt,
249 1660 358 1705 non
399 1648 662 1721 primates
702 1653 796 1710 sed
843 1657 1249 1728 metropolitani
1295 1662 1662 1717 nominentur.

79 1738 132 1797 Si
162 1749 347 1798 autem
392 1740 587 1814 aliquis
630 1744 1171 1818 metropolitanorum
1206 1744 1421 1807 inﬂatus
1465 1751 1664 1821 fuerit,

78 1834 130 1889 et
174 1835 293 1891 sine
342 1834 589 1892 omnium
634 1840 1176 1909 comprovincialium
1238 1844 1529 1914 praesentia
1577 1845 1665 1902 vel

1843 619 1999 681 atque
2019 612 2240 693 decretis
2258 613 2541 693 prms_ulu_i_n
2569 633 2631 671 ac
2657 612 2950 693 principum
2974 612 3352 693 Romanorum,

1841 696 1874 735 α
1913 692 2054 763 papa
2096 684 2332 763 Adriano
2376 684 2706 756 Ingilramno
2756 684 3172 750 Mediomatricis
3208 684 3356 754 urbis

1841 754 2079 825 episcopo
2105 754 2345 825 prolatis.

1842 864 2007 937 (Cap.
2063 868 2178 942 is.)
2238 889 2257 923 ι
2312 868 2500 930 Nullus
2562 877 3009 948 metropolitaiius
3057 880 3346 954 episcopus

1770 956 1974 1027 absque
2002 968 2325 1018 ceterorum
2367 965 2611 1021 omnium
2660 969 3191 1039 comprovincialium
3232 975 3352 1043 epi-

1770 1061 2057 1119 scoporum
2086 1051 2367 1121 instantia,
2396 1055 2698 1126 aliquorum
2726 1058 2912 1115 audiat
2936 1062 3129 1116 causas
3140 1072 3355 1132 eorum,

1771 1139 1896 1209 quia
1917 1139 2070 1196 irrita
2101 1153 2282 1211 erum,
2314 1146 2423 1202 imo
2457 1147 2623 1202 etiam
2646 1158 2869 1204 causam
2914 1150 2969 1206 in
3009 1152 3214 1223 synodo
3254 1166 3359 1226 pro

1769 1229 1918 1287 iacto
1961 1232 2130 1290 dabit.
2180 1235 2293 1292 Nec
2335 1239 2667 1309 reliquorum
2714 1239 2910 1314 aliquis
2938 1244 3354 1316 episcoporum,

1769 1335 1991 1377 suorum
2020 1324 2367 1382 sacerdotum
2396 1338 2591 1387 causas
2633 1331 2817 1387 audiat
2835 1334 3084 1406 ,absque
3112 1340 3356 1406 praesen-

1771 1416 1845 1471 tia
1887 1416 2208 1476 clericorum
2257 1428 2512 1489 suorum;
2558 1425 2685 1494 quia
2738 1426 2893 1482 irrita
2934 1426 3045 1483 erit
3085 1430 3357 1487 Sententia

1769 1509 2029 1580 episcopi,
2078 1512 2191 1569 nisi
2229 1516 2514 1584 praesentia
2553 1516 2875 1575 clericorum
2918 1520 3290 1580 denﬁrmetur.
3324 1542 3347 1578 ι

2177 1612 2264 1683 Ea:
2292 1624 2511 1686 decretis”
2536 1616 2752 1690 Eusebii
2773 1638 2944 1709 papa}.

1844 1728 2038 1803 (Epist.
2069 1730 2126 1801 Ξ,
2155 1732 2250 1790 sub
2278 1724 2488 1811 ﬁnem.)
2534 1759 2553 1795 ι
2582 1742 2724 1800 Oves
2746 1759 2875 1819 ergo
2890 1763 3009 1819 quae
3029 1751 3234 1820 pastori
3255 1768 3356 1809 suo

1772 1828 2079 1884 commissa:
2121 1829 2345 1900 fuerint,
2393 1851 2517 1892 eum
2570 1853 2671 1895 nec
2717 1843 3154 1915 reprehendere,
3184 1848 3292 1905 nisi
3322 1865 3356 1905 a

78 1928 297 1986 consilio
326 1929 706 2003 epmopbmm
729 1973 745 2000 ,
777 1942 871 1988 aut
893 1948 1084 1991 eorum
1103 1977 1117 2003 ’
1166 1944 1261 1992 aut
1307 1936 1444 1995 alias
1472 1950 1667 1994 causas
1693 1924 1742 1985 Β
1771 1925 1915 1973 recta
1948 1918 2053 1976 {ide
2080 1921 2490 1995 exorbitaverit,
2523 1928 2740 1997 debent,
2772 1949 2875 1990 nec
2898 1935 3168 1996 ullatenus
3193 1954 3354 1998 accu-

76 2032 250 2091 agere,
273 2014 381 2076 nisi
405 2022 497 2079 eas
528 2026 735 2079 tantum
757 2038 876 2094 quae
905 2020 975 2083 ad
1006 2026 1281 2099 propriam
1311 2042 1463 2083 suam
1496 2030 1666 2100 perti-

75 2124 195 2171 nent
220 2104 536 2188 parociiiam
567 2124 756 2191 agere,
803 2129 896 2193 aut
920 2137 1015 2178 eos
1049 2137 1277 2196 gravare
1309 2123 1562 2189 voluerit,
1597 2124 1665 2181 ab

73 2208 322 2267 omnibus
349 2202 594 2268 distriéte
624 2213 947 2286 corrigatur,
986 2230 1054 2270 ne
1090 2214 1216 2269 talia
1248 2216 1501 2287 deinceps
1528 2232 1666 2288 prte-

73 2304 289 2356 sumere
308 2296 525 2357 audeat.
558 2298 619 2359 Si
668 2304 799 2359 vero
839 2298 1224 2375 incorrigibilis
1259 2305 1447 2376 eisque
1476 2294 1664 2362 inobe-

73 2389 214 2448 diens
243 2394 579 2463 apparuerit,
629 2392 698 2451 ad
736 2397 880 2453 hanc
927 2396 1281 2468 apostolicam
1326 2398 1542 2464 sedem,
1574 2399 1663 2456 cui

71 2485 245 2539 omnia
269 2486 649 2557 episéOporum
666 2488 869 2561 judicia
900 2488 1193 2545 terminare
1218 2499 1489 2564 praecepta
1511 2499 1658 2560 sunt,

72 2575 180 2646 ejus
215 2579 562 2634 contumacia
594 2577 887 2647 referatur,
916 2589 976 2636 ut
1005 2576 1242 2637 vindiCta
1272 2572 1339 2638 de
1365 2598 1430 2639 eo
1461 2582 1576 2639 ﬁat.
1606 2594 1661 2641 et

72 2666 243 2721 caeteri
273 2669 524 2723 timorem
564 2669 822 2725 habeant.
863 2668 924 2727 Si
962 2679 1143 2726 autem
1180 2682 1406 2743 propter
1435 2672 1661 2729 nimiam

72 2756 537 2832 longinquitatem,
575 2771 670 2817 aut
709 2763 968 2834 temporis
1015 2763 1540 2833 incommoditatem,
1574 2767 1660 2823 vel

72 2851 275 2907 itineris
303 2853 679 2924 asperitatem,
709 2869 873 2927 grave
900 2856 968 2911 ad
998 2854 1138 2911 hanc
1169 2856 1353 2912 sedem
1383 2852 1500 2927 ejus
1531 2873 1659 2914 cau-

72 2958 176 2998 sam
203 2942 414 3000 deferre
439 2943 624 3013 fuerit,
658 2957 785 3002 tunc
813 2948 881 3003 ad
903 2947 1021 3019 ejus
1041 2948 1331 3018 primatem
1362 2965 1530 3007 causa
1557 2948 1654 3009 de-

1770 2025 1893 2066 sare
1913 2024 2168 2083 possunt;
2193 2018 2320 2088 quia
2340 2018 2484 2076 facta
2511 2033 2789 2094 pastorum
2818 2029 2930 2084 oris
2950 2030 3129 2103 gladio
3153 2034 3355 2092 ferien-

1767 2103 1834 2159 da
1856 2119 1963 2160 non
1990 2117 2137 2175 sunt,
2160 2126 2473 2183 quanquam
2494 2124 2642 2174 recte
2666 2122 3111 2190 reprehendenda
3136 2127 3357 2185 videam-

1767 2200 1872 2251 tur.
1904 2197 2031 2255 ideo
2058 2200 2163 2257 ista
2191 2202 2447 2275 dicimus,
2479 2209 2607 2279 quia
2646 2210 2701 2266 in
2723 2214 2941 2285 scriptis
2962 2212 3157 2274 vestris
3193 2220 3352 2292 repe-

1765 2288 1938 2346 rimus
1993 2294 2261 2362 quosdam
2311 2297 2593 2371 episcopos
2650 2306 2849 2362 vestris
2909 2308 2963 2363 in
3021 2288 3271 2380 partibus
3317 2330 3354 2391 ρ

1762 2382 1997 2451 propriis
2026 2385 2218 2444 ovibus
2265 2398 2567 2461 accusatos,
2613 2396 2824 2466 aliquos
2869 2396 3122 2460 videlicet
3158 2404 3226 2462 ei
3263 2382 3353 2463 su:

1762 2472 2022 2544 spicio'ne,
2046 2485 2102 2533 et
2120 2478 2332 2551 aliquos
2350 2494 2419 2540 ex
2440 2496 2591 2542 certa
2618 2489 2857 2547 ratione:
2877 2500 2931 2548 et
2958 2494 3162 2554 idcirco
3190 2514 3351 2571 quos-

1762 2566 1888 2622 dam
1921 2570 2035 2651 suis
2060 2580 2181 2630 esse
2217 2577 2378 2635 rebus
2417 2582 2785 2653 exspoliatos,
2833 2587 3096 2658 quosdam
3140 2566 3270 2648 vero
3318 2608 3350 2649 a

1736 2648 1983 2731 rpr0pria
2013 2664 2142 2721 sede
2166 2664 2372 2737 pulsos.
2419 2648 2567 2741 Quos
2611 2648 2795 2733 sciatis
2977 2680 3051 2736 ad
3083 2682 3347 2755 synodum

1761 2754 2269 2824 comprovincialem
2294 2801 2310 2828 ,
2343 2776 2444 2819 nec
2475 2765 2542 2820 ad
2591 2767 2900 2838 generalem
2947 2754 3119 2842 posse
3145 2777 3347 2843 vocari,

1760 2852 1861 2898 nec
1891 2844 1947 2899 in
1989 2844 2195 2918 aliquid
2238 2848 2496 2922 iudicari,
2548 2864 2839 2929 antequam
2887 2862 3082 2918 cuncta
3123 2866 3244 2936 quae
3269 2865 3350 2924 eis

1757 2932 1971 2989 sublata
2001 2945 2128 2992 sunt
2154 2938 2365 3008 legibus
2390 2947 2647 3014 potestati
2670 2960 2861 3005 eorum
2889 2932 3351 3026 redintegrent‘ur.

72 3030 287 3105 feratur,
317 3036 375 3094 et
399 3055 568 3111 penes
596 3041 771 3113 ipsum
797 3041 961 3115 hujus
1002 3054 1206 3101 sanctae
1248 3046 1394 3102 sedis
1420 3048 1656 3105 auctori-
2112 3032 2338 3135 θροηθξ·
2363 3036 2552 3135 ρωῐξίξλ
2577 3036 2684 3095 mis
2721 3032 2931 3113 Ῑθείδυέ
2969 3034 3349 3120 νθάῖηιεετπὶ,

72 3138 173 3185 tate
192 3130 486 3200 judicetur.
522 3122 807 3203 Similiter,
826 3135 872 3191 si
901 3136 1098 3209 aliquis
1127 3138 1508 3210 episcoporum
1528 3155 1654 3211 pro-
1754 3124 1812 3212 9⁸
1833 3118 2091 3212 {Milesias
2113 3137 2234 3193 qm”
2272 3124 2376 3182 “ibi
2408 3128 2634 3186 summa
2669 3141 2813 3201 sum’
2847 3149 2973 3192 cum
3003 3138 3151 3195 omni
3175 3132 3350 3212 Ρήνίτ

71 3221 236 3289 prium
284 3224 765 3295 metropolitanum
817 3236 1127 3300 suspectum
1177 3229 1463 3299 habuerit,
1511 3233 1653 3302 apud

1756 3204 1899 3277 legio
1927 3222 2028 3265 suo
2056 3212 2291 3270 restitui.
2320 3214 2388 3271 Et
2431 3221 2780 3287 postmodum
2825 3239 2934 3280 non
2982 3228 3085 3285 sub
3132 3204 3350 3304 angusti

67 3313 346 3382 primatem
378 3302 701 3385 dimceseos’
734 3299 991 3393 Μηρώ
1019 3321 1160 3378 hanc
1183 3299 1656 3395 apostolicam—5%
1680 3299 1727 3365 C
1758 3304 2019 3395 temporis
2071 3307 2270 3376 spatio,
2312 3310 2407 3366 sed
2448 3319 2660 3370 tantum
2708 3317 2969 3389 temporis
3011 3322 3246 3392 spatium
3270 3324 3352 3382 eis

72 3394 182 3460 dem
238 3407 513 3465 audiatur.
545 3408 649 3479 Qui
690 3411 865 3484 major
912 3421 995 3469 est
1044 3394 1309 3482 vestrum,
1353 3418 1651 3474 secundum

70 3494 396 3560 Dominicam
414 3501 739 3574 jussionem,
762 3506 832 3562 sit
854 3515 1034 3562 vester
1054 3507 1342 3576 minister;
1369 3516 1426 3565 et
1446 3520 1653 3581 quanto

71 3592 231 3663 major
258 3612 321 3653 es
351 3596 403 3653 in
427 3596 679 3655 omnibus
718 3596 944 3654 humilia
992 3598 1246 3670 teipsum.
1291 3588 1650 3669 Charissimi,

71 3684 222 3744 nolite
251 3689 396 3746 inter
424 3706 519 3749 vos
547 3691 899 3759 contendere,
927 3706 1028 3748 nec
1051 3700 1261 3763 quaerat
1306 3680 1506 3765 aliquis
1537 3710 1652 3750 ma-

65 3775 145 3847 jor
171 3795 318 3851 esse;
346 3782 442 3840 sed
454 3782 613 3854 juxta
640 3784 980 3856 Apostolum,
1019 3785 1229 3860 diligite
1265 3803 1363 3844 vos
1396 3788 1646 3855 invicem,

72 3871 315 3939 quoniam
339 3868 581 3932 cbaritas
609 3890 677 3932 ex
703 3874 815 3931 Deo
834 3886 949 3944 est;
977 3885 1033 3932 et
1054 3878 1235 3934 omnis
1264 3878 1360 3949 qui
1388 3868 1562 3952 diligit
1582 3895 1651 3936 ex

72 3954 174 4017 Deo
206 3973 366 4021 natus
397 3974 504 4031 est,
532 3976 587 4023 et
619 3968 900 4040 cognoscit
927 3968 1098 4024 Deum
1128 3983 1143 4022 :
1176 3970 1269 4040 qui
1314 3986 1423 4026 non
1454 3971 1649 4057 diligit,

73 4068 168 4111 non
196 4058 345 4115 novit
370 4057 562 4128 Deum,
578 4061 858 4137 .quoniam
891 4061 1035 4119 Deus
1066 4063 1308 4119 cbaritas
1337 4073 1441 4120 est.
1480 4084 1501 4119 ›

72 4165 151 4225 Ea:
175 4173 392 4255 epistola
430 4176 677 4263 “Victoris
731 4195 931 4263 pupis,
1272 4180 1650 4263 ,Δέραιηάγίηο

136 4247 365 4365 ῗγέῗξιῗεῑο
406 4247 638 4317 directa,
692 4247 931 4331 qui'juit
987 4247 1200 4322 quintus
1247 4252 1481 4311 decimus
1527 4263 1646 4327 post

183 4332 208 4369 ϐ

210 4326 363 4375 trum.

622 4389 782 4464 (Vide
807 4398 957 4448 uuln.
986 4390 1068 4461 4.)

75 4486 152 4549 Ea:
170 4498 381 4571 epistola
408 4486 619 4555 Colliin
636 4519 807 4571 papm,
832 4502 900 4556 ad
923 4518 1097 4557 omnes
1122 4500 1419 4557 Galatarum
1445 4502 1651 4559 urbium

138 4570 415 4643 episcopos,
436 4573 526 4643 qui
551 4570 649 4643 fuit
673 4570 904 4628 decimus
929 4574 1178 4643 septimus
1199 4583 1313 4644 post
1340 4573 1575 4629 Petrum.

78 4744 136 4802 In
162 4747 523 4828 Decretalibus»
549 4664 1043 4826 Luciivyigzilljldcie)
1082 4758 1501 4828 metropqlitaiiii
1540 4757 1647 4828 cpi-

173 4825 351 4893 scopis,
381 4828 471 4897 qui
496 4826 599 4896 fuit
620 4825 892 4881 uicesimus
921 4829 1105 4883 tertius
1132 4825 1256 4898 post
1278 4826 1519 4885 Petrum.

494 4914 517 4927 ί
676 4917 845 4991 (Vide
868 4919 1039 4994 ibid.)

84 5018 142 5077 In
164 5022 506 5110 Dec-retulidu‘s
527 5029 684 5110 _Juli_i
708 5042 878 5110 popm,
908 5032 974 5089 de
1003 5034 1418 5110 metropolitano:
1446 5036 1647 5110 episca-

220 5100 317 5168 μὴ,
344 5106 431 5174 qui
455 5105 563 5176 fuit
592 5100 885 5157 trieésiiitus
906 5117 1084 5163 senatus
1110 5100 1229 5179 post
1247 5100 1495 5166 Parum:-

680 5196 698 5250 ί
705 5196 834 5250 Vide
868 5197 1027 5250 ibid.l

1758 3390 2124 3464 indulgeatur,
2151 3406 2411 3468 quantum
2441 3403 2721 3473 exspoliati
2752 3406 2836 3462 vel
2878 3390 3089 3480 expulsi
3114 3424 3237 3471 esse
3257 3414 3350 3470 vi-

1758 3483 1970 3553 dentur,
2003 3494 2293 3559 antequam
2322 3491 2391 3547 ad
2435 3495 2700 3565 synodum
2733 3508 3129 3570 conVocentur,
3176 3510 3232 3561 et
3278 3507 3348 3563 ab

1755 3574 2010 3633 Omnibus
2035 3578 2263 3650 quisque
2290 3595 2403 3638 suae
2444 3585 2739 3654 provincia:
2776 3589 3046 3661 episcopis
3074 3594 3348 3652 audiatur.

1754 3666 1891 3722 Nam
1944 3684 2045 3725 nec
2089 3672 2273 3727 vecari
2317 3673 2383 3728 ad
2428 3688 2683 3744 causam,
2735 3690 2838 3735 nec
2876 3678 3117 3750 judicari
3168 3691 3350 3757 potest

1753 3760 2086 3832 exspoliatus
2119 3763 2204 3821 vel
2236 3766 2524 3837 expulsus,
2560 3769 2691 3841 quia
2728 3786 2837 3829 non
2874 3780 2958 3830 est
3007 3766 3349 3850 privilegium

1755 3864 1863 3925 Quo
1887 3855 2180 3927 exspoliari
2205 3861 2377 3929 possit
2393 3860 2509 3933 jam
2548 3864 2802 3922 nudatus.
2846 3865 2999 3924 Unde
3033 3876 3087 3925 et
3112 3871 3350 3951 antiqui-

1754 3954 1843 4001 tus
1872 3947 2150 4004 decretum
2179 3958 2266 4007 est
2311 3960 2369 4008 ut
2395 3964 2586 4011 omnes
2627 3960 3033 4029 possessiones,
3077 3971 3134 4019 et
3166 3947 3353 4022 omnia

1755 4037 1858 4094 sibi
1892 4039 2125 4109 sublata,
2155 4051 2319 4114 atque
2352 4044 2563 4104 fructus
2585 4058 2831 4118 cunctos,
2864 4062 2995 4110 ante
3030 4054 3180 4112 litem
3221 4072 3354 4115 oon-

1757 4136 2011 4186 testatam
2039 4143 2330 4205 perceptor
2366 4135 2453 4191 vel
2489 4139 2697 4209 primas
2732 4145 3032 4213 possessori
3074 4148 3345 4207 restituat.

1753 4219 1822 4276 Et
1851 4221 1978 4278 alibi
2020 4225 2281 4294 scriptum
2314 4226 2583 4284 habetur:
2634 4229 2729 4287 Ille
2753 4232 2845 4303 qui
2887 4235 3199 4294 violentiam
3225 4254 3353 4311 per-

1755 4315 1898 4382 tulit,
1932 4317 2185 4375 universa
2233 4319 2288 4375 in
2317 4329 2459 4376 statu
2488 4336 2597 4394 quo
2625 4322 2843 4381 fuerant
2872 4328 3119 4400 recipiat,
3145 4340 3202 4386 et
3229 4347 3351 4401 qua:

1754 4410 1996 4478 possedit
2047 4426 2275 4469 securus
2334 4422 2537 4470 teneat.
2597 4415 2665 4471 Et
2714 4417 2841 4475 alibi
2894 4419 2957 4475 in
3003 4422 3351 4493 synodalibus

1754 4499 1979 4557 Patrum
2011 4502 2267 4571 decretis,
2293 4514 2350 4561 et
2377 4521 2571 4579 regum
2601 4508 2795 4566 edictis
2822 4510 3020 4584 legitur
3043 4522 3305 4571 statutum
3330 4536 3346 4571 :

1754 4588 2195 4667 Redintegranda
2218 4605 2345 4651 sunt
2368 4598 2551 4654 omnia
2574 4600 2888 4670 exspoliatis
2913 4603 2994 4659 vel
3015 4601 3206 4673 ejectis
3233 4606 3350 4677 epi—

1676 4667 1729 4726 Ῑ)
1756 4685 1934 4757 scapis
1952 4726 1967 4752 ,
1997 4686 2417 4756 prmsentialiter
2445 4667 2786 4748 ordinatione
2825 4696 3143 4763 pontiﬁcum
3165 4736 3180 4763 ,
3210 4706 3265 4751 et
3294 4698 3352 4754 in

1758 4793 1944 4833 eorum
1984 4778 2126 4834 unde
2176 4780 2559 4839 abscesserunt
2604 4783 2724 4840 loca
2756 4785 3000 4847 funditus
3045 4794 3350 4848 revocanda

1756 4884 2079 4941 quacunque
2105 4869 2417 4931 conditione
2456 4876 2754 4945 temporis,
2805 4889 2899 4935 aut
2943 4882 3091 4947 dolo,
3135 4891 3229 4937 aut
3265 4899 3355 4940 ca-

1753 4960 2024 5029 ptivitate,
2057 4969 2152 5016 aut
2180 4960 2380 5020 virtute
2413 4963 2681 5035 majorum
2703 5006 2718 5032 ,
2758 4981 2852 5026 aut
2879 4988 2974 5044 per
3003 4987 3359 5045 quascunque

1754 5054 1987 5130 injustas
2008 5074 2225 5125 causas,
2252 5076 2346 5118 res
2372 5062 2632 5120 Ecclesia:
2650 5100 2666 5127 ,
2704 5066 2793 5121 vel
2821 5072 3068 5143 pmprias
3113 5076 3208 5123 aut
3235 5069 3362 5124 sub-

1753 5152 1990 5208 stantias
2010 5168 2137 5208 suas
2150 5152 2462 5224 perdidisse
2481 5165 2787 5213 noscuntur
2799 5173 2925 5221 ante
2939 5159 3364 5228 accusationem,
