3904 5304
549 393 572 444 1
583 391 687 445 007

1569 389 1900 448 HlNCMARl
1939 392 2424 452 LUGDUNENSIS
2462 395 2767 453 EPISCOPI

3658 397 3787 452 £008

543 503 753 600 sublata
791 508 917 556 sunt
956 500 1225 600 restituat.
1273 501 1342 556 Et
1363 501 1436 600 ‘in
1480 503 1597 574 lege
1624 503 1820 600 divina
1872 505 2112 600 legitur:
2142 513 2197 571 Α
2222 532 2452 600 quadam
2478 532 2807 588 tumultuosa
2838 529 3330 600 indiscipunalione
3376 529 3583 584 verius
3601 537 3692 584 es,
3709 544 3789 599 φ

496 613 498 616 ν
546 593 865 648 Maledictus
892 593 1058 646 omnis
1086 593 1174 662 qui
1203 593 1447 663 transfert
1485 595 1734 650 terminos
1759 597 1984 666 proximi
2012 598 2114 663 sui,

543 696 592 739 et
616 685 750 738 dicet
779 684 944 739 omnis
971 683 1212 754 populus,
1239 685 1402 740 Amen
1424 685 1600 756 (Deut.
1631 701 1803 753 xxvn,
1827 687 1938 758 l7).
1967 675 2116 741 Talia

541 790 672 848 ergo
697 791 806 832 non
838 783 1237 847 praesumantur
1277 777 1482 846 absque
1528 776 1764 844 ultione,
1813 791 1916 832 nec
1961 774 2123 834 exer-'

539 876 768 924 ceantur
810 868 1014 938 absque
1063 883 1160 924 sua
1202 869 1565 928 damnatione.
1620 869 1850 938 Pacem,
1899 880 1956 927 et
2008 886 2115 927 non

539 961 796 1015 damnum
819 967 921 1027 aut
947 957 1268 1028 iniustitiam
1303 959 1529 1032 alicujus
1578 961 1856 1017 sectamini
1900 960 1954 1016 in
1983 961 2118 1016 invi-

539 1065 680 1116 cem,
702 1059 758 1106 et
782 1050 839 1106 in
863 1063 1070 1106 omnes.
1094 1050 1390 1108 Veritatem
1414 1061 1594 1109 autem
1622 1051 1882 1110 facientes
1905 1053 1961 1109 in
1987 1053 2118 1109 cha-

538 1141 720 1206 ritate,
749 1153 1056 1196 crescamus
1099 1139 1152 1194 in
1202 1139 1293 1195 illo
1333 1156 1432 1212 per
1472 1142 1674 1208 omnia,
1719 1143 1812 1212 qui
1847 1150 1932 1198 est
1957 1151 2120 1213 caput

537 1232 816 1300 Christus,
856 1247 924 1288 ex
949 1247 1059 1304 quo
1081 1240 1252 1288 totum
1298 1247 1494 1305 corpus
1541 1243 1879 1305 compactum
1905 1241 1962 1290 et
1983 1249 2115 1290 con-

493 1309 498 1383 ί
539 1338 739 1380 nexum
765 1338 890 1396 mer
938 1339 1153 1380 omnem
1198 1324 1508 1394 juncturam
1557 1326 2075 1382 subministrationis
2099 1368 2114 1393 ,

535 1415 832 1472 secundum
859 1416 1228 1488 operationem
1275 1417 1330 1472 in
1356 1432 1666 1473 mensuram
1695 1415 2118 1487 uniuscujusque

536 1507 790 1574 membri,
819 1516 1166 1579 augmentum
1199 1508 1441 1578 corporis
1470 1508 1600 1564 facit
1626 1508 1681 1562 in
1707 1507 2114 1564 aedificationem

534 1600 619 1654 sui
647 1600 701 1654 in
724 1599 1004 1656 charitate.
1053 1601 1130 1657 De
1157 1607 1386 1668 caetero,
1431 1600 1760 1668 cbarissimi,
1783 1602 2030 1673 gaudete,
2063 1609 2118 1657 et

531 1691 761 1760 perfecti
807 1701 1018 1749 estote:
1066 1693 1450 1760 exbortamini,
1487 1693 1630 1749 idem
1675 1694 1877 1764 sapite,
1928 1708 2115 1764 pacem

531 1780 726 1837 habete
751 1823 766 1849 ,
796 1791 854 1838 et
891 1783 1034 1839 Deus
1058 1784 1210 1854 pacis
1252 1792 1308 1840 et
1338 1783 1641 1840 dilectionis
1664 1784 1771 1840 erit
1815 1784 2112 1840 vobiscum.
2184 1809 2187 1814 ν

533 1871 793 1928 Dominus
813 1873 1082 1929 custodiat
1107 1889 1222 1941 vos,
1251 1881 1306 1930 et
1327 1889 1489 1938 nunc,
1516 1882 1571 1929 et
1592 1873 1648 1928 in
1669 1874 1754 1929 die
1775 1875 2110 1931 aeternitatis.
2144 1868 2193 1928 B

531 1964 726 2019 Amen.
759 1963 896 2020 Data
941 1981 998 2020 1x
1038 1962 1264 2021 Kalend.
1306 1963 1550 2032 0ctobr.,
1580 1964 1898 2022 Constantio
1941 1966 2004 2021 V.
2048 1964 2108 2022 C.

528 2067 678 2110 δοκε.
712 2072 734 2107 ι
2051 2071 2054 2075 ’

529 2185 617 2241 Ex
637 2187 858 2258 epistola
876 2184 1160 2259 Zephyrini
1179 2206 1351 2261 papas,
1376 2188 1452 2244 1E
1455 2191 1643 2261 gyptiis
1662 2190 1882 2257 directa,
1904 2206 1994 2260 qut
2013 2189 2112 2259 fuit

903 2261 1132 2315 decimus
1153 2271 1328 2316 sextus
1357 2270 1471 2331 post
1502 2261 1738 2314 Petrum.

507 2387 518 2396 '
598 2377 820 2450 (Epist.)
847 2379 1004 2449 1L):
1046 2377 1360 2434 Nuntiatum
1388 2387 1475 2434 est
1531 2379 1676 2436 enim
1729 2379 1844 2434 sedi
1895 2387 2112 2451 aposto—

527 2469 646 2525 licae
672 2485 770 2541 per
791 2469 1171 2541 apocrisiarios
1200 2479 1434 2536 vestros,
1466 2470 1724 2542 quosdam
1770 2469 1999 2526 fratrum
2020 2486 2116 2526 no-

525 2570 790 2626 strorum,
814 2560 1190 2632 episcoporum
1217 2561 1484 2629 videlicet,
1532 2563 1600 2618 ab
1641 2561 1898 2618 Ecclesiis
1917 2569 1973 2617 et
1996 2577 2117 2632 pro-

524 2651 661 2721 priis
689 2650 907 2708 sedibus
933 2651 1078 2721 pelli,
1133 2667 1336 2722 suaque
1365 2653 1445 2708 eis
1497 2651 1697 2708 auferri
1744 2651 2113 2722 supellectilia,

526 2751 583 2799 et
612 2745 691 2800 sic
735 2745 909 2801 nudos
960 2745 1287 2816 exspoliatos
1333 2745 1403 2801 ad
1447 2745 1650 2815 judicia
1708 2746 1911 2812 vocari,
1961 2746 2106 2817 quod

525 2829 674 2890 omni
697 2834 906 2891 ratione
932 2843 1102 2901 caret,
1127 2851 1249 2891 cum
1295 2838 1585 2892 constituta
1614 2836 1980 2907 apostolorum
2026 2852 2116 2893 eo-

525 2943 757 2999 rumque
781 2943 1180 2996 successorum,
1220 2939 1276 2984 et
1304 2938 1570 3001 prmcepta
1616 2931 2024 3000 imperatorum,
2053 2946 2116 2986 ac

525 3019 942 3090 constitutiones
985 3020 1188 3091 legum,
1219 3021 1272 3075 id
1325 3021 1500 3091 ipsum
1529 3022 1779 3091 habeant,
1813 3030 1867 3078 et
1896 3030 2114 3094 aposto-

526 3112 646 3167 licae
670 3111 814 3167 sedis
835 3113 1134 3168 auctoritas
1155 3113 1210 3168 id
1249 3112 1422 3183 ipsum
1451 3114 1568 3168 lieri
1589 3122 1754 3170 vetet.
1779 3114 2114 3188 Praeceptum

524 3213 610 3259 est
632 3219 761 3275 ergo
790 3205 844 3260 in
870 3206 1107 3276 antiquis
1131 3207 1367 3273 statutis,
1396 3207 1678 3280 episcopos
1706 3207 1929 3278 ejectos,
1954 3218 2117 3280 atque
2143 3232 2190 3297 ο

525 3295 639 3349 suis
665 3295 826 3351 rebus
867 3296 1213 3365 exspoliatos,
1243 3296 1513 3354 Ecclesias
1556 3299 1804 3369 proprias
1845 3300 2109 3370 recipere,

522 3396 586 3464 et.
621 3387 796 3458 primo
823 3404 916 3444 sua
955 3389 1136 3444 omnia
1183 3389 1262 3444 eis
1313 3389 1485 3456 reddi,
1532 3398 1589 3445 et
1633 3399 1748 3446 tum
1794 3391 2033 3458 demum,
2065 3393 2111 3448 si

521 3478 647 3548 quis
675 3491 769 3534 eos
793 3479 938 3549 juste
978 3494 1236 3535 accusare
1285 3479 1536 3547 voluerit,
1564 3496 1718 3551 aequo
1742 3481 1986 3554 periculo
2033 3481 2113 3538 fa-

524 3581 668 3634 cere,
696 3568 908 3639 judices
938 3585 1060 3626 esse
1087 3571 1445 3628 decernentes
1494 3574 1775 3644 episcopos
1826 3583 1975 3630 recta
2021 3589 2109 3630 sa-

523 3660 756 3732 pientes,
783 3669 840 3717 et
878 3661 933 3717 in
959 3661 1204 3719 Ecclesia
1249 3666 1650 3730 convenientes,
1690 3665 1783 3722 ubi
1826 3675 1996 3723 testes
2021 3682 2110 3722 es-

524 3759 648 3806 sent
679 3751 1010 3824 singulorum
1051 3754 1143 3823 qui
1169 3756 1414 3826 oppressi
1441 3757 1804 3813 videbantur:
1831 3773 1933 3814 nec
1959 3759 2112 3830 prius

523 3857 618 3897 eos
652 3844 981 3913 respondere
1006 3844 1222 3911 debere,
1254 3861 1415 3916 quam
1465 3850 1645 3904 omnia
1674 3865 1768 3905 sua
1816 3851 1896 3907 eis
1921 3860 1978 3907 et
2004 3852 2108 3908 Ec-

528 3931 708 3987 clesiis
738 3948 926 3989 eorum
948 3933 1154 4006 legibus
1180 3937 1529 4008 integerrime
1559 3949 1950 3998 restaurentur.
1983 3964 2001 3997 ›

523 4065 640 4144 Exn
652 4065 876 4144 epistola
900 4065 1034 4144 {alii
1068 4085 1243 4144 papae,
1279 4085 1394 4144 qt_ta:
1418 4071 1539 4144 fuit
1585 4073 1832 4144 rescripta
1862 4073 2107 4141 Eusebio,

599 4135 881 4208 Theognio,
903 4135 1196 4204 Theodoro,
1218 4135 1540 4208 ac'Berinto,
1555 4153 1603 4196 et
1634 4135 1844 4208 reliquis
1871 4135 2112 4200 Orienta;

594 4205 1042 4282 libus—episcopis.
1094 4208 1310 4280 culpans
1349 4227 1436 4266 eos
1488 4205 1626 4282 quod
1667 4205 2018 4269 Athanasium
2061 4227 2110 4270 et

597 4274 846 4355 Paulum,
896 4274 1222 4355 ueteresque
1254 4274 1511 4351 sequaces
1525 4299 1726 4349 eorum,
1757 4285 1947 4355 absque
1973 4285 2109 4341 sedis

599 4346 900 4425 apostolica:
927 4346 1167 4403 consultu
1187 4346 1462 4425 damnare,
1489 4362 1536 4406 et
1574 4372 1606 4407 a
1641 4346 1872 4425 propriis
1900 4356 2109 4410 sedibus

594 4416 806 4483 pellere,
819 4426 999 4472 contra
1014 4421 1318 4475 canonicam
1333 4416 1711 4494 praesumpsere
1725 4416 2104 4482 auctoritatem.

2222 640 2407 696 pressa
2447 643 2461 680 :
2513 626 2668 682 vobis
2711 625 2909 696 quippe
2959 622 3496 680 inconsiderantibus
3542 622 3788 692 quapia-

2221 727 2347 773 cent
2375 717 2506 783 Deo,
2527 724 2746 787 propter
2790 716 2966 788 jurgta
3014 730 3136 785 qua:
3173 723 3364 770 contra
3409 713 3695 784 proximos
3715 729 3792 769 ve-

2221 816 2366 864 stros
2395 809 2622 875 habetis,
2657 817 2714 864 et
2738 817 2863 864 vota
2895 819 3071 864 vestra
3094 805 3469 863 inevincibilia
3514 819 3640 862 esse
3675 821 3792 862 con-

2221 901 2461 958 tenditis.
2489 900 2594 957 Sed
2619 901 2726 956 erit
2751 915 2888 972 opus
2909 900 3103 956 divinae
3127 899 3516 970 providentiae,
3546 909 3792 969 quatenus

2219 1001 2276 1049 et
2300 1008 2334 1048 e
2363 992 2636 1049 contrario
2663 1001 2844 1063 aperte
2880 992 3086 1063 possint
3117 991 3402 1057 evacuari,
3452 998 3513 1046 et
3555 991 3792 1062 quidquid

2220 1083 2330 1140 illic
2354 1084 2755 1152 convenientes,
2781 1083 2900 1139 sine
2933 1082 3171 1153 qualibet
3195 1082 3398 1154 gratia,
3429 1082 3565 1138 odio
3594 1090 3687 1137 ant
3707 1082 3793 1137 ini-

2219 1175 2553 1231 micitiarum
2593 1187 2758 1231 causa
2803 1161 3082 1244 gessistis,
3123 1171 3374 1228 funditus
3417 1172 3636 1242 repelli.
3673 1170 3793 1238 Qu-

2219 1276 2444 1338 propter
2470 1279 2594 1321 cum
2615 1264 2763 1320 omni
2795 1263 3138 1320 festinatione
3165 1279 3266 1320 vos
3307 1279 3513 1320 omnes
3541 1263 3614 1319 ad
3657 1262 3794 1331 hujus

2220 1365 2422 1414 sanctae
2441 1357 2585 1413 sedis
2610 1358 2969 1414 reverentiam
3005 1356 3124 1412 volo
3151 1372 3519 1423 concurrere,
3551 1366 3793 1428 quatenas

2218 1457 2498 1520 gestorum
2535 1450 2676 1520 apud
2707 1465 2800 1506 vos
2821 1449 3187 1521 integritatem
3233 1463 3335 1519 per
3364 1465 3470 1506 vos
3512 1449 3662 1519 ipsos
3689 1465 3793 1520 pus-

2220 1539 2339 1596 sitts
2359 1540 2664 1596 ostendere.
2713 1539 2848 1596 Nam
2891 1555 2992 1596 nec
3019 1540 3267 1596 dubitare
3287 1555 3392 1596 vos
3438 1539 3614 1596 credo
3653 1539 3792 1594 Atha-

2219 1631 2456 1698 nasium,
2484 1647 2656 1688 sacrae
2699 1629 2833 1703 legis
2864 1633 3162 1698 doctorem,
3192 1647 3303 1688 non
3355 1631 3543 1688 solum
3582 1646 3614 1686 a
3643 1631 3791 1694 nobis,

2220 1721 2315 1777 sed
2343 1722 2511 1777 etiam
2535 1737 2567 1776 a
2596 1721 2811 1778 Nicaeus
2835 1723 3043 1795 synodo
3069 1737 3216 1779 verae
3238 1722 3370 1778 ﬁdei
3409 1721 3679 1778 cultorem
3696 1737 3794 1777 esse

2222 1813 2631 1883 comprobatum
2656 1829 2670 1867 :
2701 1813 2794 1884 qui
2822 1814 3030 1870 defecto
3053 1813 3370 1870 Alexandro
3401 1812 3648 1868 mirabili
3665 1829 3789 1875 sae,

2221 1907 2313 1977 qui
2349 1907 2462 1962 Arii
2513 1915 2881 1978 prostraverat
2931 1908 3296 1981 blasphemias
3326 1949 3343 1974 ,
3401 1915 3537 1980 post
3583 1907 3788 1979 quinque

2215 2014 2430 2056 menses
2474 1998 2676 2056 Nicaeni
2731 2000 2969 2067 concilii,
3017 2000 3524 2056 Alexandrinam
3566 1999 3789 2055 Bedes:

2217 2093 2454 2164 suscepit
2475 2093 2846 2163 praesulatum.
2884 2093 3158 2149 Adversus
3179 2107 3348 2164 quem
3376 2091 3615 2162 ejusque
3640 2100 3788 2146 secta-

2219 2191 2364 2240 tores
2384 2182 2554 2240 multa
2575 2185 2856 2242 mendacia
2881 2193 3150 2250 texentes,
3195 2191 3253 2240 et
3299 2181 3482 2238 nudas
3530 2181 3690 2236 valde
3725 2196 3788 2236 ca-

2217 2274 2453 2331 lumnias
2509 2276 2664 2346 quasi
2720 2289 2879 2332 veras
2944 2274 3323 2331 accusationes
3379 2283 3785 2344 componentes,

2217 2366 2508 2424 multorum
2555 2366 2823 2424 malorum
2848 2381 2971 2422 eum
2996 2380 3217 2422 causam
3245 2372 3304 2420 et
3326 2373 3498 2436 caput
3539 2378 3661 2420 esse
3686 2379 3785 2434 pa-

2217 2459 2508 2516 hibuistis:
2539 2467 2595 2514 et
2638 2473 2746 2515 non
2772 2459 2944 2515 solum
2969 2457 3111 2529 apud
3157 2454 3462 2529 Egyptum
3508 2455 3607 2512 sed
3651 2455 3788 2510 etiam

2220 2553 2362 2624 apud
2391 2551 2749 2619 Palaestinam,
2779 2559 2835 2607 et
2879 2549 3212 2616 Phoenicem,
3253 2550 3574 2619 vicinasque
3601 2557 3786 2621 genta.

2220 2643 2436 2712 scriptis
2447 2641 2807 2698 vestrisillum
2825 2641 3258 2712 perturbatorem
3284 2655 3410 2696 esse
3437 2639 3784 2712 signiﬁcatis

2220 2733 2336 2802 Qua
2366 2734 2432 2789 de
2471 2749 2549 2799 re,
2605 2731 3025 2789 ecclesiasticam
3052 2739 3347 2802 sequentes
3397 2730 3668 2802 regulam,
3711 2747 3789 2786 τε

2219 2835 2275 2882 ct
2303 2825 2422 2881 illos
2450 2824 2639 2881 Romae
2663 2824 2981 2897 regulariter
3021 2824 3088 2879 ad
3138 2822 3409 2893 judicium
3459 2823 3551 2878 die
3583 2832 3784 2883 statuta

2220 2931 2328 2972 non
2381 2916 2481 2971 sub
2512 2923 2739 2986 angusto
2771 2913 3028 2984 temporis
3074 2913 3271 2984 spatio,
3303 2922 3366 2967 ut
3413 2913 3698 2971 excusatio
3720 2915 3784 2970 lo-

2220 3022 2342 3062 cum
2370 3020 2480 3061 non
2525 3004 2813 3071 inveniret,
2859 3001 3055 3060 litteris
3077 3011 3135 3058 et
3163 3002 3542 3075 apocrisiariis
3562 2996 3782 3060 evocavi?

2219 3100 2361 3163 miis,
2390 3096 2573 3168 illique
2593 3096 2875 3153 vocatione
2900 3104 3151 3167 suscepta
3173 3095 3240 3150 ad
3271 3095 3420 3152 diem
3442 3097 3784 3168 praestitutum

2221 3203 2420 3244 venere
2447 3206 2460 3252 ;
2489 3188 2585 3244 sed
2611 3204 2728 3255 vos,
2780 3205 2847 3245 ne
2879 3188 3075 3244 vestris
3101 3186 3407 3244 mendaciis
3455 3188 3780 3260 caperemini.

2220 3291 2520 3354 vestraeque
2563 3282 2848 3338 calumniae
2893 3281 3245 3346 nudarentur,
3281 3281 3475 3338 venire
3505 3280 3781 3337 distulistis.

2215 3373 2328 3429 Nec
2353 3373 2438 3428 bis
2467 3372 2963 3429 machinationibus
2983 3371 3325 3430 solummodo
3351 3376 3600 3430 contenti
3636 3371 3778 3427 estis:

2215 3464 2310 3520 sed
2335 3463 2524 3530 etiam,
2553 3461 2799 3518 videntes
2836 3476 2966 3518 oves
3000 3462 3317 3533 pastoribus
3338 3461 3637 3528 desolatas,
3654 3459 3779 3533 lupos

2212 3573 2311 3631 pro
2327 3557 2636 3631 pastoribus
2655 3571 2816 3628 super
2829 3571 2922 3613 eas
2938 3557 3217 3628 posuistis.
3234 3557 3510 3614 Decuerat
3524 3573 3653 3628 ergo
3664 3560 3720 3607 ut
3733 3555 3786 3607 ad

2215 3650 2520 3723 regularem
2539 3649 2798 3705 veniretis
2816 3647 3281 3714 convocationem,
3307 3647 3551 3718 qualiter
3570 3646 3637 3702 de
3651 3639 3781 3696 'hisﬂ

2213 3744 2282 3799 de
2300 3742 2421 3798 aliis
2447 3739 2644 3798 vestris
2660 3739 3168 3810 praesumptionibus
3193 3752 3380 3795 veram
3401 3739 3700 3796 reddes-etis
3717 3751 3778 3789 ra-

2215 3837 2436 3902 tionem,
2459 3835 2716 3906 quoniam
2743 3841 3054 3890 occurreret
3079 3832 3286 3889 veritas
3312 3832 3359 3888 si
3385 3830 3601 3888 falsitas
3627 3827 3778 3900 displi-

2213 3933 2380 3992 ceret,
2407 3932 2463 3980 et
2477 3924 2654 3980 nullus
2675 3925 2904 3992 dubitat,
2920 3925 3061 3996 quod
3078 3923 3152 3978 ita
3169 3922 3438 3996 judicium
3460 3937 3660 3977 nocens
3679 3919 3779 3975 sub-

2213 4019 2451 4090 terfugit,
2469 4016 2920 4089 quemadmodum
2943 4030 3068 4072 eum
3088 4031 3294 4072 nocens
3313 4023 3368 4070 ut
3393 4013 3700 4070 absolvatur
3713 4025 3777 4064 re-

2212 4111 2398 4181 quirit.
2425 4106 2536 4166 Nec
2559 4108 2864 4182 suspicione
2884 4114 3057 4173 caret,
3090 4107 3186 4177 qui
3215 4105 3379 4160 alium
3400 4103 3683 4160 calumniis
3705 4102 3775 4154 ὼ

2216 4212 2386 4276 rogat,
2419 4202 2556 4261 falsa
2585 4203 2807 4270 dixisse,
2833 4219 2956 4260 cum
2976 4204 3094 4273 ipse
3119 4204 3189 4258 ad
3217 4200 3486 4273 judicium
3517 4208 3581 4254 ut
3611 4197 3774 4268 probet

2215 4311 2334 4366 qua:
2361 4294 2542 4350 intulit
2573 4303 2831 4351 evocatus
2857 4292 3044 4352 venire
3070 4291 3367 4348 distulerit.
3417 4287 3627 4346 Vellem
3657 4287 3770 4342 enim

2213 4405 2309 4444 vos
2335 4388 2509 4460 magis
2535 4388 2602 4445 ad
2619 4387 2733 4458 jam
2762 4387 2963 4444 dictam
2990 4385 3312 4442 canonicam
3359 4383 3656 4440 convenire
3701 4395 3770 4431 ve-

2211 4479 2501 4548 cationem,
2548 4487 2608 4534 ut
2658 4493 2844 4536 coram
2884 4476 3176 4534 universali
3218 4474 3453 4533 concilio
3499 4473 3768 4530 reddet-etis

575 4553 615 4635 '(
621 4551 791 4624 Epist.
800 4554 904 4657 ﬁl,
931 4553 1000 4608 ad
1022 4555 1358 4628 Orientales.)
1389 4575 1408 4608 ‹
1439 4529 1705 4614 Decuerat
1727 4575 1824 4616 vos
1852 4561 2112 4619 adversus
2137 4597 2188 4657 Β
2215 4529 2501 4634 rationem:
2529 4583 2628 4624 cur
2666 4568 2926 4640 synodum
2955 4567 3025 4622 ad
3082 4575 3286 4623 statum
3334 4564 3695 4622 Ecclesiarum
3730 4571 3768 4611 rt

420 4634 442 4689 ς’
523 4634 770 4700 sanctam
800 4642 1098 4700 Romanam
1137 4655 1192 4700 et
1221 4647 1572 4716 apostolicam
1601 4649 1895 4706 Ecclesium
1925 4651 2110 4708 limate

528 4744 584 4790 et
610 4750 716 4789 non
745 4735 952 4791 ironice
971 4736 1138 4807 loqui,
1170 4738 1425 4807 quoniam
1471 4748 1525 4794 et
1572 4740 1687 4809 ipse
1730 4741 1988 4797 Dominus
2014 4758 2108 4799 no-

526 4839 638 4886 ster
657 4831 815 4890 Jesus
836 4831 1084 4888 Christus
1118 4847 1238 4889 eam
1269 4833 1526 4891 decenter
1553 4834 1814 4892 allocutus
1865 4837 1977 4892 ait:
2030 4836 2108 4891 Tu

500 4935 600 4988 es,
633 4922 827 4992 inquit,
861 4920 1072 4989 Petrus,
1120 4935 1166 4978 et
1207 4941 1362 4995 super
1400 4927 1536 4980 hanc
1587 4935 1788 4997 petram
1835 4927 2106 4997 wdiﬁcabo

522 5009 818 5066 Ecclesium
847 5014 1057 5079 meam;
1100 5023 1147 5068 et
1205 5025 1367 5084 porta:
1402 5015 1559 5085 inferi
1607 5033 1712 5071 non
1757 5015 2106 5088 praevalebunt

525 5103 777 5156 adversus
832 5121 968 5156 eam.
1015 5105 1082 5156 Εἰ
1133 5107 1225 5156 tibi
1271 5107 1406 5156 dab;
1456 5108 1622 5156 claues
1673 5110 1816 5156 mani
1858 5109 2105 5156 cmlnrum

2214 4659 2443 4715 fratrum
2472 4659 2528 4715 in
2555 4658 2836 4715 Antiochia
2864 4659 3308 4724 subvertendum,
3332 4666 3391 4713 et
3438 4656 3642 4712 Nicani
3678 4670 3766 4708 nn-

2213 4749 2304 4822 gni
2338 4749 2554 4807 concilii
2583 4749 3008 4806 destructionem
3058 4748 3285 4815 fecistis,
3345 4757 3446 4803 aut
3498 4764 3594 4803 cur
3643 4747 3766 4800 noti:

2213 4840 2550 4905 inconsultis,
2581 4840 2861 4912 episcopos
2886 4841 2939 4896 in
2965 4856 3088 4896 eam
3111 4840 3482 4907 convocastis,
3523 4839 3592 4894 ad
3634 4852 3766 4908 quant

2212 4947 2313 4988 nec
2357 4930 2623 4987 Maximus
2653 4930 3172 5003 Hierosolymitanus
3222 4931 3396 4998 venit,
3457 4945 3564 4986 nec
3612 4937 3762 4985 nostra

2214 5021 2459 5080 interfuit
2509 5022 2728 5096 legatio,
2780 5023 3075 5079 canonibus
3129 5021 3329 5093 quippe
3364 5020 3420 5075 in
3475 5020 3679 5077 Nitrata
3701 5032 3764 5082 δῖ’

2213 5115 2354 5156 nndn
2401 5113 2710 5156 inhnntihne
2814 5129 2920 5152 nnn
2975 5112 3173 5152 dabam
3217 5122 3424 5156 ιιι-τριαι-
3477 5111 3760 5156 munitm
