  <div class='ocr_page' id='page_1' title='image "/cluster/home/n/w/nwhite01/storage/ocr_20150623/124/hvd.32044011218096/510.png"; bbox 0 0 3904 5304; ppageno 0'>
   <div class='ocr_carea' id='block_1_1' title="bbox 100 457 1651 522">
    <p class='ocr_par' dir='ltr' id='par_1_1' title="bbox 100 457 1638 518">
     <span class='ocr_line' id='line_1_1' title="bbox 100 457 1638 518; baseline -0.004 0"><span class='ocrx_word' id='word_1_1' title='bbox 100 461 236 518; x_wconf 85' lang='grc'>1009</span> <span class='ocrx_word' id='word_1_2' title='bbox 1272 457 1638 517; x_wconf 87' lang='lat' dir='ltr'><strong>OPUSCULA</strong></span> 
     </span>
    </p>
   </div>
   <div class='ocr_carea' id='block_1_2' title="bbox 1755 457 3366 522">
    <p class='ocr_par' dir='ltr' id='par_1_2' title="bbox 1755 457 3366 522">
     <span class='ocr_line' id='line_1_2' title="bbox 1755 457 3366 522; baseline 0.006 -10"><span class='ocrx_word' id='word_1_3' title='bbox 1755 457 1770 512; x_wconf 77' lang='lat' dir='ltr'><strong>l‘</strong></span> <span class='ocrx_word' id='word_1_4' title='bbox 1808 457 2192 516; x_wconf 64' lang='lat' dir='ltr'><strong>EPISTOLIE.</strong></span> <span class='ocrx_word' id='word_1_5' title='bbox 3227 467 3366 522; x_wconf 85' lang='grc'><strong>1010</strong></span> 
     </span>
    </p>
   </div>
   <div class='ocr_carea' id='block_1_3' title="bbox 94 573 3366 651">
    <p class='ocr_par' dir='ltr' id='par_1_3' title="bbox 94 573 3366 651">
     <span class='ocr_line' id='line_1_3' title="bbox 94 573 3366 651; baseline 0.001 -20"><span class='ocrx_word' id='word_1_6' title='bbox 94 579 249 651; x_wconf 88' lang='lat' dir='ltr'><strong>plena</strong></span> <span class='ocrx_word' id='word_1_7' title='bbox 273 573 536 642; x_wconf 80' lang='lat' dir='ltr'><strong>referunt,</strong></span> <span class='ocrx_word' id='word_1_8' title='bbox 564 584 880 630; x_wconf 88' lang='lat' dir='ltr'><strong>accusantes</strong></span> <span class='ocrx_word' id='word_1_9' title='bbox 911 590 1006 630; x_wconf 82' lang='lat' dir='ltr'><strong>vos</strong></span> <span class='ocrx_word' id='word_1_10' title='bbox 1034 584 1090 630; x_wconf 91' lang='lat' dir='ltr'><strong>et</strong></span> <span class='ocrx_word' id='word_1_11' title='bbox 1115 576 1359 631; x_wconf 89' lang='lat' dir='ltr'><strong>dicentes</strong></span> <span class='ocrx_word' id='word_1_12' title='bbox 1410 573 1578 629; x_wconf 89' lang='lat' dir='ltr'><strong>multa</strong></span> <span class='ocrx_word' id='word_1_13' title='bbox 1609 588 1668 628; x_wconf 86' lang='lat' dir='ltr'><strong>se</strong></span> <span class='ocrx_word' id='word_1_14' title='bbox 1695 577 1929 642; x_wconf 81' lang='lat' dir='ltr'><strong>Atiam,</strong></span> <span class='ocrx_word' id='word_1_15' title='bbox 1983 584 2039 631; x_wconf 92' lang='lat' dir='ltr'><strong>et</strong></span> <span class='ocrx_word' id='word_1_16' title='bbox 2075 585 2141 631; x_wconf 82' lang='lat' dir='ltr'><strong>de</strong></span> <span class='ocrx_word' id='word_1_17' title='bbox 2195 583 2393 630; x_wconf 61' lang='lat' dir='ltr'><strong>cetero</strong></span> <span class='ocrx_word' id='word_1_18' title='bbox 2444 590 2550 630; x_wconf 89' lang='lat' dir='ltr'><strong>non</strong></span> <span class='ocrx_word' id='word_1_19' title='bbox 2599 575 2722 630; x_wconf 85' lang='lat' dir='ltr'><strong>talia</strong></span> <span class='ocrx_word' id='word_1_20' title='bbox 2765 591 2888 632; x_wconf 87' lang='lat' dir='ltr'><strong>esse</strong></span> <span class='ocrx_word' id='word_1_21' title='bbox 2940 592 3215 648; x_wconf 82' lang='lat' dir='ltr'><strong>passuros.</strong></span> <span class='ocrx_word' id='word_1_22' title='bbox 3267 578 3366 636; x_wconf 87' lang='lat' dir='ltr'><strong>Est</strong></span> 
     </span>
    </p>
   </div>
   <div class='ocr_carea' id='block_1_4' title="bbox 94 663 3367 740">
    <p class='ocr_par' dir='ltr' id='par_1_4' title="bbox 94 663 3367 740">
     <span class='ocr_line' id='line_1_4' title="bbox 94 663 3367 740; baseline -0.001 -11"><span class='ocrx_word' id='word_1_23' title='bbox 94 665 457 737; x_wconf 84' lang='lat' dir='ltr'><strong>importabilia</strong></span> <span class='ocrx_word' id='word_1_24' title='bbox 485 681 519 721; x_wconf 92' lang='lat' dir='ltr'><strong>a</strong></span> <span class='ocrx_word' id='word_1_25' title='bbox 565 663 718 722; x_wconf 88' lang='lat' dir='ltr'><strong>vobis</strong></span> <span class='ocrx_word' id='word_1_26' title='bbox 767 679 888 722; x_wconf 89' lang='lat' dir='ltr'><strong>esse</strong></span> <span class='ocrx_word' id='word_1_27' title='bbox 938 680 1146 736; x_wconf 88' lang='lat' dir='ltr'><strong>passos.</strong></span> <span class='ocrx_word' id='word_1_28' title='bbox 1205 667 1314 722; x_wconf 77' lang='lat' dir='ltr'><strong>Vos</strong></span> <span class='ocrx_word' id='word_1_29' title='bbox 1361 680 1490 737; x_wconf 84' lang='lat' dir='ltr'><strong>ergo</strong></span> <span class='ocrx_word' id='word_1_30' title='bbox 1535 665 1680 720; x_wconf 74' lang='lat' dir='ltr'><strong>refu-</strong></span> <span class='ocrx_word' id='word_1_31' title='bbox 1782 673 1985 730; x_wconf 87' lang='lat' dir='ltr'><strong>etenim</strong></span> <span class='ocrx_word' id='word_1_32' title='bbox 2013 671 2071 725; x_wconf 92' lang='lat' dir='ltr'><strong>in</strong></span> <span class='ocrx_word' id='word_1_33' title='bbox 2097 667 2337 740; x_wconf 74' lang='lat' dir='ltr'><strong>antiquis</strong></span> <span class='ocrx_word' id='word_1_34' title='bbox 2384 667 2640 724; x_wconf 78' lang='lat' dir='ltr'><strong>Ecclesia:</strong></span> <span class='ocrx_word' id='word_1_35' title='bbox 2693 669 2913 726; x_wconf 89' lang='lat' dir='ltr'><strong>statutis</strong></span> <span class='ocrx_word' id='word_1_36' title='bbox 2957 671 3258 738; x_wconf 88' lang='lat' dir='ltr'><strong>decretum,</strong></span> <span class='ocrx_word' id='word_1_37' title='bbox 3306 680 3367 727; x_wconf 91' lang='lat' dir='ltr'><strong>ut</strong></span> 
     </span>
    </p>
   </div>
   <div class='ocr_carea' id='block_1_5' title="bbox 93 756 3365 840">
    <p class='ocr_par' dir='ltr' id='par_1_5' title="bbox 93 756 3365 840">
     <span class='ocr_line' id='line_1_5' title="bbox 93 756 3365 840; baseline 0.004 -30"><span class='ocrx_word' id='word_1_38' title='bbox 93 760 300 831; x_wconf 73' lang='lat' dir='ltr'><strong>gicntes</strong></span> <span class='ocrx_word' id='word_1_39' title='bbox 327 758 536 824; x_wconf 85' lang='lat' dir='ltr'><strong>venire,</strong></span> <span class='ocrx_word' id='word_1_40' title='bbox 581 756 809 828; x_wconf 91' lang='lat' dir='ltr'><strong>illosque</strong></span> <span class='ocrx_word' id='word_1_41' title='bbox 852 766 1264 840; x_wconf 86' lang='lat' dir='ltr'><strong>perseverantes</strong></span> <span class='ocrx_word' id='word_1_42' title='bbox 1311 759 1365 813; x_wconf 91' lang='lat' dir='ltr'><strong>in</strong></span> <span class='ocrx_word' id='word_1_43' title='bbox 1412 773 1542 815; x_wconf 85' lang='lat' dir='ltr'><strong>vera</strong></span> <span class='ocrx_word' id='word_1_44' title='bbox 1593 774 1680 814; x_wconf 88' lang='lat' dir='ltr'><strong>ra-</strong></span> <span class='ocrx_word' id='word_1_45' title='bbox 1779 769 1873 840; x_wconf 85' lang='lat' dir='ltr'><strong>qui</strong></span> <span class='ocrx_word' id='word_1_46' title='bbox 1921 767 2095 822; x_wconf 89' lang='lat' dir='ltr'><strong>aliena</strong></span> <span class='ocrx_word' id='word_1_47' title='bbox 2143 764 2348 820; x_wconf 86' lang='lat' dir='ltr'><strong>invadit</strong></span> <span class='ocrx_word' id='word_1_48' title='bbox 2393 779 2501 821; x_wconf 90' lang='lat' dir='ltr'><strong>non</strong></span> <span class='ocrx_word' id='word_1_49' title='bbox 2541 774 2699 821; x_wconf 77' lang='lat' dir='ltr'><strong>exeat</strong></span> <span class='ocrx_word' id='word_1_50' title='bbox 2739 767 3052 838; x_wconf 92' lang='lat' dir='ltr'><strong>impunitus,</strong></span> <span class='ocrx_word' id='word_1_51' title='bbox 3105 769 3200 824; x_wconf 89' lang='lat' dir='ltr'><strong>sed</strong></span> <span class='ocrx_word' id='word_1_52' title='bbox 3238 783 3365 825; x_wconf 86' lang='lat' dir='ltr'><strong>cum</strong></span> 
     </span>
    </p>
   </div>
   <div class='ocr_carea' id='block_1_6' title="bbox 93 850 3367 930">
    <p class='ocr_par' dir='ltr' id='par_1_6' title="bbox 93 850 3367 930">
     <span class='ocr_line' id='line_1_6' title="bbox 93 850 3367 930; baseline 0.002 -22"><span class='ocrx_word' id='word_1_53' title='bbox 93 853 254 917; x_wconf 87' lang='lat' dir='ltr'><strong>tione,</strong></span> <span class='ocrx_word' id='word_1_54' title='bbox 281 865 522 922; x_wconf 90' lang='lat' dir='ltr'><strong>suasque</strong></span> <span class='ocrx_word' id='word_1_55' title='bbox 545 850 844 907; x_wconf 87' lang='lat' dir='ltr'><strong>calumnias</strong></span> <span class='ocrx_word' id='word_1_56' title='bbox 874 851 1257 917; x_wconf 90' lang='lat' dir='ltr'><strong>reclamantes,</strong></span> <span class='ocrx_word' id='word_1_57' title='bbox 1299 865 1462 922; x_wconf 85' lang='lat' dir='ltr'><strong>super</strong></span> <span class='ocrx_word' id='word_1_58' title='bbox 1483 851 1679 922; x_wconf 89' lang='lat' dir='ltr'><strong>quibus</strong></span> <span class='ocrx_word' id='word_1_59' title='bbox 1777 855 2232 928; x_wconf 83' lang='lat' dir='ltr'><strong>multiplicatione</strong></span> <span class='ocrx_word' id='word_1_60' title='bbox 2297 855 2568 911; x_wconf 88' lang='lat' dir='ltr'><strong>restituat.</strong></span> <span class='ocrx_word' id='word_1_61' title='bbox 2629 853 2779 912; x_wconf 90' lang='lat' dir='ltr'><strong>Unde</strong></span> <span class='ocrx_word' id='word_1_62' title='bbox 2833 865 2887 912; x_wconf 89' lang='lat' dir='ltr'><strong>et</strong></span> <span class='ocrx_word' id='word_1_63' title='bbox 2951 858 3004 912; x_wconf 91' lang='lat' dir='ltr'><strong>in</strong></span> <span class='ocrx_word' id='word_1_64' title='bbox 3073 858 3367 930; x_wconf 89' lang='lat' dir='ltr'><strong>Evangelio</strong></span> 
     </span>
    </p>
   </div>
   <div class='ocr_carea' id='block_1_7' title="bbox 88 939 1679 1014">
    <p class='ocr_par' dir='ltr' id='par_1_7' title="bbox 88 939 1679 1014">
     <span class='ocr_line' id='line_1_7' title="bbox 88 939 1679 1014; baseline 0 -16"><span class='ocrx_word' id='word_1_65' title='bbox 88 951 142 998; x_wconf 90' lang='lat' dir='ltr'><strong>et</strong></span> <span class='ocrx_word' id='word_1_66' title='bbox 165 939 548 1014; x_wconf 66' lang='lat' dir='ltr'><strong>Egyptiorum</strong></span> <span class='ocrx_word' id='word_1_67' title='bbox 575 941 815 1014; x_wconf 86' lang='lat' dir='ltr'><strong>episcopi</strong></span> <span class='ocrx_word' id='word_1_68' title='bbox 844 941 1041 998; x_wconf 85' lang='lat' dir='ltr'><strong>litteris</strong></span> <span class='ocrx_word' id='word_1_69' title='bbox 1068 943 1226 998; x_wconf 89' lang='lat' dir='ltr'><strong>nobis</strong></span> <span class='ocrx_word' id='word_1_70' title='bbox 1280 943 1463 998; x_wconf 89' lang='lat' dir='ltr'><strong>missis</strong></span> <span class='ocrx_word' id='word_1_71' title='bbox 1495 950 1679 1012; x_wconf 87' lang='lat' dir='ltr'><strong>prote-</strong></span> 
     </span>
    </p>
   </div>
   <div class='ocr_carea' id='block_1_8' title="bbox 89 1030 1676 1102">
    <p class='ocr_par' dir='ltr' id='par_1_8' title="bbox 89 1030 1676 1102">
     <span class='ocr_line' id='line_1_8' title="bbox 89 1030 1676 1102; baseline -0.001 -14"><span class='ocrx_word' id='word_1_72' title='bbox 89 1038 298 1088; x_wconf 91' lang='lat' dir='ltr'><strong>stantur</strong></span> <span class='ocrx_word' id='word_1_73' title='bbox 351 1032 487 1099; x_wconf 87' lang='lat' dir='ltr'><strong>suis,</strong></span> <span class='ocrx_word' id='word_1_74' title='bbox 534 1030 669 1088; x_wconf 76' lang='lat' dir='ltr'><strong>falsa</strong></span> <span class='ocrx_word' id='word_1_75' title='bbox 724 1046 844 1089; x_wconf 91' lang='lat' dir='ltr'><strong>esse</strong></span> <span class='ocrx_word' id='word_1_76' title='bbox 901 1047 1020 1102; x_wconf 80' lang='lat' dir='ltr'><strong>quae</strong></span> <span class='ocrx_word' id='word_1_77' title='bbox 1072 1039 1266 1089; x_wconf 90' lang='lat' dir='ltr'><strong>contra</strong></span> <span class='ocrx_word' id='word_1_78' title='bbox 1318 1031 1676 1088; x_wconf 81' lang='lat' dir='ltr'><strong>Athanasium</strong></span> 
     </span>
    </p>
   </div>
   <div class='ocr_carea' id='block_1_9' title="bbox 87 1123 1674 1195">
    <p class='ocr_par' dir='ltr' id='par_1_9' title="bbox 87 1123 1674 1195">
     <span class='ocr_line' id='line_1_9' title="bbox 87 1123 1674 1195; baseline -0.001 -17"><span class='ocrx_word' id='word_1_79' title='bbox 87 1137 320 1195; x_wconf 89' lang='lat' dir='ltr'><strong>suosque</strong></span> <span class='ocrx_word' id='word_1_80' title='bbox 370 1131 669 1180; x_wconf 84' lang='lat' dir='ltr'><strong>seetatores</strong></span> <span class='ocrx_word' id='word_1_81' title='bbox 698 1123 1109 1189; x_wconf 88' lang='lat' dir='ltr'><strong>machinantur,</strong></span> <span class='ocrx_word' id='word_1_82' title='bbox 1161 1131 1466 1195; x_wconf 87' lang='lat' dir='ltr'><strong>cunctaque</strong></span> <span class='ocrx_word' id='word_1_83' title='bbox 1514 1123 1674 1179; x_wconf 83' lang='lat' dir='ltr'><strong>Aria-</strong></span> 
     </span>
    </p>
   </div>
   <div class='ocr_carea' id='block_1_10' title="bbox 1773 1037 3361 1116">
    <p class='ocr_par' dir='ltr' id='par_1_10' title="bbox 1773 1037 3361 1116">
     <span class='ocr_line' id='line_1_10' title="bbox 1773 1037 3361 1116; baseline 0.003 -20"><span class='ocrx_word' id='word_1_84' title='bbox 1773 1039 2132 1113; x_wconf 81' lang='lat' dir='ltr'><strong>quadruptum</strong></span> <span class='ocrx_word' id='word_1_85' title='bbox 2177 1037 2331 1111; x_wconf 85' lang='lat' dir='ltr'><strong>(Luc.</strong></span> <span class='ocrx_word' id='word_1_86' title='bbox 2354 1055 2469 1105; x_wconf 76' lang='lat' dir='ltr'><strong>xu,</strong></span> <span class='ocrx_word' id='word_1_87' title='bbox 2491 1039 2567 1112; x_wconf 91' lang='lat'><strong>8).</strong></span> <span class='ocrx_word' id='word_1_88' title='bbox 2614 1039 2673 1096; x_wconf 91' lang='lat' dir='ltr'><strong>ln</strong></span> <span class='ocrx_word' id='word_1_89' title='bbox 2718 1041 2836 1112; x_wconf 83' lang='lat' dir='ltr'><strong>lege</strong></span> <span class='ocrx_word' id='word_1_90' title='bbox 2877 1059 3091 1116; x_wconf 84' lang='lat' dir='ltr'><strong>quoque</strong></span> <span class='ocrx_word' id='word_1_91' title='bbox 3141 1054 3361 1100; x_wconf 88' lang='lat' dir='ltr'><strong>cantum</strong></span> 
     </span>
    </p>
   </div>
   <div class='ocr_carea' id='block_1_11' title="bbox 1775 1131 3362 1210">
    <p class='ocr_par' dir='ltr' id='par_1_11' title="bbox 1775 1131 3362 1210">
     <span class='ocr_line' id='line_1_11' title="bbox 1775 1131 3362 1210; baseline 0.002 -20"><span class='ocrx_word' id='word_1_92' title='bbox 1775 1141 1896 1190; x_wconf 86' lang='lat' dir='ltr'><strong>est:</strong></span> <span class='ocrx_word' id='word_1_93' title='bbox 1929 1131 2244 1188; x_wconf 77' lang='lat' dir='ltr'><strong>Matedictus</strong></span> <span class='ocrx_word' id='word_1_94' title='bbox 2267 1132 2435 1187; x_wconf 86' lang='lat' dir='ltr'><strong>omnis</strong></span> <span class='ocrx_word' id='word_1_95' title='bbox 2463 1133 2552 1201; x_wconf 80' lang='lat' dir='ltr'><strong>qui</strong></span> <span class='ocrx_word' id='word_1_96' title='bbox 2577 1135 2827 1204; x_wconf 76' lang='lat' dir='ltr'><strong>transfert</strong></span> <span class='ocrx_word' id='word_1_97' title='bbox 2846 1137 3093 1192; x_wconf 80' lang='lat' dir='ltr'><strong>terminos</strong></span> <span class='ocrx_word' id='word_1_98' title='bbox 3131 1139 3362 1210; x_wconf 76' lang='lat' dir='ltr'><strong>proximi</strong></span> 
     </span>
    </p>
   </div>
   <div class='ocr_carea' id='block_1_12' title="bbox 1777 947 3474 1021">
    <p class='ocr_par' dir='ltr' id='par_1_12' title="bbox 1777 947 3474 1021">
     <span class='ocr_line' id='line_1_12' title="bbox 1777 947 3474 1021; baseline 0.001 -14"><span class='ocrx_word' id='word_1_99' title='bbox 1777 951 2063 1020; x_wconf 83' lang='lat' dir='ltr'><strong>scriptum</strong></span> <span class='ocrx_word' id='word_1_100' title='bbox 2091 955 2194 1005; x_wconf 89' lang='lat' dir='ltr'><strong>est.</strong></span> <span class='ocrx_word' id='word_1_101' title='bbox 2248 947 2403 1014; x_wconf 83' lang='lat' dir='ltr'><strong>Quod</strong></span> <span class='ocrx_word' id='word_1_102' title='bbox 2450 949 2496 1002; x_wconf 84' lang='lat' dir='ltr'><strong>si</strong></span> <span class='ocrx_word' id='word_1_103' title='bbox 2541 947 2741 1020; x_wconf 82' lang='lat' dir='ltr'><strong>aliquid</strong></span> <span class='ocrx_word' id='word_1_104' title='bbox 2785 950 3097 1021; x_wconf 77' lang='lat' dir='ltr'><strong>defraudaui</strong></span> <span class='ocrx_word' id='word_1_105' title='bbox 3129 993 3145 1018; x_wconf 91' lang='lat'><strong>,</strong></span> <span class='ocrx_word' id='word_1_106' title='bbox 3201 952 3364 1008; x_wconf 84' lang='lat' dir='ltr'><strong>reddo</strong></span> <span class='ocrx_word' id='word_1_107' title='bbox 3469 964 3474 968; x_wconf 89' lang='lat'>&#39;</span> 
     </span>
    </p>
   </div>
   <div class='ocr_carea' id='block_1_13' title="bbox 85 1215 1675 1288">
    <p class='ocr_par' dir='ltr' id='par_1_13' title="bbox 85 1215 1675 1288">
     <span class='ocr_line' id='line_1_13' title="bbox 85 1215 1675 1288; baseline 0 -17"><span class='ocrx_word' id='word_1_108' title='bbox 85 1231 277 1273; x_wconf 89' lang='lat' dir='ltr'><strong>norum</strong></span> <span class='ocrx_word' id='word_1_109' title='bbox 351 1215 664 1272; x_wconf 86' lang='lat' dir='ltr'><strong>machinata</strong></span> <span class='ocrx_word' id='word_1_110' title='bbox 721 1216 1094 1288; x_wconf 88' lang='lat' dir='ltr'><strong>blasphemiis.</strong></span> <span class='ocrx_word' id='word_1_111' title='bbox 1160 1217 1381 1274; x_wconf 89' lang='lat' dir='ltr'><strong>Talibus</strong></span> <span class='ocrx_word' id='word_1_112' title='bbox 1439 1231 1675 1288; x_wconf 89' lang='lat' dir='ltr'><strong>namque</strong></span> 
     </span>
    </p>
   </div>
   <div class='ocr_carea' id='block_1_14' title="bbox 85 1309 1672 1382">
    <p class='ocr_par' dir='ltr' id='par_1_14' title="bbox 85 1309 1672 1382">
     <span class='ocr_line' id='line_1_14' title="bbox 85 1309 1672 1382; baseline 0 -18"><span class='ocrx_word' id='word_1_113' title='bbox 85 1309 356 1380; x_wconf 89' lang='lat' dir='ltr'><strong>ﬁgmentis</strong></span> <span class='ocrx_word' id='word_1_114' title='bbox 387 1309 559 1380; x_wconf 88' lang='lat' dir='ltr'><strong>liquet</strong></span> <span class='ocrx_word' id='word_1_115' title='bbox 583 1325 678 1366; x_wconf 91' lang='lat' dir='ltr'><strong>eos</strong></span> <span class='ocrx_word' id='word_1_116' title='bbox 718 1323 841 1366; x_wconf 92' lang='lat' dir='ltr'><strong>esse</strong></span> <span class='ocrx_word' id='word_1_117' title='bbox 880 1309 1256 1381; x_wconf 90' lang='lat' dir='ltr'><strong>inculpabiles,</strong></span> <span class='ocrx_word' id='word_1_118' title='bbox 1303 1325 1508 1382; x_wconf 89' lang='lat' dir='ltr'><strong>vosque</strong></span> <span class='ocrx_word' id='word_1_119' title='bbox 1555 1309 1672 1366; x_wconf 85' lang='lat' dir='ltr'><strong>cul-</strong></span> 
     </span>
    </p>
   </div>
   <div class='ocr_carea' id='block_1_15' title="bbox 83 1400 1668 1474">
    <p class='ocr_par' dir='ltr' id='par_1_15' title="bbox 83 1400 1668 1474">
     <span class='ocr_line' id='line_1_15' title="bbox 83 1400 1668 1474; baseline 0 -17"><span class='ocrx_word' id='word_1_120' title='bbox 83 1400 286 1474; x_wconf 88' lang='lat' dir='ltr'><strong>pabiles</strong></span> <span class='ocrx_word' id='word_1_121' title='bbox 321 1419 336 1456; x_wconf 90' lang='lat'><strong>:</strong></span> <span class='ocrx_word' id='word_1_122' title='bbox 372 1401 500 1473; x_wconf 92' lang='lat' dir='ltr'><strong>quia</strong></span> <span class='ocrx_word' id='word_1_123' title='bbox 547 1402 595 1458; x_wconf 88' lang='lat' dir='ltr'><strong>si</strong></span> <span class='ocrx_word' id='word_1_124' title='bbox 645 1403 711 1458; x_wconf 91' lang='lat' dir='ltr'><strong>de</strong></span> <span class='ocrx_word' id='word_1_125' title='bbox 765 1417 894 1458; x_wconf 88' lang='lat' dir='ltr'><strong>vera</strong></span> <span class='ocrx_word' id='word_1_126' title='bbox 943 1401 1291 1458; x_wconf 88' lang='lat' dir='ltr'><strong>conﬁderetis</strong></span> <span class='ocrx_word' id='word_1_127' title='bbox 1340 1402 1668 1468; x_wconf 88' lang='lat' dir='ltr'><strong>innocentia,</strong></span> 
     </span>
    </p>
   </div>
   <div class='ocr_carea' id='block_1_16' title="bbox 84 1494 1671 1568">
    <p class='ocr_par' dir='ltr' id='par_1_16' title="bbox 84 1494 1671 1568">
     <span class='ocr_line' id='line_1_16' title="bbox 84 1494 1671 1568; baseline 0 -18"><span class='ocrx_word' id='word_1_128' title='bbox 84 1495 393 1552; x_wconf 88' lang='lat' dir='ltr'><strong>nullomodo</strong></span> <span class='ocrx_word' id='word_1_129' title='bbox 428 1511 460 1551; x_wconf 90' lang='lat' dir='ltr'><strong>a</strong></span> <span class='ocrx_word' id='word_1_130' title='bbox 492 1496 608 1568; x_wconf 90' lang='lat' dir='ltr'><strong>jam</strong></span> <span class='ocrx_word' id='word_1_131' title='bbox 651 1495 796 1552; x_wconf 84' lang='lat' dir='ltr'><strong>dicta</strong></span> <span class='ocrx_word' id='word_1_132' title='bbox 843 1511 940 1552; x_wconf 89' lang='lat' dir='ltr'><strong>vos</strong></span> <span class='ocrx_word' id='word_1_133' title='bbox 975 1495 1235 1552; x_wconf 86' lang='lat' dir='ltr'><strong>canonica</strong></span> <span class='ocrx_word' id='word_1_134' title='bbox 1281 1494 1671 1551; x_wconf 88' lang='lat' dir='ltr'><strong>subtraheretis</strong></span> 
     </span>
    </p>
   </div>
   <div class='ocr_carea' id='block_1_17' title="bbox 59 1587 1670 1658">
    <p class='ocr_par' dir='ltr' id='par_1_17' title="bbox 59 1587 1670 1658">
     <span class='ocr_line' id='line_1_17' title="bbox 59 1587 1670 1658; baseline 0 -17"><span class='ocrx_word' id='word_1_135' title='bbox 59 1587 416 1653; x_wconf 85' lang='lat' dir='ltr'><strong>&#39;evocatione,</strong></span> <span class='ocrx_word' id='word_1_136' title='bbox 442 1603 563 1658; x_wconf 73' lang='lat' dir='ltr'><strong>quae</strong></span> <span class='ocrx_word' id='word_1_137' title='bbox 594 1602 704 1643; x_wconf 92' lang='lat' dir='ltr'><strong>non</strong></span> <span class='ocrx_word' id='word_1_138' title='bbox 735 1587 938 1652; x_wconf 91' lang='lat' dir='ltr'><strong>subito,</strong></span> <span class='ocrx_word' id='word_1_139' title='bbox 970 1587 1066 1642; x_wconf 92' lang='lat' dir='ltr'><strong>sed</strong></span> <span class='ocrx_word' id='word_1_140' title='bbox 1088 1587 1325 1658; x_wconf 89' lang='lat' dir='ltr'><strong>spatiose</strong></span> <span class='ocrx_word' id='word_1_141' title='bbox 1354 1587 1670 1643; x_wconf 89' lang='lat' dir='ltr'><strong>denuntiata</strong></span> 
     </span>
    </p>
   </div>
   <div class='ocr_carea' id='block_1_18' title="bbox 80 1677 1669 1748">
    <p class='ocr_par' dir='ltr' id='par_1_18' title="bbox 80 1677 1669 1748">
     <span class='ocr_line' id='line_1_18' title="bbox 80 1677 1669 1748; baseline -0.001 -15"><span class='ocrx_word' id='word_1_142' title='bbox 80 1686 190 1734; x_wconf 89' lang='lat' dir='ltr'><strong>est:</strong></span> <span class='ocrx_word' id='word_1_143' title='bbox 213 1678 311 1734; x_wconf 87' lang='lat' dir='ltr'><strong>sed</strong></span> <span class='ocrx_word' id='word_1_144' title='bbox 334 1677 482 1734; x_wconf 90' lang='lat' dir='ltr'><strong>omni</strong></span> <span class='ocrx_word' id='word_1_145' title='bbox 507 1678 774 1733; x_wconf 91' lang='lat' dir='ltr'><strong>subducta</strong></span> <span class='ocrx_word' id='word_1_146' title='bbox 809 1677 1073 1748; x_wconf 87' lang='lat' dir='ltr'><strong>apologia,</strong></span> <span class='ocrx_word' id='word_1_147' title='bbox 1127 1677 1331 1748; x_wconf 90' lang='lat' dir='ltr'><strong>absque</strong></span> <span class='ocrx_word' id='word_1_148' title='bbox 1368 1677 1669 1732; x_wconf 89' lang='lat' dir='ltr'><strong>tardatione</strong></span> 
     </span>
    </p>
   </div>
   <div class='ocr_carea' id='block_1_19' title="bbox 78 1767 1667 1838">
    <p class='ocr_par' dir='ltr' id='par_1_19' title="bbox 78 1767 1667 1838">
     <span class='ocr_line' id='line_1_19' title="bbox 78 1767 1667 1838; baseline -0.001 -15"><span class='ocrx_word' id='word_1_149' title='bbox 78 1770 258 1828; x_wconf 89' lang='lat' dir='ltr'><strong>venire</strong></span> <span class='ocrx_word' id='word_1_150' title='bbox 284 1779 342 1826; x_wconf 90' lang='lat' dir='ltr'><strong>et</strong></span> <span class='ocrx_word' id='word_1_151' title='bbox 367 1785 561 1827; x_wconf 86' lang='lat' dir='ltr'><strong>causas</strong></span> <span class='ocrx_word' id='word_1_152' title='bbox 587 1769 811 1826; x_wconf 78' lang='lat' dir='ltr'><strong>reddere</strong></span> <span class='ocrx_word' id='word_1_153' title='bbox 837 1769 1188 1825; x_wconf 84' lang='lat' dir='ltr'><strong>festinaretis.</strong></span> <span class='ocrx_word' id='word_1_154' title='bbox 1225 1767 1430 1836; x_wconf 87' lang='lat' dir='ltr'><strong>Quibus</strong></span> <span class='ocrx_word' id='word_1_155' title='bbox 1470 1768 1545 1823; x_wconf 90' lang='lat' dir='ltr'><strong>ita</strong></span> <span class='ocrx_word' id='word_1_156' title='bbox 1576 1783 1667 1838; x_wconf 87' lang='lat' dir='ltr'><strong>ge-</strong></span> 
     </span>
    </p>
   </div>
   <div class='ocr_carea' id='block_1_20' title="bbox 79 1861 1665 1933">
    <p class='ocr_par' dir='ltr' id='par_1_20' title="bbox 79 1861 1665 1933">
     <span class='ocr_line' id='line_1_20' title="bbox 79 1861 1665 1933; baseline -0.001 -17"><span class='ocrx_word' id='word_1_157' title='bbox 79 1862 190 1928; x_wconf 89' lang='lat' dir='ltr'><strong>stis,</strong></span> <span class='ocrx_word' id='word_1_158' title='bbox 232 1862 430 1932; x_wconf 84' lang='lat' dir='ltr'><strong>scripsi</strong></span> <span class='ocrx_word' id='word_1_159' title='bbox 451 1864 606 1919; x_wconf 83' lang='lat' dir='ltr'><strong>vobis</strong></span> <span class='ocrx_word' id='word_1_160' title='bbox 636 1872 691 1917; x_wconf 91' lang='lat' dir='ltr'><strong>et</strong></span> <span class='ocrx_word' id='word_1_161' title='bbox 711 1862 962 1918; x_wconf 92' lang='lat' dir='ltr'><strong>omnibus</strong></span> <span class='ocrx_word' id='word_1_162' title='bbox 993 1862 1086 1933; x_wconf 89' lang='lat' dir='ltr'><strong>qui</strong></span> <span class='ocrx_word' id='word_1_163' title='bbox 1121 1862 1175 1917; x_wconf 92' lang='lat' dir='ltr'><strong>in</strong></span> <span class='ocrx_word' id='word_1_164' title='bbox 1216 1861 1502 1917; x_wconf 83' lang='lat' dir='ltr'><strong>Antiochia</strong></span> <span class='ocrx_word' id='word_1_165' title='bbox 1535 1875 1665 1916; x_wconf 88' lang='lat' dir='ltr'><strong>con-</strong></span> 
     </span>
    </p>
   </div>
   <div class='ocr_carea' id='block_1_21' title="bbox 1774 1223 3357 1303">
    <p class='ocr_par' dir='ltr' id='par_1_21' title="bbox 1774 1223 3357 1303">
     <span class='ocr_line' id='line_1_21' title="bbox 1774 1223 3357 1303; baseline 0.004 -23"><span class='ocrx_word' id='word_1_166' title='bbox 1774 1227 1880 1292; x_wconf 89' lang='lat' dir='ltr'><strong>sui,</strong></span> <span class='ocrx_word' id='word_1_167' title='bbox 1903 1233 1954 1280; x_wconf 88' lang='lat' dir='ltr'><strong>et</strong></span> <span class='ocrx_word' id='word_1_168' title='bbox 1988 1225 2124 1279; x_wconf 81' lang='lat' dir='ltr'><strong>dicet</strong></span> <span class='ocrx_word' id='word_1_169' title='bbox 2147 1224 2315 1278; x_wconf 87' lang='lat' dir='ltr'><strong>omnis</strong></span> <span class='ocrx_word' id='word_1_170' title='bbox 2341 1223 2586 1296; x_wconf 80' lang='lat' dir='ltr'><strong>populus,</strong></span> <span class='ocrx_word' id='word_1_171' title='bbox 2633 1226 2797 1282; x_wconf 83' lang='lat' dir='ltr'><strong>Amen</strong></span> <span class='ocrx_word' id='word_1_172' title='bbox 2828 1227 3008 1301; x_wconf 89' lang='lat' dir='ltr'><strong>(Deut.</strong></span> <span class='ocrx_word' id='word_1_173' title='bbox 3039 1246 3211 1297; x_wconf 79' lang='lat' dir='ltr'><strong>xxv&quot;,</strong></span> <span class='ocrx_word' id='word_1_174' title='bbox 3245 1231 3357 1303; x_wconf 90' lang='grc'><strong>17).</strong></span> 
     </span>
    </p>
   </div>
   <div class='ocr_carea' id='block_1_22' title="bbox 1773 1316 3360 1398">
    <p class='ocr_par' dir='ltr' id='par_1_22' title="bbox 1773 1316 3360 1398">
     <span class='ocr_line' id='line_1_22' title="bbox 1773 1316 3360 1398; baseline 0.003 -26"><span class='ocrx_word' id='word_1_175' title='bbox 1773 1316 1956 1386; x_wconf 82' lang='lat' dir='ltr'><strong>Quare</strong></span> <span class='ocrx_word' id='word_1_176' title='bbox 1984 1318 2157 1373; x_wconf 86' lang='lat' dir='ltr'><strong>miror</strong></span> <span class='ocrx_word' id='word_1_177' title='bbox 2181 1332 2279 1375; x_wconf 84' lang='lat' dir='ltr'><strong>vos</strong></span> <span class='ocrx_word' id='word_1_178' title='bbox 2304 1328 2416 1375; x_wconf 87' lang='lat' dir='ltr'><strong>tam</strong></span> <span class='ocrx_word' id='word_1_179' title='bbox 2470 1319 2702 1377; x_wconf 88' lang='lat' dir='ltr'><strong>audaces</strong></span> <span class='ocrx_word' id='word_1_180' title='bbox 2738 1335 2878 1388; x_wconf 89' lang='lat' dir='ltr'><strong>esse,</strong></span> <span class='ocrx_word' id='word_1_181' title='bbox 2934 1328 2989 1377; x_wconf 91' lang='lat' dir='ltr'><strong>et</strong></span> <span class='ocrx_word' id='word_1_182' title='bbox 3017 1329 3128 1376; x_wconf 86' lang='lat' dir='ltr'><strong>tam</strong></span> <span class='ocrx_word' id='word_1_183' title='bbox 3182 1323 3360 1398; x_wconf 81' lang='lat' dir='ltr'><strong>impu-</strong></span> 
     </span>
    </p>
   </div>
   <div class='ocr_carea' id='block_1_23' title="bbox 1773 1409 3445 1485">
    <p class='ocr_par' dir='ltr' id='par_1_23' title="bbox 1773 1409 3445 1485">
     <span class='ocr_line' id='line_1_23' title="bbox 1773 1409 3445 1485; baseline 0.002 -20"><span class='ocrx_word' id='word_1_184' title='bbox 1773 1409 1963 1466; x_wconf 87' lang='lat' dir='ltr'><strong>denter</strong></span> <span class='ocrx_word' id='word_1_185' title='bbox 1989 1411 2186 1481; x_wconf 80' lang='lat' dir='ltr'><strong>egisse,</strong></span> <span class='ocrx_word' id='word_1_186' title='bbox 2211 1421 2268 1468; x_wconf 90' lang='lat' dir='ltr'><strong>et</strong></span> <span class='ocrx_word' id='word_1_187' title='bbox 2296 1413 2558 1469; x_wconf 81' lang='lat' dir='ltr'><strong>terminos</strong></span> <span class='ocrx_word' id='word_1_188' title='bbox 2587 1429 2649 1470; x_wconf 91' lang='lat' dir='ltr'><strong>ac</strong></span> <span class='ocrx_word' id='word_1_189' title='bbox 2693 1413 2817 1484; x_wconf 89' lang='lat' dir='ltr'><strong>jura</strong></span> <span class='ocrx_word' id='word_1_190' title='bbox 2866 1413 3009 1470; x_wconf 89' lang='lat' dir='ltr'><strong>beati</strong></span> <span class='ocrx_word' id='word_1_191' title='bbox 3055 1413 3200 1470; x_wconf 87' lang='lat' dir='ltr'><strong>Petri</strong></span> <span class='ocrx_word' id='word_1_192' title='bbox 3232 1430 3362 1485; x_wconf 78' lang='lat' dir='ltr'><strong>apo—</strong></span> <span class='ocrx_word' id='word_1_193' title='bbox 3426 1425 3445 1437; x_wconf 87' lang='grc'><strong>··</strong></span> 
     </span>
    </p>
   </div>
   <div class='ocr_carea' id='block_1_24' title="bbox 1771 1501 3425 1574">
    <p class='ocr_par' dir='ltr' id='par_1_24' title="bbox 1771 1501 3425 1574">
     <span class='ocr_line' id='line_1_24' title="bbox 1771 1501 3425 1574; baseline 0.002 -18"><span class='ocrx_word' id='word_1_194' title='bbox 1771 1501 2036 1557; x_wconf 91' lang='lat' dir='ltr'><strong>stolorum</strong></span> <span class='ocrx_word' id='word_1_195' title='bbox 2065 1502 2330 1574; x_wconf 89' lang='lat' dir='ltr'><strong>principis</strong></span> <span class='ocrx_word' id='word_1_196' title='bbox 2351 1503 2634 1559; x_wconf 91' lang='lat' dir='ltr'><strong>invasisse.</strong></span> <span class='ocrx_word' id='word_1_197' title='bbox 2684 1502 2744 1560; x_wconf 90' lang='lat' dir='ltr'><strong>Si</strong></span> <span class='ocrx_word' id='word_1_198' title='bbox 2768 1503 2935 1570; x_wconf 91' lang='lat' dir='ltr'><strong>enim,</strong></span> <span class='ocrx_word' id='word_1_199' title='bbox 2977 1512 3038 1560; x_wconf 92' lang='lat' dir='ltr'><strong>ut</strong></span> <span class='ocrx_word' id='word_1_200' title='bbox 3082 1504 3244 1574; x_wconf 90' lang='lat' dir='ltr'><strong>paulo</strong></span> <span class='ocrx_word' id='word_1_201' title='bbox 3273 1520 3362 1560; x_wconf 88' lang='lat' dir='ltr'><strong>su-</strong></span> <span class='ocrx_word' id='word_1_202' title='bbox 3420 1554 3425 1574; x_wconf 71' lang='grc'>,</span> 
     </span>
    </p>
   </div>
   <div class='ocr_carea' id='block_1_25' title="bbox 1769 1575 3426 1666">
    <p class='ocr_par' dir='ltr' id='par_1_25' title="bbox 1769 1575 3426 1666">
     <span class='ocr_line' id='line_1_25' title="bbox 1769 1575 3426 1666; baseline 0.004 -22"><span class='ocrx_word' id='word_1_203' title='bbox 1769 1591 1956 1660; x_wconf 89' lang='lat' dir='ltr'><strong>perius</strong></span> <span class='ocrx_word' id='word_1_204' title='bbox 1994 1591 2337 1662; x_wconf 60' lang='lat' dir='ltr'><strong>praelibatum</strong></span> <span class='ocrx_word' id='word_1_205' title='bbox 2389 1601 2492 1660; x_wconf 90' lang='lat' dir='ltr'><strong>est,</strong></span> <span class='ocrx_word' id='word_1_206' title='bbox 2536 1594 2679 1664; x_wconf 89' lang='lat' dir='ltr'><strong>juris</strong></span> <span class='ocrx_word' id='word_1_207' title='bbox 2721 1603 2838 1650; x_wconf 90' lang='lat' dir='ltr'><strong>erat</strong></span> <span class='ocrx_word' id='word_1_208' title='bbox 2883 1602 2944 1650; x_wconf 90' lang='lat' dir='ltr'><strong>ut</strong></span> <span class='ocrx_word' id='word_1_209' title='bbox 2989 1594 3196 1666; x_wconf 88' lang='lat' dir='ltr'><strong>absque</strong></span> <span class='ocrx_word' id='word_1_210' title='bbox 3239 1594 3363 1663; x_wconf 69' lang='lat' dir='ltr'><strong>ejus</strong></span> <span class='ocrx_word' id='word_1_211' title='bbox 3419 1575 3426 1589; x_wconf 64' lang='grc'><em>’</em></span> 
     </span>
    </p>
   </div>
   <div class='ocr_carea' id='block_1_26' title="bbox 1770 1671 3446 1756">
    <p class='ocr_par' dir='ltr' id='par_1_26' title="bbox 1770 1671 3446 1756">
     <span class='ocr_line' id='line_1_26' title="bbox 1770 1671 3446 1756; baseline 0.001 -17"><span class='ocrx_word' id='word_1_212' title='bbox 1770 1691 1971 1756; x_wconf 79' lang='lat' dir='ltr'><strong>sanctae</strong></span> <span class='ocrx_word' id='word_1_213' title='bbox 1992 1685 2140 1740; x_wconf 89' lang='lat' dir='ltr'><strong>sedis</strong></span> <span class='ocrx_word' id='word_1_214' title='bbox 2167 1685 2490 1741; x_wconf 88' lang='lat' dir='ltr'><strong>auctoritate</strong></span> <span class='ocrx_word' id='word_1_215' title='bbox 2515 1686 2698 1742; x_wconf 91' lang='lat' dir='ltr'><strong>nullus</strong></span> <span class='ocrx_word' id='word_1_216' title='bbox 2725 1686 2947 1744; x_wconf 90' lang='lat' dir='ltr'><strong>deberet</strong></span> <span class='ocrx_word' id='word_1_217' title='bbox 2993 1695 3088 1742; x_wconf 88' lang='lat' dir='ltr'><strong>aut</strong></span> <span class='ocrx_word' id='word_1_218' title='bbox 3124 1686 3359 1743; x_wconf 85' lang='lat' dir='ltr'><strong>concilia</strong></span> <span class='ocrx_word' id='word_1_219' title='bbox 3437 1671 3446 1685; x_wconf 74' lang='grc'><em>’</em></span> 
     </span>
    </p>
   </div>
   <div class='ocr_carea' id='block_1_27' title="bbox 1768 1764 3401 1850">
    <p class='ocr_par' dir='ltr' id='par_1_27' title="bbox 1768 1764 3401 1850">
     <span class='ocr_line' id='line_1_27' title="bbox 1768 1764 3401 1850; baseline 0.001 -20"><span class='ocrx_word' id='word_1_220' title='bbox 1768 1776 2068 1843; x_wconf 89' lang='lat' dir='ltr'><strong>celebrare,</strong></span> <span class='ocrx_word' id='word_1_221' title='bbox 2115 1786 2208 1832; x_wconf 91' lang='lat' dir='ltr'><strong>aut</strong></span> <span class='ocrx_word' id='word_1_222' title='bbox 2245 1778 2529 1849; x_wconf 84' lang='lat' dir='ltr'><strong>episcopos</strong></span> <span class='ocrx_word' id='word_1_223' title='bbox 2578 1778 2647 1832; x_wconf 88' lang='lat' dir='ltr'><strong>ad</strong></span> <span class='ocrx_word' id='word_1_224' title='bbox 2701 1764 2977 1850; x_wconf 83' lang='lat' dir='ltr'><strong>Synodum</strong></span> <span class='ocrx_word' id='word_1_225' title='bbox 3027 1791 3355 1843; x_wconf 87' lang='lat' dir='ltr'><strong>convocare,</strong></span> <span class='ocrx_word' id='word_1_226' title='bbox 3381 1771 3401 1804; x_wconf 61' lang='grc'><strong>³</strong></span> 
     </span>
    </p>
   </div>
   <div class='ocr_carea' id='block_1_28' title="bbox 1767 1867 3358 1940">
    <p class='ocr_par' dir='ltr' id='par_1_28' title="bbox 1767 1867 3358 1940">
     <span class='ocr_line' id='line_1_28' title="bbox 1767 1867 3358 1940; baseline 0 -19"><span class='ocrx_word' id='word_1_227' title='bbox 1767 1867 1853 1924; x_wconf 88' lang='lat' dir='ltr'><strong>vel</strong></span> <span class='ocrx_word' id='word_1_228' title='bbox 1880 1881 1974 1924; x_wconf 89' lang='lat' dir='ltr'><strong>eos</strong></span> <span class='ocrx_word' id='word_1_229' title='bbox 2005 1868 2289 1934; x_wconf 88' lang='lat' dir='ltr'><strong>damnare,</strong></span> <span class='ocrx_word' id='word_1_230' title='bbox 2321 1875 2416 1924; x_wconf 92' lang='lat' dir='ltr'><strong>aut</strong></span> <span class='ocrx_word' id='word_1_231' title='bbox 2463 1869 2697 1940; x_wconf 87' lang='lat' dir='ltr'><strong>propriis</strong></span> <span class='ocrx_word' id='word_1_232' title='bbox 2722 1868 2926 1939; x_wconf 89' lang='lat' dir='ltr'><strong>pellere</strong></span> <span class='ocrx_word' id='word_1_233' title='bbox 2976 1867 3215 1934; x_wconf 89' lang='lat' dir='ltr'><strong>sedibus,</strong></span> <span class='ocrx_word' id='word_1_234' title='bbox 3262 1877 3358 1922; x_wconf 89' lang='lat' dir='ltr'><strong>aut</strong></span> 
     </span>
    </p>
   </div>
   <div class='ocr_carea' id='block_1_29' title="bbox 77 1943 3376 2038">
    <p class='ocr_par' dir='ltr' id='par_1_29' title="bbox 77 1943 3376 2038">
     <span class='ocr_line' id='line_1_29' title="bbox 77 1943 3376 2038; baseline 0 -26"><span class='ocrx_word' id='word_1_235' title='bbox 77 1965 153 2010; x_wconf 85' lang='lat' dir='ltr'><strong>tra</strong></span> <span class='ocrx_word' id='word_1_236' title='bbox 201 1956 556 2026; x_wconf 86' lang='lat' dir='ltr'><strong>apostolicam</strong></span> <span class='ocrx_word' id='word_1_237' title='bbox 595 1957 1019 2026; x_wconf 88' lang='lat' dir='ltr'><strong>canonicamque</strong></span> <span class='ocrx_word' id='word_1_238' title='bbox 1073 1955 1315 2026; x_wconf 88' lang='lat' dir='ltr'><strong>regulam</strong></span> <span class='ocrx_word' id='word_1_239' title='bbox 1372 1954 1528 2010; x_wconf 88' lang='lat' dir='ltr'><strong>nobis</strong></span> <span class='ocrx_word' id='word_1_240' title='bbox 1581 1953 1663 2009; x_wconf 80' lang='lat' dir='ltr'><strong>in—</strong></span> <span class='ocrx_word' id='word_1_241' title='bbox 1690 1944 1738 2005; x_wconf 88' lang='grc' dir='ltr'><strong>Β</strong></span> <span class='ocrx_word' id='word_1_242' title='bbox 1765 1943 1900 2014; x_wconf 78' lang='lat' dir='ltr'><strong>alios</strong></span> <span class='ocrx_word' id='word_1_243' title='bbox 1925 1958 1981 2013; x_wconf 92' lang='lat' dir='ltr'><strong>in</strong></span> <span class='ocrx_word' id='word_1_244' title='bbox 2011 1972 2200 2014; x_wconf 89' lang='lat' dir='ltr'><strong>eorum</strong></span> <span class='ocrx_word' id='word_1_245' title='bbox 2241 1957 2363 2015; x_wconf 90' lang='lat' dir='ltr'><strong>loco</strong></span> <span class='ocrx_word' id='word_1_246' title='bbox 2400 1959 2673 2025; x_wconf 89' lang='lat' dir='ltr'><strong>ordinare,</strong></span> <span class='ocrx_word' id='word_1_247' title='bbox 2725 1959 2906 2014; x_wconf 92' lang='lat' dir='ltr'><strong>omnia</strong></span> <span class='ocrx_word' id='word_1_248' title='bbox 2948 1973 3043 2014; x_wconf 89' lang='lat' dir='ltr'><strong>vos</strong></span> <span class='ocrx_word' id='word_1_249' title='bbox 3087 1967 3376 2038; x_wconf 83' lang='lat' dir='ltr'><strong>temerare</strong></span> 
     </span>
    </p>
   </div>
   <div class='ocr_carea' id='block_1_30' title="bbox 75 2046 1658 2120">
    <p class='ocr_par' dir='ltr' id='par_1_30' title="bbox 75 2046 1658 2120">
     <span class='ocr_line' id='line_1_30' title="bbox 75 2046 1658 2120; baseline -0.001 -18"><span class='ocrx_word' id='word_1_250' title='bbox 75 2046 331 2103; x_wconf 89' lang='lat' dir='ltr'><strong>consultis</strong></span> <span class='ocrx_word' id='word_1_251' title='bbox 357 2046 584 2103; x_wconf 77' lang='lat' dir='ltr'><strong>fueratis</strong></span> <span class='ocrx_word' id='word_1_252' title='bbox 627 2047 964 2120; x_wconf 74' lang='lat' dir='ltr'><strong>congregati,</strong></span> <span class='ocrx_word' id='word_1_253' title='bbox 1015 2061 1253 2118; x_wconf 88' lang='lat' dir='ltr'><strong>arguens</strong></span> <span class='ocrx_word' id='word_1_254' title='bbox 1279 2061 1377 2104; x_wconf 88' lang='lat' dir='ltr'><strong>vos</strong></span> <span class='ocrx_word' id='word_1_255' title='bbox 1421 2047 1658 2118; x_wconf 90' lang='lat' dir='ltr'><strong>primum</strong></span> 
     </span>
    </p>
   </div>
   <div class='ocr_carea' id='block_1_31' title="bbox 75 2137 1657 2208">
    <p class='ocr_par' dir='ltr' id='par_1_31' title="bbox 75 2137 1657 2208">
     <span class='ocr_line' id='line_1_31' title="bbox 75 2137 1657 2208; baseline -0.001 -12"><span class='ocrx_word' id='word_1_256' title='bbox 75 2139 134 2196; x_wconf 90' lang='lat' dir='ltr'><strong>de</strong></span> <span class='ocrx_word' id='word_1_257' title='bbox 160 2137 379 2208; x_wconf 86' lang='lat' dir='ltr'><strong>injuriis</strong></span> <span class='ocrx_word' id='word_1_258' title='bbox 401 2138 705 2196; x_wconf 87' lang='lat' dir='ltr'><strong>litterarum</strong></span> <span class='ocrx_word' id='word_1_259' title='bbox 729 2153 746 2193; x_wconf 88' lang='lat'><strong>:</strong></span> <span class='ocrx_word' id='word_1_260' title='bbox 779 2139 973 2196; x_wconf 90' lang='lat' dir='ltr'><strong>deinde</strong></span> <span class='ocrx_word' id='word_1_261' title='bbox 996 2154 1096 2194; x_wconf 91' lang='lat' dir='ltr'><strong>cur</strong></span> <span class='ocrx_word' id='word_1_262' title='bbox 1120 2139 1476 2196; x_wconf 84' lang='lat' dir='ltr'><strong>Athanasium</strong></span> <span class='ocrx_word' id='word_1_263' title='bbox 1499 2153 1657 2194; x_wconf 84' lang='lat' dir='ltr'><strong>suos-</strong></span> 
     </span>
    </p>
   </div>
   <div class='ocr_carea' id='block_1_32' title="bbox 70 2235 1658 2306">
    <p class='ocr_par' dir='ltr' id='par_1_32' title="bbox 70 2235 1658 2306">
     <span class='ocr_line' id='line_1_32' title="bbox 70 2235 1658 2306; baseline -0.001 -16"><span class='ocrx_word' id='word_1_264' title='bbox 70 2248 170 2306; x_wconf 89' lang='lat' dir='ltr'><strong>que</strong></span> <span class='ocrx_word' id='word_1_265' title='bbox 193 2243 604 2293; x_wconf 86' lang='lat' dir='ltr'><strong>consectatores</strong></span> <span class='ocrx_word' id='word_1_266' title='bbox 644 2235 714 2290; x_wconf 89' lang='lat' dir='ltr'><strong>ad</strong></span> <span class='ocrx_word' id='word_1_267' title='bbox 763 2244 1009 2291; x_wconf 88' lang='lat' dir='ltr'><strong>vestrum</strong></span> <span class='ocrx_word' id='word_1_268' title='bbox 1041 2235 1332 2290; x_wconf 91' lang='lat' dir='ltr'><strong>concilium</strong></span> <span class='ocrx_word' id='word_1_269' title='bbox 1361 2249 1658 2290; x_wconf 86' lang='lat' dir='ltr'><strong>convocas-</strong></span> 
     </span>
    </p>
   </div>
   <div class='ocr_carea' id='block_1_33' title="bbox 73 2326 1654 2399">
    <p class='ocr_par' dir='ltr' id='par_1_33' title="bbox 73 2326 1654 2399">
     <span class='ocr_line' id='line_1_33' title="bbox 73 2326 1654 2399; baseline -0.001 -17"><span class='ocrx_word' id='word_1_270' title='bbox 73 2327 214 2393; x_wconf 89' lang='lat' dir='ltr'><strong>setis,</strong></span> <span class='ocrx_word' id='word_1_271' title='bbox 254 2327 564 2383; x_wconf 90' lang='lat' dir='ltr'><strong>canonibus</strong></span> <span class='ocrx_word' id='word_1_272' title='bbox 591 2326 803 2384; x_wconf 86' lang='lat' dir='ltr'><strong>scilicet</strong></span> <span class='ocrx_word' id='word_1_273' title='bbox 829 2327 1271 2399; x_wconf 66' lang='lat' dir='ltr'><strong>praecipientibus</strong></span> <span class='ocrx_word' id='word_1_274' title='bbox 1312 2327 1448 2384; x_wconf 85' lang='lat' dir='ltr'><strong>nihil</strong></span> <span class='ocrx_word' id='word_1_275' title='bbox 1497 2335 1654 2382; x_wconf 79' lang='lat' dir='ltr'><strong>extra</strong></span> 
     </span>
    </p>
   </div>
   <div class='ocr_carea' id='block_1_34' title="bbox 70 2416 1654 2490">
    <p class='ocr_par' dir='ltr' id='par_1_34' title="bbox 70 2416 1654 2490">
     <span class='ocr_line' id='line_1_34' title="bbox 70 2416 1654 2490; baseline 0.001 -18"><span class='ocrx_word' id='word_1_276' title='bbox 70 2417 376 2474; x_wconf 82' lang='lat' dir='ltr'><strong>Romanum</strong></span> <span class='ocrx_word' id='word_1_277' title='bbox 404 2417 622 2474; x_wconf 87' lang='lat' dir='ltr'><strong>decerni</strong></span> <span class='ocrx_word' id='word_1_278' title='bbox 671 2417 1008 2490; x_wconf 84' lang='lat' dir='ltr'><strong>pontiﬁcem,</strong></span> <span class='ocrx_word' id='word_1_279' title='bbox 1058 2418 1145 2474; x_wconf 91' lang='lat' dir='ltr'><strong>cui</strong></span> <span class='ocrx_word' id='word_1_280' title='bbox 1198 2419 1315 2474; x_wconf 65' lang='lat' dir='ltr'><strong>haec</strong></span> <span class='ocrx_word' id='word_1_281' title='bbox 1350 2426 1407 2474; x_wconf 92' lang='lat' dir='ltr'><strong>et</strong></span> <span class='ocrx_word' id='word_1_282' title='bbox 1451 2416 1654 2488; x_wconf 89' lang='lat' dir='ltr'><strong>majora</strong></span> 
     </span>
    </p>
   </div>
   <div class='ocr_carea' id='block_1_35' title="bbox 70 2506 1704 2580">
    <p class='ocr_par' dir='ltr' id='par_1_35' title="bbox 70 2506 1704 2580">
     <span class='ocr_line' id='line_1_35' title="bbox 70 2506 1704 2580; baseline 0.001 -17"><span class='ocrx_word' id='word_1_283' title='bbox 70 2506 434 2564; x_wconf 85' lang='lat' dir='ltr'><strong>Ecclesiarum</strong></span> <span class='ocrx_word' id='word_1_284' title='bbox 461 2508 698 2580; x_wconf 87' lang='lat' dir='ltr'><strong>negotia,</strong></span> <span class='ocrx_word' id='word_1_285' title='bbox 734 2515 846 2563; x_wconf 89' lang='lat' dir='ltr'><strong>tam</strong></span> <span class='ocrx_word' id='word_1_286' title='bbox 868 2509 936 2564; x_wconf 89' lang='lat' dir='ltr'><strong>ab</strong></span> <span class='ocrx_word' id='word_1_287' title='bbox 965 2508 1085 2580; x_wconf 92' lang='lat' dir='ltr'><strong>ipso</strong></span> <span class='ocrx_word' id='word_1_288' title='bbox 1105 2507 1356 2576; x_wconf 89' lang='lat' dir='ltr'><strong>Domino,</strong></span> <span class='ocrx_word' id='word_1_289' title='bbox 1384 2523 1549 2580; x_wconf 86' lang='lat' dir='ltr'><strong>quam</strong></span> <span class='ocrx_word' id='word_1_290' title='bbox 1587 2510 1656 2565; x_wconf 90' lang='lat' dir='ltr'><strong>ab</strong></span> <span class='ocrx_word' id='word_1_291' title='bbox 1693 2543 1704 2554; x_wconf 70' lang='grc' dir='ltr'><strong><em>ι</em></strong></span> 
     </span>
    </p>
   </div>
   <div class='ocr_carea' id='block_1_36' title="bbox 69 2599 1656 2673">
    <p class='ocr_par' dir='ltr' id='par_1_36' title="bbox 69 2599 1656 2673">
     <span class='ocr_line' id='line_1_36' title="bbox 69 2599 1656 2673; baseline 0.002 -19"><span class='ocrx_word' id='word_1_292' title='bbox 69 2599 316 2656; x_wconf 89' lang='lat' dir='ltr'><strong>omnibus</strong></span> <span class='ocrx_word' id='word_1_293' title='bbox 340 2601 720 2656; x_wconf 88' lang='lat' dir='ltr'><strong>universorum</strong></span> <span class='ocrx_word' id='word_1_294' title='bbox 747 2599 1117 2657; x_wconf 87' lang='lat' dir='ltr'><strong>Conciliorum</strong></span> <span class='ocrx_word' id='word_1_295' title='bbox 1137 2601 1404 2673; x_wconf 88' lang='lat' dir='ltr'><strong>patribus,</strong></span> <span class='ocrx_word' id='word_1_296' title='bbox 1435 2602 1656 2672; x_wconf 88' lang='lat' dir='ltr'><strong>speciali</strong></span> 
     </span>
    </p>
   </div>
   <div class='ocr_carea' id='block_1_37' title="bbox 70 2691 1655 2763">
    <p class='ocr_par' dir='ltr' id='par_1_37' title="bbox 70 2691 1655 2763">
     <span class='ocr_line' id='line_1_37' title="bbox 70 2691 1655 2763; baseline 0.002 -16"><span class='ocrx_word' id='word_1_297' title='bbox 70 2697 208 2758; x_wconf 88' lang='lat' dir='ltr'><strong>sunt,</strong></span> <span class='ocrx_word' id='word_1_298' title='bbox 249 2698 314 2746; x_wconf 92' lang='lat' dir='ltr'><strong>ut</strong></span> <span class='ocrx_word' id='word_1_299' title='bbox 337 2691 455 2763; x_wconf 89' lang='lat' dir='ltr'><strong>jam</strong></span> <span class='ocrx_word' id='word_1_300' title='bbox 481 2691 688 2747; x_wconf 91' lang='lat' dir='ltr'><strong>dictum</strong></span> <span class='ocrx_word' id='word_1_301' title='bbox 713 2700 817 2758; x_wconf 90' lang='lat' dir='ltr'><strong>est,</strong></span> <span class='ocrx_word' id='word_1_302' title='bbox 838 2691 1121 2762; x_wconf 89' lang='lat' dir='ltr'><strong>privilegio</strong></span> <span class='ocrx_word' id='word_1_303' title='bbox 1139 2692 1463 2748; x_wconf 90' lang='lat' dir='ltr'><strong>contradita.</strong></span> <span class='ocrx_word' id='word_1_304' title='bbox 1490 2692 1655 2750; x_wconf 80' lang='lat' dir='ltr'><strong>Vobis</strong></span> 
     </span>
    </p>
   </div>
   <div class='ocr_carea' id='block_1_38' title="bbox 71 2781 1656 2854">
    <p class='ocr_par' dir='ltr' id='par_1_38' title="bbox 71 2781 1656 2854">
     <span class='ocr_line' id='line_1_38' title="bbox 71 2781 1656 2854; baseline 0.002 -17"><span class='ocrx_word' id='word_1_305' title='bbox 71 2798 190 2839; x_wconf 83' lang='lat' dir='ltr'><strong>vero</strong></span> <span class='ocrx_word' id='word_1_306' title='bbox 215 2781 636 2854; x_wconf 80' lang='lat' dir='ltr'><strong>refugientibus,</strong></span> <span class='ocrx_word' id='word_1_307' title='bbox 667 2791 722 2839; x_wconf 92' lang='lat' dir='ltr'><strong>et</strong></span> <span class='ocrx_word' id='word_1_308' title='bbox 744 2783 813 2839; x_wconf 89' lang='lat' dir='ltr'><strong>ad</strong></span> <span class='ocrx_word' id='word_1_309' title='bbox 834 2783 1123 2840; x_wconf 89' lang='lat' dir='ltr'><strong>concilium</strong></span> <span class='ocrx_word' id='word_1_310' title='bbox 1155 2785 1316 2839; x_wconf 86' lang='lat' dir='ltr'><strong>toties</strong></span> <span class='ocrx_word' id='word_1_311' title='bbox 1337 2785 1656 2840; x_wconf 87' lang='lat' dir='ltr'><strong>convocatis</strong></span> 
     </span>
    </p>
   </div>
   <div class='ocr_carea' id='block_1_39' title="bbox 71 2877 1652 2948">
    <p class='ocr_par' dir='ltr' id='par_1_39' title="bbox 71 2877 1652 2948">
     <span class='ocr_line' id='line_1_39' title="bbox 71 2877 1652 2948; baseline 0.003 -16"><span class='ocrx_word' id='word_1_312' title='bbox 71 2879 254 2934; x_wconf 89' lang='lat' dir='ltr'><strong>adesse</strong></span> <span class='ocrx_word' id='word_1_313' title='bbox 294 2877 624 2945; x_wconf 89' lang='lat' dir='ltr'><strong>nolentibus,</strong></span> <span class='ocrx_word' id='word_1_314' title='bbox 653 2877 760 2934; x_wconf 90' lang='lat' dir='ltr'><strong>illis</strong></span> <span class='ocrx_word' id='word_1_315' title='bbox 790 2891 1008 2948; x_wconf 90' lang='lat' dir='ltr'><strong>quoque</strong></span> <span class='ocrx_word' id='word_1_316' title='bbox 1045 2879 1103 2934; x_wconf 91' lang='lat' dir='ltr'><strong>in</strong></span> <span class='ocrx_word' id='word_1_317' title='bbox 1133 2894 1229 2934; x_wconf 91' lang='lat' dir='ltr'><strong>sua</strong></span> <span class='ocrx_word' id='word_1_318' title='bbox 1265 2879 1652 2936; x_wconf 90' lang='lat' dir='ltr'><strong>reclamatione</strong></span> 
     </span>
    </p>
   </div>
   <div class='ocr_carea' id='block_1_40' title="bbox 69 2968 1653 3044">
    <p class='ocr_par' dir='ltr' id='par_1_40' title="bbox 69 2968 1653 3044">
     <span class='ocr_line' id='line_1_40' title="bbox 69 2968 1653 3044; baseline 0.002 -19"><span class='ocrx_word' id='word_1_319' title='bbox 69 2979 116 3026; x_wconf 90' lang='lat' dir='ltr'><strong>et</strong></span> <span class='ocrx_word' id='word_1_320' title='bbox 153 2968 302 3040; x_wconf 88' lang='lat' dir='ltr'><strong>justa</strong></span> <span class='ocrx_word' id='word_1_321' title='bbox 355 2971 568 3027; x_wconf 86' lang='lat' dir='ltr'><strong>ratione</strong></span> <span class='ocrx_word' id='word_1_322' title='bbox 623 2970 1066 3042; x_wconf 87' lang='lat' dir='ltr'><strong>persistentibus,</strong></span> <span class='ocrx_word' id='word_1_323' title='bbox 1116 2979 1410 3043; x_wconf 86' lang='lat' dir='ltr'><strong>vestraque</strong></span> <span class='ocrx_word' id='word_1_324' title='bbox 1456 2986 1653 3044; x_wconf 86' lang='lat' dir='ltr'><strong>cogno-</strong></span> 
     </span>
    </p>
   </div>
   <div class='ocr_carea' id='block_1_41' title="bbox 71 3059 1654 3133">
    <p class='ocr_par' dir='ltr' id='par_1_41' title="bbox 71 3059 1654 3133">
     <span class='ocr_line' id='line_1_41' title="bbox 71 3059 1654 3133; baseline 0.003 -18"><span class='ocrx_word' id='word_1_325' title='bbox 71 3069 277 3120; x_wconf 84' lang='lat' dir='ltr'><strong>scentes</strong></span> <span class='ocrx_word' id='word_1_326' title='bbox 334 3061 589 3128; x_wconf 91' lang='lat' dir='ltr'><strong>crimina,</strong></span> <span class='ocrx_word' id='word_1_327' title='bbox 645 3070 700 3116; x_wconf 90' lang='lat' dir='ltr'><strong>et</strong></span> <span class='ocrx_word' id='word_1_328' title='bbox 752 3059 965 3116; x_wconf 92' lang='lat' dir='ltr'><strong>illorum</strong></span> <span class='ocrx_word' id='word_1_329' title='bbox 1007 3061 1214 3133; x_wconf 90' lang='lat' dir='ltr'><strong>justam</strong></span> <span class='ocrx_word' id='word_1_330' title='bbox 1279 3063 1654 3120; x_wconf 82' lang='lat' dir='ltr'><strong>examinantes</strong></span> 
     </span>
    </p>
   </div>
   <div class='ocr_carea' id='block_1_42' title="bbox 69 3152 1654 3226">
    <p class='ocr_par' dir='ltr' id='par_1_42' title="bbox 69 3152 1654 3226">
     <span class='ocr_line' id='line_1_42' title="bbox 69 3152 1654 3226; baseline 0.003 -19"><span class='ocrx_word' id='word_1_331' title='bbox 69 3154 346 3221; x_wconf 89' lang='lat' dir='ltr'><strong>rationem,</strong></span> <span class='ocrx_word' id='word_1_332' title='bbox 369 3167 666 3224; x_wconf 91' lang='lat' dir='ltr'><strong>omnesque</strong></span> <span class='ocrx_word' id='word_1_333' title='bbox 694 3168 789 3208; x_wconf 90' lang='lat' dir='ltr'><strong>eos</strong></span> <span class='ocrx_word' id='word_1_334' title='bbox 809 3152 1028 3213; x_wconf 64' lang='lat' dir='ltr'><strong>Nicaeno</strong></span> <span class='ocrx_word' id='word_1_335' title='bbox 1049 3154 1280 3211; x_wconf 90' lang='lat' dir='ltr'><strong>concilio</strong></span> <span class='ocrx_word' id='word_1_336' title='bbox 1317 3157 1654 3226; x_wconf 85' lang='lat' dir='ltr'><strong>comperien-</strong></span> 
     </span>
    </p>
   </div>
   <div class='ocr_carea' id='block_1_43' title="bbox 69 3243 1647 3319">
    <p class='ocr_par' dir='ltr' id='par_1_43' title="bbox 69 3243 1647 3319">
     <span class='ocr_line' id='line_1_43' title="bbox 69 3243 1647 3319; baseline 0.004 -23"><span class='ocrx_word' id='word_1_337' title='bbox 69 3253 158 3309; x_wconf 89' lang='lat' dir='ltr'><strong>tcs,</strong></span> <span class='ocrx_word' id='word_1_338' title='bbox 185 3253 240 3300; x_wconf 90' lang='lat' dir='ltr'><strong>et</strong></span> <span class='ocrx_word' id='word_1_339' title='bbox 273 3246 477 3302; x_wconf 87' lang='lat' dir='ltr'><strong>nostris</strong></span> <span class='ocrx_word' id='word_1_340' title='bbox 515 3243 827 3316; x_wconf 90' lang='lat' dir='ltr'><strong>apostolicis</strong></span> <span class='ocrx_word' id='word_1_341' title='bbox 874 3245 1211 3315; x_wconf 90' lang='lat' dir='ltr'><strong>jussionibus</strong></span> <span class='ocrx_word' id='word_1_342' title='bbox 1260 3249 1647 3319; x_wconf 89' lang='lat' dir='ltr'><strong>obtemperan-</strong></span> 
     </span>
    </p>
   </div>
   <div class='ocr_carea' id='block_1_44' title="bbox 1765 2049 3352 2124">
    <p class='ocr_par' dir='ltr' id='par_1_44' title="bbox 1765 2049 3352 2124">
     <span class='ocr_line' id='line_1_44' title="bbox 1765 2049 3352 2124; baseline -0.001 -18"><span class='ocrx_word' id='word_1_343' title='bbox 1765 2065 1874 2106; x_wconf 89' lang='lat' dir='ltr'><strong>non</strong></span> <span class='ocrx_word' id='word_1_344' title='bbox 1902 2050 2180 2107; x_wconf 88' lang='lat' dir='ltr'><strong>timuistis.</strong></span> <span class='ocrx_word' id='word_1_345' title='bbox 2211 2049 2351 2118; x_wconf 82' lang='lat' dir='ltr'><strong>Quid</strong></span> <span class='ocrx_word' id='word_1_346' title='bbox 2379 2065 2510 2124; x_wconf 87' lang='lat' dir='ltr'><strong>ergo</strong></span> <span class='ocrx_word' id='word_1_347' title='bbox 2528 2062 2613 2108; x_wconf 88' lang='lat' dir='ltr'><strong>est</strong></span> <span class='ocrx_word' id='word_1_348' title='bbox 2642 2050 2789 2107; x_wconf 87' lang='lat' dir='ltr'><strong>aliud</strong></span> <span class='ocrx_word' id='word_1_349' title='bbox 2833 2050 2957 2106; x_wconf 83' lang='lat' dir='ltr'><strong>talis</strong></span> <span class='ocrx_word' id='word_1_350' title='bbox 2978 2049 3352 2121; x_wconf 63' lang='lat' dir='ltr'><strong>praesumptio,</strong></span> 
     </span>
    </p>
   </div>
   <div class='ocr_carea' id='block_1_45' title="bbox 1763 2141 3353 2214">
    <p class='ocr_par' dir='ltr' id='par_1_45' title="bbox 1763 2141 3353 2214">
     <span class='ocr_line' id='line_1_45' title="bbox 1763 2141 3353 2214; baseline -0.001 -17"><span class='ocrx_word' id='word_1_351' title='bbox 1763 2144 1867 2198; x_wconf 88' lang='lat' dir='ltr'><strong>nisi</strong></span> <span class='ocrx_word' id='word_1_352' title='bbox 1897 2143 2041 2214; x_wconf 92' lang='lat' dir='ltr'><strong>quod</strong></span> <span class='ocrx_word' id='word_1_353' title='bbox 2079 2143 2446 2214; x_wconf 89' lang='lat' dir='ltr'><strong>apostolorum</strong></span> <span class='ocrx_word' id='word_1_354' title='bbox 2474 2155 2808 2214; x_wconf 86' lang='lat' dir='ltr'><strong>suorumque</strong></span> <span class='ocrx_word' id='word_1_355' title='bbox 2843 2156 3215 2198; x_wconf 88' lang='lat' dir='ltr'><strong>successorum</strong></span> <span class='ocrx_word' id='word_1_356' title='bbox 3255 2141 3353 2196; x_wconf 90' lang='lat' dir='ltr'><strong>de-</strong></span> 
     </span>
    </p>
   </div>
   <div class='ocr_carea' id='block_1_46' title="bbox 1761 2233 3353 2306">
    <p class='ocr_par' dir='ltr' id='par_1_46' title="bbox 1761 2233 3353 2306">
     <span class='ocr_line' id='line_1_46' title="bbox 1761 2233 3353 2306; baseline 0 -18"><span class='ocrx_word' id='word_1_357' title='bbox 1761 2242 1910 2289; x_wconf 88' lang='lat' dir='ltr'><strong>creta</strong></span> <span class='ocrx_word' id='word_1_358' title='bbox 1962 2235 2285 2306; x_wconf 86' lang='lat' dir='ltr'><strong>transgredi,</strong></span> <span class='ocrx_word' id='word_1_359' title='bbox 2337 2244 2393 2290; x_wconf 91' lang='lat' dir='ltr'><strong>et</strong></span> <span class='ocrx_word' id='word_1_360' title='bbox 2438 2234 2874 2290; x_wconf 88' lang='lat' dir='ltr'><strong>maledictionem</strong></span> <span class='ocrx_word' id='word_1_361' title='bbox 2911 2233 3161 2305; x_wconf 87' lang='lat' dir='ltr'><strong>superius</strong></span> <span class='ocrx_word' id='word_1_362' title='bbox 3195 2247 3353 2288; x_wconf 89' lang='lat' dir='ltr'><strong>com-</strong></span> 
     </span>
    </p>
   </div>
   <div class='ocr_carea' id='block_1_47' title="bbox 1761 2325 3353 2397">
    <p class='ocr_par' dir='ltr' id='par_1_47' title="bbox 1761 2325 3353 2397">
     <span class='ocr_line' id='line_1_47' title="bbox 1761 2325 3353 2397; baseline 0 -17"><span class='ocrx_word' id='word_1_363' title='bbox 1761 2325 2107 2395; x_wconf 89' lang='lat' dir='ltr'><strong>prehensam,</strong></span> <span class='ocrx_word' id='word_1_364' title='bbox 2155 2325 2213 2380; x_wconf 90' lang='lat' dir='ltr'><strong>in</strong></span> <span class='ocrx_word' id='word_1_365' title='bbox 2252 2325 2371 2397; x_wconf 87' lang='lat' dir='ltr'><strong>lege</strong></span> <span class='ocrx_word' id='word_1_366' title='bbox 2419 2325 2627 2382; x_wconf 88' lang='lat' dir='ltr'><strong>scilicet</strong></span> <span class='ocrx_word' id='word_1_367' title='bbox 2670 2333 2909 2391; x_wconf 89' lang='lat' dir='ltr'><strong>cautam,</strong></span> <span class='ocrx_word' id='word_1_368' title='bbox 2958 2340 3122 2397; x_wconf 90' lang='lat' dir='ltr'><strong>quam</strong></span> <span class='ocrx_word' id='word_1_369' title='bbox 3175 2325 3353 2381; x_wconf 89' lang='lat' dir='ltr'><strong>omnis</strong></span> 
     </span>
    </p>
   </div>
   <div class='ocr_carea' id='block_1_48' title="bbox 1761 2416 3346 2489">
    <p class='ocr_par' dir='ltr' id='par_1_48' title="bbox 1761 2416 3346 2489">
     <span class='ocr_line' id='line_1_48' title="bbox 1761 2416 3346 2489; baseline 0.001 -18"><span class='ocrx_word' id='word_1_370' title='bbox 1761 2416 1992 2486; x_wconf 90' lang='lat' dir='ltr'><strong>populus</strong></span> <span class='ocrx_word' id='word_1_371' title='bbox 2027 2431 2136 2472; x_wconf 90' lang='lat' dir='ltr'><strong>uno</strong></span> <span class='ocrx_word' id='word_1_372' title='bbox 2153 2431 2250 2473; x_wconf 91' lang='lat' dir='ltr'><strong>ore</strong></span> <span class='ocrx_word' id='word_1_373' title='bbox 2269 2431 2617 2488; x_wconf 85' lang='lat' dir='ltr'><strong>consonaque</strong></span> <span class='ocrx_word' id='word_1_374' title='bbox 2645 2418 2998 2489; x_wconf 88' lang='lat' dir='ltr'><strong>responsione</strong></span> <span class='ocrx_word' id='word_1_375' title='bbox 3026 2433 3125 2489; x_wconf 86' lang='lat' dir='ltr'><strong>per</strong></span> <span class='ocrx_word' id='word_1_376' title='bbox 3153 2419 3346 2483; x_wconf 90' lang='lat' dir='ltr'><strong>Amen,</strong></span> 
     </span>
    </p>
   </div>
   <div class='ocr_carea' id='block_1_49' title="bbox 1760 2507 3272 2582">
    <p class='ocr_par' dir='ltr' id='par_1_49' title="bbox 1760 2507 3272 2582">
     <span class='ocr_line' id='line_1_49' title="bbox 1760 2507 3272 2582; baseline 0.001 -20"><span class='ocrx_word' id='word_1_377' title='bbox 1760 2507 1815 2563; x_wconf 93' lang='lat' dir='ltr'><strong>id</strong></span> <span class='ocrx_word' id='word_1_378' title='bbox 1840 2516 1924 2564; x_wconf 91' lang='lat' dir='ltr'><strong>est</strong></span> <span class='ocrx_word' id='word_1_379' title='bbox 1954 2508 2070 2577; x_wconf 90' lang='lat' dir='ltr'><strong>ﬁat,</strong></span> <span class='ocrx_word' id='word_1_380' title='bbox 2098 2509 2460 2578; x_wconf 86' lang='lat' dir='ltr'><strong>conﬁrmavit,</strong></span> <span class='ocrx_word' id='word_1_381' title='bbox 2499 2511 2776 2582; x_wconf 85' lang='lat' dir='ltr'><strong>suscipere</strong></span> <span class='ocrx_word' id='word_1_382' title='bbox 2796 2528 2905 2569; x_wconf 90' lang='lat' dir='ltr'><strong>non</strong></span> <span class='ocrx_word' id='word_1_383' title='bbox 2937 2511 3229 2568; x_wconf 85' lang='lat' dir='ltr'><strong>timuistis?</strong></span> <span class='ocrx_word' id='word_1_384' title='bbox 3255 2532 3272 2564; x_wconf 74' lang='grc' dir='ltr'><strong><em>ι</em></strong></span> 
     </span>
    </p>
   </div>
   <div class='ocr_carea' id='block_1_50' title="bbox 1833 2599 3352 2673">
    <p class='ocr_par' dir='ltr' id='par_1_50' title="bbox 1833 2599 3352 2673">
     <span class='ocr_line' id='line_1_50' title="bbox 1833 2599 3352 2673; baseline 0.002 -19"><span class='ocrx_word' id='word_1_385' title='bbox 1833 2599 1968 2656; x_wconf 85' lang='lat' dir='ltr'><strong>Item</strong></span> <span class='ocrx_word' id='word_1_386' title='bbox 1991 2616 2056 2656; x_wconf 76' lang='lat' dir='ltr'><strong>ea:</strong></span> <span class='ocrx_word' id='word_1_387' title='bbox 2083 2599 2306 2657; x_wconf 85' lang='lat' dir='ltr'><strong>eadem:</strong></span> <span class='ocrx_word' id='word_1_388' title='bbox 2341 2619 2362 2653; x_wconf 72' lang='grc' dir='ltr'><strong><em>ι</em></strong></span> <span class='ocrx_word' id='word_1_389' title='bbox 2398 2599 2570 2658; x_wconf 86' lang='lat' dir='ltr'><strong>Nemo</strong></span> <span class='ocrx_word' id='word_1_390' title='bbox 2594 2601 2742 2657; x_wconf 89' lang='lat' dir='ltr'><strong>cnim</strong></span> <span class='ocrx_word' id='word_1_391' title='bbox 2778 2603 3078 2658; x_wconf 90' lang='lat' dir='ltr'><strong>debitorem</strong></span> <span class='ocrx_word' id='word_1_392' title='bbox 3117 2601 3352 2673; x_wconf 88' lang='lat' dir='ltr'><strong>amplius</strong></span> 
     </span>
    </p>
   </div>
   <div class='ocr_carea' id='block_1_51' title="bbox 1763 2689 3352 2763">
    <p class='ocr_par' dir='ltr' id='par_1_51' title="bbox 1763 2689 3352 2763">
     <span class='ocr_line' id='line_1_51' title="bbox 1763 2689 3352 2763; baseline 0.001 -19"><span class='ocrx_word' id='word_1_393' title='bbox 1763 2697 1943 2758; x_wconf 87' lang='lat' dir='ltr'><strong>potest</strong></span> <span class='ocrx_word' id='word_1_394' title='bbox 1973 2704 2324 2762; x_wconf 89' lang='lat' dir='ltr'><strong>cognoscere,</strong></span> <span class='ocrx_word' id='word_1_395' title='bbox 2372 2705 2538 2761; x_wconf 89' lang='lat' dir='ltr'><strong>quam</strong></span> <span class='ocrx_word' id='word_1_396' title='bbox 2585 2689 2674 2746; x_wconf 90' lang='lat' dir='ltr'><strong>ille</strong></span> <span class='ocrx_word' id='word_1_397' title='bbox 2703 2691 2797 2763; x_wconf 90' lang='lat' dir='ltr'><strong>qui</strong></span> <span class='ocrx_word' id='word_1_398' title='bbox 2830 2689 3089 2761; x_wconf 89' lang='lat' dir='ltr'><strong>injuriam</strong></span> <span class='ocrx_word' id='word_1_399' title='bbox 3125 2689 3352 2762; x_wconf 89' lang='lat' dir='ltr'><strong>ejusque</strong></span> 
     </span>
    </p>
   </div>
   <div class='ocr_carea' id='block_1_52' title="bbox 1761 2781 3348 2854">
    <p class='ocr_par' dir='ltr' id='par_1_52' title="bbox 1761 2781 3348 2854">
     <span class='ocr_line' id='line_1_52' title="bbox 1761 2781 3348 2854; baseline 0.001 -19"><span class='ocrx_word' id='word_1_400' title='bbox 1761 2781 2019 2836; x_wconf 90' lang='lat' dir='ltr'><strong>sustinuit</strong></span> <span class='ocrx_word' id='word_1_401' title='bbox 2039 2781 2354 2852; x_wconf 90' lang='lat' dir='ltr'><strong>nequitiam.</strong></span> <span class='ocrx_word' id='word_1_402' title='bbox 2382 2781 2451 2836; x_wconf 89' lang='lat' dir='ltr'><strong>Et</strong></span> <span class='ocrx_word' id='word_1_403' title='bbox 2476 2792 2593 2854; x_wconf 85' lang='lat' dir='ltr'><strong>post</strong></span> <span class='ocrx_word' id='word_1_404' title='bbox 2631 2799 2823 2853; x_wconf 85' lang='lat' dir='ltr'><strong>pauca.</strong></span> <span class='ocrx_word' id='word_1_405' title='bbox 2849 2781 3001 2852; x_wconf 87' lang='lat' dir='ltr'><strong>Quod</strong></span> <span class='ocrx_word' id='word_1_406' title='bbox 3044 2783 3188 2839; x_wconf 91' lang='lat' dir='ltr'><strong>enim</strong></span> <span class='ocrx_word' id='word_1_407' title='bbox 3217 2783 3348 2838; x_wconf 85' lang='lat' dir='ltr'><strong>scri-</strong></span> 
     </span>
    </p>
   </div>
   <div class='ocr_carea' id='block_1_53' title="bbox 1759 2873 3345 2949">
    <p class='ocr_par' dir='ltr' id='par_1_53' title="bbox 1759 2873 3345 2949">
     <span class='ocr_line' id='line_1_53' title="bbox 1759 2873 3345 2949; baseline 0.003 -22"><span class='ocrx_word' id='word_1_408' title='bbox 1759 2873 1946 2942; x_wconf 92' lang='lat' dir='ltr'><strong>psistis</strong></span> <span class='ocrx_word' id='word_1_409' title='bbox 1973 2888 2082 2929; x_wconf 91' lang='lat' dir='ltr'><strong>non</strong></span> <span class='ocrx_word' id='word_1_410' title='bbox 2111 2889 2272 2944; x_wconf 92' lang='lat' dir='ltr'><strong>posse</strong></span> <span class='ocrx_word' id='word_1_411' title='bbox 2295 2890 2420 2931; x_wconf 89' lang='lat' dir='ltr'><strong>eum</strong></span> <span class='ocrx_word' id='word_1_412' title='bbox 2459 2891 2490 2930; x_wconf 92' lang='lat' dir='ltr'><strong>a</strong></span> <span class='ocrx_word' id='word_1_413' title='bbox 2519 2878 2774 2945; x_wconf 90' lang='lat' dir='ltr'><strong>pauciore</strong></span> <span class='ocrx_word' id='word_1_414' title='bbox 2797 2893 3027 2934; x_wconf 90' lang='lat' dir='ltr'><strong>numero</strong></span> <span class='ocrx_word' id='word_1_415' title='bbox 3055 2877 3345 2949; x_wconf 80' lang='lat' dir='ltr'><strong>episcopo—</strong></span> 
     </span>
    </p>
   </div>
   <div class='ocr_carea' id='block_1_54' title="bbox 1759 2965 3349 3039">
    <p class='ocr_par' dir='ltr' id='par_1_54' title="bbox 1759 2965 3349 3039">
     <span class='ocr_line' id='line_1_54' title="bbox 1759 2965 3349 3039; baseline 0.004 -20"><span class='ocrx_word' id='word_1_416' title='bbox 1759 2980 1879 3020; x_wconf 88' lang='lat' dir='ltr'><strong>rum</strong></span> <span class='ocrx_word' id='word_1_417' title='bbox 1908 2965 2121 3020; x_wconf 90' lang='lat' dir='ltr'><strong>restitui</strong></span> <span class='ocrx_word' id='word_1_418' title='bbox 2164 2982 2327 3037; x_wconf 88' lang='lat' dir='ltr'><strong>quam</strong></span> <span class='ocrx_word' id='word_1_419' title='bbox 2351 2969 2632 3039; x_wconf 87' lang='lat' dir='ltr'><strong>depositus</strong></span> <span class='ocrx_word' id='word_1_420' title='bbox 2655 2967 2854 3035; x_wconf 83' lang='lat' dir='ltr'><strong>fuerat,</strong></span> <span class='ocrx_word' id='word_1_421' title='bbox 2880 2984 2988 3025; x_wconf 89' lang='lat' dir='ltr'><strong>non</strong></span> <span class='ocrx_word' id='word_1_422' title='bbox 3009 2969 3085 3024; x_wconf 84' lang='lat' dir='ltr'><strong>ita</strong></span> <span class='ocrx_word' id='word_1_423' title='bbox 3113 2979 3219 3036; x_wconf 89' lang='lat' dir='ltr'><strong>est,</strong></span> <span class='ocrx_word' id='word_1_424' title='bbox 3246 2985 3349 3026; x_wconf 89' lang='lat' dir='ltr'><strong>nec</strong></span> 
     </span>
    </p>
   </div>
   <div class='ocr_carea' id='block_1_55' title="bbox 1757 3053 3346 3128">
    <p class='ocr_par' dir='ltr' id='par_1_55' title="bbox 1757 3053 3346 3128">
     <span class='ocr_line' id='line_1_55' title="bbox 1757 3053 3346 3128; baseline 0.003 -20"><span class='ocrx_word' id='word_1_425' title='bbox 1757 3053 1875 3110; x_wconf 60' lang='lat' dir='ltr'><strong>haec</strong></span> <span class='ocrx_word' id='word_1_426' title='bbox 1918 3054 2103 3126; x_wconf 90' lang='lat' dir='ltr'><strong>regula</strong></span> <span class='ocrx_word' id='word_1_427' title='bbox 2131 3057 2560 3113; x_wconf 78' lang='lat' dir='ltr'><strong>orthodoxorum</strong></span> <span class='ocrx_word' id='word_1_428' title='bbox 2589 3068 2790 3114; x_wconf 68' lang='lat' dir='ltr'><strong>sanctae</strong></span> <span class='ocrx_word' id='word_1_429' title='bbox 2817 3057 3077 3115; x_wconf 71' lang='lat' dir='ltr'><strong>Ecclesia:</strong></span> <span class='ocrx_word' id='word_1_430' title='bbox 3108 3067 3194 3114; x_wconf 88' lang='lat' dir='ltr'><strong>est</strong></span> <span class='ocrx_word' id='word_1_431' title='bbox 3233 3060 3346 3128; x_wconf 91' lang='lat' dir='ltr'><strong>epi—</strong></span> 
     </span>
    </p>
   </div>
   <div class='ocr_carea' id='block_1_56' title="bbox 1756 3147 3347 3217">
    <p class='ocr_par' dir='ltr' id='par_1_56' title="bbox 1756 3147 3347 3217">
     <span class='ocr_line' id='line_1_56' title="bbox 1756 3147 3347 3217; baseline 0.003 -17"><span class='ocrx_word' id='word_1_432' title='bbox 1756 3159 2068 3216; x_wconf 80' lang='lat' dir='ltr'><strong>scoparum,</strong></span> <span class='ocrx_word' id='word_1_433' title='bbox 2103 3147 2200 3202; x_wconf 92' lang='lat' dir='ltr'><strong>sed</strong></span> <span class='ocrx_word' id='word_1_434' title='bbox 2241 3147 2623 3217; x_wconf 84' lang='lat' dir='ltr'><strong>Arrianorum,</strong></span> <span class='ocrx_word' id='word_1_435' title='bbox 2651 3149 2926 3204; x_wconf 89' lang='lat' dir='ltr'><strong>sociorum</strong></span> <span class='ocrx_word' id='word_1_436' title='bbox 2957 3147 3212 3204; x_wconf 84' lang='lat' dir='ltr'><strong>videlicet</strong></span> <span class='ocrx_word' id='word_1_437' title='bbox 3253 3164 3347 3204; x_wconf 84' lang='lat' dir='ltr'><strong>ve-</strong></span> 
     </span>
    </p>
   </div>
   <div class='ocr_carea' id='block_1_57' title="bbox 1755 3237 3346 3312">
    <p class='ocr_par' dir='ltr' id='par_1_57' title="bbox 1755 3237 3346 3312">
     <span class='ocr_line' id='line_1_57' title="bbox 1755 3237 3346 3312; baseline 0.001 -18"><span class='ocrx_word' id='word_1_438' title='bbox 1755 3247 2018 3306; x_wconf 88' lang='lat' dir='ltr'><strong>strorum,</strong></span> <span class='ocrx_word' id='word_1_439' title='bbox 2042 3240 2160 3296; x_wconf 73' lang='lat' dir='ltr'><strong>haec</strong></span> <span class='ocrx_word' id='word_1_440' title='bbox 2185 3239 2427 3296; x_wconf 91' lang='lat' dir='ltr'><strong>inventio</strong></span> <span class='ocrx_word' id='word_1_441' title='bbox 2452 3243 2521 3296; x_wconf 91' lang='lat' dir='ltr'><strong>ad</strong></span> <span class='ocrx_word' id='word_1_442' title='bbox 2535 3237 2894 3312; x_wconf 74' lang='lat' dir='ltr'><strong>pei&#39;ditionem</strong></span> <span class='ocrx_word' id='word_1_443' title='bbox 2917 3240 3346 3296; x_wconf 80' lang='lat' dir='ltr'><strong>orthodoxorum</strong></span> 
     </span>
    </p>
   </div>
   <div class='ocr_carea' id='block_1_58' title="bbox 68 3309 1651 3408">
    <p class='ocr_par' dir='ltr' id='par_1_58' title="bbox 68 3334 1644 3408">
     <span class='ocr_line' id='line_1_58' title="bbox 68 3334 1644 3408; baseline 0.005 -19"><span class='ocrx_word' id='word_1_444' title='bbox 68 3343 158 3400; x_wconf 89' lang='lat' dir='ltr'><strong>tes,</strong></span> <span class='ocrx_word' id='word_1_445' title='bbox 180 3334 359 3391; x_wconf 88' lang='lat' dir='ltr'><strong>visum</strong></span> <span class='ocrx_word' id='word_1_446' title='bbox 383 3343 470 3391; x_wconf 89' lang='lat' dir='ltr'><strong>est</strong></span> <span class='ocrx_word' id='word_1_447' title='bbox 521 3335 680 3392; x_wconf 90' lang='lat' dir='ltr'><strong>nobis</strong></span> <span class='ocrx_word' id='word_1_448' title='bbox 734 3350 798 3391; x_wconf 90' lang='lat' dir='ltr'><strong>ac</strong></span> <span class='ocrx_word' id='word_1_449' title='bbox 851 3336 1105 3392; x_wconf 91' lang='lat' dir='ltr'><strong>universo</strong></span> <span class='ocrx_word' id='word_1_450' title='bbox 1139 3339 1390 3406; x_wconf 89' lang='lat' dir='ltr'><strong>concilio,</strong></span> <span class='ocrx_word' id='word_1_451' title='bbox 1437 3349 1500 3395; x_wconf 92' lang='lat' dir='ltr'><strong>ut</strong></span> <span class='ocrx_word' id='word_1_452' title='bbox 1527 3355 1644 3408; x_wconf 87' lang='lat' dir='ltr'><strong>vos,</strong></span> 
     </span>
    </p>
   </div>
   <div class='ocr_carea' id='block_1_59' title="bbox 1755 3309 3346 3408">
    <p class='ocr_par' dir='ltr' id='par_1_59' title="bbox 1755 3309 3346 3400">
     <span class='ocr_line' id='line_1_59' title="bbox 1755 3309 3346 3400; baseline 0.002 -15"><span class='ocrx_word' id='word_1_453' title='bbox 1755 3329 2132 3400; x_wconf 90' lang='lat' dir='ltr'><strong>episcoporum</strong></span> <span class='ocrx_word' id='word_1_454' title='bbox 2155 3339 2408 3387; x_wconf 86' lang='lat' dir='ltr'><strong>contexta</strong></span> <span class='ocrx_word' id='word_1_455' title='bbox 2431 3309 2553 3388; x_wconf 45' lang='lat' dir='ltr'><strong>est:</strong></span> <span class='ocrx_word' id='word_1_456' title='bbox 2565 3331 2721 3397; x_wconf 90' lang='lat' dir='ltr'><strong>Nam,</strong></span> <span class='ocrx_word' id='word_1_457' title='bbox 2748 3333 2974 3389; x_wconf 91' lang='lat' dir='ltr'><strong>utnobis</strong></span> <span class='ocrx_word' id='word_1_458' title='bbox 3003 3350 3033 3388; x_wconf 89' lang='lat' dir='ltr'><strong>a</strong></span> <span class='ocrx_word' id='word_1_459' title='bbox 3061 3333 3346 3391; x_wconf 87' lang='lat' dir='ltr'><strong>veracibus</strong></span> 
     </span>
    </p>
   </div>
   <div class='ocr_carea' id='block_1_60' title="bbox 68 3425 1642 3499">
    <p class='ocr_par' dir='ltr' id='par_1_60' title="bbox 68 3425 1642 3499">
     <span class='ocr_line' id='line_1_60' title="bbox 68 3425 1642 3499; baseline 0.005 -20"><span class='ocrx_word' id='word_1_460' title='bbox 68 3425 256 3482; x_wconf 89' lang='lat' dir='ltr'><strong>divinis</strong></span> <span class='ocrx_word' id='word_1_461' title='bbox 291 3426 583 3499; x_wconf 71' lang='lat' dir='ltr'><strong>praeceptis</strong></span> <span class='ocrx_word' id='word_1_462' title='bbox 615 3434 674 3481; x_wconf 91' lang='lat' dir='ltr'><strong>et</strong></span> <span class='ocrx_word' id='word_1_463' title='bbox 710 3425 1020 3496; x_wconf 89' lang='lat' dir='ltr'><strong>apostolicis</strong></span> <span class='ocrx_word' id='word_1_464' title='bbox 1070 3429 1292 3485; x_wconf 90' lang='lat' dir='ltr'><strong>monitis</strong></span> <span class='ocrx_word' id='word_1_465' title='bbox 1338 3431 1642 3499; x_wconf 80' lang='lat' dir='ltr'><strong>infamati,</strong></span> 
     </span>
    </p>
   </div>
   <div class='ocr_carea' id='block_1_61' title="bbox 66 3515 1647 3593">
    <p class='ocr_par' dir='ltr' id='par_1_61' title="bbox 66 3515 1647 3593">
     <span class='ocr_line' id='line_1_61' title="bbox 66 3515 1647 3593; baseline 0.004 -23"><span class='ocrx_word' id='word_1_466' title='bbox 66 3517 150 3587; x_wconf 90' lang='lat' dir='ltr'><strong>qui</strong></span> <span class='ocrx_word' id='word_1_467' title='bbox 177 3532 276 3588; x_wconf 91' lang='lat' dir='ltr'><strong>pro</strong></span> <span class='ocrx_word' id='word_1_468' title='bbox 306 3517 550 3573; x_wconf 89' lang='lat' dir='ltr'><strong>omnium</strong></span> <span class='ocrx_word' id='word_1_469' title='bbox 579 3515 944 3572; x_wconf 85' lang='lat' dir='ltr'><strong>Ecclesiarum</strong></span> <span class='ocrx_word' id='word_1_470' title='bbox 972 3525 1117 3573; x_wconf 87' lang='lat' dir='ltr'><strong>statu</strong></span> <span class='ocrx_word' id='word_1_471' title='bbox 1145 3518 1376 3591; x_wconf 88' lang='lat' dir='ltr'><strong>impigro</strong></span> <span class='ocrx_word' id='word_1_472' title='bbox 1418 3521 1647 3593; x_wconf 89' lang='lat' dir='ltr'><strong>vigilare</strong></span> 
     </span>
    </p>
   </div>
   <div class='ocr_carea' id='block_1_62' title="bbox 68 3607 1644 3686">
    <p class='ocr_par' dir='ltr' id='par_1_62' title="bbox 68 3607 1644 3686">
     <span class='ocr_line' id='line_1_62' title="bbox 68 3607 1644 3686; baseline 0.006 -25"><span class='ocrx_word' id='word_1_473' title='bbox 68 3607 320 3665; x_wconf 88' lang='lat' dir='ltr'><strong>debemus</strong></span> <span class='ocrx_word' id='word_1_474' title='bbox 346 3609 565 3677; x_wconf 81' lang='lat' dir='ltr'><strong>aﬂ&#39;ectu,</strong></span> <span class='ocrx_word' id='word_1_475' title='bbox 595 3609 644 3666; x_wconf 89' lang='lat' dir='ltr'><strong>si</strong></span> <span class='ocrx_word' id='word_1_476' title='bbox 669 3609 964 3680; x_wconf 88' lang='lat' dir='ltr'><strong>quidquam</strong></span> <span class='ocrx_word' id='word_1_477' title='bbox 983 3613 1390 3682; x_wconf 88' lang='lat' dir='ltr'><strong>reprehensioni</strong></span> <span class='ocrx_word' id='word_1_478' title='bbox 1414 3631 1644 3686; x_wconf 89' lang='lat' dir='ltr'><strong>usquam</strong></span> 
     </span>
    </p>
   </div>
   <div class='ocr_carea' id='block_1_63' title="bbox 69 3697 1644 3769">
    <p class='ocr_par' dir='ltr' id='par_1_63' title="bbox 69 3697 1644 3769">
     <span class='ocr_line' id='line_1_63' title="bbox 69 3697 1644 3769; baseline 0.01 -18"><span class='ocrx_word' id='word_1_479' title='bbox 69 3697 331 3757; x_wconf 89' lang='lat' dir='ltr'><strong>invenitur</strong></span> <span class='ocrx_word' id='word_1_480' title='bbox 381 3701 718 3769; x_wconf 79' lang='lat' dir='ltr'><strong>obnoxium,</strong></span> <span class='ocrx_word' id='word_1_481' title='bbox 790 3701 957 3758; x_wconf 89' lang='lat' dir='ltr'><strong>celeri</strong></span> <span class='ocrx_word' id='word_1_482' title='bbox 1013 3702 1377 3761; x_wconf 85' lang='lat' dir='ltr'><strong>sollicitudine</strong></span> <span class='ocrx_word' id='word_1_483' title='bbox 1428 3716 1522 3762; x_wconf 92' lang='lat' dir='ltr'><strong>aut</strong></span> <span class='ocrx_word' id='word_1_484' title='bbox 1574 3709 1644 3767; x_wconf 86' lang='lat' dir='ltr'><strong>ab</strong></span> 
     </span>
    </p>
   </div>
   <div class='ocr_carea' id='block_1_64' title="bbox 69 3791 1642 3872">
    <p class='ocr_par' dir='ltr' id='par_1_64' title="bbox 69 3791 1642 3872">
     <span class='ocr_line' id='line_1_64' title="bbox 69 3791 1642 3872; baseline 0.008 -27"><span class='ocrx_word' id='word_1_485' title='bbox 69 3791 375 3861; x_wconf 69' lang='lat' dir='ltr'><strong>ignorantia:</strong></span> <span class='ocrx_word' id='word_1_486' title='bbox 399 3795 692 3866; x_wconf 82' lang='lat' dir='ltr'><strong>imperitia,</strong></span> <span class='ocrx_word' id='word_1_487' title='bbox 720 3804 814 3850; x_wconf 91' lang='lat' dir='ltr'><strong>aut</strong></span> <span class='ocrx_word' id='word_1_488' title='bbox 849 3811 881 3850; x_wconf 91' lang='lat' dir='ltr'><strong>a</strong></span> <span class='ocrx_word' id='word_1_489' title='bbox 925 3798 1364 3868; x_wconf 68' lang='lat' dir='ltr'><strong>praesumptionis</strong></span> <span class='ocrx_word' id='word_1_490' title='bbox 1409 3815 1642 3872; x_wconf 89' lang='lat' dir='ltr'><strong>usurpa-</strong></span> 
     </span>
    </p>
   </div>
   <div class='ocr_carea' id='block_1_65' title="bbox 69 3882 1640 3960">
    <p class='ocr_par' dir='ltr' id='par_1_65' title="bbox 69 3882 1640 3960">
     <span class='ocr_line' id='line_1_65' title="bbox 69 3882 1640 3960; baseline 0.01 -27"><span class='ocrx_word' id='word_1_491' title='bbox 69 3882 202 3938; x_wconf 91' lang='lat' dir='ltr'><strong>tione</strong></span> <span class='ocrx_word' id='word_1_492' title='bbox 220 3899 556 3942; x_wconf 90' lang='lat' dir='ltr'><strong>revocemus.</strong></span> <span class='ocrx_word' id='word_1_493' title='bbox 588 3883 684 3941; x_wconf 86' lang='lat' dir='ltr'><strong>His</strong></span> <span class='ocrx_word' id='word_1_494' title='bbox 709 3885 890 3943; x_wconf 84' lang='lat' dir='ltr'><strong>taliter</strong></span> <span class='ocrx_word' id='word_1_495' title='bbox 933 3887 1294 3944; x_wconf 89' lang='lat' dir='ltr'><strong>consideratis</strong></span> <span class='ocrx_word' id='word_1_496' title='bbox 1347 3898 1512 3960; x_wconf 84' lang='lat' dir='ltr'><strong>atque</strong></span> <span class='ocrx_word' id='word_1_497' title='bbox 1542 3892 1640 3948; x_wconf 82' lang='lat' dir='ltr'><strong>de-</strong></span> 
     </span>
    </p>
   </div>
   <div class='ocr_carea' id='block_1_66' title="bbox 68 3972 1642 4052">
    <p class='ocr_par' dir='ltr' id='par_1_66' title="bbox 68 3972 1642 4052">
     <span class='ocr_line' id='line_1_66' title="bbox 68 3972 1642 4052; baseline 0.008 -28"><span class='ocrx_word' id='word_1_498' title='bbox 68 3972 238 4040; x_wconf 88' lang='lat' dir='ltr'><strong>cretis,</strong></span> <span class='ocrx_word' id='word_1_499' title='bbox 267 3981 528 4047; x_wconf 89' lang='lat' dir='ltr'><strong>tanquam</strong></span> <span class='ocrx_word' id='word_1_500' title='bbox 577 3977 820 4032; x_wconf 90' lang='lat' dir='ltr'><strong>omnium</strong></span> <span class='ocrx_word' id='word_1_501' title='bbox 873 3991 1064 4032; x_wconf 90' lang='lat' dir='ltr'><strong>curam</strong></span> <span class='ocrx_word' id='word_1_502' title='bbox 1093 3987 1366 4050; x_wconf 87' lang='lat' dir='ltr'><strong>gerentes,</strong></span> <span class='ocrx_word' id='word_1_503' title='bbox 1418 3991 1642 4052; x_wconf 87' lang='lat' dir='ltr'><strong>propter</strong></span> 
     </span>
    </p>
   </div>
   <div class='ocr_carea' id='block_1_67' title="bbox 68 4065 1640 4142">
    <p class='ocr_par' dir='ltr' id='par_1_67' title="bbox 68 4065 1640 4142">
     <span class='ocr_line' id='line_1_67' title="bbox 68 4065 1640 4142; baseline 0.007 -24"><span class='ocrx_word' id='word_1_504' title='bbox 68 4065 199 4122; x_wconf 87' lang='lat' dir='ltr'><strong>sedis</strong></span> <span class='ocrx_word' id='word_1_505' title='bbox 219 4069 456 4140; x_wconf 71' lang='lat' dir='ltr'><strong>propriae</strong></span> <span class='ocrx_word' id='word_1_506' title='bbox 483 4069 825 4140; x_wconf 87' lang='lat' dir='ltr'><strong>dignitatem,</strong></span> <span class='ocrx_word' id='word_1_507' title='bbox 861 4070 1201 4142; x_wconf 88' lang='lat' dir='ltr'><strong>suscepimus</strong></span> <span class='ocrx_word' id='word_1_508' title='bbox 1245 4085 1340 4128; x_wconf 89' lang='lat' dir='ltr'><strong>eos</strong></span> <span class='ocrx_word' id='word_1_509' title='bbox 1392 4071 1445 4127; x_wconf 92' lang='lat' dir='ltr'><strong>in</strong></span> <span class='ocrx_word' id='word_1_510' title='bbox 1491 4087 1640 4128; x_wconf 87' lang='lat' dir='ltr'><strong>com-</strong></span> 
     </span>
    </p>
   </div>
   <div class='ocr_carea' id='block_1_68' title="bbox 66 4159 1640 4237">
    <p class='ocr_par' dir='ltr' id='par_1_68' title="bbox 66 4159 1640 4237">
     <span class='ocr_line' id='line_1_68' title="bbox 66 4159 1640 4237; baseline 0.008 -26"><span class='ocrx_word' id='word_1_511' title='bbox 66 4159 384 4229; x_wconf 89' lang='lat' dir='ltr'><strong>munionem,</strong></span> <span class='ocrx_word' id='word_1_512' title='bbox 421 4162 756 4234; x_wconf 88' lang='lat' dir='ltr'><strong>singulisque</strong></span> <span class='ocrx_word' id='word_1_513' title='bbox 784 4178 907 4219; x_wconf 91' lang='lat' dir='ltr'><strong>cum</strong></span> <span class='ocrx_word' id='word_1_514' title='bbox 936 4165 1069 4232; x_wconf 87' lang='lat' dir='ltr'><strong>suis,</strong></span> <span class='ocrx_word' id='word_1_515' title='bbox 1111 4167 1437 4222; x_wconf 90' lang='lat' dir='ltr'><strong>auctoritate</strong></span> <span class='ocrx_word' id='word_1_516' title='bbox 1479 4167 1640 4237; x_wconf 88' lang='lat' dir='ltr'><strong>hujus</strong></span> 
     </span>
    </p>
   </div>
   <div class='ocr_carea' id='block_1_69' title="bbox 66 4253 1640 4328">
    <p class='ocr_par' dir='ltr' id='par_1_69' title="bbox 66 4253 1640 4328">
     <span class='ocr_line' id='line_1_69' title="bbox 66 4253 1640 4328; baseline 0.01 -27"><span class='ocrx_word' id='word_1_517' title='bbox 66 4260 250 4308; x_wconf 74' lang='lat' dir='ltr'><strong>sancta:</strong></span> <span class='ocrx_word' id='word_1_518' title='bbox 293 4253 463 4322; x_wconf 86' lang='lat' dir='ltr'><strong>sedis,</strong></span> <span class='ocrx_word' id='word_1_519' title='bbox 493 4255 658 4310; x_wconf 90' lang='lat' dir='ltr'><strong>rebus</strong></span> <span class='ocrx_word' id='word_1_520' title='bbox 682 4270 810 4311; x_wconf 88' lang='lat' dir='ltr'><strong>suas</strong></span> <span class='ocrx_word' id='word_1_521' title='bbox 850 4256 1102 4328; x_wconf 88' lang='lat' dir='ltr'><strong>proprias</strong></span> <span class='ocrx_word' id='word_1_522' title='bbox 1149 4257 1484 4314; x_wconf 89' lang='lat' dir='ltr'><strong>reddidimus</strong></span> <span class='ocrx_word' id='word_1_523' title='bbox 1536 4259 1640 4316; x_wconf 90' lang='lat' dir='ltr'><strong>Ec-</strong></span> 
     </span>
    </p>
   </div>
   <div class='ocr_carea' id='block_1_70' title="bbox 67 4339 1634 4423">
    <p class='ocr_par' dir='ltr' id='par_1_70' title="bbox 67 4339 1634 4423">
     <span class='ocr_line' id='line_1_70' title="bbox 67 4339 1634 4423; baseline 0.01 -30"><span class='ocrx_word' id='word_1_524' title='bbox 67 4339 266 4411; x_wconf 75' lang='lat' dir='ltr'><strong>clesiae,</strong></span> <span class='ocrx_word' id='word_1_525' title='bbox 295 4347 553 4418; x_wconf 82' lang='lat' dir='ltr'><strong>quoniam</strong></span> <span class='ocrx_word' id='word_1_526' title='bbox 574 4347 702 4404; x_wconf 89' lang='lat' dir='ltr'><strong>huic</strong></span> <span class='ocrx_word' id='word_1_527' title='bbox 721 4357 925 4405; x_wconf 70' lang='lat' dir='ltr'><strong>sanctae</strong></span> <span class='ocrx_word' id='word_1_528' title='bbox 951 4349 1066 4406; x_wconf 91' lang='lat' dir='ltr'><strong>sedi</strong></span> <span class='ocrx_word' id='word_1_529' title='bbox 1095 4358 1319 4422; x_wconf 87' lang='lat' dir='ltr'><strong>propter</strong></span> <span class='ocrx_word' id='word_1_530' title='bbox 1339 4345 1634 4423; x_wconf 85' lang='lat' dir='ltr'><strong>pravorum</strong></span> 
     </span>
    </p>
   </div>
   <div class='ocr_carea' id='block_1_71' title="bbox 67 4431 1634 4514">
    <p class='ocr_par' dir='ltr' id='par_1_71' title="bbox 67 4431 1634 4514">
     <span class='ocr_line' id='line_1_71' title="bbox 67 4431 1634 4514; baseline 0.011 -28"><span class='ocrx_word' id='word_1_531' title='bbox 67 4431 327 4495; x_wconf 88' lang='lat' dir='ltr'><strong>hominum</strong></span> <span class='ocrx_word' id='word_1_532' title='bbox 357 4441 601 4508; x_wconf 89' lang='lat' dir='ltr'><strong>insidias,</strong></span> <span class='ocrx_word' id='word_1_533' title='bbox 634 4441 754 4513; x_wconf 91' lang='lat' dir='ltr'><strong>ipso</strong></span> <span class='ocrx_word' id='word_1_534' title='bbox 787 4443 1018 4500; x_wconf 89' lang='lat' dir='ltr'><strong>Domino</strong></span> <span class='ocrx_word' id='word_1_535' title='bbox 1045 4444 1384 4514; x_wconf 89' lang='lat' dir='ltr'><strong>instituente,</strong></span> <span class='ocrx_word' id='word_1_536' title='bbox 1423 4456 1480 4503; x_wconf 91' lang='lat' dir='ltr'><strong>et</strong></span> <span class='ocrx_word' id='word_1_537' title='bbox 1507 4462 1634 4503; x_wconf 90' lang='lat' dir='ltr'><strong>san-</strong></span> 
     </span>
    </p>
   </div>
   <div class='ocr_carea' id='block_1_72' title="bbox 67 4527 1630 4610">
    <p class='ocr_par' dir='ltr' id='par_1_72' title="bbox 67 4527 1630 4610">
     <span class='ocr_line' id='line_1_72' title="bbox 67 4527 1630 4610; baseline 0.01 -31"><span class='ocrx_word' id='word_1_538' title='bbox 67 4527 158 4582; x_wconf 92' lang='lat' dir='ltr'><strong>ctis</strong></span> <span class='ocrx_word' id='word_1_539' title='bbox 180 4529 470 4603; x_wconf 84' lang='lat' dir='ltr'><strong>Apostolis,</strong></span> <span class='ocrx_word' id='word_1_540' title='bbox 515 4549 814 4607; x_wconf 90' lang='lat' dir='ltr'><strong>eorumque</strong></span> <span class='ocrx_word' id='word_1_541' title='bbox 859 4538 1266 4594; x_wconf 90' lang='lat' dir='ltr'><strong>successoribus</strong></span> <span class='ocrx_word' id='word_1_542' title='bbox 1293 4554 1395 4610; x_wconf 82' lang='lat' dir='ltr'><strong>per</strong></span> <span class='ocrx_word' id='word_1_543' title='bbox 1420 4540 1630 4610; x_wconf 87' lang='lat' dir='ltr'><strong>singula</strong></span> 
     </span>
    </p>
   </div>
   <div class='ocr_carea' id='block_1_73' title="bbox 68 4624 1628 4707">
    <p class='ocr_par' dir='ltr' id='par_1_73' title="bbox 68 4624 1628 4707">
     <span class='ocr_line' id='line_1_73' title="bbox 68 4624 1628 4707; baseline 0.01 -32"><span class='ocrx_word' id='word_1_544' title='bbox 68 4624 277 4682; x_wconf 89' lang='lat' dir='ltr'><strong>concilia</strong></span> <span class='ocrx_word' id='word_1_545' title='bbox 305 4630 706 4696; x_wconf 88' lang='lat' dir='ltr'><strong>roborantibus,</strong></span> <span class='ocrx_word' id='word_1_546' title='bbox 734 4631 838 4688; x_wconf 88' lang='lat' dir='ltr'><strong>hoc</strong></span> <span class='ocrx_word' id='word_1_547' title='bbox 865 4645 1080 4704; x_wconf 86' lang='lat' dir='ltr'><strong>semper</strong></span> <span class='ocrx_word' id='word_1_548' title='bbox 1125 4633 1277 4690; x_wconf 93' lang='lat' dir='ltr'><strong>licuit</strong></span> <span class='ocrx_word' id='word_1_549' title='bbox 1317 4634 1628 4707; x_wconf 91' lang='lat' dir='ltr'><strong>licebitque,</strong></span> 
     </span>
    </p>
   </div>
   <div class='ocr_carea' id='block_1_74' title="bbox 75 4709 1630 4799">
    <p class='ocr_par' dir='ltr' id='par_1_74' title="bbox 75 4709 1630 4799">
     <span class='ocr_line' id='line_1_74' title="bbox 75 4709 1630 4799; baseline 0.011 -32"><span class='ocrx_word' id='word_1_550' title='bbox 75 4709 287 4773; x_wconf 88' lang='lat' dir='ltr'><strong>Domino</strong></span> <span class='ocrx_word' id='word_1_551' title='bbox 316 4720 630 4788; x_wconf 81' lang='lat' dir='ltr'><strong>auxiliante,</strong></span> <span class='ocrx_word' id='word_1_552' title='bbox 660 4723 716 4778; x_wconf 92' lang='lat' dir='ltr'><strong>in</strong></span> <span class='ocrx_word' id='word_1_553' title='bbox 747 4733 1086 4794; x_wconf 83' lang='lat' dir='ltr'><strong>perpetuum.</strong></span> <span class='ocrx_word' id='word_1_554' title='bbox 1117 4723 1274 4784; x_wconf 89' lang='lat' dir='ltr'><strong>Unde</strong></span> <span class='ocrx_word' id='word_1_555' title='bbox 1313 4727 1407 4799; x_wconf 91' lang='lat' dir='ltr'><strong>qui</strong></span> <span class='ocrx_word' id='word_1_556' title='bbox 1436 4741 1496 4784; x_wconf 91' lang='lat' dir='ltr'><strong>se</strong></span> <span class='ocrx_word' id='word_1_557' title='bbox 1524 4728 1630 4784; x_wconf 89' lang='lat' dir='ltr'><strong>scit</strong></span> 
     </span>
    </p>
   </div>
   <div class='ocr_carea' id='block_1_75' title="bbox 68 4802 1625 4890">
    <p class='ocr_par' dir='ltr' id='par_1_75' title="bbox 68 4802 1625 4890">
     <span class='ocr_line' id='line_1_75' title="bbox 68 4802 1625 4890; baseline 0.013 -36"><span class='ocrx_word' id='word_1_558' title='bbox 68 4802 172 4859; x_wconf 81' lang='lat' dir='ltr'><strong>aliis</strong></span> <span class='ocrx_word' id='word_1_559' title='bbox 192 4811 304 4865; x_wconf 82' lang='lat' dir='ltr'><strong>esse</strong></span> <span class='ocrx_word' id='word_1_560' title='bbox 338 4813 707 4884; x_wconf 72' lang='lat' dir='ltr'><strong>praepositum,</strong></span> <span class='ocrx_word' id='word_1_561' title='bbox 762 4829 868 4870; x_wconf 93' lang='lat' dir='ltr'><strong>non</strong></span> <span class='ocrx_word' id='word_1_562' title='bbox 916 4815 1143 4873; x_wconf 88' lang='lat' dir='ltr'><strong>moleste</strong></span> <span class='ocrx_word' id='word_1_563' title='bbox 1194 4817 1334 4874; x_wconf 82' lang='lat' dir='ltr'><strong>ferat</strong></span> <span class='ocrx_word' id='word_1_564' title='bbox 1391 4819 1625 4890; x_wconf 90' lang='lat' dir='ltr'><strong>aliquem</strong></span> 
     </span>
    </p>
   </div>
   <div class='ocr_carea' id='block_1_76' title="bbox 67 4893 1626 4982">
    <p class='ocr_par' dir='ltr' id='par_1_76' title="bbox 67 4893 1626 4982">
     <span class='ocr_line' id='line_1_76' title="bbox 67 4893 1626 4982; baseline 0.012 -34"><span class='ocrx_word' id='word_1_565' title='bbox 67 4893 154 4950; x_wconf 89' lang='lat' dir='ltr'><strong>sibi</strong></span> <span class='ocrx_word' id='word_1_566' title='bbox 175 4913 288 4957; x_wconf 88' lang='lat' dir='ltr'><strong>esse</strong></span> <span class='ocrx_word' id='word_1_567' title='bbox 312 4905 613 4974; x_wconf 64' lang='lat' dir='ltr'><strong>praelatum,</strong></span> <span class='ocrx_word' id='word_1_568' title='bbox 640 4905 735 4961; x_wconf 92' lang='lat' dir='ltr'><strong>sed</strong></span> <span class='ocrx_word' id='word_1_569' title='bbox 778 4906 1285 4978; x_wconf 87' lang='lat' dir='ltr'><strong>obtemperantiam,</strong></span> <span class='ocrx_word' id='word_1_570' title='bbox 1337 4926 1499 4982; x_wconf 90' lang='lat' dir='ltr'><strong>quam</strong></span> <span class='ocrx_word' id='word_1_571' title='bbox 1557 4912 1626 4966; x_wconf 88' lang='lat' dir='ltr'><strong>ab</strong></span> 
     </span>
    </p>
   </div>
   <div class='ocr_carea' id='block_1_77' title="bbox 1751 3418 3344 3493">
    <p class='ocr_par' dir='ltr' id='par_1_77' title="bbox 1751 3418 3344 3493">
     <span class='ocr_line' id='line_1_77' title="bbox 1751 3418 3344 3493; baseline 0.002 -19"><span class='ocrx_word' id='word_1_572' title='bbox 1751 3426 1834 3474; x_wconf 89' lang='lat' dir='ltr'><strong>est</strong></span> <span class='ocrx_word' id='word_1_573' title='bbox 1854 3418 2084 3475; x_wconf 89' lang='lat' dir='ltr'><strong>testibus</strong></span> <span class='ocrx_word' id='word_1_574' title='bbox 2113 3418 2363 3486; x_wconf 83' lang='lat' dir='ltr'><strong>relatum,</strong></span> <span class='ocrx_word' id='word_1_575' title='bbox 2394 3421 2612 3490; x_wconf 91' lang='lat' dir='ltr'><strong>quando</strong></span> <span class='ocrx_word' id='word_1_576' title='bbox 2646 3420 2949 3476; x_wconf 81' lang='lat' dir='ltr'><strong>Antiochiae</strong></span> <span class='ocrx_word' id='word_1_577' title='bbox 2979 3435 3080 3493; x_wconf 88' lang='lat' dir='ltr'><strong>pro</strong></span> <span class='ocrx_word' id='word_1_578' title='bbox 3117 3422 3344 3477; x_wconf 83' lang='lat' dir='ltr'><strong>damna-</strong></span> 
     </span>
    </p>
   </div>
   <div class='ocr_carea' id='block_1_78' title="bbox 1750 3511 3338 3583">
    <p class='ocr_par' dir='ltr' id='par_1_78' title="bbox 1750 3511 3338 3583">
     <span class='ocr_line' id='line_1_78' title="bbox 1750 3511 3338 3583; baseline 0.001 -17"><span class='ocrx_word' id='word_1_579' title='bbox 1750 3513 1895 3569; x_wconf 90' lang='lat' dir='ltr'><strong>tione</strong></span> <span class='ocrx_word' id='word_1_580' title='bbox 1918 3511 2044 3568; x_wconf 86' lang='lat' dir='ltr'><strong>ﬁdei</strong></span> <span class='ocrx_word' id='word_1_581' title='bbox 2073 3512 2140 3568; x_wconf 92' lang='lat' dir='ltr'><strong>de</strong></span> <span class='ocrx_word' id='word_1_582' title='bbox 2159 3512 2726 3570; x_wconf 85' lang='lat' dir='ltr'><strong>consubstantialitate</strong></span> <span class='ocrx_word' id='word_1_583' title='bbox 2754 3513 2968 3583; x_wconf 89' lang='lat' dir='ltr'><strong>prolata</strong></span> <span class='ocrx_word' id='word_1_584' title='bbox 2995 3513 3176 3569; x_wconf 80' lang='lat' dir='ltr'><strong>fuistis</strong></span> <span class='ocrx_word' id='word_1_585' title='bbox 3204 3529 3338 3569; x_wconf 87' lang='lat' dir='ltr'><strong>con-</strong></span> 
     </span>
    </p>
   </div>
   <div class='ocr_carea' id='block_1_79' title="bbox 1750 3603 3340 3676">
    <p class='ocr_par' dir='ltr' id='par_1_79' title="bbox 1750 3603 3340 3676">
     <span class='ocr_line' id='line_1_79' title="bbox 1750 3603 3340 3676; baseline 0.001 -18"><span class='ocrx_word' id='word_1_586' title='bbox 1750 3604 1979 3676; x_wconf 81' lang='lat' dir='ltr'><strong>gregati,</strong></span> <span class='ocrx_word' id='word_1_587' title='bbox 2004 3603 2130 3659; x_wconf 91' lang='lat' dir='ltr'><strong>odio</strong></span> <span class='ocrx_word' id='word_1_588' title='bbox 2171 3603 2417 3675; x_wconf 61' lang='lat' dir='ltr'><strong>praedicti</strong></span> <span class='ocrx_word' id='word_1_589' title='bbox 2441 3603 2728 3660; x_wconf 81' lang='lat' dir='ltr'><strong>Athanasii</strong></span> <span class='ocrx_word' id='word_1_590' title='bbox 2770 3605 2912 3661; x_wconf 90' lang='lat' dir='ltr'><strong>hanc</strong></span> <span class='ocrx_word' id='word_1_591' title='bbox 2947 3604 3190 3675; x_wconf 86' lang='lat' dir='ltr'><strong>regulam</strong></span> <span class='ocrx_word' id='word_1_592' title='bbox 3215 3621 3340 3676; x_wconf 66' lang='grc' dir='ltr'><strong>ρι’οο</strong></span> 
     </span>
    </p>
   </div>
   <div class='ocr_carea' id='block_1_80' title="bbox 1749 3695 3336 3766">
    <p class='ocr_par' dir='ltr' id='par_1_80' title="bbox 1749 3695 3336 3766">
     <span class='ocr_line' id='line_1_80' title="bbox 1749 3695 3336 3766; baseline 0.001 -17"><span class='ocrx_word' id='word_1_593' title='bbox 1749 3695 1974 3762; x_wconf 89' lang='lat' dir='ltr'><strong>tulistis,</strong></span> <span class='ocrx_word' id='word_1_594' title='bbox 2005 3709 2127 3765; x_wconf 65' lang='lat' dir='ltr'><strong>qua:</strong></span> <span class='ocrx_word' id='word_1_595' title='bbox 2151 3695 2328 3751; x_wconf 90' lang='lat' dir='ltr'><strong>nullas</strong></span> <span class='ocrx_word' id='word_1_596' title='bbox 2352 3695 2517 3752; x_wconf 87' lang='lat' dir='ltr'><strong>habet</strong></span> <span class='ocrx_word' id='word_1_597' title='bbox 2546 3695 2715 3762; x_wconf 88' lang='lat' dir='ltr'><strong>vires,</strong></span> <span class='ocrx_word' id='word_1_598' title='bbox 2747 3711 2848 3752; x_wconf 91' lang='lat' dir='ltr'><strong>nec</strong></span> <span class='ocrx_word' id='word_1_599' title='bbox 2868 3696 3071 3752; x_wconf 88' lang='lat' dir='ltr'><strong>habere</strong></span> <span class='ocrx_word' id='word_1_600' title='bbox 3113 3697 3336 3766; x_wconf 85' lang='lat' dir='ltr'><strong>poterit.</strong></span> 
     </span>
    </p>
   </div>
   <div class='ocr_carea' id='block_1_81' title="bbox 1747 3790 3335 3861">
    <p class='ocr_par' dir='ltr' id='par_1_81' title="bbox 1747 3790 3335 3861">
     <span class='ocr_line' id='line_1_81' title="bbox 1747 3790 3335 3861; baseline 0 -17"><span class='ocrx_word' id='word_1_601' title='bbox 1747 3790 2006 3859; x_wconf 83' lang='lat' dir='ltr'><strong>quoniam</strong></span> <span class='ocrx_word' id='word_1_602' title='bbox 2037 3803 2138 3844; x_wconf 90' lang='lat' dir='ltr'><strong>nec</strong></span> <span class='ocrx_word' id='word_1_603' title='bbox 2168 3790 2235 3846; x_wconf 88' lang='lat' dir='ltr'><strong>ab</strong></span> <span class='ocrx_word' id='word_1_604' title='bbox 2261 3790 2580 3846; x_wconf 81' lang='lat' dir='ltr'><strong>orthodoxis</strong></span> <span class='ocrx_word' id='word_1_605' title='bbox 2613 3791 2881 3861; x_wconf 90' lang='lat' dir='ltr'><strong>episcopis</strong></span> <span class='ocrx_word' id='word_1_606' title='bbox 2905 3790 3006 3845; x_wconf 89' lang='lat' dir='ltr'><strong>hoc</strong></span> <span class='ocrx_word' id='word_1_607' title='bbox 3045 3790 3335 3846; x_wconf 85' lang='lat' dir='ltr'><strong>concilium</strong></span> 
     </span>
    </p>
   </div>
   <div class='ocr_carea' id='block_1_82' title="bbox 1746 3880 3335 3954">
    <p class='ocr_par' dir='ltr' id='par_1_82' title="bbox 1746 3880 3335 3954">
     <span class='ocr_line' id='line_1_82' title="bbox 1746 3880 3335 3954; baseline 0 -18"><span class='ocrx_word' id='word_1_608' title='bbox 1746 3890 1927 3937; x_wconf 89' lang='lat' dir='ltr'><strong>actum</strong></span> <span class='ocrx_word' id='word_1_609' title='bbox 1966 3890 2072 3947; x_wconf 89' lang='lat' dir='ltr'><strong>est,</strong></span> <span class='ocrx_word' id='word_1_610' title='bbox 2105 3897 2206 3937; x_wconf 89' lang='lat' dir='ltr'><strong>nec</strong></span> <span class='ocrx_word' id='word_1_611' title='bbox 2234 3881 2500 3939; x_wconf 82' lang='lat' dir='ltr'><strong>Romanae</strong></span> <span class='ocrx_word' id='word_1_612' title='bbox 2544 3882 2801 3939; x_wconf 66' lang='lat' dir='ltr'><strong>Ecclesiae</strong></span> <span class='ocrx_word' id='word_1_613' title='bbox 2839 3882 3036 3954; x_wconf 88' lang='lat' dir='ltr'><strong>legatio</strong></span> <span class='ocrx_word' id='word_1_614' title='bbox 3069 3880 3335 3947; x_wconf 80' lang='lat' dir='ltr'><strong>interfuit,</strong></span> 
     </span>
    </p>
   </div>
   <div class='ocr_carea' id='block_1_83' title="bbox 1745 3973 3334 4044">
    <p class='ocr_par' dir='ltr' id='par_1_83' title="bbox 1745 3973 3334 4044">
     <span class='ocr_line' id='line_1_83' title="bbox 1745 3973 3334 4044; baseline -0.003 -14"><span class='ocrx_word' id='word_1_615' title='bbox 1745 3975 2046 4030; x_wconf 87' lang='lat' dir='ltr'><strong>canonibus</strong></span> <span class='ocrx_word' id='word_1_616' title='bbox 2074 3974 2514 4044; x_wconf 77' lang='lat' dir='ltr'><strong>praecipientibus</strong></span> <span class='ocrx_word' id='word_1_617' title='bbox 2544 3975 2662 4030; x_wconf 89' lang='lat' dir='ltr'><strong>sine</strong></span> <span class='ocrx_word' id='word_1_618' title='bbox 2692 3973 2807 4043; x_wconf 89' lang='lat' dir='ltr'><strong>ejus</strong></span> <span class='ocrx_word' id='word_1_619' title='bbox 2843 3973 3172 4029; x_wconf 88' lang='lat' dir='ltr'><strong>auctoritate</strong></span> <span class='ocrx_word' id='word_1_620' title='bbox 3203 3988 3334 4029; x_wconf 89' lang='lat' dir='ltr'><strong>con-</strong></span> 
     </span>
    </p>
   </div>
   <div class='ocr_carea' id='block_1_84' title="bbox 1744 4064 3334 4132">
    <p class='ocr_par' dir='ltr' id='par_1_84' title="bbox 1744 4064 3334 4132">
     <span class='ocr_line' id='line_1_84' title="bbox 1744 4064 3334 4132; baseline 0 -11"><span class='ocrx_word' id='word_1_621' title='bbox 1744 4065 1866 4121; x_wconf 91' lang='lat' dir='ltr'><strong>cilia</strong></span> <span class='ocrx_word' id='word_1_622' title='bbox 1893 4064 2010 4121; x_wconf 88' lang='lat' dir='ltr'><strong>ﬁeri</strong></span> <span class='ocrx_word' id='word_1_623' title='bbox 2052 4081 2160 4121; x_wconf 88' lang='lat' dir='ltr'><strong>non</strong></span> <span class='ocrx_word' id='word_1_624' title='bbox 2187 4067 2405 4132; x_wconf 88' lang='lat' dir='ltr'><strong>debere,</strong></span> <span class='ocrx_word' id='word_1_625' title='bbox 2431 4081 2533 4123; x_wconf 90' lang='lat' dir='ltr'><strong>nec</strong></span> <span class='ocrx_word' id='word_1_626' title='bbox 2572 4066 2736 4122; x_wconf 90' lang='lat' dir='ltr'><strong>ullum</strong></span> <span class='ocrx_word' id='word_1_627' title='bbox 2773 4077 2946 4123; x_wconf 91' lang='lat' dir='ltr'><strong>ratum</strong></span> <span class='ocrx_word' id='word_1_628' title='bbox 2980 4075 3064 4124; x_wconf 91' lang='lat' dir='ltr'><strong>est</strong></span> <span class='ocrx_word' id='word_1_629' title='bbox 3094 4076 3186 4122; x_wconf 93' lang='lat' dir='ltr'><strong>aut</strong></span> <span class='ocrx_word' id='word_1_630' title='bbox 3229 4067 3334 4122; x_wconf 90' lang='lat' dir='ltr'><strong>erit</strong></span> 
     </span>
    </p>
   </div>
   <div class='ocr_carea' id='block_1_85' title="bbox 1743 4157 3332 4231">
    <p class='ocr_par' dir='ltr' id='par_1_85' title="bbox 1743 4157 3332 4231">
     <span class='ocr_line' id='line_1_85' title="bbox 1743 4157 3332 4231; baseline -0.002 -16"><span class='ocrx_word' id='word_1_631' title='bbox 1743 4174 1981 4231; x_wconf 87' lang='lat' dir='ltr'><strong>unquam</strong></span> <span class='ocrx_word' id='word_1_632' title='bbox 2004 4158 2314 4226; x_wconf 89' lang='lat' dir='ltr'><strong>concilium,</strong></span> <span class='ocrx_word' id='word_1_633' title='bbox 2348 4159 2492 4230; x_wconf 89' lang='lat' dir='ltr'><strong>quod</strong></span> <span class='ocrx_word' id='word_1_634' title='bbox 2517 4157 2635 4228; x_wconf 88' lang='lat' dir='ltr'><strong>ejus</strong></span> <span class='ocrx_word' id='word_1_635' title='bbox 2663 4175 2772 4214; x_wconf 90' lang='lat' dir='ltr'><strong>non</strong></span> <span class='ocrx_word' id='word_1_636' title='bbox 2802 4160 2968 4216; x_wconf 79' lang='lat' dir='ltr'><strong>fuerit</strong></span> <span class='ocrx_word' id='word_1_637' title='bbox 3007 4158 3200 4214; x_wconf 81' lang='lat' dir='ltr'><strong>fultum</strong></span> <span class='ocrx_word' id='word_1_638' title='bbox 3239 4175 3332 4214; x_wconf 91' lang='lat' dir='ltr'><strong>au-</strong></span> 
     </span>
    </p>
   </div>
   <div class='ocr_carea' id='block_1_86' title="bbox 1740 4252 3332 4325">
    <p class='ocr_par' dir='ltr' id='par_1_86' title="bbox 1740 4252 3332 4325">
     <span class='ocr_line' id='line_1_86' title="bbox 1740 4252 3332 4325; baseline -0.003 -15"><span class='ocrx_word' id='word_1_639' title='bbox 1740 4255 2012 4310; x_wconf 90' lang='lat' dir='ltr'><strong>ctoritate.</strong></span> <span class='ocrx_word' id='word_1_640' title='bbox 2044 4253 2214 4325; x_wconf 89' lang='lat' dir='ltr'><strong>lgitur</strong></span> <span class='ocrx_word' id='word_1_641' title='bbox 2257 4253 2324 4310; x_wconf 90' lang='lat' dir='ltr'><strong>de</strong></span> <span class='ocrx_word' id='word_1_642' title='bbox 2362 4252 2490 4324; x_wconf 85' lang='lat' dir='ltr'><strong>fuga</strong></span> <span class='ocrx_word' id='word_1_643' title='bbox 2525 4268 2689 4324; x_wconf 89' lang='lat' dir='ltr'><strong>super</strong></span> <span class='ocrx_word' id='word_1_644' title='bbox 2710 4269 2817 4324; x_wconf 91' lang='lat' dir='ltr'><strong>qua</strong></span> <span class='ocrx_word' id='word_1_645' title='bbox 2856 4253 3214 4309; x_wconf 89' lang='lat' dir='ltr'><strong>Athanasium</strong></span> <span class='ocrx_word' id='word_1_646' title='bbox 3245 4269 3332 4308; x_wconf 88' lang='lat' dir='ltr'><strong>re-</strong></span> 
     </span>
    </p>
   </div>
   <div class='ocr_carea' id='block_1_87' title="bbox 1739 4344 3332 4420">
    <p class='ocr_par' dir='ltr' id='par_1_87' title="bbox 1739 4344 3332 4420">
     <span class='ocr_line' id='line_1_87' title="bbox 1739 4344 3332 4420; baseline -0.003 -18"><span class='ocrx_word' id='word_1_647' title='bbox 1739 4346 2096 4420; x_wconf 88' lang='lat' dir='ltr'><strong>prehenditis,</strong></span> <span class='ocrx_word' id='word_1_648' title='bbox 2121 4361 2229 4401; x_wconf 91' lang='lat' dir='ltr'><strong>non</strong></span> <span class='ocrx_word' id='word_1_649' title='bbox 2249 4355 2396 4402; x_wconf 91' lang='lat' dir='ltr'><strong>recte</strong></span> <span class='ocrx_word' id='word_1_650' title='bbox 2416 4346 2597 4418; x_wconf 86' lang='lat' dir='ltr'><strong>agitis,</strong></span> <span class='ocrx_word' id='word_1_651' title='bbox 2620 4361 2742 4402; x_wconf 90' lang='lat' dir='ltr'><strong>cum</strong></span> <span class='ocrx_word' id='word_1_652' title='bbox 2761 4346 2875 4416; x_wconf 89' lang='lat' dir='ltr'><strong>ipse</strong></span> <span class='ocrx_word' id='word_1_653' title='bbox 2897 4344 3158 4400; x_wconf 88' lang='lat' dir='ltr'><strong>Dominus</strong></span> <span class='ocrx_word' id='word_1_654' title='bbox 3181 4359 3332 4398; x_wconf 90' lang='lat' dir='ltr'><strong>man-</strong></span> 
     </span>
    </p>
   </div>
   <div class='ocr_carea' id='block_1_88' title="bbox 1739 4435 3330 4510">
    <p class='ocr_par' dir='ltr' id='par_1_88' title="bbox 1739 4435 3330 4510">
     <span class='ocr_line' id='line_1_88' title="bbox 1739 4435 3330 4510; baseline -0.004 -14"><span class='ocrx_word' id='word_1_655' title='bbox 1739 4441 1924 4497; x_wconf 89' lang='lat' dir='ltr'><strong>datum</strong></span> <span class='ocrx_word' id='word_1_656' title='bbox 1955 4439 2111 4495; x_wconf 89' lang='lat' dir='ltr'><strong>nobis</strong></span> <span class='ocrx_word' id='word_1_657' title='bbox 2137 4440 2240 4495; x_wconf 90' lang='lat' dir='ltr'><strong>hoc</strong></span> <span class='ocrx_word' id='word_1_658' title='bbox 2265 4439 2477 4495; x_wconf 92' lang='lat' dir='ltr'><strong>dederit</strong></span> <span class='ocrx_word' id='word_1_659' title='bbox 2502 4457 2514 4494; x_wconf 93' lang='lat'><strong>:</strong></span> <span class='ocrx_word' id='word_1_660' title='bbox 2545 4435 2679 4494; x_wconf 85' lang='lat' dir='ltr'><strong>Cum</strong></span> <span class='ocrx_word' id='word_1_661' title='bbox 2705 4439 2961 4510; x_wconf 77' lang='lat' dir='ltr'><strong>persecuti</strong></span> <span class='ocrx_word' id='word_1_662' title='bbox 3000 4453 3089 4492; x_wconf 82' lang='lat' dir='ltr'><strong>vos</strong></span> <span class='ocrx_word' id='word_1_663' title='bbox 3132 4437 3330 4507; x_wconf 82' lang='lat' dir='ltr'><strong>fuerint</strong></span> 
     </span>
    </p>
   </div>
   <div class='ocr_carea' id='block_1_89' title="bbox 1733 4529 3325 4602">
    <p class='ocr_par' dir='ltr' id='par_1_89' title="bbox 1733 4529 3325 4602">
     <span class='ocr_line' id='line_1_89' title="bbox 1733 4529 3325 4602; baseline -0.003 -15"><span class='ocrx_word' id='word_1_664' title='bbox 1733 4534 1791 4588; x_wconf 85' lang='lat' dir='ltr'><strong>in</strong></span> <span class='ocrx_word' id='word_1_665' title='bbox 1824 4549 1986 4587; x_wconf 85' lang='lat' dir='ltr'><strong>unam</strong></span> <span class='ocrx_word' id='word_1_666' title='bbox 2015 4531 2296 4597; x_wconf 80' lang='lat' dir='ltr'><strong>civitatem,</strong></span> <span class='ocrx_word' id='word_1_667' title='bbox 2346 4531 2512 4602; x_wconf 80' lang='lat' dir='ltr'><strong>fugite</strong></span> <span class='ocrx_word' id='word_1_668' title='bbox 2550 4531 2607 4586; x_wconf 87' lang='lat' dir='ltr'><strong>in</strong></span> <span class='ocrx_word' id='word_1_669' title='bbox 2645 4529 2809 4584; x_wconf 85' lang='lat' dir='ltr'><strong>aliam</strong></span> <span class='ocrx_word' id='word_1_670' title='bbox 2855 4529 3073 4601; x_wconf 74' lang='lat' dir='ltr'><strong>(Matth.</strong></span> <span class='ocrx_word' id='word_1_671' title='bbox 3104 4546 3160 4598; x_wconf 69' lang='grc' dir='ltr'><strong>ι,</strong></span> <span class='ocrx_word' id='word_1_672' title='bbox 3210 4529 3325 4598; x_wconf 76' lang='grc'><strong>25).</strong></span> 
     </span>
    </p>
   </div>
   <div class='ocr_carea' id='block_1_90' title="bbox 1734 4619 3325 4694">
    <p class='ocr_par' dir='ltr' id='par_1_90' title="bbox 1734 4619 3325 4694">
     <span class='ocr_line' id='line_1_90' title="bbox 1734 4619 3325 4694; baseline -0.002 -14"><span class='ocrx_word' id='word_1_673' title='bbox 1734 4625 1803 4680; x_wconf 88' lang='lat' dir='ltr'><strong>Et</strong></span> <span class='ocrx_word' id='word_1_674' title='bbox 1849 4625 1966 4694; x_wconf 88' lang='lat' dir='ltr'><strong>ipse</strong></span> <span class='ocrx_word' id='word_1_675' title='bbox 2000 4622 2262 4678; x_wconf 87' lang='lat' dir='ltr'><strong>Dominus</strong></span> <span class='ocrx_word' id='word_1_676' title='bbox 2315 4637 2414 4694; x_wconf 92' lang='lat' dir='ltr'><strong>per</strong></span> <span class='ocrx_word' id='word_1_677' title='bbox 2463 4621 2813 4692; x_wconf 89' lang='lat' dir='ltr'><strong>semetipsum</strong></span> <span class='ocrx_word' id='word_1_678' title='bbox 2859 4619 3172 4691; x_wconf 82' lang='lat' dir='ltr'><strong>exemplum</strong></span> <span class='ocrx_word' id='word_1_679' title='bbox 3229 4621 3325 4677; x_wconf 86' lang='lat' dir='ltr'><strong>de-</strong></span> 
     </span>
    </p>
   </div>
   <div class='ocr_carea' id='block_1_91' title="bbox 1655 4696 3326 4790">
    <p class='ocr_par' dir='ltr' id='par_1_91' title="bbox 1655 4696 3326 4790">
     <span class='ocr_line' id='line_1_91' title="bbox 1655 4696 3326 4790; baseline -0.002 -16"><span class='ocrx_word' id='word_1_680' title='bbox 1655 4696 1709 4758; x_wconf 83' lang='grc' dir='ltr'><strong>Ῑ)</strong></span> <span class='ocrx_word' id='word_1_681' title='bbox 1734 4729 2070 4787; x_wconf 91' lang='lat' dir='ltr'><strong>monstrans,</strong></span> <span class='ocrx_word' id='word_1_682' title='bbox 2094 4719 2314 4790; x_wconf 90' lang='lat' dir='ltr'><strong>quando</strong></span> <span class='ocrx_word' id='word_1_683' title='bbox 2344 4719 2604 4776; x_wconf 83' lang='lat' dir='ltr'><strong>Pharisaei</strong></span> <span class='ocrx_word' id='word_1_684' title='bbox 2635 4719 2925 4775; x_wconf 91' lang='lat' dir='ltr'><strong>concilium</strong></span> <span class='ocrx_word' id='word_1_685' title='bbox 2951 4716 3203 4774; x_wconf 80' lang='lat' dir='ltr'><strong>fecerunt</strong></span> <span class='ocrx_word' id='word_1_686' title='bbox 3231 4717 3326 4772; x_wconf 86' lang='lat' dir='ltr'><strong>ad-</strong></span> 
     </span>
    </p>
   </div>
   <div class='ocr_carea' id='block_1_92' title="bbox 1732 4811 3328 4879">
    <p class='ocr_par' dir='ltr' id='par_1_92' title="bbox 1732 4811 3328 4879">
     <span class='ocr_line' id='line_1_92' title="bbox 1732 4811 3328 4879; baseline 0 -13"><span class='ocrx_word' id='word_1_687' title='bbox 1732 4827 1922 4870; x_wconf 84' lang='lat' dir='ltr'><strong>versus</strong></span> <span class='ocrx_word' id='word_1_688' title='bbox 1948 4828 2074 4868; x_wconf 91' lang='lat' dir='ltr'><strong>eum</strong></span> <span class='ocrx_word' id='word_1_689' title='bbox 2102 4820 2165 4868; x_wconf 89' lang='lat' dir='ltr'><strong>ut</strong></span> <span class='ocrx_word' id='word_1_690' title='bbox 2205 4825 2331 4869; x_wconf 90' lang='lat' dir='ltr'><strong>eum</strong></span> <span class='ocrx_word' id='word_1_691' title='bbox 2357 4813 2690 4879; x_wconf 90' lang='lat' dir='ltr'><strong>occiderent,</strong></span> <span class='ocrx_word' id='word_1_692' title='bbox 2723 4814 2902 4871; x_wconf 90' lang='lat' dir='ltr'><strong>sciens</strong></span> <span class='ocrx_word' id='word_1_693' title='bbox 2932 4821 3119 4868; x_wconf 90' lang='lat' dir='ltr'><strong>autem</strong></span> <span class='ocrx_word' id='word_1_694' title='bbox 3167 4811 3328 4868; x_wconf 89' lang='lat' dir='ltr'><strong>Jesus</strong></span> 
     </span>
    </p>
   </div>
   <div class='ocr_carea' id='block_1_93' title="bbox 1732 4905 3330 4981">
    <p class='ocr_par' dir='ltr' id='par_1_93' title="bbox 1732 4905 3330 4981">
     <span class='ocr_line' id='line_1_93' title="bbox 1732 4905 3330 4981; baseline -0.001 -20"><span class='ocrx_word' id='word_1_695' title='bbox 1732 4905 1985 4962; x_wconf 84' lang='lat' dir='ltr'><strong>discessit</strong></span> <span class='ocrx_word' id='word_1_696' title='bbox 2031 4906 2177 4961; x_wconf 90' lang='lat' dir='ltr'><strong>inde.</strong></span> <span class='ocrx_word' id='word_1_697' title='bbox 2222 4905 2294 4962; x_wconf 87' lang='lat' dir='ltr'><strong>Et</strong></span> <span class='ocrx_word' id='word_1_698' title='bbox 2329 4907 2497 4964; x_wconf 85' lang='lat' dir='ltr'><strong>alibi:</strong></span> <span class='ocrx_word' id='word_1_699' title='bbox 2528 4905 2785 4964; x_wconf 80' lang='lat' dir='ltr'><strong>Tulerunt</strong></span> <span class='ocrx_word' id='word_1_700' title='bbox 2807 4907 3008 4981; x_wconf 78' lang='lat' dir='ltr'><strong>lapides</strong></span> <span class='ocrx_word' id='word_1_701' title='bbox 3038 4905 3244 4972; x_wconf 66' lang='lat' dir='ltr'><strong>Iudici,</strong></span> <span class='ocrx_word' id='word_1_702' title='bbox 3272 4914 3330 4959; x_wconf 87' lang='lat' dir='ltr'><strong>ut</strong></span> 
     </span>
    </p>
   </div>
   <div class='ocr_carea' id='block_1_94' title="bbox 68 4986 3322 5075">
    <p class='ocr_par' dir='ltr' id='par_1_94' title="bbox 68 4986 3322 5075">
     <span class='ocr_line' id='line_1_94' title="bbox 68 4986 3322 5075; baseline 0.003 -37"><span class='ocrx_word' id='word_1_703' title='bbox 68 4986 170 5075; x_wconf 75' lang='lat' dir='ltr'><strong>aliis</strong></span> <span class='ocrx_word' id='word_1_704' title='bbox 197 4995 434 5063; x_wconf 88' lang='lat' dir='ltr'><strong>requirit,</strong></span> <span class='ocrx_word' id='word_1_705' title='bbox 461 4995 635 5069; x_wconf 85' lang='lat' dir='ltr'><strong>gratis</strong></span> <span class='ocrx_word' id='word_1_706' title='bbox 682 5005 737 5052; x_wconf 87' lang='lat' dir='ltr'><strong>et</strong></span> <span class='ocrx_word' id='word_1_707' title='bbox 783 4998 898 5068; x_wconf 89' lang='lat' dir='ltr'><strong>ipse</strong></span> <span class='ocrx_word' id='word_1_708' title='bbox 954 4999 1242 5070; x_wconf 89' lang='lat' dir='ltr'><strong>dependat.</strong></span> <span class='ocrx_word' id='word_1_709' title='bbox 1283 5000 1626 5075; x_wconf 82' lang='lat' dir='ltr'><strong>Quapropter</strong></span> <span class='ocrx_word' id='word_1_710' title='bbox 1728 4999 1992 5052; x_wconf 87' lang='lat' dir='ltr'><strong>mitterent</strong></span> <span class='ocrx_word' id='word_1_711' title='bbox 2017 4999 2074 5053; x_wconf 90' lang='lat' dir='ltr'><strong>in</strong></span> <span class='ocrx_word' id='word_1_712' title='bbox 2094 5012 2237 5052; x_wconf 86' lang='lat' dir='ltr'><strong>eum.</strong></span> <span class='ocrx_word' id='word_1_713' title='bbox 2269 4998 2428 5056; x_wconf 82' lang='lat' dir='ltr'><strong>Jesus</strong></span> <span class='ocrx_word' id='word_1_714' title='bbox 2472 5006 2647 5053; x_wconf 86' lang='lat' dir='ltr'><strong>autem</strong></span> <span class='ocrx_word' id='word_1_715' title='bbox 2678 5001 2954 5058; x_wconf 85' lang='lat' dir='ltr'><strong>abscondit</strong></span> <span class='ocrx_word' id='word_1_716' title='bbox 2976 5014 3055 5062; x_wconf 79' lang='lat' dir='ltr'><strong>se,</strong></span> <span class='ocrx_word' id='word_1_717' title='bbox 3093 5007 3142 5052; x_wconf 91' lang='lat' dir='ltr'><strong>et</strong></span> <span class='ocrx_word' id='word_1_718' title='bbox 3165 4997 3322 5052; x_wconf 78' lang='lat' dir='ltr'><strong>exivit</strong></span> 
     </span>
    </p>
   </div>
   <div class='ocr_carea' id='block_1_95' title="bbox 69 5072 1622 5120">
    <p class='ocr_par' dir='ltr' id='par_1_95' title="bbox 69 5072 1622 5120">
     <span class='ocr_line' id='line_1_95' title="bbox 69 5072 1622 5120; baseline 0.001 -2"><span class='ocrx_word' id='word_1_719' title='bbox 69 5072 366 5118; x_wconf 60' lang='lat' dir='ltr'><strong>innmnnnﬂn</strong></span> <span class='ocrx_word' id='word_1_720' title='bbox 390 5087 544 5120; x_wconf 65' lang='grc' dir='ltr'><strong>υΛὶιῖο</strong></span> <span class='ocrx_word' id='word_1_721' title='bbox 583 5086 764 5120; x_wconf 59' lang='lat' dir='ltr'><strong>ani-“an</strong></span> <span class='ocrx_word' id='word_1_722' title='bbox 813 5088 936 5120; x_wconf 66' lang='grc' dir='ltr'><strong>ιιι-εἶσι</strong></span> <span class='ocrx_word' id='word_1_723' title='bbox 985 5104 1090 5120; x_wconf 64' lang='grc' dir='ltr'><strong>ἰη-ι</strong></span> <span class='ocrx_word' id='word_1_724' title='bbox 1140 5099 1289 5120; x_wconf 57' lang='lat' dir='ltr'><strong>qualn</strong></span> <span class='ocrx_word' id='word_1_725' title='bbox 1341 5092 1622 5120; x_wconf 61' lang='lat' dir='ltr'><strong>4---.-a03-</strong></span> 
     </span>
    </p>
   </div>
   <div class='ocr_carea' id='block_1_96' title="bbox 1730 5087 3328 5122">
    <p class='ocr_par' dir='ltr' id='par_1_96' title="bbox 1730 5087 3328 5122">
     <span class='ocr_line' id='line_1_96' title="bbox 1730 5087 3328 5122; baseline 0.001 -2"><span class='ocrx_word' id='word_1_726' title='bbox 1730 5090 1794 5120; x_wconf 61' lang='lat' dir='ltr'><strong>An</strong></span> <span class='ocrx_word' id='word_1_727' title='bbox 1823 5087 2010 5122; x_wconf 61' lang='lat' dir='ltr'><strong>Immin</strong></span> <span class='ocrx_word' id='word_1_728' title='bbox 2069 5098 2116 5122; x_wconf 66' lang='grc' dir='ltr'><strong>ΔΟ</strong></span> <span class='ocrx_word' id='word_1_729' title='bbox 2143 5093 2410 5122; x_wconf 63' lang='grc' dir='ltr'><strong>θοῇσι-ἕο...</strong></span> <span class='ocrx_word' id='word_1_730' title='bbox 2430 5106 2522 5122; x_wconf 58' lang='lat' dir='ltr'><strong>una.</strong></span> <span class='ocrx_word' id='word_1_731' title='bbox 2539 5089 2774 5122; x_wconf 38' lang='lat' dir='ltr'><strong>male}...</strong></span> <span class='ocrx_word' id='word_1_732' title='bbox 2804 5109 2976 5122; x_wconf 63' lang='grc' dir='ltr'><strong>-.η-...μ</strong></span> <span class='ocrx_word' id='word_1_733' title='bbox 3006 5089 3134 5122; x_wconf 67' lang='grc' dir='ltr'><strong>ηΙιέϐο</strong></span> <span class='ocrx_word' id='word_1_734' title='bbox 3180 5095 3233 5122; x_wconf 76' lang='lat' dir='ltr'><strong>nl</strong></span> <span class='ocrx_word' id='word_1_735' title='bbox 3255 5089 3328 5122; x_wconf 54' lang='lat' dir='ltr'><strong>{In</strong></span> 
     </span>
    </p>
   </div>
  </div>
