3904 5304
522 462 651 518 1011

1547 450 1875 509 ΗΙΝΟΜΑΒΙ
1913 447 2396 505 LUGDUNENSIS
2436 445 2741 505 EPISCOPI

3653 450 3774 505 illi!

519 596 639 646 eos,
670 592 817 633 mors
845 586 1058 644 semper
1079 581 1268 628 contra
1299 585 1394 625 vos
1418 568 1684 625 exclamat
1711 584 1724 622 :
1762 567 1874 623 sive
1904 579 2095 620 rursus
2124 566 2173 627 Δ
2202 580 2224 625 ρ
2262 560 2477 621 Judices
2515 572 2694 618 autem
2723 562 2809 618 alii
2838 578 2955 619 esse
2987 579 3091 618 non
3122 564 3339 630 debent,
3373 565 3478 620 nisi
3507 580 3643 635 quos
3676 567 3777 635 ipse

519 669 706 727 exsilia
762 665 1153 738 superponatis,
1183 663 1381 734 ubique
1419 659 1472 715 in
1498 674 1594 715 vos
1625 658 1751 719 mali
1775 655 2094 719 memoriam

516 764 791 822 destinare
822 759 1126 825 noscimini,
1168 767 1222 814 et
1254 756 1329 811 illi
1354 756 1611 827 patiendo
1639 754 1743 811 sibi
1782 751 2093 823 proﬁciunt.

2200 658 2291 728 qui
2320 657 2598 727 impetitur
2631 657 2876 728 elegerit,
2911 667 3004 712 aut
3027 673 3165 731 quos
3212 674 3311 715 suo
3355 673 3485 714 cum
3527 674 3776 714 consensu

2198 749 2314 809 haec
2342 760 2529 807 sancta
2556 750 2729 816 sedes,
2763 757 2855 815 aut
2898 748 3297 833 ejusprimates
3327 751 3664 814 auctoritate
3688 752 3777 807 hn-

516 857 670 916 Unde
703 865 759 912 et
784 854 1043 909 Dominus
1071 854 1182 907 ait:
1216 849 1390 905 Nolite
1429 850 1621 905 timere
1645 863 1739 904 eos
1766 846 1858 917 qui
1896 859 2099 916 corpus
2191 842 2281 914 ius
2325 854 2526 905 sanch
2552 845 2698 905 sedis
2726 844 3113 917 delegaret-int.
3142 845 3219 901 Ex
3267 846 3356 903 his
3382 847 3537 902 enim
3564 855 3623 902 et
3654 847 3775 914 aliis,

442 924 448 929 ί
516 949 807 1013 occidunt,
873 947 1108 1002 animam
1159 952 1338 999 autem
1399 957 1504 997 non
1557 948 1787 1012 possunt
1848 939 2098 999 occidere

512 1040 730 1114 (Matth.
759 1042 847 1109 x);
885 1038 976 1094 sed
996 1038 1175 1109 potius
1194 1051 1317 1091 eum
1346 1034 1551 1100 timete,
1577 1033 1668 1104 qui
1694 1040 1873 1103 potest
1900 1042 1957 1091 et
1981 1031 2092 1089 ani.-

515 1148 659 1188 mam
702 1142 755 1187 et
777 1146 974 1201 corpus
1023 1130 1249 1199 perdere
1274 1128 1329 1182 in
1359 1128 1679 1199 gehennam.
1712 1125 1912 1183 Multos
1949 1124 2095 1183 sitim

511 1222 863 1293 c0gnovimus
900 1222 1148 1292 pessimis
1176 1219 1669 1275 machinationibus
1698 1219 1899 1289 injuste
1935 1220 2097 1287 (lepos

509 1313 660 1369 sitos.
686 1312 811 1369 Ideo
834 1327 1177 1383 summopere
1210 1312 1362 1377 mihi,
1396 1312 1483 1366 cui
1511 1311 1632 1365 vice
1668 1310 1926 1379 principis
1954 1309 2098 1379 A90.-

509 1403 769 1459 stolorum
822 1403 1147 1458 universalis
1178 1402 1438 1459 Ecclesiae
1485 1417 1614 1459 cura
1660 1402 1948 1463 commissa
1987 1410 2091 1468 est,

510 1495 903 1566 providendum
947 1507 1047 1561 est,
1091 1495 1387 1550 auxiliante
1434 1496 1552 1565 ipso
1578 1510 1792 1551 summa
1822 1494 2092 1564 apostolo,

505 1592 574 1640 n’e
606 1586 865 1654 deinceps
919 1587 1043 1642 talia
1073 1589 1224 1654 ﬁant,
1254 1588 1509 1657 quoniam
1558 1588 1677 1642 ideo
1727 1587 1852 1643 huic
1894 1595 2094 1645 sanctae

508 1677 620 1732 sedi
649 1678 871 1748 praefata
892 1677 1170 1750 privilegia
1192 1679 1496 1749 specialiter
1523 1687 1649 1734 sunt
1668 1694 1948 1743 concessa,
1981 1686 2092 1735 tam

508 1768 575 1823 de
603 1770 990 1840 congregandis
1014 1771 1281 1835 conciliis,
1312 1787 1374 1827 ac
1422 1771 1855 1831 restitutionibus
1883 1772 2094 1842 episcoe

502 1875 720 1931 porum,
766 1878 927 1933 quam
964 1863 1029 1918 de
1077 1864 1305 1918 summis
1348 1864 1717 1921 Ecclesiarum
1747 1864 1993 1935 negotiis,
2031 1873 2089 1920 ut

2197 953 2319 1008 qua:
2342 937 2530 995 tamin
2575 938 2681 995 hac
2710 946 2900 995 sancta
2939 939 3087 1006 sede,
3115 955 3281 1011 quam
3311 949 3369 994 et
3419 939 3494 994 ab
3521 941 3779 1012 Apostolis

2197 1045 2493 1101 eorumque
2542 1031 2951 1091 successoribus
2979 1041 3103 1089 sunt
3150 1040 3381 1099 statuta,
3430 1032 3511 1087 nil
3558 1033 3778 1105 praefatis

2196 1124 2463 1196 episcopis
2490 1125 2836 1183 concessistis
2870 1142 2883 1191 ;
2914 1126 3009 1182 sed
3032 1125 3139 1179 vim
3168 1127 3248 1181 eis
3294 1110 3627 1193 inferentes,
3656 1127 3777 1196 inju-

2196 1222 2407 1286 steque,
2440 1224 2499 1271 ut
2546 1217 2795 1288 superius
2843 1225 3325 1285 commemoratum
3378 1226 3489 1282 est,
3521 1232 3619 1272 eos
3646 1220 3779 1273 dam-

2196 1312 2409 1371 nantes,
2436 1305 2646 1377 aliquos
2669 1307 2920 1363 absentes
2946 1308 3251 1378 expulistis,
3274 1309 3425 1379 quod
3457 1311 3611 1363 omni
3633 1308 3775 1365 Chri-

2198 1398 2387 1465 stianae
2406 1397 2511 1469 legi
2537 1408 2621 1455 est
2642 1399 2938 1456 inimicum.
2964 1399 3020 1454 In
3048 1401 3244 1472 quibus
3265 1411 3507 1474 apparet
3534 1404 3672 1473 quod
3690 1420 3774 1457 nec

2195 1487 2426 1549 Domino
2454 1505 2551 1546 sua
2580 1492 2838 1546 servastis
2858 1490 3000 1567 jura,
3038 1506 3137 1547 nec
3162 1491 3293 1545 huic
3316 1503 3535 1546 sanctae
3560 1493 3710 1545 matri
3730 1504 3774 1545 et

2195 1580 2505 1651 apostolica:
2549 1581 2821 1650 Ecclesiae,
2853 1598 3005 1653 quae,
3040 1591 3099 1637 ut
3142 1584 3535 1654 praescriptum
3567 1593 3668 1647 est,
3695 1599 3777 1638 eos

2195 1687 2292 1728 suo
2316 1671 2520 1741 judicio
2540 1683 2633 1730 aut
2657 1676 2781 1730 huic
2808 1675 2919 1731 sedi
2950 1673 3118 1730 voluit
3167 1674 3489 1740 reservari,
3513 1689 3586 1729 ne
3616 1689 3647 1727 a
3678 1682 3771 1726 tam

2194 1766 2399 1834 pravis,
2448 1768 2585 1823 sicut
2613 1768 2762 1834 estis,
2790 1768 3097 1826 hominibus
3126 1768 3541 1823 damnarentur
3576 1776 3667 1821 aut
3692 1767 3773 1837 eji-

2194 1868 2463 1917 cerentur.
2496 1859 2555 1919 lu
2598 1860 2685 1916 his
2714 1860 2964 1921 omnibus
3004 1876 3100 1917 vos
3125 1860 3320 1917 stultos
3368 1871 3426 1916 et
3470 1860 3772 1933 przevarica-

505 1924 573 2009 ab
602 1968 666 2009 ea
695 1924 884 2011 omnes
922 1957 1163 2027 oppressi
1206 1951 1461 2011 auxilium
1501 1966 1555 2012 et
1602 1958 1801 2028 injuste
1818 1924 2087 2019 "damnati
2118 1924 2170 1987 Β
2198 1962 2345 2011 tores
2389 1955 2803 2026 Evangeliorum
2833 1965 2890 2017 ei
2918 1973 3188 2015 canonum
3216 1974 3355 2023 esse,
3392 1958 3533 2013 nulli
3556 1975 3680 2014 sane
3701 1975 3773 2012 sa-

508 2049 905 2105 restitutionem
952 2060 1190 2115 sumant,
1215 2061 1269 2106 et
1296 2050 1420 2106 talia
1449 2051 1518 2106 ab
1538 2051 1799 2122 improbis
1828 2068 1929 2109 nec
1953 2067 2094 2122 prae-

506 2150 792 2197 sumantur
840 2144 1043 2213 absque
1090 2143 1313 2210 ultione,
1362 2160 1461 2200 nee
1502 2155 1861 2209 exerceantur
1883 2148 2091 2217 absque

505 2232 869 2289 damnatione.
908 2252 925 2285 ι
958 2234 1027 2288 Et
1055 2244 1169 2305 post
1198 2235 1492 2307 aliquanta.
1523 2256 1543 2289 ι
1569 2235 1750 2293 Noluit
1776 2238 1960 2308 itaque
1988 2239 2093 2295 Do-

505 2323 685 2379 minus
716 2333 823 2379 tam
859 2325 1052 2381 leviter
1076 2342 1202 2382 suos
1228 2328 1449 2384 tractari
1491 2328 1768 2385 ministros
1789 2329 1930 2386 sicut
1953 2329 2091 2387 faci-

506 2415 599 2483 tis,
637 2427 730 2473 aut
757 2434 787 2473 a
818 2419 969 2475 vobis
999 2420 1264 2487 damnari,
1296 2422 1390 2477 sed
1424 2421 1565 2476 sicut
1592 2432 1951 2477 memoratum
1979 2433 2084 2490 est,

504 2519 599 2563 aut
630 2510 698 2566 ab
726 2511 829 2567 hac
882 2524 1067 2569 sancta
1096 2514 1223 2570 sede
1248 2514 1334 2570 cui
1362 2515 1637 2571 commissi
1688 2524 1833 2581 sunt,
1868 2526 1962 2572 aut
1987 2532 2087 2574 suo

502 2606 771 2660 reservari
797 2604 1022 2675 judicio.
1053 2607 1143 2662 Ait
1170 2607 1313 2662 enim
1332 2607 1464 2675 :Qui
1487 2622 1582 2664 vos
1601 2609 1967 2677 contristabit,
1994 2626 2085 2667 me

500 2695 865 2752 contristabit.
900 2697 1002 2764 Qui
1043 2696 1233 2753 fecerit
1272 2697 1525 2769 injuriam
1555 2699 1731 2766 vobis,
1776 2701 2002 2771 recipiet
2029 2702 2083 2757 id

499 2788 642 2857 quod
688 2787 869 2858 inique
911 2792 1097 2861 gessit.
1129 2791 1195 2845 Et
1243 2803 1445 2862 quanta
1480 2808 1638 2864 poena
1683 2804 1961 2866 exspectet
1988 2810 2084 2851 eos

498 2880 589 2949 qui
614 2881 826 2937 Domini
855 2884 1226 2939 scandalizant
1247 2885 1558 2956 discipulos,
1592 2888 1939 2960 Evangelium
1971 2889 2084 2944 suf-

497 2975 749 3031 ﬁcienter
779 2978 1023 3046 exponit,
1052 2977 1142 3032 ubi
1179 2980 1243 3035 de
1269 2980 1764 3037 scandalizantibus
1789 2982 2082 3053 discipulos

494 3064 757 3137 loquitur.
789 3065 923 3123 Nam
955 3068 1097 3140 quod
1125 3086 1155 3125 a
1184 3072 1340 3127 vobis
1362 3087 1471 3127 non
1503 3074 1612 3128 sint
1640 3074 1955 3140 damnandi,
1986 3076 2081 3131 sed

495 3165 589 3209 aut
638 3156 705 3210 ab
729 3156 833 3213 hac
886 3169 1073 3216 sancta
1101 3161 1248 3227 sede,
1298 3171 1358 3218 ut
1402 3161 1686 3233 praefatum
1712 3175 1818 3232 est,
1852 3176 1944 3221 aut
1975 3167 2077 3223 sibi

494 3248 830 3314 reservandi,
863 3249 977 3321 ipse
1027 3251 1311 3309 manifeste
1356 3254 1447 3309 dat
1496 3256 1821 3327 exemplum,
1859 3258 2076 3328 quando

494 3347 785 3407 peccantes
808 3341 1136 3409 sacerdotes,
1166 3360 1394 3411 quorum
1423 3346 1599 3402 locum
1618 3351 1777 3405 modo
1807 3352 1859 3406 in
1887 3360 2075 3411 sancta

2183 3256 2311 3313 stati
2339 3254 2455 3325 ejus
2496 3254 2565 3321 ab
2598 3256 2898 3321 honorabili
2945 3255 3175 3311 concilio
3220 3255 3680 3327 redintegrentur,
3708 3264 3754 3309 et

2183 3349 2376 3411 praesul
2400 3347 2726 3411 regulariter
2764 3347 2918 3411 prius
2940 3347 3107 3411 statui
3138 3347 3374 3411 pristino
3400 3348 3678 3411 reddatur,
3709 3357 3756 3402 et

2128 3368 2133 3375 ‘
2179 3363 2376 3421 ιη’ωσω
2400 3363 2726 3420 [regulariter
2764 3363 2918 3422 prius
2940 3363 3107 3413 Statur
3138 3363 3374 3419 pristino
3400 3363 3678 3415 reddatur,

494 3347 785 3407 peccantes
808 3341 1136 3409 sacerdotes,
1166 3360 1394 3414 quorum
1423 3346 1599 3402 locum
1618 3351 1777 3405 modo
1807 3352 1859 3406 in
1887 3360 2075 3411 sancta

494 3426 737 3484 Ecclesia
764 3431 1000 3504 episcopi
1036 3443 1240 3503 tenent,
1275 3432 1381 3493 non
1410 3453 1506 3510 per
1525 3439 1714 3508 alium,
1744 3444 1838 3498 sed
1859 3459 1961 3515 per
1988 3460 2078 3502 se-

496 3523 807 3593 metipsum,
845 3526 1140 3584 vendentes
1170 3538 1226 3584 et
1271 3541 1514 3587 ementes
1554 3532 1713 3601 ejecit
1759 3536 1824 3589 de
1855 3537 2070 3606 templo,

490 3619 543 3666 et
575 3627 791 3669 mensas
814 3618 1297 3674 nummulariorum
1314 3623 1536 3692 proprio
1547 3626 1742 3681 evertit
1761 3625 1992 3698 ﬂagello,
2021 3638 2077 3685 et

486 3701 647 3771 eiecit
678 3706 744 3761 de
780 3708 998 3780 templo.
1026 3709 1092 3766 Et
1119 3711 1234 3784 ipse
1257 3713 1382 3769 alibi
1407 3716 1482 3769 ait
1511 3732 1526 3771 :
1558 3716 1698 3773 Deus
1720 3721 1859 3773 stetit
1884 3721 1939 3775 in
1971 3720 2075 3792 Sg-

489 3813 695 3868 nagoga
760 3800 1006 3865 deorum,
1079 3805 1133 3857 in
1180 3804 1352 3859 medio
1409 3815 1583 3862 autem
1654 3811 1778 3866 deos
1821 3813 2073 3870 discernit

491 3886 664 3958 (Psal.
697 3906 884 3957 LXXXI,
915 3894 991 3962 1),
1036 3904 1090 3949 et
1132 3896 1337 3969 reliqua
1371 3897 1496 3954 talia
1524 3908 1580 3955 et
1609 3901 1693 3957 his
1741 3905 1957 3960 similia.
2005 3906 2073 3960 Et

490 3976 615 4031 alibi
646 3978 788 4034 idem
821 3980 936 4049 ipse
981 3982 1095 4037 ait:
1134 3983 1310 4040 Nolite
1344 3988 1611 4057 judicare,
1645 4001 1700 4045 ut
1727 4010 1832 4048 non
1865 3996 2074 4066 judice-

494 4069 659 4133 mini;
700 4070 858 4125 nolite
903 4074 1268 4143 condemnare,
1317 4088 1372 4132 nt
1406 4099 1507 4137 non
1533 4084 1966 4141 condemnemini.
2006 4088 2073 4142 In

487 4176 590 4251 quo
629 4160 763 4215 enim
782 4162 990 4233 judicio
1021 4168 1407 4238 judicaveritis,
1446 4174 1821 4244 judicabimini
1850 4179 2067 4251 (Matth.

484 4248 602 4321 vn).
658 4251 1000 4327 Quapropter
1054 4273 1156 4313 non
1211 4269 1314 4315 tam
1366 4272 1588 4331 temere,
1624 4276 1684 4321 ut
1733 4284 1828 4325 vos
1860 4248 2069 4337 l‘acitis,

487 4344 773 4415 quisquam
828 4364 978 4404 suam
1030 4363 1323 4421 praesumat
1374 4372 1625 4414 evomere
1676 4362 2068 4432 iniquitatem:

486 4437 579 4490 sed
623 4437 957 4506 judicantem
1009 4457 1221 4514 oportet
1250 4459 1443 4505 cuneta
1498 4453 1707 4521 rimari,
1737 4463 1792 4511 et
1816 4459 2068 4515 ordinem

486 4541 666 4583 rerum
709 4532 865 4602 plena
919 4536 1267 4595 inauisitione
1319 4542 1623 4611 discutere,
1668 4563 1767 4604 nec
1822 4550 1889 4605 de
1930 4551 2066 4617 illis,

2193 2049 2456 2121 pientium
2481 2057 2563 2106 est
2586 2048 2980 2117 absconditum.
3004 2050 3114 2107 Nec
3136 2051 3225 2106 his
3254 2052 3506 2107 contenti
3536 2052 3590 2106 in
3614 2060 3770 2106 vestra

2193 2141 2325 2198 estis
2358 2142 2826 2212 praevaricatione,
2859 2141 2954 2207 sed
2976 2143 3139 2201 etiam
3167 2144 3314 2214 quod
3352 2143 3515 2217 prius
3540 2142 3768 2215 expulsos

2192 2249 2310 2298 eos,
2334 2242 2388 2290 et
2418 2235 2530 2291 suis
2577 2233 2906 2307 exspolialos
2943 2234 3126 2300 rebus,
3149 2234 3309 2307 quasi
3334 2234 3586 2290 vocastis
3630 2246 3767 2304 atque

2191 2327 2514 2395 damnastis,
2550 2342 2674 2387 cum
2706 2326 2886 2389 nullus
2942 2327 3266 2409 regulariter
3303 2337 3401 2382 aut
3449 2328 3656 2391 vocari,
3690 2335 3769 2381 aut

2184 2419 2419 2491 iudicari
2445 2421 2616 2492 possit
2638 2430 2928 2493 antequam
2950 2422 3021 2479 sit
3047 2421 3373 2501 regulariter
3390 2422 3695 2487 restitutus,
3720 2428 3765 2475 et

2188 2528 2285 2569 sua
2314 2514 2497 2571 omnia
2519 2514 2572 2579 ei
2598 2513 2809 2586 legibus
2838 2514 2947 2570 sint
2967 2515 3313 2588 integerrime
3337 2513 3660 2571 reformata.
3684 2513 3765 2568 Est

2186 2622 2420 2677 namque
2468 2607 2524 2677 in
2572 2608 2863 2679 sapedicta
2915 2596 3105 2675 sancta
3158 2608 3367 2682 synodo
3422 2608 3495 2663 ab
3534 2607 3766 2664 omnibus

2185 2699 2515 2765 unanimiter
2540 2700 2835 2777 decretum,
2881 2708 2936 2767 et
2985 2700 3281 2785 apostolica
3314 2700 3648 2756 auctoritate
3686 2715 3761 2753 r0-

2183 2794 2457 2861 horattnn,
2507 2803 2566 2849 ut
2611 2793 2657 2849 si
2697 2794 2821 2864 quis
2854 2794 3233 2867 episcoporum
3266 2794 3383 2850 suis
3422 2793 3591 2861 fuerit
3621 2794 3762 2849 rebus

2183 2884 2532 2954 exspoliatus,
2563 2892 2618 2943 et
2644 2883 2698 2939 in
2746 2885 3092 2955 accusatione
3119 2884 3389 2959 pulsatus,
3429 2885 3761 2939 ordinatione

2181 2979 2496 3050 Numicum
2522 2986 2738 3051 oportet
2762 2985 2819 3045 et
2837 2978 2990 3043 decet
3009 2986 3258 3037 sanctum
3291 2979 3635 3052 propositum
3664 2978 3759 3051 pri-

2182 3084 2268 3127 ma
2296 3068 2477 3129 fronte
2520 3077 2751 3139 certare,
2792 3077 2855 3135 ut
2887 3069 3066 3137 omnia
3107 3085 3231 3140 quae
3267 3085 3365 3141 per
3394 3070 3759 3145 suggestiones

2181 3161 2525 3231 inimicqrum
2551 3178 2775 3231 suorum
2794 3162 3081 3233 amiserat,
3128 3163 3372 3234 legaliter
3416 3164 3598 3236 primo
3629 3174 3761 3236 pote-

2182 3256 2311 3313 stati
2339 3254 2455 3325 ejus
2496 3254 2565 3321 ab
2598 3256 2898 3321 honorabili
2945 3255 3175 3311 concilio
3220 3255 3680 3327 redintegrentur,
3708 3264 3754 3309 et

2178 3441 2316 3513 ipse.
2361 3440 2636 3511 dispositis
2683 3440 3053 3511 ordinatisque
3082 3441 3230 3513 suis,
3274 3448 3407 3509 tunc
3456 3440 3527 3507 ad
3560 3448 3756 3521 tempus

2176 3533 2359 3593 veniat
2374 3532 2444 3589 ad
2470 3547 2715 3598 causam,
2732 3541 2790 3586 et
2810 3532 2854 3591 si
2872 3530 3104 3601 itajuste
3128 3531 3365 3598 videtur,
3390 3531 3753 3599 accusantium

2177 3624 2633 3696 propositionibus
2674 3624 3015 3695 respondeat.
3044 3625 3229 3693 Quare
3258 3640 3389 3711 ergo

2176 3717 2309 3777 estis
2340 3718 2602 3777 terminos
2641 3725 2878 3788 patrmn.
2898 3714 3207 3789 iudicantes
3234 3726 3293 3775 et
3328 3716 3650 3787 danunaptes
3674 3728 3753 3767 ωε

2176 3827 2313 3882 quos
2340 3827 2447 3871 non
2502 3810 2794 3875 debuistis?
2841 3823 3007 3880 quare
3043 3806 3460 3889 iudicastiseos
3483 3823 3622 3879 quos
3659 3819 3749 3859 nni

2176 3903 2498 3976 regulariter
2524 3900 2897 3973 approbastis?
2917 3898 3025 3959 Nec
3044 3899 3378 3967 ohsenvastis
3403 3900 3551 3971 quod
3576 3900 3627 3967 i_n
3656 3896 3748 3951 Re-

2177 4009 2406 4067 gnorum
2456 3992 2594 4051 libro
2640 3992 2905 4063 scriptum
2950 3999 3033 4047 est
3077 4008 3091 4045 :
3140 3989 3266 4061 Νρῃ
3308 3990 3576 4063 quomodo
3629 3989 3748 4043 ridet

2176 4088 2350 4152 homo,
2378 4086 2514 4143 videt
2550 4097 2597 4141 et
2626 4084 2769 4145 Deus
2798 4100 2816 4140 :
2847 4084 2972 4156 quia
2996 4083 3151 4151 homo
3176 4083 3320 4152 pidet
3348 4084 3405 4137 in
3438 4082 3598 4163 fecit,
3620 4079 3745 4135 Dm

2177 4189 2350 4237 autem
2375 4177 2427 4233 in
2449 4176 2604 4237 corde
2634 4174 2682 4248 (1
2710 4173 2840 4246 Reg.
2864 4189 2977 4239 nt,
3007 4173 3091 4243 7),
3121 4182 3176 4241 et
3190 4172 3253 4243 in
3274 4172 3741 4244 Paralipomenon:

2177 4270 2371 4329 Omnia
2395 4272 2557 4327 corda
2580 4268 3039 4341 εεταιαιιιτμβμε,
3074 4276 3126 4335 .8!
3149 4284 3357 4338 omnem
3393 4268 3741 4340 cogitationem

2175 4366 2312 4421 novit
2336 4364 2389 4437 (I
2413 4362 2599 4419 Parui.
2630 4377 2820 4431 ψτω,
2850 4361 2927 4433 9).
2948 4360 3017 4433 ΕΛ
3046 4360 3179 4431 alibi
3198 4362 3467 4443 scriptum
3491 4372 3576 4415 est
3600 4379 3612 4413 :
3642 4358 3739 4414 Non

2171 4465 2353 4529 potest
2378 4456 2614 4512 humano
2644 4452 2993 4521 condemnari
3019 4454 3297 4521 examine,
3308 4468 3470 4523 quem
3490 4451 3629 4506 Deus
3658 4465 3738 4503 sua

2172 4550 2468 4608 reservavit
2483 4547 2710 4618 judicio.
2734 4544 2861 4605 limo
2876 4546 3059 4609 omnia
3083 4562 3434 4618 summopere
3447 4560 3738 4625 praecaveri.

485 4638 606 4694 quae
629 4625 679 4679 ei
712 4626 1024 4685 inconcessa
1072 4642 1215 4700 sunt,
1269 4634 1541 4694 ullomodo
1565 4639 1828 4710 judicium
1852 4659 2062 4714 praesu-
2091 4650 2143 4711 D
2170 4648 2235 4707 da
2262 4653 2412 4711 sunt,
2441 4659 2545 4705 nec
2589 4641 2865 4709 accusatio
2888 4640 3276 4711 episcoporum
3310 4639 3469 4694 Ῡίιεηε
3516 4649 3599 4693 εει
3620 4636 3734 4695 κά·

482 4730 652 4782 mere,
682 4718 1050 4791 interrogandi
1074 4739 1139 4778 ac
1161 4728 1513 4795 proponendi,
1541 4730 1934 4804 adjiciendique
1963 4751 2064 4805 pa-

480 4806 669 4861 tientia
712 4811 935 4878 prmbita
961 4812 1029 4867 ab
1050 4828 1134 4878 eo,
1164 4826 1223 4870 ut
1254 4817 1325 4871 ibi
1351 4819 1494 4873 actio
1528 4823 1761 4891 partium
1787 4825 1959 4880 limita
1990 4828 2065 4882 sit

2169 4737 2386 4808 pientis,
2423 4735 2637 4799 dicente
2668 4731 2897 4801 Domino
2932 4746 2946 4789 :
2975 4730 3100 4787 Non
3124 4733 3387 4802 suscipias
3414 4748 3585 4799 pacem
3614 4746 3735 4783 mea-

2170 4829 2309 4887 dasii
2330 4826 2526 4900 (Exod.
2558 4842 2716 4893 satu,
2745 4826 2822 4897 1),
2843 4833 2897 4879 et
2918 4824 3216 4895 Apostolus
3248 4824 3426 4899 inquit
3456 4842 3470 4877 :
3497 4824 3729 4877 Adam:

479 4896 711 4997 pleniter
738 4917 753 4954 :
783 4917 884 4958 nec
916 4904 1067 4974 prius
1115 4905 1451 4976 litigantibus
1499 4926 1594 4966 sua
1623 4914 1752 4970 velit
1793 4919 2062 4974 sententia
2166 4896 2518 4996 presbyterum
2564 4920 2952 4992 inscriptionem
2991 4935 3098 4979 non
3142 4896 3523 4997 recipiendam,
3566 4919 3727 4989 aequ

480 4987 721 5077 obviare,
774 4992 875 5046 nisi
935 4996 1153 5063 quando
1203 5000 1325 5069 ipsi,
1363 5004 1598 5071 peractis
1651 5011 1922 5074 omnibus,
1946 5008 2061 5077 jam

480 5075 615 5131 nihil
662 5080 891 5174 amplius
935 5086 1223 5143 habuerint
1252 5092 1307 5145 in
1338 5097 1636 5162 quaestione
1684 5101 1828 5169 quod
1857 5075 2061 5172 propo-

2168 5016 2372 5075 ditobus
2417 5014 2494 5071 vel
2533 5014 2700 5075 tribus
2722 5012 2923 5071 idoneis
2952 5011 3173 5073 testibus
3209 5012 3261 5081 (I
3296 5011 3436 5069 Tim.
3464 5029 3514 5079 v,
3548 5013 3644 5081 l9).
3678 5009 3723 5063 Si

2167 5110 2283 5165 haec
2310 5107 2377 5163 de
2402 5105 2734 5174 presbyteris
2757 5104 2839 5163 vel
2868 5103 3085 5173 caeteris
3122 5102 3378 5171 ﬁdelibus
3396 5115 3532 5173 sunt
3555 5117 3725 5174 puera—
