3904 5304
59 346 179 404 1015

1139 346 1498 406 OPUSCULA
1540 351 1627 407 ET
1665 351 2046 414 EPISTOLAS.

3150 312 3287 417 ἰοί-1

60 471 185 525 rent.
209 467 387 517 nostra
408 460 814 533 prastolarctur
839 476 1088 531 censura,
1112 471 1165 518 et
1190 464 1322 519 nihil
1344 466 1494 537 prius
1514 474 1608 521 aut
1638 469 1691 532 Α
1716 469 1809 539 sed
1832 470 1999 527 laetari
2025 473 2076 528 in
2100 472 2286 529 olliciis
2306 483 2360 529 et
2389 475 2727 547 dogmatibus
2742 474 2937 531 vestris
2948 472 3284 530 mereamini.

60 554 187 611 aliud
216 553 598 621 decerneretis,
636 569 799 625 quam
824 555 965 630 quod
996 556 1150 612 nobis
1176 556 1387 628 placere
1413 574 1611 631 cogno-

60 645 271 711 vissetis,
300 645 372 700 ita
418 652 535 700 uta
584 645 788 718 regulis
817 646 1133 717 praestitutis
1179 648 1345 715 nulla,
1385 659 1478 705 aut
1522 665 1614 705 ne-

59 735 315 809 gligentia,
342 744 434 790 aut
464 736 883 807 praesumptione
933 737 1275 793 recederetis.
1307 737 1495 799 Cesset
1519 740 1615 794 hu-

56 827 266 898 jusmodi
310 842 493 899 pressa
526 836 712 883 nostra
766 829 1089 885 auctoritate
1138 833 1509 904 praesumptio,
1540 833 1618 889 vi-

62 928 223 975 tentur
250 920 554 989 hujusmodi
582 924 925 988 noc'umenta,
957 922 1082 993 quia
1113 938 1450 994 nequaquam
1488 924 1618 981 talia

60 1002 325 1083 patienter
354 1011 495 1068 ferre
546 1028 833 1084 possumus
877 1014 1343 1082 machinamenta,
1367 1016 1618 1087 quoniam

60 1106 291 1160 convenit
313 1120 412 1179 nos
432 1114 781 1178 paternarum
829 1107 1168 1173 sanctionum
1193 1108 1476 1181 diligentes
1503 1124 1622 1166 esse

61 1197 309 1252 custodes.
338 1217 358 1250 ι

61 1310 136 1366 Ea:
163 1310 375 1387 epistola
402 1313 717 1387 sanctissimi
770 1315 1143 1387 archiepiscopi
1182 1308 1376 1387 Felicis
1415 1325 1462 1387 et
1510 1315 1625 1387 ejus

122 1383 279 1458 s_a_ncti
296 1383 529 1458 concilii,
555 1383 869 1458 Athanasio,
892 1383 1208 1458 et'universis
1232 1383 1623 1458 Egyptiornm,

122 1451 497 1527 Thebaidornm
522 1464 619 1527 (et,
636 1453 917 1527 Libyomm
957 1456 1206 1527 episcopis
1241 1451 1490 1527 rescripta
1522 1470 1540 1508 :
1569 1459 1627 1511 in

121 1539 215 1592 qua
247 1522 720 1598 consultationibus
739 1522 963 1592 eorum,
986 1522 1146 1598 'quas
1181 1542 1338 1598 super
1364 1522 1629 1598 episcopo-

122 1609 228 1645 rum
277 1595 720 1665 persecutionibus
763 1606 810 1650 et
855 1595 1276 1655 accusationibus
1303 1595 1627 1665 direxerant,

122 1663 361 1725 canonice
385 1665 740 1735 respondetur.

1712 562 1884 634 Igitur
1932 565 2254 621 erubescant
2307 566 2431 622 talia
2458 607 2473 633 ,
2526 576 2581 622 et
2628 566 2933 637 hujusmodi
2978 565 3289 635 blasphema

1718 658 2038 713 subtrahere
2084 656 2361 724 festinent,
2401 659 2446 714 si
2472 657 2742 715 noluerint
2771 672 2802 712 a
2829 656 3152 713 sacerdotali
3199 673 3291 711 no-

1720 758 1833 805 stro
1865 749 2088 822 collegio
2111 750 2404 821 segregari,
2436 758 2487 805 et
2518 766 2549 805 a
2582 748 2876 806 Christiani
2901 748 3085 820 populi
3118 747 3289 806 socie-

1722 848 1832 896 tate
1882 840 2079 896 divelli.
2112 839 2267 898 Licet
2315 857 2547 913 namque
2595 842 2663 897 de
2713 841 2799 897 his
2835 840 2991 912 plura
3026 849 3081 897 et
3105 854 3293 912 perne«

1723 934 1979 998 eessaria,
2030 948 2149 1003 quae
2194 933 2249 987 in
2289 934 2524 990 decretis
2576 934 2724 992 sedis
2750 932 3098 1004 Apostolicte,
3148 939 3205 986 et
3229 931 3297 987 ab

1720 1022 1993 1092 Apostolis
2020 1036 2319 1101 eorumque
2342 1022 2747 1079 successoribus
2768 1031 2992 1088 statuta,
3024 1020 3300 1077 inveniun‘

1724 1121 1830 1179 tur,
1861 1113 2038 1183 dicere
2073 1121 2128 1168 et
2155 1113 2494 1175 conscribere
2520 1115 2908 1189 potuissemus,
2938 1122 3118 1169 tamen
3146 1113 3302 1169 nobis

1726 1204 1915 1263 melius
1938 1205 2111 1261 visum
2155 1214 2255 1271 est,
2284 1214 2344 1262 ut
2376 1205 2655 1277 epistolam
2686 1207 2930 1262 oratione
2957 1204 3297 1261 claudamus.

1726 1295 1870 1353 Deus
1896 1297 2252 1366 omnipotens,
2270 1305 2324 1353 et
2351 1296 2510 1367 hujus
2535 1297 2842 1371 unigenitus
2867 1296 3034 1352 Filius
3056 1305 3110 1353 et
3137 1297 3297 1352 salva-

1728 1395 1814 1444 tor
1841 1399 2024 1445 noster
2060 1385 2216 1443 Jesus
2265 1387 2534 1455 Christus,
2570 1387 2675 1444 hoc
2700 1388 2854 1443 vobis
2881 1378 3083 1443 tribuat
3111 1387 3303 1443 incita-

1728 1488 1993 1546 mentum,
2035 1490 2095 1535 ut
2120 1480 2371 1536 omnibus
2416 1480 2690 1544 fratribus,
2742 1488 2798 1540 et
2829 1480 3162 1551 coepiscopis
3205 1494 3302 1533 no-

1730 1572 1878 1636 stris,
1924 1571 2329 1648 quibpscunque
2398 1570 2832 1628 tribulationibus
2895 1570 3306 1635 laborantibus,

1732 1664 1857 1719 totis
1902 1665 2229 1727 succurratis
2265 1664 2493 1731 viribus,
2536 1672 2590 1721 et
2623 1680 2744 1720 cum
2794 1663 2874 1720 eis
2900 1664 3305 1735 compatientes,

122 1774 307 1846 (ρευχ
350 1774 413 1843 μ’
467 1786 614 1853 emt.
671 1778 747 1851 ί.)
781 1798 800 1832 ε
852 1777 970 1835 Non
1017 1779 1109 1845 ita.
1137 1780 1193 1835 in
1233 1780 1629 1837 Ecclesiasticis
1658 1818 1707 1853 ﬁ
1735 1752 2232 1853 crucem-ejusdem
2262 1753 2474 1808 Domini
2507 1754 2792 1809 salvatoris
2820 1753 3063 1853 portetis,
3097 1761 3159 1808 ut
3197 1753 3314 1808 veri

62 1868 311 1939 agendum
366 1878 448 1935 est
486 1870 733 1947 negotiis,
762 1872 900 1928 sicut
928 1872 982 1927 in
1006 1871 1375 1931 saecularibus.
1406 1871 1541 1929 Nam
1574 1874 1626 1929 in

61 1961 416 2035 saecularibus,
452 1972 740 2041 postquam
784 1965 989 2037 legibus
1041 1972 1263 2021 vocatus
1312 1966 1544 2032 venerit,
1577 1975 1634 2022 et

62 2053 110 2108 in
145 2052 259 2115 foro
311 2055 594 2125 deqertare
641 2056 869 2129 eceperit
914 2056 1135 2127 aliquis,
1181 2072 1289 2121 non
1337 2057 1465 2114 licet
1508 2067 1671 2123 ante

60 2154 321 2215 peractam
352 2161 571 2217 causam
608 2147 863 2215 recedere
903 2166 918 2202 :
960 2147 1016 2203 in
1062 2147 1450 2205 ecclesiasticis
1478 2165 1634 2218 vero,

63 2237 192 2301 dicta
244 2253 406 2295 causa
438 2240 695 2305 recedere
719 2239 866 2307 licet,
901 2240 948 2296 si
976 2255 1201 2298 necesse
1246 2242 1430 2308 fuerit,
1468 2251 1562 2298 aut
1590 2244 1636 2298 si

65 2347 115 2387 se
134 2332 463 2405 praegravem
493 2332 708 2395 viderit.
729 2332 862 2403 (ten-
885 2348 951 2389 ea:
975 2334 1176 2389 eodem.
1207 2333 1327 2407 iam
1356 2335 1500 2391 enim
1524 2335 1637 2391 for-

64 2436 195 2479 mam
227 2420 499 2493 dedimus,
527 2432 581 2493 et
623 2438 653 2487 a
690 2423 1177 2495 praedecessoribus
1209 2425 1409 2480 nostris
1460 2427 1638 2480 datam

65 2509 170 2569 esse
206 2512 580 2597 cognovimus,
614 2520 671 2573 ut
697 2512 743 2581 si
792 2514 912 2591 quis
956 2529 1016 2570 se
1061 2515 1341 2593 agnoverit
1375 2514 1640 2570 Christia-

66 2618 206 2668 num,
259 2602 393 2677 illud
431 2610 612 2673 servet
641 2603 785 2673 quod
822 2604 896 2673 ,ab
944 2603 1219 2681 Apostolis
1248 2604 1492 2660 noscitur
1518 2618 1642 2660 esse

68 2693 441 2763 contraditum,
470 2693 687 2765 dicente
729 2693 985 2773 Apostolo
1020 2694 1187 2759 Paula
1214 2712 1227 2749 :
1260 2694 1325 2753 Si
1352 2696 1468 2766 quis
1502 2695 1642 2751 vobis

70 2785 447 2851 annuntiaverit
487 2796 677 2867 printer
712 2786 859 2861 quod
907 2787 1197 2857 accepistis,
1252 2787 1529 2841 anathema
1574 2789 1643 2842 sit

72 2875 201 2948 (Gal.
231 2893 272 2943 ι,
301 2877 378 2953 8).
410 2876 657 2941 Christus
701 2878 844 2945 enim
894 2876 987 2937 Dei
1020 2876 1208 2949 Filius,
1254 2877 1513 2941 Dominus
1542 2894 1641 2933 no-

72 2980 194 3039 ster,
238 2971 478 3052 humano
500 2960 685 3045 generi
724 2985 823 3053 per
844 2969 1123 3045 propriam
1164 2968 1473 3043 passionem
1502 2968 1645 3026 salu-

78 3071 178 3127 tem
202 3062 573 3134 plenissimam
598 3059 942 3127 condonavit,
977 3068 1036 3114 ut
1064 3076 1162 3127 nos
1196 3059 1474 3131 liberaret.
1505 3059 1573 3115 Et
1599 3061 1646 3118 si

1658 1832 1906 1915 ijsius
1952 1844 2199 1914 discipuli
2252 1860 2435 1900 coram
2482 1846 2732 1902 omnibus
2774 1845 3081 1917 appareatis
3113 1863 3126 1898 :
3157 1853 3216 1899 ut
3262 1850 3315 1899 et

1732 1956 1852 2006 vos,
1882 1949 1933 1995 et
1962 1941 2057 2012 qui
2087 1940 2363 1995 vobiscum
2393 1949 2537 2007 sunt,
2572 1940 2659 1996 hic
2711 1949 2768 1996 et
2795 1942 2847 1995 in
2876 1938 3058 1995 futuro
3093 1939 3315 1994 meliora

1734 2034 2077 2107 possidentis,
2102 2049 2220 2104 quac
2248 2032 2433 2088 oculus
2462 2049 2565 2089 non
2592 2031 2747 2100 vidit,
2787 2048 2888 2089 nec
2915 2032 3061 2089 auris
3090 2031 3312 2097 audivit,

1736 2142 1836 2183 nec
1867 2128 1919 2182 in
1961 2142 2055 2182 cor
2085 2127 2318 2183 hominis
2356 2128 2619 2203 ascendit,
2655 2143 2774 2199 qua:
2801 2125 3125 2198 praeparavit
3174 2126 3319 2180 Deus

1739 2218 2084 2289 diligentibus
2108 2234 2185 2282 se,
2218 2233 2315 2288 per
2341 2218 2628 2272 Dominum
2656 2227 2899 2273 nostrum
2951 2216 3135 2272 Jesum
3166 2213 3318 2271 Chri-

1741 2315 1904 2373 stum,
1933 2323 2029 2378 per
2057 2322 2218 2377 quem
2248 2316 2302 2361 et
2336 2322 2459 2362 cum
2490 2322 2618 2376 quo,
2651 2304 3009 2377 omnipotenti
3034 2305 3146 2359 Deo
3170 2300 3321 2358 Patri

1740 2398 1908 2470 gloria
1946 2400 1998 2453 in
2022 2400 2218 2455 smcula
2247 2399 2584 2454 saeculorum.
2614 2399 2807 2455 Amen.
2834 2398 3028 2455 Valere
3047 2412 3143 2453 vos
3168 2404 3314 2467 opto,

1706 2490 2042 2546 ’charissimi
2086 2491 2303 2548 fratres.
2364 2492 2494 2546 Data
2528 2491 2708 2547 [dibus
2755 2491 3054 2557 Februarii,
3120 2489 3318 2562 Agario

1741 2592 1797 2639 et
1821 2583 2034 2641 Juliano
2063 2582 2128 2638 V.
2154 2582 2235 2639 CI.
2268 2598 2444 2639 conss.
2487 2603 2506 2635 ι

1995 2695 2129 2753 Item
2150 2712 2214 2752 ea:
2241 2693 2437 2751 Graecis
2459 2704 2505 2750 et
2534 2693 2735 2750 Latinis
2766 2694 3070 2756 canonibus.

1816 2808 1971 2881 (Cap.
2018 2809 2098 2880 5.)
2141 2829 2159 2865 ι
2197 2808 2331 2864 Nam
2359 2810 2406 2867 si
2456 2809 2568 2865 suis
2596 2808 2758 2865 rebus
2801 2807 2965 2875 fuerit
2988 2805 3321 2881 exspoliatus

1746 2900 2052 2972 episcopus,
2092 2908 2185 2957 aut
2230 2900 2373 2971 quod
2397 2900 2560 2966 absit,
2607 2899 2750 2970 quod
2778 2900 3010 2969 alienum
3050 2898 3120 2953 ab
3146 2899 3321 2957 numi-

1745 2993 1848 3055 bus
1872 2993 2030 3049 debet
2058 3007 2178 3050 esse
2205 2992 2473 3061 ﬁdelibus,
2507 3008 2537 3047 a
2566 2993 2697 3051 sede
2722 2993 2938 3064 propria
2959 2991 3185 3063 eiectus,
3230 3002 3325 3047 aut

1750 3085 1804 3142 in
1845 3086 2154 3145 detentione
2193 3084 2371 3155 aliqua
2400 3099 2431 3140 a
2469 3084 2580 3167 suis
2606 3084 2796 3149 ovibus
2822 3082 2987 3155 fuerit
3002 3091 3325 3155 ,sequestra-

78 3153 211 3219 Deus
252 3152 311 3221 in
359 3161 695 3260 tantum‘nos
748 3150 957 3260 dilesit,
987 3157 1045 3205 ut
1065 3150 1647 3260 .etiamnproprio‘Filio
1672 3190 1723 3260 Ο
1751 3187 1855 3244 ws,
1886 3189 2014 3235 “me
2041 3150 2320 3244 ωηοηίεέ,
2348 3150 2640 3249 ληιεάίιθηι
2668 3176 2724 3230 in
2758 3150 3046 3254 pristinum
3079 3150 3332 3245 pestium—

77 3260 174 3317 ngp
198 3250 470 3321 parceret,
502 3243 595 3317 sed
623 3260 724 3319 pro
752 3244 908 3313 nobis
933 3242 1183 3299 omnibus
1212 3241 1360 3299 illum
1387 3243 1644 3310 traderet,

75 3346 129 3411 ut
152 3320 251 3421 ιλρδ
284 3338 564 3413 liberaret,
611 3345 671 3393 ut
698 3336 827 3424 quid
846 3351 953 3399 (nos
994 3350 1101 3390 non
1128 3334 1399 3409 diligimus
1428 3333 1644 3402 fratres,

79 3437 163 3491 aut
190 3418 283 3501 eos
310 3439 517 3497 ,ιῡιῃβτβ
528 3418 852 3499 iudicamus,
881 3441 1002 3482 cum
1030 3425 1322 3505 praedictus
1343 3424 1489 3480 dicat
1509 3425 1652 3496 Δρο-

80 3523 277 3589 stolas:
310 3521 487 3593 Nolite
507 3522 747 3596 judicare
769 3519 1010 3587 invicem,
1041 3518 1132 3574 sed
1163 3518 1258 3573 hoc
1282 3516 1520 3588 judicate
1545 3533 1654 3570 ma-

80 3616 173 3685 gis,
208 3596 271 3677 ne
322 3614 530 3686 ponatis
580 3610 955 3683 ofendiculum
995 3607 1151 3682 fratri
1219 3606 1299 3662 vel
1343 3604 1653 3662 scandalum

83 3705 250 3777 (Rom.
284 3692 402 3775 inv,
436 3703 561 3789 l5)?
587 3702 721 3760 Nam
761 3703 807 3759 si
847 3701 921 3757 illi
945 3701 1035 3772 qui
1068 3699 1263 3755 fratres
1289 3695 1654 3789 diligunttex

86 3797 186 3861 Deo
231 3799 346 3871 nati
394 3807 520 3857 sunt
546 3806 601 3854 et
638 3795 822 3851 vident
865 3793 1058 3860 Deum,
1087 3791 1214 3862 quid
1243 3804 1372 3859 ergo
1400 3788 1506 3843 erit
1530 3787 1687 3854 illis,’

86 3889 170 3960 qui
216 3906 313 3969 eos
359 3896 776 3962 persequuntur,
820 3896 876 3943 et
918 3900 1012 3942 eos
1064 3881 1419 3946 detrahendo,
1454 3880 1659 3936 machi-

89 3982 274 4051 nando,
305 3981 628 4047 accusando,
682 3978 1008 4043 infestando,
1041 3976 1300 4033 damnare
1329 3970 1662 4029 moliuntur?

91 4069 142 4127 Si
164 4072 237 4128 illi
266 4072 365 4128 ﬁlii
399 4072 516 4143 Dei,
539 4069 726 4143 procul
765 4068 925 4124 dubio
956 4067 1010 4122 hi
1032 4065 1128 4125 ﬁlii
1157 4073 1281 4121 sunt
1320 4063 1536 4129 diaboli,
1570 4062 1662 4132 qui

92 4176 297 4236 semper
330 4152 469 4220 Sicut
513 4162 599 4221 leo
627 4161 847 4233 rugiens
887 4158 1079 4215 circuit
1105 4170 1353 4228 quaerens
1384 4170 1541 4226 quem
1574 4154 1667 4209 de-

93 4265 257 4324 voret,
284 4256 358 4313 ita
380 4255 577 4313 fratres
598 4254 952 4325 insequuntur
972 4251 1291 4322 utperdant.
1310 4248 1410 4318 Qui
1432 4262 1561 4305 vero
1574 4249 1665 4301 ad-

94 4345 269 4413 iuvare
316 4340 523 4404 fratres
560 4345 852 4418 refugiunt,
904 4342 1076 4412 majus
1122 4357 1258 4397 onus
1312 4350 1660 4411 peccatorum

100 4440 380 4510 acquirunt
439 4445 495 4495 et
547 4433 1137 4515 fraternitatis.solatio
1166 4433 1245 4488 rei
1296 4433 1549 4515 esistunt.
1600 4428 1667 4483 Et

99 4541 202 4599 post
226 4549 397 4604 pauca
422 4548 441 4586 :
492 4530 607 4604 Non
640 4530 783 4603 enim
826 4529 892 4585 de
922 4524 1159 4584 fontibus
1204 4524 1512 4589 salutiferis,
1555 4522 1665 4592 spi-

104 4602 357 4679 ritualiter
400 4623 471 4699 ad
492 4602 908 4703 ‘acquisitionem
944 4630 1166 4697 aeternae
1194 4618 1341 4683 vitae,
1370 4616 1669 4688 procedunt

108 4716 234 4793 tales
266 4719 645 4789 accusationes
685 4725 740 4781 et
771 4715 1149 4779 detractiones,
1180 4721 1340 4783 atque
1372 4712 1491 4767 ideo
1520 4723 1670 4764 com-

100 4794 341 4876 petenter
380 4823 480 4879 nos
534 4806 724 4861 beatus
796 4803 997 4859 Paulus
1057 4800 1327 4873 apostolus
1377 4800 1672 4856 admonens

108 4898 177 4951 ait
198 4918 213 4969 ;
238 4882 364 4967 ’Non
394 4899 577 4955 debere
598 4898 713 4973 plus
740 4912 918 4967 sapere
943 4910 1100 4968 quam
1129 4903 1326 4963 oportet
1355 4908 1553 4964 sapere,
1582 4888 1673 4943 sed

109 5006 280 5060 sapere
321 4992 388 5059 ad
427 4990 757 5049 sobrietatem
808 4985 983 5058 (Rom.
1013 5000 1113 5047 xu,
1147 4983 1221 5054 5).
1267 4983 1321 5037 in
1362 4979 1675 5039 diﬁinitione

111 5077 315 5146 pictatis
343 5081 718 5150 perduremus.
747 5075 850 5142 Qui
875 5075 1018 5129 enim
1044 5074 1179 5126 hanc
1194 5078 1544 5142 prrctereunt,
1568 5083 1673 5123 non

116 5178 312 5223 tantum
344 5171 441 5242 ipsi
488 5164 619 5233 sunt
661 5165 969 5221 decidentes
994 5182 1023 5218 a
1075 5165 1517 5222 currohoratione
1558 5174 1673 5224 sua,

115 5259 201 5304 sed
240 5259 554 5304 insinipnlim
593 5271 703 5304 suae
757 5253 1156 5304 dereliuuerunt
1182 5257 1429 5304 Omnibus
1473 5265 1677 5304 memo—

1757 3280 1844 3326 tur
1868 3271 2151 3333 honorem,
2193 3277 2247 3322 et
2271 3284 2366 3325 sua
2392 3268 2572 3325 omnia
2599 3280 2718 3336 quae
2745 3264 2957 3337 insidiis
2986 3262 3328 3335 inimicorum

1752 3376 1973 3419 suorum
1996 3362 2045 3416 ei
2069 3360 2246 3419 ablata
2281 3358 2494 3417 fuerant
2513 3359 2967 3429 redmtegreutur,
3004 3370 3104 3427 nec
3133 3370 3331 3427 conivn—

1757 3453 1869 3513 cari
1898 3466 1996 3517 nec
2030 3451 2261 3522 judicari
2290 3450 2507 3531 poterit,
2540 3450 2644 3504 nisi
2689 3450 2802 3523 ipse
2840 3462 2941 3521 pro
2971 3462 3069 3517 sua
3096 3446 3331 3509 necessi—

1757 3555 1890 3614 tate,
1919 3544 2139 3607 minime
2162 3550 2345 3597 tamen
2360 3541 2702 3621 iudicandus,
2730 3537 3197 3615 advepirequnge
3220 3535 3333 3611 με-

1758 3639 1915 3713 gerit.
1944 3636 2055 3693 Nec
2096 3636 2316 3693 omnino
2366 3650 2397 3689 a
2422 3648 2694 3704 quoquam
2718 3631 3054 3703 respondere
3090 3634 3335 3701 cogatur,

1758 3740 2049 3803 antequam
2072 3728 2421 3800 integerrime
2446 3726 2647 3797 omnia,
2674 3738 2796 3799 quae
2822 3737 2917 3797 per
2942 3720 3336 3798 suggestionem

1761 3824 2104 3889 inimicorum
2138 3834 2362 3887 suorum
2387 3818 2661 3891 amiserat,
2711 3816 2963 3893 potestati
2986 3813 3108 3889 eius
3145 3813 3214 3877 ab
3238 3813 3338 3877 lm-

1761 3914 1994 3973 norabili
2022 3912 2252 3981 concilio
2280 3911 2728 3983 redintegrentur,
2754 3918 2817 3981 ,ει
2838 3905 3031 3978 praesul
3054 3905 3203 3985 prius
3231 3914 3340 3983 sm,-

1763 4008 1843 4069 tui
1872 4006 2102 4077 pristino
2150 4003 2423 4075 reddatur,
2460 4010 2516 4058 et
2542 4001 2656 4073 ipse
2674 3997 2949 4069 dispositis
2971 3996 3342 4075 ordinatisque

1764 4100 1933 4157 libere
1959 4114 2024 4159 ac
2054 4111 2243 4163 secure
2269 4095 2404 4170 spis,
2458 4103 2585 4161 tunc
2615 4091 2875 4167 canonice
2900 4097 3246 4159 convocatus,
3268 4086 3343 4155 ad

1769 4204 1978 4266 tempus
2022 4193 2229 4264 synodu
2276 4190 2331 4244 in
2373 4187 2613 4259 legitima
2652 4194 2711 4261 et
2754 4183 3015 4253 canonica
3059 4181 3242 4249 veniat
3272 4178 3343 4243 ad

1769 4299 2012 4349 causam,
2043 4280 2170 4339 etsi
2198 4280 2276 4349 ita
2308 4277 2457 4348 juste
2490 4275 2719 4349 videtur,
2752 4270 3121 4341 accusantium
3150 4281 3344 4351 propo-

1770 4376 2054 4434 sitionibus
2074 4373 2415 4449 respondeat.
2451 4390 2470 4427 ι

2172 4485 2254 4545 Ex
2273 4484 2492 4541 decretis
2516 4479 2774 4543 Calatini
2794 4492 2960 4548 ραρσο

1844 4599 2113 4676 (Epist.ll
2142 4596 2390 4668 episcopis
2404 4593 2590 4650 Catab.
2618 4601 2667 4645 et
2696 4586 2877 4661 Aput.)
2898 4605 2917 4639 ι
2940 4583 3079 4645 Nulli
3103 4580 3352 4676 sacerdo-

1776 4672 1887 4753 tum
1936 4694 2096 4747 liceat
2141 4703 2375 4744 canones
2408 4689 2676 4758 ignorare,
2726 4697 2824 4737 nec
2851 4679 3145 4751 quidquam
3172 4672 3351 4729 facere

1776 4788 1916 4860 quod
1963 4784 2185 4839 Patrum
2224 4781 2399 4850 possit
2428 4766 2631 4847 regulis
2674 4773 2915 4830 obviare.
2947 4769 3081 4838 Quae
3128 4765 3271 4821 enim
3320 4777 3353 4816 a

1778 4880 1934 4937 nobis
1966 4888 2053 4929 res
2082 4873 2243 4941 digna
2281 4867 2608 4929 servabitur,
2656 4865 2702 4919 si
2738 4861 3087 4920 decretalium
3116 4864 3361 4909 normam

1782 4971 2224 5030 constitutorum,
2252 4979 2357 5035 pro
2383 4965 2689 5031 aliquorum
2717 4957 2893 5023 libitu,
2920 4948 3135 5010 licentia
3158 4944 3367 5035 populis

1785 5062 2075 5137 permissa,
2115 5034 2439 5126 frangatur?
2483 5047 2761 5104 Currum
2796 5064 2857 5104 in
2885 5065 2898 5100 :
2930 5039 3081 5110 Quod
3113 5034 3372 5137 docendus

1786 5123 1854 5215 sit
1894 5152 2136 5230 populus,
2171 5123 2281 5202 non
2329 5137 2952 5230 sequendusDocendus
3000 5137 3085 5187 est
3130 5123 3380 5230 populus,

1789 5213 1907 5304 non.
1944 5213 2279 5304 sequendus.
2324 5213 2566 5304 Nosque,
2615 5228 2663 5283 si
2709 5232 2977 5292 nesciunt,
3010 5233 3106 5278 eos
3146 5213 3273 5285 quid
3324 5213 3387 5266 li-
