3904 5304
458 289 612 360 1015

1522 275 1853 335 HINCMARI
1894 269 2376 330 LUGDUNENSIS
2417 270 2719 326 [‘LPISCOPI

3615 267 3738 323 1016

482 428 625 476 totas
655 416 758 471 hoc
781 426 930 481 ergo,
982 422 1101 479 qua:
1127 402 1361 476 propriis
1389 397 1692 454 rectoribus
1714 396 1924 451 carent,
1962 387 2062 441 Ec—
2088 384 2144 446 Α
2169 387 2458 454 noluerint,
2491 387 2658 442 habes
2684 386 3107 443 consolationem
3144 402 3307 457 quam
3358 387 3414 442 in
3461 385 3743 461 Evangelia

474 508 667 564 elesias
697 479 945 558 volumus
976 500 1299 559 innotescat,
1329 503 1389 546 ut
1417 489 1595 545 nullus
1625 484 1726 542 sibi
1756 498 1852 554 spe
1879 479 2057 548 aliqua

472 585 712 657 forsitan.
748 593 1025 654 blanditiis
1071 589 1279 646 illudat.
1314 585 1448 639 Data
1493 597 1592 637 xu.
1625 573 1745 634 Kal.
1808 570 2056 645 Augusti,

467 680 750 750 Florentio
774 697 828 760 et
862 683 1119 758 Dionysio
1149 695 1327 738 conss.
1358 697 1378 731 ι

816 823 1056 898 Epistola
1083 813 1358 876 decretalis
1387 811 1525 870 δίωιί
1546 826 1715 883 ponte.

548 965 742 1036 (Epist.
792 962 826 1016 5
850 959 1005 1031 Xyin
1035 957 1177 1028 111.)
1229 974 1248 1008 ι
1285 953 1474 1010 Sixtus
1498 949 1785 1022 episcopus
1807 943 2058 1036 omnibus

473 1035 838 1114 Orientalibus
888 1049 1154 1123 episcopis
1199 1049 1253 1102 in
1291 1044 1520 1102 Domino
1547 1041 1800 1098 salutem.
1842 1035 2061 1094 Gratias

477 1156 669 1202 vestra:
714 1144 1001 1200 referimus
1035 1139 1335 1201 sanctitati,
1366 1135 1509 1208 quod
1543 1134 1596 1190 in
1629 1130 1976 1188 tribulatione
2005 1135 2062 1183 et

473 1237 850 1312 persecutione
899 1241 1083 1290 nostra
1123 1247 1222 1288 nos
1260 1229 1480 1285 visitare
1521 1225 1770 1291 misistis,
1796 1231 1852 1278 et
1880 1234 2059 1276 causae

472 1340 672 1388 nostrae
703 1330 864 1384 ﬁnem
896 1329 1098 1383 bonum
1128 1325 1270 1382 scire
1297 1335 1352 1379 ct
1381 1337 1501 1379 esse
1523 1320 1745 1390 optatis,
1773 1315 2060 1388 precibus-

471 1442 576 1497 que
601 1426 770 1482 Deum
797 1423 1086 1489 excrastis,
1122 1429 1183 1477 ut
1204 1421 1335 1476 mihi
1363 1421 1416 1474 in
1447 1415 1799 1472 tribulatione
1833 1426 2058 1469 succur-

476 1530 620 1576 reret
649 1535 789 1586 mea,
820 1533 1013 1590 meque
1040 1517 1340 1588 adiuvaret,
1379 1523 1434 1568 et
1463 1511 1532 1567 ab
1560 1508 1772 1567 aemulis
1792 1505 2059 1563 tribulan-

477 1612 623 1666 tibus
649 1621 705 1666 et
732 1609 1187 1682 persequentibus
1218 1621 1304 1662 me
1333 1605 1613 1660 liberaret.
1645 1601 1690 1658 Ο
1716 1614 1879 1670 quam
1918 1596 2059 1652 bona

470 1709 554 1757 est
574 1701 836 1768 charitas,
867 1715 988 1771 quae
1015 1699 1268 1755 absentes
1296 1711 1393 1767 per
1421 1693 1739 1765 imaginem,
1765 1697 2062 1762 praesentes

472 1793 824 1864 sibimetipsis
868 1791 1089 1847 exhibet
1131 1805 1230 1862 per
1277 1803 1516 1844 amorem
1563 1805 1576 1840 :

471 1886 612 1951 nnit,
657 1901 721 1942 ac
761 1885 984 1942 confusa
1024 1884 1271 1947 ordinat,
1323 1880 1608 1952 inaequalia
1640 1879 1837 1944 sociat,
1862 1879 2063 1948 imper-

471 1976 613 2032 fecta
660 1977 967 2034 confirmat.
1013 1975 1186 2044 Quam
1229 1983 1380 2031 recte
1419 1973 1743 2045 praedicator
1789 1971 2062 2043 egregius,

473 2069 750 2140 apostolus
809 2069 1061 2125 videlicet
1119 2066 1353 2133 Paulus,
1414 2063 1678 2121 vinculum
1729 2062 2064 2134 perfectionis

470 2159 695 2232 (Coloss.
729 2177 813 2227 ιιι,
836 2160 928 2221 ul
955 2167 1133 2228 vocat,
1169 2159 1426 2230 quoniam
1453 2157 1681 2212 virtutes
1707 2155 1924 2226 quidem
1960 2169 2065 2209 cae-

473 2259 604 2306 terae
628 2233 1017 2322 perfectionem
1048 2259 1330 2322 generant,
1366 2249 1463 2304 sed
1501 2257 1677 2302 tamen
1697 2261 1792 2302 eas
1825 2245 2064 2300 charitas

478 2346 552 2399 ita
578 2343 729 2416 ligat,
756 2351 819 2399 ut
840 2344 908 2399 ab
930 2343 1164 2399 amantis
1189 2350 1370 2398 mente
1399 2340 1619 2397 dissolvi
1634 2341 1746 2412 jam
1769 2346 2064 2410 nequeant.

475 2433 588 2490 Hac
641 2448 858 2506 quoque
900 2434 1123 2500 virtute,
1174 2433 1392 2499 fratres,
1448 2446 1545 2487 vos
1599 2429 1787 2500 plenos
1825 2427 2063 2500 Spiritus

473 2527 648 2582 sancti
700 2527 874 2598 gratia
920 2539 1043 2582 esse
1086 2525 1319 2596 reperio,
1361 2522 1492 2578 dum
1537 2520 1781 2578 solatiari
1826 2519 1960 2574 mihi
2009 2519 2064 2573 in

473 2619 610 2675 meis
641 2619 1004 2675 anxietatibus
1029 2617 1223 2674 sentio.
1261 2614 1373 2672 Nec
1398 2615 1621 2680 mirum,
1651 2611 1982 2677 cbarissimi,
2017 2609 2064 2665 si

472 2728 560 2769 me
606 2719 1005 2783 persequuntur
1048 2710 1228 2766 aemuli
1259 2709 1401 2792 .mei,
1439 2724 1562 2764 cum
1602 2715 1764 2778 caput
1793 2713 2060 2769 nostrum,

474 2804 619 2874 quod
649 2811 735 2858 est
761 2801 1034 2868 Christus,
1065 2800 1196 2857 olim
1219 2799 1398 2855 aemuli
1429 2808 1633 2854 sanctae
1662 2797 1757 2852 Dei
1779 2796 2058 2859 Ecclesiae,

473 2909 866 2965 servorumque
909 2895 1049 2966 ejus,
1093 2895 1204 2950 sint
1239 2893 1530 2965 persecuti.
1561 2891 1713 2948 Unde
1739 2899 1794 2946 et
1819 2890 1936 2961 ipsa
1965 2902 2064 2960 per

477 3003 537 3042 se
568 2987 781 3043 Veritas
826 2985 997 3042 dicit:
1029 2985 1088 3042 Si
1119 2985 1559 3058 patremfamilias
1597 2982 1888 3038 Beelzebub
1912 2967 2064 3037 voca?

475 3093 678 3184 nerunt,
703 3092 898 3154 quanto
928 3085 1096 3155 magis
1118 3083 1426 3139 domesticos
1457 3081 1572 3152 ejus
1603 3079 1823 3153 (Matth.
1857 3097 1913 3147 x,
1943 3079 2064 3151 25)?
2091 3117 2141 3184 ο

474 3174 605 3242 Quae
627 3175 825 3231 iterum
847 3176 979 3232 dicit
1009 3195 1022 3232 :
1057 3175 1118 3232 Si
1154 3177 1218 3232 de
1244 3176 1342 3231 hoc
1383 3175 1579 3229 mundo
1603 3176 1804 3240 essetis,
1835 3174 2063 3228 mundus

472 3267 612 3338 quod
637 3284 795 3322 suum
816 3278 928 3323 erat
955 3267 1228 3340 diligeret:
1253 3267 1344 3322 sed
1364 3267 1490 3338 quia
1520 3267 1584 3321 de
1613 3266 1711 3320 hoc
1737 3265 1935 3320 mundo
1958 3282 2066 3321 non

472 3359 619 3424 estis,
651 3357 744 3412 sed
764 3374 858 3428 ego
884 3357 1016 3429 elegi
1048 3373 1139 3412 vos
1173 3357 1237 3412 de
1277 3357 1496 3422 mundo,
1532 3366 1807 3428 propterea
1836 3356 1946 3411 odit
1975 3373 2063 3412 vos

471 3449 701 3503 mundus
730 3446 912 3520 (Joan.
955 3447 1182 3520 xv,l9).
1233 3446 1383 3514 Haec,
1429 3446 1646 3512 fratres,
1690 3463 1814 3502 cum
1863 3456 1918 3502 et
1962 3463 2062 3503 nos

473 3539 731 3604 sciamus,
775 3549 831 3594 et
872 3537 992 3594 aliis
1033 3553 1136 3594 nos
1172 3553 1314 3609 saepe
1344 3538 1723 3608 praedicemus,
1766 3553 1970 3609 vosque
1995 3553 2060 3594 ea

471 3630 716 3702 perfecte
745 3631 887 3688 scire
919 3646 1030 3687 non
1067 3630 1398 3696 dubitemus,
1441 3640 1661 3700 propter
1687 3631 2061 3688 insidiantium

472 3727 900 3797 vituperationes
927 3733 1022 3780 aut
1053 3725 1452 3790 accusationes,
1475 3723 1561 3779 vel
1587 3732 1810 3795 propter
1835 3724 2084 3780 laudan-~

474 3817 612 3872 tium
636 3815 994 3884 adulationes,
1020 3830 1121 3873 nec
1143 3815 1211 3872 ad
1238 3817 1540 3883 dexteram,
1571 3830 1672 3872 nec
1697 3817 1762 3872 ad
1784 3817 2062 3874 sinistram

475 3909 752 3966 declinare
799 3909 1058 3970 debemus
1113 3925 1127 3964 :
1183 3910 1279 3965 sed
1313 3909 1456 3965 inter
1508 3908 1676 3965 verba
1723 3909 2063 3965 laudantium

474 4001 591 4058 sive
621 4001 1077 4085 vituperantium,
1127 4000 1197 4056 ad
1240 4009 1477 4057 mentem
1526 4015 1741 4072 semper
1781 4017 2065 4058 recurren-

477 4095 608 4151 dum
648 4102 751 4150 est.
795 4093 861 4149 Et
887 4095 931 4150 si
961 4095 1014 4150 in
1042 4109 1106 4150 ea
1133 4110 1241 4150 non
1271 4095 1544 4150 invenitur
1584 4095 1783 4150 bonum
1823 4093 1966 4164 quod
1997 4095 2066 4150 de

477 4185 634 4243 nobis
668 4186 887 4254 dicitur,
915 4201 1170 4258 magnam
1197 4186 1474 4242 tristitiam
1504 4202 1765 4259 generare
1789 4187 1966 4242 debet.
1999 4186 2067 4241 Et

478 4299 714 4350 rursum,
749 4284 795 4339 si
823 4284 878 4339 in
901 4299 965 4340 ea
989 4300 1097 4340 non
1125 4283 1401 4340 invenitur
1427 4282 1630 4339 malum
1658 4282 1800 4354 quod
1824 4284 1890 4337 de
1910 4283 2066 4338 nobis

479 4377 726 4432 homines
768 4376 1086 4447 loquuntur,
1131 4377 1186 4432 in
1223 4391 1476 4449 magnam
1518 4376 1778 4432 debemus
1824 4376 2064 4431 laetitiam

2166 482 2422 552 aspicias,
2452 482 2577 550 quia
2605 497 2728 538 cum
2755 482 2983 538 Domino
3003 483 3204 539 dictum
3233 482 3468 538 fuisset:
3493 481 3744 555 εεὶεᾳιία

2168 574 2350 628 audito
2378 573 2560 628 Judwi
2591 575 2686 630 ltoc
2715 575 2866 630 verbo
2893 575 3242 631 scandalizati
3266 584 3415 641 sunt,
3448 577 3746 645 respondit:

2173 662 2338 720 Sinite
2376 665 2518 732 illos,
2549 667 2676 720 caeci
2709 675 2853 732 sunt,
2903 667 3061 722 duces
3100 683 3363 722 caecorum
3415 666 3634 738 (blatta.
3664 685 3745 734 xv,

2176 759 2283 830 l4).
2333 757 2534 815 Paulus
2571 774 2787 830 quoque
2819 758 3094 828 apostolus
3133 760 3394 815 admonet
3436 760 3666 816 dicens:
3695 761 3748 817 Si

2166 851 2286 922 ﬁeri
2305 861 2492 924 potest,
2532 851 2672 924 quod
2691 867 2757 906 ea:
2777 850 2918 906 vobis
2951 862 3025 906 est
3056 868 3176 906 cum
3199 850 3445 906 omnibus
3463 850 3747 904 hominibus

2163 962 2346 1016 pacem
2372 946 2618 1002 habentes
2643 944 2817 1016 (Rom.
2841 945 3068 1015 χιι,48).
3095 945 3352 1001 Dicturus
3374 961 3498 998 cum
3520 944 3748 998 omnibus

2165 1035 2463 1090 hominibus
2503 1052 2684 1108 pacem
2721 1036 2987 1102 habentes,
3038 1035 3163 1105 quia
3215 1035 3322 1090 hoc
3369 1032 3592 1090 difﬁcile
3638 1049 3752 1089 esse

2165 1128 2462 1200 perspexit,
2491 1127 2776 1200 praemisit,
2807 1128 2852 1182 si
2877 1128 2995 1196 ﬁeri
3013 1136 3200 1196 potest,
3225 1134 3284 1182 et
3307 1123 3596 1194 subiunxit
3617 1125 3750 1195 quod

2164 1229 2345 1292 potest
2381 1220 2520 1288 ﬁeri,
2559 1235 2684 1276 cum
2713 1219 2846 1276 dicit
2871 1220 3009 1290 quod
3034 1235 3101 1273 ea:
3126 1219 3274 1274 vobis
3296 1227 3395 1272 est.
3427 1216 3568 1285 Quia
3591 1219 3637 1273 si
3660 1233 3751 1272 nos

2165 1312 2220 1367 in
2245 1320 2428 1368 mente
2455 1312 2780 1369 charitatem
2811 1326 2941 1382 erga
2965 1310 3215 1386 odientes
3241 1321 3472 1364 servare
3496 1308 3750 1379 cupimus,

2167 1415 2224 1458 et
2261 1403 2306 1459 si
2350 1403 2425 1458 illi
2471 1403 2754 1458 nobiscum
2797 1416 2986 1472 pacem
3017 1415 3124 1456 non
3154 1399 3389 1466 habent,
3439 1412 3543 1454 nos
3585 1407 3751 1452 tamen

2167 1513 2290 1554 cum
2315 1496 2421 1552 illis
2450 1497 2567 1552 sine
2592 1495 2754 1552 dubio
2778 1495 3060 1550 habemus.
3126 1511 3129 1513 ν

2244 1611 2263 1646 ι
2287 1592 2439 1662 Quod
2467 1607 2597 1662 ergo
2614 1591 2930 1655 mandastis,
2952 1599 3010 1644 ut
3036 1589 3413 1667 scriberemus
3433 1585 3613 1648 vobis,
3633 1600 3752 1655 qna-

2167 1685 2290 1741 liter
2333 1685 2542 1740 instans
2568 1684 2805 1754 jurgiutn
2835 1688 3022 1738 contra
3053 1695 3142 1736 me
3172 1678 3511 1735 suscitatam
3547 1676 3644 1742 sit,
3677 1674 3751 1729 vel

1625 1749 1798 1842 divisa
1847 1797 2065 1855 quoque
2089 1749 2142 1812 Β
2169 1793 2201 1832 a
2229 1792 2358 1848 quo,
2383 1784 2446 1830 nt
2473 1749 3006 1832 vesiro‘adminiculo
3028 1771 3352 1843 pelleretur,
3372 1779 3432 1826 et
3459 1783 3630 1826 causa
3651 1783 3755 1822 mea

2168 1869 2500 1932 (iuuaretur,
2543 1865 2737 1921 scitote
2776 1879 2864 1918 mc
2904 1861 3185 1918 criminari
3227 1876 3260 1916 a
3293 1858 3539 1932 quodam
3583 1856 3755 1922 Basso,

2169 1971 2225 2017 et
2287 1959 2487 2029 injuste
2541 1955 2813 2028 persequi.
2865 1954 3021 2022 Quod
3071 1953 3306 2009 audiens
3352 1950 3758 2009 Valentinianus

2170 2054 2468 2124 Augustus,
2515 2058 2701 2106 nostra
2746 2047 3067 2104 auctoritate
3115 2043 3393 2117 synodum
3446 2043 3756 2114 congregari

2163 2147 2350 2218 jussit,
2393 2154 2446 2200 et
2487 2145 2632 2200 facto
2679 2141 2912 2199 concilio
2951 2155 3075 2196 cum
3119 2152 3323 2210 magna
3359 2135 3759 2193 examinatione

2172 2238 2515 2294 satisfaciens
2561 2235 2836 2300 omnibus,
2868 2233 2994 2288 licet
3023 2230 3260 2289 evadere
3283 2228 3451 2285 aliter
3476 2227 3617 2282 satis
3649 2241 3759 2296 pos-

2169 2348 2308 2398 sem,
2365 2329 2729 2401 suSpicionem
2773 2335 2958 2384 tamen
3004 2324 3237 2396 fugiens,
3292 2310 3487 2380 coram
3519 2318 3759 2376 omnibus

2170 2439 2256 2480 me
2287 2424 2536 2496 purgavi,
2581 2437 2670 2478 me
2704 2419 2919 2477 scilicet
2944 2435 2976 2474 a
3004 2417 3316 2489 suspicione
3334 2424 3396 2472 et
3418 2413 3756 2472 aemulatione

2169 2517 2430 2583 liberans,
2459 2515 2556 2570 sed
2583 2529 2693 2570 non
2721 2511 2843 2567 aliis
2876 2511 2969 2582 qui
2996 2509 3292 2576 noluerint,
3322 2515 3422 2563 aut
3446 2505 3760 2586 spectetsic

2171 2624 2278 2664 non
2336 2606 2599 2678 elegerint
2656 2604 2964 2660 faciendum
2991 2645 3006 2669 ,
3061 2601 3296 2657 formam
3345 2597 3760 2669 exemplumque

2171 2703 2331 2768 dans,
2379 2715 2503 2756 cum
2548 2699 2812 2771 scriptum
2855 2697 2963 2752 sit:
2991 2692 3070 2750 Si-
3105 2693 3229 2764 quis
3275 2692 3493 2748 crimen
3531 2687 3758 2758 obiicere

2168 2793 2440 2860 voluerit,
2497 2792 2702 2849 scribat
2753 2805 2814 2846 se
2864 2788 3014 2860 prius
3062 2786 3450 2859 probaturum;
3498 2792 3556 2838 et
3597 2779 3754 2834 alibi:

2169 2888 2594 2946 Criminationes
2635 2885 2899 2940 adversus
2937 2881 3218 2937 doctorem
3262 2891 3425 2934 nemo
3469 2873 3753 2944 suscipiat;

2170 2989 2228 3036 et
2252 2983 2450 3037 iterum
2482 2998 2494 3034 :
2529 2977 2588 3034 Si
2625 2976 2750 3049 quis
2792 2975 3102 3046 episcopus,
3139 2971 3450 3042 presbyter,
3507 2975 3606 3021 aut
3653 2965 3758 3019 dis-

2171 3087 2362 3138 ccnus,
2388 3071 2473 3126 vel
2498 3067 2724 3139 quilibet
2751 3065 2933 3122 clerici
2959 3062 3101 3135 apud
3119 3061 3440 3132 episcopum
3468 3072 3505 3112 a
3524 3055 3756 3127 qualibet

2173 3181 2406 3239 persona
2448 3164 2650 3220 fuerint
2677 3160 2939 3226 accusati,
2969 3158 3281 3230 quicunque
3307 3153 3500 3219 fuerit,
3538 3148 3756 3207 siveille

2171 3262 2258 3317 vir
2307 3259 2560 3317 sublimis
2605 3257 2846 3321 honoris,
2897 3253 3012 3310 sive
3059 3251 3223 3307 ullius
3273 3248 3503 3305 alterius
3551 3244 3755 3318 genui

2170 3370 2423 3427 persona,
2469 3351 2562 3424 qui
2591 3351 2696 3406 hoc
2738 3363 2914 3420 genus
2951 3342 3284 3401 illaudabilis
3330 3340 3658 3398 intentionis
3682 3353 3755 3394 ar-

2171 3447 2425 3517 ripuerit,
2455 3443 2671 3499 noverit
2690 3440 2933 3498 docenda
2955 3436 3383 3510 probatioribus,
3410 3430 3755 3488 monstranda

2169 3538 2508 3598 documentis
2558 3551 2617 3593 se
2664 3535 2861 3592 debere
2916 3529 3140 3587 inferre.
3195 3526 3257 3583 Si
3303 3525 3427 3596 quis
3461 3537 3597 3594 ergo
3617 3521 3752 3577 circa

2169 3631 2476 3703 hujusmcdi
2516 3642 2780 3700 personas
2815 3639 2920 3682 non
2952 3621 3232 3695 probanda
3261 3615 3541 3680 detulerit,
3569 3609 3755 3668 intelli-

2169 3735 2264 3801 gat
2289 3740 2347 3782 se
2374 3724 2646 3794 iacturam
2686 3718 2923 3776 infamiae
2962 3714 3268 3778 sustinere,
3319 3719 3376 3766 et
3420 3706 3525 3764 sub
3549 3718 3753 3801 magna

2170 3797 2730 3876 excommunicatione
2743 3809 2935 3866 exsilio
2953 3803 3254 3877 deportari.
3279 3801 3388 3857 Ista
3411 3797 3600 3854 omnia
3619 3805 3753 3865 post-

2169 3910 2348 3980 posui,
2393 3921 2502 3962 non
2543 3903 2686 3970 aliis,
2723 3911 2783 3955 ut
2815 3896 2977 3970 paulo
3003 3895 3256 3966 superius
3275 3890 3627 3964 praelibatum
3655 3893 3753 3947 est,

2170 3997 2479 4068 exemplum
2508 3995 2707 4060 dando,
2736 3990 2830 4048 sed
2863 4003 2949 4044 me
2977 4003 3007 4041 a
3029 3983 3258 4057 praefata
3303 3981 3536 4038 infamia
3583 3989 3635 4032 et
3671 3992 3755 4029 suo

2171 4091 2413 4163 spicione
2453 4085 2751 4143 liberando.
2785 4081 3190 4139 Condemnatns
3223 4085 3312 4133 est
3339 4083 3526 4130 autem
3567 4087 3755 4128 memo-

2171 4193 2323 4239 ratus
2363 4181 2564 4237 Bassus
2595 4195 2624 4233 a
2649 4179 2763 4248 jam
2795 4175 2942 4230 dicta
2989 4171 3216 4244 synodo,
3264 4169 3341 4223 ita
3379 4175 3566 4221 tamen
3608 4174 3668 4217 nt
3706 4164 3755 4215 is

2169 4278 2356 4333 ultima
2386 4275 2472 4330 die
2503 4271 2760 4327 viaticum
2805 4270 2858 4324 ci
2899 4281 3009 4322 non
3038 4266 3355 4334 denegctur,
3396 4268 3627 4331 propter
3664 4258 3755 4311 bn-

2171 4368 2458 4424 mili-tatem
2503 4363 2726 4435 pietatis
2774 4355 3047 4416 Ecclaiae.
3093 4353 3515 4410 Valentinianus
3549 4363 3754 4421 quoque

474 4467 746 4538 prosilire.
771 4443 910 4536 Quid
936 4467 1082 4524 enim
1099 4469 1146 4526 si
1166 4443 1358 4525 omnes
1384 4468 1630 4534 laudent,
1654 4476 1710 4524 et
1731 4469 2064 4524 conscientia
2091 4473 2144 4534 ι)
2171 4471 2299 4518 ante
2345 4459 2545 4528 dictus
2566 4457 2868 4527 Imperator
2920 4451 3124 4522 scripto
3166 4462 3293 4504 eum
3352 4443 3754 4538 condemnavit.

478 4577 578 4616 nos
627 4563 882 4618 accuset?
925 4571 1019 4618 aut
1046 4562 1092 4618 si
1121 4576 1312 4618 omnes
1339 4569 1616 4628 accusent,
1645 4569 1700 4616 et
1729 4561 2064 4616 conscientia

478 4667 578 4708 nos
603 4652 804 4710 liberos
829 4651 1486 4708 demonstret?llabemus
1509 4650 1732 4705 Paulum
1759 4651 2062 4706 dicentem:

479 4743 662 4800 Gioria
712 4756 895 4802 nostra
932 4747 1044 4800 lucc
1077 4755 1175 4811 est,
1225 4744 1575 4800 testimonium
1614 4743 1945 4797 conscientia:
1973 4758 2067 4796 no-

476 4846 602 4891 stra:
624 4837 708 4908 (11
737 4837 861 4892 Cor.
884 4854 921 4902 ι,
957 4836 1068 4909 12).
1105 4835 1206 4892 Job
1245 4851 1462 4906 quoque
1495 4835 1662 4890 dicit:
1699 4833 1835 4888 Ecce
1855 4834 1910 4888 in
1939 4832 2066 4888 caelo

479 4926 626 4979 testis
667 4941 814 4978 meus
851 4924 977 4995 (Job
1016 4941 1128 4992 xw,
1165 4924 1290 4997 20).
1323 4923 1383 4980 Si
1420 4940 1549 4996 ergo
1585 4935 1669 4980 est
1714 4924 1871 4979 nobis
1915 4923 2068 4978 testis

484 5017 541 5069 in
588 5013 746 5079 caelo,
794 5013 947 5067 testis
988 5015 1044 5068 in
1089 5014 1271 5080 corde,
1319 5015 1654 5069 dimittamus
1701 5014 1895 5069 stultos
1937 5011 2070 5070 foris

482 5106 632 5174 loqui
673 5105 818 5172 quod
845 5104 1053 5178 volunt.
1087 5105 1227 5172 Quid
1251 5107 1398 5162 enim
1429 5107 1574 5162 aliud
1611 5109 1960 5163 detrahentes
1988 5107 2069 5162 fa-

485 5198 669 5263 ciunt,
725 5197 831 5251 nisi
860 5196 916 5249 in
942 5195 1220 5265 pulverem
1266 5195 1509 5263 sufﬂant,
1569 5207 1730 5268 atque
1778 5199 1833 5253 in
1882 5199 2068 5254 oculos

2173 4568 2299 4610 cum
2356 4551 2600 4622 Augusta
2643 4554 2832 4602 -matre
2895 4541 3173 4607 Placidia,
3223 4548 3280 4593 et
3332 4537 3521 4594 omnia
3567 4533 3755 4607 pretii:

2177 4646 2491 4703 facultatum
2547 4643 2665 4714 ejus
2695 4683 2710 4706 ,
2765 4639 2962 4694 futuris
3007 4637 3074 4693 de
3127 4634 3325 4690 talibus
3385 4631 3530 4686 dans
3587 4627 3753 4690 hornis

2173 4738 2335 4794 nibus
2369 4735 2601 4791 formam
2638 4733 2711 4788 ita
2760 4729 3010 4792 faciendi,
3060 4725 3319 4781 Ecclesiae
3356 4720 3648 4778 catholica:
3673 4731 3751 4772 so-

2177 4831 2361 4887 ciavit.
2412 4827 2746 4898 Saepedictus
2797 4840 2926 4896 ergo
2983 4822 3181 4877 Bassus
3226 4826 3365 4874 nutu
3411 4817 3604 4874 divino
3655 4829 3749 4868 non

2175 4921 2343 4978 multo
2364 4928 2487 4990 post
2513 4917 2763 4973 moritur.
2823 4914 2988 4986 Cujus
3014 4926 3211 4982 corpus
3236 4909 3372 4966 licet
3399 4909 3630 4981 dignum
3655 4919 3748 4960 non

2172 5023 2318 5072 esset
2359 5013 2672 5084 sepulturae,
2729 5017 2951 5080 prepter
2996 5003 3437 5061 misericcndiarn
3464 5011 3745 5056 tamense-

2171 5109 2332 5180 pelivi
2357 5123 2480 5162 eum
2509 5107 2566 5162 in
2593 5103 2843 5160 cubiculo
2871 5106 3151 5173 parentum
3177 5095 3318 5165 ejus.
3347 5096 3420 5150 Et
3447 5103 3746 5166 quanquam

2175 5202 2290 5272 ipse
2318 5215 2447 5270 erga
2475 5213 2563 5253 me
2593 5194 2759 5253 stulte
2787 5203 2843 5251 et
2870 5191 3206 5265 impudenter
3232 5187 3469 5260 egisset,
3501 5202 3603 5257 ego
3633 5196 3747 5304 re:

2230 5292 2242 5304 σ
2343 5290 2355 5301 ο
2475 5288 2492 5304 ι
2521 5297 2531 5304 .
2651 5286 2773 5304 .ο-.--
2841 5298 2944 5304 -.-...
2999 5281 3074 5304 ..-2
3157 5278 3404 5304 ΑΛο-ζίιι-ιη
3450 5275 3582 5304 HI“)
3622 5291 3684 5304 nn

2230 5292 2242 5304 ο
2343 5290 2355 5301 ο
2475 5288 2492 5304 I
2521 5297 2531 5304 .
2651 5286 2773 5304 .⁹..--
2841 5298 2944 5304 -.-μ
2999 5281 3074 5304 ..-Β
3157 5278 3404 5304 ΑΛηζΙιι-Αη
3450 5275 3582 5304 ἶ11.1.³
3622 5291 3684 5304 an
