3904 5304
131 427 267 486 101⁵1

1226 419 1586 481 OPUSCULA
1621 419 1710 475 ET
1747 420 2126 480 EPISTOLIE.

3235 431 3370 488 1018

126 544 272 600 mino
305 539 532 597 dicimus
561 558 572 594 :
598 539 808 594 Dimitte
843 539 992 594 nobis
1018 539 1190 594 debita
1220 547 1418 603 nostra,
1467 538 1602 594 sicut
1643 544 1692 591 et
1717 535 1772 598 Α
1794 539 1922 607 quia
1963 541 2226 612 scriptum
2261 553 2345 599 est
2377 562 2390 598 :
2423 543 2540 601 Una
2575 554 2651 600 est
2689 545 2927 601 columba
2968 561 3101 614 mea,
3140 548 3370 619 perfecta

127 648 218 688 nos
255 630 564 686 dimittimus
601 629 916 684 debitoribus
955 632 1166 696 nostris,
1200 638 1254 687 et
1276 631 1444 685 multa
1473 630 1577 684 alia
1608 629 1693 686 his

125 723 339 780 similia.
386 721 482 779 His
528 721 602 779 ita
631 725 697 779 de
725 737 812 778 me
839 724 1094 794 peractis,
1127 724 1253 795 quia
1285 730 1477 779 contra
1504 721 1694 778 volun;

124 826 288 875 tatem
331 819 570 874 omnium
631 819 1003 889 episcoporum
1055 819 1150 891 qui
1192 807 1475 876 nobiscum
1512 827 1688 886 erant,

121 917 337 981 propter
360 909 724 965 humilitatem
751 923 943 966 sensus
977 909 1104 976 mei,
1141 909 1339 965 nullius
1378 908 1690 981 compulsus

114 999 338 1070 iudicio,
359 1007 462 1054 aut
487 999 597 1054 vim
626 1014 839 1072 passus,
890 999 987 1055 sed
1038 1007 1230 1070 sponte
1281 998 1505 1070 eligens,
1548 999 1687 1065 haec,

117 1106 220 1147 non
249 1091 503 1159 formam,
536 1101 596 1147 ut
616 1092 731 1164 iam
755 1093 958 1148 dictum
982 1100 1086 1160 est,
1112 1091 1232 1147 aliis
1256 1092 1452 1158 dando,
1485 1092 1578 1148 sed
1601 1107 1690 1148 me

114 1183 447 1255 puriﬁcando
471 1183 596 1241 feci.
624 1184 682 1241 In
711 1184 834 1240 aliis
872 1193 1048 1241 tamen
1082 1184 1349 1256 episcopis
1376 1194 1688 1256 competens

115 1279 416 1337 adhibenda
438 1291 522 1339 est
551 1280 746 1337 talibus
781 1279 988 1336 medela
1024 1280 1362 1346 vulneribus,
1389 1296 1460 1337 ne
1488 1280 1684 1336 imma-

114 1381 231 1428 tura
269 1374 493 1430 curandi
537 1373 766 1430 facilitas
811 1372 1092 1429 mortifera
1136 1371 1332 1442 capitis
1371 1379 1521 1442 peste
1551 1370 1686 1427 nihil

112 1466 304 1535 possit,
351 1467 444 1522 sed
488 1467 707 1537 segnius
727 1472 901 1521 tracta
931 1465 1200 1536 pernicies
1231 1473 1384 1520 reatu
1412 1479 1518 1519 non
1546 1462 1682 1535 legi-

111 1559 255 1614 tima:
278 1558 576 1614 curationis
603 1558 838 1613 involvat
859 1558 1067 1628 pariter
1088 1555 1358 1612 sauciatos
1384 1565 1442 1612 et
1465 1554 1684 1611 meden-

109 1659 203 1705 tes.
235 1649 319 1706 Ob
343 1651 397 1705 id
420 1663 551 1722 ergo
573 1658 872 1706 statuentes
893 1648 1265 1712 decernimus,‘
1280 1657 1342 1702 ut
1372 1647 1429 1702 hi
1457 1646 1548 1716 qui
1574 1659 1682 1699 non

107 1749 229 1796 sunt
274 1741 428 1797 bona:
466 1740 909 1806 conversationis,
942 1749 996 1797 et
1020 1753 1250 1812 quorum
1278 1739 1390 1794 vita
1419 1745 1502 1793 est
1529 1736 1682 1791 inex-

104 1832 378 1901 cusabilis,
406 1832 494 1888 vel
517 1847 746 1904 quorum
783 1831 939 1898 ﬁdes,
983 1832 1114 1898 vita,
1161 1837 1217 1889 et
1255 1829 1478 1886 libertas
1506 1828 1679 1884 nesci-

1793 651 1909 690 mea
1938 634 2165 709 (Cantic.
2195 639 2296 710 vi).
2334 638 2473 696 Hinc
2506 641 2704 697 iterum
2741 641 3000 698 Dominus
3027 643 3095 698 ad
3123 641 3367 715 Moysem

1793 725 1920 781 ait:
1960 725 2055 781 Est
2103 727 2246 783 locus
2290 746 2444 801 penes
2495 747 2615 798 me,
2663 739 2712 786 et
2760 730 2922 786 stabis
2968 748 3123 804 super
3165 742 3366 804 petram

1792 815 1990 888 (Exod.
2013 836 2209 886 χχχιιι,
2231 819 2345 894 21).
2369 821 2502 890 Quis
2523 830 2607 879 est
2629 823 2780 880 locus
2799 823 2892 895 qui
2911 838 3019 880 non
3041 824 3113 880 sit
3132 825 3364 893 Domini,
3437 819 3439 821 ’

1790 907 1920 965 dum
1951 919 2146 966 cuncta
2172 912 2226 967 in
2263 913 2382 985 ipso
2404 928 2504 984 per
2527 928 2689 986 quem
2717 921 2898 971 creata
2934 923 3060 972 sunt
3085 917 3364 972 continen-

1791 1002 1919 1056 tur?
1960 1000 2067 1057 Sed
2115 1012 2296 1059 tamen
2339 1004 2490 1062 locus
2539 1007 2679 1078 apud
2713 1022 2856 1073 eum,
2888 1007 3138 1064 videlicet
3167 1019 3366 1066 sanctae

1789 1091 2045 1150 Ecclesiae
2093 1094 2278 1152 unitas
2311 1105 2415 1164 est,
2451 1098 2506 1153 in
2558 1113 2665 1169 qua
2710 1113 2872 1170 super
2916 1108 3124 1171 petram
3166 1107 3362 1166 statur,

1789 1188 1916 1244 dum
1959 1187 2313 1245 confessionis
2356 1190 2600 1247 soliditas
2647 1191 2922 1248 humiliter
2974 1200 3206 1248 tenetur.
3257 1191 3364 1249 Vos

1787 1293 2020 1348 quoque.
2052 1289 2106 1334 et
2131 1294 2322 1337 omnes
2346 1280 2543 1338 fratres
2569 1290 2806 1349 nostros,
2835 1281 3133 1340 Ecclesiam
3161 1284 3364 1344 Christi

1787 1369 2048 1438 sanguine
2070 1371 2406 1442 redemptam
2439 1379 3023 1444 regentes,'monemus
3073 1383 3134 1430 ut
3173 1390 3364 1432 omnes

1786 1478 1816 1517 a
1842 1462 2158 1534 praecipitio,
2188 1465 2243 1518 in
2289 1480 2396 1535 quo
2421 1464 2617 1521 fratres
2644 1474 2700 1522 et
2730 1467 2943 1522 Domini
2977 1475 3222 1538 pastores
3265 1467 3360 1523 de-

1785 1557 2050 1612 trahendo
2097 1566 2154 1614 et
2191 1560 2563 1630 persequendo
2600 1559 2782 1616 verbis
2816 1567 2874 1617 et
2899 1559 3059 1616 factis
3088 1559 3359 1627 labuntur,

1784 1649 1991 1720 laqueis
2019 1649 2213 1719 quibus
2249 1652 2476 1721 potestis
2505 1651 2805 1718 retentetis,
2832 1659 2889 1706 et
2914 1651 3020 1707 labi
3051 1666 3145 1706 eos
3174 1651 3226 1706 in
3253 1651 3360 1706 ima

1783 1755 1890 1795 non
1923 1739 2282 1808 permittatis,
2324 1741 2450 1810 quia
2485 1742 2748 1814 scriptum
2775 1750 2899 1798 est:
2935 1741 3028 1796 Ira
3063 1743 3162 1797 viri
3192 1741 3360 1812 justi-

1756 1829 1910 1883 tiam
1942 1827 2040 1883 Dei
2071 1845 2174 1883 non
2199 1838 2450 1900 operatur
2483 1829 2625 1901 (Jac.
2657 1847 2698 1896 ι,
2725 1829 2840 1903 20).
2867 1829 3005 1886 Hinc
3034 1845 3248 1885 rursum
3277 1829 3362 1909 dif

104 1934 208 1992 tur,
261 1895 374 1981 non
420 1895 627 1996 possint
674 1924 886 1980 Domini
924 1895 1250 1980 sacerdotes
1292 1935 1570 1986 accusare,
1607 1933 1677 1976 ne
1707 1895 1754 1956 Β
1782 1921 1925 1978 citur
1952 1938 1967 1975 :
1997 1919 2079 1976 Sit
2100 1895 2267 1976 omnis
2289 1922 2444 1976 homo
2469 1895 2616 1977 velox
2638 1895 2706 1977 ad
2730 1895 3073 1988 audiendum,
3099 1930 3146 1975 et
3173 1898 3357 1975 tardus

99 2015 231 2071 viles
256 2021 511 2087 personae;
537 2015 606 2071 ad
642 2014 1039 2071 accusationem
1073 2023 1260 2070 eorum
1301 2011 1676 2068 admittantur.

100 2107 362 2164 Similiter
387 2109 442 2165 hi
469 2109 562 2180 qui
589 2108 645 2164 in
671 2107 939 2178 aliquibus
960 2106 1277 2163 criminibus
1304 2105 1503 2160 irretiti
1527 2112 1674 2170 sunt,

97 2198 178 2253 vel
228 2199 322 2268 qui
370 2207 498 2255 sunt
549 2197 856 2269 suspiciosi,
902 2211 1090 2252 vocem
1139 2197 1400 2252 adversus
1443 2194 1676 2264 maiores

96 2297 220 2345 natu
248 2305 358 2346 non
381 2290 585 2346 habent
627 2289 941 2353 accusandi,
987 2289 1114 2359 quia
1161 2289 1458 2359 suspiciosa
1487 2301 1592 2343 vox
1621 2297 1676 2344 et

95 2379 316 2434 inimica
364 2381 649 2437 veritatem
695 2379 830 2436 solet
870 2380 1192 2450 opprimere.
1223 2379 1515 2451 Peregrina
1542 2394 1674 2436 vero

86 2473 315 2542 indicia,
343 2472 488 2527 salva
516 2473 571 2527 in
607 2472 859 2528 omnibus
886 2472 1176 2542 apostolica
1206 2473 1548 2537 auctoritate,
1576 2487 1673 2543 ge-

91 2563 260 2619 nerali
285 2564 566 2620 sanctione
584 2563 951 2635 prohibemus.
979 2563 1130 2620 Unde
1150 2571 1382 2633 oportet,
1407 2563 1454 2617 si
1478 2563 1673 2634 aliquis

91 2655 467 2725 episcoporum
505 2669 667 2724 super
711 2655 876 2710 certis
917 2664 1206 2709 accusetur
1239 2653 1581 2720 criminibus,
1611 2663 1672 2710 ut

90 2745 153 2799 ab
182 2745 438 2801 omnibus
480 2744 749 2811 audiatur,
784 2746 876 2815 qui
907 2755 1034 2802 sunt
1062 2747 1116 2801 in
1145 2745 1425 2816 provincia
1454 2747 1667 2817 episco-

89 2837 182 2906 pis,
214 2837 343 2907 quia
367 2852 474 2892 non
498 2845 713 2907 oportet
743 2846 1055 2894 accusatum
1087 2836 1250 2892 aliubi
1279 2852 1443 2908 quam
1474 2839 1528 2894 in
1551 2839 1668 2897 foro

88 2943 180 2982 suo
231 2927 430 2983 audiri.
481 2927 542 2983 Si
594 2929 716 2998 quis
760 2941 892 2983 vero
930 2927 1170 2999 iudicem
1225 2927 1513 2984 adversum
1563 2929 1666 2985 sibi

87 3021 338 3087 senserit,
383 3034 573 3076 vocem
621 3019 994 3091 appellationis
1037 3020 1312 3076 exhibeat.
1369 3020 1662 3090 Appellan-

89 3121 189 3166 tem
217 3119 402 3167 autem
432 3127 541 3168 non
574 3111 735 3168 debet
779 3109 997 3168 afﬂictio
1042 3110 1170 3179 ulla,
1208 3120 1303 3166 aut
1336 3111 1665 3170 detentionis

1781 2015 1849 2069 ad
1878 2013 2215 2085 loquendum,
2252 2023 2300 2068 et
2326 2013 2510 2069 tardus
2554 2013 2621 2068 ad
2662 2015 2800 2068 iram
2841 2013 2983 2084 (Jac.
3011 2029 3052 2079 ι,
3083 2011 3193 2084 19).
3233 2011 3357 2067 Haec

1779 2116 1959 2164 autem
1973 2121 2092 2173 vos,
2125 2117 2348 2163 auctore
2364 2107 2498 2174 Deo,
2514 2107 2695 2162 omnia
2712 2121 2932 2162 servare
2958 2119 3065 2161 non
3094 2104 3308 2175 ambigo
3338 2121 3354 2158 :

1776 2201 1870 2257 sed
1898 2200 2187 2256 occasione
2211 2199 2594 2254 admonitionis
2618 2207 2829 2264 exorta,
2856 2197 3011 2253 bonis
3039 2196 3235 2252 vestris
3263 2195 3357 2251 de-

1777 2292 1991 2348 sideriis
2031 2299 2089 2348 et
2130 2291 2386 2361 operibus
2429 2305 2518 2347 me
2565 2289 2764 2346 furtive
2805 2287 3088 2360 subiungo,
3123 2297 3184 2342 ut
3212 2287 3355 2356 quod

1773 2397 1882 2439 non
1908 2381 2169 2438 admoniti
2196 2380 2392 2447 facitis,
2424 2380 2640 2451 quando
2669 2378 2823 2434 vobis
2851 2386 2908 2433 et
2941 2378 3236 2434 admonens
3258 2375 3354 2431 ad-
3448 2412 3451 2414 ›

1772 2472 1936 2537 ditur,
1977 2470 2092 2541 iam
2135 2483 2241 2525 non
2292 2467 2392 2524 soli
2432 2466 2662 2524 faciatis.
2730 2467 3085 2538 Quapropter,
3133 2464 3349 2530 fratres,

1770 2570 1982 2636 oportet
2006 2577 2106 2618 vos
2132 2570 2188 2618 et
2209 2574 2399 2617 omnes
2428 2559 2614 2617 fideles
2643 2560 2868 2631 diligere
2897 2559 3146 2627 invicem,
3168 2566 3223 2614 et
3244 2573 3351 2614 non

1770 2655 2055 2714 detrahere
2103 2663 2198 2709 aut
2247 2667 2505 2710 accusare
2559 2637 2896 2708 alterutrum.
2951 2649 3222 2722 Scriptum
3267 2657 3352 2706 est

1768 2747 1911 2802 enim
1943 2745 2134 2817 (Eccli.
2165 2761 2336 2811 xxvn,
2361 2743 2450 2816 l8)
2484 2763 2497 2799 :
2532 2763 2552 2798 ‹
2581 2743 2750 2814 Dilige
2778 2743 3107 2814 proximum,
3136 2749 3190 2798 et
3219 2755 3350 2796 con-

1772 2854 1792 2888 ‹
1822 2836 2051 2906 iungere
2071 2835 2176 2891 fide
2197 2846 2322 2891 cum
2342 2834 2452 2890 illo.
2470 2833 2622 2902 Quod
2641 2833 2687 2890 si
2707 2833 3063 2890 denudaveris
3085 2832 3350 2888 absconsa

1771 2946 1790 2979 ι
1826 2926 1987 2992 illius,
2013 2940 2125 2996 non
2149 2925 2490 2996 persequeris
2509 2931 2631 2995 post
2656 2937 2797 2978 enm.
2833 2921 2988 2978 Sicut
3013 2922 3156 3000 enim
3187 2923 3350 2977 homo

1770 3039 1789 3072 ι
1823 3020 1913 3091 qui
1946 3019 2125 3092 perdit
2151 3019 2383 3074 amicum
2410 3031 2592 3084 suum,
2627 3017 2704 3073 sic
2741 3025 2796 3072 et
2828 3016 2920 3087 qui
2954 3015 3132 3086 perdit
3160 3014 3350 3069 amici-

1769 3131 1788 3166 ι
1823 3113 1952 3169 tiam
1995 3112 2227 3182 proximi
2268 3111 2373 3167 sui.
2411 3110 2480 3164 Et
2517 3111 2656 3166 sicut
2693 3109 2786 3180 qui
2829 3109 3050 3164 dimittit
3087 3123 3240 3164 avem
3283 3106 3348 3163 de

85 3204 340 3274 injuriare
382 3204 651 3271 custodia,
692 3204 787 3260 sed
831 3203 991 3259 liceat
1045 3202 1363 3273 appellatori
1416 3204 1662 3260 vitiatam
1688 3246 1736 3312 ϐ
1772 3222 1791 3254 ι
1823 3219 1986 3260 manu
2012 3219 2128 3266 sua,
2159 3203 2239 3258 sic
2265 3201 2930 3289 dereliquisti‘proximum
2955 3209 3127 3266 tuum,
3156 3207 3344 3254 etnon

83 3309 300 3350 causam
320 3294 692 3366 appellationis
711 3291 952 3348 remedio
971 3291 1274 3348 sublevare.
1294 3291 1479 3348 Liceat
1496 3294 1660 3348 etiam

83 3385 132 3439 in
163 3386 346 3441 causis
369 3383 743 3441 criminalibus
777 3381 1070 3454 appellare,
1098 3397 1198 3438 nec
1223 3382 1525 3454 appellandi
1558 3398 1662 3439 vox

83 3475 377 3548 denegetur
422 3475 472 3532 ei
518 3488 679 3546 quem
721 3473 986 3544 supplicio
1033 3473 1302 3530 sententia
1351 3474 1656 3531 destinarit.

82 3566 328 3624 Pulsatus
368 3575 492 3624 ante
533 3581 691 3622 suum
729 3565 964 3636 iudicem
993 3581 1211 3622 causam
1247 3567 1412 3635 dicat,
1445 3576 1502 3624 et
1532 3577 1660 3624 ante

83 3673 184 3712 non
233 3672 391 3714 suum
431 3656 669 3728 iudicem
720 3657 990 3728 pulsatus,
1026 3658 1071 3714 si
1098 3656 1330 3714 voluerit
1361 3667 1575 3716 taceat:
1603 3669 1661 3717 et

82 3761 137 3806 ut
161 3752 391 3823 pulsatis
412 3751 624 3823 quoties
649 3749 921 3806 voluerint
946 3749 1176 3806 inducite
1197 3749 1412 3806 dentur.
1448 3749 1508 3807 Si
1533 3751 1655 3823 quis

81 3857 206 3913 ergo
245 3843 417 3898 iratus
440 3842 646 3897 crimen
672 3839 888 3911 aliquod
908 3840 1128 3898 cuilibet
1150 3851 1353 3898 temere
1375 3839 1652 3912 obiecerit,

81 3936 378 3991 convicium
417 3950 526 3991 non
569 3943 655 3990 est
680 3951 779 4006 pro
807 3935 1148 3991 accusatione
1184 3935 1512 4003 habendum,
1559 3937 1656 3993 sed

81 4029 345 4098 permisso
385 4027 654 4084 tractandi
687 4027 883 4098 spatio,
914 4025 968 4082 id
994 4027 1138 4097 quod
1167 4027 1337 4084 iratus
1365 4027 1521 4094 dixit,
1557 4043 1656 4099 per

82 4102 402 4190 scripturam
443 4133 505 4175 se
548 4119 898 4190 probaturum
937 4132 1058 4173 esse
1090 4117 1345 4185 fateatur,
1373 4125 1432 4173 ut
1459 4118 1506 4174 si
1537 4117 1652 4174 for-

84 4217 223 4265 tasse
255 4209 582 4280 resipiscens
624 4223 744 4279 qua:
782 4223 894 4280 pra:
936 4207 1217 4264 iracundia
1260 4207 1415 4276 dixit,
1452 4208 1653 4265 iterare

84 4312 172 4358 aut
191 4304 429 4360 scribere
457 4303 707 4368 noluerit,
738 4317 846 4358 non
877 4309 936 4356 ut
962 4317 1087 4358 reus
1110 4301 1356 4362 criminis
1381 4311 1650 4360 teneatur.

1770 3315 1788 3348 ι
1823 3310 1946 3351 eum
1982 3294 2183 3364 capies,
2221 3309 2329 3348 non
2359 3293 2510 3347 illum
2552 3293 2797 3363 sequaris
2824 3332 2840 3358 ,
2889 3292 3142 3363 quoniam
3192 3291 3347 3362 longe

1766 3405 1787 3440 ι
1818 3388 1993 3443 abest.
2025 3383 2222 3457 Effugit
2250 3384 2394 3440 enim
2430 3383 2584 3453 quasi
2619 3397 2811 3452 caprea
2847 3383 2914 3437 de
2943 3383 3136 3454 laqueo
3165 3397 3179 3436 :
3208 3397 3343 3452 quo-

1766 3499 1785 3532 ‹
1816 3480 1962 3535 niam
1989 3477 2270 3532 vulnerata
2299 3483 2383 3531 est
2416 3475 2596 3530 anima
2625 3473 2760 3544 eius,
2789 3473 2931 3529 ultra
2962 3490 3085 3531 eum
3114 3489 3219 3530 non
3251 3489 3344 3545 po-

1763 3589 1785 3625 ι
1819 3571 1948 3628 teris
1973 3569 2245 3641 colligare.
2276 3568 2343 3622 Et
2372 3566 2644 3622 maledicti
2664 3573 2748 3622 est
2768 3567 3133 3622 concordatio.
3163 3566 3340 3622 Denu-

1763 3681 1784 3718 ι
1815 3662 1946 3718 dare
1975 3671 2156 3717 autem
2194 3659 2353 3714 amici
2383 3658 2661 3730 mysteria,
2699 3659 3008 3730 desperatio
3037 3668 3120 3714 est
3151 3659 3344 3714 anima:
3439 3655 3444 3660 ’

1761 3776 1781 3811 ‹
1814 3755 2060 3813 infelicis.
2093 3754 2353 3810 Annuens
2394 3751 2548 3808 oculo
2587 3750 2816 3808 fabricat
2856 3751 3059 3822 iniqua,
3088 3761 3143 3806 et
3183 3765 3342 3806 nemo

1761 3866 1782 3901 ‹
1808 3864 1933 3906 eum
1957 3847 2193 3919 abiiciet.
2233 3845 2290 3901 1n
2319 3852 2612 3916 conspectu
2646 3843 2925 3901 oculorum
2960 3853 3173 3900 tuorum
3211 3858 3341 3899 con-

1760 3959 1780 3995 c
1815 3939 2050 3996 dulcabit
2076 3953 2139 3995 os
2184 3953 2341 3993 suum
2363 3978 2378 4004 ,
2423 3946 2477 3992 et
2508 3951 2668 4008 super
2691 3951 2970 3992 sermones
3016 3945 3137 3994 tuos
3165 3936 3338 3992 admi-

1761 4050 1780 4087 t
1812 4033 2038 4089 rabitur.
2088 4030 2391 4087 Novissime
2430 4039 2610 4086 autem
2649 4038 2919 4102 pervertet
2956 4045 3018 4087 os
3057 4046 3246 4098 suum,
3285 4041 3339 4087 et

1759 4142 1779 4176 ‹
1809 4124 1864 4179 in
1889 4122 2071 4178 verbis
2103 4121 2212 4178 tuis
2240 4120 2389 4176 dabit
2420 4120 2750 4176 scandalum.
2783 4111 2946 4176 Multa
2975 4121 3115 4177 odivi
3144 4130 3198 4177 et
3225 4136 3335 4177 non

1759 4233 1780 4269 ι
1810 4214 2083 4284 cozequavi
2113 4213 2184 4280 ei,
2215 4221 2272 4269 et
2299 4211 2556 4268 Dominus
2578 4213 2725 4268 odiet
2757 4213 2926 4267 illum.
2956 4213 3055 4280 Qui
3087 4213 3141 4268 ln
3169 4214 3336 4269 altum

1759 4325 1778 4359 ‹
1812 4305 1980 4360 mittit
2023 4303 2288 4374 lapidem,
2337 4317 2500 4372 super
2535 4311 2697 4374 caput
2741 4303 2861 4375 eius
2889 4304 3065 4372 cadet,
3099 4315 3155 4361 et
3180 4306 3337 4376 plaga

1757 4416 1778 4450 ι
1807 4395 1978 4454 dolosi
2017 4393 2219 4450 dividet
2255 4392 2498 4449 vulnera.
2543 4392 2644 4461 Qui
2683 4393 2819 4451 fodit
2863 4395 3092 4465 foveam,
3125 4398 3335 4454 decidet

81 4396 262 4454 Omnis
287 4413 419 4468 ergo
445 4397 540 4468 qui
562 4397 770 4452 crimen
801 4395 1008 4468 obiicit,
1049 4396 1253 4452 scribat
1292 4412 1352 4454 se
1393 4399 1653 4469 probatu-

84 4502 214 4542 rum.
245 4487 454 4544 Revera
492 4488 569 4544 ibi
605 4502 819 4558 semper
857 4499 1021 4545 causa
1062 4495 1270 4571 agatur,
1311 4489 1403 4546 ubi
1445 4490 1651 4546 crimen
1757 4510 1777 4544 ι
1811 4491 1866 4546 ἱη
1893 4488 2071 4555 illam,
2109 4495 2164 4543 et
2192 4486 2284 4557 qui
2311 4487 2501 4544 statuit
2526 4487 2758 4558 lapidem
2785 4489 3060 4558 proximo,
3101 4488 3335 4545 offendet

85 4585 377 4640 admittitur
406 4603 421 4640 :
451 4591 507 4640 et
558 4583 651 4656 qui
705 4597 813 4638 non
860 4582 1171 4655 probaverit
1231 4583 1376 4653 quod
1426 4583 1645 4654 obiecit,
1676 4616 1728 4677 Β
1759 4602 1778 4636 ‹
1810 4583 1866 4639 in
1892 4597 1978 4677 eo,
2005 4589 2061 4637 et
2087 4579 2179 4677 qui
2209 4577 2462 4677 laqueum
2490 4574 2580 4633 alii
2598 4579 2771 4677 ponit,
2793 4581 2988 4651 peribit
3015 4581 3068 4636 in
3097 4580 3205 4637 illo.
3237 4581 3335 4635 Fa-

84 4691 289 4746 pmnam
359 4692 522 4749 quam
597 4675 844 4746 intulerit
919 4676 1034 4746 ipse
1103 4675 1360 4746 patiatur.
1440 4673 1650 4730 Placuit
1677 4669 1716 4677 ’⁷
1766 4693 1784 4728 ι
1817 4669 2407 4748 cientinequissimum
2462 4669 2744 4727 consilium
2813 4687 2976 4744 super
3020 4673 3194 4743 ipsum
3241 4673 3335 4728 de-

83 4769 236 4822 etiam
272 4776 332 4822 ut
371 4768 417 4824 si
461 4767 742 4839 episcopus
789 4772 1077 4821 accusatus
1120 4764 1472 4837 appellaverit
1522 4781 1653 4837 apo—
1743 4767 1782 4817 ἰ
1814 4765 2075 4831 volvetur,
2106 4770 2161 4816 et
2187 4775 2293 4816 non
2327 4760 2570 4834 agnoscit
2594 4760 2737 4818 unde
2757 4762 3007 4818 adveniat
3030 4762 3125 4817 illi.
3159 4763 3338 4820 lllnsio

82 4858 317 4913 stolicam
364 4857 575 4923 sedem,
618 4856 673 4912 id
710 4856 1053 4912 statuendum
1098 4854 1240 4926 quod
1281 4856 1520 4928 eiusdem
1567 4872 1652 4913 se-
1763 4877 1782 4910 ι
1815 4867 1871 4915 et
1895 4854 2281 4928 improperium
2311 4853 2681 4929 superborum,
2714 4862 2770 4909 et
2804 4855 3042 4912 vindicta
3077 4854 3218 4910 sicut
3255 4857 3340 4913 leo

83 4950 162 5004 dis
221 4949 460 5020 pontifex
527 4948 815 5005 censuerit.
869 4947 996 5003 Haec
1067 4957 1249 5003 tamen
1313 4950 1533 5004 omnino
1593 4951 1648 5005 in
1761 4950 2154 5009 «insidiabitur
2189 4945 2289 5004 illi.
2337 4951 2558 5019 Laqueo
2583 4945 2838 5015 peribunt
2871 4949 2966 5021 qui
3002 4945 3341 5005 oblectamur

82 5041 408 5096 sacerdotum
453 5055 613 5096 causa
663 5039 838 5094 forma
884 5047 1153 5104 servetur,
1203 5053 1272 5093 ne
1319 5055 1647 5111 quemquam
1759 5063 1779 5098 ι
1816 5060 1948 5102 casu
1987 5041 2253 5113 iustorum
2295 5063 2314 5101 :
2345 5041 2498 5102 dolor
2525 5045 2702 5092 autem
2744 5045 3026 5098 consumet
3064 5050 3158 5093 eos
3191 5050 3344 5095 ante-
