3904 5304
498 380 637 445 1019

1530 365 1860 425 lllNCMARl
1894 356 2380 435 LUGDUNENSIS
2415 351 2719 415 EPlSCOPI

2737 269 2808 291 ἐκ

3616 349 3741 408 1οη

502 522 519 554 ‹
552 506 732 557 servat
760 511 926 561 iram,
972 502 1027 551 et
1055 492 1491 569 propinationem
1532 488 1669 563 petit
1699 478 1735 540 a'
1761 486 1909 541 Deo?
1952 483 2073 561 quis
2099 481 2151 565 ᾼ
2174 487 2289 545 tum
2339 475 2461 531 fidei
2488 515 2516 569 ,Δ
2556 474 2610 527 in
2657 485 2764 543 quo
2805 468 3020 569 possitis
3057 469 3242 569 omnia
3290 467 3397 522 tela
3446 468 3743 537 nequissimi

500 589 798 657 iexorabit
836 602 933 659 pro
970 585 1185 643 delictis
1232 583 1407 649 illius?
1448 580 1717 641 Memento
1757 576 2075 649 novissimo-

502 700 520 733 ε
551 695 689 747 rum,
718 685 773 733 et
799 676 985 734 desine
1016 673 1303 730 inimicari.
1336 671 1602 728 Tahitudo
1641 669 1785 733 enim
1832 676 1886 724 et
1928 679 2073 737 mors

500 790 516 825 σ
553 772 834 831 imminent
877 768 932 827 in
972 764 1245 833 mandatis
1290 765 1424 837 ejus.
1478 762 1777 825 Memorare
1822 759 2073 833 timorem

499 881 520 916 ι
554 861 669 933 Dei,
702 870 758 917 et
788 876 893 917 non
940 858 1194 919 irascaris
1232 856 1500 930 proximo.
1549 854 1850 923 Memorare
1887 852 2075 919 Testa-

498 978 518 1012 ι
550 966 789 1021 mentum
833 953 1098 1011 Altissimi
1119 992 1134 1019 ,
1173 960 1229 1007 et
1257 950 1472 1020 despice
1503 947 1862 1021 ignorantiam
1888 944 2076 1017 proxi-

499 1066 518 1100 r
548 1048 640 1103 mi.
690 1045 915 1103 Abstine
962 1052 1013 1099 te
1063 1059 1093 1098 a
1128 1042 1243 1109 lite,
1281 1049 1338 1097 et
1376 1041 1585 1095 ininues
1621 1045 1860 1111 peccata.
1900 1035 2074 1101 Homo

499 1157 518 1190 ι
549 1137 693 1193 enim
739 1135 1030 1191 iracundus
1078 1132 1321 1189 incendit
1362 1130 1511 1185 litem
1536 1170 1551 1196 ,
1591 1137 1647 1182 et
1698 1124 1783 1182 vir
1822 1135 2075 1201 peccator

499 1249 518 1282 ι
551 1228 788 1285 turbabit
832 1228 1039 1293 amicos
1066 1268 1081 1292 ,
1128 1234 1182 1282 et
1231 1226 1287 1280 in
1324 1224 1501 1280 medio
1538 1237 1723 1294 pacem
1759 1219 2073 1275 habentium

499 1340 517 1373 ι
548 1318 804 1379 immittet
833 1318 1190 1375 inimicitiam.
1221 1316 1528 1373 Secundum
1559 1315 1701 1370 enim
1736 1314 1879 1384 ligna
1912 1313 2075 1385 sylva:

498 1429 517 1462 ε
549 1409 627 1465 sic
661 1407 798 1481 ignis
827 1407 1129 1463 exardescit
1159 1425 1171 1460 :
1206 1414 1261 1461 ct
1289 1406 1583 1461 secundum
1612 1406 1867 1458 virtutem
1895 1402 2074 1456 homi-

426 1487 438 1497 ’
499 1520 516 1551 ‹
545 1500 631 1555 nis
657 1500 735 1554 sic
765 1498 1044 1554 iracundia
1076 1497 1218 1551 illius
1246 1498 1381 1563 erit,
1416 1504 1470 1550 et
1505 1494 1795 1550 secundum
1826 1492 2075 1547 substan-

499 1612 517 1644 ε
551 1578 681 1647 tiam
728 1608 881 1647 suam
934 1591 1195 1655 exaltabit
1222 1590 1357 1657 iram
1388 1605 1560 1644 suam.
1609 1587 1895 1643 Certamen
1926 1584 2075 1639 festi—

501 1709 517 1741 ι
547 1700 731 1749 natum
763 1689 1003 1745 incendit
1025 1688 1225 1759 ignem,
1249 1695 1302 1741 et
1330 1686 1394 1741 lis
1424 1684 1683 1740 festinans
1707 1681 1930 1738 eﬂ'undil
1957 1696 2074 1735 san-

499 1803 518 1833 ‹
546 1783 761 1855 guinem
788 1822 802 1845 ,
842 1789 895 1833 et
926 1780 1107 1850 lingua
1140 1778 1432 1833 testiﬁcans
1475 1775 1693 1835 adducit
1720 1783 1969 1827 mortem.
2012 1770 2069 1824 Si

498 1894 519 1929 r
550 1874 843 1935 sulllaveris
877 1875 930 1928 in
963 1872 1274 1937 scintillam,
1314 1870 1466 1940 quasi
1502 1869 1639 1941 ignis
1668 1865 1947 1921 exardehit
1976 1882 1988 1918 :
2021 1873 2076 1917 et
2103 1850 2148 1915 Β

497 1986 516 2025 ι
545 1968 591 2024 si
619 1966 899 2037 exspueris
937 1980 1098 2034 super
1126 1963 1291 2028 illam,
1325 1962 1717 2032 exstinguetur,
1760 1967 1814 2012 et
1850 1964 2073 2025 utraque

497 2080 517 2116 r
544 2076 611 2118 ex
640 2076 733 2116 ore
758 2044 1192 2139 proficiscuntur.
1226 2055 1460 2111 Susurro
1486 2062 1541 2108 et
1568 2051 1822 2123 bilinguis
1854 2048 2073 2104 maledi—

497 2173 516 2219 ς
545 2164 665 2210 ctus
697 2168 713 2207 :
740 2151 938 2208 multos
965 2151 1112 2207 enim
1139 2149 1374 2205 turbavit
1408 2162 1594 2219 pacem
1627 2144 1907 2213 habentes.
1951 2139 2074 2195 Lin-

498 2266 517 2301 i
545 2262 647 2316 gua
698 2244 853 2301 tertia
892 2243 1093 2299 multos
1140 2222 1472 2305 commovit,
1519 2247 1574 2293 et
1615 2236 1866 2308 dispersit
1894 2234 2013 2290 illos
2043 2250 2072 2288 a

498 2354 517 2389 ι
546 2345 703 2409 gente
750 2336 806 2395 in
847 2343 1087 2405 gentem.
1125 2332 1382 2391 Civitates
1432 2340 1672 2385 muratas
1715 2328 1943 2385 divitum
1983 2326 2073 2382 de-

392 2454 396 2459 ·
498 2450 516 2483 ‹
548 2429 784 2505 struxit,
832 2436 888 2485 et
936 2428 1127 2483 domos
1172 2432 1543 2498 magnatorum
1594 2420 1792 2477 ell‘odit.
1835 2419 2073 2481 Virtutes

498 2537 516 2565 ι
547 2520 861 2595 papillarum
890 2518 1145 2583 concidit,
1173 2525 1227 2573 et
1258 2525 1443 2588 gentes
1473 2513 1635 2571 fortes
1664 2511 1921 2568 dissolvit.
1948 2510 2073 2575 Lin-

499 2631 517 2664 ι
544 2627 648 2685 gua
689 2611 845 2667 tertia
878 2611 1132 2673 mulieres
1165 2608 1347 2664 irritas
1377 2606 1563 2677 ejecit,
1603 2614 1656 2661 et
1690 2604 1921 2678 privavit
1952 2604 2072 2661 illas

498 2723 515 2757 ι
550 2703 616 2763 dc
650 2702 926 2760 laboribus
966 2703 1097 2759 suis.
1137 2699 1237 2769 Qui
1270 2698 1488 2771 respicit
1518 2698 1685 2765 illam,
1718 2713 1821 2755 non
1853 2696 2073 2757 habebit

498 2813 516 2846 ι
546 2794 820 2865 requiem,
848 2810 950 2863 nec
975 2792 1240 2849 habitabit
1267 2778 1389 2859 cum
1426 2792 1630 2863 requie.
1670 2790 1891 2862 Flagelli
1918 2790 2071 2863 plaga

496 2906 515 2941 ‹
551 2888 773 2943 livorem
796 2886 924 2949 facit
945 2904 959 2940 :
980 2886 1135 2957 plaga
1159 2893 1338 2949 autem
1364 2884 1557 2956 linguae
1581 2884 1902 2943 comminuit
1920 2897 2067 2949 ossa.

499 2998 516 3032 ι
552 2979 699 3035 Multi
729 2979 1037 3035 ceciderunt
1058 2979 1112 3033 in
1133 2992 1229 3033 ore
1251 2976 1546 3049 gladiizsed
1573 2992 1676 3032 non
1703 2976 1780 3031 sic
1803 2975 2072 3046 quomodo

499 3089 517 3121 ι
550 3070 641 3141 qui
668 3069 991 3125 interierunt
1010 3083 1106 3138 per
1132 3068 1367 3141 linguam
1385 3082 1558 3124 suam.
1577 3068 1774 3123 Beatus
1787 3068 1878 3138 qui
1901 3074 2072 3125 tectus

498 3180 517 3213 ς
544 3168 627 3217 est
656 3174 686 3215 a
719 3159 901 3231 lingua
929 3173 1183 3231 nequam,
1220 3170 1273 3215 et
1315 3158 1405 3231 qui
1436 3158 1765 3213 iracundiam
1793 3158 1934 3213 illius
1962 3173 2068 3223 non

500 3268 519 3302 ο
549 3248 816 3313 transivit,
839 3256 895 3304 et
917 3248 1007 3320 qui
1031 3264 1138 3307 non
1160 3248 1381 3304 attraxit
1400 3246 1587 3323 jugum
1616 3247 1750 3317 ejus,
1767 3256 1822 3302 et
1848 3247 2073 3304 vinculis

500 3361 518 3395 ι
549 3342 691 3399 illius
711 3358 816 3403 non
846 3351 930 3400 est
946 3342 1159 3417 ligatus.
1189 3343 1382 3416 Jugum
1418 3344 1562 3399 enim
1599 3340 1946 3415 illiusjugum
1974 3342 2074 3401 fero

500 3455 519 3490 ι
547 3452 698 3495 reum
712 3436 1153 3504 est,etvinculum
1169 3436 1312 3509 illitis
1325 3436 1593 3492 vinculum
1609 3452 1805 3495 zereum
1822 3435 2075 3505 est.Mors

499 3547 519 3581 ι
552 3529 694 3585 illius
708 3546 850 3587 mors
874 3530 1223 3601 nequissima,
1238 3540 1292 3599 et
1309 3530 1455 3595 utilis
1466 3531 1643 3601 potius
1658 3528 1737 3586 inl‘
1739 3546 1899 3586 emus
1914 3545 2074 3601 quam

500 3644 520 3678 ι
546 3625 658 3681 illa.
689 3625 1100 3695 Perseverantia
1134 3625 1275 3685 illius
1297 3640 1404 3681 non
1430 3625 1785 3703 permanebit,
1816 3623 1910 3680 sed
1936 3624 2074 3679 obti-

501 3736 520 3770 ι
549 3716 697 3775 nebit
726 3718 843 3781 vias
870 3717 1190 3791 injustorum
1212 3758 1227 3784 ,
1264 3726 1319 3771 et
1348 3715 1401 3771 in
1428 3715 1643 3781 ﬂamma
1674 3732 1768 3771 sua
1797 3732 1900 3771 non
1928 3731 2075 3773 com-

500 3826 519 3861 ‹
549 3807 921 3879 buretjustos.
968 3808 1076 3877 .Qui
1105 3808 1487 3879 derelinquunt
1526 3806 1694 3862 Deum
1743 3807 1978 3865 incident
2023 3809 2097 3875 in~

502 3916 521 3950 α
550 3897 694 3954 illam
721 3938 737 3965 ,
777 3908 832 3957 et
860 3898 1172 3969 egardescet
1202 3898 1257 3967 in
1279 3897 1384 3954 illis
1406 3939 1422 3965 ,
1463 3908 1516 3953 et
1546 3912 1651 3955 non
1683 3898 2073 3970 exstinguetur,

502 4007 520 4040 ι
549 3998 603 4044 et
632 3989 948 4047 immittetur
976 3989 1029 4047 in
1059 3987 1178 4046 illos
1203 3989 1357 4059 quasi
1387 3989 1488 4057 leo,
1512 3998 1567 4046 et
1587 3991 1739 4062 quasi
1760 3991 1960 4062 pardus
1989 3991 2078 4049 la:-

504 4098 524 4132 ‹
554 4081 645 4136 det
679 4096 791 4141 eos.
823 4079 949 4151 Sepi
984 4096 1145 4138 aures
1173 4090 1292 4138 tuas
1323 4082 1515 4155 spinis,
1542 4091 1598 4139 et
1628 4082 1734 4138 noli
1768 4082 1953 4139 audire
1976 4082 2077 4151 lin-

504 4187 525 4222 ‹
552 4184 711 4241 guam
740 4185 991 4241 nequam,
1019 4181 1073 4227 et
1100 4172 1183 4228 ori
1217 4183 1308 4228 tuo
1339 4171 1501 4230 facito
1527 4172 1688 4243 ostia,
1717 4182 1775 4229 et
1805 4189 1956 4229 seras
1981 4188 2077 4243 au-

504 4277 522 4311 ‹
556 4260 704 4317 ribus
736 4261 858 4318 tuis.
888 4262 1094 4321 Aurum
1124 4272 1271 4319 tuum
1310 4272 1365 4321 et
1391 4276 1674 4338 argentum
1703 4274 1851 4327 tuum
1883 4265 2072 4332 conﬂa,

504 4367 524 4403 ι
552 4358 607 4407 et
645 4352 825 4409 verbis
862 4353 969 4411 tuis
1013 4353 1177 4417 facito
1224 4364 1483 4423 stateram
1508 4397 1526 4429 ,
1562 4365 1616 4415 et
1651 4356 1832 4425 frenas
1877 4358 1958 4431 ori
1985 4367 2077 4421 tuo

505 4461 523 4496 ι
553 4453 749 4502 rectos.
776 4445 844 4501 Et
869 4448 1085 4504 attende
1112 4463 1182 4509 ne
1208 4448 1350 4505 forte
1376 4449 1576 4507 labaris
1602 4451 1655 4506 in
1679 4450 1857 4520 lingua
1887 4460 1996 4516 tua,
2023 4458 2078 4507 et

503 4554 521 4587 ι
554 4536 718 4593 cadas
761 4537 814 4593 in
856 4546 1149 4621 conspectu
1184 4538 1525 4607 inimicorum
1556 4539 1923 4599 insidiantium
1956 4541 2073 4607 tibi,
2098 4580 2155 4643 Β

504 4643 524 4676 ι
553 4633 606 4680 et
637 4627 706 4681 sit
735 4642 893 4683 casus
927 4616 1049 4685 tuus
1080 4629 1397 4693 insanabilis
1423 4630 1476 4687 in
1506 4639 1755 4701 mortem.
1788 4652 1807 4686 ›
1851 4631 1954 4693 Ista
1983 4648 2074 4705 ca-

497 4728 660 4777 veant
687 4736 905 4791 omnes,
938 4717 1000 4778 ut
1037 4724 1325 4779 cohibeant
1351 4724 1560 4798 linguas
1589 4741 1619 4781 a
1649 4726 1789 4781 malo
1808 4768 1822 4791 ,
1850 4736 1905 4782 et
1930 4727 2071 4782 labia

498 4827 683 4871 eorum
730 4828 796 4869 ne
834 4815 1122 4894 loquantur
1150 4817 1349 4872 dolum.
1392 4816 1466 4873 De
1495 4827 1712 4885 caetero,
1745 4819 2070 4886 charissimi,

498 4901 872 4981 conl‘ortamini
905 4906 957 4959 in
989 4906 1237 4975 Domino,
1260 4917 1315 4963 et
1340 4907 1396 4967 in
1426 4910 1663 4979 potentia
1693 4909 1907 4966 virtutis
1935 4910 2069 4981 ejus.

500 4992 703 5049 lnduite
730 5010 825 5059 vos
861 5008 1192 5054 armaturam
1222 5000 1316 5055 Dei
1337 5041 1353 5061 .
1381 5009 1439 5055 ut
1469 5003 1687 5075 possitis
1716 5011 1860 5058 stare
1885 5004 2074 5059 adver-

2177 568 2333 641 ignea
2382 563 2742 633 exstinguere,
2793 568 2845 616 et
2889 559 3093 631 galeam
3139 558 3331 614 salutis
3378 559 3651 625 assumite,
3695 570 3743 616 et

2175 656 2411 729 gladium
2458 653 2716 726 spiritus,
2747 649 2888 721 quod
2934 658 3019 705 est
3054 651 3276 705 verbum
3313 650 3433 704 Dei.
3469 648 3616 716 Haec,
3650 650 3745 706 fra-

2148 742 2152 747 ’
2172 740 2306 814 tres,
2329 760 2449 817 qua:
2472 744 2626 801 vobis
2649 742 2984 814 scripsimus,
3006 740 3336 814 generaliter
3357 740 3613 795 omnibus
3635 752 3746 796 nota

2174 838 2293 905 fieri
2321 836 2586 902 volumus,
2613 841 2671 889 ut
2692 847 2811 905 quae
2838 840 3061 889 caeteros
3087 838 3332 903 tangunt,
3360 832 3619 886 omnibus
3636 842 3747 886 nota

2175 929 2327 987 ﬂant.
2374 927 2727 1001 Omnipotens
2758 925 2923 992 Deus,
2957 939 3050 981 vos
3079 934 3133 980 et
3169 922 3411 993 reliquos
3446 921 3643 978 fratres
3672 939 3751 977 no-

2173 1030 2316 1080 stros
2344 1008 2541 1092 ubique
2587 1018 2945 1081 consistentes
2986 1025 3232 1088 protegat
3266 1030 3444 1085 usque
3487 1015 3541 1070 in
3582 1014 3750 1081 ﬁnem,

2174 1117 2265 1189 qui
2294 1124 2547 1171 cunctum
2588 1114 2845 1168 mundum
2876 1112 3123 1183 dignatus
3149 1120 3234 1165 est
3279 1110 3575 1172 redimere,
3613 1107 3753 1164 Iesus

2175 1210 2423 1267 Christus
2451 1209 2710 1263 Dominus
2738 1215 2950 1268 noster,
2995 1205 3084 1273 qui
3114 1212 3197 1258 est
3234 1203 3565 1258 benedictus
3593 1202 3642 1255 in
3665 1218 3755 1257 s2-

2175 1302 2317 1358 cula.
2363 1303 2553 1355 Amen.
2600 1298 2733 1353 Data
2772 1296 3026 1353 Kalendis
3067 1295 3239 1366 April.
3296 1295 3670 1350 Valentiniano
3708 1305 3756 1350 et

2175 1393 2450 1448 Florentio
2476 1393 2543 1448 ν.
2574 1389 2653 1446 Cl.
2685 1389 2874 1446 Conss.
2913 1408 2929 1440 ι

2506 1480 2640 1536 Item
2670 1497 2735 1535 ex
2765 1480 3128 1550 suprascriptis
3156 1477 3428 1548 capitulis.

2246 1596 2396 1669 (Cap.
2439 1596 2515 1669 1.)
2563 1616 2579 1649 ι
2611 1594 2807 1652 Sancta
2848 1596 3079 1666 synodus
3123 1593 3374 1657 Romana
3414 1591 3557 1647 dixit
3590 1610 3605 1646 :
3641 1591 3754 1649 Haec

2176 1678 2302 1755 sunt
2345 1704 2463 1761 quae
2491 1689 2761 1758 deinceps,
2802 1696 3021 1758 propter
3062 1685 3330 1743 malorum
3373 1684 3654 1740 hominum
3687 1684 3757 1739 in-

2178 1781 2363 1846 sidias,
2402 1779 2494 1851 qui
2536 1779 2591 1833 in
2639 1777 2933 1833 Ecclesiam
2982 1785 3035 1830 et
3082 1775 3135 1831 in
3176 1773 3589 1831 ecclesiasticos
3623 1773 3753 1828 inde-

2178 1872 2416 1927 sinenter
2456 1869 2683 1925 saeviunt
2722 1868 2905 1930 viros,
2967 1866 3281 1923 conservari
3323 1866 3638 1921 firmissime
3673 1882 3756 1920 vo-

2176 1964 2353 2020 lumus
2379 1963 2431 2018 in
2463 1962 2676 2019 saecula.
2703 1961 2760 2017 Si
2790 1961 2911 2031 quis
2939 1960 3222 2035 episcopus
3253 1959 3325 2021 ab
3356 1960 3467 2015 illis
3497 1970 3755 2019 accusato-

2176 2056 2327 2111 ribus
2357 2055 2448 2126 qui
2480 2053 2774 2124 recipiendi
2804 2061 2929 2129 sunt
2955 2051 3115 2106 fuerit
3143 2059 3468 2115 accusatus,
3494 2061 3753 2122 postquam

2176 2147 2290 2219 ipse
2328 2146 2396 2207 ab
2440 2146 2520 2202 eis
2561 2145 2881 2201 charitative
2922 2152 3217 2201 conventus
3262 2141 3471 2208 fuerit,
3508 2154 3570 2198 ut
3604 2143 3752 2217 ipsam

2175 2259 2394 2305 causam
2424 2242 2712 2299 emendare
2743 2241 2956 2308 debeat,
2984 2248 3038 2297 et
3063 2255 3184 2297 eam
3211 2239 3501 2311 corrigere
3523 2238 3752 2304 noluerit,

2175 2351 2282 2393 non
2307 2334 2435 2391 olim
2458 2376 2473 2400 ,
2513 2333 2607 2391 sed
2648 2342 2775 2388 tunc
2803 2332 2870 2387 ad
2900 2347 3140 2388 summos
3169 2331 3441 2402 primates
3470 2346 3632 2386 causa
3655 2329 3754 2397 eius

2175 2426 2433 2484 canonice
2457 2423 2753 2481 deferatur.
2788 2422 2888 2491 Qui
2914 2423 2971 2479 in
2999 2437 3242 2495 congruo
3276 2422 3400 2476 loco
3432 2421 3577 2476 infra
3605 2423 3750 2491 ipsam

2174 2517 2506 2588 provinciam
2556 2522 2795 2585 tempore
2845 2528 2876 2588 a
2925 2512 3223 2567 canonibus
3266 2510 3508 2582 praeﬁxo
3548 2509 3751 2566 Nimis

2175 2608 2462 2667 concilium
2491 2609 2749 2665 canonice
2773 2619 2966 2661 vocare
2994 2604 3300 2669 debebunt,
3340 2604 3423 2659 ita
3461 2613 3525 2661 ut
3557 2604 3622 2661 ab
3652 2620 3750 2659 oui-

2174 2703 2334 2775 njbus
2357 2702 2594 2773 ejusdem
2622 2698 2914 2770 provinciae
2938 2698 3209 2766 episcopis
3236 2696 3294 2753 in
3318 2712 3389 2765 eo
3412 2698 3680 2765 audiatur.
3704 2697 3750 2753 la

2175 2808 2283 2871 quo
2311 2800 2367 2851 et
2393 2791 2506 2863 ipse
2535 2788 2793 2849 canonice
2821 2796 3168 2869 convocatus,
3192 2787 3238 2853 si
3260 2802 3389 2841 eum
3422 2796 3521 2842 aut
3549 2786 3752 2841 inﬁrmi-

2177 2893 2259 2941 tas
2287 2891 2379 2953 aut
2407 2881 2511 2941 alia
2539 2881 2719 2955 gravis
2740 2879 3040 2943 necessitas
3069 2893 3175 2951 nou
3207 2878 3546 2945 detinuerit,
3584 2879 3751 2937 adesse

2176 2976 2437 3045 debebit:
2477 2975 2603 3046 quia
2649 2974 2790 3037 ultra
2836 2971 3126 3045 provincia:
3169 2972 3439 3035 terminos
3481 2973 3751 3031 accusandi

2176 3076 2299 3125 ante
2329 3067 2547 3125 licentia
2574 3082 2683 3127 non
2719 3075 2833 3132 est,
2870 3081 3034 3137 quam
3062 3064 3337 3125 audientia
3364 3075 3610 3137 rogetur.
3636 3064 3752 3120 Nam

2177 3159 2223 3215 si
2248 3159 2359 3215 suis
2388 3158 2547 3217 rebus
2572 3157 2735 3215 fuerit
2760 3156 3109 3239 exspoliatus,
3140 3165 3234 3211 aut
3262 3156 3410 3227 quod
3435 3157 3599 3231 absit,
3628 3155 3753 3226 quod

2178 3253 2410 3311 alienum
2435 3254 2503 3309 ab
2527 3252 2780 3311 Mnibus
2806 3249 2963 3321 debet
2990 3264 3108 3315 esse
3130 3248 3411 3321 ﬁdelibus,
3439 3266 3471 3317 ξι
3502 3250 3629 3309 sede
3650 3265 3753 3325 pre

2176 3346 2295 3416 pria
2320 3344 2554 3423 ejectus,
2596 3355 2689 3400 aut
2718 3344 2772 3399 in
2804 3342 3113 3415 detentiqne
3136 3343 3324 3417 aliqua
3362 3360 3395 3401 a
3432 3344 3549 3417 suis
3584 3344 3755 3415 ovibus

2177 3436 2341 3493 fuerit
2365 3446 2763 3509 sequestratus,
2793 3446 2920 3492 tunc
2949 3437 3231 3504 canonice,
3258 3445 3556 3510 antequam
3584 3439 3639 3503 in
3658 3438 3755 3510 pri-

2178 3529 2722 3605 stinnmxestituatur
2750 3528 3034 3599 honorem,
3067 3537 3123 3585 et
3149 3544 3249 3584 sua
3276 3531 3462 3601 quinia
3489 3547 3611 3601 quae
3633 3531 3751 3587 insi-

2178 3620 2644 3697 diisinjmicorum
2669 3635 2888 3677 suorum
2909 3660 2924 3685 ,
2959 3619 3007 3675 ei
3046 3618 3225 3679 ablata
3260 3620 3481 3689 fuerant
3508 3621 3559 3681 ei
3586 3622 3752 3677 redin-

2180 3721 2476 3787 tegrentur,
2517 3728 2618 3769 nec
2652 3713 2936 3771 convocari
2974 3727 3079 3779 nec
3115 3711 3351 3783 iudicari
3388 3714 3629 3787 poterit,
3663 3714 3754 3775 nisi

2180 3807 2294 3878 ipse
2322 3823 2421 3879 pro
2448 3821 2547 3864 sua
2574 3806 2916 3875 necessitate,
2960 3806 3185 3877 numine
3223 3815 3406 3876 tamen
3423 3805 3749 3878 iudicandus,

2179 3900 2435 3961 advenire
2456 3907 2648 3971 sponte
2670 3899 2918 3972 elegerit.
2946 3897 3057 3967 Nec
3079 3900 3305 3970 omnino
3327 3916 3360 3963 a
3380 3916 3656 3972 quoquam
3678 3915 3753 3957 re-

2178 3988 2441 4061 spondere
2465 3998 2708 4063 cogatur,
2731 3997 3022 4061 numquam
3039 3990 3405 4062 integerrime
3424 3992 3629 4061 omnia.
3648 4006 3750 4063 *δεῖ

2176 4095 2275 4151 per
2299 4082 2678 4152 suggestiones
2716 4082 3058 4139 inimicorum
3090 4098 3317 4151 suorum
3347 4084 3639 4151 amiserat,
3670 4098 3752 4155 pa-

2178 4166 2361 4230 testati
2398 4172 2521 4243 ejus
2554 4174 2948 4245 honorabiliter
2984 4175 3445 4247 redintegrcptur,
3482 4187 3543 4234 et
3576 4176 3752 4248 praisnl

2177 4268 2327 4338 prius
2348 4266 2513 4339 statui
2538 4268 2768 4340 pristino
2796 4267 3072 4337 reddatur,
3100 4276 3158 4325 et
3185 4269 3301 4339 ipse
3321 4270 3603 4341 dispositis
3623 4267 3752 4325 ordi-

2178 4359 2425 4439 natisque
2453 4359 2625 4431 libere
2654 4374 2720 4427 ac
2746 4372 2937 4429 secure
2962 4359 3097 4429 suis.
3129 4368 3261 4417 tunc
3286 4361 3552 4431 canonice
3576 4375 3752 4419 conro-

2177 4461 2331 4508 catus
2362 4451 2430 4523 ad
2467 4460 2681 4525 tempus
2708 4452 2994 4525 synodoin
3024 4452 3265 4524 legitima
3294 4464 3351 4519 et
3387 4454 3645 4521 canonica
3670 4466 3749 4507 ve-

2179 4544 2293 4598 niat
2323 4544 2391 4603 ad
2420 4559 2660 4610 causam,
2699 4552 2754 4611 et
2788 4544 2834 4611 si
2864 4544 2938 4599 ita
2962 4544 3108 4617 juste
3132 4544 3369 4613 videtur,
3394 4544 3749 4617 accusantium

2176 4633 2636 4709 propositionibus
2678 4634 3019 4704 respondeat.
3079 4633 3218 4707 Nam
3278 4635 3383 4693 hoc
3426 4647 3749 4709 summopere

2178 4724 2568 4795 providendum
2594 4733 2698 4791 est,
2727 4740 2796 4780 ne
2824 4733 3109 4801 antequam
3140 4725 3260 4789 hinc
3280 4727 3467 4795 omnia
3488 4726 3618 4793 ﬁant
3644 4739 3748 4779 coa-

2176 4824 2297 4872 ctus
2334 4816 2679 4886 respondeat,
2713 4816 2839 4886 quia
2874 4817 3147 4883 contentio
3171 4833 3391 4891 semper
3420 4819 3634 4879 vitanda
3661 4826 3743 4871 est.

2176 4906 2353 4962 Adimi
2403 4922 2636 4979 namque
2684 4908 2937 4978 episcopo
3000 4907 3415 4979 episcopatum,
3485 4919 3744 4978 antequam

2177 5012 2355 5052 causae
2382 4996 2499 5066 ejus
2529 4998 2706 5053 exitus
2741 5008 3031 5070 appareat,
3070 4999 3206 5057 nulli
3249 5000 3567 5065 Christiano
3604 4997 3741 5059 videri

500 5104 592 5142 sus
617 5089 839 5145 insidias
866 5091 1087 5158 diaboli,
1113 5097 1366 5167 quoniam
1397 5111 1502 5151 non
1534 5108 1617 5154 est
1641 5098 1796 5165 nobis
1819 5098 2073 5171 collucta-
2170 5089 2293 5162 jure
2312 5099 2507 5161 potest.
2530 5110 2550 5145 ι
2570 5090 2703 5146 Item
2720 5108 2784 5161 ea:
2806 5092 2996 5149 eisdem
3012 5091 3154 5165 (cap.
3173 5092 3263 5163 14)
3283 5112 3296 5147 :
3324 5112 3341 5143 ι
3363 5093 3556 5161 Nullus
3580 5104 3742 5148 metro

503 5178 578 5231 tio
608 5179 863 5241 adversus
904 5195 1122 5239 carnem
1167 5192 1227 5247 et,
1265 5185 1578 5252 sanguinem
1606 5228 1620 5252 ,
1671 5188 1766 5243 sed
1818 5189 2075 5251 adversus

2176 5181 2281 5250 poli
2291 5190 2447 5237 tanus
2467 5182 2771 5252 episcopus,
2794 5183 2997 5252 absque
3017 5193 3343 5249 cancrorum
3365 5185 3605 5247 cautium
3627 5197 3742 5238 enia-
