3904 5304
81 380 227 438 1091

1204 377 1335 444 οΡΕ
1347 375 1566 434 SCULA
1607 377 1694 432 E'l‘
1733 375 2108 433 EPISTOLAE.

3229 371 3366 430 10‘2‘2

79 496 419 582 Εωρρὶριοιᾳ
450 515 598 582 papae
632 496 1337 582 Gelu‘sii,nqd.Attastasium
1392 495 1676 582 principem
1707 495 1755 568 Α
1785 495 1924 563 apud
1973 494 2292 564 semetipsos
2338 461 2542 559 tenere,
2596 488 2944 564 proculdubio
2997 489 3096 544 hos
3140 489 3366 544 anathe-

156 563 463 638 de'Acatio,
513 563 567 623 in
598 568 818 636 concilio
860 565 1279 622 Chalcedoneusc
1310 584 1340 620 (ι
1385 563 1504 619 sede
1555 563 1678 636 apo-

154 641 344 695 stolica
377 651 717 710 competenter
743 639 900 710 fuisse
930 640 1255 693 damnatum.

156 753 356 826 (Epist.
391 753 451 808 ll
486 753 554 807 ad
581 755 804 826 episcop.
840 749 1175 821 Dardania’.)
1218 770 1235 800 ‹
1269 748 1375 804 Nec
1415 748 1571 818 plane
1601 755 1681 802 ta-

75 859 333 909 ceamus,
370 844 509 915 quod
562 851 754 899 cuncta
783 858 880 913 per
908 841 1169 896 mundum
1213 840 1362 894 novit
1413 838 1676 904 Ecclesia,

73 937 347 1006 quoniam
395 934 760 1006 quorumlibet
815 933 1100 988 sententiis
1132 931 1292 1003 ligata
1339 929 1675 1000 pontiﬁcum,

72 1030 245 1084 sedes
289 1029 429 1082 beati
459 1027 603 1094 Petri
638 1026 860 1099 apostoli
882 1025 972 1094 jus
1014 1025 1213 1082 habeat
1239 1022 1562 1087 resolvendi,
1589 1030 1676 1076 ut-

71 1130 211 1190 pote
266 1136 384 1190 quae
430 1121 493 1175 de
529 1118 675 1174 omni
729 1118 967 1173 Ecclesia
1017 1116 1095 1170 fas
1144 1115 1340 1170 habeat
1374 1113 1672 1192 judicandi,

71 1228 263 1285 neque
299 1213 551 1283 cuiquam
597 1213 662 1267 de
711 1209 826 1280 ejus
856 1211 1018 1265 liceat
1050 1207 1296 1278 judicare
1332 1207 1558 1277 judicio,
1599 1207 1674 1261 si-

72 1308 302 1378 quidem
357 1307 422 1359 ad
455 1305 600 1359 illam
649 1305 714 1360 de
764 1302 1003 1374 qualibet
1043 1301 1228 1362 mundi
1262 1308 1414 1372 parte
1445 1315 1677 1355 canones

73 1399 343 1469 appellari
372 1397 661 1463 voluerint,
694 1396 760 1449 ab
796 1394 882 1448 illa
917 1404 1092 1448 autem
1119 1410 1278 1448 nemo
1308 1393 1380 1447 sit
1409 1391 1677 1463 appellare

72 1491 405 1561 permissus.
440 1488 544 1543 Sed
594 1501 694 1542 nec
724 1486 806 1540 illa
852 1487 1214 1556 praeterimus,
1267 1485 1408 1555 quod
1460 1494 1676 1556 aposto-

72 1585 186 1640 lica
210 1585 387 1650 sedes,
425 1592 484 1638 ut
510 1582 822 1652 frequenter
845 1582 1044 1635 dictum
1075 1589 1177 1644 est,
1209 1596 1360 1634 more
1385 1578 1673 1649 majorum,

73 1678 248 1731 etiam
297 1676 413 1736 sine
448 1674 553 1740 ulla
615 1675 819 1748 synodo
869 1674 1228 1742 prtecedente,
1272 1683 1327 1727 et
1360 1671 1674 1728 exsolvendi

73 1785 219 1839 quos
242 1768 476 1840 synodus
505 1755 687 1836 inique
708 1766 1080 1830 damnaverat,
1104 1773 1157 1818 et
1189 1764 1498 1829 damnandi,
1529 1762 1673 1817 nulla

1783 587 2124 652 matizamus,
2152 595 2207 642 et
2235 601 2332 658 ego
2361 595 2416 640 et
2444 599 2634 642 omnes
2667 583 2900 641 catholic
2926 582 3183 653 episcopi,
3207 591 3369 653 atque

1781 679 2034 734 universa
2064 679 2325 744 Ecclesia,
2375 678 2499 750 quia
2546 678 2760 734 veritati
2802 676 3070 733 contraria
3109 675 3367 740 sentiunt,

1781 782 1836 827 et
1856 774 2130 840 contraria
2159 773 2476 846 loquuntur.
2511 793 2532 826 ι

1783 883 1936 951 Quod
1957 888 2002 941 si
2026 889 2141 957 quis
2170 887 2502 942 sacerdotum
2530 895 2714 941 contra
2749 887 2862 957 hare
2887 885 3163 940 interdicta
3192 883 3369 953 fecerit

1853 975 1883 1020 (ι
1928 955 2640 1041 sapor/iciosubmovendus
2692 958 2776 1038 sit.
2830 955 2934 1012 Leo
2971 973 3062 1025 per
3103 957 3369 1018 uniuersos

1848 1038 2142 1095 provincias
2174 1038 2424 1100 episcopis
2455 1038 2770 1082 constttutts.

1850 1143 2042 1214 (Epist.
2074 1143 2150 1214 1.)
2200 1164 2218 1196 ί
2256 1142 2367 1200 Hoc
2399 1143 2581 1212 itaque
2619 1141 2914 1196 admonitio
2943 1146 3127 1201 nostra
3157 1138 3368 1194 denun-
3397 1212 3399 1215 Ι

1779 1237 1893 1302 tiat,
1920 1237 2061 1308 quod
2090 1237 2134 1291 si
2167 1237 2287 1307 quis
2317 1237 2546 1292 fratrum
2579 1245 2769 1292 contra
2798 1235 2915 1288 lucc
2958 1240 3156 1288 statuta
3184 1231 3371 1286 venire

1777 1330 2086 1396 tentaverit,
2141 1338 2197 1384 et
2226 1329 2495 1399 prohibita
2547 1326 2708 1388 fuerit
2758 1338 2920 1381 ausus
2986 1323 3287 1384 admittere,
3340 1335 3372 1388 a

1775 1435 1872 1478 suo
1898 1436 1957 1476 se
1984 1421 2192 1478 noverit
2231 1419 2410 1476 ofﬁcio
2456 1417 2902 1482 submovendum,
2931 1430 3031 1471 nec
3060 1429 3186 1470 eum
3221 1427 3372 1468 com-

1774 1513 2046 1580 munionis
2076 1522 2270 1568 nostrae
2302 1513 2538 1566 futurum
2565 1527 2683 1574 esse
2711 1518 3042 1572 consortem,
3070 1508 3160 1578 qui
3189 1507 3370 1568 socius

1775 1619 1894 1659 esse
1922 1605 2095 1660 noluit
2126 1605 2445 1676 disciplinae.
2476 1605 2553 1661 Ne
2599 1605 2726 1675 quid
2763 1620 2892 1659 vero
2941 1604 3030 1668 sit,
3064 1601 3204 1673 quod
3236 1616 3374 1670 pras-

1776 1699 2090 1756 termissum
2120 1716 2150 1756 a
2181 1700 2336 1756 nobis
2374 1699 2514 1754 forte
2559 1699 2835 1763 credatur,
2866 1697 3049 1764 omnia
3084 1695 3374 1751 decretatia

1777 1791 2108 1856 constituta,
2173 1799 2282 1846 tam
2354 1792 2529 1846 beata:
2592 1788 2985 1845 recordationis
3049 1785 3372 1854 Innocentii,

71 1867 352 1931 existente
373 1862 598 1938 synodo,
619 1877 752 1932 quos
774 1860 1274 1932 Oportuithabuerit
1295 1860 1623 1913 facultatem.
1649 1878 1666 1909 ι
1704 1882 1751 1942 Β
1779 1901 1942 1956 quam
1992 1885 2234 1940 omnium
2283 1884 2740 1954 praedecessorum
2777 1889 3084 1940 nostrorum
3109 1922 3124 1946 ν
3162 1895 3280 1950 qua,
3311 1879 3377 1936 de

72 1957 151 2011 Et
179 1968 294 2030 post
320 1974 488 2028 pauca
509 1957 588 2026 (in
617 1953 819 2023 eadem)
848 1971 862 2007 :
898 1973 915 2006 t
948 1953 1161 2008 Sanctae
1185 1953 1458 2008 memoriae
1480 1951 1675 2023 quippe

71 2049 442 2110 Athanasium
473 2047 709 2122 synodus
757 2046 1036 2112 orientalis
1069 2045 1370 2109 addixerat,
1403 2057 1561 2116 quem
1598 2050 1674 2098 ta-

72 2161 207 2202 men
248 2152 533 2214 exceptum
565 2143 719 2198 sedes
769 2140 1061 2212 apostolica
1089 2181 1103 2206 ,
1161 2139 1286 2208 quia
1343 2135 1672 2191 damnationi

71 2237 396 2302 Graecorum
433 2251 540 2302 non
583 2233 879 2312 consensit,
929 2231 1177 2300 absolvit.
1231 2228 1442 2285 Sanctae
1473 2243 1674 2283 memo—

71 2333 174 2388 riae
206 2330 562 2390 nihilominus
597 2327 859 2394 Joannem
897 2323 1555 2394 Constantinopolitanum
1583 2337 1673 2392 sy-

70 2426 260 2486 nodus
291 2425 456 2490 etiam
495 2421 886 2493 catholicorum
939 2418 1230 2492 prazsulum
1271 2425 1416 2472 certe
1447 2416 1674 2470 damna-

69 2523 277 2580 verat;
321 2528 483 2584 quem
534 2511 702 2582 simili
755 2509 914 2576 modo
961 2509 1120 2572 sedes
1167 2508 1464 2590 apostolica
1513 2507 1675 2560 etiam

69 2607 221 2673 sola,
268 2605 396 2676 quia
447 2619 558 2666 non
609 2603 902 2670 consensit,
956 2601 1202 2656 absolvit.
1259 2599 1500 2670 Itemque
1548 2613 1674 2654 san-

69 2711 233 2758 ctum
291 2699 610 2766 Flavianum
666 2696 979 2767 pontiﬁcem
1018 2695 1327 2762 Graecorum
1386 2709 1679 2770 congrega-

73 2794 233 2850 tione
267 2792 605 2858 damnatum,
665 2789 783 2862 pari
809 2799 994 2852 tenore
1018 2830 1034 2854 ,
1085 2788 1340 2858 quoniam
1365 2786 1478 2856 sola
1521 2786 1679 2842 sedes

71 2883 379 2958 apostolica
435 2898 542 2942 non
567 2879 885 2950 consensit,
943 2878 1198 2942 absolvit,
1245 2878 1533 2950 potiusque
1585 2874 1677 2945 qui

71 2978 194 3034 illic
224 2983 475 3046 receptus
505 2973 701 3044 fuerat,
746 2973 1062 3040 Dioscorum
1091 2971 1339 3034 secundae
1375 2969 1519 3025 sedis
1543 2982 1681 3039 pra»:-

71 3071 262 3127 sulem
287 3085 382 3126 sua
413 3068 738 3126 auctoritate
757 3065 1056 3130 damnavit,
1088 3072 1143 3120 et
1165 3063 1383 3134 impiam
1414 3061 1678 3134 synodum

73 3182 196 3222 non
225 3163 616 3223 consentiendo
653 3160 946 3226 submovit,
970 3176 1034 3216 ac
1075 3173 1173 3230 pro
1200 3159 1428 3213 veritate
1448 3197 1462 3221 ,
1495 3164 1554 3212 ut
1583 3170 1676 3226 sy-

72 3257 263 3313 nodus
311 3253 772 3312 Chalcedonensis
825 3252 981 3307 ﬂeret
1024 3251 1136 3307 sola
1169 3248 1427 3305 decrevit.
1475 3247 1531 3302 ln
1573 3262 1680 3317 qua
1708 3255 1754 3320 (ζ

71 3363 222 3418 ergo
245 3347 356 3404 sala
400 3348 494 3418 jus
544 3345 736 3414 habuit
767 3344 1083 3412 absolvendi
1113 3358 1205 3399 eos
1240 3357 1377 3414 quos
1427 3341 1684 3412 synodica

72 3440 309 3496 decreta
361 3438 729 3511 perculerant,
763 3437 844 3508 sic
884 3436 1050 3506 etiam
1085 3437 1202 3492 sine
1247 3433 1454 3515 synodo
1495 3434 1546 3487 in
1586 3435 1686 3489 hac

73 3530 279 3586 eadem
301 3545 468 3600 causa
486 3528 753 3604 plurimos
774 3527 936 3594 etiam
960 3527 1243 3594 damnasse
1265 3524 1626 3598 cognoscitur.
1660 3545 1678 3574 ι

75 3623 230 3678 Item
249 3625 312 3688 de
339 3623 524 3694 eadem
547 3639 626 3684 re.
655 3641 676 3688 ρ
703 3621 833 3694 Post
855 3622 1174 3698 quingentos
1199 3609 1372 3683 annos
1395 3620 1686 3690 constituta

79 3717 293 3775 Christi
321 3733 421 3780 .eos
465 3717 603 3778 velle.
646 3717 988 3784 subvertere,
1021 3731 1143 3772 cum
1174 3715 1390 3786 triginta
1423 3729 1686 3774 annorum

77 3811 177 3867 lex
210 3811 492 3874 hominum
518 3825 627 3876 non
672 3809 846 3882 possit
893 3808 1142 3877 abrumpi
1169 3819 1416 3876 sanctum
1446 3807 1690 3877 Athana-

81 3903 234 3958 sium
261 3903 384 3959 ideo
428 3917 538 3960 non
569 3900 738 3958 fuisse
771 3901 1085 3968 damnatum
1116 3915 1146 3956 a
1177 3901 1380 3972 synodo
1425 3898 1684 3968 Orientis,

79 3996 219 4066 quia
248 3996 403 4060 sedes
456 3996 558 4056 ista
587 4010 694 4050 non
723 3995 1098 4062 consenserit;
1153 4003 1399 4054 sanctum
1425 3994 1686 4058 Joannem
1725 4051 1730 4056 ,

81 4087 790 4158 Constantinopolitanum,
844 4095 1091 4152 sanctum
1140 4087 1476 4164 Flavianum.
1533 4088 1591 4142 Si
1625 4103 1687 4142 ea

81 4197 223 4251 ergo
258 4197 366 4237 non
413 4181 786 4245 consentiente
818 4180 953 4247 sola,
981 4181 1072 4251 qui
1118 4180 1360 4234 damnati
1393 4187 1518 4234 sunt
1545 4195 1571 4231 a
1604 4193 1690 4250 sy-

82 4275 237 4329 nodo
267 4315 278 4340 ,
330 4275 423 4345 qui
456 4274 645 4330 eadem
692 4273 807 4336 sola
853 4273 1151 4339 damnante
1187 4273 1472 4330 damnatus
1504 4271 1686 4337 fuerit,

84 4365 383 4424 damnatus
416 4368 508 4432 sit.
540 4385 560 4430 η

89 4485 154 4540 8.
198 4483 487 4557 Gregorius
535 4486 591 4539 in
635 4483 856 4557 epistola
900 4484 969 4557 ad
1023 4482 1371 4537 Theoctistam
1412 4481 1690 4552 patricium

804 4555 930 4612 dicit
959 4569 978 4606 :

160 4675 304 4747 (Lib.
333 4691 410 4740 lx,
443 4675 592 4745 epist.
635 4673 727 4737 ~39,
758 4673 852 4726 sub
886 4671 1090 4744 ﬁnem.)
1140 4691 1159 4723 ε
1191 4672 1248 4726 Si
1274 4671 1364 4741 qui
1411 4685 1539 4724 vero
1570 4677 1695 4723 sunt

84 4769 179 4838 qui
213 4769 424 4832 dicunt,
458 4767 580 4835 quia
610 4764 922 4842 compulsus
969 4763 1235 4832 quispiam
1275 4762 1616 4820 necessitate,
1647 4757 1692 4811 si

85 4859 592 4914 anathematizatus
616 4855 799 4920 fuerit,
831 4864 925 4908 aut
954 4863 1142 4909 contra
1165 4868 1227 4910 ea
1259 4867 1380 4922 quae
1418 4853 1516 4907 sub
1563 4864 1694 4902 ana-

85 4952 341 5008 themate
372 4952 641 5021 prohibita
674 4958 797 5003 sunt
855 4947 1284 5019 praesumpserit,
1331 4942 1692 5002 anathematis

81 5043 316 5098 vinculo
344 5059 445 5096 non
479 5051 718 5103 tenetur,
752 5041 850 5109 ipsi
871 5040 970 5093 sibi
1007 5051 1170 5094 testes
1207 5047 1352 5103 sunt,
1383 5040 1507 5111 quia
1537 5034 1691 5091 Chri-

81 5137 261 5195 stiani
299 5151 404 5189 non
433 5144 580 5198 sunt,
615 5133 742 5201 quia
769 5132 1054 5204 ligamenta
1083 5143 1281 5188 sancta:
1311 5133 1565 5189 Ecclesiae
1595 5144 1690 5180 Va-

77 5233 172 5287 nis
209 5246 274 5285 se
301 5232 568 5285 aestimant
600 5228 886 5280 conatibus
914 5227 1143 5291 solvere,
1175 5244 1237 5282 ac
1269 5243 1366 5296 per
1397 5231 1498 5284 hoc
1536 5223 1693 5276 absoc

1778 1982 2161 2039 ecrlesiasticis
2182 1981 2482 2046 ordinibus,
2515 1988 2570 2036 et
2595 1993 2862 2036 canonum
2885 1976 3223 2050 promulgata
3251 1980 3378 2032 sunt

1743 2074 2098 2146 ‘disciplinis,
2149 2073 2224 2127 ita
2257 2089 2285 2126 a
2331 2080 2511 2128 vestra
2543 2070 2833 2132 dilectione
2872 2066 3134 2134 custodiri
3179 2065 3378 2130 debere

1778 2169 2121 2233 mandamus,
2179 2174 2239 2220 ut
2291 2165 2336 2220 si
2381 2163 2504 2235 quis
2552 2163 2607 2217 in
2638 2162 2729 2218 illa
2775 2158 3132 2232 commiserit,
3162 2155 3377 2226 veniam

1779 2261 1880 2316 sibi
1913 2261 2164 2332 deinceps
2195 2259 2410 2316 noverit
2441 2256 2716 2330 denegari.
2753 2275 2772 2310 ι

1780 2375 1866 2430 Ea:
1887 2374 2130 2442 periocha
2156 2393 2203 2429 υ.
2239 2371 2454 2443 Nicolai
2475 2387 2645 2443 papag,
2673 2364 3200 2443 prmentis‘Adriaui
3225 2377 3376 2443 pauit

1849 2433 2267 2516 praedecessor-is,
2318 2433 2561 2500 Michéeli
2600 2433 2905 2498 στᾶσον-ωτι
2942 2433 3244 2510 imperatori
3288 2433 3375 2496 di-

1850 2529 2010 2574 recta.

1851 2632 2044 2705 (Epist.
2075 2632 2152 2704 8.)
2198 2651 2215 2684 ς
2250 2631 2553 2687 Decretalia
2579 2639 2780 2693 autem,
2809 2642 2930 2698 qum
2959 2640 2990 2681 a
3013 2623 3214 2680 sanctis
3241 2635 3374 2692 pon-

1780 2726 2015 2794 tiﬁcibus
2055 2726 2244 2797 prima:
2294 2724 2438 2782 sedis
2467 2723 2727 2778 Romana:
2777 2718 3032 2786 Ecclesiae
3061 2724 3187 2780 sunt
3218 2713 3374 2769 insti-

1782 2825 1914 2880 tuta,
1957 2814 2111 2884 cujus
2149 2815 2473 2870 auctoritate
2521 2822 2684 2883 atque
2737 2811 3016 2881 sanctione
3061 2820 3250 2876 omnes
3289 2819 3378 2884 sy:

1780 2910 1905 2968 nodi
1940 2917 1996 2972 et
2043 2917 2229 2966 sancta
2273 2907 2502 2963 concilia
2538 2906 2891 2967 roborantur,
2944 2909 3000 2957 et
3021 2899 3378 2972 stabilitatem

1783 3011 2022 3066 sumunt,
2056 3017 2154 3056 cur
2183 3016 2278 3056 vos
2321 3016 2426 3056 non
2451 2999 2654 3054 habere
2707 2996 2792 3054 vel
2839 2996 3129 3054 observare
3172 2990 3376 3058 dicitis,

1783 3093 1888 3148 nisi
1920 3094 2041 3163 quia
2068 3101 2266 3148 vestra:
2293 3091 2622 3148 ordinattoui
2647 3089 3048 3153 contradicunt,
3077 3094 3132 3142 et
3149 3099 3218 3146 ex
3243 3083 3381 3148 laico

1784 3187 1960 3241 subito
2003 3185 2071 3248 ad
2117 3185 2331 3252 culmen
2387 3184 2791 3255 patriarcbatus
2853 3179 3190 3258 transvolare
3247 3174 3381 3230 resi-

1787 3286 1955 3344 stunt,
1984 3285 2175 3332 contra
2201 3276 2331 3330 illud
2355 3275 2727 3346 Apostolicum
2759 3292 2770 3327 :
2799 3271 3010 3342 Nemini
3029 3271 3135 3340 pitu
3165 3283 3381 3336 mgnum

1785 3369 2094 3439 imposuerit
2135 3366 2188 3438 (ι
2221 3366 2355 3420 Tim.
2386 3383 2436 3430 ν,
2477 3368 2614 3436 ﬁt)?
2645 3365 2796 3434 Quod
2839 3365 2884 3428 si
2914 3379 2978 3430 ea
3009 3378 3116 3432 non
3145 3360 3379 3432 habetis,

1786 3461 1852 3516 de
1873 3459 2117 3530 neglectu
2145 3467 2308 3528 atque
2340 3457 2546 3512 incuria
2587 3456 2717 3512 estis
2739 3452 3003 3524 arguendi
3031 3469 3046 3504 :
3089 3452 3135 3507 si
3172 3449 3382 3523 habetis

1786 3562 1842 3608 et
1870 3569 1976 3608 non
2007 3550 2330 3614 observatis,
2378 3549 2444 3603 de
2475 3546 2783 3610 temeritate
2813 3545 2944 3612 estis
2974 3542 3301 3614 corripiendi
3327 3548 3384 3596 et

1788 3647 2168 3724 increpandi._t
2199 3645 2334 3700 Item
2355 3645 2461 3715 ipse
2480 3659 2498 3696 :
2523 3662 2541 3696 ι
2562 3639 2750 3696 Sancti
2775 3635 3230 3702 Chalcedonensis
3255 3648 3385 3690 cou-

1788 3742 1897 3798 cilii
1946 3740 2250 3798 sanctiones
2303 3739 2372 3793 ad
2404 3735 2721 3794 memoriam
2769 3732 3110 3795 reducamus,
3162 3726 3385 3798 quatittl

1787 3837 2089 3894 decernunt
2146 3832 2304 3906 (Can.
2328 3831 2382 3901 9)
2412 3850 2424 3885 :
2461 3829 2517 3886 Si
2549 3828 2780 3885 clericus
2827 3825 2994 3890 habet
3029 3837 3249 3882 causam
3285 3820 3384 3888 ad-

1788 3944 1980 3985 versus
2013 3927 2328 3998 episcopum
2380 3923 2681 3995 proprium,
2724 3918 2810 3976 vel
2841 3917 3102 3980 adversus
3130 3915 3382 3980 alterum,

1791 4023 1930 4094 apud
1959 4022 2226 4093 synodum
2257 4017 2548 4089 provinciae
2581 4014 2892 4084 iudicetur;
2946 4010 3090 4082 quod
3119 4009 3164 4064 si
3192 4007 3386 4062 adver-

1791 4132 1883 4171 sus
1929 4114 2171 4183 ejusdem
2216 4109 2514 4181 provincia:
2575 4107 3049 4179 metropolitanum
3103 4102 3389 4172 episcopus

1789 4209 1876 4266 vel
1903 4209 2135 4264 clericus
2183 4203 2345 4262 habet
2387 4200 2682 4271 querelam,
2736 4207 2888 4268 petat
2931 4197 3218 4268 primatem
3251 4191 3385 4254 alios:

1793 4318 1995 4365 ceseos,
2029 4310 2120 4356 aut
2171 4301 2358 4355 sedem
2388 4298 2548 4368 regia:
2575 4296 2726 4351 urbis
2751 4290 3386 4360 Constantinopolitanat.

1792 4393 1847 4450 lu
1893 4408 1999 4465 quo
2051 4392 2143 4448 hic
2197 4399 2353 4446 tenor
2385 4385 2758 4443 observandas
2785 4393 2891 4450 est,
2941 4391 3004 4438 ut
3055 4381 3099 4438 si
3140 4379 3391 4434 videlicet

1793 4486 2022 4540 clericus
2047 4493 2133 4538 aut
2157 4482 2444 4552 episcOpus
2467 4480 2726 4536 adversus
2743 4474 3210 4546 metropolitanum
3225 4469 3392 4524 habet

1795 4577 2094 4648 querelam,
2145 4585 2198 4630 et
2241 4581 2386 4628 tanta
2421 4567 2644 4643 urgetur
2690 4569 3050 4633 necessitate,
3085 4563 3170 4618 vel
3199 4563 3243 4616 si
3291 4561 3394 4615 hoc

1799 4686 1962 4743 grave
1992 4685 2097 4722 non
2145 4666 2302 4729 ferat,
2363 4667 2671 4733 ubicunque
2711 4662 2785 4717 sit
2830 4662 3059 4732 positus,
3105 4656 3394 4726 primatem

1800 4767 2099 4820 diteceseos
2136 4768 2304 4832 petat.
2351 4758 2504 4827 Quod
2548 4757 2595 4811 si
2630 4755 2787 4824 juxta
2838 4744 3397 4816 Constantinopolita-

1797 4874 1924 4928 nam
1951 4855 2143 4910 urbem
2171 4853 2459 4922 quisquam
2505 4861 2694 4903 eorum
2739 4847 3066 4901 constitutus
3089 4880 3106 4904 ,
3142 4849 3195 4894 et
3231 4835 3401 4891 solius

1797 4947 2044 5021 praesulis
2093 4943 2212 5013 ejus
2265 4943 2469 5013 judicio
2517 4937 2649 4993 velit
2709 4953 2830 4994 esse
2883 4941 3206 4995 contentus,
3256 4933 3405 4998 petat

1798 5017 2043 5096 eamdem
2105 5033 2306 5104 regiam
2339 5036 2552 5090 urbem.
2603 5025 2744 5082 Cum
2778 5029 2922 5084 enim
2967 5023 3190 5080 dixisset
3217 5035 3229 5070 :
3256 5017 3411 5072 Petat

1800 5139 2090 5206 primatem
2119 5129 2454 5194 dioeceseos,
2485 5128 2820 5194 praeceptum
2853 5118 3035 5192 posuit
3073 5111 3259 5165 eadem
3287 5125 3412 5164 san-

1801 5241 1892 5284 cta
1951 5223 2226 5297 synodus,
2283 5221 2643 5292 regulamque
2701 5214 3030 5270 constituit:
3100 5216 3220 5258 cum
3285 5211 3415 5301 vero
