3904 5304
554 426 690 482 1025

1566 430 1896 488 HINCMARI
1940 433 2419 493 LUGDUNENSIS
2458 435 2763 495 EPISCOPI

3630 445 3734 505 ιοιι

552 553 672 594 eam
711 538 910 603 sedem,
954 540 1310 613 0111118031183
1347 552 1438 598 aut
1489 561 1518 600 a
1551 561 1610 602 se
1649 549 1984 621 negotiorum
2022 566 2128 608 me-
2152 562 2207 624 Α
2235 568 2254 601 ί
2291 551 2540 607 nesciunt
2563 553 2691 622 quid
2720 552 3026 622 loquantur.
3056 552 3255 609 Contra
3278 568 3410 624 quos
3439 555 3534 612 hoc
3558 557 3734 629 ipsere-

555 629 673 684 ritis
707 628 1044 700 exigentibus
1090 631 1142 686 in
1169 632 1358 690 melius
1384 649 1746 694 commutatur
1771 682 1787 708 ,
1840 652 1932 697 aut
1959 644 2126 702 solius

554 721 645 777 Dei
673 722 791 778 sine
819 725 1113 794 quaestione
1133 736 1439 784 reservatur
1465 732 1708 789 arbitrio.
1748 734 1916 802 Quem
1945 748 2126 795 autem

550 812 836 883 primatem
870 807 1163 874 dioeceseos
1199 832 1387 877 sancta
1413 824 1647 894 synodus
1675 827 1902 894 dixerit,
1931 815 2128 900 praeter
2171 825 2176 828 ’

551 903 779 972 apostoli
820 906 977 976 primi
1018 908 1278 966 vicarium
1320 912 1496 970 nullus
1543 917 1758 985 penitus
1789 918 2124 992 intelligitur.

551 994 668 1064 lpse
716 1005 801 1052 est
841 999 984 1054 enim
1037 1003 1272 1074 primas,
1319 1007 1410 1077 qui
1459 1017 1514 1064 et
1559 1010 1764 1080 primus
1796 1013 2024 1070 habetur
2071 1025 2127 1074 et

551 1105 795 1148 summus
818 1111 832 1124 ·
875 1110 992 1165 quae
1023 1097 1248 1166 viritim,
1280 1101 1327 1157 si
1364 1101 1514 1162 locus
1551 1106 1823 1177 exegerit,
1851 1108 1905 1163 in
1945 1110 2125 1166 subdi-

554 1181 622 1238 tis
661 1183 1171 1246 demonstrabimus.
1202 1190 1280 1247 Ne
1299 1207 1429 1248 vero
1459 1205 1692 1263 moveat,
1717 1198 1842 1267 quia
1865 1199 2124 1270 singulari

551 1290 775 1333 numero
805 1278 1100 1337 dioeccseos
1131 1282 1334 1339 dictum
1376 1294 1460 1342 est
1483 1328 1498 1352 ,
1551 1288 1828 1344 sciendum
1879 1300 1964 1348 est
1998 1292 2122 1362 quia

553 1373 880 1429 tantumdem
904 1375 1045 1432 valet
1070 1377 1270 1435 dixisse
1304 1381 1588 1451 primatem
1617 1384 1911 1442 dioeceseos
1955 1401 2126 1456 quan-

550 1470 663 1516 tum
694 1462 738 1517 si
786 1465 1148 1536 perhibuisset
1196 1471 1519 1528 dioeceseon.
1579 1472 1760 1530 Plena:
1810 1485 1936 1532 sunt
1980 1477 2126 1534 enim

548 1565 750 1613 sanctae
807 1558 1097 1631 Scriptura:
1157 1563 1249 1620 tali
1307 1565 1481 1622 forma
1529 1566 1831 1624 locutionis.
1886 1570 2126 1640 Denique

549 1648 808 1719 scriptum
831 1659 919 1707 est
949 1670 962 1707 :
992 1651 1139 1711 Fons
1177 1657 1483 1713 ascendebat
1523 1677 1550 1714 e
1585 1669 1724 1715 terra
1752 1661 1981 1733 irrigans
2004 1665 2124 1718 uni-

547 1753 750 1792 versam
787 1742 1110 1812 superﬁciem
1153 1754 1306 1802 terra:
1332 1746 1482 1818 (Gen.
1517 1764 1577 1815 ιι,
1609 1749 1684 1819 6).
1729 1750 1831 1819 Qui
1851 1752 1996 1807 enim
2018 1767 2126 1808 non

550 1835 660 1902 ait,
707 1851 849 1891 unus
897 1836 1016 1895 fons
1057 1841 1382 1898 ascendebat
1430 1851 1660 1912 eterra,
1717 1845 1811 1900 sed
1856 1845 1964 1913 ait,
2004 1847 2125 1904 fons

2236 660 2256 697 ι
2291 643 2408 698 nire
2430 659 2488 699 se
2499 644 2750 714 produnt,
2766 646 2908 715 quod
2921 645 3106 714 prima:
3119 645 3229 701 sedi
3245 658 3379 701 sana
3401 657 3628 719 rectaque
3648 667 3733 708 sua

2233 753 2252 786 ι
2289 735 2435 790 denti
2459 749 2652 805 parere
2678 736 2903 808 fugiunt.
2936 736 3040 806 Ipsi
3065 745 3192 792 sunt
3214 751 3468 806 canones,
3493 741 3576 810 qui
3601 746 3734 816 appel-

2233 845 2252 878 ‹
2285 823 2512 882 lationes
2533 827 2696 882 totius
2734 827 2988 883 Ecclesiae
3007 829 3074 883 ad
3093 829 3254 900 hujus
3283 830 3426 886 sedis
3452 847 3648 889 examen
3671 854 3735 893 vo-

2217 911 2253 970 ἰ
2290 918 2438 974 luere
2451 917 2668 987 deferri,
2685 921 2753 976 ab
2769 921 2880 992 ipsa
2897 935 3023 977 vero
3034 937 3299 994 nusquam
3313 939 3529 1000 prorsus
3540 930 3735 997 appellari

2233 1027 2254 1062 ι
2290 1007 2487 1066 debere
2507 1020 2831 1079 sanxerunt,
2855 1027 2919 1067 ac
2942 1026 3039 1081 per
3057 1013 3159 1070 boc
3181 1011 3326 1068 illam
3347 1013 3415 1070 de
3435 1023 3539 1072 tota
3556 1017 3735 1075 Ecclesia

2233 1122 2253 1160 ι
2282 1104 2548 1175 judicare,
2569 1103 2741 1174 ipsam
2764 1105 2831 1160 ad
2857 1103 3056 1162 nullius
3076 1121 3386 1162 commeare
3401 1106 3651 1176 judicium,
3668 1127 3735 1166 nec

2232 1213 2252 1249 ι
2291 1195 2357 1250 de
2381 1195 2497 1266 ejus
2517 1212 2755 1268 unquam
2784 1208 3152 1269 praeceperunt
3170 1199 3376 1270 judicio
3389 1199 3616 1270 judicari,
3647 1217 3734 1258 scn-

2234 1307 2253 1341 ‹
2292 1289 2620 1361 tentiamque
2660 1291 2802 1348 illius
2838 1291 3234 1348 constituerunt
3260 1307 3370 1348 non
3413 1303 3633 1364 oportere
3657 1295 3733 1350 dis-

2233 1403 2252 1437 ι
2292 1383 2426 1440 solvi
2453 1424 2468 1450 ,
2492 1381 2644 1452 cujus
2665 1386 2843 1454 potius
2863 1381 3135 1455 sequenda
3159 1385 3382 1440 decreta
3408 1385 3730 1440 mandarunt.»

2227 1472 2369 1545 Ergo
2409 1473 2475 1529 de
2509 1473 2711 1545 judicio
2741 1473 2970 1530 Romani
3001 1473 3246 1544 praesulis
3290 1487 3402 1528 non
3437 1476 3732 1538 retractando,

2228 1565 2353 1635 quia
2400 1580 2500 1620 nec
2546 1579 2665 1622 mos
2710 1565 2917 1638 exigit,
2965 1568 3109 1636 quod
3154 1565 3395 1621 diximus
3438 1565 3731 1636 comprobato.

2229 1655 2346 1712 Non
2374 1671 2634 1728 negamus
2653 1658 2892 1730 ejusdem
2914 1658 3055 1714 sedis
3070 1657 3404 1714 sententiam
3430 1672 3575 1728 posse
3596 1658 3639 1712 in
3659 1674 3732 1712 me-

2227 1748 2334 1804 lius
2377 1750 2740 1820 commutari,
2787 1765 2910 1806 cum
2958 1759 3053 1806 aut
3090 1750 3195 1806 sibi
3241 1750 3556 1821 subreptum
3590 1750 3734 1819 aliquid

2230 1840 2413 1906 fuerit,
2444 1851 2539 1898 aut
2563 1843 2700 1914 ipsa,
2732 1858 2832 1914 pro
2861 1843 3296 1900 consideratione
3320 1851 3539 1899 aetatum
3555 1841 3624 1896 vel
3643 1851 3734 1896 ten-

549 1935 727 1982 autem
752 1930 1074 1987 ascendebat
1095 1947 1127 1990 e
1161 1941 1326 2000 terra,
1356 1951 1455 2006 pro
1473 1951 1702 1993 numero
1724 1937 1916 2008 plurali
1947 1939 2126 2008 posuit
2152 1943 2200 2005 B
2226 1951 2418 2008 porum
2443 1951 2536 1992 seu
2558 1937 2802 2007 gravium
2814 1937 3212 2004 necessitatum,
3229 1935 3609 2008 dispensatorie
3621 1935 3733 2005 quid-

549 2016 912 2088 singularem;
960 2031 1020 2077 ut
1048 2023 1128 2080 sic
1171 2024 1533 2098 intelligamus
1579 2028 1756 2085 fontes
1796 2029 1994 2088 multos
2026 2047 2124 2103 per

550 2108 859 2167 universam
901 2121 1099 2170 terram
1135 2115 1250 2173 loca
1301 2118 1383 2174 vel
1421 2120 1666 2192 regiones
1712 2123 1956 2194 proprias
1999 2123 2125 2179 irri-

550 2196 942 2272 gantes,sicut
978 2206 1177 2263 dicitur
1227 2209 1400 2276 miles,
1447 2221 1504 2267 et
1541 2211 1694 2267 multi
1732 2213 2122 2284 intelliguntur,

549 2291 691 2348 sicut
735 2294 878 2352 dicta
934 2306 1019 2354 est
1065 2298 1271 2356 locusta
1314 2310 1371 2358 et
1425 2317 1558 2359 rana
1603 2304 1656 2360 in
1715 2304 1886 2376 plagis
1930 2306 2126 2377 quibus

551 2381 789 2456 Egyptii
824 2389 1066 2458 percussi
1113 2402 1282 2459 sunt,
1347 2408 1470 2449 cum
1522 2404 1670 2450 esset
1717 2395 2126 2454 innumerabilis

549 2476 882 2534 locustarum
898 2496 1151 2539 numerus
1178 2493 1232 2540 et
1254 2499 1525 2542 ranarum.
1548 2486 1624 2542 lta
1640 2487 1709 2560 let
1731 2489 1820 2544 hic
1845 2488 2123 2546 ditecesim

550 2571 891 2643 singulariter
918 2575 1072 2645 dixit,
1113 2577 1207 2634 sed
1247 2578 1386 2636 hanc
1428 2589 1651 2652 prOpter
1684 2582 1945 2639 unitatem
1975 2585 2123 2654 pacis

549 2672 604 2716 et
629 2664 773 2730 fidei,
796 2665 1079 2736 pluraliter
1097 2667 1321 2742 intelligi
1346 2670 1534 2730 voluit.
1558 2693 1578 2725 ι
1607 2671 1741 2728 Item
1769 2675 1914 2745 ipse:
1941 2695 1961 2728 ι
1987 2674 2123 2732 Cum

546 2758 703 2816 beato
716 2761 931 2820 Gelasio
950 2774 1149 2822 nostra
1170 2768 1315 2824 sedis
1340 2769 1580 2824 antistite
1610 2771 1854 2826 consulte
1878 2771 2122 2830 dicemus

545 2851 850 2923 (Gausms,
875 2857 1023 2926 epist.
1051 2857 1106 2925 6,
1136 2860 1205 2913 ad
1235 2860 1390 2930 episc.
1421 2877 1514 2932 per
1544 2862 1668 2918 Luc.
1702 2875 1751 2920 et
1773 2864 1990 2936 Brut.):
2023 2863 2123 2921 Ne-

544 2946 779 3002 cessaria
811 2962 990 3004 rerum
1011 2949 1368 3022 dispositione
1385 2954 1823 3025 constringimur,
1845 2965 2123 3029 etaposto-

543 3034 661 3091 licae
686 3039 830 3093 sedis
845 3040 1212 3098 moderamine
1241 3047 1614 3114 convenimur,
1648 3047 1728 3105 sic
1751 3065 2018 3107 canonum
2033 3065 2121 3123 pa-

545 3134 822 3182 ternorum
848 3129 1065 3186 decreta
1085 3131 1301 3200 librare,
1322 3141 1540 3192 etretro
1553 3137 1841 3207 praesulum
1866 3139 2117 3196 decesso-

445 3263 456 3275 .
542 3232 769 3288 rumque
812 3230 1118 3280 nostrorum
1165 3236 1432 3298 praecepta
1470 3228 1690 3296 metiri,
1732 3241 1792 3286 ut
1835 3248 1955 3304 quae
1981 3249 2117 3304 prae-

2227 2028 2350 2084 dam
2376 2027 2630 2084 ordinare
2668 2029 2988 2085 decreverit.
3005 2029 3271 2097 Quoniam
3294 2037 3354 2086 et
3374 2028 3626 2099 egregium
3648 2041 3734 2096 apo-

2227 2118 2425 2174 stolum
2453 2117 2678 2174 Paulum
2721 2119 2966 2190 quaedam
3003 2117 3195 2176 fecisse
3225 2118 3606 2190 dispensatoris
3640 2116 3733 2187 legi-

2227 2226 2348 2266 mus
2376 2251 2392 2278 ,
2443 2227 2563 2279 quas
2602 2218 2789 2282 postea
2831 2212 3152 2282 reprobasse
3187 2209 3734 2296 dignoscitur.medo

2227 2307 2407 2356 tamen
2434 2299 2544 2366 illa,
2571 2300 2813 2356 Romana
2839 2299 3086 2358 videlicet
3106 2300 3392 2368 Ecclesia,
3425 2297 3733 2356 discretissim

2227 2389 2661 2446 consideratione
2700 2389 2822 2446 fieri
2847 2389 3134 2462 delegerit,
3164 2404 3272 2446 non
3294 2388 3516 2461 quando
3538 2389 3632 2459 ipsa
3654 2402 3733 2456 qua

2225 2481 2362 2538 bene
2390 2490 2517 2537 sunt
2551 2481 2774 2538 diliinita
2798 2491 3092 2540 retractare
3118 2484 3390 2540 renuerit.
3429 2481 3586 2538 Porro
3613 2479 3731 2534 nedi-

2225 2575 2363 2630 catis
2383 2615 2398 2640 ,
2446 2583 2646 2646 praeter
2687 2574 2943 2631 Ecclesiae
2981 2575 3156 2648 legem
3179 2573 3456 2646 Ignatium
3478 2582 3530 2629 et
3547 2572 3732 2628 Photinus

2225 2667 2453 2722 Romam
2495 2667 2683 2722 venire
2725 2667 2990 2734 sanxisse,
3036 2668 3230 2724 scitote
3269 2682 3377 2724 nos
3402 2667 3592 2737 antiqui
3613 2664 3732 2736 patris

2223 2767 2279 2814 et
2324 2757 2740 2830 praedecessoris
2787 2759 2960 2815 nostri
3001 2756 3127 2815 Julii
3181 2759 3237 2814 in
3278 2760 3391 2815 hoc
3430 2773 3544 2814 esse
3580 2763 3732 2812 secutos

2222 2849 2552 2921 exemplum,
2579 2850 2672 2920 qui
2692 2848 2846 2919 juxta
2869 2850 3010 2921 quod
3035 2851 3089 2906 in
3121 2849 3358 2921 epistola
3390 2865 3487 2906 sua
3511 2846 3731 2918 reperitur.

2222 2941 2309 2996 his
2358 2941 2451 3012 qui
2496 2941 2860 2996 convenerant
2901 2940 3200 2996 Antiochia:
3237 2941 3351 2996 hoc
3375 2933 3733 3011 praecepissedi-

2219 3033 2521 3103 gnoscitur,
2555 3040 2609 3086 et
2629 3030 2986 3087 Tbeodoritus
3005 3029 3484 3102 historiographus
3509 3029 3560 3083 in
3579 3027 3646 3082 bis
3663 3024 3732 3078 hoc

2219 3123 2399 3195 ipsum
2422 3122 2603 3178 verbis
2620 3122 2856 3178 ostendit
2898 3121 3009 3194 (lib.
3041 3139 3098 3187 ιι,
3136 3138 3254 3192 cap.
3275 3121 3339 3193 4)
3366 3136 3384 3176 :
3417 3139 3438 3174 ‹
3465 3118 3654 3182 Verum,
3680 3116 3732 3168 in~

2227 3237 2245 3269 ι
2283 3216 2504 3288 (iniens.
2543 3215 2804 3273 Eusebius
2840 3215 3063 3288 ejusque
3101 3221 3392 3272 consortes
3425 3210 3732 3270 calumniam

539 3309 772 3366 sentium
805 3314 1101 3372 necessitas
1131 3324 1432 3390 temporum
1468 3324 1836 3380 restaurandis
1864 3325 2108 3382 ecclesiis
2135 3319 2182 3384 C
2219 3329 2238 3363 ί
2269 3310 2625 3365 Αιδθηθδίυίη
2650 3307 2822 3364 famas
2848 3308 2987 3364 Juno
3018 3308 3265 3364 Romam
3291 3305 3538 3379 P0“tiﬁCi
3557 3304 3732 3358 dem"

535 3399 826 3458 relaxanda
853 3406 1112 3476 deposcit,
1138 3408 1376 3466 adhibita
1394 3412 1825 3472 consideratione
1845 3415 2107 3490 diligenti,

533 3503 792 3563 quantum
837 3505 1014 3567 potest
1052 3497 1169 3555 ﬁeri
1216 3509 1593 3574 temperemus.
1658 3506 1727 3562 Et
1762 3509 2016 3579 quoniam
2043 3510 2110 3565 de

532 3597 762 3653 persona
786 3585 979 3658 lgnatii
1021 3599 1184 3662 atque
1226 3591 1402 3650 Photii
1425 3634 1441 3660 ,
1467 3596 1603 3652 nihil
1631 3597 1919 3656 discretius
1943 3609 2108 3672 atque

533 3671 755 3741 mitius,
794 3691 1006 3734 necnon
1045 3688 1101 3735 et
1142 3681 1412 3740 salubrius
1442 3686 1791 3756 arbitramur,
1842 3671 2107 3760 quamiut

531 3773 757 3837 uterque
786 3766 1015 3825 Romam
1035 3772 1101 3827 ad
1125 3777 1494 3832 renovandum
1519 3792 1744 3835 examen
1771 3782 1972 3850 veniat,
2003 3784 2107 3841 hoc

533 3871 861 3930 magnopere
888 3861 1165 3930 volumus,
1195 3874 1252 3920 et
1280 3876 1341 3923 ut
1371 3883 1465 3926 vos
1495 3873 1827 3931 annuntietis
1873 3875 2105 3932 salubri-

535 3958 618 4004 ter
664 3948 1034 4008 admonemus.
1093 3953 1202 4011 Sed
1240 3961 1344 4015 hoc
1379 3962 1672 4018 secundum
1714 3965 2102 4037 indulgentiam

531 4041 898 4127 concedimus,
922 4059 1029 4099 non
1047 4043 1318 4104 licentiam
1343 4050 1396 4106 id
1416 4051 1678 4111 efﬁciendi
1700 4071 1798 4127 pro
1820 4058 1977 4114 libitu
2005 4075 2102 4115 cu-

527 4125 762 4200 juslibet.
793 4133 1110 4193 tribuimus.
1157 4138 1418 4208 Quoniam
1455 4161 1576 4202 cum
1615 4125 1908 4207 secundum
1942 4168 2104 4210 cano—

533 4235 632 4277 nes
654 4261 670 4288 ,
700 4223 791 4279 ubi
829 4233 912 4280 est
941 4226 1112 4298 major
1140 4234 1466 4303 auctoritas,
1491 4235 1752 4306 judicium
1785 4241 2102 4302 inferiorum

533 4311 605 4366 sit
630 4312 976 4374 deferendum
994 4360 1010 4387 ,
1047 4321 1116 4378 ad
1139 4321 1538 4384 dissolvendum
1569 4329 1776 4389 scilicet
1812 4333 1897 4390 vel
1922 4336 1990 4392 ad
2015 4351 2104 4394 ro-
2134 4359 2138 4364 ·

531 4399 829 4498 borandum
860 4446 878 4474 ,
928 4417 1077 4478 patet
1117 4412 1359 4482 profecto
1402 4411 1546 4476 sedis
1602 4423 1908 4493 apostolica:
1949 4427 2103 4498 cujus

531 4496 852 4554 auctoritate
898 4499 1072 4570 major
1107 4519 1213 4560 non
1246 4513 1361 4572 est,
1384 4505 1651 4577 judicium
1681 4527 1712 4570 a
1741 4515 1958 4574 nemine
1983 4496 2102 4576 fore

531 4587 956 4656 retractandum,
974 4606 1149 4664 neque
1177 4595 1426 4667 cuiquam
1448 4599 1515 4656 de
1541 4601 1656 4671 ejus
1679 4602 1840 4661 liceat
1856 4605 2101 4678 judicare

2214 3422 2234 3456 ‹
2269 3412 2493 3469 verunt;
2531 3404 2625 3474 qui
2659 3402 3094 3459 Ecclesiasticam
3139 3415 3379 3473 sequens
3417 3401 3594 3471 legem,
3618 3396 3733 3452 etiam

2213 3517 2233 3552 ‹
2270 3500 2418 3570 ipsos
2455 3497 2684 3556 Romam
2701 3499 2893 3556 «venire
2933 3499 3207 3571 praecepit,
3241 3494 3662 3582 etvenerabilem
3688 3489 3731 3545 ad

2211 3613 2231 3646 ι
2257 3593 2521 3664 judicium
2547 3592 2866 3666 regulariter
2883 3593 3126 3650 evocavit
3151 3607 3168 3646 :
3189 3591 3282 3648 ille
3317 3591 3569 3649 continuo
3587 3600 3730 3644 evoca.

2212 3712 2231 3744 ‹
2268 3690 2413 3747 tione
2436 3699 2682 3761 suscepta
2721 3689 2888 3746 venit.
2923 3710 2943 3742 ι
2973 3688 3125 3757 Quod
3148 3689 3197 3744 si
3222 3688 3291 3744 ad
3329 3689 3440 3745 hoc
3478 3686 3651 3749 dicitis,
3673 3680 3731 3736 ille

2213 3801 2233 3834 ι
2268 3783 2487 3854 quidem
2507 3783 2738 3850 vocavit,
2757 3783 2854 3840 sed
2875 3783 2976 3854 ipsi
3002 3781 3186 3839 venire
3209 3788 3647 3852 contempserunt,

2210 3892 2229 3926 ι
2267 3882 2374 3928 tem
2400 3873 2700 3944 sequentia,
2724 3880 2780 3929 et
2809 3872 3059 3928 videbitis
3091 3879 3275 3927 utrum
3294 3871 3352 3926 in
3374 3869 3598 3932 laudem,
3621 3869 3730 3921 an‘in

2210 3981 2232 4017 ι
2264 3954 2610 4034 vituperium,
2641 3963 2744 4018 ista
2774 3963 2845 4018 sit
2877 3961 2981 4018 illis
3005 3968 3247 4032 reputate
3273 3959 3608 4030 contemptio.
3629 3953 3728 4011 Sub-

2211 4071 2229 4106 ι
2257 4053 2438 4126 Junxit
2457 4069 2604 4110 enim
2625 4053 2769 4109 idem
2793 4053 3254 4145 historiographus
3287 4052 3504 4145 dicens:
3533 4068 3552 4102 ι

2209 4166 2228 4197 ι
2260 4145 2473 4200 niarum
2501 4159 2630 4200 vero
2660 4143 3022 4200 sarcinatores
3053 4142 3280 4198 Romam
3305 4143 3521 4214 quidem
3556 4138 3729 4212 profecti

2209 4255 2228 4290 ο
2263 4253 2371 4294 ηοιι
2407 4245 2562 4303 sunt,
2602 4237 2838 4292 scientes
2866 4235 3020 4292 facile
3042 4250 3200 4292 suum
3234 4233 3355 4306 capi
3390 4248 3544 4304 posse
3566 4227 3729 4286 menda-

2209 4348 2228 4382 ι
2265 4328 2432 4385 cium.
2465 4347 2484 4382 ι
2527 4326 2605 4383 Ne
2625 4343 2753 4398 ergo
2779 4326 2971 4383 dicatis
2999 4340 3099 4382 nos
3117 4335 3318 4397 praeter
3339 4324 3581 4382 Ecclesia:
3601 4322 3728 4390 legem

2201 4421 2456 4495 praefatos
2488 4421 2720 4480 Romam
2743 4422 2930 4478 venire
2965 4420 3209 4506 sanxisse
3225 4461 3240 4486 ,
3264 4421 3518 4490 quoniam
3543 4422 3657 4473 SlClll
3680 4427 3726 4466 ex

2202 4514 2637 4588 historiographo
2663 4526 2791 4570 ecce
2821 4513 3077 4579 audistis,
3109 4513 3301 4568 beatus
3327 4509 3502 4566 Julius
3535 4519 3583 4564 et
3605 4519 3725 4561 acat-

2204 4613 2384 4663 satum
2424 4615 2482 4662 ct
2522 4613 2861 4660 accusatores
2900 4603 3124 4660 Romam
3168 4601 3354 4659 venire
3394 4597 3650 4672 praecepit.
3689 4600 3725 4645 ει

525 4673 748 4744 judicio.
793 4676 1071 4750 Siquidem
1101 4686 1170 4740 ad
1195 4686 1337 4743 illam
1370 4691 1438 4745 de
1471 4692 1711 4762 qualibet
1738 4673 1922 4752 mundi
1950 4708 2104 4769 parte
2126 4675 2182 4737 Ῑ)
2208 4697 2574 4753 venerabilem
2596 4695 2955 4750 Athanasium
2986 4694 3054 4751 ad
3075 4693 3336 4764 judicium
3361 4691 3608 4749 evocavit.
3649 4685 3725 4740 Sed

528 4783 762 4827 canones
784 4773 1046 4845 appellari
1073 4779 1360 4838 voluerunt
1377 4823 1392 4850 ,
1425 4783 1493 4839 ab
1526 4784 1616 4840 illa
1644 4795 1827 4843 autem
1852 4803 2012 4847 nemo
2033 4792 2107 4848 sit

528 4862 797 4954 appellare
825 4869 1144 4936 permissus.
1175 4869 1338 4929 Juxta
1358 4877 1499 4946 quod
1530 4885 1586 4934 et
1609 4876 1920 4938 Bonifacius
1940 4892 2104 4954 atque

525 4952 774 5012 Gelasius
802 4960 1128 5018 sanctissimi
1148 4965 1426 5034 prtesules,
1449 4983 1558 5024 non
1581 4971 1694 5026 suis
1707 4952 2102 5030 adinventioni-

527 5045 666 5110 bus,
729 5048 821 5101 sed
876 5049 1131 5108 liﬁc‘esiae
1191 5054 1449 5114 Romana:
1503 5065 1944 5118 consuetudinem
1991 5081 2100 5118 non

2206 4790 2318 4856 ille,
2345 4790 2439 4861 qui
2462 4790 2659 4846 bonam
2685 4787 3070 4844 conscientiam
3089 4788 3326 4858 gerebat,
3351 4785 3488 4842 nihil
3514 4783 3726 4883 reluctans

2205 4883 2392 4939 venit:
2422 4880 2499 4938 illi
2519 4894 2670 4949 vero,
2695 4880 2788 4951 qui
2810 4880 3029 4948 malam,
3065 4886 3518 4950 contempserunt,
3544 4880 3724 4968 scientes

2203 4971 2478 5044 profecto,
2524 4970 2665 5026 sicut
2709 4969 2783 5026 ibi
2818 4969 3028 5041 legitur,
3075 4967 3233 5026 facile
3271 4983 3426 5024 suum
3459 4980 3606 5039 posse
3637 4967 3720 5029 0³9⁸

2202 5061 2564 5118 mendacium.
2586 5082 2608 5116 ι
