3904 5304
108 388 243 444 1025

1282 398 1550 455 OPUSCU
1559 398 1645 453 LA
1681 396 1771 453 ET
1812 398 2193 460 EPISTOLAE.

3184 410 3348 467 11036

101 498 291 555 calculi
344 500 665 591 sententiam
710 514 1086 576 consequatur.
1145 507 1223 563 lta
1270 509 1503 580 denique
1526 509 1673 565 volu-
1698 508 2097 573 Asententiam
2142 530 2208 571 ex
2250 516 2354 572 alia
2380 516 2552 588 culpa,
2600 518 2655 574 id
2696 530 2779 576 est
2803 520 3161 579 inobedientia
3185 566 3199 591 ,
3236 542 3346 582 me-

99 605 218 644 mus
239 629 254 656 ,
280 597 336 645 et
359 589 432 644 ita
460 590 796 650 decernimus
824 595 979 652 istius
1000 638 1015 663 ,
1046 596 1155 653 imo
1200 613 1331 655 vero
1357 610 1674 655 cunctorum

100 683 437 738 sacerdotum
467 697 663 741 causas
698 687 1042 754 examinare,
1069 689 1321 761 culpasve
1353 692 1544 762 punire
1564 732 1579 758 ,
1615 702 1675 747 ut

97 779 349 841 paternos
384 772 640 830 terminos
676 791 784 831 non
831 778 1313 849 transgrediamur,
1364 796 1547 836 sacros
1578 796 1671 837 ca-

97 876 265 917 nones
300 878 409 917 non
457 864 862 934 conculcemus,
912 886 1013 926 nec
1051 872 1346 929 decretalia
1374 874 1516 929 sedis
1546 888 1672 944 apo-

96 954 297 1010 stolicae
350 956 681 1024 constituta,
739 960 936 1031 quibus
990 963 1231 1022 Ecclesia
1280 976 1391 1024 tota
1452 967 1673 1024 fulcitur

94 1054 259 1116 atque
300 1048 566 1117 munitur,
617 1056 997 1124 quoquomodo
1023 1056 1307 1115 violemus.
1365 1059 1449 1115 Ad
1488 1068 1670 1117 extre-

94 1154 242 1193 mum
271 1137 346 1194 ita
373 1140 619 1198 volumus
643 1152 699 1199 et
735 1145 811 1200 ita
841 1147 1179 1207 decernimus
1206 1151 1513 1223 pontificem
1541 1169 1670 1224 qua-

92 1225 371 1300 liscunque
422 1232 492 1286 sit
512 1231 741 1301 judicari
767 1278 783 1303 ,
829 1247 887 1293 ut
927 1241 1168 1298 ecclesia:
1202 1243 1288 1299 cui
1325 1253 1524 1314 praeest
1545 1246 1668 1315 jura

94 1317 236 1375 nulla
282 1323 623 1390 temeritate,
669 1327 809 1382 nulla
861 1335 1278 1405 praesumptione
1328 1336 1664 1410 frangantur.

90 1410 306 1468 Nullum
331 1416 527 1488 quippe
558 1422 758 1490 poterit
784 1423 1041 1483 Ecclesia:
1067 1426 1159 1497 jus
1187 1430 1405 1501 dignum
1438 1433 1667 1498 servari,

90 1502 131 1556 si
163 1505 361 1572 praesul
404 1506 519 1577 ejus
567 1526 597 1565 a
639 1513 997 1584 quibuslibet,
1048 1520 1131 1575 vel
1174 1522 1539 1591 quandolibet,
1576 1532 1669 1579 aut

88 1595 490 1660 quomodolibet
510 1599 859 1672 impediatur,
891 1616 945 1662 et
979 1624 1076 1678 pro
1117 1608 1271 1667 libitu
1302 1611 1667 1682 cujuscunque

90 1690 237 1737 tanta
280 1682 539 1744 facilitate
562 1690 808 1761 pellatur.
867 1695 1018 1763 Quod
1041 1714 1161 1754 cum
1193 1700 1267 1756 ita
1293 1702 1383 1768 sit,
1411 1717 1517 1758 non
1544 1716 1665 1772 pos-

87 1787 274 1828 sumus
319 1774 533 1833 interim
580 1779 800 1838 fratrem
843 1795 1084 1842 nostrum
1128 1790 1416 1860 lgnatium,
1466 1791 1667 1861 qualis-

1774 611 2017 658 reantur.
2053 603 2224 676 Igitur
2242 605 2495 676 praelatos
2515 607 2770 666 damnare
2800 610 3167 669 indifferenter
3187 629 3348 685 opor-

1772 701 1853 749 tet
1871 693 2209 753 horrescere.
2252 696 2569 769 Quicunque
2599 714 2730 757 vero
2753 701 2977 760 minoris
3007 705 3347 763 auctoritatis

1770 791 1931 851 sunt,
1975 784 2225 840 damnari
2252 785 2480 843 sollicite
2507 799 2768 857 caveant,
2802 807 2903 849 nec
2926 793 3188 863 majorum
3222 811 3346 853 suo-

1771 889 1895 929 rum
1953 877 2278 933 sententiam
2328 881 2815 951 transgredientur.
2877 882 3169 955 Alioquin,
3222 886 3346 943 licet

1770 961 1970 1033 injuste
1998 981 2385 1039 nonnunquam
2410 969 2651 1026 damnati
2679 981 2833 1039 sunt,
2866 988 2932 1029 ex
2964 974 3080 1046 ipsa
3117 983 3344 1032 temera-

1771 1053 1854 1108 ria
1882 1056 2346 1126 praevaricatione,
2371 1059 2549 1131 culpa,
2577 1076 2697 1133 quae
2721 1064 2958 1120 nondum
2988 1065 3129 1122 forte
3154 1082 3345 1138 perpe-

1769 1151 1911 1199 trata
1952 1144 2161 1215 fuerat,
2192 1156 2246 1203 et
2275 1149 2428 1217 ultio,
2457 1167 2619 1223 quam
2648 1154 2803 1225 culpa
2830 1156 3058 1212 necdum
3103 1159 3346 1214 mereba-

1770 1242 1879 1303 tur,
1904 1238 2093 1307 procul
2121 1239 2285 1296 dubio
2311 1242 2725 1314 subsequentur.
2748 1244 2891 1300 Nihil
2918 1248 3115 1317 quippe
3139 1246 3343 1318 lignum

1768 1324 1994 1382 vetitum
2025 1327 2079 1383 in
2108 1343 2167 1384 se
2188 1320 2528 1389 mortiferum
2558 1334 2765 1402 habuit,
2795 1337 2889 1393 sed
2913 1338 3005 1408 qui
3032 1338 3343 1395 inobedien-
3375 1336 3382 1348 '

1768 1424 1853 1472 ter
1876 1431 1944 1472 ex
1971 1433 2038 1473 eo
2067 1423 2333 1490 comedit,
2376 1431 2605 1481 mortem
2635 1426 2737 1483 sibi
2761 1436 2815 1483 et
2839 1430 3070 1499 posteris
3095 1430 3343 1503 propina-

1767 1506 1848 1561 vit
1874 1525 1887 1561 :
1915 1524 2020 1563 non
2048 1511 2172 1580 quia
2203 1513 2405 1585 lignum
2433 1517 2661 1581 malum,
2716 1534 2838 1574 cum
2861 1521 3004 1577 Deus
3038 1522 3182 1592 quod
3216 1522 3346 1578 fecit

1768 1604 1939 1653 totum
1967 1599 2155 1657 fecerit
2183 1604 2407 1673 bonum,
2428 1608 2521 1663 sed
2549 1608 2689 1678 quod
2715 1610 2854 1664 mala
2875 1610 2945 1666 sit
2968 1612 3341 1682 transgressio,

1767 1698 1823 1747 et
1848 1691 2049 1747 nolenti
2072 1696 2261 1765 subjici
2282 1714 2380 1768 per
2398 1715 2518 1755 eam
2537 1701 2722 1757 merito
2748 1702 2819 1757 sit
2845 1711 2963 1759 orta
2986 1704 3277 1760 damnatio.
3317 1725 3335 1759 ι

1766 1782 1903 1839 Item
1922 1784 2051 1855 ipse.
2076 1806 2095 1840 ‹
2117 1787 2270 1845 Sicut
2296 1806 2363 1847 ex
2383 1793 2691 1863 apostolicis
2712 1796 3008 1852 canouibus
3028 1797 3340 1864 edocemur,

86 1877 299 1961 cunque
324 1865 427 1961 sit],
470 1883 575 1925 non
618 1870 759 1927 inter
800 1876 1171 1934 sanctissimos
1197 1889 1283 1935 est
1322 1880 1667 1937 beatissimos
1694 1877 1745 1941 B
1770 1877 1905 1933 solvi
1935 1874 2003 1935 ab
2024 1895 2089 1936 eo
2115 1884 2206 1952 qui
2250 1898 2372 1939 eum
2404 1878 2781 1958 sequestravit,
2804 1895 2897 1943 aut
2926 1897 3072 1946 certe
3108 1904 3141 1944 a
3167 1889 3341 1961 prima

84 1955 424 2022 patriarchas
448 1975 871 2032 connumerare;
902 1968 994 2037 qui
1033 1969 1159 2025 licet
1203 1972 1343 2041 apud
1364 1987 1460 2028 vos
1488 1972 1560 2028 sit
1586 1981 1663 2029 tot

83 2048 425 2118 opprobriis,
464 2059 545 2109 tot
588 2057 1055 2124 persecutionibus
1093 2060 1385 2133 fatigatus,
1429 2080 1459 2119 a
1504 2065 1663 2121 nobis

83 2143 267 2194 tamen
296 2142 511 2199 nonnisi
533 2145 707 2215 qualis
731 2161 763 2202 a
779 2147 1148 2206 decessoribus
1171 2153 1308 2208 meis
1328 2160 1414 2209 est
1444 2154 1662 2211 habitus

82 2233 322 2289 creditur
349 2243 406 2291 et
427 2249 731 2295 veneratur.
793 2239 949 2298 Nullo
974 2243 1169 2315 quippe
1200 2254 1385 2300 nostro
1412 2246 1661 2301 examine

80 2321 311 2395 alicujus
337 2326 580 2385 criminis
612 2344 739 2387 reus
765 2372 779 2398 ,
829 2332 975 2389 nullo
1008 2342 1094 2389 est
1117 2344 1301 2392 nostro
1331 2337 1547 2407 speciali
1571 2337 1659 2409 ju-

80 2412 229 2470 dicio
257 2426 500 2488 repertus
527 2420 813 2479 obnoxius.
835 2424 915 2481 Ac
935 2441 1034 2496 per
1055 2427 1159 2482 hoc
1187 2428 1332 2483 nulla
1360 2437 1445 2485 est
1473 2439 1659 2487 nostra

78 2505 350 2561 sententia
369 2508 805 2569 condemnandus
829 2555 845 2580 ,
892 2523 986 2571 aut
1017 2531 1049 2570 a
1096 2518 1266 2573 nostri
1290 2517 1659 2591 Ecclesiaeque

80 2604 283 2651 nostra:
307 2602 683 2660 communione
709 2604 918 2678 collegii
947 2608 1391 2678 sequestrandus,
1432 2619 1527 2666 aut
1560 2610 1659 2666 ali-

80 2690 277 2759 quibus
315 2692 420 2749 nisi
445 2694 846 2757 honorabilibus
871 2701 1145 2758 vocabulis
1179 2703 1549 2774 appellandus.
1596 2724 1617 2757 ›

150 2784 289 2840 Item
312 2786 423 2857 ipse
443 2803 463 2841 :
492 2809 513 2843 ι
540 2790 750 2849 Praelati
776 2794 1035 2866 judicium
1067 2812 1281 2868 semper
1309 2797 1656 2856 inferioribus

81 2874 477 2936 formidandum
514 2891 633 2939 est:
663 2899 733 2941 ne
778 2886 824 2941 si
867 2886 915 2942 ei
940 2903 1047 2944 non
1079 2888 1379 2945 obedierint
1399 2931 1415 2957 ,
1440 2890 1567 2948 licet
1589 2891 1658 2948 ab

84 2982 146 3024 co
169 2968 418 3030 fortassis
445 2973 641 3033 iniuste
677 2977 909 3035 liventur
959 2980 1133 3038 ipsam
1174 2982 1519 3043 obligationis
1544 2999 1659 3042 suae

1770 1966 1898 2024 sede
1912 1968 2036 2038 jure
2059 1972 2233 2043 possit
2260 1974 2488 2032 absolvi.

1847 2076 1867 2110 ι
1895 2059 2035 2118 Ecce
2092 2063 2183 2118 hic
2235 2065 2638 2123 evidentissime
2668 2068 2991 2135 ostenditur,
3029 2080 3088 2127 ut
3136 2073 3180 2127 si
3223 2071 3343 2142 quis

1767 2162 1958 2209 contra
1980 2152 2344 2212 Romanorum
2370 2158 2686 2228 pontificum
2715 2164 2930 2219 decreta
2961 2164 3175 2236 obloqui
3206 2181 3342 2238 prae-

1768 2243 2077 2315 sumpserit,
2093 2244 2220 2312 jure
2243 2249 2565 2306 temeritatis
2582 2261 2855 2322 arguatur.
2882 2274 2901 2309 ι

1838 2422 1965 2481 Haec
2015 2425 2287 2483 succincte
2337 2428 2554 2498 quidem
2601 2430 2877 2500 excerpsi,
2928 2445 2992 2486 ac
3014 2432 3213 2503 passim
3242 2447 3340 2504 pro

1764 2517 2025 2588 qualitate
2057 2519 2258 2590 negotii
2285 2521 2651 2588 contexendo,
2696 2522 3105 2593 promiscueque
3149 2539 3339 2578 consc-

1742 2598 1956 2675 'rendo,
1986 2610 2176 2666 ordine
2201 2625 2326 2666 cum
2355 2620 2705 2683 praepostero,
2739 2620 2852 2668 tum
2880 2614 3199 2683 composito,
3245 2614 3340 2669 sed

1767 2706 1823 2754 et
1850 2698 2053 2755 sensim
2080 2715 2328 2759 connexo
2356 2702 2552 2770 ascivi,
2589 2718 2710 2774 quae
2730 2703 2971 2774 plenius,
2999 2703 3206 2759 directo
3229 2711 3340 2756 tra-

1765 2791 1898 2847 mite
1934 2801 2173 2861 servato,
2223 2809 2291 2850 ex
2330 2793 2697 2851 Romanorum
2734 2796 3049 2866 pontificum
3085 2797 3334 2859 decretis,

1763 2884 1821 2941 in
1862 2885 1968 2943 alio
2010 2887 2289 2955 eodicello,
2332 2890 2658 2946 examussim
2686 2890 2753 2947 de
2781 2889 2965 2947 multis
3001 2890 3212 2947 modica
3247 2891 3338 2946 dc—

1762 2979 2027 3048 florando,
2052 2982 2263 3055 collegi.

99 3168 3336 3202 mw

1611 3331 1758 3409 VI.

980 3444 1377 3549 HINCMARI
1412 3485 1962 3550 LAUDUNENSIS
2018 3485 2432 3551 SCHEDULA

1114 3654 1448 3737 Episcopi:
1483 3662 1538 3717 et
1563 3673 1681 3736 per
1700 3674 1797 3719 eos
1827 3654 1962 3735 regi
1981 3658 2302 3735 porrecta.

1520 3826 1889 3841 *ι-

88 3924 235 3981 Hanc
263 3924 564 3981 schedulam
583 3928 813 3997 porrexit
828 3925 1148 3984 Hincmarus
1164 3929 1526 3986 Laudunemis
1548 3932 1656 4003 epi-
1682 3933 1731 3998 C
1760 3931 2032 3996 exoniam,
2059 3928 2267 3986 scilicet
2309 3938 2597 3999 personam
2625 3939 2745 3997 qua:
2772 3922 3013 3980 firmaret
3035 3922 3177 3996 quod
3223 3922 3329 3979 illic

149 4034 336 4088 scapus
380 4016 521 4086 apud
568 4015 744 4073 Pista:
791 4034 854 4074 ιιι
899 4016 1025 4074 Kal.
1058 4017 1369 4091 Septembr.,
1409 4024 1594 4078 indict.
1620 4039 1660 4089 l,

151 4109 402 4181 episcopis
446 4108 510 4163 de
560 4109 824 4179 provincia
877 4108 1212 4176 Rhemorum,
1270 4111 1560 4169 Hincmaro
1610 4127 1657 4181 ιι,

156 4198 329 4254 Odoni
349 4200 378 4240 ι’
405 4216 420 4266 ;
485 4198 550 4254 de
572 4199 833 4270 provincia
854 4198 1283 4272 Rothomagensi,
1319 4201 1585 4258 Wem'loni
1611 4214 1659 4269 ε,

151 4291 523 4347 Archamberto
546 4289 597 4359 ά,
612 4290 912 4363 Sigenando
941 4304 996 4359 e;
1017 4294 1081 4348 de
1100 4294 1366 4364 provincia
1385 4293 1659 4361 Sennensi,

152 4382 342 4439 ΑΞηειε
370 4382 416 4450 ί,
443 4380 689 4438 Fulcrico
706 4386 755 4449 Β,
776 4382 976 4438 Abboni
999 4384 1028 4426 h
1048 4399 1063 4451 ;
1082 4384 1147 4440 de
1172 4385 1440 4456 provincia
1459 4384 1663 4440 Burde-

150 4479 370 4551 galensi,
402 4478 706 4551 Engenoldo
740 4480 787 4546 ί,
814 4478 970 4535 Helia
996 4477 1043 4533 i.

150 4572 269 4634 Non
304 4572 475 4629 latere
513 4587 609 4628 vos
643 4572 780 4639 scio,
804 4571 1004 4628 domini
1033 4582 1241 4645 patres,
1264 4582 1320 4630 et
1352 4572 1570 4639 fratres,
1597 4589 1662 4629 ac

87 4661 190 4719 Deo
236 4663 384 4736 digni
430 4662 690 4733 episcopi,
720 4677 807 4719 res
846 4663 1108 4733 episcopii
1150 4663 1528 4720 Laudunensis
1557 4662 1661 4719 Ec-

87 4754 260 4810 clesia:
294 4754 425 4810 mihi
459 4755 780 4821 commissa,
832 4754 940 4811 imo
990 4756 1253 4826 quidquid
1296 4757 1557 4813 habebam
1604 4756 1659 4812 in

92 4847 191 4901 iSto
217 4860 402 4919 regno,
435 4846 674 4917 exceptis
692 4846 974 4918 principali
1003 4846 1264 4913 ecclesia,
1309 4858 1364 4902 et
1394 4846 1654 4917 episcopii

89 4940 264 5004 domo,
309 4947 364 4993 et
414 4937 652 4994 claustro
688 4938 924 5008 primum
954 4950 1075 4995 esse
1102 4938 1417 4993 imbannata
1451 4955 1465 4993 :
1496 4939 1568 4993 ita
1600 4946 1663 4993 ut

90 5029 217 5084 nihil
238 5030 367 5086 mihi
394 5045 425 5085 a
454 5044 776 5101 quocunque
805 5028 871 5084 de
892 5029 1167 5100 praedictis
1206 5031 1370 5088 rebus
1395 5039 1451 5087 et
1485 5029 1657 5086 facul-

91 5120 283 5144 ιλιξι.--
319 5121 604 5144 ---εει-η-..
636 5119 871 5144 ...η-...2122
904 5121 1241 5144 ...ἔ..ἓ-ι..-ι--..
1293 5132 1380 5144 ---ι
1418 5122 1654 5144 ..ι----ηεξ

1764 4022 1951 4079 venire
1977 4021 2279 4093 nequirem,
2312 4034 2421 4075 non
2448 4017 2723 4074 transmisi
2749 4033 2763 4070 :
2798 4023 2858 4072 et
2879 4014 3024 4086 quod
3048 4015 3115 4071 de
3159 4015 3336 4087 capite

1762 4130 1909 4182 meo,
1950 4113 2005 4169 id
2034 4121 2136 4180 est,
2166 4111 2234 4167 de
2271 4108 2419 4166 facto
2443 4124 2567 4166 meo
2591 4110 2911 4165 advocatum
2931 4106 2987 4161 in
3007 4105 3212 4179 judicio
3236 4122 3335 4161 sae-

1763 4207 1935 4265 culari
1965 4222 2071 4262 non
2096 4203 2238 4260 dedi.
2266 4200 2650 4258 Verumtamen
2676 4199 2902 4255 missum
2932 4213 3066 4254 mea:
3107 4211 3332 4253 excusa-

1766 4299 1926 4355 tionis
1973 4297 2041 4352 ad
2086 4295 2365 4353 dominum
2404 4300 2653 4349 nostrum
2689 4304 2873 4361 regem
2900 4288 3094 4345 direxi.
3143 4288 3213 4343 Et
3238 4302 3336 4342 vos

1763 4390 1914 4446 scitis
1945 4388 2117 4444 sacris
2155 4386 2361 4458 legibus
2395 4398 2517 4441 esse
2543 4382 2817 4438 decretum
2848 4395 2947 4451 pro
2975 4378 3335 4450 qualicunque

1762 4480 1905 4536 civili
1934 4479 2015 4534 vel
2038 4475 2304 4533 criminali
2332 4489 2518 4540 causa,
2545 4484 2923 4545 quemcunque
2943 4467 3185 4540 judicem
3226 4484 3332 4524 non

1763 4572 1925 4628 licere
1972 4571 2200 4626 invitum
2250 4568 2562 4639 episcopum
2618 4563 2687 4619 ad
2742 4561 3007 4632 judicium
3059 4559 3335 4631 publicum

1762 4676 2081 4733 provocare,
2128 4659 2465 4729 perducere,
2518 4654 2606 4709 vel
2654 4650 2911 4709 exhibere
2964 4649 3129 4723 (Cod.
3191 4649 3345 4719 Afr.,.

1762 4772 1882 4813 can.
1927 4755 2038 4828 15).
2073 4754 2139 4808 Ει
2166 4753 2411 4824 quisquis
2456 4749 2831 4821 episcoporum
2876 4746 2964 4804 vel
3008 4744 3338 4815 reliquorum

1762 4846 2255 4904 ecclesiasticorum
2284 4844 2627 4905 clericorum,
2656 4854 2756 4911 pro
2784 4836 3055 4896 criminali
3080 4835 3167 4890 vel
3196 4833 3339 4890 civili

1763 4953 1950 5005 causa,
1973 4936 2160 4993 relicto
2182 4933 2559 4991 ecclesiastico
2583 4930 2807 5001 judicio,
2839 4929 2909 4986 ad
2947 4926 3163 5002 publica
3202 4923 3346 4993 judi-

1762 5029 1851 5085 cia‘
1882 5026 2206 5103 perrexerit,
2245 5035 2305 5082 et
2340 5028 2420 5085 eis
2465 5024 2531 5080 de
2581 5022 2851 5077 criminali
2908 5019 3067 5088 culpa
3125 5014 3348 5086 purgari

2316 5136 2413 5144 ...μοι
2460 5116 2575 5144 :nan
2616 5111 2777 5144 θείη-υἷι
2823 5112 3030 5144 Ἀηηίῆίῆ
3063 5104 3326 5144 αρηίρηιῖα

2070 5125 2282 5144 Αοῖιιυιὶδζ
