3904 5304
558 402 691 463 itm
1415 382 1421 391 '
1601 344 1931 458 uiscum
1975 376 2457 461 LucoquNSIs
2493 384 2799 447 EPISCOPI
3090 461 3095 463 Α
3347 367 3353 370 ’
3653 380 3751 440 tos

554 536 685 594 pum
712 525 933 592 propter
958 500 1267 590 quamlibet.
1287 524 1510 571 causam
1540 494 1655 581 ﬁat,
1688 513 1831 585 apud
1858 519 2132 584 metropo-
2159 513 2209 575 Α
2237 502 2380 564 sedis
2413 504 2689 567 Romanae,
2733 505 3027 568 contraque
3071 490 3489 594 leges—quibus
3539 505 3632 545 una
3665 507 3752 551 cum

557 615 801 677 litantim,
840 612 925 668 vel
964 586 1251 683 primatem
1296 608 1586 681 provincia:
1615 609 1911 665 sewndum
1959 618 2143 664 sacras
2248 600 2417 658 sacris
2447 592 2649 671 regulis
2676 602 2862 654 sancta
2888 592 3199 649 moderatur
3247 586 3516 651 Ecclesia,
3544 600 3644 641 sum
3666 602 3752 657 spo-

558 705 772 779 regulas
794 678 1014 761 causam
1044 700 1278 773 iudicari
1299 678 1524 757 debere.
1567 698 1635 755 Et
1666 698 1711 755 si
1735 698 1863 770 quid
1886 696 2144 771 iudicatis
2246 682 2425 751 liatus.
2474 690 2532 747 ln
2578 690 2773 762 quibus
2802 682 2934 743 mihi
2959 680 3257 741 ostenderit
3290 679 3443 736 illum
3491 684 3571 734 me
3600 678 3755 735 irratio-

532 774 843 872 episc0pus
872 796 1283 862 contradixerit,
1319 796 1385 851 ad
1415 790 1790 859 beatissimum
1843 793 1987 849 sedis
2036 791 2146 847 Ro-
2247 789 2499 846 nabiliter
2543 785 2850 847 offendisse,
2887 779 3190 837 voluntarie
3216 789 3619 847 recognoscam,
3642 782 3683 827 et
3701 774 3749 838 ei,

562 866 1086 963 mante-pontiﬁcem
1158 904 1322 945 causa
1386 887 1657 943 referatur
1697 905 1708 941 :
1743 880 1942 951 et,ille
1990 885 2145 956 juxta
2247 886 2388 942 sicut
2414 881 2631 939 domino
2679 888 2735 935 et
2781 875 2981 963 seniori
3008 890 3072 930 ac
3098 874 3209 945 regi
3264 885 3389 925 meo
3428 866 3597 923 facere
3618 866 3749 931 debet,

561 956 796 1040 canones
822 988 876 1037 et
908 981 1053 1053 leges
1081 978 1208 1036 huic
1228 988 1407 1035 causa:
1436 978 1673 1050 prtebeat
1704 972 1886 1032 tinent.
2248 975 2529 1035 humiliter
2552 970 2906 1031 satisfaciam.
2946 956 3014 1024 Et
3043 966 3235 1023 deinde
3258 964 3405 1019 sicut
3430 960 3612 1033 regula:
3632 958 3757 1029 iuben

630 1072 923 1146 Postquam
952 1086 1082 1129 vero
1111 1076 1216 1127 una
1268 1078 1390 1127 cum
1442 1068 1859 1141 metropolitano
1903 1072 2024 1123 meo
2077 1066 2146 1123 ad
2250 1073 2385 1129 meis
2423 1072 2659 1144 legitime
2690 1060 2844 1133 usus,
2880 1075 2935 1121 et
2978 1064 3055 1119 uti
3105 1059 3441 1135 praecipiunt
3496 1071 3693 1111 canones
3723 1056 3757 1109 in

560 1162 707 1224 hunc
727 1144 907 1223 locum
931 1166 1078 1232 veni,
1112 1154 1202 1221 ubi
1248 1164 1356 1220 Deo
1387 1163 1643 1234 placitum
1689 1162 2016 1218 conventum
2060 1175 2150 1214 ve-
2249 1162 2527 1237 provincia
2554 1176 2674 1217 mea
2703 1156 3024 1231 regulariter
3043 1152 3111 1208 ad
3143 1150 3417 1225 synodum
3464 1154 3697 1208 evocatus,
3718 1144 3759 1200 de

547 1266 733 1316 's'trum
764 1257 929 1325 adivi,
969 1257 1256 1314 consilium
1279 1297 1292 1321 ,
1326 1258 1382 1311 et
1420 1256 1742 1310 consensum
1774 1246 1917 1319 apud
1940 1258 2062 1317 vos,

2251 1258 2662 1331 quibuscunque
2722 1251 2921 1307 ibidem
2976 1247 3128 1303 fuero
3192 1239 3589 1331 interpellatus,
3636 1253 3756 1293 coram

560 1365 658 1422 per
688 1356 925 1407 Vestram
955 1350 1315 1406 reverentiam
1356 1347 1495 1419 apud
1547 1345 1748 1402 domini
1787 1340 1958 1400 nostri
2006 1342 2150 1415 regis
2255 1323 2389 1407 meis
2425 1347 2697 1421 iudicibus
2720 1342 2941 1400 reddam
2980 1337 3241 1397 canonice
3269 1323 3554 1399 rationem,
3589 1339 3635 1387 et
3654 1345 3759 1387 cam-

563 1443 904 1500 clementiam
928 1444 1273 1513 quaesiturus,
1300 1441 1429 1513 quid
1458 1455 1543 1495 me
1568 1446 1812 1511 oporteat
1867 1436 2067 1502 facere,
2096 1442 2153 1490 et
2252 1442 2435 1498 nicum
2472 1452 2670 1510 sequar
2697 1434 2981 1506 judicium.

564 1541 835 1611 quomodo
860 1538 1069 1595 valeam
1093 1538 1300 1604 vivere,
1324 1537 1485 1594 rebus
1508 1544 1564 1592 et
1583 1533 1859 1605 obsequiis
1887 1528 2150 1587 ecclesia-
2322 1524 2599 1605 Alioquin,
2643 1530 2941 1591 secundum
2994 1540 3177 1583 sacros
3222 1534 3492 1586 canones,
3529 1527 3579 1575 et
3614 1516 3758 1574 decreta

569 1631 1048 1691 sticisinconsulto
1065 1630 1354 1705 episcopali
1376 1628 1580 1700 judicio
1608 1627 1873 1700 spoliatus
1900 1644 1914 1682 :
1947 1640 2053 1681 non
2080 1625 2148 1681 ab
2255 1604 2641 1688 sanctaeisedis
2685 1611 2948 1682 Romana:
2995 1617 3322 1695 pontiﬁcum
3354 1604 3419 1670 Β.
3452 1613 3585 1669 Petri
3608 1611 3760 1683 apostoli

571 1727 770 1800 ignotis
799 1725 881 1781 vel
912 1704 1131 1782 incertis
1166 1725 1414 1797 personis
1458 1740 1525 1781 ex
1559 1732 1714 1795 parte
1740 1720 1946 1778 domini
1979 1717 2153 1777 nostri
2255 1736 2517 1780 memoria
2543 1716 2935 1782 honoretur,'et
2952 1722 3011 1769 ut
3026 1712 3159 1771 mihi
3187 1710 3346 1766 nulla
3366 1707 3437 1763 ab
3464 1706 3566 1761 ullo
3587 1704 3759 1760 violentia

565 1820 709 1889 regis
738 1818 869 1874 mihi
899 1827 982 1874 est
1007 1796 1335 1884 nuntiatum,
1363 1826 1423 1872 ut
1454 1832 1539 1872 me
1581 1831 1706 1888 erga
1739 1831 1863 1871 eum
1892 1828 2152 1885 recogno—
2230 1812 2520 1889 inferatur
2546 1808 2766 1882 propria
2788 1821 2921 1864 voce
2951 1813 3113 1876 atque
3136 1801 3326 1858 libello
3361 1796 3675 1872 apostolicam
3702 1810 3755 1851 se

569 1886 740 1975 scam,
772 1918 826 1966 et
869 1911 919 1966 ei
965 1901 1245 1966 humiliter
1298 1886 1663 1965 satisfaciam.
1704 1906 1899 1963 Audivi
1965 1905 2153 1970 etiam,
2185 1886 2235 1954 Β
2261 1904 2385 1962 detu
2418 1902 2646 1974 appello.
2673 1900 2742 1957 Et
2773 1900 2875 1956 hac
2916 1895 3317 1988 professionem
3362 1899 3521 1988 atque

569 2001 989 2072 quiahomines,
1027 2015 1256 2072 quorum
1292 2000 1456 2056 cauSa
1482 1998 1771 2055 adversum
1802 2002 1889 2055 me
1912 1997 2157 2054 domina-
2265 2014 2392 2056 nem
2444 2010 2625 2053 meam
2671 1995 2869 2050 domno
2928 1981 3114 2047 nostro
3171 1987 3297 2060 regi
3356 1981 3757 2042 Chistianissimoa

570 2092 730 2149 tionis
760 2108 867 2151 sum
899 2092 1111 2148 animus
1142 2100 1249 2157 est
1279 2101 1603 2157 commotus,
1635 2090 1742 2148 huc
1787 2090 2059 2157 venerint,
2098 2097 2159 2144 ut
2265 2093 2501 2165 primate
2551 2087 2847 2161 provinciae
2867 2100 3023 2149 meat,
3051 2082 3139 2140 cui
3170 2082 3323 2138 hanc
3344 2077 3576 2151 porrigo,
3604 2074 3759 2131 ὼπίὼο

569 2187 854 2243 adversum‘
881 2201 967 2241 me
1006 2186 1238 2241 debeant
1270 2185 1443 2256 queri.
1474 2178 1625 2240 Unde
1678 2181 1933 2254 quoniam
1952 2180 2159 2253 judicio
2266 2164 2433 2258 posco
2468 2203 2481 2239 :
2512 2182 2665 2239 vobis
2696 2196 2805 2236 una
2835 2194 2958 2235 cum
3000 2192 3066 2234 eo
3088 2175 3265 2248 ipsius
3305 2168 3495 2229 domui
3536 2167 3671 2225 nostri
3696 2164 3759 2222 cle-

570 2280 805 2353 regulari
831 2279 1092 2350 meipsum
1122 2277 1523 2347 constringo,et
1551 2276 1807 2332 sententia
1828 2276 1939 2331 sine
1962 2276 2160 2347 scripto
2268 2280 2530 2337 mentiam
2568 2272 2982 2348 postulantibus,
3015 2279 3077 2327 ut
3097 2276 3332 2343 propter
3362 2265 3460 2322 Dei
3486 2277 3695 2323 amorem,
3713 2268 3760 2314 at-

568 2369 732 2437 dicta,
766 2368 919 2440 juxta
948 2368 1289 2457 definitiones
1315 2367 1656 2425 inviolabiles
1688 2383 1777 2422 nec
1816 2382 2003 2423 nomen
2034 2364 2156 2439 [al.,
2270 2386 2375 2445 que
2404 2377 2607 2428 sancta:
2636 2366 2844 2432 Mariaa,
2867 2372 2924 2420 et
2966 2370 3286 2419 sanctorum
3331 2354 3757 2429 apostolorumon-

576 2478 641 2516 ne
663 2478 850 2516 nomen
871 2448 1105 2536 quidem]
1136 2462 1403 2517 sententia:
1450 2454 1638 2517 habere
1685 2471 1913 2516 meretur
1939 2458 2185 2533 ((ἓιιεαη·
2264 2443 2524 2533 niumque
2554 2458 2718 2516 simul
2739 2464 3052 2515 sanctorum
3078 2451 3516 2515 venerationem,
3542 2445 3647 2503 mihi
3666 2443 3756 2514 leges

570 2553 607 2608 Ι.
634 2569 693 2620 ιι,
718 2570 798 2625 ep.
833 2552 922 2621 54,
954 2554 1145 2610 indict.
1174 2548 1251 2624 6),
1302 2550 1493 2610 humili
1528 2538 1920 2625 supplicatione
1949 2552 2154 2622 scripto
2263 2556 2664 2616 ecclesiasticas
2688 2562 2894 2620 servet,
2920 2552 3012 2624 qui
3041 2551 3193 2623 regia
3214 2549 3430 2622 pietate
3450 2541 3757 2611 cunctist

570 2644 879 2716 respondeo
926 2664 938 2702 :
984 2644 1099 2703 Sim
1151 2647 1413 2704 canonice
1469 2647 1784 2715 revestitus,
1838 2645 1909 2702 de
1959 2646 2157 2717 quibus
2262 2666 2511 2725 servare,
2536 2657 2592 2708 et
2615 2645 3045 2707 misericordiam
3066 2643 3340 2701 exhibere
3368 2649 3614 2700 monetur.

571 2746 759 2795 contra
781 2753 968 2797 sacros
992 2750 1250 2809 canones,
1276 2750 1333 2798 et
1362 2730 1580 2798 decreta
1609 2738 1928 2813 pontiﬁcum
1952 2746 2156 2795 sanctae

705 2910 762 2939 ΙΙΙ
806 2910 813 2939 Ι
864 2912 887 2939 Il
932 2910 949 2939 Ε
1084 2912 1109 2939 II
1168 2908 1175 2939 ἰ
1412 2914 1419 2919 ,
1612 2912 1619 2919 ,
1686 2912 1695 2917 ,
1734 2912 1741 2917 _
1772 2912 1779 2917 ,
1832 2906 1863 2917 μμ
1936 2906 2029 2917 ν...ι.
2122 2906 2127 2911 ι
2332 2908 2343 2931 1
2372 2906 2381 2913 ν
2422 2904 2450 2915 ..
2486 2908 2493 2932 i
2526 2904 2567 2915 ..ι
2644 2902 2671 2911 ς.
2850 2896 2949 2927 3:...
3072 2898 3101 2905 ιι-
3202 2898 3227 2903 γι
3268 2898 3273 2901 ι
3688 2897 3749 2913 -η

2088 3049 2277 3129 vn.
2976 3148 2985 3157 ,

1413 3230 1951 3315 ξΞΑΤΙΒΕΑΕΤΙΟ
1985 3228 2388 3293 HINLMARI
2424 3225 2994 3292 LAUDUNENSIS.

695 3381 862 3439 Verba
892 3378 1271 3452 satisfactionis
1299 3376 1579 3434 Hincmari
1600 3375 1967 3433 Laudunemis
1998 3372 2245 3445 episcopi,
2273 3372 2465 3428 domno
2502 3369 2695 3428 Carolo
2721 3371 2829 3444 regi
2866 3387 2958 3442 per
2982 3368 3221 3426 Odonem
3258 3371 3548 3440 episcopum
3566 3365 3695 3420 enim.

1958 3484 2083 3513 κη
2180 3482 2311 3510 .μ,.
2399 3476 2475 3509 ι,

656 3607 889 3673 Domne,
934 3620 1036 3677 ego
1085 3603 1355 3662 commovi
1403 3602 1643 3659 animum
1699 3610 1975 3667 vestrum,
2028 3601 2172 3672 quod
2198 3605 2246 3668 ς,
2276 3595 2604 3654 incantolam
2634 3611 2732 3653 vos
2755 3593 2975 3652 offendi.
3030 3593 3098 3648 Et
3126 3602 3401 3664 quantum
3444 3604 3532 3645 vos
3564 3585 3754 3657 benignum
3788 3594 3791 3599 '

587 3701 716 3755 mihi
767 3715 871 3755 non
905 3698 1084 3755 fuerat
1108 3714 1264 3770 opus,
1293 3705 1349 3755 et
1377 3712 1485 3753 non
1509 3712 1606 3768 per
1629 3694 2023 3761 inﬁdelitatem,
2067 3710 2166 3751 nec
2280 3691 2467 3757 habui,
2502 3698 2713 3745 tantum
2743 3698 2925 3761 postea
2952 3684 3220 3743 oﬂ‘ensum
3247 3686 3421 3742 sensi.
3452 3684 3514 3739 Et
3531 3681 3753 3747 indepremt

584 3803 845 3867 quantum
873 3793 1233 3849 intentionem
1269 3791 1469 3846 mentis
1490 3805 1626 3845 mea:
1648 3804 1973 3862 cognoscere
1998 3787 2169 3859 potui,
2281 3793 2522 3840 vestram
2546 3782 2873 3846 mercedem,
2904 3789 2965 3838 ut
2990 3791 3168 3835 vester
3187 3779 3410 3835 animus
3435 3780 3499 3833 sit
3522 3773 3626 3830 mihi
3643 3769 3754 3840 placa

584 3885 655 3941 ad
694 3894 935 3941 vestram
979 3881 1461 3939 dehonorationem
1491 3894 1509 3937 :
1537 3880 1635 3938 sed
1680 3879 1819 3938 forte
1853 3896 1945 3951 pet
1994 3895 2173 3938 meam
2288 3888 2394 3946 tus,
2418 3885 2474 3934 et
2494 3892 2589 3933 vos
2614 3878 2813 3932 iterum
2836 3874 3071 3932 sentiam
3104 3873 3240 3930 mihi
3263 3888 3391 3929 esse
3416 3871 3669 3940 occipiunt.

2064 4168 2179 4241 VI
2191 4168 2304 4244 ΙῙ.

1179 4300 1568 4409 ῈΡιδΤοιΑ
1601 4343 2000 4407 HINCMABI
2038 4343 2586 4408 LAUDUNENSIS
2627 4344 2739 4407 AD
2784 4342 3310 4409 RHEMENSEM.

595 4506 889 4587 Respondet
915 4511 983 4569 ad
1014 4512 1291 4570 Hincmari
1321 4509 1591 4583 epistolam
1618 4512 1994 4584 quinquaginta
2019 4509 2246 4583 quinque
2271 4510 2500 4583 capitum
2528 4520 2578 4567 et
2616 4511 2685 4568 ad
2712 4510 2822 4569 alia
2849 4524 2968 4584 qua:
2998 4520 3182 4568 contra
3214 4512 3391 4583 ipsum
3415 4510 3581 4581 scripta
3600 4502 3751 4559 rel-If“-

664 4688 1123 4750 Reverenttsstmo
1148 4682 1483 4747 Rbemorum
1513 4691 1920 4763 archiepiscopo
1964 4684 2184 4748 domino
2212 4696 2264 4757 ι)
2292 4710 2446 4761 nem;
2476 4692 2732 4749 videlicet
2754 4694 2835 4749 uti
2863 4691 3286 4758 Antiochenam,
3306 4691 3449 4764 quod
3476 4688 3585 4746 satis
3604 4677 3752 4738 εώιιηὸδ

597 4787 745 4844 Patri
787 4784 1095 4854 llmcumo,
1147 4782 1462 4841 llmcuaus
1504 4781 1884 4841 Laudunensis
1929 4772 2185 4842 Ecclesiae
2292 4800 2397 4856 que
2424 4784 2687 4855 recipitis,
2709 4783 2956 4840 decernit
2983 4783 3297 4850 concilium,
3319 4768 3749 4853 inquiens(cau.ii}:

599 4882 857 4937 minimus
881 4881 1260 4951 episcoporum
1287 4877 1341 4933 in
1367 4877 1597 4934 Domino
1623 4875 1751 4933 Jesu
1774 4875 1992 4934 Christo
2021 4878 2186 4936 totius
2298 4895 2317 4929 ‹
2353 4874 2656 4947 Episcopus
2683 4874 3184 4933 ecclesiasticarum
3212 4889 3401 4929 rerum
3429 4873 3591 4927 habeat
3611 4867 3751 4936 poles”

599 4974 879 5031 felicitatis
905 4973 1321 5044 plenitudinem.
2064 5008 2069 5013 ς
2294 4978 2437 5036 tem,
2489 4969 2557 5023 ad
2601 4966 3022 5039 dispensandum
3052 4983 3185 5040 erga
3224 4982 3418 5023 omnes
3456 4964 3535 5036 qui
3570 4958 3748 5025 indigni.

676 5066 750 5122 De
802 5067 886 5121 his
933 5081 1054 5136 quae,
1098 5067 1253 5122 vobis
1296 5081 1395 5138 per
1439 5065 1717 5122 Hittonem
1765 5048 2009 5122 ecclesiae
2052 5065 2188 5121 mihi
2296 5075 2418 5115 cum
2450 5076 2656 5115 summa
2694 5059 2999 5115 reverentia
3026 5066 3083 5113 et
3114 5059 3314 5114 timore
3341 5057 3455 5113 Dei.
3484 5076 3503 5108 ι
3546 5046 3746 5109 [indein

3682 5152 3691 5155 Α
3696 5140 3744 5156 ...Δ
