3904 5304
111 344 258 403 1029

1282 333 1646 393 OPUSCULA
1684 333 1772 389 ET
1809 326 2193 390 EPISTOLIE.

3229 318 3366 379 1050

106 431 396 516 hominum
424 455 677 527 pretiosa:
717 452 795 509 illi
837 459 967 509 sunt
999 453 1251 519 creditae,
1300 450 1471 507 multo
1519 453 1691 521 magis
1717 451 1769 513 A
1795 466 1923 507 suus
1962 464 2025 505 ac
2052 454 2235 504 vester
2263 444 2470 500 missus
2497 443 2550 498 in
2580 443 2754 523 ipsum
2785 454 2979 511 pagum
3012 438 3187 505 irent,
3218 444 3271 495 et
3297 451 3367 495 ex

106 559 330 624 oportet
355 564 480 605 eum
509 562 697 604 curam
726 547 1077 618 pecuniarum
1106 560 1321 616 gerere,
1351 544 1425 599 ita
1450 553 1511 600 ut
1534 553 1690 614 pote-

108 652 258 701 state
283 643 400 714 eius
430 640 794 711 indigentibus
821 639 1011 695 emnia.
1027 639 1406 709 dispensentur
1441 651 1538 707 per
1576 648 1697 705 pre-

106 733 367 804 sbyteros
392 739 450 787 et
470 730 751 796 diaconos,
777 737 831 785 et
859 736 983 785 cum
1011 729 1204 785 timere
1222 728 1478 798 annique
1499 726 1696 782 sollici-

106 826 304 880 tudine
334 822 730 877 ministrentur.
786 820 893 877 Sed
920 829 977 877 et
1007 819 1260 876 mandavi
1286 833 1384 891 per
1411 817 1693 889 prrefatum

105 913 294 978 vobis,
322 913 469 983 quod
496 911 639 968 forte
663 910 864 981 oblitus
899 908 1000 966 fuit
1038 911 1204 966 etiam
1243 911 1343 966 ista
1372 950 1389 976 ,
1436 909 1693 980 quoniam

107 1013 360 1075 tempore
396 1003 486 1059 ilio
525 1010 635 1074 quo
670 1002 901 1059 domnus
936 1012 1031 1059 res
1060 1015 1091 1057 a
1122 1017 1289 1074 regno
1328 1003 1435 1058 hoc
1470 1001 1697 1058 recessit

104 1112 207 1170 pro
235 1111 337 1153 sua
365 1081 710 1162 necessitate,
736 1097 864 1152 mihi
887 1097 1288 1153 commendavit
1310 1097 1559 1154 homines
1582 1095 1697 1166 plu-

106 1204 199 1246 res
224 1197 539 1260 acceptare,
560 1203 725 1260 quam
754 1187 857 1244 loci
888 1189 994 1245 mei
1021 1190 1299 1259 quantitas
1326 1190 1496 1262 possit
1525 1189 1694 1246 susti-

106 1295 268 1349 nere,
300 1282 573 1352 spondens
602 1290 730 1337 tunc
759 1297 819 1337 se
847 1281 980 1336 mihi
1013 1281 1264 1337 daturum
1314 1282 1458 1338 unde
1499 1297 1597 1338 eos
1639 1282 1693 1337 in

109 1372 391 1444 reliquum
421 1386 635 1443 possem
667 1373 972 1443 deportare.
1015 1370 1125 1428 Nec
1154 1373 1315 1429 modo
1345 1373 1520 1429 habeo
1554 1371 1696 1427 unde

107 1466 190 1521 eis
235 1463 591 1532 sufﬁcientia,
638 1465 751 1520 uno
791 1480 891 1521 nec
937 1465 1289 1521 subsistentia
1330 1465 1598 1529 tribuam,
1641 1471 1698 1519 et

113 1557 254 1612 mihi
299 1556 372 1611 ad
415 1556 635 1612 servitia
664 1558 760 1611 sua
790 1556 1101 1628 peragenda
1130 1554 1448 1625 necessaria
1486 1568 1693 1624 prmpa-

106 1660 271 1713 rem;
308 1655 368 1703 et
551 1647 679 1703 mihi
722 1647 939 1703 licuerit
965 1647 1220 1703 ordinare
1247 1646 1482 1718 qualiter
1508 1646 1695 1701 vivere

106 1739 349 1808 possim,
394 1739 536 1795 unde
566 1740 762 1794 itinera
797 1748 905 1795 tam
934 1740 1126 1796 crebra
1153 1752 1416 1812 peragere
1440 1738 1654 1795 valeam
1677 1778 1692 1805 ,

1800 544 1884 600 his
1916 544 1993 599 rei
2024 543 2308 598 veritatem
2339 538 2757 610 investigarent,
2803 546 2857 589 et
2889 533 3147 606 quidquid
3182 534 3369 589 inven-

1800 644 1912 691 tum
1942 634 2161 701 fuisset,
2197 632 2342 703 quod
2371 646 2438 687 ex
2463 631 2664 685 eisdem
2695 618 3022 702 rebusjuste
3052 635 3106 681 et
3134 628 3371 683 rationa-

1797 727 1979 784 biliter
2011 727 2080 782 ad
2113 725 2521 782 Laudunensem
2562 720 2856 777 Ecclesium
2889 719 3215 790 pertineret,
3262 736 3371 775 non

1799 821 1972 879 solum
2013 836 2118 876 non
2151 819 2473 883 discuteret,
2523 830 2711 872 verum
2754 824 2808 870 et
2853 813 3086 868 libenter
3128 827 3223 869 eas
3274 812 3374 883 ipsi

1799 912 2053 968 Ecclesia:
2084 910 2379 966 concedere
2402 907 2594 975 vellet;
2643 914 2697 963 et
2733 921 2834 976 ego
2868 920 2936 961 ex
2968 904 3054 959 his
3082 912 3211 960 tunc
3241 902 3376 958 nihil

1798 1002 2120 1060 contradixi.
2160 1001 2206 1055 A
2234 999 2341 1056 ﬁne
2369 998 2697 1073 respondere
2726 997 2944 1069 incipio.
2987 990 3067 1052 Ex
3096 997 3214 1052 istis
3242 995 3377 1052 nihil

1798 1094 2119 1160 eontradixi,
2141 1093 2268 1164 quia
2289 1092 2423 1148 nihil
2450 1092 2503 1147 in
2531 1092 2673 1148 hunc
2698 1091 2913 1147 modum
2935 1106 3001 1146 ex
3023 1089 3153 1159 ipsis
3174 1074 3374 1143 audivi.
3470 1146 3481 1162 χ

1797 1187 1946 1242 Dixit
1973 1186 2190 1257 quidem
2222 1201 2338 1251 rex,
2371 1186 2498 1240 dum
2529 1185 2596 1241 de
2626 1184 2937 1255 receptione
2967 1181 3206 1253 ejusdem
3239 1180 3379 1237 villa:

1797 1285 2069 1349 ageretur,
2091 1276 2235 1347 quod
2260 1276 2366 1332 alia
2391 1276 2533 1332 sicut
2551 1275 2921 1332 Nortmannus
2949 1264 3163 1330 dicebat
3188 1289 3377 1344 super-

1795 1368 2168 1439 prendissem,
2206 1384 2326 1439 qum
2368 1369 2422 1424 in
2467 1383 2589 1425 meo
2629 1384 2736 1425 non
2783 1367 3202 1424 continebantur
3236 1381 3379 1439 prm-

1797 1382 2168 1439 prenuissem,
2206 1384 2326 1439 qua:
2368 1385 2422 1424 in
2467 1383 2589 1425 meo
2629 1384 2736 1425 non
2783 1382 3202 1424 continebantur
3277 1382 3379 1420 rm-

1797 1468 1976 1528 eepto,
2013 1467 2069 1514 et
2105 1476 2204 1531 ego
2240 1460 2527 1532 respondi,
2571 1461 2714 1531 quod
2753 1460 3058 1515 nullatenus
3088 1457 3194 1514 hoc
3222 1382 3380 1512 ficis.

1798 1565 1941 1616 sem,
1987 1551 2090 1606 nisi
2118 1552 2258 1622 quod
2295 1552 2365 1608 ad
2401 1554 2646 1609 eamdem
2675 1551 2859 1608 villam
2895 1536 3236 1623 pertinebat,
3289 1556 3383 1606 aut

1799 1644 2205 1700 denominatum
2235 1645 2289 1699 in
2325 1660 2447 1702 meo
2475 1647 2856 1702 continebatur
2883 1656 3153 1716 praecepto
3179 1660 3193 1698 :
3239 1652 3293 1700 et
3336 1643 3383 1700 si

1799 1735 1876 1793 illi
1901 1736 2163 1807 placeret,
2183 1737 2359 1807 ipsum
2385 1746 2715 1810 prmeeptum
2739 1746 2924 1808 posset
2944 1737 3148 1792 videre.
3180 1735 3245 1790 Et
3269 1736 3385 1806 ipse

105 1846 225 1886 non
255 1840 478 1903 possunt
515 1832 591 1887 illi
635 1832 933 1902 temporale
972 1832 1201 1889 reddere
1235 1833 1516 1889 servitium
1538 1871 1552 1899 ,
1590 1842 1697 1887 nec
1723 1817 1772 1877 Β
1800 1830 2080 1900 respondit
2116 1830 2316 1887 bonum
2345 1846 2467 1887 esse
2496 1841 2554 1886 ut
2585 1831 2759 1900 ipsum
2789 1837 3120 1902 praeceptum
3148 1827 3380 1883 videret.

106 1919 319 1989 laetum
360 1924 446 1980 eui
483 1924 739 1996 indignus
763 1923 1047 1994 prtesldeo,
1076 1925 1219 1981 unde
1247 1927 1526 1981 continere
1553 1941 1694 1997 prai-

105 2016 325 2073 valeam
350 2017 547 2074 habeo.
602 2016 744 2085 Quin
784 2025 840 2074 et
881 2033 990 2084 res,
1031 2033 1154 2088 quae
1202 2027 1258 2073 et
1304 2028 1413 2073 tam
1461 2018 1594 2073 mihi
1643 2026 1698 2074 et

105 2108 330 2165 clericis
365 2110 504 2167 meis
532 2110 803 2180 stipendia
838 2109 1229 2176 conferebant,
1266 2126 1335 2165 ac
1360 2109 1694 2167 antecessori

103 2212 255 2264 meo,
289 2213 321 2253 a
348 2214 436 2254 me
461 2198 804 2264 auferuntur,
846 2209 901 2255 et
927 2200 977 2255 ei
1006 2209 1276 2271 potestate
1302 2200 1451 2272 regia
1479 2200 1692 2267 dantur,

104 2286 197 2358 qui
231 2301 340 2343 nec
366 2302 534 2343 unum
566 2302 813 2345 mansum
843 2290 912 2346 ab
940 2297 1286 2347 anteeessore
1323 2298 1446 2346 meo
1480 2291 1547 2346 de
1580 2291 1699 2363 ipso

102 2380 427 2451 episcopatu
470 2381 715 2438 obtinere
764 2383 962 2455 potuit.
1019 2384 1292 2440 Prmterea
1339 2394 1397 2440 et
1441 2400 1529 2441 res
1577 2400 1698 2455 qum

106 2468 404 2526 luminaria
451 2471 693 2528 ecclesiae
741 2474 1122 2531 ministrabant
1173 2476 1224 2531 ei
1274 2476 1488 2542 dantur,
1538 2491 1699 2548 quem

106 2570 288 2633 neque
318 2570 417 2635 per
447 2570 558 2620 tres
594 2580 768 2621 annos
816 2566 885 2622 ad
921 2583 1009 2624 me
1054 2577 1117 2623 ut
1152 2568 1367 2623 veniret
1407 2568 1700 2639 impetrare

106 2655 283 2725 quivi,
309 2656 588 2713 dimittens
616 2672 737 2729 qua:
760 2660 923 2715 etiam
950 2661 1004 2715 in
1031 2660 1435 2716 constructione
1458 2660 1701 2717 ecclesiae

108 2746 327 2815 operari
352 2747 574 2814 debuit,
618 2756 674 2803 et
704 2750 921 2805 easdem
953 2764 1043 2806 res
1078 2765 1217 2822 quas
1247 2757 1393 2805 tenet
1432 2764 1556 2807 cum
1583 2750 1701 2820 ipsa

109 2836 341 2895 ecclesia
383 2853 504 2909 qum
545 2840 599 2895 in
648 2839 782 2911 ipsis
822 2841 1205 2898 continebatur
1237 2841 1545 2898 destructis.
1595 2840 1701 2897 Alii

110 2943 331 3000 quoque
382 2931 531 3002 regia
565 2939 836 3001 potestate
883 2933 1105 3000 dantur,
1165 2933 1258 3004 qui
1304 2944 1433 2990 ecce
1470 2946 1568 3004 per
1597 2942 1699 2988 un-

110 3022 288 3078 decim
329 3031 501 3079 annos
540 3025 648 3082 huc
676 3024 913 3097 illucque
945 3038 1046 3098 pro
1093 3042 1193 3084 suo
1241 3027 1396 3083 libita
1445 3027 1702 3083 deambu-

109 3113 227 3174 lans
257 3118 330 3173 ad
365 3134 455 3174 me
493 3134 596 3175 nec
635 3120 805 3176 semel
842 3120 1028 3177 venire
1067 3120 1321 3193 dignatus
1352 3129 1469 3187 est,
1510 3121 1605 3176 sed
1646 3128 1703 3176 et

1798 1919 1867 1975 Et
1889 1928 2011 1991 post
2035 1921 2139 1977 hoc
2163 1921 2267 1976 alia
2295 1928 2457 1992 atque
2478 1921 2583 1976 alia
2605 1921 2922 1993 interposita
2944 1918 3185 1984 fuerunt,
3206 1933 3378 1991 usque

1798 2011 1927 2066 dum
1955 2013 2024 2067 ad
2054 2014 2158 2068 hoc
2185 2021 2505 2083 perventum
2546 2021 2663 2078 est,
2696 2020 2757 2067 ut
2780 2011 2986 2067 diceret
3013 2024 3072 2066 se
3097 2002 3230 2064 mihi
3258 2016 3386 2064 con-

1800 2105 1995 2162 cedere
2023 2105 2270 2162 eamdem
2303 2104 2509 2171 villam,
2539 2113 2594 2160 et
2622 2102 2883 2175 quidquid
2913 2104 2968 2158 in
2998 2116 3121 2158 meo
3149 2100 3389 2157 contine-

1798 2196 1963 2251 batur
1999 2203 2290 2266 praacepto,
2324 2202 2521 2266 praeter
2569 2194 2658 2250 illa
2703 2194 2941 2264 quinque
2988 2204 3218 2259 mansa,
3264 2206 3384 2261 quae

1799 2286 2099 2359 Ansgarius
2128 2287 2290 2343 homo
2319 2302 2450 2343 suus
2479 2286 2777 2342 retinebat:
2811 2286 2877 2342 de
2904 2284 3011 2341 illis
3037 2294 3215 2339 autem
3241 2281 3388 2339 vole-

1798 2377 1912 2444 bat,
1937 2386 1997 2432 ut
2016 2378 2070 2434 id
2095 2378 2270 2449 ipsum
2294 2379 2521 2434 verbum
2547 2393 2765 2451 ponam,
2786 2386 2846 2433 ut
2872 2377 2952 2434 sic
2980 2384 3190 2433 starent
3214 2390 3388 2444 usque

1801 2471 1927 2526 dum
1972 2486 2070 2543 per
2096 2471 2293 2528 missos
2322 2486 2448 2526 suos
2479 2485 2601 2526 cum
2632 2477 2816 2526 vestro
2861 2479 2917 2525 et
2964 2482 3086 2525 meo
3133 2467 3257 2522 inde
3307 2466 3389 2523 rei

1799 2564 2084 2619 veritatem
2116 2563 2456 2633 inquireret,
2501 2572 2557 2619 et
2601 2562 2648 2618 si
2696 2562 2860 2618 etiam
2899 2568 3081 2631 posset
3118 2558 3387 2623 invenire,

1800 2655 1943 2725 quod
1974 2653 2041 2709 ad
2067 2654 2251 2710 villam
2283 2653 2597 2710 Pauliacum
2633 2652 2780 2724 juste
2820 2654 3157 2726 pertinerent
3180 2692 3195 2719 ,
3252 2646 3390 2707 mihi

1797 2748 2166 2818 perredderet.
2202 2747 2336 2805 lllud
2358 2756 2537 2805 autem
2566 2758 2914 2821 praeceptum,
2940 2740 3178 2819 quandiu
3200 2730 3389 2817 postea

1801 2839 1857 2896 in
1879 2838 2154 2896 Attiniaco
2180 2837 2293 2906 fui,
2334 2854 2366 2894 a
2404 2854 2492 2894 me
2521 2854 2629 2894 non
2658 2836 2983 2909 requisivit,
3035 2852 3209 2908 usque
3257 2834 3387 2893 dum.

1800 2933 2114 2991 Flotbarius
2146 2934 2365 2990 easdem
2405 2948 2494 2988 res
2534 2931 2740 2988 homini
2780 2923 3107 2987 Nortmanni
3142 2930 3387 2988 recensi-

1800 3029 2006 3101 guavit.
2047 3026 2200 3096 Quod
2228 3035 2554 3099 praeceptum
2582 3016 2868 3081 Berthario
2894 3016 3063 3081 misso
3089 3039 3213 3081 meo
3240 3022 3390 3081 defe-

1803 3129 1957 3174 rente
2004 3133 2102 3190 per
2142 3133 2334 3174 manus
2374 3115 2633 3173 Harduici
2680 3114 3072 3187 archiepiscopi
3104 3132 3200 3172 rex
3230 3115 3387 3172 vobis

112 3205 221 3264 ﬁlio
248 3224 374 3275 suo,
412 3210 507 3280 qui
545 3224 645 3282 pro
683 3211 776 3267 illo
815 3212 1020 3269 servire
1058 3190 1197 3268 mihi
1219 3212 1405 3269 debuit
1429 3250 1444 3279 ,
1492 3211 1694 3267 nullam
1727 3190 1777 3254 C
1803 3208 2161 3280 prmsentibus
2207 3217 2392 3279 postea
2442 3208 2499 3264 in
2550 3209 2739 3264 eodem
2788 3209 3063 3265 Attiuiaco
3110 3209 3285 3266 vidit:
3335 3218 3393 3268 et

113 3303 564 3359 sustentationem
592 3301 763 3359 fecit:
801 3305 942 3360 unde
970 3313 1027 3362 et
1056 3304 1190 3377 ipse,
1227 3304 1354 3376 quia
1393 3316 1499 3360 non
1536 3303 1699 3360 habe-

114 3392 235 3473 bam
266 3404 330 3451 ut
356 3396 406 3451 ei
433 3396 582 3452 aliud
616 3397 939 3454 beneﬁcium
969 3396 1191 3464 darem,
1240 3412 1271 3453 a
1319 3412 1407 3453 me
1452 3395 1695 3453 recessit.

117 3482 271 3542 Tales
294 3474 457 3559 igitur
476 3486 678 3543 nullam
705 3489 839 3544 mihi
868 3495 963 3544 aut
989 3488 1233 3547 ecclesia:
1253 3500 1389 3544 mea
1411 3486 1698 3543 utilitatem

118 3577 478 3647 conferentes,
510 3583 603 3636 sed
632 3580 814 3650 p0tius
843 3581 1205 3637 detrimeneta-
1234 3580 1552 3645 intuentes,
1584 3594 1698 3635 mo-

120 3680 275 3725 nente
300 3672 596 3742 propheta,
644 3672 902 3740 evellens,
942 3674 1249 3737 destructis,
1286 3671 1606 3741 dlsperdens
1647 3679 1701 3726 et

119 3761 388 3834 dissipans
444 3763 578 3834 (λετ.
630 3782 678 3833 ι,
727 3766 840 3836 10),
887 3768 957 3821 ab
996 3774 1181 3821 extera
1220 3772 1487 3835 potestate
1537 3779 1701 3835 super

120 3853 482 3912 ecclesiastica
509 3855 863 3927 dispositione
892 3855 1230 3911 tediﬁcantur
1272 3866 1328 3912 et
1365 3855 1695 3925 plantantur.

122 3938 272 4007 Quod
296 3954 480 4001 autem
509 3947 641 4001 mihi
672 3946 1029 4017 rescripsistis
1058 3947 1123 4001 de
1154 3945 1316 4002 rebus
1340 3962 1371 4001 ει
1394 3961 1482 4002 me
1503 3947 1700 4003 ablatis

120 4041 461 4107 respondisse
492 4040 647 4096 vehis
674 4054 894 4112 regem,
931 4039 1075 4111 quod
1105 4047 1321 4109 putaret
1363 4039 1496 4094 mihi
1540 4053 1702 4110 posse

122 4128 362 4187 suﬁcere
400 4131 545 4202 quod
592 4118 717 4187 hinc
760 4131 876 4202 jam
929 4146 1112 4186 coram
1158 4130 1427 4202 episcopis
1470 4131 1701 4201 benigno

123 4222 298 4278 animo
318 4233 372 4279 et
392 4224 719 4281 allocutione
739 4223 946 4294 placida
970 4223 1102 4278 mihi
1126 4223 1178 4277 in
1202 4223 1474 4278 Attiniaco
1498 4222 1701 4292 palatio

125 4314 283 4384 dixit,
311 4320 563 4376 videlicet
590 4320 850 4390 quoniam
882 4320 949 4376 ad
984 4318 1133 4373 illum
1163 4317 1439 4388 pervenit,
1471 4332 1558 4373 me
1588 4333 1703 4372 am-

127 4406 260 4481 plius
284 4413 696 4483 praesumpsisse
723 4412 790 4467 de
822 4412 1004 4476 rebus,
1049 4411 1117 4467 de
1142 4411 1340 4481 quibus
1372 4425 1514 4465 nunc
1544 4426 1697 4465 man-

128 4498 241 4556 davi
260 4542 277 4568 ,
314 4506 439 4575 quia
473 4504 781 4560 Flotharius
810 4506 1008 4560 missus
1034 4503 1152 4573 ejus
1181 4503 1492 4560 Normanno
1519 4503 1700 4560 consi—

129 4598 394 4664 gnaverit,
429 4615 593 4669 quam
617 4599 861 4655 ecclesiae
887 4599 1020 4653 mihi
1049 4599 1353 4654 commissa:
1383 4597 1701 4663 debeantur,

131 4692 183 4738 et
209 4690 434 4759 amplius
460 4704 625 4762 quam
667 4692 721 4747 in
766 4701 1035 4762 praecepto
1074 4692 1398 4757 habeantur,
1434 4706 1530 4762 per
1562 4691 1705 4761 quod

132 4777 255 4834 mihi
295 4797 383 4839 res
417 4799 449 4838 a
476 4784 641 4857 longo
684 4792 926 4854 tempore
969 4778 1039 4840 ab
1076 4784 1317 4840 Ecclesia
1355 4783 1705 4839 Laudunensi

134 4872 428 4933 subtractas
450 4879 710 4942 restituit,
732 4878 814 4933 vel
837 4878 1007 4948 gratis
1032 4893 1163 4934 meae
1183 4879 1432 4949 petitioni
1460 4893 1705 4934 annuens

136 4962 300 5033 dedit,
348 4971 489 5027 sicut
535 4980 593 5029 et
643 4970 1087 5027 manifestissime
1114 4970 1311 5027 claruit
1348 4972 1415 5028 de
1456 4972 1541 5027 his
1570 4986 1705 5042 quas

135 5070 314 5117 contra
349 5065 611 5121 rationem
654 5064 718 5118 ad
754 5061 1021 5131 justitiam
1055 5065 1345 5138 illegaliter
1369 5074 1533 5137 atque
1564 5065 1703 5121 irre-

137 5150 383 5217 Eulariter
401 5155 681 5230 usurpavi,
701 5170 820 5224 qua:
843 5154 896 5208 in
919 5165 1188 5226 praecepto
1209 5172 1314 5211 non
1336 5158 1701 5220 continentur,

138 5247 188 5293 ει
211 5243 350 5304 iuste
383 5257 543 5304 atoue
584 5245 983 5302 rationabiliter
1011 5248 1305 5304 secundum
1336 5247 1508 5304 leuem
1540 5248 1702 5302 homo

1802 3303 1990 3359 eadem
2016 3302 2132 3358 loca
2157 3302 2451 3357 distiuctim
2478 3302 2653 3371 posita
2683 3302 2739 3357 in
2767 3303 2959 3358 eodem
2986 3312 3259 3374 praecepto
3285 3311 3379 3359 aut

1802 3391 2048 3458 vidistis,
2092 3400 2187 3446 aut
2214 3390 2467 3463 Ansigiso
2510 3391 2786 3462 relegente
2816 3391 3083 3447 audistis:
3118 3407 3237 3461 quae
3266 3388 3391 3447 Flo-

1804 3484 2036 3551 tharius,
2063 3483 2209 3540 sicut
2235 3484 2482 3556 praedixi,
2514 3482 2719 3540 homini
2749 3482 3069 3539 Nortmanni
3101 3482 3391 3555 consigna-

1803 3577 1914 3645 vit,
1956 3586 2012 3633 et
2052 3577 2230 3634 eidem
2272 3576 2576 3643 Berthario,
2618 3586 2679 3632 ut
2713 3578 2846 3633 mihi
2877 3577 3240 3643 renuntiavit,
3294 3593 3389 3635 rex

1803 3670 1973 3736 dixit,
2003 3669 2149 3740 quod
2179 3669 2486 3725 misdictum
2518 3668 2594 3724 illi
2627 3670 2835 3736 fuerat,
2864 3677 2920 3724 et
2947 3668 3165 3725 easdem
3200 3684 3289 3725 res
3319 3668 3389 3725 ab

1802 3761 2044 3818 Ecclesia
2074 3759 2423 3818 Lauduncnsi
2465 3762 2770 3820 distrahere
2808 3761 3058 3826 nolebat;
3104 3761 3196 3832 qui
3233 3778 3388 3818 suum

1802 3855 2146 3913 deosculatus
2174 3864 2261 3913 est
2286 3858 2499 3926 pedem.
2548 3855 2712 3913 Vobis
2751 3864 2930 3910 autem
2971 3852 3241 3926 paulisper
3266 3869 3390 3911 cum

1803 3965 1931 4022 rege
1957 3949 2374 4007 consiliantibus
2402 3949 2638 4006 redditio
2669 3950 2833 4005 dilata
2861 3957 2962 4005 est.
3009 3950 3086 4005 De
3118 3963 3184 4005 eo
3214 3956 3392 4003 autem

1801 4048 1946 4117 quod
1976 4061 2045 4103 ex
2075 4048 2229 4103 vobis
2261 4046 2395 4102 mihi
2423 4046 2721 4117 scripsistis
2749 4048 2847 4113 ita,
2886 4038 3027 4103 sicut
3064 4054 3119 4101 et
3158 4044 3388 4101 manife-

1802 4140 2041 4196 stissime
2085 4140 2318 4205 claruit,
2370 4140 2437 4196 de
2486 4138 2573 4197 his
2620 4156 2757 4210 quas
2797 4150 2989 4196 contra
3030 4139 3295 4194 rationem
3337 4144 3393 4194 et

1794 4229 2063 4301 justitiam
2085 4230 2371 4302 illegaliter
2390 4246 2456 4286 ac
2481 4230 2855 4301 irregulariter
2878 4245 2971 4286 eas
2990 4229 3390 4299 usurpaverim,

1803 4325 1931 4396 quia
1979 4326 2031 4380 in
2081 4325 2273 4381 eodem
2326 4332 2597 4396 praecepto
2644 4325 2975 4391 continetur,
3025 4322 3169 4392 quod
3212 4320 3393 4376 villam

1804 4418 2116 4475 Pauliaeum
2147 4418 2202 4474 in
2244 4418 2453 4492 integro
2493 4419 2625 4475 mihi
2664 4419 2810 4491 regia
2853 4415 3165 4474 restitueret
3207 4424 3393 4470 aucto-

1808 4512 1962 4577 ritas,
2009 4520 2065 4565 et
2110 4510 2343 4581 qualiter
2392 4511 2509 4583 ipsa
2560 4526 2748 4566 mansa
2797 4512 2862 4566 ad
2913 4509 3162 4567 eamdem
3211 4506 3395 4562 villam

1811 4603 2131 4678 Pauliacum.
2144 4603 2287 4673 iuste
2314 4614 2371 4660 et
2404 4602 2803 4661 rationabiliter
2838 4603 3180 4675 pertineant,
3208 4607 3262 4653 et
3282 4596 3396 4665 jam

1809 4710 1910 4764 per
1942 4694 2220 4765 sexaginta
2251 4710 2423 4752 annos
2456 4705 2512 4751 et
2546 4708 2613 4749 eo
2650 4693 2881 4764 amplius
2910 4689 3294 4749 certitudinem
3321 4687 3401 4741 rei

1811 4786 2019 4852 habeo;
2063 4796 2120 4842 et
2158 4786 2278 4841 ideo
2316 4787 2561 4861 legaliter
2590 4795 2647 4840 et
2678 4786 2999 4858 regulariter
3026 4796 3125 4840 eas
3154 4796 3275 4836 cum
3302 4795 3406 4836 cae-

1812 4879 1947 4934 teris
1994 4879 2199 4933 mansis
2247 4877 2315 4932 ad
2363 4879 2681 4935 Pauliacum
2733 4868 3139 4950 pertinentibus
3180 4886 3277 4941 per
3314 4885 3411 4926 sex

1811 4983 2030 5026 menses
2057 4967 2269 5038 possedi
2297 5010 2312 5033 ,
2362 4971 2538 5028 donec
2566 4966 2711 5023 idem
2740 4970 3049 5046 Ansgarius
3083 4961 3232 5033 regia
3262 4968 3413 5030 pote-

1815 5070 1961 5119 state
2006 5061 2150 5130 ipsas
2202 5060 2474 5132 obtinuit,
2528 5074 2639 5116 non
2687 5062 2952 5123 advocato
3001 5069 3132 5118 meo
3173 5052 3241 5109 ad
3282 5049 3417 5105 mal-

1816 5152 1959 5221 lum,
2010 5161 2069 5206 ut
2090 5151 2321 5223 publica:
2373 5173 2432 5214 se
2479 5152 2689 5213 habent
2727 5153 2896 5230 leges,
2941 5162 3047 5231 pro
3092 5144 3254 5202 rebus
3294 5140 3424 5233 ipsis

1815 5246 2080 5302 mannito.
2143 5243 2257 5298 lmo
2306 5251 2506 5304 etiam.
2568 5260 2697 5300 cum
2752 5250 2807 5304 in
2855 5248 3064 5304 natatio
3120 5236 3185 5291 ad
3236 5247 3428 5288 causas
