3904 5304
608 419 742 476 1051

1646 411 1978 470 HINCMARI
2012 406 2502 468 LUGDUNENSIS
2537 405 2844 464 EPISCOPI

3658 413 3748 472 I032

607 546 760 587 meus
787 542 885 600 pro
914 525 995 582 his
1019 525 1182 582 rebus
1207 524 1518 589 advocatus,
1544 523 1638 593 qui
1665 521 1972 596 legem-sibi
2001 521 2069 577 de
2090 518 2177 577 his
2202 517 2257 580 Α
2280 515 2389 572 mei
2417 515 2509 571 alii
2538 515 2785 572 homines
2808 522 3105 580 venerant,
3146 513 3266 583 ipse
3288 522 3526 580 venerat,
3558 515 3747 584 justitiam

605 619 882 678 observari
911 616 1304 690 proclamavit:
1340 614 1592 672 videlicet
1619 613 1748 687 quia
1769 615 1839 671 ad
1866 622 2188 687 potestatem

605 719 805 768 sanctae
840 709 1019 765 Maria:
1051 707 1424 765 Laudunensis
1457 705 1713 762 Ecclesia:
1745 705 2104 776 pertinerent,
2133 711 2190 760 ct

607 802 722 872 ipse
745 816 844 871 pro
870 800 958 856 his
986 799 1148 856 rebus
1176 798 1469 854 advocatus
1493 806 1631 863 erat,
1657 805 1714 852 et
1739 795 1864 852 inde
1891 793 2186 852 secundum

607 895 778 967 legem
812 893 1078 950 rationem
1112 890 1339 948 reddere
1371 890 1548 946 vellet.
1604 889 1707 959 Qui
1757 905 1884 946 mox
1931 889 2187 960 expulsus

605 994 722 1052 cst,
771 993 827 1042 et
871 998 995 1040 cum
1033 983 1182 1039 omni
1213 981 1467 1039 violentia
1495 988 1791 1053 coegerunt
1817 978 1965 1035 illum
2005 993 2185 1034 meum

605 1076 771 1133 alium
799 1075 1094 1140 hominem,
1129 1074 1197 1129 ad
1227 1088 1386 1144 quem
1418 1071 1544 1128 inde
1571 1071 1711 1127 nihil
1739 1070 2078 1142 pertinebat,
2125 1081 2188 1125 ut

603 1165 841 1222 bannum
885 1181 984 1238 pro
1024 1165 1109 1222 his
1149 1164 1496 1221 rewadiaret.
1549 1161 1620 1218 Et
1664 1161 1960 1218 rewadiato
2004 1162 2185 1216 hanno

602 1257 791 1314 minati
820 1265 981 1324 sunt,
1025 1255 1169 1328 quod
1210 1255 1276 1311 ad
1315 1262 1542 1310 mortem
1572 1251 1721 1308 illum
1751 1251 2060 1322 judicarent
2087 1265 2184 1322 pro

601 1348 920 1417 inﬁdelitate
943 1348 1120 1419 regis,
1161 1347 1266 1403 nisi
1300 1344 1692 1419 praesentaliter
1719 1343 1848 1401 talia
1875 1341 2184 1398 vadimonia

599 1444 786 1512 daret,
823 1458 890 1500 ac
913 1457 1015 1515 pro
1038 1441 1368 1500 vadimoniis
1398 1440 1535 1498 tales
1561 1439 1942 1512 ﬁdejussores,
1975 1437 2067 1508 qui
2098 1436 2184 1494 die

597 1544 800 1594 statuta
828 1535 1050 1592 easdem
1098 1549 1187 1592 res
1233 1534 1378 1607 regis
1427 1533 1596 1589 misso
1644 1531 1802 1604 quasi
1842 1528 2183 1587 revestiendo

595 1629 1042 1702 reconsignaret,
1094 1626 1238 1699 quod
1287 1635 1343 1682 et
1392 1641 1517 1682 eum
1560 1623 1741 1682 facere
1781 1621 2178 1694 compulerunt.

595 1720 909 1778 Secundum
951 1722 1093 1780 hanc
1133 1722 1309 1793 legem
1349 1718 1674 1790 conquisitae
1705 1725 1832 1773 sunt
1859 1717 1944 1772 hae
1969 1729 2090 1780 res,
2133 1713 2179 1769 si

593 1811 711 1868 haec
736 1803 1422 1884 constrictio'conquisitio
1443 1807 1565 1878 jure
1591 1807 1699 1866 dici
1725 1815 1919 1879 potest.

2291 608 2358 664 de
2397 607 2512 664 suis
2537 607 2635 679 qui
2672 609 2740 665 de
2780 607 2874 664 illo
2905 606 3269 665 reclamabant
3306 607 3585 667 hominibus
3605 613 3750 673 villanis

2288 700 2516 756 reddere
2543 715 2780 772 unquam
2807 699 3059 757 noluerit.
3081 698 3150 756 Et
3183 715 3329 757 nunc
3353 700 3408 756 in
3432 703 3654 771 proximo,
3670 707 3750 763 dun

2289 788 2560 846 hostiliter
2581 804 2772 848 omnes
2795 789 3005 846 banniti
3029 787 3259 847 fuissent
3277 789 3346 845 in
3379 791 3514 861 regis
3535 795 3749 860 servitium,

2288 891 2342 937 et
2370 883 2485 954 ipse
2509 898 2631 939 cum
2660 883 2783 940 aliis
2804 883 2942 942 meis
2966 884 3234 942 venissem
3259 883 3550 940 hominibus
3566 886 3620 941 ad
3642 886 3751 944 llo»

2288 990 2467 1043 mum,
2494 976 2639 1033 unde
2665 990 2775 1032 non
2803 975 2960 1050 longe
2987 990 3085 1032 sua
3127 974 3362 1032 distabat
3403 976 3617 1043 mansio,
3642 994 3753 1049 neque

2288 1067 2356 1122 ad
2383 1078 2473 1122 me
2493 1067 2721 1132 venerit,
2758 1083 2935 1138 neque
2972 1068 3139 1124 ullum
3168 1084 3326 1125 suum
3363 1067 3568 1125 missum
3588 1083 3672 1124 sxta
3690 1071 3752 1125 in-

2285 1159 2659 1231 possibilitatis
2686 1169 2780 1216 aut
2820 1159 3047 1230 alicujus
3073 1161 3434 1218 excusationis
3469 1162 3750 1217 transmiserit

2287 1247 2508 1322 Insuper
2545 1250 2713 1306 ﬁlium
2751 1266 2907 1308 suum
2934 1293 2948 1319 ,
2987 1267 3144 1322 quem
3192 1252 3327 1307 mihi
3370 1253 3753 1318 commendarent,

2285 1353 2412 1396 cum
2439 1340 2814 1411 prtecepissem
2843 1340 2944 1411 ipsi
2973 1341 3242 1397 cum'aliis
3267 1340 3404 1396 meis
3437 1341 3522 1412 qui
3547 1341 3602 1396 de
3631 1343 3752 1398 eodem

2285 1446 2424 1501 pago
2449 1439 2577 1488 sunt
2601 1447 2750 1488 meas
2774 1441 2958 1489 tenere
2983 1432 3318 1500 mansiones,
3345 1433 3412 1488 ad
3433 1435 3650 1490 tenendas
3664 1450 3754 1489 mau-

2286 1523 2466 1580 siones
2493 1522 2729 1580 Rothadi
2759 1524 2993 1596 episcopi
3020 1525 3244 1581 miserat
3269 1541 3288 1581 :
3321 1534 3379 1581 et
3410 1525 3528 1581 dum
3551 1527 3753 1596 peripsam

2283 1631 2566 1690 pergerem
2589 1617 2771 1674 villam
2792 1659 2808 1684 ,
2841 1634 3018 1690 neque
3046 1618 3187 1675 idem
3213 1616 3363 1675 ﬁlius
3391 1633 3514 1674 suus
3539 1620 3585 1674 in
3604 1635 3754 1691 prasa-

2286 1706 2416 1762 tiam
2461 1721 2637 1763 meam
2682 1707 2866 1764 venire
2920 1708 3166 1778 dignatus
3217 1707 3410 1764 fuerit.
3454 1707 3649 1765 Locutus
3680 1725 3752 1766 ain

2284 1798 2796 1868 quibusdam’meis,
2831 1815 2862 1855 a
2890 1802 3088 1870 quibus
3112 1807 3168 1855 et
3199 1800 3390 1856 audivi
3415 1800 3650 1858 hominem
3664 1803 3753 1858 illum

665 1904 820 1972 Quod
857 1919 990 1960 vero
1031 1904 1164 1960 mihi
1216 1882 1574 1972 rescripsistis
1615 1900 1733 1965 sic,
1787 1899 1855 1954 de
1899 1894 2180 1952 beneﬁciis
2206 1895 2255 1957 B
2283 1888 2452 1947 fuisse
2497 1882 2732 1948 Rothadi
2779 1891 3057 1965 episcopi,
3093 1901 3157 1949 ut
3199 1891 3405 1949 talibus
3435 1901 3569 1964 patet
3602 1894 3751 1950 indiciis

593 2005 776 2054 autem
806 1997 1086 2054 hominum
1138 2004 1357 2052 tuorum
1401 1994 1467 2050 de
1505 1992 1701 2064 quibus
1742 1989 2043 2056 mandasti,
2093 2002 2177 2042 re—

589 2088 807 2162 spondit
831 2088 958 2160 quia
989 2089 1066 2146 tui
1095 2088 1345 2145 homines
1370 2102 1430 2143 se
1455 2085 1524 2141 ad
1557 2100 1679 2141 eum
1720 2082 2172 2146 reclamaverunt,

590 2180 736 2250 quod
775 2180 844 2234 ab
873 2180 952 2236 eis
992 2194 1090 2236 sua
1116 2179 1415 2245 beneﬁcia,
1455 2193 1576 2249 qua:
1615 2176 1756 2249 apud
1795 2186 2175 2232 antecessores

589 2278 730 2336 tuos,
773 2278 829 2328 et
854 2271 996 2343 apud
1023 2280 1078 2328 te
1101 2272 1534 2343 proservierant,
1572 2270 1769 2342 injuste
1795 2277 1851 2325 et
1877 2268 2174 2324 irrationa-

586 2362 770 2421 biliter
795 2365 1117 2422 abstulisses
1143 2383 1156 2420 :
1187 2365 1332 2421 unde
1360 2364 1658 2421 secundum
1696 2378 1884 2419 sacros
1910 2376 2169 2428 canones,

586 2462 642 2511 et
670 2456 888 2512 decreta
916 2466 1118 2514 sanctae
1156 2458 1304 2514 sedis
1327 2457 1587 2513 Romanae
1615 2455 1930 2527 pontiﬁcum
1965 2471 2028 2512 ex
2068 2455 2175 2510 eis-

587 2547 711 2603 dem
752 2547 924 2604 sacris
965 2549 1262 2606 canonibus
1301 2549 1640 2620 promulgata
1663 2589 1678 2614 ,
1723 2546 1928 2603 electos
1962 2545 2174 2616 Iudices

584 2641 726 2713 apud
751 2657 839 2699 me
866 2643 1116 2714 expetisti
1139 2682 1155 2710 ,
1206 2651 1262 2699 et
1309 2657 1498 2699 eorum
1536 2651 1700 2712 atque
1735 2639 1965 2696 aliorum
2001 2637 2170 2694 Deum

585 2733 891 2790 timentium
914 2732 1121 2804 judicio
1150 2736 1218 2791 de
1243 2734 1568 2806 quibusdam
1603 2734 1880 2790 decretum
1913 2729 2055 2798 fuit,
2111 2736 2172 2784 ut

581 2828 845 2885 beneﬁcia
873 2845 1002 2896 sua,
1039 2845 1161 2901 quae
1193 2827 1641 2885 irrationabiliter
1668 2827 2052 2899 perdiderant,
2083 2837 2170 2881 re-

582 2934 847 2992 cuperare
869 2919 1145 2976 deberent.
1183 2920 1554 2988 Quorumdam
1582 2927 1764 2974 autem
1790 2932 1980 2973 eorum
2005 2931 2171 2972 causa

582 3028 753 3085 usque
783 3013 851 3069 ad
879 3013 1048 3069 alium
1079 3021 1373 3069 tractatum
1406 3013 1572 3069 certis
1599 3011 1780 3068 causis
1808 3009 2171 3066 intervenien-

582 3105 727 3162 tibus
755 3121 867 3162 non
892 3104 1153 3172 diﬁinita,
1183 3107 1280 3163 sed
1309 3107 1645 3178 implacitata
1675 3105 1966 3171 remansit,
2014 3115 2071 3161 et
2110 3113 2168 3159 tu

582 3205 708 3252 ante
734 3196 1112 3254 dillinitionem
1152 3207 1345 3256 contra
1385 3202 1571 3255 sacros
1614 3211 1852 3254 canones
1895 3197 2012 3253 sine
2058 3194 2169 3252 ulla

2287 1985 2557 2042 Reversus
2581 1994 2760 2041 autem
2779 1999 2846 2042 ex
2865 1987 3052 2043 eadem
3075 1986 3437 2059 expeditione,
3459 1987 3624 2060 diuque
3637 2003 3754 2058 exne

2284 2082 2438 2131 ctans
2463 2075 2532 2131 ad
2567 2090 2655 2131 me
2683 2091 2790 2132 non
2826 2077 2994 2134 venit.
3028 2076 3280 2134 Pervenit
3314 2086 3494 2134 autem
3529 2078 3754 2136 admetia-

2283 2180 2403 2222 mor
2426 2166 2493 2222 de
2517 2167 2707 2224 eodem
2741 2166 3060 2240 Ragenardo
3076 2210 3092 2236 ,
3115 2170 3259 2242 quod
3293 2186 3455 2227 suum
3477 2172 3683 2230 habuerat
3701 2174 3754 2228 dc-

2281 2268 2549 2318 structum
2603 2261 2944 2320 beneﬁcium.
2988 2265 3393 2324 Transmittens
3438 2277 3598 2325 autem
3633 2269 3754 2324 restire

2281 2359 2462 2406 utrum
2491 2366 2681 2408 verum
2707 2361 2886 2421 esset,
2916 2353 3121 2411 invenit
3149 2355 3356 2414 missus
3393 2373 3566 2425 meus,
3592 2367 3633 2414 et
3661 2375 3752 2414 an-

2279 2457 2402 2498 sum
2428 2443 2896 2513 indominicatum,
2922 2454 2978 2503 et
3007 2447 3180 2518 ipsam
3204 2449 3497 2506 ecclesiam
3519 2452 3681 2522 penitus
3699 2451 3754 2506 dc-

2278 2541 2542 2592 structam
2561 2577 2577 2602 ,
2619 2551 2683 2592 ac
2709 2537 2900 2593 silvam
2923 2539 3309 2607 venditam,-et
3341 2542 3447 2599 alia
3471 2543 3686 2615 perplura.
3709 2542 3754 2597 Ad

2277 2641 2399 2697 quae
2420 2626 2802 2698 iudicaverunt
2830 2637 3067 2687 astantes
3092 2631 3214 2688 laici
3234 2671 3252 2696 ,
3283 2642 3349 2688 ut
3374 2643 3752 2704 sacramentum

2277 2716 2500 2772 baretur
2523 2732 2592 2774 ex
2619 2734 2741 2777 mea
2773 2728 2956 2790 parte,
3001 2722 3143 2792 quod
3182 2723 3251 2779 de
3294 2725 3445 2797 regis
3487 2725 3664 2782 servitio
3687 2725 3754 2779 sine

2277 2824 2400 2866 mea
2445 2809 2665 2867 licentia
2691 2813 2924 2881 veniret,
2955 2822 3011 2870 et
3052 2799 3336 2872 amitteret
3363 2816 3489 2873 illud
3515 2816 3751 2873 beneﬁcium.

2275 2907 2524 2970 anetum,
2570 2911 2844 2974 meritam,
2872 2913 2928 2960 et
2968 2897 3226 2962 ciminum
3268 2907 3754 2977 decimantes,etm

2274 2995 2427 3053 viora
2454 2997 2589 3070 legis
2616 2998 3002 3070 relinquentes,
3031 2997 3257 3057 culicem
3284 2999 3568 3071 quuantes,
3588 3009 3752 3056 etalt»

2273 3086 2386 3144 lum
2412 3089 2727 3162 glutientes,
2755 3107 2880 3148 cum
2923 3105 3156 3148 canones
3185 3091 3489 3148 decernant
3513 3101 3564 3146 ut
3597 3104 3669 3160 per
3691 3085 3752 3154 cui

2275 3195 2468 3254 scopos
2506 3182 2717 3254 iudices
2754 3199 2918 3242 causa
2945 3185 3181 3254 ﬁniatur,
3209 3195 3267 3245 et
3294 3187 3444 3244 intra
3473 3181 3751 3259 plenitudinem

579 3289 906 3346 necessitate
927 3289 1015 3346 vel
1038 3291 1249 3348 ratione
1277 3291 1404 3362 fuga
1433 3290 1619 3361 lapsus
1650 3289 1954 3361 regularem
1980 3286 2172 3344 diﬁini-

2276 3273 2730 3346 Capitulariorum
2752 3279 3264 3351 gloriosissimorum
3289 3282 3645 3355 imperatorum
3664 3277 3754 3334 dunt

577 3379 783 3436 tionem
834 3390 1153 3453 exspectare
1202 3380 1596 3452 contempsisti.
1656 3377 1978 3452 Respondeo
2025 3377 2172 3450 quod

579 3471 706 3528 inde
733 3485 792 3528 se
822 3471 904 3528 rei
928 3473 1133 3529 veritas
1165 3471 1349 3529 habet.
1399 3471 1518 3528 Rex
1546 3469 1766 3543 quidem
1793 3469 2031 3542 quodam
2057 3467 2170 3534 die,

578 3579 702 3620 cum
729 3561 846 3633 jam
876 3564 1097 3621 domum
1128 3564 1306 3621 redire
1335 3564 1696 3621 debueramus
1715 3602 1731 3631 ,
1775 3577 1806 3617 a
1833 3561 1992 3618 vobis
2017 3575 2170 3633 quae-

580 3669 705 3711 rere
734 3655 923 3728 cuapit,
947 3655 1040 3727 qui
1066 3655 1122 3712 in
1151 3654 1450 3711 crastinum
1479 3655 1547 3711 de
1573 3653 1910 3725 coepiscopis
1936 3652 2173 3709 Rhemu-

579 3763 704 3804 rum
743 3747 1038 3819 provinciae
1085 3748 1412 3805 interessent
1455 3747 1524 3803 ad
1568 3763 1791 3805 causam
1845 3746 2171 3804 audiendam

579 3839 646 3896 de
681 3837 770 3895 his
809 3837 1145 3896 hominibus.
1196 3836 1310 3911 Ego
1340 3846 1519 3894 tamen
1551 3838 1663 3894 dixi
1695 3838 1826 3909 quia
1860 3853 1967 3894 non
2005 3836 2171 3895 habe—

575 3929 706 3987 bam
735 3945 948 3986 mecum
982 3929 1212 3986 clericos
1244 3944 1345 3986 nec
1373 3929 1541 3987 laicus
1567 3929 1660 4001 qui
1690 3944 1871 3987 causa:
1908 3929 2170 3986 interfue-

579 4031 726 4090 rant,
739 4030 795 4078 et
811 4037 911 4094 per
929 4036 1067 4094 quos
1090 4021 1218 4078 inde
1236 4022 1502 4079 rationem
1523 4021 1751 4078 reddere
1772 4037 2007 4093 possem.
2032 4020 2168 4076 Nam

577 4115 870 4188 praeteritis
887 4113 1020 4187 ipsis
1042 4113 1231 4171 diebus
1250 4129 1350 4186 per
1361 4115 1601 4172 bannum
1620 4114 1830 4186 regium
1851 4128 2042 4171 omnes
2062 4115 2170 4171 mei

577 4207 828 4265 homines
852 4207 908 4263 in
932 4206 1136 4281 palatio
1166 4208 1362 4278 retenti
1391 4207 1647 4264 fuerant:
1683 4222 1786 4280 ego
1813 4214 1996 4264 autem
2023 4207 2170 4264 solus

577 4299 645 4356 ad
669 4299 979 4356 mansiones
1001 4298 1258 4357 Harduici
1281 4315 1403 4356 cum
1431 4315 1541 4356 uno
1569 4314 1668 4357 suo
1692 4299 1892 4356 clerico
1917 4308 1974 4356 et
1996 4300 2170 4356 tribus

577 4392 730 4450 laicis
769 4391 1080 4449 hominibus
1123 4406 1498 4465 perrexeram.
1552 4391 1916 4464 Interrogavit
1951 4406 2168 4464 quoque

576 4503 673 4545 rex
693 4528 709 4555 ,
741 4504 876 4560 quos
913 4486 988 4544 ibi
1028 4487 1324 4558 potuissem
1365 4485 1568 4542 habere
1601 4503 1614 4540 :
1647 4494 1705 4541 et
1733 4484 1987 4556 respondi
2031 4483 2165 4539 Ber-

578 4581 814 4637 tharium
846 4579 1137 4647 clericum,
1169 4587 1224 4635 et
1255 4593 1420 4633 unum
1447 4576 1669 4644 laicum,
1699 4576 1793 4647 qui
1815 4577 1870 4632 in
1901 4592 2164 4648 quorum-

575 4671 700 4727 dam
728 4671 954 4727 istorum
983 4668 1165 4726 causis
1189 4667 1570 4734 interfuerant,
1599 4675 1655 4723 et
1677 4667 1840 4739 jussit
1867 4677 1926 4723 ut
1951 4682 2045 4724 eos
2068 4668 2164 4723 ha-

573 4761 758 4820 berem
779 4805 794 4829 ,
823 4772 880 4819 et
921 4761 1002 4819 sic
1036 4761 1330 4833 designatis
1353 4761 1683 4828 Actardum,
1715 4770 1772 4818 et
1796 4761 2160 4830 Rainelmum,

573 4867 628 4914 et
657 4857 924 4915 Joannem
950 4856 1259 4928 episcopos,
1295 4870 1431 4926 quos
1460 4854 1766 4925 cognitores
1804 4855 1907 4912 hoc
1931 4862 1992 4910 ut
2018 4867 2162 4926 prae-

575 4951 686 5007 dixi
716 4952 876 5006 modo
903 4949 1139 5020 suscepi,
1168 4964 1235 5004 ne
1264 4949 1478 5004 viderer
1503 4947 1640 5004 velle
1660 4963 1880 5006 causam
1908 4947 2158 5014 dilatare,

575 5057 639 5088 nn
681 5043 936 5088 dilatione.
977 5040 1241 5088 fallaciter
1284 5049 1467 5088 tenere
1491 5040 1794 5088 veritatem.
1830 5039 2158 5088 Advenimus

2273 3367 2328 3424 ni
2351 3367 2531 3427 Caroli
2553 3379 2610 3427 et
2637 3370 2897 3430 Ludovici
2923 3373 3000 3430 ita
3026 3383 3287 3432 statutum
3321 3375 3398 3433 sit
3423 3394 3438 3432 :
3470 3395 3489 3429 t
3514 3375 3752 3444 Quasiqu

2274 3476 2304 3517 a
2330 3463 2558 3534 singulis
2587 3465 2806 3537 regibus
2832 3467 2975 3524 circa
3014 3468 3403 3526 sacresanctas
3437 3469 3654 3526 ecclesias
3679 3473 3753 3520 sunt

2273 3556 2588 3624 constituta,
2613 3557 2700 3613 vel
2728 3557 2926 3630 singuli
2960 3559 3160 3631 quique
3184 3560 3476 3617 Antistites
3499 3575 3584 3631 pro

2273 3645 2655 3706 ecclesiasticis
2680 3649 3069 3721 impetrarunt,
3103 3652 3206 3708 sub
3230 3665 3400 3723 poena
3438 3648 3662 3724 sacrilegii
3685 3645 3750 3720 liti

2271 3747 2327 3794 et
2349 3739 2518 3796 solida
2551 3740 2853 3798 aeternitate
2875 3750 3179 3799 serventur.
3206 3741 3411 3800 Clerici
3437 3745 3582 3800 etiam
3601 3755 3679 3797 non
3695 3750 3751 3792 εει

2272 3829 2550 3890 cularibus
2585 3829 2862 3902 iudicibus
2878 3874 2894 3902 ,
2921 3835 3018 3892 sed
3041 3834 3343 3907 episcopali
3367 3833 3624 3893 audienti:
3643 3841 3749 3886 ivsti-

2270 3933 2485 3981 ventur.
2527 3925 2632 3983 Fas
2659 3927 2804 3983 enim
2833 3943 2941 3984 non
2966 3935 3051 3986 est
3079 3939 3139 3985 ut
3175 3928 3355 3987 divini
3390 3930 3650 3986 subdantur
3667 3922 3750 3977 atti-

2272 4019 2375 4076 trio
2403 4019 2672 4077 saeculari.
2700 4040 2722 4076 ι
2753 4022 2889 4079 Item
2932 4023 2990 4079 in
3030 4023 3236 4080 eisdem
3263 4039 3336 4082 ex
3359 4023 3522 4082 sacris
3558 4019 3750 4093 regulisd

2269 4108 2415 4167 istud
2444 4120 2780 4186 assumptum
2804 4122 2924 4171 est:
2961 4134 2979 4167 t
3006 4114 3083 4170 De
3110 4115 3388 4174 virisebeo
3410 4115 3599 4180 dicatis,
3618 4111 3679 4167 vel
3696 4120 3748 4161 et-

2270 4201 2589 4261 clesiasticis
2614 4205 2962 4263 facultatibus
2985 4205 3190 4277 aliquid
3211 4207 3524 4280 disponendi
3545 4204 3658 4262 nulla
3673 4199 3751 4269 leg"

2268 4304 2359 4352 tur
2403 4297 2558 4355 laicis
2578 4337 2595 4367 ,
2641 4300 2890 4371 quamvis
2941 4300 3210 4373 religiosis
3237 4341 3256 4370 ,
3309 4316 3540 4373 unquam
3577 4295 3748 4354 attritu"

2268 4391 2519 4450 facultas.
2549 4410 2569 4446 ι
2600 4393 2786 4466 Itaque
2824 4393 3053 4466 potioris
3079 4407 3198 4451 erat
3229 4394 3423 4465 judieii
3462 4401 3658 4452 sacratas
3685 4385 3750 4441 Dea

2267 4499 2357 4540 res
2385 4483 2686 4552 destruere,
2717 4492 2776 4541 et
2802 4485 2872 4542 de
2899 4486 3124 4543 sacratis
3153 4487 3266 4542 Deo
3292 4487 3454 4544 rebus
3482 4479 3750 4542 ecclesiae?

2262 4579 2354 4650 jus
2379 4587 2540 4636 erant
2570 4578 2751 4636 debita
2787 4580 3046 4651 obsequia
3074 4595 3182 4637 non
3217 4579 3620 4652 reprehendere,
3645 4582 3747 4640 tum
3842 4578 3843 4652 ἕ

2271 4669 2568 4742 temporale
2617 4670 2748 4728 illud
2803 4671 3082 4727 servitium
3128 4671 3401 4738 dimittas;
3444 4669 3532 4725 sed
3569 4655 3748 4719 unum5
3842 4655 3843 4742 ξ

2265 4765 2518 4822 homines
2554 4779 2663 4820 non
2689 4764 3000 4836 percipiunt
3040 4779 3106 4820 ea
3145 4777 3267 4834 quae
3314 4770 3441 4819 sunt
3480 4757 3659 4831 spiritus
3689 4747 3745 4801 θεέ

2265 4858 2318 4930 (I
2345 4859 2468 4915 Cor.
2496 4858 2580 4931 ll),
2612 4857 2922 4930 spirituales
2951 4868 3134 4915 autem
3158 4856 3342 4914 omnia
3363 4843 3746 4926 dijudicanttm'

2263 4951 2559 5023 spiritualis
2601 4951 2764 5006 homo
2794 4957 3026 5007 testatur
3053 4949 3360 5020 Stephanus
3381 4961 3513 5020 papa
3532 4951 3580 5000 et
3607 4943 3744 5038 ωξηῐτ

2265 5045 2438 5088 Ιρηὸεε-
2469 5043 2574 5088 ‘.‘.‘..
2605 5042 2874 5088 ηιιίδηιιίιί
2907 5043 2960 5088 in
2986 5042 3214 5088 sacratis
3237 5040 3520 5088 Dm.rebus
3540 5042 3588 5088 et
3607 5038 3744 5088 eum
