3904 5304
67 128 213 226 loss

1248 169 1615 263 OPUSCULA
1651 167 1743 228 ET
1781 166 2164 228 EPISTOLE.

3148 148 3177 183 ν
3216 170 3357 227 test

81 296 227 344 tenus
265 280 628 354 injunxerim,
667 289 725 340 et
751 281 964 341 litteras
998 284 1049 341 ei
1093 285 1225 344 dare
1248 287 1460 356 volens,
1504 303 1659 345 suam
1687 288 1743 352 Α
1766 296 1922 355 rent;
1971 285 2323 357 miserimque
2365 283 2562 342 missos
2602 298 2782 352 meos,
2820 264 2964 357 quod
3003 290 3357 360 per‘campos

79 374 356 434 retraxerit
380 389 622 441 manum,
647 373 954 449 dixeritque
976 392 1259 451 usquequo
1280 395 1410 438 suus
1435 396 1662 454 compar

80 466 296 533 veniret,
327 480 437 524 non
466 480 527 523 se
563 466 776 525 litteras
802 478 1153 542 accepturum
1184 490 1198 527 :
1229 472 1318 529 eui
1343 482 1401 531 et
1426 473 1661 532 dixerim

80 569 135 619 ut
156 568 282 616 tunc
303 566 361 616 et
387 557 505 632 ipse
546 559 799 632 proxima
834 570 987 619 sexta
1022 562 1159 619 feria
1183 579 1305 635 qua:
1343 565 1663 624 imminebat
1708 568 1714 577 '

80 657 130 714 in
165 655 350 714 eadem
398 655 736 714 bebdomada
773 673 899 715 cum
942 674 1042 716 suo
1079 674 1369 731 compare,
1411 643 1663 717 videlicet

78 745 314 813 Beraldo,
342 745 646 805 adveniret.
669 746 773 817 Qui
801 749 887 805 his
918 742 1202 806 auditis‘se
1225 749 1293 806 ad
1318 749 1487 823 pedes
1509 764 1662 807 meos
1710 752 1713 755 ’

78 848 414 912 prosternere
446 840 648 909 voluit;
686 857 847 912 quem
879 844 1213 915 susceperim
1230 859 1313 923 ~ne
1341 844 1578 913 faceret,
1609 853 1664 903 et
1706 838 1711 847 ’

79 934 152 990 sic
184 933 299 1006 ipse
343 933 592 991 intulerit
629 935 773 1007 quod
816 937 1049 995 audierit
1092 952 1179 996 me
1223 939 1426 997 habere
1452 948 1663 997 motum
1708 930 1713 943 ί

79 1025 333 1083 adversus
360 1040 422 1083 se
466 1027 737 1096 animum,
763 1036 822 1086 et
866 1029 942 1085 illi
976 1045 1208 1105 necesse
1248 1040 1369 1089 erat
1410 1041 1470 1113 ut
1514 1042 1665 1091 ante-

78 1134 233 1190 quam
263 1118 373 1176 tale
405 1119 672 1193 inciperet
703 1121 831 1189 iter,
872 1132 1217 1181 sacramento
1253 1140 1313 1182 se
1352 1134 1660 1207 excusaret,

76 1221 129 1269 et
150 1221 274 1270 tunc
295 1214 441 1287 quod
462 1212 712 1284 iuberem
733 1217 1039 1287 voluntarie
1070 1234 1129 1277 se
1154 1200 1593 1299 facturum._Cui'
1608 1230 1665 1280 et

77 1309 696 1405 responditquia-non
744 1311 988 1386 celabam
1034 1315 1177 1385 quod
1231 1324 1412 1373 motus
1459 1316 1665 1388 aliquid
1708 1386 1715 1405 ‘

77 1402 333 1460 adversus
376 1403 527 1462 illum
554 1403 772 1474 fuerim,
813 1422 880 1464 eo
908 1408 1053 1479 quod
1075 1408 1354 1466 audieram
1383 1424 1416 1465 a
1439 1409 1665 1481 quibus-
1702 1402 1713 1476 ξ

78 1495 193 1552 dam
232 1494 384 1553 illum
422 1497 643 1564 dixisse,
669 1500 813 1571 quod
848 1499 1079 1557 Romam
1106 1500 1282 1574 ipsum
1302 1516 1410 1559 non
1436 1518 1536 1575 pro
1556 1501 1663 1558 alia

78 1602 134 1644 re
158 1587 240 1646 ire
263 1590 545 1662 rogabam,
574 1591 679 1648 nisi
713 1600 775 1648 ut
804 1591 929 1649 inde
966 1591 1124 1651 Seats
1152 1594 1287 1652 mihi
1314 1595 1488 1661 daret,
1516 1595 1664 1667 quod

1764 387 2108 437 remanserat
2135 377 2401 450 recipere,
2421 376 2741 449 veneritque
2766 374 2883 450 ipse
2905 376 3071 434 Grivo
3097 394 3221 435 eum
3243 362 3358 438 suis

1764 471 2082 545 parentibus
2121 478 2397 538 armatus,
2431 458 2877 540 contenderitque
2916 470 3023 526 hoc
3055 469 3172 529 ﬁeri
3204 490 3219 527 :
3261 471 3359 529 sed

1766 582 1889 623 cum
1917 567 2101 639 plures
2127 581 2195 623 ex
2221 550 2359 623 meis
2384 565 2661 622 venissent
2695 564 3023 634 hominibus,
3047 565 3242 637 quibus
3272 584 3360 624 re-

1765 658 1963 714 sistere
1986 672 2091 715 non
2118 664 2350 729 poterat,
2373 671 2470 728 per
2482 656 2656 712 vvadia
2679 655 3048 712 emendaverit
3064 657 3208 727 quod
3228 657 3363 713 mis-

1766 738 1971 807 factum
2013 740 2283 816 habebat,
2310 749 2756 820 mandaveritqne
2801 748 2935 805 mihi
3000 763 3060 804 se
3105 747 3241 804 velle
3292 748 3365 803 ad

1766 857 1947 899 meam
1988 841 2297 899 mercedem
2338 843 2564 908 venire,
2609 850 2664 898 et
2709 840 2978 898 sustinere
3026 839 3243 913 qualem
3285 840 3365 896 illi

1766 936 2232 993 commendassem
2277 936 2703 1004 harmisearam,
2741 935 3224 1008 reSponderimqne
3258 935 3366 992 illis

1704 1018 1715 1107 ξ
1767 1027 1906 1085 meis
1930 1043 2031 1100 pro
2058 1043 2125 1085 eo
2147 1016 2454 1100 petentibus
2483 1027 2796 1085 hominibus
2819 1027 3070 1084 videlicet
3096 1026 3364 1095 Gerardo,

1769 1117 2057 1177 Hadoardo
2074 1160 2091 1187 ,
2121 1134 2185 1176 ac
2208 1118 2440 1176 Colsano
2457 1160 2472 1188 ,
2510 1129 2572 1175 ut
2598 1119 2811 1176 veniret
2853 1119 2908 1175 in
2953 1121 3251 1177 crastinum
3272 1162 3287 1187 ,
3311 1130 3368 1176 et

1768 1214 2004 1272 libenter
2045 1216 2093 1272 si
2135 1214 2211 1272 ita
2259 1215 2375 1288 ipse
2411 1215 2574 1272 vellet
2620 1214 2750 1271 illud
2793 1215 3221 1287 acquieseebam.
3260 1216 3366 1284 Qui

1769 1309 2075 1367 transmisit
2107 1310 2175 1366 ad
2210 1310 2620 1391 mequemdam
2650 1326 2808 1366 suum
2848 1310 3248 1383 propinquum,
3272 1311 3368 1381 qui

1766 1408 1994 1457 vocatur
2013 1400 2401 1473 Magenfridus,
2431 1418 2535 1474 pro
2553 1404 2658 1459 hac
2678 1403 2795 1474 ipsa
2817 1417 2896 1469 re,
2926 1402 3012 1459 cui
3035 1412 3091 1459 et
3115 1403 3369 1458 similiter

1711 1492 1717 1502 ’
1748 1492 2041 1565 respondi,
2066 1496 2161 1569 qui
2185 1497 2395 1553 venerit
2418 1496 2576 1569 quasi
2601 1497 2704 1553 hoc
2729 1504 2949 1553 acturus
2973 1496 3042 1552 ad
3068 1496 3247 1553 locum
3277 1490 3368 1552 ubi

1768 1604 1954 1657 eram,
1981 1590 2074 1663 qui
2111 1591 2313 1648 dicitur
2340 1589 2720 1658 Montiniaeus,
2747 1600 2804 1647 et
2840 1606 2927 1647 me
2967 1590 3072 1647 hoc
3114 1590 3289 1661 ipsum
3316 1590 3370 1646 ei

76 1693 170 1753 ego
194 1680 438 1738 mirabar
464 1683 511 1739 si
537 1683 773 1752 diceret,
799 1700 925 1741 cum
954 1685 1216 1759 quidquid
1240 1686 1477 1745 habebat
1500 1688 1665 1745 bene-
1690 1671 1743 1734 Β
1768 1681 2031 1740 offerente
2048 1683 2407 1751 discesserit,
2454 1683 2642 1742 dicens
2689 1699 2797 1741 non
2845 1699 3043 1758 meam,
3066 1686 3145 1740 se‘
3167 1684 3372 1740 habere

76 1772 180 1833 ﬁcii
223 1776 397 1850 gratis
429 1777 481 1834 ei
514 1776 786 1835 dedissem
819 1787 875 1835 et
908 1778 1028 1837 sine
1056 1778 1169 1836 ullo
1198 1780 1394 1852 pretio.
1433 1780 1570 1838 Nam
1604 1790 1665 1837 ut

74 1866 221 1924 scitis
242 1877 649 1927 antecessorem
673 1885 855 1927 meum
873 1869 1166 1927 Pardulum
1187 1871 1413 1939 dimisit,
1434 1882 1491 1929 et
1507 1874 1665 1930 vobis

71 1971 129 2016 se
151 1960 575 2017 commendavit.
600 1959 658 2016 In
682 1968 925 2033 tempore
944 1970 1127 2019 autem
1148 1954 1506 2020 ordinationis
1528 1980 1665 2022 mea:

71 2048 216 2108 illum
246 2052 383 2109 mihi
412 2053 859 2120 eommendastis,
883 2054 975 2125 qui
1009 2070 1109 2127 per
1140 2055 1356 2127 aliquod
1387 2057 1518 2113 mihi
1548 2072 1666 2115 ser-

68 2140 234 2211 vicus,
267 2146 594 2215 mortubque
620 2154 776 2216 patre
801 2144 923 2217 ejus
946 2147 1091 2217 quod
1120 2146 1313 2204 habuit
1341 2148 1662 2207 beneﬁcium
1712 2142 1719 2149 ’

69 2232 137 2290 illi
165 2235 327 2302 dedi,
359 2235 582 2309 insuper
603 2242 659 2294 et
685 2235 789 2294 alia
824 2239 1108 2295 duodecim
1145 2254 1353 2296 mansa.
1392 2240 1519 2297 llaec
1544 2256 1665 2312 qua:
1712 2238 1715 2239 ⁷

67 2325 305 2398 praemisi
338 2342 427 2385 me
453 2327 531 2385 illi
565 2328 843 2387 reserante
871 2331 1152 2402 negaverit
1197 2332 1340 2403 quod
1388 2347 1666 2404 nunquam

69 2415 194 2473 illud
238 2416 479 2484 diceret,
508 2433 786 2491 nunquam
818 2420 1118 2491 cogitaret,
1145 2431 1200 2477 et
1224 2429 1478 2493 precatus
1501 2422 1667 2479 fuerit
1715 2420 1721 2427 ’

70 2518 126 2567 ιιι
163 2510 359 2569 liceret
389 2510 467 2568 illi
504 2527 575 2569 se
606 2511 734 2569 inde
761 2522 1108 2570 sacramento
1146 2529 1399 2587 purgare.
1431 2514 1531 2571 Cui
1574 2530 1666 2572 re-
1710 2508 1713 2511 ’

70 2605 380 2677 sponderim
408 2604 535 2677 quia
564 2604 700 2662 nihil
726 2606 925 2663 abhinc
949 2622 1016 2663 ex
1040 2607 1146 2664 hoc
1173 2605 1250 2661 illi
1276 2605 1663 2675 diserederem,
1712 2606 1719 2614 ’

71 2711 168 2753 nec
194 2697 401 2770 aliquid
426 2697 687 2754 adversus
705 2714 828 2754 eum
855 2698 1111 2757 motionis
1135 2698 1334 2756 abhinc
1356 2690 1620 2759 haberem
1647 2712 1663 2753 :
1712 2700 1717 2707 '

70 2797 122 2845 et
165 2790 213 2847 si
264 2789 358 2846 ille
403 2789 514 2847 Deo
562 2786 893 2864 propitiante
927 2774 1094 2849 sanus
1124 2792 1300 2848 abiret
1340 2799 1396 2847 et
1441 2790 1664 2859 rediret,
1710 2786 1713 2789 “

71 2895 222 2937 suum
247 2881 536 2938 servitium
565 2878 641 2937 illi
680 2882 1078 2954 promeriturus
1103 2897 1282 2939 essem
1306 2923 1321 2949 ,
1359 2890 1416 2938 et
1441 2898 1566 2939 eum
1596 2882 1666 2939 ab

69 2973 170 3031 illis
201 2974 495 3032 itineribus
521 2984 785 3047 quantum
811 2990 1028 3048 possem
1059 2979 1403 3047 requiescere
1436 2973 1665 3046 permit-

72 3075 259 3126 terem.
283 3068 419 3127 Post
438 3070 556 3126 haec
574 3079 895 3141 prosecutus
916 3085 1036 3127 sum
1057 3071 1200 3142 quod
1224 3069 1487 3127 audierim
1510 3067 1662 3125 illum
1691 3049 1740 3115 ο

71 3158 254 3216 silvam
284 3177 454 3234 quam
478 3177 611 3218 suus
646 3161 915 3218 nutrierat
942 3169 1100 3234 pater
1140 3161 1422 3218 destruere
1441 3202 1456 3229 ,
1483 3170 1541 3219 et
1576 3163 1663 3218 in-

72 3252 262 3309 terdixi
287 3253 620 3309 omnimodis
657 3252 708 3311 ei
748 3261 808 3308 ut
843 3262 1063 3310 caveret
1098 3270 1167 3309 ne
1196 3252 1348 3320 illud,
1378 3254 1426 3310 si
1463 3254 1666 3311 factum

71 3354 202 3411 erat,
248 3344 309 3401 in
352 3345 622 3418 reliquum
665 3345 864 3403 ﬁeret:
898 3346 1281 3420 responditque
1323 3348 1669 3405 mendacium

74 3436 211 3506 quod
240 3437 528 3495 audieram
552 3453 703 3505 esse,
737 3439 834 3495 sed
877 3440 1005 3497 dum
1032 3439 1204 3512 Aquis
1227 3440 1415 3512 palatii
1452 3456 1667 3498 mecum

76 3523 210 3584 foret
238 3529 393 3602 (nam
419 3529 488 3586 ab
514 3528 608 3585 illo
634 3528 756 3587 loco
782 3530 1013 3587 domnus
1035 3546 1132 3587 rex
1160 3530 1292 3587 mihi
1323 3531 1537 3587 dixerat
1558 3532 1670 3588 An-

76 3619 295 3692 sigisum
320 3635 447 3679 esse
457 3621 688 3678 Romam
710 3638 810 3679 suo
829 3623 1108 3680 missatico
1119 3622 1535 3697 profecturum),
1551 3626 1670 3698 qui-

77 3710 194 3768 dam
223 3713 313 3771 sui
335 3713 502 3770 vicini
527 3712 730 3785 aliquid
753 3729 820 3772 ex
847 3714 962 3786 ipsa
986 3715 1125 3771 silva
1148 3715 1544 3785 devastassent,
1572 3718 1671 3774 sed

77 3800 189 3873 ipse
227 3805 539 3864 rewadiare
562 3820 659 3863 eos
685 3815 831 3864 esset
851 3805 1115 3875 facturus,
1141 3808 1329 3880 sicque
1358 3810 1669 3878 recesserit,

80 3896 272 3952 reverti
310 3894 501 3967 jussus
542 3912 576 3953 a
611 3912 733 3985 me,
774 3906 835 3955 ut
871 3899 1129 3969 praedixi,
1160 3899 1215 3957 in
1244 3900 1432 3957 eadem
1463 3901 1670 3959 hebdo-
1698 3934 1703 3941 ε

78 3985 233 4044 mada
274 3986 419 4045 feria
457 3998 632 4046 sexta.
677 3989 786 4047 Sed
825 4005 954 4047 mox
985 3997 1047 4046 ut
1080 3991 1301 4049 domum
1338 3993 1669 4065 pervenerit,
1717 3985 1720 3989 ’

79 4079 327 4137 omnibus
362 4080 559 4138 vicinis
591 4082 705 4139 suis
737 4082 1048 4141 denuntiari
1087 4072 1308 4152 fecerit,
1348 4092 1409 4141 ut
1442 4084 1673 4157 quicun-

81 4185 182 4241 que
207 4187 277 4231 ex
312 4175 506 4232 eadem
542 4175 679 4234 silva
715 4177 965 4249 accipere
985 4177 1220 4247 volebat,
1246 4194 1420 4250 usque
1452 4180 1508 4236 in
1536 4193 1675 4251 prae-

80 4262 244 4323 fatum
284 4267 430 4325 diem
476 4271 784 4343 acciperet,
825 4271 955 4343 quia
991 4271 1106 4344 ipse
1133 4272 1369 4345 amplius
1404 4286 1513 4329 non
1541 4271 1675 4328 illud

82 4357 404 4419 beneﬁcium
437 4371 665 4421 teneret.
698 4362 1067 4436 Venerintque
1096 4379 1287 4421 omnes
1315 4373 1426 4420 tam
1459 4378 1529 4420 ex
1556 4363 1693 4434 ipso

1767 1777 1908 1836 velle
1935 1786 2164 1846 terram,
2199 1793 2302 1836 nec
2340 1793 2522 1834 meum
2563 1793 2623 1834 se
2648 1792 2771 1834 esse
2798 1776 3040 1833 futurum
3069 1776 3366 1841 hominem,

1709 1850 1715 1863 ⁴
1768 1884 1945 1941 neque
1971 1884 2206 1941 unquam
2236 1885 2336 1941 pro
2363 1870 2480 1942 ipso
2516 1868 2784 1926 beneﬁcio
2822 1884 2930 1925 non
2960 1867 3139 1941 solum,
3162 1858 3270 1923 non
3298 1868 3370 1923 ad

1768 1959 2033 2028 Romam,
2059 1975 2253 2017 verum
2298 1976 2400 2018 nec
2441 1969 2654 2017 tantum
2684 1959 3066 2033 longitudinis,
3098 1967 3366 2031 quantum

1770 2050 1840 2106 ad
1866 2064 2021 2106 suam
2050 2050 2294 2108 restabat
2318 2050 2653 2107 mansionem
2674 2091 2689 2118 ,
2731 2060 3132 2122 perrecturum.
3168 2048 3368 2106 Addidi

1769 2157 1985 2215 quoque
2009 2142 2154 2213 quod
2204 2142 2382 2215 ipsum
2418 2140 2743 2199 beneﬁcium
2775 2142 2992 2213 penitus
3028 2141 3368 2197 destructum

1768 2233 2017 2303 haberet,
2042 2234 2184 2292 sicut
2205 2243 2262 2292 et
2285 2235 2448 2292 habet
2475 2242 2530 2292 et
2557 2243 2803 2308 apparet,
2833 2234 3206 2307 familiamque
3229 2233 3370 2290 mul-

1770 2329 1992 2386 timodis
2022 2338 2214 2387 contra
2243 2328 2416 2401 legem
2453 2338 2728 2386 vexatam.
2767 2327 2870 2398 Qui
2917 2330 3134 2409 negavit
3168 2332 3368 2386 'coram

1769 2438 1898 2496 rege
1925 2438 1987 2481 se
2010 2439 2117 2481 non
2144 2423 2484 2482 destruxisse
2508 2422 2654 2480 illam
2681 2422 2897 2490 silvam,
2929 2439 3030 2481 nec
3057 2438 3219 2480 suum
3238 2420 3371 2481 esse

1769 2516 2109 2574 destructum
2129 2514 2480 2595 beneﬁcium,
2503 2504 2707 2573 nec'ita
2736 2530 2767 2571 a
2795 2530 2883 2571 me
2908 2508 3247 2583 discessisse,
3272 2515 3371 2572 sed

1770 2625 1880 2667 non
1903 2610 2147 2682 potuisse
2175 2624 2361 2666 coram
2389 2624 2477 2665 me
2513 2608 2581 2665 ad
2611 2608 2775 2664 ullam
2811 2608 2998 2664 venire
3039 2606 3371 2665 reddendam

1770 2704 2060 2762 rationem.
2099 2703 2213 2777 Ego
2257 2712 2441 2760 autem
2478 2719 2587 2759 non
2614 2701 3033 2780 habebam'illos
3061 2718 3198 2773 quos
3228 2717 3371 2773 prae-

1770 2798 1999 2871 scripsi,
2056 2813 2159 2855 nec
2218 2797 2360 2855 alios
2391 2797 2502 2869 qui
2553 2813 2767 2854 mecum
2821 2806 2951 2853 tunc
3008 2794 3266 2864 fuerunt,
3318 2805 3376 2852 et

1769 2889 1876 2947 hoc
1913 2889 2164 2947 similiter
2215 2891 2398 2948 sciunt
2449 2890 2578 2962 quia
2630 2888 2738 2946 illis
2784 2888 2975 2946 diebus
3012 2888 3376 2951 inﬂarduiei

1770 2982 2166 3053 archiepiscopi
2213 2981 2587 3037 mansionibus
2614 2996 2714 3052 pro
2742 2996 2905 3038 causa
2949 2980 3201 3053 superius
3235 2996 3376 3052 prae-

1774 3084 1959 3131 taxata
2017 3074 2164 3130 solus
2224 3082 2466 3128 moratus
2523 3072 2859 3128 exstiteram.
2928 3071 3080 3127 Tune
3144 3072 3375 3129 domnus

1772 3184 1874 3225 rex
1906 3166 2075 3234 dixit,
2105 3167 2231 3238 quia
2270 3166 2316 3222 si
2340 3165 2428 3221 ille
2467 3166 2641 3235 ipsam
2670 3164 2884 3231 silvam,
2918 3172 2979 3220 ut
3009 3163 3242 3229 dicebat,
3269 3181 3372 3220 nu-

1775 3261 2004 3328 trierat,
2040 3273 2206 3332 quam
2243 3268 2400 3330 pater
2436 3272 2565 3313 suus
2610 3255 2849 3312 nutrisse
2895 3265 3158 3328 coeperat,
3208 3264 3266 3313 et
3306 3271 3376 3313 ex

1712 3338 1723 3411 ί
1774 3371 1842 3412 eo
1894 3352 2088 3411 amicis
2142 3350 2266 3409 suis
2324 3366 2435 3407 non
2493 3349 2822 3408 destruendo
2847 3392 2864 3418 ,
2920 3352 3017 3407 sed
3074 3365 3200 3406 cum
3238 3332 3375 3406 ‘ma-

1775 3459 1939 3506 nacta
1993 3447 2269 3514 dedisset,
2318 3453 2412 3501 aut
2458 3444 2505 3501 si
2555 3445 2624 3501 ad
2675 3460 2831 3501 suam
2878 3442 3259 3501 necessitatem
3307 3459 3378 3500 ex

1780 3557 2000 3608 eacum
2027 3555 2283 3598 mensura
2307 3538 2632 3612 accepisset,
2660 3554 2759 3612 pro
2799 3539 2904 3595 hoc
2946 3554 3055 3595 non
3096 3538 3372 3595 debuisset

1716 3702 1719 3703 ν
1780 3636 1912 3694 illud
1944 3634 2273 3692 beneﬁcium
2319 3634 2615 3699 amittere.
2642 3632 2796 3702 Quod
2830 3628 3008 3689 nullus
3042 3633 3248 3705 estqui
3281 3647 3375 3689 nec

1782 3741 1914 3802 gare
1955 3727 2127 3800 possit
2172 3727 2221 3784 si
2251 3726 2343 3783 ille
2388 3726 2463 3782 ita
2494 3724 2716 3783 fecisset
2752 3744 2766 3782 :
2807 3726 2902 3784 sed
2930 3727 3048 3799 ipse
3091 3726 3233 3784 sicut
3256 3725 3376 3807 dixi

1782 3819 1933 3888 fecit,
1959 3820 2105 3892 quod
2130 3828 2315 3875 tamen
2358 3827 2420 3874 ut
2458 3809 2698 3889 praemisi
2729 3834 2915 3877 coram
2962 3834 3112 3893 rege
3138 3819 3375 3890 negavit.

1783 3911 1932 3969 Dixit
1973 3919 2155 3967 autem
2195 3924 2312 3977 rex,
2364 3909 2508 3982 quod
2550 3908 2682 3965 illud
2726 3910 2872 3981 quod
2919 3911 3151 3979 dicebat,
3202 3925 3380 3982 neque

1777 4005 2069 4079 iudicando
2091 4004 2316 4069 diceret,
2333 4002 2479 4074 quod
2503 4011 2683 4059 tamen
2706 4001 2852 4072 juste
2877 4009 2933 4059 et
2956 4002 3375 4067 rationabiliter,

1721 4166 1727 4172 _
1785 4098 1928 4155 sicut
1954 4095 2087 4160 dixi,
2127 4094 2230 4150 iste
2260 4092 2419 4149 aliter
2462 4107 2571 4149 non
2608 4091 2853 4159 fecisset,
2898 4092 3007 4149 dici
3050 4102 3108 4149 et
3143 4091 3379 4164 iudicari

1782 4195 1990 4261 posset.
2028 4184 2112 4241 Me
2144 4194 2325 4241 autem
2368 4192 2499 4241 tunc
2536 4183 2885 4256 persistente,
2920 4184 3063 4255 quod
3094 4184 3240 4239 satis
3285 4183 3379 4237 ha-

1785 4281 1917 4338 bere
1940 4293 2156 4353 possem
2180 4277 2247 4334 de
2280 4276 2418 4335 meis
2448 4276 2543 4348 qui
2567 4292 2631 4333 ea
2662 4292 2782 4347 quae
2809 4276 3057 4333 dicebam
3075 4275 3382 4331 veridicare

1788 4373 2055 4439 valerent,
2082 4372 2314 4428 domnus
2342 4386 2441 4428 rex
2470 4371 2663 4428 videns
2692 4370 2766 4427 ibi
2795 4385 3016 4428 causam
3066 4384 3174 4425 non
3223 4384 3385 4440 posse

85 4453 374 4523 comitatu,
406 4470 572 4529 quam
609 4466 665 4512 et
690 4457 769 4515 de,
803 4433 1028 4527 reliquis
1067 4455 1421 4513 circumcirca
1450 4433 1669 4527 positis,

1790 4463 1961 4532 finiri,
1983 4433 2193 4520 distulit
2212 4476 2333 4518 eam
2365 4478 2538 4534 usque
2562 4462 2690 4518 dum
2720 4476 2753 4516 a
2790 4458 3115 4518 Silvanectis
3147 4433 3389 4518 reverte-

86 4544 501 4622 depopnlatique
527 4550 777 4606 eamdem
801 4549 1007 4606 fuerint
1038 4549 1261 4618 silvam,
1297 4551 1414 4623 ipso
1437 4546 1679 4608 Grivone

85 4649 372 4709 pmsente,
399 4655 465 4698 ac
496 4641 819 4714 quibusdam
845 4640 1060 4698 villanis
1092 4656 1214 4697 eam
1240 4642 1525 4710 vendente,
1553 4643 1678 4714 qui-

86 4735 312 4794 busdam
337 4739 690 4811 perdonante,
721 4737 1097 4810 audierimque
1126 4739 1262 4807 haec,
1291 4748 1351 4796 ut
1380 4747 1512 4811 puta
1540 4739 1686 4796 sicut

89 4828 154 4884 de
182 4838 295 4887 tam
325 4833 592 4907 vulganda
624 4846 715 4900 re,
752 4831 1217 4905 sustinuerimque
1245 4848 1419 4905 usque
1454 4833 1524 4890 ad
1560 4832 1680 4905 pla-

83 4924 247 4982 citum
276 4927 421 4999 quod
447 4928 495 4986 ei
524 4926 961 5000 designaveram.
996 4924 1097 4995 Qui
1135 4927 1262 4984 dum
1293 4942 1402 4983 non
1440 4926 1675 4995 venerit,

81 5032 180 5075 nee
206 5019 435 5078 missum
479 5038 591 5081 suae
631 5019 1001 5077 excusationis
1039 5020 1109 5077 ad
1158 5036 1245 5078 me
1287 5021 1672 5090 transmiserit,

75 5107 185 5180 jam
217 5117 435 5176 tandem
458 5118 707 5179 miserim
728 5116 930 5174 rescire
959 5117 1007 5174 si
1030 5133 1160 5176 vera
1179 5128 1361 5177 essent
1385 5134 1506 5193 qua:
1526 5120 1678 5176 diee-

80 5202 305 5275 bautur;
338 5208 755 5283 invenerintque
776 5208 926 5267 missi
948 5210 1055 5266 mei
1076 5213 1327 5269 eamdem
1345 5212 1538 5269 silvam
1560 5210 1680 5268 sine

1790 4566 1947 4615 retur
1974 4557 2031 4615 in
2073 4554 2324 4629 sequenti
2350 4554 2689 4612 hebdomada
2717 4553 2854 4611 feria
2878 4563 3108 4627 quarta;
3140 4568 3265 4637 nam
3295 4553 3387 4609 illa

1792 4650 1911 4708 dies
1930 4664 2039 4723 quo
2068 4650 2187 4707 haec
2215 4655 2338 4705 acta
2373 4658 2502 4705 sunt
2526 4648 2644 4706 dies
2671 4648 2986 4706 Dominicus
3010 4655 3132 4706 erat
3156 4664 3176 4705 :
3201 4647 3393 4718 jussit-

1793 4759 1901 4816 que
1950 4752 2010 4801 ut
2048 4741 2302 4801 homines
2342 4756 2495 4799 meos
2539 4737 2704 4811 hujus
2752 4741 2833 4797 rei
2882 4742 3134 4801 conscios
3180 4754 3400 4798 mecum

1730 4914 1735 4917 ‘
1791 4837 2144 4906 adducerem,
2170 4843 2251 4913 get
2296 4834 2383 4893 sic
2421 4851 2587 4894 causa
2651 4833 2919 4906 ﬁniretur,
2975 4834 3120 4908 quod
3147 4842 3205 4889 et
3249 4833 3403 4906 feci,

1794 4932 1995 5004 dieque
2043 4939 2251 4990 statuta
2297 4929 2475 4999 adfui,
2504 4929 2604 4988 sed
2637 4940 2741 4984 nec
2776 4926 3100 4996 Actardum,
3132 4940 3233 4982 nec
3271 4924 3410 4983 Rai-

1796 5023 2065 5092 nelmum,
2111 5037 2215 5103 nec
2262 5017 2530 5081 Joannem
2581 5018 2894 5094 episcopos,
2954 5022 3047 5095 qui
3084 5012 3416 5091 cognitores

1790 5116 1926 5174 mihi
1968 5134 2002 5175 a
2046 5117 2206 5176 vobis
2249 5112 2369 5171 dati
2424 5116 2666 5193 fuerant,
2714 5123 2771 5171 et
2814 5117 2923 5176 nisi
2959 5113 3410 5188 judicioteorum

1791 5210 2281 5271 contradicendum
2307 5192 2587 5282 putarem.
2618 5192 2705 5265 ad“
2726 5213 3107 5283 synodum“
3148 5216 3418 5304 P,'°Vf"i“ﬁ
