3904 5304
516 350 657 413 £035

516 489 626 533 non
675 461 1000 534 contempsi,
1054 455 1312 530 quoniam
1365 451 1441 509 ita
1490 445 1641 507 sicut
1687 450 1957 516 praemons

514 576 697 625 causa
740 556 890 617 adfui
934 571 950 611 :
1001 566 1104 613 nec
1146 548 1346 609 decere
1396 535 1819 615 magnitudinem
1863 536 2102 587 vestram

521 844 849 903 documento
892 822 1125 908 probare
1161 824 1436 903 potuistis.

595 934 671 991 De
696 946 764 1007 eo
793 893 924 985 vero
960 922 1105 998 quod
1131 893 1337 985 dicitis,
1363 914 1482 972 sine
1523 908 1632 967 ulla
1670 899 1996 963 necessitate
2023 893 2107 951 vel

524 1001 734 1087 ratione
755 1023 882 1096 fuga
910 989 1144 1091 lapsum,
1171 1013 1345 1073 lateor
1376 1021 1477 1066 nec
1517 1001 1658 1061 ratio
1682 1013 1784 1056 nec
1811 989 2111 1053 necessitas

524 1123 641 1179 fore
687 1083 982 1179 debuisset
1010 1103 1317 1169 devenienti
1351 1102 1407 1159 in
1451 1098 1552 1157 hos
1593 1094 1731 1151 ﬁnes
1788 1083 2110 1145 saeculorum

526 1214 585 1275 in
611 1210 748 1271 mibi
772 1207 976 1272 facere,
1000 1201 1095 1275 qui
1121 1208 1392 1270 nusquam
1417 1189 1504 1247 vel
1530 1196 1803 1257 nunquam
1835 1179 1891 1237 in
1929 1175 2112 1247 aliquo

525 1270 719 1364 contra
745 1270 1072 1374 quemquam
1092 1289 1223 1365 quid
1242 1288 1348 1363 egi,
1377 1299 1477 1358 pro
1496 1295 1605 1355 quo
1634 1274 1765 1334 mibi
1805 1270 1990 1374 fugere
2016 1280 2114 1338 per

527 1401 796 1459 rationem
843 1390 1145 1453 necessitas
1187 1362 1356 1448 essm,
1399 1388 1494 1436 aut
1539 1370 1799 1451 dili'ugere
1846 1362 2115 1420 rationem

524 1496 743 1556 occasio
770 1490 1131 1550 incumberet.
1161 1482 1229 1540 Et
1268 1479 1392 1536 ideo
1423 1475 1613 1548 iugere
1642 1465 1774 1525 mibi
1805 1471 1993 1521 contra
2024 1472 2117 1513 ra-

528 1591 733 1648 tionem
778 1590 1078 1650 contraque
1124 1586 1316 1632 omnes
1364 1567 1513 1639 leges
1547 1572 1657 1619 tam
1712 1555 1925 1614 divinas
1953 1563 2117 1625 quam

527 1680 794 1739 humanas
823 1641 1046 1733 necesse
1094 1680 1218 1725 esse
1269 1676 1378 1718 non
1432 1654 1730 1716 debuisset,
1782 1646 1826 1703 si
1882 1641 2021 1698 ratio
2065 1645 2123 1693 et

529 1770 827 1831 auctoritas
846 1765 1099 1823 ordinem
1136 1767 1192 1815 et
1233 1756 1411 1813 locum
1440 1763 1599 1806 suum
1623 1745 1678 1800 in
1708 1756 1795 1798 me
1830 1734 2118 1810 qualicun-

529 1880 637 1941 que
677 1862 935 1936 episcopo
963 1851 1356 1910 vindicassent.
1387 1841 1495 1899 Sed
1521 1840 1662 1897 sicut
1694 1832 1849 1891 vobis
1878 1829 1934 1885 in
1967 1825 2121 1883 initio

1320 1939 1329 1941 _
1629 1927 1700 1941 ,,
1783 1923 1832 1941 ,,
2021 1916 2084 1941 Μ,

529 1916 797 2019 ἶιιὶιδῶοἰ
826 1916 1100 2014 mandavi,
1133 1939 1332 1999 Silvaci
1371 1948 1582 1992 memor
1626 1927 1704 1983 fui
1745 1923 1837 1981 ubi
1878 1936 1976 1976 vos
2019 1916 2119 1972 ad-

759 2044 910 2120 quod
944 2012 1247 2098 mihivnihil
1275 2028 1481 2106 profuit
1512 2023 1606 2081 sed
1657 2016 1851 2083 obfuit,
1890 2012 1981 2085 qui
2021 2022 2121 2083 pro

528 2162 596 2207 eo
620 2105 963 2203 solummodo
1008 2137 1253 2190 retentus
1277 2105 1380 2190 l'ui,
1407 2136 1477 2177 ne
1512 2117 1742 2175 Romam
1770 2105 1953 2166 domui
1994 2116 2123 2175 apo-

750 2197 1038 2308 pratceptis
1058 2222 1318 2283 obediens
1362 2217 1521 2281 irem,
1549 2208 1693 2284 quod
1722 2221 1753 2261 a
1784 2197 1980 2308 saeculo
2014 2210 2125 2252 non

527 2294 712 2393 estde
1005 2321 1073 2376 ab
1093 2310 1364 2390 episcopis
1389 2303 1656 2363 auditum.
1681 2299 1761 2357 De
1775 2294 1909 2400 luga
1941 2297 2125 2401 auten:

530 2443 642 2500 qua
670 2379 1207 2500 me‘rreprehenditis,
1250 2419 1360 2463 non
1389 2415 1490 2472 ego
1534 2395 1628 2467 qui
1678 2388 1811 2449 nihil
1839 2398 1990 2451 sum;
2030 2379 2127 2437 sed

533 2478 731 2578 cuncto
770 2478 891 2571 orbi
935 2519 1073 2581 papa
1090 2489 1443 2559 ‘venerandus
1464 2501 1518 2549 et
1539 2478 1865 2545 venerabilis
1896 2490 2125 2547 respon-

534 2567 901 2669 (Erimus,
1047 2593 1295 2655 scribens
1315 2586 1384 2645 ad
1424 2580 1738 2644 Eusebium,
1764 2567 2125 2669 'lli‘eognium,

534 2655 1295 2761 Tlt‘eodorum'acBeriutum,
1324 2676 1668 2748 reliquosque
1720 2667 1787 2721 ad
1825 2655 2129 2720 Orientales

514 2751 1031 2869 .e-pifseoposupist.
1067 2764 1130 2835 il
1170 2776 1238 2832 ad
1270 2766 1500 2842 Orient.)
1542 2783 1555 2820 :
1609 2782 1627 2815 ι
1676 2759 1845 2833 igitur
1886 2754 1951 2810 de
1982 2751 2129 2824 fuga,

536 2843 700 2960 super
719 2843 827 2955 qua
839 2843 1198 2935 Athanasium
1222 2856 1637 2938 reprehenditis,
1651 2868 1758 2909 non
1782 2855 1929 2905 recte
1949 2843 2131 2917 agitis,

1242 2958 1252 2960 _
1504 2948 1554 2960 ..
1608 2946 1622 2960 .
1658 2957 1703 2960 Η
1748 2936 1977 2960 ,μμ-ε,-
2002 2934 2131 2960 Mm

536 2934 658 3035 cuin
681 2934 797 3047 ipse
811 2966 1073 3027 Dominus
1095 2934 1407 3016 mandatum
1432 2948 1587 3007 nobis
1608 2946 1713 3000 hoc
1737 2936 1977 2997 dederit:
2001 2934 2136 2989 Cum

535 3024 792 3142 psrsecruti
839 3075 927 3116 vos
976 3051 1172 3127 fuerint
1227 3049 1285 3102 in
1337 3055 1498 3099 unam
1540 3037 1822 3097 ciuitatem,
1871 3026 2034 3100 fugite
2078 3024 2136 3078 in

537 3119 948 3229 (Matth.
976 3119 1058 3218 'x).
1090 3144 1158 3201 Et
1201 3140 1317 3212 ipse
1344 3134 1604 3197 Dominus
1642 3141 1740 3198 per
1783 3119 2135 3190 semetipsum

538 3211 846 3323 exemplum
877 3211 1278 3302 demonstrans,
1314 3226 1531 3301 quando
1556 3215 1818 3279 Pharisaei
1846 3211 2135 3270 consilium

536 3309 788 3405 fecerunt
815 3337 1080 3395 adversus
1110 3343 1236 3385 eum
1276 3331 1336 3380 ut
1378 3317 1715 3378 occiderent,
1744 3309 1913 3365 sciens
1960 3311 2136 3358 autent

537 3394 961 3497 desit-svdisccssit
1002 3422 1124 3480 inde
1153 3414 1372 3492 (Matth.
1408 3410 1543 3482 xu);
1581 3416 1636 3462 et
1672 3403 1800 3497 alibi
1834 3419 1847 3455 :
1882 3395 1924 3452 Τ
1930 3394 2137 3452 ulerunt

536 3528 743 3602 lapides
782 3520 964 3581 Iudici
998 3526 1055 3572 ut
1082 3490 1343 3567 mitterent
1374 3514 1534 3577 super
1563 3514 1714 3563 eum;
1761 3490 1916 3549 Iesus
1964 3497 2139 3543 autem

537 3583 814 3679 abrscomtt't
858 3630 941 3681 se,
988 3619 1035 3665 et
1066 3605 1221 3662 exiuit
1260 3602 1325 3656 de
1377 3593 1592 3667 templo,
1639 3598 1687 3644 et
1742 3583 2003 3639 transiens
2048 3592 2141 3649 per

1022 3698 1150 3757 abiit
1178 3693 1335 3768 (Luc.
1366 3704 1440 3753 tv,
1462 3686 1624 3742 Joan.
1655 3680 1802 3750 Vill),
1841 3684 1897 3732 et
1936 3673 2012 3728 ita
2060 3668 2141 3725 di-

545 3805 756 3867 scessit.
790 3800 925 3858 Nam
962 3805 1017 3853 et
1046 3786 1294 3861 discipuli
1322 3789 1544 3857 propter
1591 3784 1792 3833 metum
1831 3768 2139 3827 Judaaorum

549 3901 895 3957 recesserunt
934 3887 1174 3946 celantes
1215 3877 1539 3947 semetipsos
1566 3870 1747 3944 (Joan.
1778 3864 1894 3937 xx),
1923 3870 1977 3918 et
2001 3860 2143 3916 Pau-

551 3992 638 4051 lus
667 3990 723 4046 in
763 3988 1029 4043 Damasco
1056 3993 1085 4033 a
1116 3971 1364 4050 principe
1396 3966 1574 4041 gentis
1608 3959 1866 4035 qumsitus
1890 3956 1960 4011 de
1984 3964 2143 4008 muro

551 4085 608 4142 in
638 4088 822 4156 sporta
854 4042 1136 4148 depositus
1176 4074 1280 4134 est,
1306 4042 1367 4121 et
1391 4072 1588 4117 manus
1615 4047 1910 4126 quaerentis
1957 4042 2145 4114 effugit

554 4177 639 4255 (Il
667 4137 809 4237 ‘Cor.
838 4137 943 4244 XI);
975 4175 1032 4225 et
1064 4163 1158 4221 alii
1196 4151 1582 4234 quamplurimi
1625 4159 1680 4205 et
1721 4137 2144 4205 innumerabiles

548 4238 749 4338 sancti,
783 4238 911 4325 tam
939 4264 997 4321 in
1020 4256 1205 4316 Veteri
1252 4266 1412 4325 quam
1463 4248 1517 4303 in
1570 4243 1721 4300 Novo
1769 4238 2143 4299 Testamento,

779 4359 1051 4432 leguntur.
1078 4348 1138 4408 Si
1165 4362 1296 4420 ergo
1322 4341 1505 4416 fugam
1532 4329 1911 4409 improperatis
1936 4325 2147 4398 fugien-

552 4416 718 4523 tibuus,
747 4416 1056 4511 em'bescite
1098 4416 1279 4516 potius
1308 4430 1581 4507 persequi,
1620 4437 1673 4484 et
1701 4422 1963 4496 quiescite
2007 4416 2145 4473 insi-

552 4547 715 4616 diari,
766 4510 1156 4625 quiescentque
1211 4529 1467 4589 continuo
1516 4521 1803 4595 fugientes.
1852 4513 1986 4570 Nam
2029 4510 2146 4566 sive

554 4605 835 4716 perimatis
866 4648 981 4700 eos,
1036 4605 1182 4686 mors
1219 4630 1406 4680 contra
1445 4631 1543 4672 vos
1576 4626 1791 4684 semper
1835 4605 2139 4669 exclamat;

1472 4712 1482 4716 _
1595 4706 1647 4716 ._
1790 4702 1802 4715 ,
1908 4714 1939 4716 η
2017 4695 2138 4716 mu

554 4737 670 4797 sive
700 4744 891 4790 rursus
922 4723 1111 4782 exsilia
1141 4712 1537 4790 superponatis,
1559 4706 1760 4777 ubique
1789 4702 1842 4757 in
1881 4714 1979 4755 vos
2012 4695 2143 4753 mali

557 4823 878 4889 memoriam
907 4815 1180 4876 destinare
1202 4786 1508 4869 noscimini,
1542 4808 1599 4855 et
1634 4794 1709 4852 illi
1752 4789 2001 4866 patiendo
2040 4786 2144 4843 sibi

631 4934 646 4938 -
659 4917 688 4938 Ω
704 4917 844 4938 -Ξ--.,ι

1553 322 1887 389 HlNCMABl
1923 304 2409 381 LUGDUNENSIS
2448 293 2750 367 EPISCOPI

1961 428 2099 490 travi
2127 430 2180 491 Α
2204 419 2361 496 quasi
2390 411 2666 487 exemplar
2711 402 3047 473 earumdem,
3080 399 3263 473 legere
3298 408 3390 452 me
3433 396 3705 464 rogantes.
3730 400 3777 442 et

3654 274 3770 333 tua;

2209 481 2290 571 sic
2319 508 2504 568 statim
2530 481 2655 561 inde
2680 497 3028 572 respondere,
3057 501 3114 549 et
3137 497 3196 547 ut
3221 488 3514 563 perlegens
3537 482 3593 539 id
3624 481 3776 552 ipsum

1938 632 2104 678 οηυιιι
2207 599 2487 673 exemplar
2505 595 2658 653 vobis
2678 571 2928 666 protinus
2949 584 3232 644 redderem
3260 575 3623 653 praecepistis.
3651 571 3782 628 Sicut

2213 889 2337 937 sunt
2371 878 2426 933 in
2460 876 2651 931 eodem
2677 869 2952 927 Attiniaco
2981 880 3012 921 a
3035 866 3235 920 domno
3277 871 3413 929 rege
3456 869 3561 926 per
3609 850 3787 922 aliquot

2213 968 2330 1025 dies
2363 980 2485 1038 quae
2517 964 2629 1037 visa
2666 970 2812 1019 sunt.
2844 957 2979 1016 Cum
3006 962 3187 1011 autem
3229 949 3621 1020 designaretur
3660 944 3790 998 nobis

2214 1059 2330 1117 dies
2375 1033 2588 1121 certus,
2626 1034 2691 1108 in
2746 1064 2853 1123 quo
2908 1043 3185 1119 synodalia
3226 1049 3446 1096 tantum
3500 1033 3789 1091 debuissent

2214 1149 2489 1216 ventilari,
2521 1148 2614 1221 qui
2650 1144 2864 1202 futurus
2891 1148 3008 1198 erat
3043 1146 3198 1195 sexta
3242 1131 3406 1199 feria,
3456 1127 3677 1188 adveni,
3714 1140 3791 1181 vus

2216 1253 2398 1301 autem
2428 1214 2657 1311 contigit
2675 1250 2783 1292 non
2819 1230 3056 1289 venisse.
3083 1227 3288 1284 Omnes
3316 1234 3544 1294 quoque
3569 1214 3791 1273 haurias

2218 1336 2327 1396 mei
2363 1336 2432 1392 ad
2460 1307 2654 1391 causas
2697 1326 2907 1385 banniti
2940 1330 3083 1388 sunt,
3116 1321 3191 1376 ita
3238 1325 3300 1374 ut
3346 1328 3455 1370 nec
3502 1322 3647 1367 unus
3692 1307 3792 1363 Μ

2218 1431 2455 1491 redirem
2506 1427 2576 1484 ab
2620 1423 2812 1482 eodem
2839 1418 3041 1493 palatio
3071 1429 3160 1471 me
3185 1410 3341 1482 sequi
3384 1406 3693 1480 permissu
3725 1402 3791 1456 sit

2218 1521 2562 1580 Nortmanno
2588 1516 2693 1572 hoc
2727 1492 2923 1585 agente
2937 1522 3048 1580 .pro
3073 1503 3201 1561 villa
3237 1498 3533 1564 Pauiiaco,
3576 1509 3644 1551 eo
3680 1492 3794 1564 qm!

2221 1616 2369 1673 illam
2400 1608 2751 1670 concessione
2774 1602 2942 1677 regis,
2968 1609 3023 1656 et
3051 1593 3353 1670 apostolica
3384 1591 3561 1648 etiam
3590 1596 3651 1643 ut
3674 1584 3798 1641 scitis

2223 1704 2552 1763 auctoritate
2579 1698 2864 1770 recipiens,
2899 1708 2985 1749 me
3011 1689 3175 1747 iidem
3210 1685 3472 1743 homines
3496 1682 3555 1737 in
3582 1677 3798 1736 eamdem

2150 1798 2198 1861 B
2222 1801 2409 1859 villam
2436 1795 2607 1855 secuti
2631 1800 2799 1850 sunt:
2838 1803 2959 1845 cum
2987 1794 3191 1850 tamen,
3222 1781 3271 1836 si
3297 1794 3405 1835 nec
3433 1774 3578 1832 mihi
3607 1785 3799 1829 conus.

2224 1896 2379 1954 sione
2408 1891 2558 1964 regia
2582 1887 2922 1948 redderetur,
2948 1880 3076 1952 quia
3106 1877 3161 1932 in
3188 1870 3458 1947 parochi:
3488 1867 3628 1924 mihi
3661 1881 3692 1920 a
3714 1865 3799 1919 Deo

2226 1959 2498 2048 concessa.
2512 1982 2701 2039 eadem
2737 1974 2987 2035 consistit
3024 1969 3170 2034 villa,
3215 1961 3479 2023 excusari
3511 1959 3796 2017 debuerim.

2224 2083 2271 2141 si
2299 2075 2598 2147 me,‘cujus
2640 2070 3001 2130 ministerium
3047 2066 3223 2136 ipsam
3277 2054 3535 2116 intrandi
3564 2050 3791 2110 canorum

2226 2144 2523 2234 sanctione
2539 2175 2679 2233 erat,
2708 2165 2764 2221 in
2806 2163 2953 2219 illam
2983 2165 3369 2230 sequerentur.
3428 2149 3547 2206 Sed
3592 2148 3725 2203 miro
3756 2144 3797 2197 in

2225 2268 2389 2327 modo
2443 2278 2581 2321 nova
2633 2260 2752 2333 lege
2804 2265 2983 2313 actum
3011 2259 3118 2318 est,
3152 2259 3214 2305 ut
3260 2248 3383 2318 ipse
3441 2241 3796 2301 Nonum,

2210 2362 2417 2432 ‘raptor
2438 2371 2505 2412 ac
2543 2365 2825 2411 sacrarum
2858 2360 3039 2404 rerum
3069 2355 3359 2415 pervasor,
3393 2334 3545 2392 unde
3578 2343 3632 2389 et
3662 2329 3799 2387 sacri.

2228 2421 2403 2525 iegus,
2429 2447 2560 2520 quin
2583 2454 2639 2503 et
2661 2442 2765 2499 nisi
2790 2457 2855 2497 ex
2886 2439 2971 2495 bis
2997 2434 3161 2492 rebus
3183 2445 3243 2488 se
3272 2437 3515 2487 exueret
3547 2421 3802 2496 δικαιῶ

2232 2548 2556 2608 auctoritate
2616 2536 3119 2601 exeommuuicatus
3146 2573 3161 2597 ,
3225 2541 3446 2601 perque
3497 2522 3611 2580 oris
3672 2515 3803 2573 vesti

2232 2640 2491 2705 ofﬁcium,
2531 2642 2594 2692 ut
2634 2649 2692 2691 se
2728 2626 3053 2689 authentica:
3083 2623 3283 2678 litterae
3326 2615 3495 2674 vobis
3540 2608 3803 2669 rnin

2233 2738 2384 2803 bent,
2416 2727 2781 2804 repellendus,
2812 2740 2843 2781 a
2876 2736 2965 2779 me
2991 2719 3157 2776 etiam
3188 2705 3805 2787 qualicunqu

2232 2845 2334 2903 pro
2362 2794 2686 2899 specialibus
2710 2820 2765 2876 in
2792 2813 3021 2873 ecclesia
3070 2805 3434 2867 Laudunensi
3482 2799 3726 2858 admissis
3755 2794 3804 2848 ὼ

2236 2887 2469 2979 ecclesia
2496 2918 2888 2985 sequestratus,
2913 2922 3021 2963 non
3051 2903 3237 2973 exegit
3280 2899 3415 2956 talis
3460 2895 3645 2951 taliter
3665 2887 3805 2947 em-

2238 3025 2369 3068 vere
2407 3022 2529 3082 quae
2550 3020 2660 3062 non
2706 3000 3006 3074 rapuimus,
3033 3010 3137 3052 nec
3166 2991 3429 3065 rapinam
3459 2983 3704 3044 arbitrati
3736 2995 3803 3035 sl-

2246 3118 2367 3159 mus
2411 3080 2519 3156 tam
2563 3097 2724 3169 digna
2764 3092 3019 3165 aequitate
3050 3086 3138 3143 vel
3170 3100 3300 3143 sero
3324 3098 3454 3156 qua:
3482 3088 3666 3137 nostra
3688 3080 3804 3132 east

2163 3176 2209 3241 (ἶ
2242 3192 2553 3266 recipiendo
2582 3166 2879 3262 possidere,
2913 3196 3032 3257 qum
3074 3180 3193 3251 ipse
3235 3186 3353 3233 tam
3390 3173 3631 3231 nefanda

2243 3257 2491 3348 tate-non
2521 3257 2804 3359 pertimuit
2850 3295 2949 3352 per
2998 3285 3077 3333 tot
3123 3288 3304 3329 annos
3363 3268 3678 3340 diripuisse.
3722 3257 3803 3316 Nar

2240 3352 2561 3456 profuerunt
2592 3378 2710 3435 haec
2734 3388 2856 3446 quae
2892 3372 3035 3428 intra
3056 3365 3473 3440 plenitudinem
3498 3352 3805 3431 Cupitum!-

2243 3491 2365 3535 rum
2419 3472 2602 3530 domui
2648 3467 2827 3527 Caroli
2877 3481 2943 3522 ac
2996 3459 3258 3519 Ludovici
3312 3458 3706 3529 imperatorum
3746 3460 3804 3500 as-

2244 3577 2458 3640 sumpta
2490 3573 2617 3623 sunt
2644 3564 2726 3620 sic
2757 3579 2772 3617 :
2828 3577 2847 3613 t
2882 3559 3233 3629 Quaecunque
3276 3568 3309 3608 a
3354 3551 3593 3625 singulis
3638 3544 3805 3615 εἳεῆεὲ

2246 3663 2391 3719 circa
2438 3662 2813 3715 sacrosanctas
2860 3649 3132 3708 Eeclesias
3195 3654 3328 3703 sunt
3389 3643 3701 3700 constituta,
3745 3630 3802 3684 vel

2248 3749 2444 3825 singuli
2496 3750 2697 3821 quique
2738 3742 3013 3801 antistites
3047 3753 3148 3813 pro
3192 3735 3431 3808 singulis
3475 3725 3807 3788 ecclesiasticis

2188 3852 2191 3853 ⁷
2250 3815 2648 3919 impetrarunt,
2700 3841 2801 3897 sub
2855 3850 3016 3910 poma
3077 3828 3358 3903 sacrilegii
3409 3828 3535 3900 jugi
3580 3833 3630 3879 et
3679 3815 3807 3875 solii:

2248 3938 2555 3996 aeternitate
2595 3942 2900 3991 serventur.
2925 3924 3121 3985 Clerici
3155 3923 3324 3979 etiam
3365 3935 3481 3975 non
3513 3910 3808 3974 saeuientes

2241 4031 2551 4106 indicibus,
2608 4024 2709 4083 sed
2768 4017 3063 4103 episcopali
3125 4012 3429 4071 audientiae
3493 4010 3807 4065 reserventur.

2249 4096 2354 4179 'Fas
2383 4122 2529 4177 enim
2563 4135 2670 4175 non
2701 4124 2786 4174 est
2822 4121 2887 4171 ut
2928 4097 3099 4167 divini
3144 4106 3461 4165 subdantur
3504 4096 3809 4158 arbitrisa-

2195 4230 2198 4237 ‘
2249 4214 2438 4272 culari.
2474 4232 2492 4265 ι

2320 4344 2453 4391 item
2487 4333 2542 4386 in
2573 4326 2779 4385 elsdem
2807 4339 2820 4378 :
2852 4339 2870 4372 σ
2907 4312 3168 4392 Synodali
3201 4312 3431 4368 decreto
3459 4304 3808 4365 sancitumest.

2251 4443 2321 4485 ue
2343 4424 2468 4483 laici
2498 4420 2583 4479 vel
2622 4415 2912 4475 saeculares
2938 4390 3005 4468 de
3035 4405 3173 4463 viris
3207 4403 3324 4460 Deo
3354 4399 3559 4455 dicatis
3584 4390 3809 4450 eules-ir

2170 4545 2229 4608 ι)
2252 4538 2359 4596 que
2387 4515 2738 4576 facultatibus
2759 4508 2962 4585 aliquid
2988 4506 3057 4562 ad
3096 4517 3159 4565 se
3192 4508 3390 4575 putent
3416 4495 3505 4553 vel
3528 4494 3807 4568 prnsurust

2255 4621 2455 4689 praeter
2486 4604 2846 4667 reverentiam
2874 4597 3184 4672 pertinere,
3235 4604 3474 4664 quorum
3520 4588 3805 4656 quarum!

2253 4700 2632 4768 sacerdotibus
2659 4691 2979 4769 disponendi
3010 4687 3318 4745 indiscusse
3343 4699 3377 4738 a
3404 4682 3520 4738 Deo
3545 4693 3675 4735 cura
3698 4686 3807 4728 eol-

2255 4802 2420 4858 missa
2446 4797 2691 4852 docetur.
2738 4786 2799 4844 Si
2832 4783 2955 4857 quis
2984 4788 3178 4837 contra
3209 4778 3327 4833 lucc
3374 4772 3567 4831 venire
3596 4775 3790 4840 presse

907 4852 1180 4876 υῦυιιιιιιιν
1204 4852 1508 4869 ..νυν-κ-----,
1553 4852 1569 4855 ,
1752 4852 1769 4866 ⁸

904 4931 919 4938 -
978 4904 1177 4938 Lunata
1216 4903 1399 4938 ςιηηιιρ
1432 4888 1773 4938 necessitatis
1818 4900 1976 4938 mea}.
2021 4881 2129 4937 lice‘

2257 4892 2447 4938 nem-il-
2482 4885 2827 4938 anathemate
2856 4877 3102 4934 feriatur.
3142 4893 3161 4925 .-
3194 4870 3332 4926 Πρω
3365 4867 3423 4924 in
3448 4865 3657 4923 eisdem
3681 4879 3695 4913 :
3719 4877 3733 4905 ί
3758 4852 3809 4908 οἳ
