  <div class='ocr_page' id='page_1' title='image "/cluster/home/n/w/nwhite01/storage/ocr_20150623/124/hvd.32044011218096/524.png"; bbox 0 0 3904 5304; ppageno 0'>
   <div class='ocr_carea' id='block_1_1' title="bbox 64 417 192 483">
    <p class='ocr_par' dir='ltr' id='par_1_1' title="bbox 64 417 192 483">
     <span class='ocr_line' id='line_1_1' title="bbox 64 417 192 483; baseline -0.047 0"><span class='ocrx_word' id='word_1_1' title='bbox 64 417 192 483; x_wconf 66' lang='grc' dir='ltr'><strong>ιοει</strong></span> 
     </span>
    </p>
   </div>
   <div class='ocr_carea' id='block_1_2' title="bbox 1233 414 2138 480">
    <p class='ocr_par' dir='ltr' id='par_1_2' title="bbox 1233 414 2138 480">
     <span class='ocr_line' id='line_1_2' title="bbox 1233 414 2138 480; baseline -0.002 -1"><span class='ocrx_word' id='word_1_2' title='bbox 1233 418 1593 480; x_wconf 66' lang='grc' dir='ltr'><strong>οιιυεαυω</strong></span> <span class='ocrx_word' id='word_1_3' title='bbox 1626 414 1724 479; x_wconf 74' lang='lat' dir='ltr'><strong>ET</strong></span> <span class='ocrx_word' id='word_1_4' title='bbox 1759 416 2138 480; x_wconf 71' lang='lat' dir='ltr'><strong>EPISTOLIE.</strong></span> 
     </span>
    </p>
   </div>
   <div class='ocr_carea' id='block_1_3' title="bbox 3176 424 3313 480">
    <p class='ocr_par' dir='ltr' id='par_1_3' title="bbox 3176 424 3313 480">
     <span class='ocr_line' id='line_1_3' title="bbox 3176 424 3313 480; baseline 0.015 -1"><span class='ocrx_word' id='word_1_5' title='bbox 3176 424 3313 480; x_wconf 67' lang='lat'><strong>{038</strong></span> 
     </span>
    </p>
   </div>
   <div class='ocr_carea' id='block_1_4' title="bbox 59 536 3315 613">
    <p class='ocr_par' dir='ltr' id='par_1_4' title="bbox 59 536 3315 613">
     <span class='ocr_line' id='line_1_4' title="bbox 59 536 3315 613; baseline 0 -15"><span class='ocrx_word' id='word_1_6' title='bbox 59 555 248 612; x_wconf 89' lang='lat' dir='ltr'><strong>scopus</strong></span> <span class='ocrx_word' id='word_1_7' title='bbox 298 536 508 607; x_wconf 73' lang='lat' dir='ltr'><strong>injuria:</strong></span> <span class='ocrx_word' id='word_1_8' title='bbox 565 537 825 595; x_wconf 76' lang='lat' dir='ltr'><strong>ultionem</strong></span> <span class='ocrx_word' id='word_1_9' title='bbox 879 538 1166 608; x_wconf 74' lang='lat' dir='ltr'><strong>deposcat,</strong></span> <span class='ocrx_word' id='word_1_10' title='bbox 1222 538 1308 593; x_wconf 91' lang='lat' dir='ltr'><strong>cui</strong></span> <span class='ocrx_word' id='word_1_11' title='bbox 1370 538 1631 594; x_wconf 72' lang='lat' dir='ltr'><strong>sanctitas</strong></span> <span class='ocrx_word' id='word_1_12' title='bbox 1660 544 1711 601; x_wconf 82' lang='grc' dir='ltr'>Α</span> <span class='ocrx_word' id='word_1_13' title='bbox 1737 542 2086 596; x_wconf 79' lang='lat' dir='ltr'><strong>commissum</strong></span> <span class='ocrx_word' id='word_1_14' title='bbox 2110 540 2404 595; x_wconf 86' lang='lat' dir='ltr'><strong>admissum</strong></span> <span class='ocrx_word' id='word_1_15' title='bbox 2425 548 2528 605; x_wconf 87' lang='lat' dir='ltr'><strong>est,</strong></span> <span class='ocrx_word' id='word_1_16' title='bbox 2554 554 2674 610; x_wconf 71' lang='lat' dir='ltr'><strong>qua</strong></span> <span class='ocrx_word' id='word_1_17' title='bbox 2692 550 2749 595; x_wconf 92' lang='lat' dir='ltr'><strong>et</strong></span> <span class='ocrx_word' id='word_1_18' title='bbox 2771 542 2825 595; x_wconf 92' lang='lat' dir='ltr'><strong>in</strong></span> <span class='ocrx_word' id='word_1_19' title='bbox 2848 538 3054 613; x_wconf 78' lang='lat' dir='ltr'><strong>legibus</strong></span> <span class='ocrx_word' id='word_1_20' title='bbox 3074 550 3126 598; x_wconf 89' lang='lat' dir='ltr'><strong>et</strong></span> <span class='ocrx_word' id='word_1_21' title='bbox 3154 542 3208 597; x_wconf 93' lang='lat' dir='ltr'><strong>in</strong></span> <span class='ocrx_word' id='word_1_22' title='bbox 3233 558 3315 598; x_wconf 83' lang='lat' dir='ltr'><strong>sa-</strong></span> 
     </span>
    </p>
   </div>
   <div class='ocr_carea' id='block_1_5' title="bbox 59 629 1628 705">
    <p class='ocr_par' dir='ltr' id='par_1_5' title="bbox 59 629 1628 705">
     <span class='ocr_line' id='line_1_5' title="bbox 59 629 1628 705; baseline 0 -18"><span class='ocrx_word' id='word_1_23' title='bbox 59 629 360 705; x_wconf 87' lang='lat' dir='ltr'><strong>ignosceudi</strong></span> <span class='ocrx_word' id='word_1_24' title='bbox 397 630 497 686; x_wconf 90' lang='lat' dir='ltr'><strong>soli</strong></span> <span class='ocrx_word' id='word_1_25' title='bbox 526 629 750 701; x_wconf 76' lang='lat' dir='ltr'><strong>gloriam</strong></span> <span class='ocrx_word' id='word_1_26' title='bbox 802 630 1146 703; x_wconf 88' lang='lat' dir='ltr'><strong>derelinquit,</strong></span> <span class='ocrx_word' id='word_1_27' title='bbox 1183 630 1370 703; x_wconf 81' lang='lat' dir='ltr'><strong>sicque</strong></span> <span class='ocrx_word' id='word_1_28' title='bbox 1418 630 1628 687; x_wconf 86' lang='lat' dir='ltr'><strong>cunctis</strong></span> 
     </span>
    </p>
   </div>
   <div class='ocr_carea' id='block_1_6' title="bbox 58 721 1630 788">
    <p class='ocr_par' dir='ltr' id='par_1_6' title="bbox 58 721 1630 788">
     <span class='ocr_line' id='line_1_6' title="bbox 58 721 1630 788; baseline -0.003 -6"><span class='ocrx_word' id='word_1_29' title='bbox 58 741 159 782; x_wconf 90' lang='lat' dir='ltr'><strong>non</strong></span> <span class='ocrx_word' id='word_1_30' title='bbox 190 723 363 780; x_wconf 88' lang='lat' dir='ltr'><strong>solum</strong></span> <span class='ocrx_word' id='word_1_31' title='bbox 399 723 647 788; x_wconf 89' lang='lat' dir='ltr'><strong>liberum,</strong></span> <span class='ocrx_word' id='word_1_32' title='bbox 680 724 774 778; x_wconf 90' lang='lat' dir='ltr'><strong>sed</strong></span> <span class='ocrx_word' id='word_1_33' title='bbox 806 731 865 778; x_wconf 92' lang='lat' dir='ltr'><strong>et</strong></span> <span class='ocrx_word' id='word_1_34' title='bbox 902 722 1168 779; x_wconf 76' lang='lat' dir='ltr'><strong>laudabile</strong></span> <span class='ocrx_word' id='word_1_35' title='bbox 1216 721 1389 779; x_wconf 86' lang='lat' dir='ltr'><strong>factas</strong></span> <span class='ocrx_word' id='word_1_36' title='bbox 1417 730 1630 779; x_wconf 90' lang='lat' dir='ltr'><strong>atroces</strong></span> 
     </span>
    </p>
   </div>
   <div class='ocr_carea' id='block_1_7' title="bbox 59 812 1630 884">
    <p class='ocr_par' dir='ltr' id='par_1_7' title="bbox 59 812 1630 884">
     <span class='ocr_line' id='line_1_7' title="bbox 59 812 1630 884; baseline -0.001 -13"><span class='ocrx_word' id='word_1_37' title='bbox 59 813 419 872; x_wconf 81' lang='lat' dir='ltr'><strong>sacerdotibus</strong></span> <span class='ocrx_word' id='word_1_38' title='bbox 458 822 554 868; x_wconf 91' lang='lat' dir='ltr'><strong>aut</strong></span> <span class='ocrx_word' id='word_1_39' title='bbox 590 813 854 869; x_wconf 74' lang='lat' dir='ltr'><strong>ministris</strong></span> <span class='ocrx_word' id='word_1_40' title='bbox 897 812 1125 883; x_wconf 84' lang='lat' dir='ltr'><strong>injurias</strong></span> <span class='ocrx_word' id='word_1_41' title='bbox 1150 813 1316 869; x_wconf 92' lang='lat' dir='ltr'><strong>veluti</strong></span> <span class='ocrx_word' id='word_1_42' title='bbox 1356 813 1630 884; x_wconf 87' lang='lat' dir='ltr'><strong>publicum</strong></span> 
     </span>
    </p>
   </div>
   <div class='ocr_carea' id='block_1_8' title="bbox 58 905 1624 977">
    <p class='ocr_par' dir='ltr' id='par_1_8' title="bbox 58 905 1624 977">
     <span class='ocr_line' id='line_1_8' title="bbox 58 905 1624 977; baseline -0.002 -13"><span class='ocrx_word' id='word_1_43' title='bbox 58 908 256 964; x_wconf 82' lang='lat' dir='ltr'><strong>crimen</strong></span> <span class='ocrx_word' id='word_1_44' title='bbox 290 905 563 977; x_wconf 71' lang='lat' dir='ltr'><strong>persequi,</strong></span> <span class='ocrx_word' id='word_1_45' title='bbox 596 921 663 962; x_wconf 90' lang='lat' dir='ltr'><strong>ac</strong></span> <span class='ocrx_word' id='word_1_46' title='bbox 686 906 897 962; x_wconf 85' lang='lat' dir='ltr'><strong>debitas</strong></span> <span class='ocrx_word' id='word_1_47' title='bbox 936 907 1047 963; x_wconf 88' lang='lat' dir='ltr'><strong>reis</strong></span> <span class='ocrx_word' id='word_1_48' title='bbox 1088 907 1320 964; x_wconf 85' lang='lat' dir='ltr'><strong>ultiones</strong></span> <span class='ocrx_word' id='word_1_49' title='bbox 1360 910 1575 965; x_wconf 81' lang='lat' dir='ltr'><strong>mereri.</strong></span> <span class='ocrx_word' id='word_1_50' title='bbox 1606 929 1624 961; x_wconf 76' lang='grc' dir='ltr'><strong>ι</strong></span> 
     </span>
    </p>
   </div>
   <div class='ocr_carea' id='block_1_9' title="bbox 57 980 1631 1074">
    <p class='ocr_par' dir='ltr' id='par_1_9' title="bbox 57 980 1631 1074">
     <span class='ocr_line' id='line_1_9' title="bbox 57 980 1631 1074; baseline -0.001 -17"><span class='ocrx_word' id='word_1_51' title='bbox 57 1000 262 1057; x_wconf 80' lang='lat' dir='ltr'><strong>Nunce</strong></span> <span class='ocrx_word' id='word_1_52' title='bbox 294 980 485 1057; x_wconf 68' lang='lat' dir='ltr'><strong>contra</strong></span> <span class='ocrx_word' id='word_1_53' title='bbox 529 1002 759 1058; x_wconf 86' lang='lat' dir='ltr'><strong>liberum</strong></span> <span class='ocrx_word' id='word_1_54' title='bbox 803 1012 860 1058; x_wconf 90' lang='lat' dir='ltr'><strong>et</strong></span> <span class='ocrx_word' id='word_1_55' title='bbox 907 1002 1173 1059; x_wconf 86' lang='lat' dir='ltr'><strong>laudabile</strong></span> <span class='ocrx_word' id='word_1_56' title='bbox 1218 1013 1303 1059; x_wconf 85' lang='lat' dir='ltr'><strong>est</strong></span> <span class='ocrx_word' id='word_1_57' title='bbox 1350 998 1631 1074; x_wconf 81' lang='lat' dir='ltr'><strong>sacrilegis</strong></span> 
     </span>
    </p>
   </div>
   <div class='ocr_carea' id='block_1_10' title="bbox 54 1092 1633 1166">
    <p class='ocr_par' dir='ltr' id='par_1_10' title="bbox 54 1092 1633 1166">
     <span class='ocr_line' id='line_1_10' title="bbox 54 1092 1633 1166; baseline 0 -16"><span class='ocrx_word' id='word_1_58' title='bbox 54 1108 235 1151; x_wconf 88' lang='lat' dir='ltr'><strong>sacras</strong></span> <span class='ocrx_word' id='word_1_59' title='bbox 265 1108 355 1150; x_wconf 84' lang='lat' dir='ltr'><strong>res</strong></span> <span class='ocrx_word' id='word_1_60' title='bbox 376 1092 656 1161; x_wconf 80' lang='lat' dir='ltr'><strong>invadere,</strong></span> <span class='ocrx_word' id='word_1_61' title='bbox 681 1104 739 1150; x_wconf 87' lang='lat' dir='ltr'><strong>et</strong></span> <span class='ocrx_word' id='word_1_62' title='bbox 772 1094 866 1150; x_wconf 80' lang='lat' dir='ltr'><strong>lilii</strong></span> <span class='ocrx_word' id='word_1_63' title='bbox 889 1095 1136 1152; x_wconf 64' lang='lat' dir='ltr'><strong>ecclesiae</strong></span> <span class='ocrx_word' id='word_1_64' title='bbox 1163 1097 1312 1151; x_wconf 84' lang='lat' dir='ltr'><strong>velut</strong></span> <span class='ocrx_word' id='word_1_65' title='bbox 1337 1096 1415 1151; x_wconf 86' lang='lat' dir='ltr'><strong>rei</strong></span> <span class='ocrx_word' id='word_1_66' title='bbox 1442 1109 1633 1166; x_wconf 73' lang='lat' dir='ltr'><strong>ptenas</strong></span> 
     </span>
    </p>
   </div>
   <div class='ocr_carea' id='block_1_11' title="bbox 54 1186 1632 1260">
    <p class='ocr_par' dir='ltr' id='par_1_11' title="bbox 54 1186 1632 1260">
     <span class='ocr_line' id='line_1_11' title="bbox 54 1186 1632 1260; baseline 0.003 -19"><span class='ocrx_word' id='word_1_67' title='bbox 54 1186 222 1253; x_wconf 88' lang='lat' dir='ltr'><strong>luunt,</strong></span> <span class='ocrx_word' id='word_1_68' title='bbox 248 1187 339 1258; x_wconf 86' lang='lat' dir='ltr'><strong>qui</strong></span> <span class='ocrx_word' id='word_1_69' title='bbox 364 1187 695 1259; x_wconf 84' lang='lat' dir='ltr'><strong>disponente</strong></span> <span class='ocrx_word' id='word_1_70' title='bbox 719 1188 975 1260; x_wconf 89' lang='lat' dir='ltr'><strong>episcopo</strong></span> <span class='ocrx_word' id='word_1_71' title='bbox 999 1204 1097 1245; x_wconf 81' lang='lat' dir='ltr'><strong>eas</strong></span> <span class='ocrx_word' id='word_1_72' title='bbox 1132 1190 1218 1245; x_wconf 78' lang='lat' dir='ltr'><strong>vel</strong></span> <span class='ocrx_word' id='word_1_73' title='bbox 1264 1190 1468 1245; x_wconf 88' lang='lat' dir='ltr'><strong>intrare</strong></span> <span class='ocrx_word' id='word_1_74' title='bbox 1491 1204 1632 1259; x_wconf 71' lang='lat' dir='ltr'><strong>pra!-</strong></span> 
     </span>
    </p>
   </div>
   <div class='ocr_carea' id='block_1_12' title="bbox 54 1281 1633 1355">
    <p class='ocr_par' dir='ltr' id='par_1_12' title="bbox 54 1281 1633 1355">
     <span class='ocr_line' id='line_1_12' title="bbox 54 1281 1633 1355; baseline 0.001 -19"><span class='ocrx_word' id='word_1_75' title='bbox 54 1288 287 1336; x_wconf 86' lang='lat' dir='ltr'><strong>sumunt.</strong></span> <span class='ocrx_word' id='word_1_76' title='bbox 332 1281 440 1336; x_wconf 77' lang='lat' dir='ltr'><strong>Vos</strong></span> <span class='ocrx_word' id='word_1_77' title='bbox 472 1295 690 1352; x_wconf 82' lang='lat' dir='ltr'><strong>quoque</strong></span> <span class='ocrx_word' id='word_1_78' title='bbox 723 1282 777 1337; x_wconf 90' lang='lat' dir='ltr'><strong>in</strong></span> <span class='ocrx_word' id='word_1_79' title='bbox 822 1283 1272 1352; x_wconf 88' lang='lat' dir='ltr'><strong>quatemionibus</strong></span> <span class='ocrx_word' id='word_1_80' title='bbox 1314 1283 1473 1353; x_wconf 89' lang='lat' dir='ltr'><strong>pistis</strong></span> <span class='ocrx_word' id='word_1_81' title='bbox 1520 1281 1633 1355; x_wconf 87' lang='lat' dir='ltr'><strong>regi</strong></span> 
     </span>
    </p>
   </div>
   <div class='ocr_carea' id='block_1_13' title="bbox 54 1371 1632 1445">
    <p class='ocr_par' dir='ltr' id='par_1_13' title="bbox 54 1371 1632 1445">
     <span class='ocr_line' id='line_1_13' title="bbox 54 1371 1632 1445; baseline -0.002 -16"><span class='ocrx_word' id='word_1_82' title='bbox 54 1372 188 1429; x_wconf 84' lang='lat' dir='ltr'><strong>datis</strong></span> <span class='ocrx_word' id='word_1_83' title='bbox 217 1371 320 1428; x_wconf 88' lang='lat' dir='ltr'><strong>hoc</strong></span> <span class='ocrx_word' id='word_1_84' title='bbox 341 1371 633 1443; x_wconf 81' lang='lat' dir='ltr'><strong>capitulum</strong></span> <span class='ocrx_word' id='word_1_85' title='bbox 666 1373 927 1445; x_wconf 79' lang='lat' dir='ltr'><strong>integrius</strong></span> <span class='ocrx_word' id='word_1_86' title='bbox 952 1374 1028 1430; x_wconf 91' lang='lat' dir='ltr'><strong>ita</strong></span> <span class='ocrx_word' id='word_1_87' title='bbox 1054 1375 1312 1445; x_wconf 86' lang='lat' dir='ltr'><strong>posuistis</strong></span> <span class='ocrx_word' id='word_1_88' title='bbox 1348 1391 1412 1429; x_wconf 80' lang='lat' dir='ltr'><strong>ex</strong></span> <span class='ocrx_word' id='word_1_89' title='bbox 1443 1388 1632 1429; x_wconf 89' lang='lat' dir='ltr'><strong>eorum</strong></span> 
     </span>
    </p>
   </div>
   <div class='ocr_carea' id='block_1_14' title="bbox 52 1464 1636 1536">
    <p class='ocr_par' dir='ltr' id='par_1_14' title="bbox 52 1464 1636 1536">
     <span class='ocr_line' id='line_1_14' title="bbox 52 1464 1636 1536; baseline -0.001 -17"><span class='ocrx_word' id='word_1_90' title='bbox 52 1464 412 1536; x_wconf 83' lang='lat' dir='ltr'><strong>Augustorum</strong></span> <span class='ocrx_word' id='word_1_91' title='bbox 438 1464 599 1530; x_wconf 87' lang='lat' dir='ltr'><strong>libro,</strong></span> <span class='ocrx_word' id='word_1_92' title='bbox 628 1465 694 1520; x_wconf 90' lang='lat' dir='ltr'><strong>de</strong></span> <span class='ocrx_word' id='word_1_93' title='bbox 716 1480 827 1536; x_wconf 88' lang='lat' dir='ltr'><strong>quo</strong></span> <span class='ocrx_word' id='word_1_94' title='bbox 856 1465 959 1521; x_wconf 89' lang='lat' dir='ltr'><strong>hoc</strong></span> <span class='ocrx_word' id='word_1_95' title='bbox 991 1474 1349 1536; x_wconf 84' lang='lat' dir='ltr'><strong>assumptum,</strong></span> <span class='ocrx_word' id='word_1_96' title='bbox 1374 1466 1505 1520; x_wconf 88' lang='lat' dir='ltr'><strong>etin</strong></span> <span class='ocrx_word' id='word_1_97' title='bbox 1534 1464 1636 1519; x_wconf 81' lang='lat' dir='ltr'><strong>Au-</strong></span> 
     </span>
    </p>
   </div>
   <div class='ocr_carea' id='block_1_15' title="bbox 50 1556 1637 1629">
    <p class='ocr_par' dir='ltr' id='par_1_15' title="bbox 50 1556 1637 1629">
     <span class='ocr_line' id='line_1_15' title="bbox 50 1556 1637 1629; baseline 0.002 -19"><span class='ocrx_word' id='word_1_98' title='bbox 50 1565 327 1626; x_wconf 78' lang='lat' dir='ltr'><strong>gustorum</strong></span> <span class='ocrx_word' id='word_1_99' title='bbox 375 1564 681 1610; x_wconf 85' lang='lat' dir='ltr'><strong>nostrorum</strong></span> <span class='ocrx_word' id='word_1_100' title='bbox 720 1556 860 1613; x_wconf 93' lang='lat' dir='ltr'><strong>libro</strong></span> <span class='ocrx_word' id='word_1_101' title='bbox 885 1557 959 1612; x_wconf 89' lang='lat' dir='ltr'><strong>ita</strong></span> <span class='ocrx_word' id='word_1_102' title='bbox 989 1566 1049 1613; x_wconf 89' lang='lat' dir='ltr'><strong>ut</strong></span> <span class='ocrx_word' id='word_1_103' title='bbox 1086 1558 1353 1629; x_wconf 58' lang='lat' dir='ltr'><strong>praeposui</strong></span> <span class='ocrx_word' id='word_1_104' title='bbox 1382 1571 1637 1628; x_wconf 86' lang='lat' dir='ltr'><strong>compen-</strong></span> 
     </span>
    </p>
   </div>
   <div class='ocr_carea' id='block_1_16' title="bbox 50 1643 1639 1719">
    <p class='ocr_par' dir='ltr' id='par_1_16' title="bbox 50 1643 1639 1719">
     <span class='ocr_line' id='line_1_16' title="bbox 50 1643 1639 1719; baseline 0.003 -20"><span class='ocrx_word' id='word_1_105' title='bbox 50 1643 253 1701; x_wconf 88' lang='lat' dir='ltr'><strong>diosius</strong></span> <span class='ocrx_word' id='word_1_106' title='bbox 292 1655 376 1703; x_wconf 90' lang='lat' dir='ltr'><strong>est</strong></span> <span class='ocrx_word' id='word_1_107' title='bbox 402 1646 666 1701; x_wconf 76' lang='lat' dir='ltr'><strong>insertum</strong></span> <span class='ocrx_word' id='word_1_108' title='bbox 691 1644 844 1718; x_wconf 77' lang='lat' dir='ltr'><strong>(Cod.</strong></span> <span class='ocrx_word' id='word_1_109' title='bbox 871 1646 995 1715; x_wconf 79' lang='lat' dir='ltr'><strong>Th.,</strong></span> <span class='ocrx_word' id='word_1_110' title='bbox 1025 1648 1090 1703; x_wconf 85' lang='lat' dir='ltr'><strong>de</strong></span> <span class='ocrx_word' id='word_1_111' title='bbox 1121 1649 1303 1719; x_wconf 76' lang='lat' dir='ltr'><strong>episc.)</strong></span> <span class='ocrx_word' id='word_1_112' title='bbox 1335 1667 1399 1719; x_wconf 45' lang='lat' dir='ltr'><strong>at</strong></span> <span class='ocrx_word' id='word_1_113' title='bbox 1435 1647 1492 1703; x_wconf 86' lang='lat' dir='ltr'><strong>Si</strong></span> <span class='ocrx_word' id='word_1_114' title='bbox 1519 1649 1639 1718; x_wconf 90' lang='lat' dir='ltr'><strong>quis</strong></span> 
     </span>
    </p>
   </div>
   <div class='ocr_carea' id='block_1_17' title="bbox 54 1736 1638 1813">
    <p class='ocr_par' dir='ltr' id='par_1_17' title="bbox 54 1736 1638 1813">
     <span class='ocr_line' id='line_1_17' title="bbox 54 1736 1638 1813; baseline 0.001 -21"><span class='ocrx_word' id='word_1_115' title='bbox 54 1736 101 1792; x_wconf 88' lang='lat' dir='ltr'><strong>in</strong></span> <span class='ocrx_word' id='word_1_116' title='bbox 127 1739 231 1794; x_wconf 78' lang='lat' dir='ltr'><strong>hoc</strong></span> <span class='ocrx_word' id='word_1_117' title='bbox 274 1754 445 1810; x_wconf 79' lang='lat' dir='ltr'><strong>genus</strong></span> <span class='ocrx_word' id='word_1_118' title='bbox 493 1739 763 1813; x_wconf 71' lang='lat' dir='ltr'><strong>sacrilegii</strong></span> <span class='ocrx_word' id='word_1_119' title='bbox 799 1740 1103 1812; x_wconf 90' lang='lat' dir='ltr'><strong>proruperit</strong></span> <span class='ocrx_word' id='word_1_120' title='bbox 1128 1782 1142 1802; x_wconf 92' lang='lat'><strong>,</strong></span> <span class='ocrx_word' id='word_1_121' title='bbox 1181 1750 1241 1796; x_wconf 93' lang='lat' dir='ltr'><strong>ut</strong></span> <span class='ocrx_word' id='word_1_122' title='bbox 1277 1742 1328 1795; x_wconf 90' lang='lat' dir='ltr'><strong>in</strong></span> <span class='ocrx_word' id='word_1_123' title='bbox 1378 1740 1638 1797; x_wconf 85' lang='lat' dir='ltr'><strong>ecclesias</strong></span> 
     </span>
    </p>
   </div>
   <div class='ocr_carea' id='block_1_18' title="bbox 51 1832 1638 1901">
    <p class='ocr_par' dir='ltr' id='par_1_18' title="bbox 51 1832 1638 1901">
     <span class='ocr_line' id='line_1_18' title="bbox 51 1832 1638 1901; baseline 0.001 -15"><span class='ocrx_word' id='word_1_124' title='bbox 51 1832 344 1889; x_wconf 84' lang='lat' dir='ltr'><strong>catholicas</strong></span> <span class='ocrx_word' id='word_1_125' title='bbox 398 1833 645 1901; x_wconf 83' lang='lat' dir='ltr'><strong>irruens,</strong></span> <span class='ocrx_word' id='word_1_126' title='bbox 696 1834 1072 1891; x_wconf 84' lang='lat' dir='ltr'><strong>sacerdotibus</strong></span> <span class='ocrx_word' id='word_1_127' title='bbox 1119 1843 1177 1891; x_wconf 90' lang='lat' dir='ltr'><strong>et</strong></span> <span class='ocrx_word' id='word_1_128' title='bbox 1223 1835 1520 1899; x_wconf 84' lang='lat' dir='ltr'><strong>ministris,</strong></span> <span class='ocrx_word' id='word_1_129' title='bbox 1554 1833 1638 1889; x_wconf 88' lang='lat' dir='ltr'><strong>vel</strong></span> 
     </span>
    </p>
   </div>
   <div class='ocr_carea' id='block_1_19' title="bbox 1730 631 3309 709">
    <p class='ocr_par' dir='ltr' id='par_1_19' title="bbox 1730 631 3309 709">
     <span class='ocr_line' id='line_1_19' title="bbox 1730 631 3309 709; baseline 0.003 -21"><span class='ocrx_word' id='word_1_130' title='bbox 1730 633 1840 688; x_wconf 89' lang='lat' dir='ltr'><strong>cris</strong></span> <span class='ocrx_word' id='word_1_131' title='bbox 1860 632 2159 688; x_wconf 87' lang='lat' dir='ltr'><strong>canonibus</strong></span> <span class='ocrx_word' id='word_1_132' title='bbox 2183 631 2413 688; x_wconf 81' lang='lat' dir='ltr'><strong>infames</strong></span> <span class='ocrx_word' id='word_1_133' title='bbox 2435 648 2680 704; x_wconf 69' lang='lat' dir='ltr'><strong>personae</strong></span> <span class='ocrx_word' id='word_1_134' title='bbox 2701 643 2976 690; x_wconf 89' lang='lat' dir='ltr'><strong>notantur.</strong></span> <span class='ocrx_word' id='word_1_135' title='bbox 3002 635 3070 690; x_wconf 92' lang='lat' dir='ltr'><strong>Et</strong></span> <span class='ocrx_word' id='word_1_136' title='bbox 3089 636 3133 692; x_wconf 89' lang='lat' dir='ltr'><strong>si</strong></span> <span class='ocrx_word' id='word_1_137' title='bbox 3158 637 3309 709; x_wconf 83' lang='lat' dir='ltr'><strong>vigor</strong></span> 
     </span>
    </p>
   </div>
   <div class='ocr_carea' id='block_1_20' title="bbox 1730 722 3315 796">
    <p class='ocr_par' dir='ltr' id='par_1_20' title="bbox 1730 722 3315 796">
     <span class='ocr_line' id='line_1_20' title="bbox 1730 722 3315 796; baseline 0.003 -17"><span class='ocrx_word' id='word_1_138' title='bbox 1730 722 2128 779; x_wconf 70' lang='lat' dir='ltr'><strong>ecclesiasticus</strong></span> <span class='ocrx_word' id='word_1_139' title='bbox 2174 723 2254 779; x_wconf 90' lang='lat' dir='ltr'><strong>sic</strong></span> <span class='ocrx_word' id='word_1_140' title='bbox 2278 725 2514 796; x_wconf 84' lang='lat' dir='ltr'><strong>vigeret,</strong></span> <span class='ocrx_word' id='word_1_141' title='bbox 2545 724 2685 780; x_wconf 83' lang='lat' dir='ltr'><strong>sicut</strong></span> <span class='ocrx_word' id='word_1_142' title='bbox 2728 734 2969 796; x_wconf 89' lang='lat' dir='ltr'><strong>tempore</strong></span> <span class='ocrx_word' id='word_1_143' title='bbox 3007 735 3315 783; x_wconf 87' lang='lat' dir='ltr'><strong>antecesso-</strong></span> 
     </span>
    </p>
   </div>
   <div class='ocr_carea' id='block_1_21' title="bbox 1731 818 3305 889">
    <p class='ocr_par' dir='ltr' id='par_1_21' title="bbox 1731 818 3305 889">
     <span class='ocr_line' id='line_1_21' title="bbox 1731 818 3305 889; baseline 0.003 -19"><span class='ocrx_word' id='word_1_144' title='bbox 1731 830 1850 870; x_wconf 92' lang='lat' dir='ltr'><strong>rum</strong></span> <span class='ocrx_word' id='word_1_145' title='bbox 1878 826 2185 871; x_wconf 85' lang='lat' dir='ltr'><strong>vestrorum</strong></span> <span class='ocrx_word' id='word_1_146' title='bbox 2206 824 2264 872; x_wconf 94' lang='lat' dir='ltr'><strong>et</strong></span> <span class='ocrx_word' id='word_1_147' title='bbox 2284 825 2589 873; x_wconf 83' lang='lat' dir='ltr'><strong>nostrorum</strong></span> <span class='ocrx_word' id='word_1_148' title='bbox 2613 818 3070 889; x_wconf 64' lang='lat' dir='ltr'><strong>praedecessorum</strong></span> <span class='ocrx_word' id='word_1_149' title='bbox 3101 820 3305 888; x_wconf 87' lang='lat' dir='ltr'><strong>viguit,</strong></span> 
     </span>
    </p>
   </div>
   <div class='ocr_carea' id='block_1_22' title="bbox 1732 907 3318 981">
    <p class='ocr_par' dir='ltr' id='par_1_22' title="bbox 1732 907 3318 981">
     <span class='ocr_line' id='line_1_22' title="bbox 1732 907 3318 981; baseline 0.003 -19"><span class='ocrx_word' id='word_1_150' title='bbox 1732 907 1874 963; x_wconf 91' lang='lat' dir='ltr'><strong>inter</strong></span> <span class='ocrx_word' id='word_1_151' title='bbox 1897 908 2241 976; x_wconf 83' lang='lat' dir='ltr'><strong>criminosus,</strong></span> <span class='ocrx_word' id='word_1_152' title='bbox 2260 910 2387 981; x_wconf 84' lang='lat' dir='ltr'><strong>quia</strong></span> <span class='ocrx_word' id='word_1_153' title='bbox 2415 910 2666 966; x_wconf 80' lang='lat' dir='ltr'><strong>videlicet</strong></span> <span class='ocrx_word' id='word_1_154' title='bbox 2689 920 2751 965; x_wconf 90' lang='lat' dir='ltr'><strong>ut</strong></span> <span class='ocrx_word' id='word_1_155' title='bbox 2778 927 2807 965; x_wconf 90' lang='lat' dir='ltr'><strong>a</strong></span> <span class='ocrx_word' id='word_1_156' title='bbox 2834 911 3099 968; x_wconf 85' lang='lat' dir='ltr'><strong>ministris</strong></span> <span class='ocrx_word' id='word_1_157' title='bbox 3121 912 3318 967; x_wconf 84' lang='lat' dir='ltr'><strong>dicitur</strong></span> 
     </span>
    </p>
   </div>
   <div class='ocr_carea' id='block_1_23' title="bbox 1733 1001 3316 1067">
    <p class='ocr_par' dir='ltr' id='par_1_23' title="bbox 1733 1001 3316 1067">
     <span class='ocr_line' id='line_1_23' title="bbox 1733 1001 3316 1067; baseline 0.004 -13"><span class='ocrx_word' id='word_1_158' title='bbox 1733 1001 2032 1067; x_wconf 89' lang='lat' dir='ltr'><strong>criminosi,</strong></span> <span class='ocrx_word' id='word_1_159' title='bbox 2059 1018 2088 1057; x_wconf 89' lang='lat' dir='ltr'><strong>a</strong></span> <span class='ocrx_word' id='word_1_160' title='bbox 2112 1001 2389 1058; x_wconf 89' lang='lat' dir='ltr'><strong>liminibus</strong></span> <span class='ocrx_word' id='word_1_161' title='bbox 2410 1002 2654 1060; x_wconf 68' lang='lat' dir='ltr'><strong>ecclesiae</strong></span> <span class='ocrx_word' id='word_1_162' title='bbox 2675 1002 2851 1058; x_wconf 78' lang='lat' dir='ltr'><strong>forent</strong></span> <span class='ocrx_word' id='word_1_163' title='bbox 2872 1012 3138 1065; x_wconf 75' lang='lat' dir='ltr'><strong>extorres.</strong></span> <span class='ocrx_word' id='word_1_164' title='bbox 3164 1003 3316 1060; x_wconf 77' lang='lat' dir='ltr'><strong>Nunc</strong></span> 
     </span>
    </p>
   </div>
   <div class='ocr_carea' id='block_1_24' title="bbox 1733 1095 3313 1167">
    <p class='ocr_par' dir='ltr' id='par_1_24' title="bbox 1733 1095 3313 1167">
     <span class='ocr_line' id='line_1_24' title="bbox 1733 1095 3313 1167; baseline 0.004 -20"><span class='ocrx_word' id='word_1_165' title='bbox 1733 1102 1913 1148; x_wconf 91' lang='lat' dir='ltr'><strong>autem</strong></span> <span class='ocrx_word' id='word_1_166' title='bbox 1941 1105 2122 1150; x_wconf 88' lang='lat' dir='ltr'><strong>nostra</strong></span> <span class='ocrx_word' id='word_1_167' title='bbox 2150 1095 2529 1162; x_wconf 84' lang='lat' dir='ltr'><strong>dissolutione,</strong></span> <span class='ocrx_word' id='word_1_168' title='bbox 2562 1104 2622 1151; x_wconf 89' lang='lat' dir='ltr'><strong>ut</strong></span> <span class='ocrx_word' id='word_1_169' title='bbox 2648 1096 2868 1167; x_wconf 91' lang='lat' dir='ltr'><strong>quidam</strong></span> <span class='ocrx_word' id='word_1_170' title='bbox 2899 1098 3087 1153; x_wconf 89' lang='lat' dir='ltr'><strong>dicunt</strong></span> <span class='ocrx_word' id='word_1_171' title='bbox 3120 1099 3173 1152; x_wconf 93' lang='lat' dir='ltr'><strong>in</strong></span> <span class='ocrx_word' id='word_1_172' title='bbox 3206 1099 3313 1154; x_wconf 85' lang='lat' dir='ltr'><strong>Ec-</strong></span> 
     </span>
    </p>
   </div>
   <div class='ocr_carea' id='block_1_25' title="bbox 1734 1185 3317 1261">
    <p class='ocr_par' dir='ltr' id='par_1_25' title="bbox 1734 1185 3317 1261">
     <span class='ocr_line' id='line_1_25' title="bbox 1734 1185 3317 1261; baseline 0.004 -21"><span class='ocrx_word' id='word_1_173' title='bbox 1734 1185 1957 1242; x_wconf 87' lang='lat' dir='ltr'><strong>clesiam</strong></span> <span class='ocrx_word' id='word_1_174' title='bbox 1989 1188 2089 1259; x_wconf 90' lang='lat' dir='ltr'><strong>ipsi</strong></span> <span class='ocrx_word' id='word_1_175' title='bbox 2122 1188 2398 1255; x_wconf 86' lang='lat' dir='ltr'><strong>insiliunt,</strong></span> <span class='ocrx_word' id='word_1_176' title='bbox 2431 1193 2522 1260; x_wconf 86' lang='lat' dir='ltr'><strong>qui</strong></span> <span class='ocrx_word' id='word_1_177' title='bbox 2564 1190 2632 1244; x_wconf 90' lang='lat' dir='ltr'><strong>ab</strong></span> <span class='ocrx_word' id='word_1_178' title='bbox 2673 1189 2913 1245; x_wconf 80' lang='lat' dir='ltr'><strong>Ecclesia</strong></span> <span class='ocrx_word' id='word_1_179' title='bbox 2954 1192 3195 1261; x_wconf 86' lang='lat' dir='ltr'><strong>separari</strong></span> <span class='ocrx_word' id='word_1_180' title='bbox 3223 1191 3317 1248; x_wconf 87' lang='lat' dir='ltr'><strong>de-</strong></span> 
     </span>
    </p>
   </div>
   <div class='ocr_carea' id='block_1_26' title="bbox 1734 1277 3322 1350">
    <p class='ocr_par' dir='ltr' id='par_1_26' title="bbox 1734 1277 3322 1350">
     <span class='ocr_line' id='line_1_26' title="bbox 1734 1277 3322 1350; baseline 0.003 -17"><span class='ocrx_word' id='word_1_181' title='bbox 1734 1277 2000 1346; x_wconf 86' lang='lat' dir='ltr'><strong>buerant,</strong></span> <span class='ocrx_word' id='word_1_182' title='bbox 2022 1289 2079 1336; x_wconf 91' lang='lat' dir='ltr'><strong>et</strong></span> <span class='ocrx_word' id='word_1_183' title='bbox 2104 1280 2209 1336; x_wconf 88' lang='lat' dir='ltr'><strong>hoc</strong></span> <span class='ocrx_word' id='word_1_184' title='bbox 2234 1280 2437 1336; x_wconf 88' lang='lat' dir='ltr'><strong>nostris</strong></span> <span class='ocrx_word' id='word_1_185' title='bbox 2466 1281 2722 1350; x_wconf 89' lang='lat' dir='ltr'><strong>peccatis,</strong></span> <span class='ocrx_word' id='word_1_186' title='bbox 2746 1280 2799 1335; x_wconf 90' lang='lat' dir='ltr'><strong>in</strong></span> <span class='ocrx_word' id='word_1_187' title='bbox 2828 1294 2965 1350; x_wconf 85' lang='lat' dir='ltr'><strong>quos</strong></span> <span class='ocrx_word' id='word_1_188' title='bbox 2990 1279 3126 1337; x_wconf 86' lang='lat' dir='ltr'><strong>fines</strong></span> <span class='ocrx_word' id='word_1_189' title='bbox 3146 1294 3322 1338; x_wconf 71' lang='lat' dir='ltr'><strong>saecu-</strong></span> 
     </span>
    </p>
   </div>
   <div class='ocr_carea' id='block_1_27' title="bbox 1736 1366 3315 1443">
    <p class='ocr_par' dir='ltr' id='par_1_27' title="bbox 1736 1366 3315 1443">
     <span class='ocr_line' id='line_1_27' title="bbox 1736 1366 3315 1443; baseline 0.004 -21"><span class='ocrx_word' id='word_1_190' title='bbox 1736 1366 1912 1423; x_wconf 78' lang='lat' dir='ltr'><strong>lorum</strong></span> <span class='ocrx_word' id='word_1_191' title='bbox 1935 1369 2287 1437; x_wconf 89' lang='lat' dir='ltr'><strong>devenerunt,</strong></span> <span class='ocrx_word' id='word_1_192' title='bbox 2308 1372 2501 1427; x_wconf 86' lang='lat' dir='ltr'><strong>merito</strong></span> <span class='ocrx_word' id='word_1_193' title='bbox 2524 1381 2857 1442; x_wconf 85' lang='lat' dir='ltr'><strong>reputamus,</strong></span> <span class='ocrx_word' id='word_1_194' title='bbox 2872 1374 2963 1443; x_wconf 86' lang='lat' dir='ltr'><strong>qui</strong></span> <span class='ocrx_word' id='word_1_195' title='bbox 2986 1373 3053 1428; x_wconf 83' lang='lat' dir='ltr'><strong>ad</strong></span> <span class='ocrx_word' id='word_1_196' title='bbox 3076 1382 3315 1431; x_wconf 88' lang='lat' dir='ltr'><strong>nostram</strong></span> 
     </span>
    </p>
   </div>
   <div class='ocr_carea' id='block_1_28' title="bbox 1735 1461 3316 1538">
    <p class='ocr_par' dir='ltr' id='par_1_28' title="bbox 1735 1461 3316 1538">
     <span class='ocr_line' id='line_1_28' title="bbox 1735 1461 3316 1538; baseline 0.005 -22"><span class='ocrx_word' id='word_1_197' title='bbox 1735 1461 2122 1517; x_wconf 89' lang='lat' dir='ltr'><strong>contumeliam</strong></span> <span class='ocrx_word' id='word_1_198' title='bbox 2149 1504 2164 1527; x_wconf 91' lang='lat'><strong>,</strong></span> <span class='ocrx_word' id='word_1_199' title='bbox 2197 1478 2302 1519; x_wconf 89' lang='lat' dir='ltr'><strong>non</strong></span> <span class='ocrx_word' id='word_1_200' title='bbox 2354 1463 2419 1518; x_wconf 90' lang='lat' dir='ltr'><strong>ad</strong></span> <span class='ocrx_word' id='word_1_201' title='bbox 2451 1464 2705 1519; x_wconf 70' lang='lat' dir='ltr'><strong>Ecclesiae</strong></span> <span class='ocrx_word' id='word_1_202' title='bbox 2732 1465 2960 1538; x_wconf 76' lang='lat' dir='ltr'><strong>gloriam</strong></span> <span class='ocrx_word' id='word_1_203' title='bbox 3005 1467 3316 1523; x_wconf 82' lang='lat' dir='ltr'><strong>sacerdotes</strong></span> 
     </span>
    </p>
   </div>
   <div class='ocr_carea' id='block_1_29' title="bbox 1738 1549 3320 1626">
    <p class='ocr_par' dir='ltr' id='par_1_29' title="bbox 1738 1549 3320 1626">
     <span class='ocr_line' id='line_1_29' title="bbox 1738 1549 3320 1626; baseline 0.007 -23"><span class='ocrx_word' id='word_1_204' title='bbox 1738 1549 1990 1615; x_wconf 88' lang='lat' dir='ltr'><strong>dicimur,</strong></span> <span class='ocrx_word' id='word_1_205' title='bbox 2038 1552 2129 1621; x_wconf 88' lang='lat' dir='ltr'><strong>qui</strong></span> <span class='ocrx_word' id='word_1_206' title='bbox 2162 1568 2190 1607; x_wconf 89' lang='lat' dir='ltr'><strong>a</strong></span> <span class='ocrx_word' id='word_1_207' title='bbox 2227 1554 2423 1609; x_wconf 81' lang='lat' dir='ltr'><strong>talibus</strong></span> <span class='ocrx_word' id='word_1_208' title='bbox 2451 1554 2855 1623; x_wconf 86' lang='lat' dir='ltr'><strong>conculcamur,</strong></span> <span class='ocrx_word' id='word_1_209' title='bbox 2887 1566 2944 1612; x_wconf 92' lang='lat' dir='ltr'><strong>et</strong></span> <span class='ocrx_word' id='word_1_210' title='bbox 2972 1557 3074 1626; x_wconf 87' lang='lat' dir='ltr'><strong>ipsi</strong></span> <span class='ocrx_word' id='word_1_211' title='bbox 3118 1557 3187 1613; x_wconf 91' lang='lat' dir='ltr'><strong>de</strong></span> <span class='ocrx_word' id='word_1_212' title='bbox 3231 1573 3320 1614; x_wconf 89' lang='lat' dir='ltr'><strong>sa-</strong></span> 
     </span>
    </p>
   </div>
   <div class='ocr_carea' id='block_1_30' title="bbox 1740 1642 3321 1720">
    <p class='ocr_par' dir='ltr' id='par_1_30' title="bbox 1740 1642 3321 1720">
     <span class='ocr_line' id='line_1_30' title="bbox 1740 1642 3321 1720; baseline 0.004 -24"><span class='ocrx_word' id='word_1_213' title='bbox 1740 1642 2021 1697; x_wconf 86' lang='lat' dir='ltr'><strong>cerdotum</strong></span> <span class='ocrx_word' id='word_1_214' title='bbox 2052 1646 2319 1715; x_wconf 82' lang='lat' dir='ltr'><strong>capitibus</strong></span> <span class='ocrx_word' id='word_1_215' title='bbox 2342 1647 2618 1717; x_wconf 71' lang='lat' dir='ltr'><strong>iudicant,</strong></span> <span class='ocrx_word' id='word_1_216' title='bbox 2647 1663 2875 1718; x_wconf 88' lang='lat' dir='ltr'><strong>quorum</strong></span> <span class='ocrx_word' id='word_1_217' title='bbox 2919 1647 3184 1720; x_wconf 82' lang='lat' dir='ltr'><strong>judicium</strong></span> <span class='ocrx_word' id='word_1_218' title='bbox 3234 1648 3321 1705; x_wconf 87' lang='lat' dir='ltr'><strong>vel</strong></span> 
     </span>
    </p>
   </div>
   <div class='ocr_carea' id='block_1_31' title="bbox 1707 1733 3319 1810">
    <p class='ocr_par' dir='ltr' id='par_1_31' title="bbox 1707 1733 3319 1810">
     <span class='ocr_line' id='line_1_31' title="bbox 1707 1733 3319 1810; baseline 0.004 -23"><span class='ocrx_word' id='word_1_219' title='bbox 1707 1784 1716 1793; x_wconf 86' lang='grc'><em>,</em></span> <span class='ocrx_word' id='word_1_220' title='bbox 1742 1733 2213 1802; x_wconf 82' lang='lat' dir='ltr'><strong>compellationem</strong></span> <span class='ocrx_word' id='word_1_221' title='bbox 2245 1735 2400 1792; x_wconf 84' lang='lat' dir='ltr'><strong>liberi</strong></span> <span class='ocrx_word' id='word_1_222' title='bbox 2429 1746 2485 1793; x_wconf 91' lang='lat' dir='ltr'><strong>et</strong></span> <span class='ocrx_word' id='word_1_223' title='bbox 2510 1740 2627 1794; x_wconf 90' lang='lat' dir='ltr'><strong>sani</strong></span> <span class='ocrx_word' id='word_1_224' title='bbox 2651 1740 2847 1810; x_wconf 85' lang='lat' dir='ltr'><strong>capitis</strong></span> <span class='ocrx_word' id='word_1_225' title='bbox 2879 1739 2999 1795; x_wconf 89' lang='lat' dir='ltr'><strong>laici</strong></span> <span class='ocrx_word' id='word_1_226' title='bbox 3032 1740 3087 1794; x_wconf 80' lang='lat' dir='ltr'><strong>in</strong></span> <span class='ocrx_word' id='word_1_227' title='bbox 3112 1738 3319 1808; x_wconf 88' lang='lat' dir='ltr'><strong>judicio</strong></span> 
     </span>
    </p>
   </div>
   <div class='ocr_carea' id='block_1_32' title="bbox 1740 1825 3321 1902">
    <p class='ocr_par' dir='ltr' id='par_1_32' title="bbox 1740 1825 3321 1902">
     <span class='ocr_line' id='line_1_32' title="bbox 1740 1825 3321 1902; baseline 0.004 -23"><span class='ocrx_word' id='word_1_228' title='bbox 1740 1825 1959 1896; x_wconf 90' lang='lat' dir='ltr'><strong>publico</strong></span> <span class='ocrx_word' id='word_1_229' title='bbox 1989 1827 2234 1899; x_wconf 81' lang='lat' dir='ltr'><strong>legaliter</strong></span> <span class='ocrx_word' id='word_1_230' title='bbox 2262 1845 2369 1885; x_wconf 87' lang='lat' dir='ltr'><strong>non</strong></span> <span class='ocrx_word' id='word_1_231' title='bbox 2400 1834 2736 1902; x_wconf 87' lang='lat' dir='ltr'><strong>reciperent,</strong></span> <span class='ocrx_word' id='word_1_232' title='bbox 2768 1833 2812 1888; x_wconf 89' lang='lat' dir='ltr'><strong>si</strong></span> <span class='ocrx_word' id='word_1_233' title='bbox 2855 1833 3064 1888; x_wconf 85' lang='lat' dir='ltr'><strong>reicere</strong></span> <span class='ocrx_word' id='word_1_234' title='bbox 3103 1831 3321 1888; x_wconf 78' lang='lat' dir='ltr'><strong>vellent.</strong></span> 
     </span>
    </p>
   </div>
   <div class='ocr_carea' id='block_1_33' title="bbox 51 1914 3329 1997">
    <p class='ocr_par' dir='ltr' id='par_1_33' title="bbox 51 1914 3329 1997">
     <span class='ocr_line' id='line_1_33' title="bbox 51 1914 3329 1997; baseline -0.001 -17"><span class='ocrx_word' id='word_1_235' title='bbox 51 1921 148 1993; x_wconf 84' lang='lat' dir='ltr'><strong>ipsi</strong></span> <span class='ocrx_word' id='word_1_236' title='bbox 194 1924 364 1978; x_wconf 85' lang='lat' dir='ltr'><strong>cultui</strong></span> <span class='ocrx_word' id='word_1_237' title='bbox 409 1924 636 1996; x_wconf 87' lang='lat' dir='ltr'><strong>locoque</strong></span> <span class='ocrx_word' id='word_1_238' title='bbox 664 1925 866 1996; x_wconf 84' lang='lat' dir='ltr'><strong>aliquid</strong></span> <span class='ocrx_word' id='word_1_239' title='bbox 921 1925 1180 1996; x_wconf 88' lang='lat' dir='ltr'><strong>importet</strong></span> <span class='ocrx_word' id='word_1_240' title='bbox 1216 1926 1449 1996; x_wconf 64' lang='lat' dir='ltr'><strong>injuriae,</strong></span> <span class='ocrx_word' id='word_1_241' title='bbox 1495 1925 1638 1997; x_wconf 80' lang='lat' dir='ltr'><strong>quod</strong></span> <span class='ocrx_word' id='word_1_242' title='bbox 1671 1916 1718 1976; x_wconf 77' lang='grc' dir='ltr'><strong>Β</strong></span> <span class='ocrx_word' id='word_1_243' title='bbox 1744 1914 1801 1969; x_wconf 86' lang='lat' dir='ltr'><strong>In</strong></span> <span class='ocrx_word' id='word_1_244' title='bbox 1825 1932 1935 1987; x_wconf 88' lang='lat' dir='ltr'><strong>quo</strong></span> <span class='ocrx_word' id='word_1_245' title='bbox 1966 1917 2107 1975; x_wconf 79' lang='lat' dir='ltr'><strong>facto</strong></span> <span class='ocrx_word' id='word_1_246' title='bbox 2126 1961 2153 1992; x_wconf 55' lang='grc' dir='ltr'><strong>ι</strong></span> <span class='ocrx_word' id='word_1_247' title='bbox 2174 1930 2235 1974; x_wconf 88' lang='grc' dir='ltr'><strong>ιιι</strong></span> <span class='ocrx_word' id='word_1_248' title='bbox 2262 1933 2481 1978; x_wconf 88' lang='lat' dir='ltr'><strong>sanctus</strong></span> <span class='ocrx_word' id='word_1_249' title='bbox 2506 1921 2840 1980; x_wconf 70' lang='lat' dir='ltr'><strong>leestinus</strong></span> <span class='ocrx_word' id='word_1_250' title='bbox 2863 1923 3089 1989; x_wconf 86' lang='lat' dir='ltr'><strong>scribit,</strong></span> <span class='ocrx_word' id='word_1_251' title='bbox 3114 1938 3220 1980; x_wconf 90' lang='lat' dir='ltr'><strong>non</strong></span> <span class='ocrx_word' id='word_1_252' title='bbox 3243 1932 3329 1980; x_wconf 78' lang='lat' dir='ltr'><strong>est</strong></span> 
     </span>
    </p>
   </div>
   <div class='ocr_carea' id='block_1_34' title="bbox 52 2016 1639 2090">
    <p class='ocr_par' dir='ltr' id='par_1_34' title="bbox 52 2016 1639 2090">
     <span class='ocr_line' id='line_1_34' title="bbox 52 2016 1639 2090; baseline 0.004 -21"><span class='ocrx_word' id='word_1_253' title='bbox 52 2016 255 2086; x_wconf 81' lang='lat' dir='ltr'><strong>geritur</strong></span> <span class='ocrx_word' id='word_1_254' title='bbox 290 2017 487 2074; x_wconf 88' lang='lat' dir='ltr'><strong>litteris</strong></span> <span class='ocrx_word' id='word_1_255' title='bbox 531 2018 810 2084; x_wconf 89' lang='lat' dir='ltr'><strong>ordinum,</strong></span> <span class='ocrx_word' id='word_1_256' title='bbox 848 2020 1261 2090; x_wconf 87' lang='lat' dir='ltr'><strong>magistratuum</strong></span> <span class='ocrx_word' id='word_1_257' title='bbox 1316 2029 1370 2075; x_wconf 90' lang='lat' dir='ltr'><strong>et</strong></span> <span class='ocrx_word' id='word_1_258' title='bbox 1426 2030 1639 2075; x_wconf 74' lang='lat' dir='ltr'><strong>curato-</strong></span> 
     </span>
    </p>
   </div>
   <div class='ocr_carea' id='block_1_35' title="bbox 52 2110 1637 2182">
    <p class='ocr_par' dir='ltr' id='par_1_35' title="bbox 52 2110 1637 2182">
     <span class='ocr_line' id='line_1_35' title="bbox 52 2110 1637 2182; baseline 0.004 -22"><span class='ocrx_word' id='word_1_259' title='bbox 52 2121 189 2173; x_wconf 87' lang='lat' dir='ltr'><strong>rum,</strong></span> <span class='ocrx_word' id='word_1_260' title='bbox 220 2118 276 2164; x_wconf 89' lang='lat' dir='ltr'><strong>et</strong></span> <span class='ocrx_word' id='word_1_261' title='bbox 306 2110 535 2166; x_wconf 90' lang='lat' dir='ltr'><strong>notariis</strong></span> <span class='ocrx_word' id='word_1_262' title='bbox 560 2110 951 2181; x_wconf 86' lang='lat' dir='ltr'><strong>apparitorum,</strong></span> <span class='ocrx_word' id='word_1_263' title='bbox 983 2126 1120 2181; x_wconf 90' lang='lat' dir='ltr'><strong>quos</strong></span> <span class='ocrx_word' id='word_1_264' title='bbox 1163 2112 1512 2167; x_wconf 88' lang='lat' dir='ltr'><strong>stationarios</strong></span> <span class='ocrx_word' id='word_1_265' title='bbox 1541 2126 1637 2182; x_wconf 88' lang='lat' dir='ltr'><strong>ap-</strong></span> 
     </span>
    </p>
   </div>
   <div class='ocr_carea' id='block_1_36' title="bbox 48 2199 1642 2275">
    <p class='ocr_par' dir='ltr' id='par_1_36' title="bbox 48 2199 1642 2275">
     <span class='ocr_line' id='line_1_36' title="bbox 48 2199 1642 2275; baseline 0.004 -23"><span class='ocrx_word' id='word_1_266' title='bbox 48 2199 267 2270; x_wconf 88' lang='lat' dir='ltr'><strong>pellant,</strong></span> <span class='ocrx_word' id='word_1_267' title='bbox 326 2201 604 2259; x_wconf 87' lang='lat' dir='ltr'><strong>deferatur</strong></span> <span class='ocrx_word' id='word_1_268' title='bbox 638 2204 704 2258; x_wconf 88' lang='lat' dir='ltr'><strong>ad</strong></span> <span class='ocrx_word' id='word_1_269' title='bbox 756 2203 1002 2259; x_wconf 90' lang='lat' dir='ltr'><strong>notitiam</strong></span> <span class='ocrx_word' id='word_1_270' title='bbox 1048 2212 1404 2275; x_wconf 83' lang='lat' dir='ltr'><strong>potestatum,</strong></span> <span class='ocrx_word' id='word_1_271' title='bbox 1456 2205 1531 2258; x_wconf 91' lang='lat' dir='ltr'><strong>ita</strong></span> <span class='ocrx_word' id='word_1_272' title='bbox 1580 2213 1642 2259; x_wconf 91' lang='lat' dir='ltr'><strong>ut</strong></span> 
     </span>
    </p>
   </div>
   <div class='ocr_carea' id='block_1_37' title="bbox 50 2293 1635 2368">
    <p class='ocr_par' dir='ltr' id='par_1_37' title="bbox 50 2293 1635 2368">
     <span class='ocr_line' id='line_1_37' title="bbox 50 2293 1635 2368; baseline 0.002 -22"><span class='ocrx_word' id='word_1_273' title='bbox 50 2293 307 2349; x_wconf 83' lang='lat' dir='ltr'><strong>vocabula</strong></span> <span class='ocrx_word' id='word_1_274' title='bbox 350 2309 537 2350; x_wconf 90' lang='lat' dir='ltr'><strong>eorum</strong></span> <span class='ocrx_word' id='word_1_275' title='bbox 573 2296 663 2364; x_wconf 90' lang='lat' dir='ltr'><strong>qui</strong></span> <span class='ocrx_word' id='word_1_276' title='bbox 692 2296 912 2367; x_wconf 85' lang='lat' dir='ltr'><strong>agnosci</strong></span> <span class='ocrx_word' id='word_1_277' title='bbox 940 2298 1215 2368; x_wconf 89' lang='lat' dir='ltr'><strong>potuerint</strong></span> <span class='ocrx_word' id='word_1_278' title='bbox 1253 2296 1635 2352; x_wconf 88' lang='lat' dir='ltr'><strong>declarentur:</strong></span> 
     </span>
    </p>
   </div>
   <div class='ocr_carea' id='block_1_38' title="bbox 46 2383 1642 2455">
    <p class='ocr_par' dir='ltr' id='par_1_38' title="bbox 46 2383 1642 2455">
     <span class='ocr_line' id='line_1_38' title="bbox 46 2383 1642 2455; baseline 0.003 -18"><span class='ocrx_word' id='word_1_279' title='bbox 46 2391 98 2437; x_wconf 85' lang='lat' dir='ltr'><strong>et</strong></span> <span class='ocrx_word' id='word_1_280' title='bbox 123 2383 170 2439; x_wconf 87' lang='lat' dir='ltr'><strong>si</strong></span> <span class='ocrx_word' id='word_1_281' title='bbox 220 2400 320 2455; x_wconf 86' lang='lat' dir='ltr'><strong>per</strong></span> <span class='ocrx_word' id='word_1_282' title='bbox 364 2384 761 2443; x_wconf 85' lang='lat' dir='ltr'><strong>multitudinem</strong></span> <span class='ocrx_word' id='word_1_283' title='bbox 789 2386 1145 2443; x_wconf 86' lang='lat' dir='ltr'><strong>commissum</strong></span> <span class='ocrx_word' id='word_1_284' title='bbox 1189 2387 1422 2452; x_wconf 87' lang='lat' dir='ltr'><strong>dicetur,</strong></span> <span class='ocrx_word' id='word_1_285' title='bbox 1454 2387 1501 2441; x_wconf 90' lang='lat' dir='ltr'><strong>si</strong></span> <span class='ocrx_word' id='word_1_286' title='bbox 1533 2402 1642 2442; x_wconf 93' lang='lat' dir='ltr'><strong>non</strong></span> 
     </span>
    </p>
   </div>
   <div class='ocr_carea' id='block_1_39' title="bbox 48 2479 1641 2551">
    <p class='ocr_par' dir='ltr' id='par_1_39' title="bbox 48 2479 1641 2551">
     <span class='ocr_line' id='line_1_39' title="bbox 48 2479 1641 2551; baseline 0.003 -21"><span class='ocrx_word' id='word_1_287' title='bbox 48 2491 261 2542; x_wconf 67' lang='lat' dir='ltr'><strong>omnes,</strong></span> <span class='ocrx_word' id='word_1_288' title='bbox 292 2487 517 2549; x_wconf 85' lang='lat' dir='ltr'><strong>possunt</strong></span> <span class='ocrx_word' id='word_1_289' title='bbox 562 2487 742 2536; x_wconf 90' lang='lat' dir='ltr'><strong>tamen</strong></span> <span class='ocrx_word' id='word_1_290' title='bbox 780 2479 1041 2550; x_wconf 88' lang='lat' dir='ltr'><strong>aliquanti</strong></span> <span class='ocrx_word' id='word_1_291' title='bbox 1085 2480 1360 2551; x_wconf 84' lang='lat' dir='ltr'><strong>cognosci,</strong></span> <span class='ocrx_word' id='word_1_292' title='bbox 1409 2494 1641 2550; x_wconf 89' lang='lat' dir='ltr'><strong>quorum</strong></span> 
     </span>
    </p>
   </div>
   <div class='ocr_carea' id='block_1_40' title="bbox 50 2566 1642 2642">
    <p class='ocr_par' dir='ltr' id='par_1_40' title="bbox 50 2566 1642 2642">
     <span class='ocr_line' id='line_1_40' title="bbox 50 2566 1642 2642; baseline 0.004 -19"><span class='ocrx_word' id='word_1_293' title='bbox 50 2566 392 2625; x_wconf 79' lang='lat' dir='ltr'><strong>confessione</strong></span> <span class='ocrx_word' id='word_1_294' title='bbox 421 2570 692 2626; x_wconf 85' lang='lat' dir='ltr'><strong>sociorum</strong></span> <span class='ocrx_word' id='word_1_295' title='bbox 720 2571 937 2627; x_wconf 88' lang='lat' dir='ltr'><strong>nomina</strong></span> <span class='ocrx_word' id='word_1_296' title='bbox 962 2572 1323 2642; x_wconf 85' lang='lat' dir='ltr'><strong>publicentur.</strong></span> <span class='ocrx_word' id='word_1_297' title='bbox 1361 2571 1538 2642; x_wconf 90' lang='lat' dir='ltr'><strong>Atque</strong></span> <span class='ocrx_word' id='word_1_298' title='bbox 1566 2573 1642 2629; x_wconf 89' lang='lat' dir='ltr'><strong>ita</strong></span> 
     </span>
    </p>
   </div>
   <div class='ocr_carea' id='block_1_41' title="bbox 51 2655 1640 2734">
    <p class='ocr_par' dir='ltr' id='par_1_41' title="bbox 51 2655 1640 2734">
     <span class='ocr_line' id='line_1_41' title="bbox 51 2655 1640 2734; baseline 0.001 -15"><span class='ocrx_word' id='word_1_299' title='bbox 51 2664 339 2734; x_wconf 65' lang='lat' dir='ltr'><strong>provincia</strong></span> <span class='ocrx_word' id='word_1_300' title='bbox 367 2655 678 2720; x_wconf 82' lang='lat' dir='ltr'><strong>moderator</strong></span> <span class='ocrx_word' id='word_1_301' title='bbox 708 2664 1054 2720; x_wconf 85' lang='lat' dir='ltr'><strong>sacerdotum</strong></span> <span class='ocrx_word' id='word_1_302' title='bbox 1099 2672 1155 2720; x_wconf 90' lang='lat' dir='ltr'><strong>et</strong></span> <span class='ocrx_word' id='word_1_303' title='bbox 1196 2664 1477 2720; x_wconf 82' lang='lat' dir='ltr'><strong>catholicae</strong></span> <span class='ocrx_word' id='word_1_304' title='bbox 1532 2664 1640 2720; x_wconf 87' lang='lat' dir='ltr'><strong>Ec-</strong></span> 
     </span>
    </p>
   </div>
   <div class='ocr_carea' id='block_1_42' title="bbox 52 2754 1641 2827">
    <p class='ocr_par' dir='ltr' id='par_1_42' title="bbox 52 2754 1641 2827">
     <span class='ocr_line' id='line_1_42' title="bbox 52 2754 1641 2827; baseline -0.001 -17"><span class='ocrx_word' id='word_1_305' title='bbox 52 2755 230 2812; x_wconf 64' lang='lat' dir='ltr'><strong>clesia!</strong></span> <span class='ocrx_word' id='word_1_306' title='bbox 258 2755 655 2821; x_wconf 82' lang='lat' dir='ltr'><strong>ministrorum,</strong></span> <span class='ocrx_word' id='word_1_307' title='bbox 686 2754 787 2811; x_wconf 93' lang='lat' dir='ltr'><strong>loci</strong></span> <span class='ocrx_word' id='word_1_308' title='bbox 813 2770 1027 2827; x_wconf 89' lang='lat' dir='ltr'><strong>quoque</strong></span> <span class='ocrx_word' id='word_1_309' title='bbox 1056 2755 1226 2826; x_wconf 87' lang='lat' dir='ltr'><strong>ipsius</strong></span> <span class='ocrx_word' id='word_1_310' title='bbox 1247 2764 1301 2811; x_wconf 89' lang='lat' dir='ltr'><strong>et</strong></span> <span class='ocrx_word' id='word_1_311' title='bbox 1326 2755 1492 2811; x_wconf 86' lang='lat' dir='ltr'><strong>divini</strong></span> <span class='ocrx_word' id='word_1_312' title='bbox 1525 2756 1641 2812; x_wconf 91' lang='lat' dir='ltr'><strong>cul-</strong></span> 
     </span>
    </p>
   </div>
   <div class='ocr_carea' id='block_1_43' title="bbox 56 2846 1641 2919">
    <p class='ocr_par' dir='ltr' id='par_1_43' title="bbox 56 2846 1641 2919">
     <span class='ocr_line' id='line_1_43' title="bbox 56 2846 1641 2919; baseline 0 -16"><span class='ocrx_word' id='word_1_313' title='bbox 56 2856 133 2903; x_wconf 82' lang='lat' dir='ltr'><strong>tus</strong></span> <span class='ocrx_word' id='word_1_314' title='bbox 155 2847 410 2918; x_wconf 88' lang='lat' dir='ltr'><strong>injuriam</strong></span> <span class='ocrx_word' id='word_1_315' title='bbox 442 2846 660 2919; x_wconf 87' lang='lat' dir='ltr'><strong>capitali</strong></span> <span class='ocrx_word' id='word_1_316' title='bbox 692 2847 745 2902; x_wconf 91' lang='lat' dir='ltr'><strong>in</strong></span> <span class='ocrx_word' id='word_1_317' title='bbox 771 2846 1051 2903; x_wconf 88' lang='lat' dir='ltr'><strong>convictos</strong></span> <span class='ocrx_word' id='word_1_318' title='bbox 1076 2848 1191 2902; x_wconf 88' lang='lat' dir='ltr'><strong>sive</strong></span> <span class='ocrx_word' id='word_1_319' title='bbox 1213 2847 1489 2903; x_wconf 76' lang='lat' dir='ltr'><strong>confessos</strong></span> <span class='ocrx_word' id='word_1_320' title='bbox 1517 2860 1641 2903; x_wconf 90' lang='lat' dir='ltr'><strong>reos</strong></span> 
     </span>
    </p>
   </div>
   <div class='ocr_carea' id='block_1_44' title="bbox 56 2936 1643 3008">
    <p class='ocr_par' dir='ltr' id='par_1_44' title="bbox 56 2936 1643 3008">
     <span class='ocr_line' id='line_1_44' title="bbox 56 2936 1643 3008; baseline 0 -14"><span class='ocrx_word' id='word_1_321' title='bbox 56 2939 317 2994; x_wconf 84' lang='lat' dir='ltr'><strong>sententia</strong></span> <span class='ocrx_word' id='word_1_322' title='bbox 365 2940 579 2995; x_wconf 91' lang='lat' dir='ltr'><strong>noverit</strong></span> <span class='ocrx_word' id='word_1_323' title='bbox 627 2937 1029 2995; x_wconf 80' lang='lat' dir='ltr'><strong>vindicandum.</strong></span> <span class='ocrx_word' id='word_1_324' title='bbox 1085 2936 1196 2994; x_wconf 84' lang='lat' dir='ltr'><strong>Nec</strong></span> <span class='ocrx_word' id='word_1_325' title='bbox 1251 2946 1534 3008; x_wconf 83' lang='lat' dir='ltr'><strong>exspectet</strong></span> <span class='ocrx_word' id='word_1_326' title='bbox 1582 2947 1643 2994; x_wconf 88' lang='lat' dir='ltr'><strong>ut</strong></span> 
     </span>
    </p>
   </div>
   <div class='ocr_carea' id='block_1_45' title="bbox 54 3030 1642 3105">
    <p class='ocr_par' dir='ltr' id='par_1_45' title="bbox 54 3030 1642 3105">
     <span class='ocr_line' id='line_1_45' title="bbox 54 3030 1642 3105; baseline -0.001 -16"><span class='ocrx_word' id='word_1_327' title='bbox 54 3034 335 3105; x_wconf 84' lang='lat' dir='ltr'><strong>cpiscopus</strong></span> <span class='ocrx_word' id='word_1_328' title='bbox 388 3032 601 3103; x_wconf 68' lang='lat' dir='ltr'><strong>injuria:</strong></span> <span class='ocrx_word' id='word_1_329' title='bbox 648 3031 878 3104; x_wconf 66' lang='lat' dir='ltr'><strong>propria:</strong></span> <span class='ocrx_word' id='word_1_330' title='bbox 917 3030 1177 3089; x_wconf 88' lang='lat' dir='ltr'><strong>ultionem</strong></span> <span class='ocrx_word' id='word_1_331' title='bbox 1207 3032 1497 3102; x_wconf 89' lang='lat' dir='ltr'><strong>deposcat,</strong></span> <span class='ocrx_word' id='word_1_332' title='bbox 1551 3032 1642 3087; x_wconf 83' lang='lat' dir='ltr'><strong>cui</strong></span> 
     </span>
    </p>
   </div>
   <div class='ocr_carea' id='block_1_46' title="bbox 55 3122 1643 3199">
    <p class='ocr_par' dir='ltr' id='par_1_46' title="bbox 55 3122 1643 3199">
     <span class='ocr_line' id='line_1_46' title="bbox 55 3122 1643 3199; baseline -0.002 -18"><span class='ocrx_word' id='word_1_333' title='bbox 55 3126 317 3182; x_wconf 88' lang='lat' dir='ltr'><strong>sanctitas</strong></span> <span class='ocrx_word' id='word_1_334' title='bbox 341 3124 655 3199; x_wconf 85' lang='lat' dir='ltr'><strong>ignoscendi</strong></span> <span class='ocrx_word' id='word_1_335' title='bbox 695 3124 797 3180; x_wconf 89' lang='lat' dir='ltr'><strong>soli</strong></span> <span class='ocrx_word' id='word_1_336' title='bbox 827 3122 1054 3195; x_wconf 89' lang='lat' dir='ltr'><strong>gloriam</strong></span> <span class='ocrx_word' id='word_1_337' title='bbox 1084 3123 1430 3195; x_wconf 88' lang='lat' dir='ltr'><strong>derelinquit,</strong></span> <span class='ocrx_word' id='word_1_338' title='bbox 1465 3124 1643 3194; x_wconf 88' lang='lat' dir='ltr'><strong>sitque</strong></span> 
     </span>
    </p>
   </div>
   <div class='ocr_carea' id='block_1_47' title="bbox 59 3216 1639 3285">
    <p class='ocr_par' dir='ltr' id='par_1_47' title="bbox 59 3216 1639 3285">
     <span class='ocr_line' id='line_1_47' title="bbox 59 3216 1639 3285; baseline 0.002 -16"><span class='ocrx_word' id='word_1_339' title='bbox 59 3217 268 3273; x_wconf 80' lang='lat' dir='ltr'><strong>cunctis</strong></span> <span class='ocrx_word' id='word_1_340' title='bbox 310 3232 421 3274; x_wconf 83' lang='lat' dir='ltr'><strong>non</strong></span> <span class='ocrx_word' id='word_1_341' title='bbox 465 3217 640 3273; x_wconf 91' lang='lat' dir='ltr'><strong>solum</strong></span> <span class='ocrx_word' id='word_1_342' title='bbox 679 3216 943 3283; x_wconf 86' lang='lat' dir='ltr'><strong>liberum,</strong></span> <span class='ocrx_word' id='word_1_343' title='bbox 987 3220 1082 3274; x_wconf 90' lang='lat' dir='ltr'><strong>sed</strong></span> <span class='ocrx_word' id='word_1_344' title='bbox 1118 3218 1283 3273; x_wconf 88' lang='lat' dir='ltr'><strong>etiam</strong></span> <span class='ocrx_word' id='word_1_345' title='bbox 1328 3217 1639 3285; x_wconf 86' lang='lat' dir='ltr'><strong>laudabile,</strong></span> 
     </span>
    </p>
   </div>
   <div class='ocr_carea' id='block_1_48' title="bbox 50 3305 1642 3402">
    <p class='ocr_par' dir='ltr' id='par_1_48' title="bbox 50 3305 1642 3402">
     <span class='ocr_line' id='line_1_48' title="bbox 50 3305 1642 3402; baseline 0.001 -40"><span class='ocrx_word' id='word_1_346' title='bbox 50 3305 231 3402; x_wconf 82' lang='lat' dir='ltr'><strong>|factas</strong></span> <span class='ocrx_word' id='word_1_347' title='bbox 274 3318 494 3366; x_wconf 81' lang='lat' dir='ltr'><strong>atroces</strong></span> <span class='ocrx_word' id='word_1_348' title='bbox 553 3310 926 3366; x_wconf 83' lang='lat' dir='ltr'><strong>sacerdotibus</strong></span> <span class='ocrx_word' id='word_1_349' title='bbox 971 3318 1065 3364; x_wconf 89' lang='lat' dir='ltr'><strong>aut</strong></span> <span class='ocrx_word' id='word_1_350' title='bbox 1103 3309 1369 3365; x_wconf 87' lang='lat' dir='ltr'><strong>ministris</strong></span> <span class='ocrx_word' id='word_1_351' title='bbox 1413 3308 1642 3380; x_wconf 87' lang='lat' dir='ltr'><strong>injurias</strong></span> 
     </span>
    </p>
   </div>
   <div class='ocr_carea' id='block_1_49' title="bbox 61 3400 1644 3474">
    <p class='ocr_par' dir='ltr' id='par_1_49' title="bbox 61 3400 1644 3474">
     <span class='ocr_line' id='line_1_49' title="bbox 61 3400 1644 3474; baseline 0.003 -21"><span class='ocrx_word' id='word_1_352' title='bbox 61 3400 223 3457; x_wconf 87' lang='lat' dir='ltr'><strong>veluti</strong></span> <span class='ocrx_word' id='word_1_353' title='bbox 260 3402 541 3473; x_wconf 89' lang='lat' dir='ltr'><strong>publicum</strong></span> <span class='ocrx_word' id='word_1_354' title='bbox 580 3401 787 3458; x_wconf 89' lang='lat' dir='ltr'><strong>crimen</strong></span> <span class='ocrx_word' id='word_1_355' title='bbox 827 3402 1122 3474; x_wconf 88' lang='lat' dir='ltr'><strong>persequi,</strong></span> <span class='ocrx_word' id='word_1_356' title='bbox 1159 3417 1222 3457; x_wconf 92' lang='lat' dir='ltr'><strong>ac</strong></span> <span class='ocrx_word' id='word_1_357' title='bbox 1261 3401 1499 3457; x_wconf 88' lang='lat' dir='ltr'><strong>debitam</strong></span> <span class='ocrx_word' id='word_1_358' title='bbox 1536 3400 1644 3457; x_wconf 91' lang='lat' dir='ltr'><strong>reis</strong></span> 
     </span>
    </p>
   </div>
   <div class='ocr_carea' id='block_1_50' title="bbox 66 3491 1645 3561">
    <p class='ocr_par' dir='ltr' id='par_1_50' title="bbox 66 3491 1645 3561">
     <span class='ocr_line' id='line_1_50' title="bbox 66 3491 1645 3561; baseline 0.001 -15"><span class='ocrx_word' id='word_1_359' title='bbox 66 3491 321 3549; x_wconf 83' lang='lat' dir='ltr'><strong>ultionem</strong></span> <span class='ocrx_word' id='word_1_360' title='bbox 350 3493 576 3551; x_wconf 87' lang='lat' dir='ltr'><strong>mereri.</strong></span> <span class='ocrx_word' id='word_1_361' title='bbox 606 3493 762 3561; x_wconf 84' lang='lat' dir='ltr'><strong>Quod</strong></span> <span class='ocrx_word' id='word_1_362' title='bbox 790 3494 838 3549; x_wconf 91' lang='lat' dir='ltr'><strong>si</strong></span> <span class='ocrx_word' id='word_1_363' title='bbox 868 3493 1159 3551; x_wconf 90' lang='lat' dir='ltr'><strong>multitudo</strong></span> <span class='ocrx_word' id='word_1_364' title='bbox 1187 3493 1426 3550; x_wconf 87' lang='lat' dir='ltr'><strong>violenta</strong></span> <span class='ocrx_word' id='word_1_365' title='bbox 1465 3492 1645 3549; x_wconf 88' lang='lat' dir='ltr'><strong>civilis</strong></span> 
     </span>
    </p>
   </div>
   <div class='ocr_carea' id='block_1_51' title="bbox 68 3564 1646 3656">
    <p class='ocr_par' dir='ltr' id='par_1_51' title="bbox 68 3564 1646 3656">
     <span class='ocr_line' id='line_1_51' title="bbox 68 3564 1646 3656; baseline 0.002 -18"><span class='ocrx_word' id='word_1_366' title='bbox 68 3586 420 3656; x_wconf 86' lang='lat' dir='ltr'><strong>apparitionis</strong></span> <span class='ocrx_word' id='word_1_367' title='bbox 473 3587 855 3652; x_wconf 76' lang='lat' dir='ltr'><strong>exsecutione,</strong></span> <span class='ocrx_word' id='word_1_368' title='bbox 910 3599 966 3642; x_wconf 85' lang='lat' dir='ltr'><strong>et</strong></span> <span class='ocrx_word' id='word_1_369' title='bbox 1014 3564 1341 3642; x_wconf 72' lang='lat' dir='ltr'><strong>adminiculo</strong></span> <span class='ocrx_word' id='word_1_370' title='bbox 1391 3585 1646 3642; x_wconf 90' lang='lat' dir='ltr'><strong>ordinum</strong></span> 
     </span>
    </p>
   </div>
   <div class='ocr_carea' id='block_1_52' title="bbox 65 3679 1649 3751">
    <p class='ocr_par' dir='ltr' id='par_1_52' title="bbox 65 3679 1649 3751">
     <span class='ocr_line' id='line_1_52' title="bbox 65 3679 1649 3751; baseline 0 -17"><span class='ocrx_word' id='word_1_371' title='bbox 65 3693 501 3748; x_wconf 82' lang='lat' dir='ltr'><strong>possessorumve</strong></span> <span class='ocrx_word' id='word_1_372' title='bbox 517 3721 533 3746; x_wconf 93' lang='lat'><strong>,</strong></span> <span class='ocrx_word' id='word_1_373' title='bbox 558 3695 662 3737; x_wconf 92' lang='lat' dir='ltr'><strong>non</strong></span> <span class='ocrx_word' id='word_1_374' title='bbox 690 3680 930 3751; x_wconf 78' lang='lat' dir='ltr'><strong>potuerit</strong></span> <span class='ocrx_word' id='word_1_375' title='bbox 951 3679 1289 3751; x_wconf 65' lang='lat' dir='ltr'><strong>praesentari,</strong></span> <span class='ocrx_word' id='word_1_376' title='bbox 1305 3679 1453 3751; x_wconf 89' lang='lat' dir='ltr'><strong>quod</strong></span> <span class='ocrx_word' id='word_1_377' title='bbox 1474 3693 1533 3733; x_wconf 86' lang='lat' dir='ltr'><strong>se</strong></span> <span class='ocrx_word' id='word_1_378' title='bbox 1560 3694 1649 3734; x_wconf 87' lang='lat' dir='ltr'><strong>ar-</strong></span> 
     </span>
    </p>
   </div>
   <div class='ocr_carea' id='block_1_53' title="bbox 80 3771 1649 3842">
    <p class='ocr_par' dir='ltr' id='par_1_53' title="bbox 80 3771 1649 3842">
     <span class='ocr_line' id='line_1_53' title="bbox 80 3771 1649 3842; baseline -0.001 -14"><span class='ocrx_word' id='word_1_379' title='bbox 80 3774 178 3829; x_wconf 88' lang='lat' dir='ltr'><strong>mis</strong></span> <span class='ocrx_word' id='word_1_380' title='bbox 205 3790 271 3829; x_wconf 86' lang='lat' dir='ltr'><strong>ac</strong></span> <span class='ocrx_word' id='word_1_381' title='bbox 299 3774 542 3829; x_wconf 89' lang='lat' dir='ltr'><strong>locorum</strong></span> <span class='ocrx_word' id='word_1_382' title='bbox 570 3771 887 3830; x_wconf 82' lang='lat' dir='ltr'><strong>dillicultate</strong></span> <span class='ocrx_word' id='word_1_383' title='bbox 917 3780 1155 3839; x_wconf 89' lang='lat' dir='ltr'><strong>tueatur,</strong></span> <span class='ocrx_word' id='word_1_384' title='bbox 1183 3772 1392 3842; x_wconf 87' lang='lat' dir='ltr'><strong>judices</strong></span> <span class='ocrx_word' id='word_1_385' title='bbox 1421 3780 1649 3827; x_wconf 71' lang='lat' dir='ltr'><strong>armata:</strong></span> 
     </span>
    </p>
   </div>
   <div class='ocr_carea' id='block_1_54' title="bbox 70 3862 1646 3936">
    <p class='ocr_par' dir='ltr' id='par_1_54' title="bbox 70 3862 1646 3936">
     <span class='ocr_line' id='line_1_54' title="bbox 70 3862 1646 3936; baseline 0.001 -19"><span class='ocrx_word' id='word_1_386' title='bbox 70 3866 421 3935; x_wconf 81' lang='lat' dir='ltr'><strong>apparitionis</strong></span> <span class='ocrx_word' id='word_1_387' title='bbox 448 3865 757 3936; x_wconf 64' lang='lat' dir='ltr'><strong>praesidium</strong></span> <span class='ocrx_word' id='word_1_388' title='bbox 777 3905 792 3929; x_wconf 93' lang='lat'><strong>,</strong></span> <span class='ocrx_word' id='word_1_389' title='bbox 823 3864 966 3920; x_wconf 85' lang='lat' dir='ltr'><strong>datis</strong></span> <span class='ocrx_word' id='word_1_390' title='bbox 993 3864 1062 3920; x_wconf 90' lang='lat' dir='ltr'><strong>ad</strong></span> <span class='ocrx_word' id='word_1_391' title='bbox 1090 3864 1268 3919; x_wconf 89' lang='lat' dir='ltr'><strong>virum</strong></span> <span class='ocrx_word' id='word_1_392' title='bbox 1296 3862 1646 3934; x_wconf 87' lang='lat' dir='ltr'><strong>spectabilem</strong></span> 
     </span>
    </p>
   </div>
   <div class='ocr_carea' id='block_1_55' title="bbox 62 3952 1649 4026">
    <p class='ocr_par' dir='ltr' id='par_1_55' title="bbox 62 3952 1649 4026">
     <span class='ocr_line' id='line_1_55' title="bbox 62 3952 1649 4026; baseline 0 -18"><span class='ocrx_word' id='word_1_393' title='bbox 62 3955 317 4011; x_wconf 79' lang='lat' dir='ltr'><strong>comitem</strong></span> <span class='ocrx_word' id='word_1_394' title='bbox 352 3955 581 4022; x_wconf 88' lang='lat' dir='ltr'><strong>litteris,</strong></span> <span class='ocrx_word' id='word_1_395' title='bbox 613 3954 842 4026; x_wconf 56' lang='lat' dir='ltr'><strong>praelato</strong></span> <span class='ocrx_word' id='word_1_396' title='bbox 876 3952 1014 4025; x_wconf 82' lang='lat' dir='ltr'><strong>legis</strong></span> <span class='ocrx_word' id='word_1_397' title='bbox 1048 3953 1203 4010; x_wconf 89' lang='lat' dir='ltr'><strong>istius</strong></span> <span class='ocrx_word' id='word_1_398' title='bbox 1234 3965 1419 4009; x_wconf 88' lang='lat' dir='ltr'><strong>tenore</strong></span> <span class='ocrx_word' id='word_1_399' title='bbox 1454 3953 1649 4023; x_wconf 88' lang='lat' dir='ltr'><strong>depos-</strong></span> 
     </span>
    </p>
   </div>
   <div class='ocr_carea' id='block_1_56' title="bbox 71 4042 1649 4111">
    <p class='ocr_par' dir='ltr' id='par_1_56' title="bbox 71 4042 1649 4111">
     <span class='ocr_line' id='line_1_56' title="bbox 71 4042 1649 4111; baseline 0 -13"><span class='ocrx_word' id='word_1_400' title='bbox 71 4056 227 4111; x_wconf 83' lang='lat' dir='ltr'><strong>cant,</strong></span> <span class='ocrx_word' id='word_1_401' title='bbox 265 4056 325 4102; x_wconf 93' lang='lat' dir='ltr'><strong>ut</strong></span> <span class='ocrx_word' id='word_1_402' title='bbox 358 4047 440 4104; x_wconf 86' lang='lat' dir='ltr'><strong>rei</strong></span> <span class='ocrx_word' id='word_1_403' title='bbox 476 4046 661 4102; x_wconf 87' lang='lat' dir='ltr'><strong>talium</strong></span> <span class='ocrx_word' id='word_1_404' title='bbox 703 4045 996 4103; x_wconf 89' lang='lat' dir='ltr'><strong>criminum</strong></span> <span class='ocrx_word' id='word_1_405' title='bbox 1033 4060 1139 4101; x_wconf 91' lang='lat' dir='ltr'><strong>non</strong></span> <span class='ocrx_word' id='word_1_406' title='bbox 1172 4043 1422 4099; x_wconf 89' lang='lat' dir='ltr'><strong>evadant.</strong></span> <span class='ocrx_word' id='word_1_407' title='bbox 1459 4062 1476 4094; x_wconf 75' lang='grc' dir='ltr'><strong>ι</strong></span> <span class='ocrx_word' id='word_1_408' title='bbox 1512 4042 1649 4098; x_wconf 87' lang='lat' dir='ltr'><strong>Item</strong></span> 
     </span>
    </p>
   </div>
   <div class='ocr_carea' id='block_1_57' title="bbox 70 4136 1651 4211">
    <p class='ocr_par' dir='ltr' id='par_1_57' title="bbox 70 4136 1651 4211">
     <span class='ocr_line' id='line_1_57' title="bbox 70 4136 1651 4211; baseline 0.001 -21"><span class='ocrx_word' id='word_1_409' title='bbox 70 4149 121 4191; x_wconf 85' lang='lat' dir='ltr'><strong>et</strong></span> <span class='ocrx_word' id='word_1_410' title='bbox 143 4139 284 4194; x_wconf 87' lang='lat' dir='ltr'><strong>istud</strong></span> <span class='ocrx_word' id='word_1_411' title='bbox 310 4140 606 4211; x_wconf 83' lang='lat' dir='ltr'><strong>posuistis:</strong></span> <span class='ocrx_word' id='word_1_412' title='bbox 643 4158 664 4191; x_wconf 79' lang='grc' dir='ltr'><strong>ι</strong></span> <span class='ocrx_word' id='word_1_413' title='bbox 695 4138 754 4195; x_wconf 85' lang='lat' dir='ltr'><strong>Si</strong></span> <span class='ocrx_word' id='word_1_414' title='bbox 787 4137 1045 4195; x_wconf 63' lang='lat' dir='ltr'><strong>Ecclesia:</strong></span> <span class='ocrx_word' id='word_1_415' title='bbox 1081 4137 1406 4194; x_wconf 87' lang='lat' dir='ltr'><strong>venerabilis</strong></span> <span class='ocrx_word' id='word_1_416' title='bbox 1428 4136 1651 4207; x_wconf 85' lang='lat' dir='ltr'><strong>privile—</strong></span> 
     </span>
    </p>
   </div>
   <div class='ocr_carea' id='block_1_58' title="bbox 70 4225 1649 4301">
    <p class='ocr_par' dir='ltr' id='par_1_58' title="bbox 70 4225 1649 4301">
     <span class='ocr_line' id='line_1_58' title="bbox 70 4225 1649 4301; baseline 0 -20"><span class='ocrx_word' id='word_1_417' title='bbox 70 4228 150 4297; x_wconf 87' lang='lat' dir='ltr'><strong>gia</strong></span> <span class='ocrx_word' id='word_1_418' title='bbox 191 4230 510 4301; x_wconf 78' lang='lat' dir='ltr'><strong>cujusquam</strong></span> <span class='ocrx_word' id='word_1_419' title='bbox 555 4228 759 4286; x_wconf 89' lang='lat' dir='ltr'><strong>fuerint</strong></span> <span class='ocrx_word' id='word_1_420' title='bbox 808 4229 889 4286; x_wconf 89' lang='lat' dir='ltr'><strong>vel</strong></span> <span class='ocrx_word' id='word_1_421' title='bbox 935 4229 1241 4285; x_wconf 80' lang='lat' dir='ltr'><strong>temeritate</strong></span> <span class='ocrx_word' id='word_1_422' title='bbox 1281 4227 1518 4293; x_wconf 86' lang='lat' dir='ltr'><strong>violata,</strong></span> <span class='ocrx_word' id='word_1_423' title='bbox 1562 4225 1649 4282; x_wconf 88' lang='lat' dir='ltr'><strong>vel</strong></span> 
     </span>
    </p>
   </div>
   <div class='ocr_carea' id='block_1_59' title="bbox 71 4318 1650 4393">
    <p class='ocr_par' dir='ltr' id='par_1_59' title="bbox 71 4318 1650 4393">
     <span class='ocr_line' id='line_1_59' title="bbox 71 4318 1650 4393; baseline -0.001 -20"><span class='ocrx_word' id='word_1_424' title='bbox 71 4319 493 4377; x_wconf 87' lang='lat' dir='ltr'><strong>dissimulatione</strong></span> <span class='ocrx_word' id='word_1_425' title='bbox 522 4321 768 4393; x_wconf 85' lang='lat' dir='ltr'><strong>neglecta</strong></span> <span class='ocrx_word' id='word_1_426' title='bbox 787 4361 803 4387; x_wconf 95' lang='lat'><strong>,</strong></span> <span class='ocrx_word' id='word_1_427' title='bbox 834 4320 1186 4378; x_wconf 85' lang='lat' dir='ltr'><strong>commissum</strong></span> <span class='ocrx_word' id='word_1_428' title='bbox 1218 4319 1456 4390; x_wconf 88' lang='lat' dir='ltr'><strong>quinque</strong></span> <span class='ocrx_word' id='word_1_429' title='bbox 1483 4318 1650 4374; x_wconf 90' lang='lat' dir='ltr'><strong>libra-</strong></span> 
     </span>
    </p>
   </div>
   <div class='ocr_carea' id='block_1_60' title="bbox 75 4412 1650 4484">
    <p class='ocr_par' dir='ltr' id='par_1_60' title="bbox 75 4412 1650 4484">
     <span class='ocr_line' id='line_1_60' title="bbox 75 4412 1650 4484; baseline -0.001 -18"><span class='ocrx_word' id='word_1_430' title='bbox 75 4428 190 4468; x_wconf 88' lang='lat' dir='ltr'><strong>rum</strong></span> <span class='ocrx_word' id='word_1_431' title='bbox 220 4414 374 4481; x_wconf 90' lang='lat' dir='ltr'><strong>auri,</strong></span> <span class='ocrx_word' id='word_1_432' title='bbox 406 4413 547 4471; x_wconf 90' lang='lat' dir='ltr'><strong>sicut</strong></span> <span class='ocrx_word' id='word_1_433' title='bbox 574 4414 737 4469; x_wconf 89' lang='lat' dir='ltr'><strong>etiam</strong></span> <span class='ocrx_word' id='word_1_434' title='bbox 773 4412 923 4484; x_wconf 89' lang='lat' dir='ltr'><strong>prius</strong></span> <span class='ocrx_word' id='word_1_435' title='bbox 965 4412 1323 4469; x_wconf 89' lang='lat' dir='ltr'><strong>constitutum</strong></span> <span class='ocrx_word' id='word_1_436' title='bbox 1363 4420 1479 4476; x_wconf 86' lang='lat' dir='ltr'><strong>est,</strong></span> <span class='ocrx_word' id='word_1_437' title='bbox 1519 4424 1650 4465; x_wconf 88' lang='lat' dir='ltr'><strong>con-</strong></span> 
     </span>
    </p>
   </div>
   <div class='ocr_carea' id='block_1_61' title="bbox 74 4502 1648 4579">
    <p class='ocr_par' dir='ltr' id='par_1_61' title="bbox 74 4502 1648 4579">
     <span class='ocr_line' id='line_1_61' title="bbox 74 4502 1648 4579; baseline -0.006 -16"><span class='ocrx_word' id='word_1_438' title='bbox 74 4506 413 4565; x_wconf 81' lang='lat' dir='ltr'><strong>demnatione</strong></span> <span class='ocrx_word' id='word_1_439' title='bbox 432 4506 718 4579; x_wconf 86' lang='lat' dir='ltr'><strong>plectatur.</strong></span> <span class='ocrx_word' id='word_1_440' title='bbox 747 4525 768 4559; x_wconf 75' lang='grc' dir='ltr'><strong>ι</strong></span> <span class='ocrx_word' id='word_1_441' title='bbox 794 4504 1173 4576; x_wconf 83' lang='lat' dir='ltr'><strong>Nunquidnam</strong></span> <span class='ocrx_word' id='word_1_442' title='bbox 1189 4544 1204 4570; x_wconf 98' lang='lat'><strong>,</strong></span> <span class='ocrx_word' id='word_1_443' title='bbox 1230 4502 1446 4559; x_wconf 90' lang='lat' dir='ltr'><strong>domine</strong></span> <span class='ocrx_word' id='word_1_444' title='bbox 1470 4509 1648 4572; x_wconf 87' lang='lat' dir='ltr'><strong>pater,</strong></span> 
     </span>
    </p>
   </div>
   <div class='ocr_carea' id='block_1_62' title="bbox 79 4596 1649 4671">
    <p class='ocr_par' dir='ltr' id='par_1_62' title="bbox 79 4596 1649 4671">
     <span class='ocr_line' id='line_1_62' title="bbox 79 4596 1649 4671; baseline -0.001 -19"><span class='ocrx_word' id='word_1_445' title='bbox 79 4600 291 4671; x_wconf 83' lang='lat' dir='ltr'><strong>dignum</strong></span> <span class='ocrx_word' id='word_1_446' title='bbox 325 4602 534 4665; x_wconf 81' lang='lat' dir='ltr'><strong>fuerat,</strong></span> <span class='ocrx_word' id='word_1_447' title='bbox 574 4609 633 4655; x_wconf 93' lang='lat' dir='ltr'><strong>ut</strong></span> <span class='ocrx_word' id='word_1_448' title='bbox 660 4607 886 4656; x_wconf 88' lang='lat' dir='ltr'><strong>vocatus</strong></span> <span class='ocrx_word' id='word_1_449' title='bbox 913 4614 943 4653; x_wconf 92' lang='lat' dir='ltr'><strong>a</strong></span> <span class='ocrx_word' id='word_1_450' title='bbox 972 4598 1127 4654; x_wconf 91' lang='lat' dir='ltr'><strong>vobis</strong></span> <span class='ocrx_word' id='word_1_451' title='bbox 1152 4596 1221 4652; x_wconf 91' lang='lat' dir='ltr'><strong>ad</strong></span> <span class='ocrx_word' id='word_1_452' title='bbox 1252 4596 1515 4668; x_wconf 83' lang='lat' dir='ltr'><strong>synodum</strong></span> <span class='ocrx_word' id='word_1_453' title='bbox 1546 4610 1649 4666; x_wconf 90' lang='lat' dir='ltr'><strong>pro</strong></span> 
     </span>
    </p>
   </div>
   <div class='ocr_carea' id='block_1_63' title="bbox 1746 2004 3329 2088">
    <p class='ocr_par' dir='ltr' id='par_1_63' title="bbox 1746 2004 3329 2088">
     <span class='ocr_line' id='line_1_63' title="bbox 1746 2004 3329 2088; baseline 0.008 -26"><span class='ocrx_word' id='word_1_454' title='bbox 1746 2010 2020 2081; x_wconf 82' lang='lat' dir='ltr'><strong>agentium</strong></span> <span class='ocrx_word' id='word_1_455' title='bbox 2052 2026 2215 2067; x_wconf 85' lang='lat' dir='ltr'><strong>causa</strong></span> <span class='ocrx_word' id='word_1_456' title='bbox 2254 2013 2526 2081; x_wconf 89' lang='lat' dir='ltr'><strong>solorum,</strong></span> <span class='ocrx_word' id='word_1_457' title='bbox 2567 2004 2889 2072; x_wconf 78' lang='lat' dir='ltr'><strong>universalis</strong></span> <span class='ocrx_word' id='word_1_458' title='bbox 2917 2016 3161 2072; x_wconf 88' lang='lat' dir='ltr'><strong>Ecclesia</strong></span> <span class='ocrx_word' id='word_1_459' title='bbox 3187 2031 3329 2088; x_wconf 80' lang='lat' dir='ltr'><strong>qua-</strong></span> 
     </span>
    </p>
   </div>
   <div class='ocr_carea' id='block_1_64' title="bbox 1745 2105 3328 2178">
    <p class='ocr_par' dir='ltr' id='par_1_64' title="bbox 1745 2105 3328 2178">
     <span class='ocr_line' id='line_1_64' title="bbox 1745 2105 3328 2178; baseline 0.004 -22"><span class='ocrx_word' id='word_1_460' title='bbox 1745 2117 1960 2173; x_wconf 78' lang='lat' dir='ltr'><strong>cunque</strong></span> <span class='ocrx_word' id='word_1_461' title='bbox 2011 2105 2252 2160; x_wconf 90' lang='lat' dir='ltr'><strong>novitate</strong></span> <span class='ocrx_word' id='word_1_462' title='bbox 2300 2106 2565 2174; x_wconf 79' lang='lat' dir='ltr'><strong>pulsatur.</strong></span> <span class='ocrx_word' id='word_1_463' title='bbox 2616 2106 2824 2164; x_wconf 84' lang='lat' dir='ltr'><strong>Novum</strong></span> <span class='ocrx_word' id='word_1_464' title='bbox 2872 2118 2959 2163; x_wconf 89' lang='lat' dir='ltr'><strong>est</strong></span> <span class='ocrx_word' id='word_1_465' title='bbox 2996 2108 3142 2162; x_wconf 89' lang='lat' dir='ltr'><strong>enim</strong></span> <span class='ocrx_word' id='word_1_466' title='bbox 3181 2108 3328 2178; x_wconf 79' lang='lat' dir='ltr'><strong>quod</strong></span> 
     </span>
    </p>
   </div>
   <div class='ocr_carea' id='block_1_65' title="bbox 1747 2195 3326 2269">
    <p class='ocr_par' dir='ltr' id='par_1_65' title="bbox 1747 2195 3326 2269">
     <span class='ocr_line' id='line_1_65' title="bbox 1747 2195 3326 2269; baseline 0.003 -19"><span class='ocrx_word' id='word_1_467' title='bbox 1747 2211 1892 2251; x_wconf 91' lang='lat' dir='ltr'><strong>nunc</strong></span> <span class='ocrx_word' id='word_1_468' title='bbox 1917 2195 2119 2253; x_wconf 87' lang='lat' dir='ltr'><strong>factum</strong></span> <span class='ocrx_word' id='word_1_469' title='bbox 2146 2208 2262 2259; x_wconf 85' lang='lat' dir='ltr'><strong>est,</strong></span> <span class='ocrx_word' id='word_1_470' title='bbox 2297 2199 2422 2269; x_wconf 89' lang='lat' dir='ltr'><strong>quia</strong></span> <span class='ocrx_word' id='word_1_471' title='bbox 2454 2215 2560 2254; x_wconf 94' lang='lat' dir='ltr'><strong>non</strong></span> <span class='ocrx_word' id='word_1_472' title='bbox 2588 2210 2674 2255; x_wconf 85' lang='lat' dir='ltr'><strong>est</strong></span> <span class='ocrx_word' id='word_1_473' title='bbox 2702 2200 2769 2255; x_wconf 92' lang='lat' dir='ltr'><strong>de</strong></span> <span class='ocrx_word' id='word_1_474' title='bbox 2795 2201 2896 2255; x_wconf 88' lang='lat' dir='ltr'><strong>sub</strong></span> <span class='ocrx_word' id='word_1_475' title='bbox 2928 2200 3032 2256; x_wconf 85' lang='lat' dir='ltr'><strong>isto</strong></span> <span class='ocrx_word' id='word_1_476' title='bbox 3061 2199 3201 2255; x_wconf 80' lang='lat' dir='ltr'><strong>ctelo</strong></span> <span class='ocrx_word' id='word_1_477' title='bbox 3225 2215 3294 2255; x_wconf 89' lang='lat' dir='ltr'><strong>au</strong></span> <span class='ocrx_word' id='word_1_478' title='bbox 3320 2227 3326 2234; x_wconf 90' lang='lat'><strong><em>-</em></strong></span> 
     </span>
    </p>
   </div>
   <div class='ocr_carea' id='block_1_66' title="bbox 1745 2289 3329 2365">
    <p class='ocr_par' dir='ltr' id='par_1_66' title="bbox 1745 2289 3329 2365">
     <span class='ocr_line' id='line_1_66' title="bbox 1745 2289 3329 2365; baseline 0.003 -21"><span class='ocrx_word' id='word_1_479' title='bbox 1745 2289 1918 2344; x_wconf 88' lang='lat' dir='ltr'><strong>ditum</strong></span> <span class='ocrx_word' id='word_1_480' title='bbox 1939 2331 1953 2354; x_wconf 95' lang='lat'><strong>,</strong></span> <span class='ocrx_word' id='word_1_481' title='bbox 1989 2300 2051 2345; x_wconf 91' lang='lat' dir='ltr'><strong>ut</strong></span> <span class='ocrx_word' id='word_1_482' title='bbox 2074 2292 2365 2362; x_wconf 86' lang='lat' dir='ltr'><strong>episcopus</strong></span> <span class='ocrx_word' id='word_1_483' title='bbox 2392 2307 2513 2347; x_wconf 90' lang='lat' dir='ltr'><strong>cum</strong></span> <span class='ocrx_word' id='word_1_484' title='bbox 2542 2293 2770 2349; x_wconf 85' lang='lat' dir='ltr'><strong>ecclesia</strong></span> <span class='ocrx_word' id='word_1_485' title='bbox 2794 2308 2889 2349; x_wconf 87' lang='lat' dir='ltr'><strong>sua</strong></span> <span class='ocrx_word' id='word_1_486' title='bbox 2914 2293 3329 2365; x_wconf 79' lang='lat' dir='ltr'><strong>proscriptionis</strong></span> 
     </span>
    </p>
   </div>
   <div class='ocr_carea' id='block_1_67' title="bbox 1748 2380 3331 2457">
    <p class='ocr_par' dir='ltr' id='par_1_67' title="bbox 1748 2380 3331 2457">
     <span class='ocr_line' id='line_1_67' title="bbox 1748 2380 3331 2457; baseline 0.003 -22"><span class='ocrx_word' id='word_1_487' title='bbox 1748 2380 1903 2435; x_wconf 90' lang='lat' dir='ltr'><strong>titulo</strong></span> <span class='ocrx_word' id='word_1_488' title='bbox 1928 2381 1996 2436; x_wconf 90' lang='lat' dir='ltr'><strong>ab</strong></span> <span class='ocrx_word' id='word_1_489' title='bbox 2022 2382 2130 2437; x_wconf 91' lang='lat' dir='ltr'><strong>ullo</strong></span> <span class='ocrx_word' id='word_1_490' title='bbox 2167 2382 2417 2454; x_wconf 89' lang='lat' dir='ltr'><strong>religioso</strong></span> <span class='ocrx_word' id='word_1_491' title='bbox 2446 2383 2690 2455; x_wconf 89' lang='lat' dir='ltr'><strong>principe</strong></span> <span class='ocrx_word' id='word_1_492' title='bbox 2720 2384 2980 2441; x_wconf 89' lang='lat' dir='ltr'><strong>laicorum</strong></span> <span class='ocrx_word' id='word_1_493' title='bbox 3006 2386 3212 2457; x_wconf 85' lang='lat' dir='ltr'><strong>judicio</strong></span> <span class='ocrx_word' id='word_1_494' title='bbox 3240 2400 3331 2440; x_wconf 87' lang='lat' dir='ltr'><strong>us-</strong></span> 
     </span>
    </p>
   </div>
   <div class='ocr_carea' id='block_1_68' title="bbox 1747 2473 3331 2548">
    <p class='ocr_par' dir='ltr' id='par_1_68' title="bbox 1747 2473 3331 2548">
     <span class='ocr_line' id='line_1_68' title="bbox 1747 2473 3331 2548; baseline 0.004 -23"><span class='ocrx_word' id='word_1_495' title='bbox 1747 2487 1854 2543; x_wconf 87' lang='lat' dir='ltr'><strong>que</strong></span> <span class='ocrx_word' id='word_1_496' title='bbox 1880 2474 2041 2529; x_wconf 89' lang='lat' dir='ltr'><strong>modo</strong></span> <span class='ocrx_word' id='word_1_497' title='bbox 2063 2473 2228 2529; x_wconf 89' lang='lat' dir='ltr'><strong>fuerit</strong></span> <span class='ocrx_word' id='word_1_498' title='bbox 2248 2474 2599 2531; x_wconf 80' lang='lat' dir='ltr'><strong>confiscatus.</strong></span> <span class='ocrx_word' id='word_1_499' title='bbox 2634 2495 2652 2527; x_wconf 74' lang='grc' dir='ltr'><strong>ι</strong></span> <span class='ocrx_word' id='word_1_500' title='bbox 2680 2475 2821 2531; x_wconf 84' lang='lat' dir='ltr'><strong>Ecce</strong></span> <span class='ocrx_word' id='word_1_501' title='bbox 2840 2490 3003 2547; x_wconf 90' lang='lat' dir='ltr'><strong>quam</strong></span> <span class='ocrx_word' id='word_1_502' title='bbox 3030 2476 3331 2548; x_wconf 83' lang='lat' dir='ltr'><strong>insignibus</strong></span> 
     </span>
    </p>
   </div>
   <div class='ocr_carea' id='block_1_69' title="bbox 1747 2566 3328 2640">
    <p class='ocr_par' dir='ltr' id='par_1_69' title="bbox 1747 2566 3328 2640">
     <span class='ocr_line' id='line_1_69' title="bbox 1747 2566 3328 2640; baseline 0.004 -20"><span class='ocrx_word' id='word_1_503' title='bbox 1747 2566 1915 2621; x_wconf 80' lang='lat' dir='ltr'><strong>armis</strong></span> <span class='ocrx_word' id='word_1_504' title='bbox 1937 2568 2119 2636; x_wconf 61' lang='lat' dir='ltr'><strong>praelia</strong></span> <span class='ocrx_word' id='word_1_505' title='bbox 2144 2567 2357 2624; x_wconf 87' lang='lat' dir='ltr'><strong>Domini</strong></span> <span class='ocrx_word' id='word_1_506' title='bbox 2381 2578 2509 2625; x_wconf 91' lang='lat' dir='ltr'><strong>tunc</strong></span> <span class='ocrx_word' id='word_1_507' title='bbox 2530 2569 2760 2640; x_wconf 66' lang='lat' dir='ltr'><strong>prmliati</strong></span> <span class='ocrx_word' id='word_1_508' title='bbox 2787 2568 3000 2635; x_wconf 82' lang='lat' dir='ltr'><strong>fuistis;</strong></span> <span class='ocrx_word' id='word_1_509' title='bbox 3025 2570 3120 2626; x_wconf 88' lang='lat' dir='ltr'><strong>sed</strong></span> <span class='ocrx_word' id='word_1_510' title='bbox 3153 2570 3328 2626; x_wconf 87' lang='lat' dir='ltr'><strong>dicam</strong></span> 
     </span>
    </p>
   </div>
   <div class='ocr_carea' id='block_1_70' title="bbox 1747 2657 3330 2732">
    <p class='ocr_par' dir='ltr' id='par_1_70' title="bbox 1747 2657 3330 2732">
     <span class='ocr_line' id='line_1_70' title="bbox 1747 2657 3330 2732; baseline 0.003 -21"><span class='ocrx_word' id='word_1_511' title='bbox 1747 2657 1900 2713; x_wconf 88' lang='lat' dir='ltr'><strong>vobis</strong></span> <span class='ocrx_word' id='word_1_512' title='bbox 1928 2660 2072 2729; x_wconf 89' lang='lat' dir='ltr'><strong>quod</strong></span> <span class='ocrx_word' id='word_1_513' title='bbox 2100 2668 2286 2716; x_wconf 83' lang='lat' dir='ltr'><strong>tacere</strong></span> <span class='ocrx_word' id='word_1_514' title='bbox 2315 2674 2417 2717; x_wconf 89' lang='lat' dir='ltr'><strong>nec</strong></span> <span class='ocrx_word' id='word_1_515' title='bbox 2440 2661 2612 2716; x_wconf 89' lang='lat' dir='ltr'><strong>debeo</strong></span> <span class='ocrx_word' id='word_1_516' title='bbox 2630 2701 2646 2728; x_wconf 91' lang='lat'><strong>,</strong></span> <span class='ocrx_word' id='word_1_517' title='bbox 2679 2675 2782 2716; x_wconf 88' lang='lat' dir='ltr'><strong>nec</strong></span> <span class='ocrx_word' id='word_1_518' title='bbox 2825 2661 3025 2716; x_wconf 88' lang='lat' dir='ltr'><strong>audeo.</strong></span> <span class='ocrx_word' id='word_1_519' title='bbox 3068 2660 3184 2718; x_wconf 85' lang='lat' dir='ltr'><strong>Non</strong></span> <span class='ocrx_word' id='word_1_520' title='bbox 3224 2676 3330 2732; x_wconf 84' lang='lat' dir='ltr'><strong>pu-</strong></span> 
     </span>
    </p>
   </div>
   <div class='ocr_carea' id='block_1_71' title="bbox 1750 2748 3327 2823">
    <p class='ocr_par' dir='ltr' id='par_1_71' title="bbox 1750 2748 3327 2823">
     <span class='ocr_line' id='line_1_71' title="bbox 1750 2748 3327 2823; baseline 0.003 -21"><span class='ocrx_word' id='word_1_521' title='bbox 1750 2748 1859 2803; x_wconf 88' lang='lat' dir='ltr'><strong>tavi</strong></span> <span class='ocrx_word' id='word_1_522' title='bbox 1902 2749 1971 2804; x_wconf 90' lang='lat' dir='ltr'><strong>ad</strong></span> <span class='ocrx_word' id='word_1_523' title='bbox 2017 2749 2505 2807; x_wconf 87' lang='lat' dir='ltr'><strong>dehonorationem</strong></span> <span class='ocrx_word' id='word_1_524' title='bbox 2551 2752 2721 2808; x_wconf 88' lang='lat' dir='ltr'><strong>vestri</strong></span> <span class='ocrx_word' id='word_1_525' title='bbox 2769 2752 3135 2823; x_wconf 87' lang='lat' dir='ltr'><strong>pertinuisse,</strong></span> <span class='ocrx_word' id='word_1_526' title='bbox 3181 2753 3327 2823; x_wconf 89' lang='lat' dir='ltr'><strong>quod</strong></span> 
     </span>
    </p>
   </div>
   <div class='ocr_carea' id='block_1_72' title="bbox 1748 2837 3331 2914">
    <p class='ocr_par' dir='ltr' id='par_1_72' title="bbox 1748 2837 3331 2914">
     <span class='ocr_line' id='line_1_72' title="bbox 1748 2837 3331 2914; baseline 0.004 -22"><span class='ocrx_word' id='word_1_527' title='bbox 1748 2837 1980 2895; x_wconf 77' lang='lat' dir='ltr'><strong>Romam</strong></span> <span class='ocrx_word' id='word_1_528' title='bbox 2006 2840 2162 2907; x_wconf 89' lang='lat' dir='ltr'><strong>misi,</strong></span> <span class='ocrx_word' id='word_1_529' title='bbox 2190 2844 2332 2912; x_wconf 89' lang='lat' dir='ltr'><strong>quod</strong></span> <span class='ocrx_word' id='word_1_530' title='bbox 2364 2841 2591 2898; x_wconf 90' lang='lat' dir='ltr'><strong>Romam</strong></span> <span class='ocrx_word' id='word_1_531' title='bbox 2621 2842 2702 2898; x_wconf 92' lang='lat' dir='ltr'><strong>ire</strong></span> <span class='ocrx_word' id='word_1_532' title='bbox 2728 2843 2872 2898; x_wconf 89' lang='lat' dir='ltr'><strong>volui</strong></span> <span class='ocrx_word' id='word_1_533' title='bbox 2899 2852 2952 2899; x_wconf 88' lang='lat' dir='ltr'><strong>et</strong></span> <span class='ocrx_word' id='word_1_534' title='bbox 2995 2843 3146 2909; x_wconf 89' lang='lat' dir='ltr'><strong>volo,</strong></span> <span class='ocrx_word' id='word_1_535' title='bbox 3186 2843 3331 2914; x_wconf 86' lang='lat' dir='ltr'><strong>quod</strong></span> 
     </span>
    </p>
   </div>
   <div class='ocr_carea' id='block_1_73' title="bbox 1745 2929 3327 3007">
    <p class='ocr_par' dir='ltr' id='par_1_73' title="bbox 1745 2929 3327 3007">
     <span class='ocr_line' id='line_1_73' title="bbox 1745 2929 3327 3007; baseline 0.004 -23"><span class='ocrx_word' id='word_1_536' title='bbox 1745 2944 1777 2984; x_wconf 92' lang='lat' dir='ltr'><strong>a</strong></span> <span class='ocrx_word' id='word_1_537' title='bbox 1806 2929 1980 2988; x_wconf 89' lang='lat' dir='ltr'><strong>Roma</strong></span> <span class='ocrx_word' id='word_1_538' title='bbox 2015 2934 2274 2989; x_wconf 76' lang='lat' dir='ltr'><strong>auxilium</strong></span> <span class='ocrx_word' id='word_1_539' title='bbox 2304 2934 2575 3006; x_wconf 77' lang='lat' dir='ltr'><strong>expetivi,</strong></span> <span class='ocrx_word' id='word_1_540' title='bbox 2609 2935 2752 2991; x_wconf 91' lang='lat' dir='ltr'><strong>unde</strong></span> <span class='ocrx_word' id='word_1_541' title='bbox 2777 2935 2957 2991; x_wconf 92' lang='lat' dir='ltr'><strong>omnis</strong></span> <span class='ocrx_word' id='word_1_542' title='bbox 2984 2935 3327 3007; x_wconf 88' lang='lat' dir='ltr'><strong>episcopatus</strong></span> 
     </span>
    </p>
   </div>
   <div class='ocr_carea' id='block_1_74' title="bbox 1748 3022 3340 3097">
    <p class='ocr_par' dir='ltr' id='par_1_74' title="bbox 1748 3022 3340 3097">
     <span class='ocr_line' id='line_1_74' title="bbox 1748 3022 3340 3097; baseline 0.004 -22"><span class='ocrx_word' id='word_1_543' title='bbox 1748 3022 1983 3093; x_wconf 87' lang='lat' dir='ltr'><strong>sumpsit</strong></span> <span class='ocrx_word' id='word_1_544' title='bbox 2024 3025 2341 3092; x_wconf 84' lang='lat' dir='ltr'><strong>exordium,</strong></span> <span class='ocrx_word' id='word_1_545' title='bbox 2387 3033 2443 3081; x_wconf 87' lang='lat' dir='ltr'><strong>et</strong></span> <span class='ocrx_word' id='word_1_546' title='bbox 2469 3025 2671 3081; x_wconf 82' lang='lat' dir='ltr'><strong>retinet</strong></span> <span class='ocrx_word' id='word_1_547' title='bbox 2713 3026 3081 3097; x_wconf 81' lang='lat' dir='ltr'><strong>processionis</strong></span> <span class='ocrx_word' id='word_1_548' title='bbox 3113 3034 3172 3081; x_wconf 85' lang='lat' dir='ltr'><strong>et</strong></span> <span class='ocrx_word' id='word_1_549' title='bbox 3217 3040 3340 3081; x_wconf 86' lang='lat' dir='ltr'><strong>suc-</strong></span> 
     </span>
    </p>
   </div>
   <div class='ocr_carea' id='block_1_75' title="bbox 1746 3115 3323 3189">
    <p class='ocr_par' dir='ltr' id='par_1_75' title="bbox 1746 3115 3323 3189">
     <span class='ocr_line' id='line_1_75' title="bbox 1746 3115 3323 3189; baseline 0 -18"><span class='ocrx_word' id='word_1_550' title='bbox 1746 3115 2019 3175; x_wconf 88' lang='lat' dir='ltr'><strong>cessionis</strong></span> <span class='ocrx_word' id='word_1_551' title='bbox 2062 3117 2481 3173; x_wconf 88' lang='lat' dir='ltr'><strong>iucrementum.</strong></span> <span class='ocrx_word' id='word_1_552' title='bbox 2532 3116 2817 3189; x_wconf 84' lang='lat' dir='ltr'><strong>Nunquam</strong></span> <span class='ocrx_word' id='word_1_553' title='bbox 2858 3120 3121 3174; x_wconf 89' lang='lat' dir='ltr'><strong>hactenus</strong></span> <span class='ocrx_word' id='word_1_554' title='bbox 3159 3125 3323 3188; x_wconf 88' lang='lat' dir='ltr'><strong>caput</strong></span> 
     </span>
    </p>
   </div>
   <div class='ocr_carea' id='block_1_76' title="bbox 1750 3208 3336 3284">
    <p class='ocr_par' dir='ltr' id='par_1_76' title="bbox 1750 3208 3336 3284">
     <span class='ocr_line' id='line_1_76' title="bbox 1750 3208 3336 3284; baseline -0.003 -17"><span class='ocrx_word' id='word_1_555' title='bbox 1750 3212 1981 3284; x_wconf 87' lang='lat' dir='ltr'><strong>pedibus</strong></span> <span class='ocrx_word' id='word_1_556' title='bbox 2001 3209 2206 3273; x_wconf 89' lang='lat' dir='ltr'><strong>nocuit,</strong></span> <span class='ocrx_word' id='word_1_557' title='bbox 2229 3208 2348 3263; x_wconf 88' lang='lat' dir='ltr'><strong>sine</strong></span> <span class='ocrx_word' id='word_1_558' title='bbox 2372 3223 2480 3278; x_wconf 93' lang='lat' dir='ltr'><strong>quo</strong></span> <span class='ocrx_word' id='word_1_559' title='bbox 2500 3209 2664 3279; x_wconf 89' lang='lat' dir='ltr'><strong>pedes</strong></span> <span class='ocrx_word' id='word_1_560' title='bbox 2687 3209 2768 3264; x_wconf 86' lang='lat' dir='ltr'><strong>ire</strong></span> <span class='ocrx_word' id='word_1_561' title='bbox 2789 3224 2894 3265; x_wconf 89' lang='lat' dir='ltr'><strong>non</strong></span> <span class='ocrx_word' id='word_1_562' title='bbox 2916 3215 3336 3264; x_wconf 81' lang='lat' dir='ltr'><strong>consueverunt.</strong></span> 
     </span>
    </p>
   </div>
   <div class='ocr_carea' id='block_1_77' title="bbox 1670 3286 3342 3371">
    <p class='ocr_par' dir='ltr' id='par_1_77' title="bbox 1670 3286 3342 3371">
     <span class='ocr_line' id='line_1_77' title="bbox 1670 3286 3342 3371; baseline 0.004 -22"><span class='ocrx_word' id='word_1_563' title='bbox 1670 3286 1716 3349; x_wconf 91' lang='lat' dir='ltr'><strong><em>C</em></strong></span> <span class='ocrx_word' id='word_1_564' title='bbox 1750 3300 2045 3371; x_wconf 87' lang='lat' dir='ltr'><strong>Sperabam</strong></span> <span class='ocrx_word' id='word_1_565' title='bbox 2086 3297 2429 3370; x_wconf 85' lang='lat' dir='ltr'><strong>perficiorem</strong></span> <span class='ocrx_word' id='word_1_566' title='bbox 2457 3298 2764 3355; x_wconf 91' lang='lat' dir='ltr'><strong>sanctitatis</strong></span> <span class='ocrx_word' id='word_1_567' title='bbox 2803 3309 2998 3355; x_wconf 66' lang='lat' dir='ltr'><strong>vestrae</strong></span> <span class='ocrx_word' id='word_1_568' title='bbox 3039 3298 3154 3354; x_wconf 90' lang='lat' dir='ltr'><strong>fore</strong></span> <span class='ocrx_word' id='word_1_569' title='bbox 3197 3313 3342 3355; x_wconf 90' lang='lat' dir='ltr'><strong>rom-</strong></span> 
     </span>
    </p>
   </div>
   <div class='ocr_carea' id='block_1_78' title="bbox 1749 3386 3339 3463">
    <p class='ocr_par' dir='ltr' id='par_1_78' title="bbox 1749 3386 3339 3463">
     <span class='ocr_line' id='line_1_78' title="bbox 1749 3386 3339 3463; baseline -0.002 -15"><span class='ocrx_word' id='word_1_570' title='bbox 1749 3392 1960 3463; x_wconf 69' lang='lat' dir='ltr'><strong>phzeam</strong></span> <span class='ocrx_word' id='word_1_571' title='bbox 1982 3429 2000 3456; x_wconf 94' lang='lat'><strong>,</strong></span> <span class='ocrx_word' id='word_1_572' title='bbox 2026 3389 2075 3445; x_wconf 90' lang='lat' dir='ltr'><strong>si</strong></span> <span class='ocrx_word' id='word_1_573' title='bbox 2103 3386 2252 3444; x_wconf 87' lang='lat' dir='ltr'><strong>ferro</strong></span> <span class='ocrx_word' id='word_1_574' title='bbox 2279 3388 2468 3443; x_wconf 88' lang='lat' dir='ltr'><strong>vicarii</strong></span> <span class='ocrx_word' id='word_1_575' title='bbox 2500 3388 2871 3459; x_wconf 87' lang='lat' dir='ltr'><strong>apostolorum</strong></span> <span class='ocrx_word' id='word_1_576' title='bbox 2901 3390 3163 3461; x_wconf 89' lang='lat' dir='ltr'><strong>principis</strong></span> <span class='ocrx_word' id='word_1_577' title='bbox 3192 3389 3339 3447; x_wconf 86' lang='lat' dir='ltr'><strong>Petri</strong></span> 
     </span>
    </p>
   </div>
   <div class='ocr_carea' id='block_1_79' title="bbox 1749 3478 3341 3550">
    <p class='ocr_par' dir='ltr' id='par_1_79' title="bbox 1749 3478 3341 3550">
     <span class='ocr_line' id='line_1_79' title="bbox 1749 3478 3341 3550; baseline 0.001 -14"><span class='ocrx_word' id='word_1_578' title='bbox 1749 3489 2058 3545; x_wconf 85' lang='lat' dir='ltr'><strong>acueretur,</strong></span> <span class='ocrx_word' id='word_1_579' title='bbox 2103 3494 2210 3536; x_wconf 92' lang='lat' dir='ltr'><strong>non</strong></span> <span class='ocrx_word' id='word_1_580' title='bbox 2262 3478 2651 3535; x_wconf 90' lang='lat' dir='ltr'><strong>obtunsiorem.</strong></span> <span class='ocrx_word' id='word_1_581' title='bbox 2684 3478 2864 3536; x_wconf 80' lang='lat' dir='ltr'><strong>Taceo</strong></span> <span class='ocrx_word' id='word_1_582' title='bbox 2910 3480 3163 3546; x_wconf 88' lang='lat' dir='ltr'><strong>interim,</strong></span> <span class='ocrx_word' id='word_1_583' title='bbox 3195 3479 3341 3550; x_wconf 89' lang='lat' dir='ltr'><strong>quod</strong></span> 
     </span>
    </p>
   </div>
   <div class='ocr_carea' id='block_1_80' title="bbox 1752 3567 3339 3642">
    <p class='ocr_par' dir='ltr' id='par_1_80' title="bbox 1752 3567 3339 3642">
     <span class='ocr_line' id='line_1_80' title="bbox 1752 3567 3339 3642; baseline -0.001 -14"><span class='ocrx_word' id='word_1_584' title='bbox 1752 3572 2103 3630; x_wconf 76' lang='lat' dir='ltr'><strong>enedreutice</strong></span> <span class='ocrx_word' id='word_1_585' title='bbox 2146 3569 2277 3625; x_wconf 92' lang='lat' dir='ltr'><strong>mihi</strong></span> <span class='ocrx_word' id='word_1_586' title='bbox 2310 3569 2362 3624; x_wconf 91' lang='lat' dir='ltr'><strong>in</strong></span> <span class='ocrx_word' id='word_1_587' title='bbox 2393 3569 2584 3624; x_wconf 89' lang='lat' dir='ltr'><strong>eodem</strong></span> <span class='ocrx_word' id='word_1_588' title='bbox 2614 3567 2891 3625; x_wconf 81' lang='lat' dir='ltr'><strong>Attiniaco</strong></span> <span class='ocrx_word' id='word_1_589' title='bbox 2920 3571 3201 3642; x_wconf 87' lang='lat' dir='ltr'><strong>irrogastis</strong></span> <span class='ocrx_word' id='word_1_590' title='bbox 3241 3587 3339 3642; x_wconf 79' lang='lat' dir='ltr'><strong>ap-</strong></span> 
     </span>
    </p>
   </div>
   <div class='ocr_carea' id='block_1_81' title="bbox 1752 3664 3340 3739">
    <p class='ocr_par' dir='ltr' id='par_1_81' title="bbox 1752 3664 3340 3739">
     <span class='ocr_line' id='line_1_81' title="bbox 1752 3664 3340 3739; baseline 0.001 -17"><span class='ocrx_word' id='word_1_591' title='bbox 1752 3665 1973 3739; x_wconf 84' lang='lat' dir='ltr'><strong>pellanti</strong></span> <span class='ocrx_word' id='word_1_592' title='bbox 2025 3673 2268 3721; x_wconf 85' lang='lat' dir='ltr'><strong>sanctam</strong></span> <span class='ocrx_word' id='word_1_593' title='bbox 2312 3664 2611 3720; x_wconf 83' lang='lat' dir='ltr'><strong>Romanam</strong></span> <span class='ocrx_word' id='word_1_594' title='bbox 2651 3665 2836 3721; x_wconf 90' lang='lat' dir='ltr'><strong>sedem</strong></span> <span class='ocrx_word' id='word_1_595' title='bbox 2874 3680 2973 3737; x_wconf 92' lang='lat' dir='ltr'><strong>pro</strong></span> <span class='ocrx_word' id='word_1_596' title='bbox 3012 3681 3201 3723; x_wconf 86' lang='lat' dir='ltr'><strong>amore</strong></span> <span class='ocrx_word' id='word_1_597' title='bbox 3244 3665 3340 3723; x_wconf 90' lang='lat' dir='ltr'><strong>Dei</strong></span> 
     </span>
    </p>
   </div>
   <div class='ocr_carea' id='block_1_82' title="bbox 1753 3757 3341 3831">
    <p class='ocr_par' dir='ltr' id='par_1_82' title="bbox 1753 3757 3341 3831">
     <span class='ocr_line' id='line_1_82' title="bbox 1753 3757 3341 3831; baseline 0.001 -15"><span class='ocrx_word' id='word_1_598' title='bbox 1753 3759 2143 3831; x_wconf 78' lang='lat' dir='ltr'><strong>omnipotentis</strong></span> <span class='ocrx_word' id='word_1_599' title='bbox 2161 3800 2176 3825; x_wconf 90' lang='lat'><strong>,</strong></span> <span class='ocrx_word' id='word_1_600' title='bbox 2204 3766 2259 3814; x_wconf 92' lang='lat' dir='ltr'><strong>et</strong></span> <span class='ocrx_word' id='word_1_601' title='bbox 2285 3758 2528 3829; x_wconf 89' lang='lat' dir='ltr'><strong>ejusdem</strong></span> <span class='ocrx_word' id='word_1_602' title='bbox 2558 3757 2925 3829; x_wconf 85' lang='lat' dir='ltr'><strong>apostolorum</strong></span> <span class='ocrx_word' id='word_1_603' title='bbox 2954 3759 3214 3830; x_wconf 88' lang='lat' dir='ltr'><strong>principis</strong></span> <span class='ocrx_word' id='word_1_604' title='bbox 3239 3757 3341 3818; x_wconf 85' lang='lat' dir='ltr'><strong>Pe-</strong></span> 
     </span>
    </p>
   </div>
   <div class='ocr_carea' id='block_1_83' title="bbox 1756 3851 3341 3921">
    <p class='ocr_par' dir='ltr' id='par_1_83' title="bbox 1756 3851 3341 3921">
     <span class='ocr_line' id='line_1_83' title="bbox 1756 3851 3341 3921; baseline 0 -12"><span class='ocrx_word' id='word_1_605' title='bbox 1756 3856 1824 3910; x_wconf 89' lang='lat' dir='ltr'><strong>tri</strong></span> <span class='ocrx_word' id='word_1_606' title='bbox 1851 3852 2203 3910; x_wconf 90' lang='lat' dir='ltr'><strong>veneratione</strong></span> <span class='ocrx_word' id='word_1_607' title='bbox 2231 3871 2244 3907; x_wconf 93' lang='lat'><strong>:</strong></span> <span class='ocrx_word' id='word_1_608' title='bbox 2276 3851 2592 3921; x_wconf 88' lang='lat' dir='ltr'><strong>quietiam,</strong></span> <span class='ocrx_word' id='word_1_609' title='bbox 2638 3852 2782 3909; x_wconf 88' lang='lat' dir='ltr'><strong>sicut</strong></span> <span class='ocrx_word' id='word_1_610' title='bbox 2814 3853 2998 3919; x_wconf 89' lang='lat' dir='ltr'><strong>scitis,</strong></span> <span class='ocrx_word' id='word_1_611' title='bbox 3039 3853 3111 3910; x_wconf 90' lang='lat' dir='ltr'><strong>ab</strong></span> <span class='ocrx_word' id='word_1_612' title='bbox 3148 3853 3341 3909; x_wconf 86' lang='lat' dir='ltr'><strong>eadem</strong></span> 
     </span>
    </p>
   </div>
   <div class='ocr_carea' id='block_1_84' title="bbox 1756 3942 3340 4016">
    <p class='ocr_par' dir='ltr' id='par_1_84' title="bbox 1756 3942 3340 4016">
     <span class='ocr_line' id='line_1_84' title="bbox 1756 3942 3340 4016; baseline 0.001 -14"><span class='ocrx_word' id='word_1_613' title='bbox 1756 3962 1874 4001; x_wconf 90' lang='lat' dir='ltr'><strong>sum</strong></span> <span class='ocrx_word' id='word_1_614' title='bbox 1905 3947 2032 4002; x_wconf 91' lang='lat' dir='ltr'><strong>sede</strong></span> <span class='ocrx_word' id='word_1_615' title='bbox 2057 3953 2282 4001; x_wconf 90' lang='lat' dir='ltr'><strong>vocatus</strong></span> <span class='ocrx_word' id='word_1_616' title='bbox 2310 3963 2323 3998; x_wconf 90' lang='lat'><strong>:</strong></span> <span class='ocrx_word' id='word_1_617' title='bbox 2355 3945 2500 4014; x_wconf 89' lang='lat' dir='ltr'><strong>quod</strong></span> <span class='ocrx_word' id='word_1_618' title='bbox 2531 3954 2782 4000; x_wconf 88' lang='lat' dir='ltr'><strong>neutrum</strong></span> <span class='ocrx_word' id='word_1_619' title='bbox 2818 3945 2947 4001; x_wconf 90' lang='lat' dir='ltr'><strong>mihi</strong></span> <span class='ocrx_word' id='word_1_620' title='bbox 2975 3942 3212 4016; x_wconf 86' lang='lat' dir='ltr'><strong>profuit,</strong></span> <span class='ocrx_word' id='word_1_621' title='bbox 3238 3958 3340 4003; x_wconf 76' lang='lat' dir='ltr'><strong>nec</strong></span> 
     </span>
    </p>
   </div>
   <div class='ocr_carea' id='block_1_85' title="bbox 1752 4035 3339 4109">
    <p class='ocr_par' dir='ltr' id='par_1_85' title="bbox 1752 4035 3339 4109">
     <span class='ocr_line' id='line_1_85' title="bbox 1752 4035 3339 4109; baseline -0.001 -16"><span class='ocrx_word' id='word_1_622' title='bbox 1752 4036 1931 4093; x_wconf 89' lang='lat' dir='ltr'><strong>adhuc</strong></span> <span class='ocrx_word' id='word_1_623' title='bbox 1957 4038 2223 4108; x_wconf 88' lang='lat' dir='ltr'><strong>prodest;</strong></span> <span class='ocrx_word' id='word_1_624' title='bbox 2250 4036 2343 4093; x_wconf 89' lang='lat' dir='ltr'><strong>sed</strong></span> <span class='ocrx_word' id='word_1_625' title='bbox 2369 4035 2678 4091; x_wconf 88' lang='lat' dir='ltr'><strong>debuissem</strong></span> <span class='ocrx_word' id='word_1_626' title='bbox 2712 4036 2835 4093; x_wconf 91' lang='lat' dir='ltr'><strong>inde</strong></span> <span class='ocrx_word' id='word_1_627' title='bbox 2861 4054 2890 4092; x_wconf 91' lang='lat' dir='ltr'><strong>a</strong></span> <span class='ocrx_word' id='word_1_628' title='bbox 2921 4038 3076 4093; x_wconf 87' lang='lat' dir='ltr'><strong>vobis</strong></span> <span class='ocrx_word' id='word_1_629' title='bbox 3100 4037 3339 4109; x_wconf 90' lang='lat' dir='ltr'><strong>aliquam</strong></span> 
     </span>
    </p>
   </div>
   <div class='ocr_carea' id='block_1_86' title="bbox 1754 4128 3341 4201">
    <p class='ocr_par' dir='ltr' id='par_1_86' title="bbox 1754 4128 3341 4201">
     <span class='ocr_line' id='line_1_86' title="bbox 1754 4128 3341 4201; baseline 0 -15"><span class='ocrx_word' id='word_1_630' title='bbox 1754 4129 2004 4186; x_wconf 89' lang='lat' dir='ltr'><strong>invenire</strong></span> <span class='ocrx_word' id='word_1_631' title='bbox 2045 4128 2491 4193; x_wconf 80' lang='lat' dir='ltr'><strong>excusationem,</strong></span> <span class='ocrx_word' id='word_1_632' title='bbox 2540 4141 2648 4183; x_wconf 92' lang='lat' dir='ltr'><strong>non</strong></span> <span class='ocrx_word' id='word_1_633' title='bbox 2693 4130 2964 4186; x_wconf 88' lang='lat' dir='ltr'><strong>sustinere</strong></span> <span class='ocrx_word' id='word_1_634' title='bbox 2989 4129 3341 4201; x_wconf 87' lang='lat' dir='ltr'><strong>oppugnatio-</strong></span> 
     </span>
    </p>
   </div>
   <div class='ocr_carea' id='block_1_87' title="bbox 1752 4219 3338 4293">
    <p class='ocr_par' dir='ltr' id='par_1_87' title="bbox 1752 4219 3338 4293">
     <span class='ocr_line' id='line_1_87' title="bbox 1752 4219 3338 4293; baseline 0.001 -15"><span class='ocrx_word' id='word_1_635' title='bbox 1752 4236 1897 4278; x_wconf 85' lang='lat' dir='ltr'><strong>nem.</strong></span> <span class='ocrx_word' id='word_1_636' title='bbox 1930 4219 2037 4277; x_wconf 89' lang='lat' dir='ltr'><strong>Pro</strong></span> <span class='ocrx_word' id='word_1_637' title='bbox 2054 4235 2161 4292; x_wconf 89' lang='lat' dir='ltr'><strong>qua</strong></span> <span class='ocrx_word' id='word_1_638' title='bbox 2184 4232 2246 4276; x_wconf 91' lang='lat' dir='ltr'><strong>re</strong></span> <span class='ocrx_word' id='word_1_639' title='bbox 2268 4228 2418 4275; x_wconf 86' lang='lat' dir='ltr'><strong>tanta</strong></span> <span class='ocrx_word' id='word_1_640' title='bbox 2449 4235 2644 4291; x_wconf 89' lang='lat' dir='ltr'><strong>passus</strong></span> <span class='ocrx_word' id='word_1_641' title='bbox 2674 4237 2793 4278; x_wconf 84' lang='lat' dir='ltr'><strong>sum</strong></span> <span class='ocrx_word' id='word_1_642' title='bbox 2821 4230 2878 4279; x_wconf 90' lang='lat' dir='ltr'><strong>et</strong></span> <span class='ocrx_word' id='word_1_643' title='bbox 2903 4222 3103 4293; x_wconf 88' lang='lat' dir='ltr'><strong>patior,</strong></span> <span class='ocrx_word' id='word_1_644' title='bbox 3134 4231 3338 4292; x_wconf 77' lang='lat' dir='ltr'><strong>quanta</strong></span> 
     </span>
    </p>
   </div>
   <div class='ocr_carea' id='block_1_88' title="bbox 1754 4312 3341 4383">
    <p class='ocr_par' dir='ltr' id='par_1_88' title="bbox 1754 4312 3341 4383">
     <span class='ocr_line' id='line_1_88' title="bbox 1754 4312 3341 4383; baseline 0 -14"><span class='ocrx_word' id='word_1_645' title='bbox 1754 4312 1892 4370; x_wconf 87' lang='lat' dir='ltr'><strong>meis</strong></span> <span class='ocrx_word' id='word_1_646' title='bbox 1923 4312 2188 4369; x_wconf 88' lang='lat' dir='ltr'><strong>debentur</strong></span> <span class='ocrx_word' id='word_1_647' title='bbox 2213 4312 2483 4383; x_wconf 86' lang='lat' dir='ltr'><strong>peccatis,</strong></span> <span class='ocrx_word' id='word_1_648' title='bbox 2515 4329 2623 4370; x_wconf 90' lang='lat' dir='ltr'><strong>non</strong></span> <span class='ocrx_word' id='word_1_649' title='bbox 2652 4322 2835 4371; x_wconf 87' lang='lat' dir='ltr'><strong>autem</strong></span> <span class='ocrx_word' id='word_1_650' title='bbox 2871 4316 3192 4370; x_wconf 72' lang='lat' dir='ltr'><strong>reverentia:</strong></span> <span class='ocrx_word' id='word_1_651' title='bbox 3223 4328 3341 4369; x_wconf 88' lang='lat' dir='ltr'><strong>tan-</strong></span> 
     </span>
    </p>
   </div>
   <div class='ocr_carea' id='block_1_89' title="bbox 1756 4405 2014 4461">
    <p class='ocr_par' dir='ltr' id='par_1_89' title="bbox 1756 4405 2014 4461">
     <span class='ocr_line' id='line_1_89' title="bbox 1756 4405 2014 4461; baseline -0.004 -1"><span class='ocrx_word' id='word_1_652' title='bbox 1756 4413 1824 4460; x_wconf 64' lang='grc' dir='ltr'><strong>ιω</strong></span> <span class='ocrx_word' id='word_1_653' title='bbox 1849 4405 2014 4461; x_wconf 88' lang='lat' dir='ltr'><strong>sedis.</strong></span> 
     </span>
    </p>
   </div>
   <div class='ocr_carea' id='block_1_90' title="bbox 1827 4493 3342 4564">
    <p class='ocr_par' dir='ltr' id='par_1_90' title="bbox 1827 4493 3342 4564">
     <span class='ocr_line' id='line_1_90' title="bbox 1827 4493 3342 4564; baseline 0.001 -15"><span class='ocrx_word' id='word_1_654' title='bbox 1827 4494 1980 4562; x_wconf 84' lang='lat' dir='ltr'><strong>Quod</strong></span> <span class='ocrx_word' id='word_1_655' title='bbox 2011 4493 2143 4550; x_wconf 91' lang='lat' dir='ltr'><strong>mihi</strong></span> <span class='ocrx_word' id='word_1_656' title='bbox 2174 4494 2501 4564; x_wconf 90' lang='lat' dir='ltr'><strong>scripsistis,</strong></span> <span class='ocrx_word' id='word_1_657' title='bbox 2530 4505 2592 4552; x_wconf 91' lang='lat' dir='ltr'><strong>ut</strong></span> <span class='ocrx_word' id='word_1_658' title='bbox 2618 4510 2744 4553; x_wconf 92' lang='lat' dir='ltr'><strong>cum</strong></span> <span class='ocrx_word' id='word_1_659' title='bbox 2775 4496 3015 4555; x_wconf 90' lang='lat' dir='ltr'><strong>domnus</strong></span> <span class='ocrx_word' id='word_1_660' title='bbox 3042 4510 3136 4554; x_wconf 75' lang='lat' dir='ltr'><strong>rex</strong></span> <span class='ocrx_word' id='word_1_661' title='bbox 3168 4512 3199 4552; x_wconf 89' lang='lat' dir='ltr'><strong>a</strong></span> <span class='ocrx_word' id='word_1_662' title='bbox 3227 4496 3342 4552; x_wconf 85' lang='lat' dir='ltr'><strong>fra-</strong></span> 
     </span>
    </p>
   </div>
   <div class='ocr_carea' id='block_1_91' title="bbox 1758 4584 3337 4661">
    <p class='ocr_par' dir='ltr' id='par_1_91' title="bbox 1758 4584 3337 4661">
     <span class='ocr_line' id='line_1_91' title="bbox 1758 4584 3337 4661; baseline 0.003 -21"><span class='ocrx_word' id='word_1_663' title='bbox 1758 4593 1839 4641; x_wconf 91' lang='lat' dir='ltr'><strong>tre</strong></span> <span class='ocrx_word' id='word_1_664' title='bbox 1878 4601 1980 4642; x_wconf 90' lang='lat' dir='ltr'><strong>suo</strong></span> <span class='ocrx_word' id='word_1_665' title='bbox 2007 4601 2260 4642; x_wconf 88' lang='lat' dir='ltr'><strong>reversus</strong></span> <span class='ocrx_word' id='word_1_666' title='bbox 2283 4584 2480 4652; x_wconf 92' lang='lat' dir='ltr'><strong>fuerit,</strong></span> <span class='ocrx_word' id='word_1_667' title='bbox 2506 4596 2787 4658; x_wconf 85' lang='lat' dir='ltr'><strong>apportem</strong></span> <span class='ocrx_word' id='word_1_668' title='bbox 2810 4587 2942 4645; x_wconf 89' lang='lat' dir='ltr'><strong>illud</strong></span> <span class='ocrx_word' id='word_1_669' title='bbox 2971 4596 3302 4661; x_wconf 71' lang='lat' dir='ltr'><strong>prtcceptum</strong></span> <span class='ocrx_word' id='word_1_670' title='bbox 3321 4630 3337 4655; x_wconf 92' lang='lat'><strong>,</strong></span> 
     </span>
    </p>
   </div>
   <div class='ocr_carea' id='block_1_92' title="bbox 87 4654 3344 4765">
    <p class='ocr_par' dir='ltr' id='par_1_92' title="bbox 87 4654 3344 4765">
     <span class='ocr_line' id='line_1_92' title="bbox 87 4654 3344 4765; baseline -0.005 -17"><span class='ocrx_word' id='word_1_671' title='bbox 87 4654 434 4765; x_wconf 51' lang='lat' dir='ltr'><strong>responsione</strong></span> <span class='ocrx_word' id='word_1_672' title='bbox 471 4654 669 4752; x_wconf 78' lang='lat' dir='ltr'><strong>domno</strong></span> <span class='ocrx_word' id='word_1_673' title='bbox 722 4691 1019 4763; x_wconf 89' lang='lat' dir='ltr'><strong>apostolico</strong></span> <span class='ocrx_word' id='word_1_674' title='bbox 1055 4654 1325 4748; x_wconf 71' lang='lat' dir='ltr'><strong>reddenda</strong></span> <span class='ocrx_word' id='word_1_675' title='bbox 1374 4688 1508 4746; x_wconf 85' lang='lat' dir='ltr'><strong>foris</strong></span> <span class='ocrx_word' id='word_1_676' title='bbox 1547 4654 1652 4743; x_wconf 65' lang='lat' dir='ltr'><strong>ex-</strong></span> <span class='ocrx_word' id='word_1_677' title='bbox 1675 4654 1731 4717; x_wconf 76' lang='lat' dir='ltr'><strong><em>D</em></strong></span> <span class='ocrx_word' id='word_1_678' title='bbox 1756 4695 1857 4751; x_wconf 84' lang='lat' dir='ltr'><strong>per</strong></span> <span class='ocrx_word' id='word_1_679' title='bbox 1879 4679 2021 4751; x_wconf 89' lang='lat' dir='ltr'><strong>quod</strong></span> <span class='ocrx_word' id='word_1_680' title='bbox 2050 4678 2311 4749; x_wconf 64' lang='lat' dir='ltr'><strong>praefatus</strong></span> <span class='ocrx_word' id='word_1_681' title='bbox 2338 4694 2423 4735; x_wconf 87' lang='lat' dir='ltr'><strong>res</strong></span> <span class='ocrx_word' id='word_1_682' title='bbox 2448 4678 2706 4735; x_wconf 64' lang='lat' dir='ltr'><strong>Ecclesiae</strong></span> <span class='ocrx_word' id='word_1_683' title='bbox 2728 4678 3079 4738; x_wconf 85' lang='lat' dir='ltr'><strong>Laudunensi</strong></span> <span class='ocrx_word' id='word_1_684' title='bbox 3106 4679 3344 4735; x_wconf 81' lang='lat' dir='ltr'><strong>restituit</strong></span> 
     </span>
    </p>
   </div>
   <div class='ocr_carea' id='block_1_93' title="bbox 78 4782 1653 4855">
    <p class='ocr_par' dir='ltr' id='par_1_93' title="bbox 78 4782 1653 4855">
     <span class='ocr_line' id='line_1_93' title="bbox 78 4782 1653 4855; baseline -0.003 -15"><span class='ocrx_word' id='word_1_685' title='bbox 78 4785 341 4855; x_wconf 76' lang='lat' dir='ltr'><strong>eluderer,</strong></span> <span class='ocrx_word' id='word_1_686' title='bbox 370 4796 427 4844; x_wconf 88' lang='lat' dir='ltr'><strong>et</strong></span> <span class='ocrx_word' id='word_1_687' title='bbox 462 4786 822 4845; x_wconf 87' lang='lat' dir='ltr'><strong>residentibus</strong></span> <span class='ocrx_word' id='word_1_688' title='bbox 853 4783 1005 4842; x_wconf 89' lang='lat' dir='ltr'><strong>vobis</strong></span> <span class='ocrx_word' id='word_1_689' title='bbox 1054 4798 1160 4840; x_wconf 89' lang='lat' dir='ltr'><strong>una</strong></span> <span class='ocrx_word' id='word_1_690' title='bbox 1216 4798 1340 4843; x_wconf 89' lang='lat' dir='ltr'><strong>cum</strong></span> <span class='ocrx_word' id='word_1_691' title='bbox 1389 4782 1653 4851; x_wconf 90' lang='lat' dir='ltr'><strong>archiepi-</strong></span> 
     </span>
    </p>
   </div>
   <div class='ocr_carea' id='block_1_94' title="bbox 75 4872 1650 4951">
    <p class='ocr_par' dir='ltr' id='par_1_94' title="bbox 75 4872 1650 4951">
     <span class='ocr_line' id='line_1_94' title="bbox 75 4872 1650 4951; baseline -0.004 -18"><span class='ocrx_word' id='word_1_692' title='bbox 75 4879 249 4950; x_wconf 89' lang='lat' dir='ltr'><strong>scopis</strong></span> <span class='ocrx_word' id='word_1_693' title='bbox 287 4896 354 4935; x_wconf 91' lang='lat' dir='ltr'><strong>ac</strong></span> <span class='ocrx_word' id='word_1_694' title='bbox 392 4877 726 4951; x_wconf 88' lang='lat' dir='ltr'><strong>coepiscopis</strong></span> <span class='ocrx_word' id='word_1_695' title='bbox 758 4876 933 4942; x_wconf 88' lang='lat' dir='ltr'><strong>meis,</strong></span> <span class='ocrx_word' id='word_1_696' title='bbox 970 4875 1073 4931; x_wconf 90' lang='lat' dir='ltr'><strong>iste</strong></span> <span class='ocrx_word' id='word_1_697' title='bbox 1102 4873 1471 4930; x_wconf 83' lang='lat' dir='ltr'><strong>Nortmannus</strong></span> <span class='ocrx_word' id='word_1_698' title='bbox 1518 4872 1650 4928; x_wconf 89' lang='lat' dir='ltr'><strong>talia</strong></span> 
     </span>
    </p>
   </div>
   <div class='ocr_carea' id='block_1_95' title="bbox 78 4965 1652 5044">
    <p class='ocr_par' dir='ltr' id='par_1_95' title="bbox 78 4965 1652 5044">
     <span class='ocr_line' id='line_1_95' title="bbox 78 4965 1652 5044; baseline -0.002 -20"><span class='ocrx_word' id='word_1_699' title='bbox 78 4985 238 5040; x_wconf 83' lang='lat' dir='ltr'><strong>agens</strong></span> <span class='ocrx_word' id='word_1_700' title='bbox 276 4973 561 5044; x_wconf 84' lang='lat' dir='ltr'><strong>taliterque</strong></span> <span class='ocrx_word' id='word_1_701' title='bbox 596 4970 891 5043; x_wconf 86' lang='lat' dir='ltr'><strong>apostolica</strong></span> <span class='ocrx_word' id='word_1_702' title='bbox 921 4968 1247 5026; x_wconf 85' lang='lat' dir='ltr'><strong>auctoritate</strong></span> <span class='ocrx_word' id='word_1_703' title='bbox 1274 4965 1652 5023; x_wconf 85' lang='lat' dir='ltr'><strong>excommuni—</strong></span> 
     </span>
    </p>
   </div>
   <div class='ocr_carea' id='block_1_96' title="bbox 1759 4769 3345 4840">
    <p class='ocr_par' dir='ltr' id='par_1_96' title="bbox 1759 4769 3345 4840">
     <span class='ocr_line' id='line_1_96' title="bbox 1759 4769 3345 4840; baseline -0.001 -13"><span class='ocrx_word' id='word_1_704' title='bbox 1759 4771 1874 4827; x_wconf 86' lang='lat' dir='ltr'><strong>sive</strong></span> <span class='ocrx_word' id='word_1_705' title='bbox 1903 4771 2166 4837; x_wconf 90' lang='lat' dir='ltr'><strong>contulit,</strong></span> <span class='ocrx_word' id='word_1_706' title='bbox 2194 4779 2249 4826; x_wconf 90' lang='lat' dir='ltr'><strong>et</strong></span> <span class='ocrx_word' id='word_1_707' title='bbox 2279 4770 2646 4840; x_wconf 89' lang='lat' dir='ltr'><strong>sicutjustum</strong></span> <span class='ocrx_word' id='word_1_708' title='bbox 2676 4771 2743 4829; x_wconf 87' lang='lat' dir='ltr'><strong>de</strong></span> <span class='ocrx_word' id='word_1_709' title='bbox 2769 4769 2874 4827; x_wconf 90' lang='lat' dir='ltr'><strong>illis</strong></span> <span class='ocrx_word' id='word_1_710' title='bbox 2906 4775 3070 4831; x_wconf 88' lang='lat' dir='ltr'><strong>rebus</strong></span> <span class='ocrx_word' id='word_1_711' title='bbox 3097 4784 3235 4839; x_wconf 85' lang='lat' dir='ltr'><strong>quas</strong></span> <span class='ocrx_word' id='word_1_712' title='bbox 3260 4783 3345 4825; x_wconf 86' lang='lat' dir='ltr'><strong>re-</strong></span> 
     </span>
    </p>
   </div>
   <div class='ocr_carea' id='block_1_97' title="bbox 1758 4859 3347 4934">
    <p class='ocr_par' dir='ltr' id='par_1_97' title="bbox 1758 4859 3347 4934">
     <span class='ocr_line' id='line_1_97' title="bbox 1758 4859 3347 4934; baseline -0.003 -16"><span class='ocrx_word' id='word_1_713' title='bbox 1758 4864 1943 4934; x_wconf 89' lang='lat' dir='ltr'><strong>quiro,</strong></span> <span class='ocrx_word' id='word_1_714' title='bbox 1982 4865 2262 4920; x_wconf 84' lang='lat' dir='ltr'><strong>inventum</strong></span> <span class='ocrx_word' id='word_1_715' title='bbox 2304 4861 2503 4928; x_wconf 87' lang='lat' dir='ltr'><strong>fuerit,</strong></span> <span class='ocrx_word' id='word_1_716' title='bbox 2535 4875 2697 4934; x_wconf 79' lang='lat' dir='ltr'><strong>agerc</strong></span> <span class='ocrx_word' id='word_1_717' title='bbox 2721 4866 3077 4934; x_wconf 85' lang='lat' dir='ltr'><strong>procurabit:</strong></span> <span class='ocrx_word' id='word_1_718' title='bbox 3108 4860 3175 4917; x_wconf 87' lang='lat' dir='ltr'><strong>ad</strong></span> <span class='ocrx_word' id='word_1_719' title='bbox 3202 4859 3347 4930; x_wconf 86' lang='lat' dir='ltr'><strong>quod</strong></span> 
     </span>
    </p>
   </div>
   <div class='ocr_carea' id='block_1_98' title="bbox 1763 4953 3351 5028">
    <p class='ocr_par' dir='ltr' id='par_1_98' title="bbox 1763 4953 3351 5028">
     <span class='ocr_line' id='line_1_98' title="bbox 1763 4953 3351 5028; baseline -0.003 -19"><span class='ocrx_word' id='word_1_720' title='bbox 1763 4971 1953 5014; x_wconf 87' lang='lat' dir='ltr'><strong>rursus</strong></span> <span class='ocrx_word' id='word_1_721' title='bbox 2005 4956 2133 5012; x_wconf 90' lang='lat' dir='ltr'><strong>illud</strong></span> <span class='ocrx_word' id='word_1_722' title='bbox 2174 4966 2509 5028; x_wconf 65' lang='lat' dir='ltr'><strong>prmceptum</strong></span> <span class='ocrx_word' id='word_1_723' title='bbox 2557 4963 2616 5010; x_wconf 90' lang='lat' dir='ltr'><strong>ut</strong></span> <span class='ocrx_word' id='word_1_724' title='bbox 2644 4965 2928 5026; x_wconf 81' lang='lat' dir='ltr'><strong>apportem</strong></span> <span class='ocrx_word' id='word_1_725' title='bbox 2976 4953 3351 5018; x_wconf 75' lang='lat' dir='ltr'><strong>necessarium</strong></span> 
     </span>
    </p>
   </div>
   <div class='ocr_carea' id='block_1_99' title="bbox 79 5042 1641 5138">
    <p class='ocr_par' dir='ltr' id='par_1_99' title="bbox 79 5042 1641 5138">
     <span class='ocr_line' id='line_1_99' title="bbox 79 5042 1641 5138; baseline -0.001 -20"><span class='ocrx_word' id='word_1_726' title='bbox 79 5074 263 5131; x_wconf 89' lang='lat' dir='ltr'><strong>catus,</strong></span> <span class='ocrx_word' id='word_1_727' title='bbox 291 5042 491 5138; x_wconf 80' lang='lat' dir='ltr'><strong>quique</strong></span> <span class='ocrx_word' id='word_1_728' title='bbox 519 5042 758 5137; x_wconf 10' lang='lat' dir='ltr'><strong>perioris</strong></span> <span class='ocrx_word' id='word_1_729' title='bbox 790 5063 957 5121; x_wconf 91' lang='lat' dir='ltr'><strong>vestri</strong></span> <span class='ocrx_word' id='word_1_730' title='bbox 985 5060 1222 5119; x_wconf 80' lang='lat' dir='ltr'><strong>olllcium</strong></span> <span class='ocrx_word' id='word_1_731' title='bbox 1263 5059 1441 5117; x_wconf 89' lang='lat' dir='ltr'><strong>fuerat</strong></span> <span class='ocrx_word' id='word_1_732' title='bbox 1480 5058 1641 5131; x_wconf 87' lang='lat' dir='ltr'><strong>repel-</strong></span> 
     </span>
    </p>
   </div>
   <div class='ocr_carea' id='block_1_100' title="bbox 1747 5042 3367 5138">
    <p class='ocr_par' dir='ltr' id='par_1_100' title="bbox 1759 5042 3367 5117">
     <span class='ocr_line' id='line_1_100' title="bbox 1759 5042 3367 5117; baseline -0.006 -14"><span class='ocrx_word' id='word_1_733' title='bbox 1759 5063 1880 5115; x_wconf 83' lang='lat' dir='ltr'><strong>esse</strong></span> <span class='ocrx_word' id='word_1_734' title='bbox 1922 5068 2029 5109; x_wconf 90' lang='lat' dir='ltr'><strong>non</strong></span> <span class='ocrx_word' id='word_1_735' title='bbox 2067 5046 2343 5116; x_wconf 81' lang='lat' dir='ltr'><strong>intelligo,</strong></span> <span class='ocrx_word' id='word_1_736' title='bbox 2388 5064 2511 5104; x_wconf 88' lang='lat' dir='ltr'><strong>cum</strong></span> <span class='ocrx_word' id='word_1_737' title='bbox 2557 5045 2688 5102; x_wconf 90' lang='lat' dir='ltr'><strong>illud</strong></span> <span class='ocrx_word' id='word_1_738' title='bbox 2726 5062 2823 5117; x_wconf 91' lang='lat' dir='ltr'><strong>per</strong></span> <span class='ocrx_word' id='word_1_739' title='bbox 2865 5067 3065 5111; x_wconf 85' lang='lat' dir='ltr'><strong>manus</strong></span> <span class='ocrx_word' id='word_1_740' title='bbox 3107 5042 3367 5102; x_wconf 77' lang='lat' dir='ltr'><strong>Barduici</strong></span> 
     </span>
    </p>
   </div>
   <div class='ocr_carea' id='block_1_101' title="bbox 80 5152 1649 5229">
    <p class='ocr_par' dir='ltr' id='par_1_101' title="bbox 80 5152 1649 5229">
     <span class='ocr_line' id='line_1_101' title="bbox 80 5152 1649 5229; baseline -0.001 -22"><span class='ocrx_word' id='word_1_741' title='bbox 80 5152 295 5222; x_wconf 79' lang='lat' dir='ltr'><strong>lendus,</strong></span> <span class='ocrx_word' id='word_1_742' title='bbox 328 5157 381 5213; x_wconf 93' lang='lat' dir='ltr'><strong>in</strong></span> <span class='ocrx_word' id='word_1_743' title='bbox 408 5156 757 5229; x_wconf 75' lang='lat' dir='ltr'><strong>pmsentiam</strong></span> <span class='ocrx_word' id='word_1_744' title='bbox 787 5163 1026 5212; x_wconf 86' lang='lat' dir='ltr'><strong>vestram</strong></span> <span class='ocrx_word' id='word_1_745' title='bbox 1054 5168 1141 5209; x_wconf 92' lang='lat' dir='ltr'><strong>me</strong></span> <span class='ocrx_word' id='word_1_746' title='bbox 1168 5161 1523 5210; x_wconf 88' lang='lat' dir='ltr'><strong>accusaturus</strong></span> <span class='ocrx_word' id='word_1_747' title='bbox 1550 5164 1649 5224; x_wconf 91' lang='lat' dir='ltr'><strong>pro</strong></span> 
     </span>
    </p>
   </div>
   <div class='ocr_carea' id='block_1_102' title="bbox 80 5244 1652 5282">
    <p class='ocr_par' dir='ltr' id='par_1_102' title="bbox 80 5244 1652 5282">
     <span class='ocr_line' id='line_1_102' title="bbox 80 5244 1652 5282; baseline 0 0"><span class='ocrx_word' id='word_1_748' title='bbox 80 5245 202 5282; x_wconf 66' lang='lat' dir='ltr'><strong>india</strong></span> <span class='ocrx_word' id='word_1_749' title='bbox 234 5247 390 5282; x_wconf 67' lang='lat' dir='ltr'><strong>ualuas:</strong></span> <span class='ocrx_word' id='word_1_750' title='bbox 421 5250 649 5282; x_wconf 63' lang='grc' dir='ltr'><strong>ωηηηοὲο</strong></span> <span class='ocrx_word' id='word_1_751' title='bbox 679 5248 887 5282; x_wconf 58' lang='lat' dir='ltr'><strong>«animi</strong></span> <span class='ocrx_word' id='word_1_752' title='bbox 954 5260 1016 5282; x_wconf 66' lang='lat' dir='ltr'><strong>an</strong></span> <span class='ocrx_word' id='word_1_753' title='bbox 1045 5261 1072 5282; x_wconf 77' lang='grc' dir='ltr'><strong>ο</strong></span> <span class='ocrx_word' id='word_1_754' title='bbox 1103 5245 1255 5282; x_wconf 70' lang='lat' dir='ltr'><strong>vnhic</strong></span> <span class='ocrx_word' id='word_1_755' title='bbox 1286 5244 1571 5282; x_wconf 61' lang='lat' dir='ltr'><strong>ondiwnlnr</strong></span> <span class='ocrx_word' id='word_1_756' title='bbox 1625 5258 1652 5282; x_wconf 72' lang='lat' dir='ltr'><strong>n</strong></span> 
     </span>
    </p>
   </div>
   <div class='ocr_carea' id='block_1_103' title="bbox 1761 5136 3367 5220">
    <p class='ocr_par' dir='ltr' id='par_1_103' title="bbox 1761 5136 3367 5220">
     <span class='ocr_line' id='line_1_103' title="bbox 1761 5136 3367 5220; baseline 0 -25"><span class='ocrx_word' id='word_1_757' title='bbox 1761 5142 2161 5220; x_wconf 86' lang='lat' dir='ltr'><strong>archiepiscopi</strong></span> <span class='ocrx_word' id='word_1_758' title='bbox 2191 5138 2738 5214; x_wconf 81' lang='lat' dir='ltr'><strong>vobispraesentibus</strong></span> <span class='ocrx_word' id='word_1_759' title='bbox 2764 5151 2820 5201; x_wconf 88' lang='lat' dir='ltr'><strong>et</strong></span> <span class='ocrx_word' id='word_1_760' title='bbox 2851 5150 3062 5217; x_wconf 73' lang='lat' dir='ltr'><strong>audivit</strong></span> <span class='ocrx_word' id='word_1_761' title='bbox 3086 5148 3165 5209; x_wconf 76' lang='lat' dir='ltr'><strong>,et</strong></span> <span class='ocrx_word' id='word_1_762' title='bbox 3203 5136 3367 5201; x_wconf 74' lang='lat' dir='ltr'><strong>vidit,</strong></span> 
     </span>
    </p>
   </div>
   <div class='ocr_carea' id='block_1_104' title="bbox 1763 5232 3376 5282">
    <p class='ocr_par' dir='ltr' id='par_1_104' title="bbox 1763 5232 3376 5282">
     <span class='ocr_line' id='line_1_104' title="bbox 1763 5232 3376 5282; baseline -0.007 0"><span class='ocrx_word' id='word_1_763' title='bbox 1763 5244 1930 5282; x_wconf 75' lang='lat' dir='ltr'><strong>almm</strong></span> <span class='ocrx_word' id='word_1_764' title='bbox 1963 5243 2138 5280; x_wconf 69' lang='grc' dir='ltr'><strong>ἰηαιιιη</strong></span> <span class='ocrx_word' id='word_1_765' title='bbox 2166 5249 2227 5280; x_wconf 66' lang='lat' dir='ltr'><strong>se</strong></span> <span class='ocrx_word' id='word_1_766' title='bbox 2253 5232 2529 5278; x_wconf 61' lang='lat' dir='ltr'><strong>ﬁrmamus,</strong></span> <span class='ocrx_word' id='word_1_767' title='bbox 2570 5243 2625 5276; x_wconf 87' lang='lat' dir='ltr'><strong>nl</strong></span> <span class='ocrx_word' id='word_1_768' title='bbox 2659 5237 2788 5276; x_wconf 73' lang='lat' dir='ltr'><strong>mihi</strong></span> <span class='ocrx_word' id='word_1_769' title='bbox 2816 5238 3146 5274; x_wconf 65' lang='grc' dir='ltr'><strong>Πηηιι.....;..α</strong></span> <span class='ocrx_word' id='word_1_770' title='bbox 3178 5245 3376 5272; x_wconf 61' lang='lat' dir='ltr'><strong>Mutua-</strong></span> 
     </span>
    </p>
   </div>
  </div>
