3904 5304
39 423 208 479 1041

1275 435 1640 498 OPUSCULA
1676 441 1768 500 ET
1806 445 2161 505 EPlS'l‘OLlE
2173 490 2186 503 .

3229 459 3366 514 1042

38 537 388 595 cessariam
433 540 597 596 vitam
651 544 807 600 istam
861 545 1082 613 ﬁnierit,
1133 552 1568 610 communionem
1617 563 1672 611 et
1697 558 1747 619 Α
1774 555 1971 617 Paulus
1991 565 2265 634 apostolus
2292 567 2543 624 admonet
2574 570 2687 626 sic:
2720 569 2867 639 Filii,
2907 572 3106 626 obedite
3131 577 3362 640 parenti-

41 631 411 689 societatem
439 650 562 691 cum
583 635 771 694 electis
796 640 849 694 in
880 655 1045 710 regno
1070 641 1168 697 Dei
1208 643 1410 719 habere
1448 647 1680 705 nullate-

41 737 166 778 nus
203 726 441 794 poterit,
479 743 579 783 nec
606 727 674 785 de
719 728 914 785 inferni
942 734 1118 802 pinnis
1146 741 1202 788 et
1242 735 1545 792 daemonum
1587 755 1678 796 so-

45 814 280 872 cietate
315 835 551 889 unquam
582 821 800 879 liberari
829 825 1047 881 valebit.
1074 826 1180 883 Sed
1207 838 1333 885 sunt
1357 829 1497 888 forte
1521 834 1672 901 tales,

45 907 152 973 qui
183 908 481 980 privilegia
505 910 571 966 de
589 911 718 968 lacis
745 922 799 968 et
829 916 989 971 rebus
1011 918 1120 972 Deo
1141 919 1335 976 dicatis
1364 931 1676 981 sanctorum

47 999 338 1055 manibus
357 1003 676 1060 confirmata
693 1007 1163 1078 parvipendentes,
1191 1012 1292 1067 sibi
1315 1014 1441 1085 quia
1465 1016 1670 1085 volunt,

47 1101 173 1141 non
230 1093 366 1158 quia
415 1102 661 1162 possunt,
702 1087 1290 1159 excommunicationes
1337 1110 1675 1178 usurpatori-

44 1175 165 1232 bus
195 1194 390 1236 rerum
432 1191 488 1236 et
531 1184 846 1243 facultatum
874 1190 1367 1251 ecclesiasticarum
1395 1212 1426 1252 a
1466 1175 1672 1256 sanctis

45 1266 291 1324 Domini
353 1271 644 1330 iutentatas
699 1277 971 1345 alleviant,
1022 1282 1264 1341 dicentes
1326 1301 1386 1343 se
1428 1302 1528 1358 pro
1568 1291 1673 1348 hoc

45 1360 221 1415 illata
276 1363 647 1434 damnatione,
698 1369 752 1424 id
798 1380 879 1426 est
921 1375 1286 1434 anathematis
1311 1379 1530 1438 vinculo
1560 1398 1669 1438 non

47 1452 248 1506 teneri
278 1470 294 1506 :
343 1453 410 1509 de
451 1456 644 1524 quibus
683 1469 902 1517 sanctus
932 1461 1220 1535 Gregorius
1261 1468 1315 1523 in
1341 1469 1568 1539 epistola
1600 1473 1668 1528 ad

44 1543 444 1603 Theoctistam
470 1550 748 1619 patriciam
766 1554 896 1610 dicit
915 1555 1026 1626 (lib.
1056 1573 1132 1624 ix,
1161 1560 1310 1628 epist.
1334 1561 1424 1632 59)
1448 1580 1460 1616 :
1496 1582 1515 1614 ι
1536 1563 1662 1634 lpsi,

41 1634 352 1706 inquiens.
378 1638 477 1692 sibi
523 1648 688 1696 testes
719 1652 865 1709 sunt,
909 1645 1034 1715 quia
1055 1646 1346 1705 Christiani
1371 1667 1476 1707 non
1511 1664 1658 1721 sunt,

41 1729 151 1796 qui
178 1727 480 1799 ligamenta
522 1742 721 1789 sanctae
756 1735 1012 1793 Ecclesia:
1058 1741 1224 1796 variis
1263 1757 1321 1798 se
1348 1745 1663 1803 existimant

40 1821 360 1878 conatibus
385 1823 617 1891 solvere,
647 1843 710 1882 ac
733 1845 828 1899 per
861 1832 964 1888 hoc
1005 1848 1105 1890 nec
1133 1837 1525 1896 absolutionem
1553 1841 1657 1897 Ec-

1784 651 1877 706 bus
1903 657 2081 710 vestris
2100 657 2154 710 in
2190 657 2415 714 Domino
2437 659 2652 732 (Ephes.
2684 665 2780 735 Vl).
2816 662 2872 718 In
2917 662 3144 719 Domino
3174 672 3355 722 autem

1780 743 2000 800 obedire
2030 753 2133 811 est,
2176 756 2236 802 ut
2265 749 2380 818 ipse
2415 750 2573 806 docet
2612 753 2872 810 Dominus
2903 771 2917 809 :
2951 754 3056 822 Qui
3081 766 3224 810 amat
3261 775 3360 828 pa-

1780 845 1911 891 trem
1942 837 2058 907 plus
2099 856 2255 910 quam
2281 858 2381 908 me,
2424 859 2527 897 non
2551 854 2626 898 est
2658 862 2738 900 me
2777 847 2966 918 dignus
3017 847 3234 919 (Matth.
3277 851 3355 919 χ).

1781 927 1933 985 Unde
1962 940 2017 986 et
2047 931 2174 986 item
2204 951 2217 987 :
2255 932 2314 987 St'
2352 936 2535 990 oculus
2568 947 2691 991 tuus
2728 939 2909 994 dexter
2934 940 3263 995 scandalizat
3285 951 3359 1010 te,

1776 1039 1900 1077 erue
1921 1041 2038 1080 eum
2063 1027 2154 1081 abs
2176 1037 2225 1082 te
2245 1026 2460 1101 (Matth.
2483 1030 2559 1103 v).
2593 1051 2610 1085 ι
2638 1031 2790 1101 Quod
2823 1035 2895 1088 ita
2917 1035 3078 1106 plane
3101 1035 3160 1090 S.
3192 1051 3356 1106 expo-

1776 1113 1855 1167 nit
1886 1114 2213 1185 Augustinus
2241 1117 2436 1190 (Serm.
2481 1120 2638 1176 Dom.
2668 1124 2721 1176 in
2741 1135 2935 1192 monte,
2959 1127 3048 1181 lib.
3084 1126 3124 1197 ι)
3153 1144 3166 1180 :
3202 1145 3220 1179 ί
3257 1125 3356 1180 Hic

1773 1221 1904 1262 vero
1930 1225 2122 1281 magna
2152 1226 2286 1282 opus
2314 1223 2398 1269 est
2437 1213 2747 1272 fortitudine
2790 1221 2856 1274 ad
2887 1221 3128 1275 membra
3165 1221 3354 1290 praeci-

1773 1301 1968 1356 denda.
2009 1301 2278 1374 Quidquid
2320 1307 2465 1361 enim
2507 1318 2589 1364 est
2636 1311 2778 1380 quod
2825 1311 3092 1381 signiﬁcat
3135 1312 3350 1376 oculus,

1771 1389 1890 1445 sine
1916 1391 2078 1446 dubio
2110 1392 2215 1449 tale
2252 1405 2336 1451 est
2365 1397 2507 1466 quod
2549 1400 2900 1457 vehementer
2941 1401 3197 1472 diligitur.
3252 1401 3354 1460 So-

1771 1479 1844 1537 let
1891 1483 2036 1537 enim
2064 1491 2119 1538 et
2152 1485 2220 1539 ab
2275 1486 2356 1542 eis
2384 1489 2476 1558 qui
2528 1491 2874 1546 vehementer
2935 1492 3124 1547 volunt
3170 1492 3353 1563 expri-

1767 1588 1917 1629 mere
1942 1575 2286 1633 dilectionem
2326 1596 2475 1636 suam
2509 1583 2582 1638 ita
2603 1583 2731 1648 dici,
2761 1584 2934 1655 Diligo
2959 1599 3082 1640 eum
3113 1593 3172 1639 ut
3210 1601 3346 1640 ocu-

1767 1666 1876 1720 lum
1920 1684 2125 1735 meum,
2157 1681 2250 1726 aut
2292 1673 2456 1729 etiam
2504 1684 2563 1729 ut
2601 1677 2783 1732 oculos
2811 1694 2981 1733 meos.
3025 1678 3347 1750 Quanquam

1765 1759 1907 1814 enim
1940 1760 2006 1814 ad
2047 1761 2339 1818 videndum
2367 1765 2455 1819 isti
2504 1767 2642 1820 oculi
2695 1770 2938 1838 corporis
2989 1771 3352 1825 communiter

1763 1851 2133 1918 attendantur,
2159 1863 2213 1908 et
2234 1855 2279 1910 si
2302 1855 2461 1911 ambo
2486 1857 2734 1913 similiter
2764 1859 3132 1923 intendantur,
3165 1877 3349 1931 aequa-

40 1911 246 1969 clesize
268 1930 430 1984 quam
457 1927 681 1986 praestat
720 1919 966 1981 ﬁdelibus
994 1943 1175 1983 veram
1201 1941 1412 2000 putant,
1440 1935 1487 1988 si
1518 1934 1657 2004 liga-
1685 1920 1734 1982 Β
1765 1941 1890 1998 liter
1947 1946 2182 2015 possint,
2233 1948 2464 2018 amplius
2511 1959 2690 2005 tamen
2759 1951 3050 2006 formidant
3102 1911 3350 2008 homines

40 2014 220 2061 turas
251 2009 368 2078 ejus
414 2010 593 2067 valere
633 2029 740 2069 non
785 2017 1075 2075 aestimant.
1124 2020 1324 2077 Contra
1360 2040 1498 2094 quos
1545 2028 1658 2081 diu-

39 2100 168 2154 tius
192 2102 577 2173 disputandum
605 2122 709 2161 non
727 2120 830 2174 est,
854 2111 979 2180 quia
1001 2110 1326 2184 despiciendi
1350 2132 1448 2188 per
1476 2121 1656 2193 omnia

39 2200 106 2245 et
142 2196 641 2252 anathematizandi
671 2208 825 2266 sunt,
881 2211 937 2256 et
972 2204 1115 2258 unde
1140 2221 1198 2260 se
1241 2205 1428 2263 fallere
1459 2211 1657 2264 verita-

42 2293 168 2341 tem
192 2289 446 2355 credunt,
479 2291 600 2348 inde
624 2293 676 2348 in
701 2296 936 2366 peccatis
971 2298 1082 2354 suis
1105 2300 1374 2357 veraciter
1396 2302 1650 2375 ligantur.
1689 2370 1702 2385 .

126 2376 189 2432 Si
226 2382 318 2449 qui
343 2392 467 2436 sunt
493 2384 676 2456 igitur,
702 2387 792 2457 qui
824 2388 924 2442 sub
952 2391 1173 2446 nomine
1195 2391 1508 2449 Christiano
1539 2395 1654 2450 lucc

43 2483 150 2524 aut
192 2473 492 2540 pnedicare
536 2477 754 2544 audent,
805 2491 898 2535 aut
941 2482 1101 2537 tacita
1155 2485 1298 2554 apud
1333 2489 1652 2558 semetipsos

48 2574 273 2630 tenere,
299 2578 485 2628 eos_et
512 2583 611 2639 ego
641 2585 832 2627 omnes
882 2574 1136 2629 catholici
1180 2576 1440 2647 episcopi,
1486 2590 1652 2652 atque

46 2658 390 2715 universalis
436 2660 697 2729 Ecclesia,
737 2667 1280 2733 anathematizamus.
1331 2673 1457 2741 quia
1503 2676 1649 2730 veri-

50 2750 157 2804 tati
222 2754 493 2807 coutraria
545 2756 804 2822 sentiunt,
856 2768 909 2814 et
955 2764 1222 2816 contraria
1277 2763 1590 2835 loquuntur.
1624 2787 1643 2819 ι

48 2841 178 2900 Hoc
214 2845 532 2918 Apostolica:
562 2851 899 2907 auctoritatis
928 2853 1205 2910 decretum
1228 2897 1242 2920 ,
1271 2856 1433 2912 etiam
1471 2873 1502 2912 a
1548 2874 1645 2916 ve-

48 2949 176 2992 stra
213 2941 478 3009 probitate
513 2943 593 2998 sic
633 2947 957 3002 assumendo
1000 2951 1310 3018 probatum,
1341 2953 1388 3007 si
1419 2960 1478 3007 ut
1516 2955 1648 3009 scri-

48 3031 247 3099 psistis
286 3031 414 3087 mihi
456 3042 538 3090 est
565 3039 898 3107 sequendum
921 3055 986 3095 ac
1022 3043 1332 3107 tenendum,
1376 3045 1563 3115 utique
1589 3034 1647 3102 εἰ

50 3123 311 3178 omnibus
343 3136 544 3182 sancta!
582 3127 838 3184 Ecclesia:
883 3129 1024 3198 filiis,
1073 3134 1165 3203 qui
1219 3133 1644 3194 Christianitatis

51 3212 278 3268 nomine
307 3214 466 3284 potiri
493 3216 828 3288 delegerunt,
853 3221 958 3275 erit
982 3225 1314 3292 sequendum
1353 3241 1416 3280 ac
1455 3235 1644 3284 tenen-

1762 2033 2010 2088 dextrum
2051 2037 2321 2092 amittere.
2359 2038 2429 2094 Ut
2466 2040 2567 2096 iste
2585 2041 2656 2095 sit
2685 2055 2897 2108 sensus,
2926 2043 3186 2113 quidquid
3215 2043 3348 2098 illud

1760 2136 1843 2182 est
1867 2129 2009 2198 quod
2037 2130 2110 2184 ita
2150 2131 2352 2200 diligis,
2376 2143 2436 2188 ut
2471 2151 2568 2204 pro
2593 2135 2786 2191 dextro
2834 2137 2992 2192 oculo
3037 2138 3260 2200 habeas.
3299 2139 3345 2193 si

1759 2211 2099 2276 scandalizat
2125 2231 2198 2287 te,
2250 2225 2302 2279 id
2332 2233 2415 2282 est
2445 2226 2488 2280 si
2522 2226 2614 2282 tibi
2649 2227 3031 2298 impedimento
3057 2241 3141 2286 est
3163 2232 3228 2287 ad
3252 2246 3343 2285 ve-

1757 2326 1876 2367 ram
1899 2312 2313 2383 beatitudinem,
2355 2332 2483 2373 erue
2511 2318 2658 2374 illum
2683 2330 2737 2375 et
2763 2319 2965 2392 projice
2995 2323 3091 2377 abs
3117 2332 3170 2378 te
3203 2340 3216 2377 :
3248 2338 3342 2378 ex-

1755 2403 1904 2473 pedit
1931 2407 2074 2460 enim
2110 2405 2205 2462 tibi
2237 2415 2295 2462 ut
2337 2420 2524 2479 pereat
2566 2426 2732 2465 unum
2775 2411 2965 2465 horum
2993 2427 3113 2483 qua:
3140 2412 3336 2483 diligis,

1754 2505 1939 2565 utpote
1997 2505 2252 2569 tanquam
2284 2500 2525 2556 membra
2556 2503 2651 2556 tibi
2693 2502 3011 2568 inhaereant,
3052 2520 3214 2574 quam
3257 2516 3341 2558 to—

1754 2594 1869 2640 tum
1898 2603 2092 2658 corpus
2120 2599 2269 2645 tuum
2298 2602 2387 2646 eat
2432 2592 2487 2646 in
2530 2594 2855 2664 gehennam.
2906 2594 3063 2666 Cogit
3091 2611 3337 2668 quaerere

1753 2677 2060 2750 diligentius
2099 2682 2227 2751 quid
2267 2684 2465 2740 dixerit
2506 2686 2765 2741 oculum:
2811 2687 2866 2742 in
2895 2703 3000 2758 qua
3031 2691 3332 2760 quzestione

1751 2770 1886 2824 nihil
1906 2771 2036 2826 mihi
2058 2774 2294 2829 occurrit
2318 2779 2722 2848 congruentius,
2739 2795 2900 2850 quam
2915 2780 3326 2837 dilectissimum

1749 2864 2002 2919 amicum.
2034 2863 2168 2920 Nam
2210 2865 2313 2921 hoc
2340 2875 2422 2922 est
2445 2869 2628 2940 utique
2674 2872 2816 2940 quod
2849 2873 3151 2928 membrum
3173 2880 3322 2928 recte

1748 2969 2036 3025 possumus
2062 2954 2351 3026 appellare,
2397 2959 2540 3028 quod
2567 2959 2920 3016 vehementer
2945 2962 3236 3033 diligimus,
3273 2972 3330 3018 et

1748 3047 1892 3101 hunc
1925 3047 2312 3126 consiliarium,
2342 3050 2468 3122 quia
2496 3051 2686 3109 oculus
2711 3063 2793 3110 est
2831 3064 3086 3126 tanquam
3113 3057 3330 3111 demon-

1745 3145 1927 3192 strans
1954 3139 2086 3204 iter;
2119 3122 2174 3194 et
2201 3140 2252 3194 in
2279 3142 2440 3197 rebus
2467 3143 2684 3211 divinis,
2716 3146 2840 3216 quia
2883 3122 3072 3202 dexter
3104 3157 3224 3203 est:
3272 3159 3331 3203 ut

1745 3227 1964 3282 sinister
1992 3229 2064 3283 sit
2092 3229 2319 3286 dilectus
2355 3233 2571 3302 quidem
2594 3236 2954 3304 consiliarius,
2983 3240 3076 3294 sed
3100 3239 3150 3293 in
3166 3241 3328 3294 rebus

52 3303 213 3360 dum.
243 3304 390 3361 Unde
417 3323 524 3362 non
573 3309 704 3364 mihi
735 3310 1013 3368 videretur
1058 3314 1278 3386 dignum
1319 3317 1640 3375 excellentia
1667 3303 1712 3367 C
1743 3318 1978 3374 terrenis
2007 3320 2075 3374 ad
2105 3323 2485 3377 necessitatem
2525 3327 2768 3394 corporis
2798 3329 3226 3396 pertinentibus;
3254 3331 3321 3385 de

52 3405 244 3452 vestra
282 3397 470 3467 fuisse,
497 3411 552 3456 ut
589 3403 840 3460 diceretis
873 3405 1156 3463 Berthario
1195 3410 1338 3480 quod
1379 3411 1511 3466 mihi
1555 3427 1640 3469 re-

55 3493 326 3547 nuntiavit
353 3508 449 3550 vos
475 3494 694 3552 dixisse.
748 3496 805 3553 Si
834 3499 932 3555 hos
954 3519 956 3522 ν
975 3502 1327 3574 ρι’ωείεηειιοε
1367 3518 1519 3560 meos
1549 3520 1639 3559 ex-

54 3584 540 3641 communicassem
570 3585 816 3644 homines
837 3589 928 3662 qui
952 3590 1079 3647 talia
1105 3603 1351 3665 egerunt,
1376 3603 1432 3650 et
1461 3594 1638 3650 adhuc

57 3683 249 3747 agunt,
283 3692 386 3732 non
430 3692 524 3734 eos
551 3684 1116 3759 excommunicatione
1153 3689 1350 3754 teneri,
1384 3689 1637 3745 videlicet

59 3766 412 3825 anathematis
440 3769 656 3827 vinculo
691 3790 798 3829 non
826 3774 1001 3847 ligari.
1029 3776 1137 3833 Sed
1161 3795 1268 3835 non
1297 3790 1381 3836 est
1410 3783 1632 3849 mirum,

60 3859 107 3912 si
141 3860 414 3929 parvitatis
455 3878 588 3918 mete
631 3869 1244 3926 excommunicationem
1287 3873 1634 3944 parvipendi-

64 3952 170 4017 tis,
207 3966 264 4006 ac
288 3951 422 4010 forte
462 3955 887 4014 irrationabilem
925 3959 1202 4029 iudicatis,
1246 3965 1462 4034 quando
1505 3981 1635 4036 apo-

61 4044 261 4099 stolicaa
289 4047 432 4102 sedis
450 4052 1061 4109 excommunicationem
1089 4064 1145 4109 et
1177 4071 1275 4126 pro
1297 4055 1464 4112 nihilo
1484 4057 1633 4113 duci-

63 4137 159 4200 tis,
189 4145 238 4190 et
263 4151 354 4207 pro
381 4139 548 4194 nihilo
573 4141 871 4198 ducendam
912 4153 1098 4216 utpote
1127 4146 1414 4202 absurdam
1435 4149 1632 4219 praedi-

62 4231 218 4287 catis.
248 4231 597 4290 Praeadmiror
624 4244 823 4302 tamen,
871 4237 997 4293 dum
1044 4239 1171 4294 talia
1212 4240 1413 4307 dicitis,
1459 4243 1504 4297 si
1533 4256 1632 4297 ve-

62 4331 230 4378 stram
272 4327 877 4383 excommunicationem
926 4338 1019 4385 aut
1055 4332 1466 4399 auctoritatem,
1510 4351 1630 4405 quae

63 4429 134 4469 ex
172 4412 275 4484 ejus
307 4417 569 4484 processit
613 4421 1019 4487 constitutione,
1066 4409 1334 4494 expendet
1379 4426 1626 4494 arbitrio,

66 4502 202 4573 apud
231 4504 452 4574 aliquem
475 4521 662 4562 eorum
692 4511 782 4578 qui
827 4511 928 4566 hoc
966 4513 1213 4581 audiunt,
1245 4516 1502 4572 si'tamen
1531 4533 1626 4573 vo-

69 4596 153 4649 bis
177 4596 406 4664 credunt,
443 4599 642 4669 aliquid
672 4602 852 4658 valere
888 4606 1188 4671 aestimatis,
1231 4617 1287 4663 et
1325 4609 1415 4679 qui
1457 4610 1620 4664 etiam

1741 3425 1849 3480 quo
1869 3411 2265 3466 scandalizante
2290 3413 2615 3482 superﬂuum
2635 3425 2752 3470 erat
2773 3416 2971 3480 dicere,
2987 3420 3322 3489 quandoqui-

1739 3499 1862 3556 dem
1879 3516 1977 3557 nec
1990 3501 2184 3557 dextro
2197 3504 2529 3572 parcendum
2547 3506 2635 3562 sit.
2664 3505 2723 3562 In
2747 3509 2910 3563 rebus
2929 3518 3108 3563 autem
3125 3510 3322 3565 divinis

1741 3593 2082 3649 consiliarius
2119 3593 2493 3652 scandalizans
2541 3604 2642 3660 est,
2695 3597 2740 3652 si
2788 3597 3024 3669 aliquam
3055 3600 3318 3671 pernicio-

1740 3700 1854 3739 sam
1881 3685 2130 3741 haeresim
2151 3678 2370 3741 nomine
2391 3686 2671 3760 religionis
2691 3698 2854 3759 atque
2884 3691 3146 3746 doctrinae
3165 3707 3324 3746 cona-

1740 3783 1826 3832 tur
1850 3776 2122 3834 inducere.
2161 3798 2179 3830 ›
2213 3777 2400 3849 Itaque
2425 3780 2569 3851 quod
2596 3780 2727 3836 nihil
2752 3791 2872 3852 post
2904 3783 3072 3837 Deum
3103 3783 3321 3838 charius

1736 3867 1890 3923 vobis
1913 3883 2034 3924 esse
2065 3869 2256 3925 debeat
2278 3871 2490 3941 ignoro,
2530 3873 2624 3928 sed
2651 3873 2802 3928 vobis
2828 3874 3185 3944 perniciosum
3216 3883 3318 3939 est,

1737 3969 1798 4016 ut
1826 3972 2015 4016 contra
2045 3963 2357 4034 religionem
2389 3974 2552 4036 atque
2591 3967 2898 4038 apostolica:
2942 3968 3086 4022 sedis
3127 3969 3321 4023 doctri-

1737 4067 1862 4106 nam
1891 4052 2077 4107 obvias
2104 4069 2296 4109 manus
2339 4055 2605 4124 inferatis,
2638 4066 2692 4112 et
2739 4057 2868 4112 mihi
2909 4058 3271 4128 periculosum
3294 4101 3310 4126 ,

1735 4144 1844 4200 imo
1874 4145 2062 4201 inutile
2089 4156 2194 4210 est,
2215 4155 2395 4202 vestro
2426 4157 2633 4204 tantum
2669 4150 2976 4205 obnubilari
3020 4166 3227 4216 amore,
3261 4159 3318 4206 ut

1733 4237 1960 4292 tacendo
1984 4239 2134 4293 vobis
2155 4239 2340 4294 videar
2369 4242 2678 4298 consentire
2710 4261 2723 4297 :
2766 4243 2894 4312 quia
2921 4245 3022 4298 etsi
3068 4254 3309 4310 tacuero,

1732 4335 1788 4382 et
1820 4343 1917 4383 vos
1949 4328 2331 4395 clamaveritis,
2372 4345 2473 4386 nec
2511 4347 2609 4402 pro
2635 4332 3006 4390 taciturnitate
3038 4350 3179 4399 mea,
3213 4352 3315 4390 nec

1729 4435 1829 4490 pro
1857 4421 2090 4477 clamore
2133 4433 2336 4490 vestro,
2381 4423 2508 4477 illud
2557 4439 2793 4495 unquam
2822 4426 3084 4502 perficere
3112 4429 3311 4497 poteri-

1731 4513 1819 4568 tis.
1851 4511 2111 4567 Videlicet
2134 4527 2324 4568 omnes
2346 4514 2642 4570 decretales
2669 4517 2977 4587 apostolica:
3019 4517 3164 4573 sedis
3193 4519 3308 4587 epi-

1731 4603 1881 4659 stolae
1912 4603 2233 4674 recipiendae
2253 4613 2433 4671 erunt,
2449 4615 2505 4661 et
2530 4621 2636 4662 non
2652 4608 2824 4663 solum
2842 4608 3181 4680 recipiendae,
3204 4609 3313 4664 imo

68 4688 227 4742 Deum
256 4690 496 4749 timentes
524 4695 850 4770 agnitionem
877 4699 1123 4755 veritatis
1150 4669 1447 4758 retinentes
1468 4703 1621 4759 vobis
1643 4669 1704 4786 ,Β
1729 4698 2055 4785 decernente
2070 4695 2286 4754 GelaSiO
2312 4697 2691 4756 νοηθηδίιίῑθν
2705 4710 2868 4756 Θτυηῐ
2884 4701 3224 4771 reeipiendi?-

68 4797 174 4838 non
199 4781 274 4838 his
302 4788 544 4853 credunt,
577 4805 676 4845 nec
709 4791 874 4847 in’sui
915 4795 1096 4850 cordis
1127 4797 1458 4853 conscientia
1487 4813 1620 4853 con-

67 4875 305 4940 sentiunt,
330 4893 437 4935 non
479 4890 660 4937 tamen
687 4893 912 4954 possunt
957 4887 1022 4942 de
1056 4898 1234 4944 vestra
1266 4890 1529 4962 sapientia
1557 4905 1621 4946 ac

69 4966 331 5024 sanctitate
362 4986 468 5026 non
513 4973 808 5030 remorderi
838 4995 850 5031 :
881 4977 973 5033 sed
1004 4979 1182 5050 potius
1218 4981 1472 5052 scrupulo
1507 4990 1616 5037 tam

71 5056 292 5114 nefanda:
313 5077 374 5118 ac
404 5063 734 5120 detestandae
768 5069 1227 5137 prtevaricationis
1253 5072 1470 5137 offensi,
1499 5071 1612 5126 sin-

71 5151 323 5208 ceritatem
345 5163 540 5211 vestree
580 5158 997 5226 przestabilitatis
1021 5161 1326 5222 vililicatam
1359 5172 1455 5219 aut
1489 5179 1617 5218 con-

801 5251 863 5274 ..Δ
894 5251 1006 5274 21..-
1058 5255 1148 5274 -.-ι
1166 5255 1178 5273 9

73 5240 237 5274 {halant
280 5253 358 5274 nlui
395 5243 656 5274 λιιι-Ληρισιο
712 5247 790 5274 Λ..

1804 4790 1910 4847 Sed
1924 4783 1978 4846 et
2002 4790 2130 4862 quid
2151 4793 2346 4860 prosit,
2380 4792 2525 4863 quod
2568 4793 2624 4849 in
2652 4796 3098 4867 quaternionibus
3118 4798 3317 4852 vestris

1730 4885 1928 4949 dicitis,
1978 4893 2039 4940 ut
2081 4897 2174 4937 eas
2213 4884 2600 4944 venerabiliter
2656 4897 2864 4944 tantum
2899 4889 3097 4958 legam,
3137 4888 3186 4942 si
3238 4889 3320 4944 eis

1728 4977 2113 5035 venerabiliter
2157 4977 2389 5037 obedire
2437 4991 2546 5032 non
2600 4979 2847 5047 debeam,
2889 4990 2946 5038 et
2968 4993 3156 5035 earum
3195 4996 3325 5036 san-

1728 5070 1934 5124 ctiones
1975 5068 2365 5129 venerabiliter
2415 5067 2572 5137 sequi
2625 5087 2734 5129 non
2787 5080 3050 5145 satagam,
3105 5069 3322 5140 ignoro.

1730 5157 2132 5229 Appellatioues
2153 5160 2546 5232 episcoporum
2575 5160 2644 5216 ad
2665 5161 2971 5236 apostolica!
2997 5157 3144 5215 sedis
3170 5175 3328 5216 sum-

2942 5248 3073 5274 :n--.a
3126 5247 3150 5274 Δ
3168 5242 3232 5274 οζε
3245 5263 3301 5274 ...κ

1729 5265 1874 5274 ...α-..Α
1906 5253 2202 5274 -..εἶα-Αἶσηνυι
2235 5270 2262 5274 -κ
2290 5269 2340 5274 λ...
2383 5253 2738 5274 *ΑΜᾺ-ζ-ρΑοεθμ
2805 5269 2898 5274 ._--
