3904 5304
506 384 529 439 1
541 384 644 441 043

1523 388 1847 446 umerum
1888 356 2369 449 intonuueusm
2407 393 2709 451 EPISCOPI

3638 398 3759 453 που

505 490 730 568 Nicaerii,
753 515 782 556 a
813 503 1002 558 s'ancto
1054 501 1255 574 Cyrillo
1291 504 1822 574 coepiscopo’nosrro
1852 505 2087 562 Alcxan-
2116 512 2163 571 Α
2201 504 2464 563 Dominus
2492 528 2503 562 :
2536 506 2731 563 Beatus
2757 526 2831 573 es,
2866 507 3048 563 Simon
3078 507 3379 573 Bar-Jona,
3404 511 3529 579 quia
3569 526 3687 563 caro
3724 523 3763 563 τι

502 592 672 650 drinae
696 592 973 660 Ecclesia),
1004 605 1058 652 et
1089 613 1117 651 a
1158 597 1452 653 venerabili
1494 596 1670 654 Attico
1709 597 2088 665 Constantino-

501 683 742 753 politano
766 685 1028 754 antistite,
1063 703 1130 742 ex
1174 688 1486 744 authentico
1529 688 1724 753 missis,
1777 704 1895 760 quae
1922 689 2085 743 etiam

506 785 631 830 ante
659 777 762 832 hoc
790 793 887 848 per
928 779 1296 835 innocentium
1338 783 1714 855 presbyterum
1764 791 1819 837 et
1863 780 2086 837 Marcel-

501 867 613 922 lum
656 869 1062 937 subdiaconum,
1097 890 1192 945 per
1234 891 1371 946 quos
1414 876 1479 929 ad
1528 892 1627 933 nos
1664 876 1732 931 ab
1759 877 1838 932 eis
1882 877 2083 932 directa

503 974 653 1030 sunt,
689 965 1017 1022 venerabilis
1061 970 1335 1023 memoriae
1380 969 1654 1025 Bonifacio
1701 971 1954 1040 episcopo
1995 971 2085 1027 dc-

502 1056 706 1111 cessori
736 1068 917 1112 vestro
948 1075 977 1112 a
1027 1059 1186 1114 nobis
1242 1061 1557 1116 transmissa
1606 1071 1751 1126 sunt,
1797 1062 1847 1115 in
1891 1062 2084 1132 quibus

500 1146 611 1204 tale
660 1148 861 1222 aliquid
905 1167 1012 1207 non
1064 1153 1336 1223 potuimus
1387 1156 1643 1225 reperire.
1687 1175 1703 1207 ι
1739 1152 1795 1209 Si
1847 1155 1933 1209 isti
1978 1170 2082 1211 non

499 1251 790 1313 potuerunt
816 1289 833 1311 ,
859 1246 983 1315 quia
1018 1244 1156 1301 forte
1181 1246 1486 1312 noluerunt,
1511 1248 1683 1318 potuit
1712 1247 1922 1302 Marcus
1950 1264 2081 1318 apo-

498 1333 702 1390 stolica:
735 1336 880 1392 sedis
910 1339 1154 1403 antistes,
1195 1339 1284 1409 qui
1317 1341 1390 1395 ita
1437 1340 1714 1411 rescripsit
1761 1340 2081 1406 Athanasio,

496 1427 848 1504 et‘universis
881 1427 1259 1502 Egyptiorum
1305 1431 1590 1503 episcopis,
1642 1430 1910 1501 inquiens,
1956 1448 1975 1480 ι
2009 1430 2084 1485 De

495 1519 858 1590 capitulorum
915 1538 1148 1593 namque
1211 1522 1440 1578 veritate
1496 1531 1551 1577 et
1605 1538 1835 1577 numero
1882 1519 2080 1577 Nicaeni

496 1614 734 1681 concilii,
775 1615 861 1669 cui
890 1631 985 1671 vos
1010 1615 1318 1672 interfuisse
1365 1616 1563 1671 litteris
1604 1624 1798 1671 vestra:
1824 1614 2081 1671 fraterni-

497 1708 623 1761 tatis
656 1706 1028 1778 signiﬁcastis,
1053 1725 1083 1762 a
1122 1709 1320 1765 nostris
1351 1709 1439 1779 qui
1471 1709 1748 1765 vobiscum
1779 1725 1883 1765 una
1918 1709 2083 1765 inter-

493 1792 717 1850 fuerunt
747 1796 1175 1868 diligentioribus
1205 1799 1587 1870 requisivimus
1610 1799 2079 1866 collocutionibus,

2191 602 2405 671 sanguis
2437 617 2539 655 non
2570 599 2809 656 revelari!
2833 601 2952 666 tibi,
2997 601 3089 655 sed
3119 600 3284 655 Pater
3305 618 3452 656 mem
3481 602 3575 673 qui
3611 612 3685 655 est
3716 604 3763 656 in

2191 684 2331 744 certis
2364 689 2580 761 (Matth.
2612 691 2747 761 xvr).
2805 688 2880 745 Ex
2936 700 3061 746 tunc
3110 693 3446 747 transierunt
3472 701 3686 755 vetera,
3720 702 3765 747 et

2190 784 2331 839 facta
2373 794 2496 840 sunt
2544 799 2704 840 nova.
2751 782 2863 841 Nec
2906 785 3204 842 decretales
3243 785 3509 855 epistolae,
3555 784 3765 842 diversis

2189 875 2526 944 temporibus
2558 890 2658 945 pro
2684 875 2914 931 diversis
2955 877 3132 932 causis
3162 886 3223 931 ut
3265 876 3558 948 oportebat
3587 879 3769 932 consti-

2190 973 2336 1032 tutae,
2378 966 2430 1021 in
2476 965 2583 1021 ullo
2622 966 2723 1023 sibi
2756 967 3105 1022 inveniuntur
3139 969 3383 1023 adversae
3416 986 3431 1022 :
3470 968 3601 1039 quia
3638 968 3767 1024 aliud

2187 1066 2302 1125 est,
2359 1058 2586 1115 diversis
2654 1061 2987 1132 temporibus
3046 1061 3347 1117 secundum
3411 1058 3766 1116 diversitatem

2188 1151 2503 1206 morborum
2555 1151 2817 1218 diversas,
2882 1153 2985 1208 hoc
3043 1163 3130 1208 est
3159 1151 3496 1224 multiplices
3521 1162 3579 1208 et
3607 1155 3769 1208 varias

2188 1240 2423 1311 impendi
2456 1240 2747 1297 medicinas
2774 1260 2787 1296 :
2815 1249 2876 1297 ut
2902 1243 3044 1298 enim
3068 1258 3211 1298 nova
3237 1242 3559 1299 morborum
3587 1259 3766 1314 genera

2187 1348 2324 1391 nova
2375 1334 2891 1391 medicamentorum
2957 1335 3201 1408 indigent
3250 1336 3658 1406 experimenta,
3701 1337 3767 1391 sic

2187 1428 2357 1483 multa
2388 1429 2700 1485 morborum
2733 1444 2930 1499 genera
2959 1431 3127 1486 nmlta
3157 1430 3453 1502 requirunt
3490 1430 3768 1486 medicina~

2188 1536 2307 1576 rum
2333 1519 2590 1586 fomenta;
2621 1520 2761 1576 aliud
2785 1531 2869 1578 est
2888 1522 3075 1588 etiam,
3099 1521 3155 1577 in
3183 1538 3293 1576 uno
3318 1530 3569 1592 tempore
3593 1522 3769 1577 multas

2186 1615 2404 1669 veritati
2449 1614 2754 1669 contrarias
2810 1612 3009 1669 inferre
3060 1614 3366 1679 doctrinas,
3400 1615 3550 1685 quod
3602 1615 3649 1668 in
3693 1615 3768 1669 bis

2187 1706 2431 1777 epistolis
2463 1722 2561 1761 nec
2590 1714 2765 1777 potest
2816 1704 3064 1772 inveniri,
3098 1720 3200 1762 nec
3246 1707 3317 1762 ab
3356 1706 3476 1762 ullo
3502 1707 3762 1762 hominum

2188 1798 2347 1856 debet
2372 1798 2496 1853 dici.

497 1889 593 1959 qui
625 1890 722 1954 ita,
750 1899 808 1947 ut
833 1899 1029 1946 vestrae
1057 1900 1267 1947 testata:
1300 1903 1425 1948 sunt
1450 1892 1662 1958 litterae,
1681 1907 1896 1948 onmem
1925 1894 2078 1948 nobis
2111 1877 2154 1936 Β
2252 1886 2407 1956 Quod
2455 1895 2634 1943 autem
2673 1902 2767 1942 vos
2806 1887 2936 1943 mibi
2990 1888 3042 1943 in
3066 1888 3547 1959 'quaternionibus
3594 1892 3767 1945 vestris

492 1984 738 2039 ordinem
796 1994 1202 2056 exposuerunt,
1258 1994 1312 2042 et
1354 1994 1589 2041 vestram
1645 1984 1927 2054 epistolam
1984 2002 2081 2057 per

491 2075 675 2130 omnia
713 2091 896 2131 veram
930 2091 1049 2132 esse
1083 2076 1354 2132 testiﬁcati
1386 2086 1549 2143 sunt;
1600 2077 1703 2132 non
1739 2084 1791 2131 ut
1827 2093 1951 2133 nos.
1978 2077 2077 2131 ali-

490 2168 619 2237 quid
646 2168 926 2224 sinistrum
956 2177 1137 2224 vestra
1167 2185 1232 2225 ex
1260 2178 1414 2241 parte
1443 2169 1856 2235 arbitraremur,
1885 2170 1978 2226 sed
2021 2182 2080 2228 ut

490 2277 591 2319 nos
618 2271 674 2318 et
698 2279 794 2319 vos
830 2263 1077 2334 illosque,
1112 2265 1317 2335 absque
1345 2263 1448 2319 ulla
1481 2263 1534 2319 in
1571 2264 1911 2335 postmodum
1946 2265 2075 2320 titu-

488 2353 730 2419 batione,
761 2371 924 2409 unum
948 2355 1150 2410 sentire
1184 2364 1516 2425 oplaremus,
1541 2366 1597 2410 et
1618 2363 1804 2411 sancta
1836 2355 2077 2410 Romana

489 2446 757 2515 Ecclesia,
783 2463 902 2518 qua:
926 2463 1141 2519 semper
1163 2447 1506 2504 immaculata
1533 2449 1752 2513 mansit,
1777 2456 1831 2503 et
1852 2448 2078 2503 Domino

486 2538 859 2609 providentiae,
899 2548 953 2595 et
981 2541 1141 2597 beato
1188 2541 1432 2613 apostolo
1458 2541 1623 2597 Petro
1641 2557 1797 2613 opem
1833 2542 2041 2596 ferente
2061 2583 2075 2607 ,

486 2630 541 2685 in
572 2629 752 2685 futuro
777 2632 1035 2699 manebit,
1062 2633 1178 2688 sine
1198 2632 1303 2688 ulla
1327 2634 1701 2689 haereticorum
1728 2632 2077 2689 insultatione

482 2726 640 2779 tirma
692 2734 749 2780 et
808 2726 1097 2782 immobilis
1144 2728 1292 2783 omni
1352 2736 1595 2799 tempore
1643 2729 1918 2800 persistat.
1982 2727 2076 2783 [lis

484 2815 667 2886 itaque
718 2817 993 2887 peractis,
1047 2817 1332 2888 diligenter
1379 2818 1720 2888 requirentes
1765 2819 1817 2873 in
1874 2829 2076 2875 sanctas

480 2919 683 2965 nostra!
723 2911 1029 2979 apostolicae
1055 2912 1200 2967 sedis
1236 2912 1459 2978 scrinio,
1502 2913 1688 2969 eadem
1719 2929 1840 2984 qua:
1874 2922 2074 2969 sanctae

483 2999 876 3055 recordationis
908 3001 1294 3071 praedecessori
1330 3018 1451 3057 meo
1482 3001 1744 3058 Silvestro
1780 3013 1905 3058 sunt
1931 3003 2072 3058 dire-

483 3095 989 3169 eta,,septuaginta
1037 3095 1175 3150 sicut
1226 3095 1571 3167 significastis
1626 3096 1858 3168 capitula
1908 3097 2072 3154 illzesa

481 3179 805 3241 invenimus.
856 3185 973 3257 Ipsa
1030 3188 1174 3242 enim
1217 3187 1390 3253 vobis,
1428 3198 1649 3259 propter
1690 3188 2065 3246 auctoritatem

480 3286 537 3334 et
568 3279 1019 3350 subscriptionem
1050 3288 1322 3336 tantorum
1358 3280 1602 3348 Patrum,
1641 3290 1697 3337 et
1725 3280 1842 3351 ejus
1886 3284 2067 3355 magni

480 3369 718 3435 concilii,
763 3370 987 3429 minime
1034 3372 1321 3427 misimus:
1356 3372 1450 3429 sed
1498 3389 1597 3444 per
1642 3375 1831 3429 eadem
1888 3390 2070 3430 coram

478 3464 849 3535 apocrisiariis
870 3465 1087 3531 vestris,
1117 3464 1217 3519 alia
1242 3465 1460 3533 similia,
1482 3466 1731 3523 eumdem
1761 3482 2065 3532 numerum,

479 3559 779 3628 eademque
806 3560 991 3623 verba,
1023 3568 1078 3613 et
1105 3559 1276 3629 ipsam
1301 3560 1755 3631 subscriptionem
1783 3559 2069 3617 continen-

480 3652 581 3717 tia,
611 3651 767 3707 vobis
795 3652 1060 3715 scribere,
1091 3661 1146 3706 et
1175 3651 1274 3708 sub
1309 3661 1457 3708 certa
1488 3653 1838 3723 stipulatione
1868 3664 1923 3709 et
1943 3671 2072 3711 con-

480 3741 790 3799 ﬁrmatione
816 3741 1032 3797 mittere
1061 3741 1389 3797 curavimus.
1424 3742 1494 3798 Et
1515 3744 1637 3813 quis
1667 3746 1865 3816 estqui
1895 3745 2073 3803 fratri-

481 3833 585 3889 bus
638 3832 765 3889 talia
844 3847 1043 3904 negare
1106 3833 1344 3888 audeat?
1410 3834 1545 3890 Nam
1597 3851 1704 3892 non
1755 3838 2071 3910 negligenda

482 3924 640 3980 nobis
678 3924 795 3979 haec
824 3939 923 3996 per
959 3917 1023 3979 εξ
1058 3924 1293 3995 Spiritus
1322 3927 1550 3998 gratiam
1587 3928 1844 3985 Dominus
1867 3929 2068 3999 docuit,

483 4016 577 4070 sed
610 4014 840 4072 fideliter
867 4016 1192 4087 exercenda,
1223 4026 1279 4072 et
1314 4016 1577 4075 fratribus
1624 4020 1988 4078 contradenda
2015 4031 2072 4078 et

481 4107 724 4165 docenda
751 4109 1045 4165 distribuit.
1100 4107 1226 4164 Haec
1256 4110 1620 4193 apostqlorum
1660 4112 1781 4167 viva
1830 4113 2067 4181 traditio,

480 4204 596 4260 haec
616 4213 701 4260 est
724 4219 851 4260 vera
875 4204 1137 4270 Charitas,
1159 4220 1281 4276 quae
1306 4206 1648 4276 praedicanda
1674 4215 1759 4261 est
1801 4215 1854 4261 et
1874 4208 2067 4278 praeci-

477 4313 586 4368 pue
612 4297 879 4370 diligenda
907 4312 972 4352 ac
1016 4296 1241 4353 f0vcnda
1279 4306 1442 4368 atque
1486 4296 1809 4354 flducialiter
1843 4299 1912 4355 ab
1947 4316 2064 4356 om-

480 4390 642 4445 nibus
675 4389 927 4445 tenenda.
954 4388 1079 4445 Haec
1119 4399 1306 4445 sancta
1331 4398 1387 4446 et
1410 4389 1705 4461 apostolica
1734 4400 1911 4448 mater
1943 4409 2062 4448 om-

464 4482 628 4537 nium
665 4481 1031 4538 Ecclesiarnm
1062 4480 1264 4538 Christi
1294 4482 1561 4547 Ecclesia,
1609 4498 1729 4553 qua:
1756 4499 1853 4555 per
1886 4485 2063 4539 omni-

477 4578 715 4648 potentis
738 4575 833 4634 Dei
856 4577 1087 4647 gratiam
1119 4593 1149 4632 a
1180 4578 1395 4633 tramite
1415 4578 1723 4649 apostolicae
1754 4580 2063 4638 traditionis

476 4684 755 4740 nunquam
791 4685 1008 4725 errasse
1044 4670 1385 4741 probabitur,
1418 4687 1519 4727 nec
1541 4671 1813 4728 haereticis
1846 4674 2061 4729 novita-

477 4761 623 4819 tibus
653 4763 997 4833 depravanda
1024 4764 1329 4831 succubuit,
1358 4765 1451 4821 sed
1487 4774 1547 4821 ut
1586 4766 1638 4820 in
1677 4767 1900 4823 exordio
1936 4783 2062 4823 nor-

475 4871 620 4910 mam
664 4856 791 4911 lidei
830 4855 1151 4912 Christianae
1194 4857 1433 4928 percepit
1481 4858 1549 4914 ab
1584 4858 1897 4915 auctoribus
1948 4860 2061 4916 suis

475 4946 840 5017 apostolorum
879 4947 1081 5004 Christi
1120 4950 1470 5022 principibus,
1512 4953 1719 5009 illibata
1770 4956 1874 5010 line
1905 4964 2061 5012 tenus

472 5049 678 5105 manet,
709 5042 1009 5097 secundum
1057 5042 1227 5111 ipsius
1262 5044 1473 5101 Domini
1495 5046 1781 5104 salvatoris
1819 5049 2056 5103 divinam

474 5131 945 5203 pollicitationem,
976 5132 1067 5201 qui
1092 5148 1315 5190 suorqu
1346 5137 1725 5210 discipulorum
1752 5141 1979 5212 principi
2003 5141 2056 5195 in

472 5221 588 5277 suis
610 5218 757 5277 fatus
777 5228 861 5276 est
891 5220 1214 5291 Evangeliis,
1246 5222 1422 5293 Petre,
1452 5229 1722 5299 inquiens,
1750 5248 1864 5287 ecce
1888 5232 2058 5288 Satan

2186 1981 2491 2052 specialiter
2532 1983 2597 2035 de
2628 1980 2875 2056 epistolis
2904 1978 3028 2036 Julii
3058 1991 3113 2037 et
3143 1980 3377 2049 Felicis,
3409 1984 3572 2054 quasi
3603 1984 3664 2038 de
3690 1999 3766 2037 ea-

2182 2074 2367 2145 pitulis
2408 2075 2599 2147 synodi
2630 2073 2860 2129 Nicaenae
2895 2073 3176 2141 confectis,
3208 2075 3401 2131 dicitis
3430 2074 3763 2146 respomlere,

2182 2184 2289 2223 non
2311 2167 2525 2222 videtur
2547 2179 2608 2221 ut
2637 2165 2767 2221 mihi
2798 2168 3192 2238 respondeatis,
3219 2167 3321 2223 sed
3340 2168 3539 2238 potius
3560 2178 3617 2222 ut
3642 2168 3764 2238 ipsos

2182 2261 2447 2317 mendacii
2499 2275 2727 2331 arguere
2772 2261 3059 2317 conemini.
3107 2260 3473 2333 Dignoscitur
3514 2278 3621 2333 quo
3650 2268 3764 2317 tem-

2179 2370 2313 2426 pore
2358 2354 2573 2411 Nicmna
2617 2355 2853 2427 synodus
2880 2364 3202 2428 congregata
3244 2363 3333 2412 est
3363 2357 3645 2427 cxcerptis
3668 2356 3764 2425 qui-

2179 2447 2403 2503 busdam
2433 2446 2781 2520 synodalibus
2801 2448 2969 2521 gestis
3015 2449 3188 2503 sancti
3219 2445 3485 2503 Silvestri
3519 2464 3682 2519 papae,
3717 2449 3761 2502 in

2179 2541 2376 2612 quibus
2406 2541 2640 2613 capitulo
2670 2543 2844 2613 primo
2876 2543 2945 2596 ita
2975 2543 3329 2597 continetur:
3366 2561 3387 2593 ι
3420 2541 3762 2613 Temporibus

2180 2634 2423 2691 Silvestri
2464 2650 2616 2707 papa:
2667 2644 2720 2691 et
2747 2634 3087 2691 Constantini
3120 2634 3357 2706 piissimi
3398 2635 3660 2707 Augusti,
3702 2633 3762 2688 la-

2178 2736 2324 2782 etum
2353 2735 2715 2797 estmagnum
2761 2727 3047 2783 concilium
3098 2728 3151 2782 in
3187 2724 3375 2782 Nicrea
3410 2726 3697 2799 Bithynia;
3721 2737 3761 2779 et

2177 2819 2487 2887 congregati
2531 2826 2658 2872 sunt
2686 2817 3009 2889 regulariter
3034 2815 3278 2886 ejusdem
3329 2816 3602 2873 Silvestri
3634 2834 3759 2889 papa

2176 2908 2457 2963 vocatione
2483 2908 2534 2962 in
2563 2909 2793 2979 idipsum
2824 2909 3050 2963 trecenti
3075 2908 3270 2964 decem
3297 2918 3356 2965 et
3380 2919 3519 2965 octo
3549 2909 3759 2981 episcopi

2175 2999 2451 3056 catliolicli
2477 3010 2530 3055 et
2562 3000 2806 3072 reliqua?
2834 3021 2851 3052 ι
2879 3000 3008 3057 Post
3028 3017 3150 3072 quae
3193 3012 3249 3057 et
3290 3003 3596 3059 subditur:
3630 3024 3649 3053 ι
3680 3002 3761 3056 Β)-

2176 3090 2296 3145 dem
2351 3105 2566 3161 quoque
2626 3087 2883 3163 tempore,
2929 3092 3140 3148 decimo
3182 3094 3359 3165 tertio
3403 3093 3752 3149 Calendarum

2174 3181 2440 3237 Juliarum
2491 3184 2599 3252 die,
2649 3185 2865 3255 quando
2892 3195 3251 3242 memoratum
3299 3203 3571 3260 magnum
3603 3188 3758 3242 cneci-

2175 3274 2308 3331 lium
2341 3275 2393 3332 in
2424 3275 2600 3333 Nicaea
2628 3288 3011 3351 congregatum
3050 3289 3154 3346 est,
3196 3282 3469 3337 canonica
3494 3283 3611 3354 jam
3637 3281 3758 3335 falas

2173 3384 2312 3441 papa
2350 3372 2667 3427 evocatione
2712 3373 2764 3428 in
2805 3373 2988 3428 urbem
3036 3372 3272 3430 Romam
3301 3377 3679 3448 congregavit,
3714 3383 3757 3429 et

2174 3462 2313 3533 ipse,
2344 3479 2466 3518 cum
2489 3464 2718 3521 consilio
2759 3464 2967 3535 priefati
3010 3464 3359 3525 Constantini
3388 3468 3649 3539 Augusti,
3676 3468 3758 3521 ita.

2174 3570 2360 3614 centos
2406 3569 2455 3614 et
2493 3561 2774 3636 sexaginta
2805 3570 3009 3632 septem
3046 3564 3355 3635 episcopos,
3391 3586 3409 3617 ι
3459 3576 3522 3621 et
3555 3577 3753 3621 cretei-2.

2173 3651 2341 3725 Cujus
2378 3670 2662 3710 successor
2704 3655 2961 3727 praefatus
2997 3673 3133 3729 papa
3166 3657 3388 3717 Marcus
3410 3660 3644 3725 exstitit,
3677 3662 3755 3731 qui

2174 3745 2240 3827 de
2268 3747 2518 3816 Cupiltllis
2569 3748 2622 3802 in
2662 3748 2878 3805 Niemna
2909 3750 3114 3822 synodo
3142 3751 3424 3823 octoginta
3454 3751 3687 3817 effectis,
3709 3765 3758 3806 et

2174 3836 2226 3891 in
2274 3838 2610 3911 septuaginta
2647 3850 2831 3911 postea
2882 3841 3131 3907 redactis,
3167 3841 3305 3897 sicut
3351 3844 3606 3913 superius
3645 3860 3756 3916 per-

2172 3920 2385 4000 scripsi,
2415 3930 2541 3987 huic
2588 3929 2731 3987 Julio
2777 3934 3080 3989 successori
3118 3942 3478 4007 protestatur.
3533 3934 3640 3992 Sed
3670 3951 3756 3991 vos

2171 4021 2408 4079 scribitis
2455 4024 2508 4079 in
2557 4024 2746 4081 iisdem
2796 4022 3374 4101 quaternionibusjita
3431 4047 3445 4083 :
3491 4027 3753 4085 Caeterum

2171 4117 2312 4184 quod
2337 4117 2388 4171 in
2413 4118 2640 4187 epistola
2664 4136 2730 4175 ex
2756 4120 2975 4176 nomine
2989 4120 3276 4176 Athanasii
3303 4133 3357 4177 et
3380 4124 3751 4195 episcoporum

2178 4206 2555 4283 Ailgyptiorum
2586 4212 2653 4267 ad
2700 4211 2938 4269 Marcum
2976 4214 3632 4277 successorem,Silvestri
3668 4217 3755 4272 ba—

2168 4301 2347 4369 betur,
2380 4304 2654 4375 octoginta
2687 4305 2852 4360 fuisse
2879 4306 3134 4377 capitula,
3163 4307 3522 4381 quadraginta
3553 4309 3755 4364 scilicet

2169 4409 2197 4446 a
2226 4392 2432 4450 Graecis
2457 4394 2644 4452 Graeca
2665 4397 2810 4452 edita
2831 4397 3033 4469 lingua,
3048 4408 3104 4453 et
3126 4398 3377 4454 similiter
3399 4400 3752 4471 quadraginta

2167 4501 2195 4540 a
2229 4485 2440 4543 Latinis
2481 4487 2674 4545 Latina
2711 4490 2852 4545 edita
2894 4490 3098 4564 lingua,
3136 4500 3190 4545 et
3238 4492 3308 4548 ab
3350 4493 3623 4565 episcopis
3653 4506 3752 4548 tre-

2169 4579 2343 4634 centis
2370 4580 2556 4635 decem
2590 4589 2645 4636 et
2694 4589 2816 4637 octo
2864 4581 2919 4637 in
2956 4581 3295 4653 septuaginta
3344 4585 3569 4639 redacta
3596 4582 3753 4638 fuisse

2167 4671 2423 4741 capitula,
2479 4672 2521 4727 si
2578 4684 2934 4728 numerentur
2982 4673 3071 4728 illa
3124 4691 3246 4745 qua:
3275 4676 3330 4731 in
3368 4675 3597 4746 epistola
3628 4674 3751 4730 Julii

2168 4762 2537 4834 designantur,
2572 4775 2626 4820 et
2656 4764 2744 4819 illa
2780 4782 2906 4836 qum
2940 4766 3218 4839 designata
3243 4768 3748 4839 prtetermittuntnr,

2167 4855 2261 4910 sed
2303 4863 2359 4910 et
2404 4855 2492 4910 illa
2536 4872 2657 4927 quae
2710 4857 2762 4912 in
2811 4858 3038 4929 epistola
3073 4858 3269 4915 Felicis
3308 4858 3567 4931 legimus,
3605 4861 3745 4932 plura

2165 4961 2327 5015 quam
2353 4949 2629 5017 octoginta
2654 4957 2705 5002 et
2734 4949 2875 5004 inter
2894 4964 2953 5005 se
2987 4949 3198 5006 diversa
3230 4950 3604 5018 inveniuntur,
3628 4961 3678 5008 et
3699 4952 3744 5005 in

2163 5038 2368 5094 eisdem
2399 5040 2640 5111 epistolis
2668 5056 2773 5096 non
2798 5041 3148 5097 inveniuntur
3174 5043 3495 5111 memorati,
3534 5042 3743 5098 minime

2166 5136 2348 5184 autem
2397 5130 2801 5198 eonnumerari,
2851 5129 2940 5186 illa
2993 5129 3227 5200 capitula
3277 5146 3402 5201 qua:
3432 5147 3498 5187 ex
3542 5129 3743 5186 Nicena

2165 5218 2394 5277 concilio
2418 5231 2628 5293 sumpta
2652 5224 2889 5279 servavit
2911 5222 3224 5294 antiquitas,
3248 5231 3303 5277 ct
3326 5222 3593 5277 hactenus
3611 5228 3741 5276 tenet
