3904 5304
27 399 153 454 ill-l5

1188 396 1550 456 OPUSCULA
1592 398 1681 455 ET
1721 400 2098 458 EPISTOLE.

3081 430 3085 435 τ
3152 406 3290 463 10ιὸ

26 525 76 574 et
100 516 215 570 ideo
241 513 331 569 hic
359 526 464 569 non
497 512 727 585 amplius
752 512 818 568 ab
848 528 912 569 eo
954 528 1116 585 quam
1149 513 1337 586 viginti
1367 526 1601 586 quatuor
1630 514 1681 579 Α
1708 517 1875 574 liante
1903 518 2121 575 valeant
2161 521 2411 588 evadere,
2446 532 2500 577 et
2540 523 2701 578 etiam
2728 535 2792 577 ea
2840 521 3061 592 insuper
3094 535 3151 575 se
3179 531 3289 577 sta-

29 612 490 671 annumerantur;
521 604 717 676 quibus
762 605 806 662 si
838 605 926 660 ilia
977 605 1164 677 viginti
1208 606 1440 678 capitula
1486 620 1605 679 quin

29 700 283 756 habemus
335 696 732 762 adsciscantur,
789 694 926 752 fiunt
966 696 1321 768 quadraginta
1353 707 1607 768 quatuor,

28 803 77 850 et
99 807 199 847 non
217 788 433 862 explent
467 789 840 863 septuaginta:
871 797 1072 861 quanto
1103 788 1284 845 minus
1308 788 1605 862 octoginta,

29 896 75 941 et
129 901 232 939 non
289 884 550 955 probatur
602 883 706 939 iste
757 882 845 939 hic
884 881 938 936 in
981 882 1294 937 excedenda
1324 895 1609 937 numerum

30 977 203 1033 falsus.
235 976 388 1045 Quod
424 984 602 1032 tamen
630 975 939 1043 addidistis,
974 974 1081 1031 Sed
1138 982 1192 1030 et
1248 975 1336 1031 illa
1393 990 1513 1047 quae
1555 976 1609 1031 in

29 1067 241 1139 epistola
276 1067 472 1123 Felicis
513 1068 787 1141 leguntur,
820 1067 1073 1124 videlicet
1110 1074 1171 1123 ut
1203 1067 1249 1123 si
1273 1065 1392 1123 istis
1417 1066 1606 1137 adjun-

30 1172 231 1234 gantur,
276 1161 428 1234 plura
453 1176 616 1233 quam
648 1162 937 1237 octoginta.
956 1162 1100 1216 inter
1130 1176 1188 1219 sc
1217 1161 1427 1217 diversa
1463 1161 1610 1216 invea

29 1257 254 1315 nientur.
299 1269 404 1309 non
436 1256 629 1310 attinet
680 1255 919 1322 adrem;
969 1256 1226 1326 quoniam
1279 1254 1429 1311 Felix
1480 1262 1607 1312 ante

28 1363 241 1402 suorum
262 1347 619 1417 digestionem
640 1347 1000 1418 capitulorum
1027 1347 1100 1402 ita
1128 1346 1395 1417 praemisit
1414 1345 1605 1418 (Epist.

34 1445 67 1509 ι)
94 1456 107 1494 :
139 1464 158 1490 ‹
186 1440 514 1512 Incipiamus
536 1439 698 1511 igitur
724 1437 1008 1508 adiuvante
1038 1438 1151 1495 Deo
1169 1444 1224 1493 et
1240 1444 1429 1495 sancto
1450 1439 1615 1496 Petro

30 1535 287 1603 apostolo,
326 1548 424 1604 per
453 1548 613 1603 quem
642 1541 697 1588 et
729 1532 1062 1603 apostolatus
1089 1540 1146 1588 et
1178 1533 1522 1604 episcopatus
1555 1533 1609 1587 in

28 1627 238 1681 Clu-isto
260 1624 424 1697 carpit
444 1626 749 1693 exordium,
782 1626 1040 1697 quoniam
1058 1626 1243 1696 plures
1269 1640 1411 1697 saepe
1432 1638 1611 1681 emer-
1676 1628 1681 1633 ’

32 1730 208 1774 serunt
242 1734 443 1784 causa,
485 1732 607 1788 qua:
651 1719 702 1773 in
744 1717 1069 1789 quibusdam
1106 1733 1212 1774 non
1251 1726 1408 1774 erant
1435 1730 1614 1774 causa!

27 1795 120 1867 sed.
154 1812 403 1874 crimina,
437 1810 564 1882 quia
614 1811 787 1883 magis
823 1819 885 1867 ut
909 1802 1295 1881 comperimus'
1323 1811 1612 1882 iniquitate

1714 618 1883 677 tuere,
1942 626 2062 682 qua
2106 613 2175 667 ab
2218 627 2283 669 co
2310 612 2377 669 ab
2407 613 2487 670 eis
2526 612 2848 686 petebantur
2898 627 2997 685 pro
3038 613 3293 669 instantis

1678 703 1971 774 temporis
2022 705 2365 761 necessitate.
2420 704 2478 762 Si
2510 716 2639 761 vero
2673 705 2739 762 de
2783 705 2869 761 his
2920 710 3189 778 ageretur,
3226 705 3295 761 de

1710 792 1908 864 quibus
1929 793 2017 849 illa
2036 794 2226 867 viginti
2248 796 2484 869 capitula
2504 795 2706 853 Νεεωηί
2736 795 2954 853 concilii
2977 796 3291 861 desernant,

1712 900 1833 958 quat-
1862 888 2062 958 passim
2093 888 2382 956 habentur,
2410 887 2761 945 nihilominus
2796 898 2857 946 et
2887 888 3004 960 ipsa
3024 894 3150 944 eum
3178 888 3297 943 luce

1712 979 1945 1036 lucidius
1983 979 2126 1037 lucet
2167 988 2593 1054 assumpturum.
2636 978 2745 1039 Sed
2775 989 2830 1038 et
2874 979 3049 1037 Julius
3075 986 3295 1037 causam

1672 1067 1681 1073 ’
1713 1068 1963 1128 similiter
1986 1079 2038 1127 et
2063 1071 2315 1158 similem,
2339 1089 2440 1129 cur
2479 1071 2595 1146 ipsa
2621 1072 2812 1145 viginti
2838 1078 3073 1144 quatuor
3096 1076 3294 1158 posue-i

1713 1164 1785 1220 rit
1831 1162 2088 1234 capitula,
2120 1152 2243 1221 non
2269 1164 2449 1221 minus
2494 1165 2773 1223 evidenter
2826 1162 3088 1236 propalat.
3142 1152 3298 1232 Quod

1713 1256 1887 1328 liquet
1911 1258 1964 1313 in
1985 1256 2668 1315 eouhinumeritramitem
2698 1272 2804 1315 non
2833 1256 3090 1324 custodit,
3119 1255 3215 1313 sed
3233 1266 3301 1309 ea

1717 1355 1922 1405 tantum
1943 1364 2065 1420 quae
2090 1350 2156 1406 de
2183 1360 2242 1406 re
2269 1365 2390 1424 quae
2411 1348 2675 1423 agebatur
2699 1349 3116 1414 conveniebant,
3139 1344 3301 1403 sicuti

1714 1443 1957 1501 omnium
2006 1450 2090 1500 est
2149 1458 2308 1518 agere
2347 1445 2629 1502 annexuit.
2682 1442 2953 1500 Prasmisit
2996 1441 3147 1499 enim
3183 1440 3303 1496 luet!

1716 1536 1909 1607 (Epist.
1938 1538 2002 1609 ιι)
2033 1555 2046 1591 :
2080 1548 2101 1590 ‹
2136 1528 2299 1594 Tales
2327 1539 2473 1594 enim
2501 1537 2844 1595 insidiatores
2879 1535 3074 1609 spiritu
3108 1533 3304 1607 praeﬁ-

1716 1632 1905 1688 dentes
1935 1630 2111 1687 sancti
2139 1630 2330 1689 Patres
2373 1631 2428 1687 in
2458 1631 2637 1689 Nicaea
2664 1630 3001 1704 congregati,
3022 1628 3171 1700 leges
3192 1630 3304 1683 sta—

1717 1734 1957 1791 tuerunt,
2008 1739 2146 1796 quas
2190 1739 2290 1782 nos
2344 1740 2580 1782 canones
2636 1725 2988 1797 appellamus,
3030 1735 3101 1779 ne
3148 1719 3307 1777 facile

1715 1818 1871 1889 probi
1901 1819 1968 1873 ab
1998 1818 2257 1888 improbis
2290 1817 2711 1875 damnarentur:
2744 1824 2812 1874 ex
2843 1814 3041 1888 quibus
3077 1812 3309 1871 nonnul-

30 1919 181 1975 quam
226 1904 495 1958 charitate
528 1902 810 1959 fratribus
854 1910 980 1959 sunt
1020 1903 1304 1975 impositae.
1360 1902 1426 1958 Et
1454 1910 1512 1957 ut
1543 1904 1613 1959 de

1728 1929 1795 1967 as
1836 1912 2131 1968 sententias
2180 1912 2268 1968 hic
2314 1912 2481 1969 inseri
2520 1910 2909 1982 indicavimus,
2944 1916 3003 1965 ut
3030 1915 3311 1970 tantorum

28 2008 219 2051 cetero
276 1995 585 2051 sollicitudo
625 1997 697 2050 sit
743 2011 813 2052 ne
845 1995 971 2051 talia
998 1995 1340 2066 proveniant,
1377 1994 1613 2066 capitula

28 2087 267 2158 quaedam
321 2101 352 2140 a
405 2086 610 2142 sanctis
654 2084 928 2152 Patribns,
986 2098 1109 2155 qua:
1148 2092 1261 2139 tam
1307 2084 1362 2139 in
1398 2084 1614 2139 Nic-cna

30 2181 253 2254 synodo,
289 2194 453 2252 quam
481 2189 537 2235 et
564 2179 619 2234 in
653 2180 757 2234 hac
796 2187 983 2235 sancta
1019 2177 1147 2237 sede
1168 2178 1464 2234 constituta
1491 2185 1621 2233 sunt

27 2288 306 2344 ponamus,
356 2272 558 2342 quibus
596 2269 798 2325 fratres
847 2278 903 2324 et
937 2267 1243 2339 coepiscopi
1284 2267 1457 2321 nostri
1498 2262 1617 2321 fulti

32 2365 253 2421 insidias
299 2365 643 2423 inimicorum
674 2360 905 2418 Domino
930 2362 1224 2417 auxiliante
1244 2359 1459 2416 valeant
1495 2372 1621 2415 eva-

32 2458 172 2523 dere,
214 2464 271 2510 et
312 2462 474 2527 prout
513 2456 776 2512 Dominus
807 2469 969 2527 posse
1014 2454 1239 2523 dederit,
1272 2454 1621 2526 paucioribus

31 2550 207 2606 verbis
234 2556 507 2604 tantorum
533 2550 798 2604 malorum
827 2548 1105 2604 imitemur
1132 2547 1527 2619 compendium,
1567 2555 1624 2602 et

37 2641 267 2698 strictim
316 2652 439 2709 qua:
496 2639 554 2694 in
620 2638 898 2694 volumine
945 2638 1254 2693 litterarum
1314 2644 1622 2692 vestrarum

35 2733 390 2807 comperimus
420 2740 798 2797 retractemus,
843 2740 899 2786 et
928 2730 1032 2786 alia
1070 2728 1323 2786 nonnulla
1370 2729 1624 2786 instantis

34 2824 289 2896 temporis
321 2822 626 2880 ncwssaria
658 2830 821 2895 prout
847 2822 1030 2894 petitis
1057 2832 1339 2894 ponamus.
1387 2841 1405 2875 ι
1451 2820 1521 2875 Et
1545 2820 1629 2876 sic

34 2906 414 2993 persequitur:
450 2936 471 2972 ‹
519 2919 619 2975 Est
658 2933 895 2989 namque
942 2916 1291 2991 synodalibus
1343 2917 1623 2973 decretum

37 3013 316 3080 institutis,
354 3032 374 3066 ι
408 3018 461 3069 ct
514 3021 733 3068 caetera.
780 3010 898 3068 Non
956 2997 1089 3085 ergo
1145 3011 1283 3068 dixit
1324 3012 1505 3068 omnia
1536 3008 1626 3066 illa

38 3121 151 3178 quae
174 3107 358 3180 posuit
386 3120 451 3162 ex
480 3104 702 3162 Nicaeno
737 3104 967 3161 concilio
1000 3112 1296 3177 assumpta,
1342 3111 1405 3159 ut
1430 3119 1496 3159 ex
1523 3103 1629 3159 hoc

40 3209 144 3256 tam
169 3202 347 3272 ipsum
370 3198 746 3272 quamJulinm
769 3197 1018 3255 refellere
1044 3198 1266 3270 possitis
1299 3214 1313 3253 :
1341 3197 1435 3254 sed
1463 3195 1623 3262 dixit,

44 3297 285 3367 quaedam
314 3304 424 3351 tam
447 3310 511 3351 ex
544 3293 762 3349 Nicmno
788 3292 1037 3357 concilio,
1067 3306 1229 3362 quam
1273 3306 1339 3348 ex
1393 3288 1481 3346 his
1508 3303 1631 3359 quae
1655 3260 1701 3324 Ο

42 3388 95 3445 in
129 3399 318 3445 sancta
364 3384 610 3443 Romana
641 3387 769 3444 sede
799 3383 1091 3442 constituta
1123 3389 1271 3447 sunt,
1311 3395 1517 3454 ponere
1548 3394 1628 3446 se,

45 3496 293 3557 qumnon
319 3476 547 3537 minoris
573 3477 688 3553 fere
719 3472 983 3550 judicavit
1006 3475 1374 3534 auctoritatis.
1406 3472 1635 3543 Insuper

43 3585 94 3630 et
121 3574 350 3641 addidit,
374 3582 430 3631 et
457 3572 561 3629 alia
591 3572 849 3630 nonnulla
879 3571 1132 3628 instantis
1158 3569 1419 3641 temporis
1446 3583 1636 3624 neces-

45 3671 185 3726 saria
240 3679 405 3742 prout
452 3670 780 3741 petebantur
838 3666 1108 3737 ponenda.
1168 3661 1283 3719 Hoc
1327 3661 1528 3719 etenim
1581 3668 1636 3716 et

43 3763 467 3833 praedecessorcs
509 3770 564 3817 et
597 3744 942 3817 successores
980 3758 1060 3814 sui
1090 3755 1158 3811 ab
1184 3754 1345 3811 initio
1371 3752 1632 3819 fecerunt,

47 3863 98 3908 et
120 3869 292 3926 usque
337 3848 391 3909 in
422 3853 583 3909 finem
637 3848 831 3908 facturi
855 3856 999 3916 sunt,
1034 3857 1096 3904 ut
1118 3863 1217 3921 pro
1248 3846 1469 3904 instanti
1503 3852 1637 3901 tentt-
1674 3834 1681 3837 ’

46 3958 235 4015 porum
260 3946 607 4012 necessitate,
639 3952 693 4000 et
718 3944 1015 4001 constituta
1044 3944 1325 4005 renovent,
1351 3946 1405 3996 et
1430 3938 1635 3995 consti-

50 4040 241 4095 tuenda
279 4036 637 4096 constituant.
677 4036 790 4094 Hac
817 4035 962 4092 enim
995 4035 1205 4091 ratione
1234 4047 1425 4090 omnes
1448 4032 1638 4088 decre-

51 4130 182 4188 tales
221 4130 464 4207 epistolae
519 4146 619 4204 pro
675 4129 904 4187 diversis
953 4127 1367 4185 necessitatibus
1408 4125 1638 4182 diversis

51 4233 173 4281 sunt
203 4226 510 4282 constitutae
545 4223 894 4298 temporibus.
944 4221 1098 4279 Unde
1128 4219 1513 4278 venerabiliter
1556 4233 1641 4276 se-

54 4320 282 4376 cundum
332 4321 548 4376 beatum
590 4315 869 4375 Gelasium
921 4324 1049 4373 sunt
1106 4304 1456 4386 recipiendae,
1497 4321 1552 4369 et
1594 4312 1640 4367 si

57 4413 395 4486 recipiendae,
446 4410 630 4485 utique
681 4410 1095 4483 amplectenda,
1149 4423 1213 4464 ac
1267 4407 1336 4463 ab
1389 4396 1682 4462 omnibus

57 4507 215 4562 etiam
243 4505 627 4563 venerabiliter
654 4500 987 4560 obediendae.

127 4595 277 4665 Quod
318 4597 482 4654 etiam
526 4596 761 4661 dixistis,
795 4595 921 4665 quia
970 4594 1116 4649 inter
1154 4606 1213 4649 se
1249 4591 1461 4648 diversa
1490 4591 1640 4646 inve-

60 4686 295 4757 niuntur,
310 4686 519 4745 scilicet
542 4703 605 4744 ea
626 4700 747 4759 quae
769 4682 943 4741 Julius
966 4698 1105 4757 papa
1130 4682 1328 4755 posuit,
1358 4690 1413 4737 et
1432 4695 1497 4736 ea
1522 4694 1642 4751 quac

62 4779 226 4845 Felix.
256 4782 300 4837 si
330 4781 539 4837 diversa
562 4792 662 4850 pro
690 4774 942 4843 diversis,
981 4783 1166 4848 utpote
1191 4782 1358 4846 prout
1388 4773 1441 4829 in
1464 4772 1645 4828 unius-

63 4873 319 4945 cujusque
344 4882 588 4944 tempore
631 4885 721 4927 res
750 4868 968 4936 accidit,
1024 4865 1248 4941 intelligi
1278 4864 1463 4932 vultis,
1508 4865 1644 4922 bene

66 4986 119 5025 se
144 4971 320 5028 habet.
368 4966 465 5031 Sin
509 4960 691 5034 aliter,
743 4965 899 5036 quasi
945 4962 1221 5022 adversari
1271 4962 1374 5020 sibi
1412 4960 1643 5016 invicem

72 5079 147 5084 ,.-,,
170 5065 319 5084 ...-..',-
362 5061 638 5084 -ι-ι..Α-..ΙΑ
672 5060 904 5084 -.ξι1ηλο.σ.

1281 5055 1409 5084 επητι
1439 5053 1610 5084 unan
1622 5081 1642 5084 Α
1688 5068 1689 5075 ι

1715 2004 1938 2060 Patrum
1976 2005 2297 2061 auctoritate
2337 2013 2522 2059 nostra
2555 2005 2907 2061 roboraretur
2946 2000 3199 2074 epistola,
3224 1998 3304 2056 at-

1717 2112 1823 2167 que
1850 2112 2038 2152 omnes
2063 2094 2364 2153 Orientales
2393 2098 2506 2153 sive
2546 2096 2877 2168 reliquarum
2913 2094 3153 2166 partium
3190 2092 3304 2164 epi-

1719 2188 1888 2260 sc0pi,
1917 2188 2033 2243 haec
2059 2184 2340 2243 audientes
2371 2187 2424 2242 in
2451 2194 2652 2242 tantam
2674 2184 2887 2242 foveam
2911 2201 3017 2242 non
3043 2184 3305 2248 incidant,

1718 2294 1787 2335 ne
1831 2278 2232 2334 damnationem
2263 2293 2291 2333 a
2324 2277 2574 2334 Patribus
2599 2279 2874 2334 decretam
2924 2275 3245 2348 percipiant.
3284 2290 3304 2327 ι

1720 2371 1788 2427 Ει
1817 2370 1895 2427 sic
1934 2378 2235 2441 sequuntur
2272 2369 2359 2425 illa
2389 2385 2455 2426 ex
2482 2370 2796 2441 praescripto
2835 2368 3064 2425 concilio
3091 2366 3313 2423 Nicaeae

1723 2462 1961 2534 capitula
2000 2462 2067 2517 de
2109 2460 2447 2534 septuaginta
2479 2460 2730 2532 capitulis
2764 2458 3042 2515 deﬂorata.
3093 2458 3160 2515 Et
3184 2470 3313 2514 ecce

1723 2554 1849 2624 quia
1878 2554 1945 2609 de
1976 2552 2384 2608 insidiatoribus
2413 2552 2696 2623 agebatur,
2713 2551 2854 2623 quod
2884 2560 3073 2607 contra
3095 2548 3320 2606 insidiae

1726 2656 1874 2702 tores
1905 2646 2166 2719 pertinuit
2209 2644 2515 2717 descripsit.
2544 2643 2772 2716 Utrique
2807 2643 2897 2700 isti
2920 2650 2982 2700 ut
3017 2642 3314 2715 prudentes

1726 2747 1954 2812 egerunt
1979 2738 2192 2794 medici.
2214 2737 2560 2809 Unaquzeque
2574 2737 2717 2792 enim
2732 2735 3021 2792 infirmitas
3036 2734 3315 2807 propriam

1725 2832 1956 2904 requirit
1995 2830 2341 2887 medicinam.
2372 2828 2527 2898 Quod
2554 2844 2790 2900 namque
2820 2828 3053 2891 dixistis,
3088 2826 3314 2883 minime

1728 2927 1784 2982 in
1827 2925 2055 2981 istorum
2084 2923 2326 2996 epistolis
2355 2922 2588 2994 capitula
2616 2919 2820 2978 Nicani
2848 2920 3061 2977 concilii
3102 2934 3167 2976 ea
3194 2931 3314 2990 quae

1728 3018 1991 3075 habemus
2014 3015 2414 3081 connumerari,
2458 3015 2645 3073 nescio
2668 3014 2796 3087 quid
2819 3014 2923 3071 sibi
2945 3014 3061 3069 vult
3088 3012 3313 3069 dictum.

1730 3110 1869 3166 Nam
1913 3110 2089 3168 Julius
2118 3127 2274 3183 papa,
2306 3122 2366 3166 ut
2406 3110 2710 3182 praelibavi,
2749 3107 3085 3182 designative
3127 3105 3319 3178 viginti

1731 3213 1964 3267 quatuor
1999 3211 2205 3258 tantum
2234 3202 2434 3273 posuit,
2479 3199 2631 3256 Felix
2657 3214 2791 3256 vero
2828 3199 2975 3271 quod
2998 3212 3065 3255 ex
3102 3196 3322 3254 Memno

1733 3292 1984 3358 concilio,
2018 3294 2260 3364 posuerit
2285 3307 2391 3347 non
2430 3300 2673 3363 apparet,
2695 3291 2822 3361 quia
2848 3291 2963 3361 ipse
2985 3304 3093 3345 non
3116 3289 3321 3344 discere

1733 3389 1834 3454 nit,
1865 3387 1989 3443 dum
2016 3395 2125 3441 tam
2154 3398 2221 3440 ex
2263 3384 2481 3440 Nicaeno
2506 3382 2759 3449 concilio,
2788 3397 2953 3453 quam
2982 3394 3055 3435 ex.
3089 3380 3181 3436 his
3198 3392 3319 3449 quae

1734 3482 1789 3538 in
1819 3488 2008 3537 sancta
2044 3479 2284 3534 Romana
2319 3477 2445 3533 sede
2473 3476 2772 3532 constituta
2809 3474 3043 3540 fuerant,
3077 3479 3131 3527 et
3155 3471 3319 3527 etiam

1735 3571 1989 3628 nonnulla
2032 3585 2151 3643 qua:
2190 3570 2328 3640 ipse,
2355 3578 2513 3639 prout
2561 3566 2662 3638 ipsi
2703 3564 2959 3637 petebant
2992 3562 3085 3633 qui
3107 3575 3213 3634 pro
3236 3562 3323 3615 in-

1735 3666 1929 3723 stantis
1976 3664 2233 3735 temporis
2284 3662 2611 3719 necessitate
2647 3657 2981 3731 indigebant,
3019 3655 3231 3721 statuit,
3264 3666 3324 3710 se

1733 3761 1979 3832 posuisse
2035 3774 2141 3814 non
2184 3757 2367 3813 tacuit.
2426 3754 2541 3811 Nec
2582 3752 2776 3825 conjici
2824 3759 3024 3824 potest,
3065 3747 3323 3820 quoniam

1736 3853 2126 3926 plenitudinem
2155 3849 2497 3922 septuaginta
2520 3845 2881 3918 capitulorum
2913 3859 3021 3899 non
3036 3841 3322 3907 habemus,

1736 3950 1783 4006 si
1830 3950 1936 4005 duo
1967 3946 2049 4003 vel
2077 3946 2175 4002 tria
2226 3959 2317 4002 seu
2344 3951 2577 4014 quatuor
2615 3946 2709 3996 aut
2758 3940 2945 3996 decem
2990 3950 3061 3992 ex
3107 3932 3331 3989 Nicaeno

1738 4040 1969 4099 concilio
1990 4038 2232 4112 posuerit
2258 4034 2511 4108 capitula,
2539 4033 2623 4089 vel
2651 4047 2719 4088 eo
2750 4030 3002 4104 amplius,
3029 4027 3326 4100 quiapow

1740 4140 1826 4190 rat
1855 4130 2047 4204 viginti
2089 4142 2184 4186 sex
2215 4138 2415 4200 ponere
2446 4125 2738 4181 secundum
2798 4120 2961 4177 tidem
3002 4117 3238 4184 numeri,
3274 4124 3331 4173 et

1740 4229 2085 4280 remanercnt
2117 4219 2273 4277 nobis
2294 4226 2481 4274 nostra
2507 4230 2627 4286 quas
2651 4212 2914 4270 trahemus
2936 4224 3104 4282 penes
3124 4219 3224 4263 nos
3248 4207 3331 4261 vi-

1741 4318 1875 4390 ginti
1907 4313 2162 4387 capitula.

1814 4409 1981 4481 Igitur
2007 4406 2152 4479 quod
2180 4404 2344 4460 etiam
2373 4412 2426 4459 et
2449 4416 2546 4458 vos
2570 4401 2623 4456 in
2646 4398 2849 4456 eisdem
2878 4391 3329 4467 quaternionibus

1742 4520 1806 4560 ex
1829 4501 2069 4573 ejusdem
2097 4512 2247 4570 papae
2268 4496 2394 4552 Julii
2420 4492 2647 4565 epistola
2666 4489 2946 4565 posuistis,
2968 4485 3205 4557 qualiter
3227 4481 3331 4539 sibi

1745 4597 2016 4654 cohmreat
2056 4589 2374 4647 intuendum
2421 4593 2523 4642 est.
2555 4585 2697 4641 Aitis
2726 4582 2912 4639 enim:
2943 4595 2965 4631 ιη
2991 4578 3070 4633 De
3102 4576 3208 4632 hoc
3236 4586 3334 4628 an-

1750 4696 1857 4745 tem
1880 4685 2025 4757 quod
2046 4679 2516 4738 reverentissimns
2540 4674 2717 4732 Julius
2737 4676 2791 4732 in
2813 4669 3043 4746 epistola
3062 4666 3333 4757 sua-dicit,

1748 4784 1906 4856 plura
1934 4779 2001 4835 de
2026 4778 2114 4833 his
2138 4775 2348 4834 scilicet
2365 4770 2618 4843 capitulis
2637 4769 2868 4828 Nicaeum
2888 4761 3085 4856 εἶξιοῶ
3104 4759 3231 4817 ideo
3248 4756 3345 4856 hic

1749 4847 1857 4932 non
1902 4868 2256 4935 inseruimus,
2305 4881 2372 4923 ne
2400 4876 2638 4919 vacuare
2669 4864 2900 4922 vilemve
2944 4852 3125 4909 facere
3143 4847 3344 4922 prai-

1748 4979 1897 5026 ctam
1919 4962 2186 5038 synodum
2216 4962 2548 5020 videremur,
2581 4967 2676 5014 aut
2716 4952 2999 5016 fastidium
3041 4941 3356 5038 legentibus

2810 5049 2859 5084 ,ἢ
2907 5038 3039 5084 «min
3079 5041 3263 5084 autem
3292 5028 3365 5083 de

1753 5056 2207 5084 --.ηΕΑ-ιιζιιι-ιρηιια
2252 5055 2454 5084 θιιιυΔωθ
2500 5048 2767 5084 Αῗὶῖαθῆιιισ
