3904 5304
469 457 609 516 1οᾹ7
688 487 697 498 ~

1499 456 1831 515 HINCMARI
1869 451 2360 516 LUGDUNENSIS
2399 455 2721 514 EPISCOPI.

3628 457 3750 514 ωας

468 571 609 628 tiora
636 569 847 638 haberi,
888 579 944 628 et
972 570 1324 628 nihilominus
1351 578 1581 628 testatur
1617 587 1683 630 ea
1711 587 1832 644 quae
1858 571 2056 645 prabdi-
2085 575 2144 636 Α
2170 567 2278 626 Sed
2299 568 2473 626 Julius
2493 579 2550 627 et
2574 585 2638 626 ea
2672 583 2792 641 quae
2823 568 2925 626 sibi
2955 577 3085 626 tunc
3109 570 3477 643 competentia
3503 569 3623 628 visa
3644 585 3754 629 sunt

465 663 550 719 ait
578 663 630 718 in
661 662 852 718 eodem
879 677 1042 734 posse
1073 663 1328 730 inveniri,
1359 672 1415 720 et
1439 678 1537 720 vos
1574 662 1820 720 fatemini
1850 679 1881 718 a
1910 662 2059 718 nullo

465 757 574 814 hoc
619 769 740 812 esse
785 754 1288 823 eontradicendum,
1327 756 1454 828 quia
1481 757 1583 812 nisi
1622 757 1737 827 ipsa
1766 771 1887 827 quae
1907 755 2060 811 misit

464 848 715 915 haberet,
757 847 975 904 mittere
999 847 1309 905 nullomodo
1336 857 1571 920 poterat.
1599 848 1666 904 Et
1693 848 1962 919 quomodo
2003 847 2060 902 in

464 941 671 999 eisdem
715 949 906 1014 postea
933 941 1385 1014 quaternionibus
1427 941 1689 1008 scribitis,
1715 941 1860 1012 quod
1889 940 2060 996 mani-

463 1035 662 1090 festum
691 1047 776 1090 eSl.
800 1034 1011 1090 nonnisi
1045 1043 1253 1090 tantum
1294 1035 1484 1106 viginti
1514 1048 1633 1104 quae
1668 1033 1932 1088 habemus
1959 1047 2055 1088 ca-

461 1127 632 1198 pitula
663 1126 828 1184 fuisse
857 1126 912 1182 in
950 1126 1168 1182 Nieaano
1209 1126 1443 1182 concilio
1487 1125 1821 1182 constituta?
1851 1122 2058 1181 Verum

461 1227 520 1274 et
555 1218 994 1292 longissimarum
1031 1227 1254 1275 aetatum
1284 1233 1353 1273 ex
1395 1217 1616 1288 antiqua
1665 1216 2058 1274 consuetudine

460 1311 673 1383 prolixa
703 1321 969 1385 tempora,
1000 1328 1100 1384 per
1119 1327 1239 1384 quae
1262 1311 1432 1384 ipsius
1457 1311 1672 1368 concilii
1699 1311 1816 1367 haec
1846 1319 2055 1367 tantum

459 1405 650 1477 viginti
673 1406 908 1478 capitula
938 1405 1093 1462 fuere
1123 1413 1393 1478 suscepta,
1418 1405 1601 1460 verbis
1628 1402 2056 1475 historiograpbi

459 1496 662 1562 Rufini,
705 1513 827 1569 quae
864 1499 1276 1555 indubitabilem
1309 1497 1514 1553 faciunt
1534 1496 1715 1553 ﬁdem.
1753 1495 2058 1564 Utrumque

457 1603 568 1642 non
588 1588 855 1657 procedit,
879 1590 1006 1660 quia
1026 1590 1072 1646 si
1105 1598 1313 1645 tantum
1334 1588 1523 1661 viginti
1545 1586 1780 1659 capitula
1807 1595 2058 1658 suscepta

459 1681 631 1738 fuisse
672 1699 740 1739 ex
769 1683 948 1740 verbis
977 1684 1399 1755 historiographi
1434 1681 1772 1739 indubitabili
1803 1681 1910 1738 fide
1935 1695 2059 1738 ere-

459 1777 680 1842 dantur,
704 1778 1186 1834 contradicendum
1212 1779 1318 1832 erit
1342 1775 1502 1840 Julio,
1533 1776 1626 1846 qni
1659 1775 1852 1831 asserit
1885 1774 1951 1830 de
1972 1773 2058 1829 his

459 1869 724 1939 ampliora
747 1878 909 1940 atque
930 1869 1347 1936 abundantiora,
1376 1869 1506 1940 quin
1531 1884 1748 1940 quoque
1773 1875 1829 1923 et
1846 1883 1915 1922 ea
1935 1882 2056 1938 quae

2170 679 2238 720 ex
2267 663 2483 721 Nicmna
2517 665 2810 736 assumpsit
2855 665 3080 738 synodo,
3109 664 3256 720 velut
3282 665 3399 737 ipse
3427 665 3531 728 ait.
3562 674 3622 721 ut
3653 676 3755 723 tan-

2135 824 2138 828 _
2169 764 2350 812 torum
2393 756 2618 812 Patrum
2662 757 2988 814 auctoritate
3015 773 3111 814 sua
3138 759 3495 815 roboraretur
3523 761 3752 832 epistola,

2169 846 2327 902 etilla
2350 863 2470 919 quae
2484 862 2582 919 pro
2603 847 2856 904 instantis
2882 849 3144 919 temporis
3170 851 3501 906 necessitate
3527 852 3758 909 addenda

2171 950 2350 1008 erant,
2379 943 2520 998 sicut
2543 950 2599 998 et
2625 958 2757 999 suns
2783 956 3068 1000 successor
3093 942 3268 1010 Felix,
3302 946 3603 1016 exterique
3637 964 3759 1018 pra.

2171 1038 2487 1094 decessores
2513 1053 2578 1094 ac
2603 1052 2948 1094 successores
2967 1037 3231 1104 fecerunt,
3259 1039 3560 1110 apostolica
3592 1052 3761 1099 aucto-

2170 1131 2333 1188 ritate
2361 1131 2736 1188 constituendo
2769 1131 3038 1203 apposuit.

2242 1223 2394 1292 Quod
2419 1231 2599 1279 autem
2621 1223 2852 1280 subditis
2877 1243 2890 1278 :
2923 1244 2943 1278 ι
2970 1223 3040 1281 Et
3066 1227 3111 1281 si
3133 1225 3202 1282 de
3222 1229 3615 1300 appellatione,
3634 1231 3764 1288 sicut

2166 1317 2223 1372 in
2275 1316 2586 1374 Sardicensi
2634 1317 2865 1374 concilio
2910 1317 3265 1376 constitutum
3310 1333 3417 1387 est,
3453 1323 3509 1378 in
3552 1323 3764 1381 Nierno

2168 1408 2402 1464 concilio
2447 1407 2639 1465 fuisset
2666 1417 2826 1466 antea
2857 1418 3141 1478 statutum,
3186 1412 3338 1468 nulla
3384 1413 3631 1484 perforet
3679 1431 3762 1470 ne-

2168 1503 2419 1570 cessitas,
2458 1511 2519 1558 ut
2543 1503 2742 1560 iterum
2773 1504 2828 1559 in
2854 1504 2959 1562 hoc
2985 1505 3218 1563 concilio
3246 1505 3372 1563 inde
3401 1508 3762 1564 constituere-

2169 1604 2298 1652 tur:
2325 1595 2420 1652 sed
2445 1595 2588 1652 sicut
2630 1595 2684 1651 in
2718 1596 2838 1654 aliis
2880 1598 3127 1656 conciliis
3168 1599 3371 1672 legitur
3413 1602 3760 1664 scriberetur,

2166 1687 2423 1745 videlicet
2447 1697 2509 1744 ut
2531 1703 2595 1745 ea
2627 1703 2749 1760 quae
2779 1699 2905 1746 sunt
2932 1691 2989 1746 in
3034 1690 3257 1750 Nieaeno
3285 1693 3526 1749 concilio
3572 1697 3765 1751 consti-

2125 1789 2285 1855 ‘tuta
2329 1782 2398 1837 ab
2440 1781 2691 1838 omnibus
2764 1794 3178 1841 conserventur.
3238 1805 3258 1840 ι
3318 1787 3566 1857 Apparet
3638 1789 3757 1858 quia

2166 1873 2476 1931 nullatenus
2507 1874 2727 1932 creditis
2764 1874 2937 1930 tribus
2960 1876 3203 1947 przefatis
3229 1879 3484 1943 testibus,
3515 1880 3660 1949 quod
3696 1881 3756 1933 de

455 1962 710 2032 praedixit
735 1962 789 2017 in
812 1961 1056 2016 Romano
1083 1961 1283 2018 scrinio
1301 1977 1462 2032 posse
1483 1961 1733 2024 inveniri,
1760 1975 1883 2032 quas
1906 1959 2048 2015 idem
2080 1971 2132 2033 Β
2161 1968 2520 2040 appellatione
2535 1967 2912 2038 episcoporum
2936 1969 3001 2024 ad
3015 1967 3277 2026 Romanae
3299 1971 3447 2026 sedis
3461 1971 3757 2026 antistitem

457 2057 515 2112 in
562 2057 792 2128 epistola
831 2073 927 2113 sua
954 2072 1012 2114 se
1050 2065 1280 2113 testatur
1312 2073 1417 2112 non
1455 2055 1834 2127 assumpsisse,
1860 2069 1930 2111 ne
1955 2069 2052 2109 va-

457 2162 621 2203 cuare
662 2148 892 2204 vilemve
941 2148 1118 2205 facere
1161 2149 1474 2220 prmdictam
1506 2149 1794 2221 synodum,
1845 2147 2054 2203 scilicet

455 2238 752 2309 Nicaenam,
779 2242 1072 2299 videretur.
1108 2243 1339 2300 Rectum
1369 2251 1454 2298 est
1481 2257 1628 2313 ergo,
1669 2251 1727 2296 ut
1759 2240 1838 2296 illi
1871 2241 2054 2313 potius

455 2334 733 2400 credatur,
769 2335 856 2391 cui
893 2336 1046 2392 testis
1095 2344 1179 2392 est
1208 2336 1325 2407 ipsa
1354 2335 1642 2402 Divinitas,
1671 2349 1791 2404 quae
1819 2349 2054 2405 spopon-

455 2427 556 2493 dit,
586 2428 674 2482 ubi
697 2426 901 2484 fuerint
921 2429 1026 2483 duo
1051 2428 1128 2484 vel
1161 2439 1263 2483 tres
1285 2428 1587 2499 congregati
1612 2428 1669 2482 in
1697 2427 1906 2481 nomine
1936 2441 2050 2480 meo

452 2519 527 2574 ibi
544 2536 635 2590 ego
659 2521 715 2576 in
736 2521 908 2575 medio
923 2537 1230 2576 eorumsum
1258 2519 1471 2592 (Matth.
1497 2518 1675 2592 xvm).
1705 2519 1772 2576 Et
1793 2519 1922 2574 item
1950 2537 1962 2574 :
1991 2517 2053 2574 Si

452 2611 561 2667 duo
589 2629 655 2667 ea:
683 2612 823 2667 vobis
845 2613 1218 2679 consenserint,
1242 2629 1307 2668 ea:
1334 2613 1476 2667 omni
1499 2627 1554 2666 re
1576 2626 1940 2684 quamcunque
1964 2625 2053 2681 pe-

454 2706 662 2770 tieritis,
710 2705 798 2774 ﬁet
829 2705 968 2760 vobis
1007 2723 1040 2760 a
1070 2702 1230 2760 Patre
1256 2721 1369 2759 meo
1413 2702 1624 2776 (Ibid.).
1670 2702 1738 2758 Et
1779 2702 1908 2758 item
1936 2701 2053 2771 ipsa

455 2796 724 2853 Divinitas
745 2812 809 2854 ac
832 2797 1046 2854 Veritas
1069 2815 1082 2851 :
1109 2795 1178 2851 In
1204 2813 1291 2852 ore
1312 2795 1538 2851 duorum
1562 2796 1641 2852 vel
1659 2796 1818 2862 trium
1841 2796 2052 2849 testium

452 2889 609 2944 stabit
646 2907 798 2946 omne
841 2890 1052 2946 verbum
1094 2889 1273 2960 (Deut.
1299 2905 1415 2954 xrx;
1449 2887 1642 2942 Matth.
1684 2887 1863 2958 xvm).
1911 2886 2054 2942 Ecce

454 2989 569 3036 tres
597 2981 774 3037 idonei
819 2991 1005 3047 testes,
1031 2988 1088 3036 et
1111 2996 1219 3035 non
1252 2980 1412 3035 modo
1441 2986 1630 3043 testes,
1661 2992 1851 3034 verum
1894 2987 1950 3034 et
1979 2984 2054 3033 te-

454 3072 807 3127 stiticantium
832 3073 1301 3138 corroboratores,
1327 3070 1559 3136 Marcus,
1587 3069 1760 3126 Julius
1782 3085 1848 3125 ac
1876 3069 2048 3135 Felix,

452 3164 612 3234 plura
637 3179 802 3234 quam
817 3164 1009 3236 viginti
1036 3179 1102 3221 ex
1131 3164 1346 3220 Nieamo
1368 3162 1600 3220 concilio
1622 3163 1792 3219 ascita
1812 3177 1910 3234 per
1927 3178 2053 3233 pro-

451 3255 561 3311 lixa
589 3263 827 3328 tempora
853 3256 1288 3329 longissimarum
1316 3264 1536 3312 aetatum
1563 3255 1616 3310 in
1648 3253 1894 3310 Romano
1918 3255 2052 3310 seri~

2123 2132 2128 2136 ἢ
2161 2058 2217 2112 in
2247 2057 2467 2114 Niczena
2492 2057 2711 2131 Synodo
2741 2060 3098 2115 constitutum
3139 2061 3212 2116 sit
3241 2062 3389 2132 (can.
3419 2060 3510 2132 7);
3550 2077 3656 2118 non
3685 2071 3758 2117 ta-

2130 2167 2286 2216 ,men
2316 2151 2531 2208 obsistit
2575 2152 2772 2208 rationi
2802 2153 2886 2208 vel
2926 2153 3069 2220 ﬁdei,
3119 2153 3254 2211 illud
3282 2155 3404 2212 ideo
3452 2157 3511 2211 in
3556 2155 3759 2213 Nicena

2161 2246 2369 2318 synodo
2396 2260 2504 2301 non
2535 2243 2703 2302 fuisse
2728 2246 3027 2312 decretum,
3071 2262 3139 2304 eo
3182 2250 3330 2319 quod
3359 2249 3416 2304 in
3451 2248 3757 2306 Sardicensi

2162 2336 2393 2392 concilio
2433 2338 2536 2393 hoc
2574 2352 2789 2409 quoque
2837 2339 3188 2394 constitutum
3236 2340 3330 2407 sit,
3368 2340 3463 2396 ubi
3524 2343 3754 2398 dicitur:

2119 2461 2122 2464 ρ
2168 2428 2358 2488 «Οείυε
2371 2430 2656 2502 episcopus
2677 2429 3288 2498 dixit:Placuitantem,
3313 2431 3441 2487 utsi
3488 2434 3760 2506 episcopus

2161 2528 2449 2577 accusatus
2478 2520 2661 2588 fuerit,
2694 2530 2750 2576 et
2783 2519 3148 2591 judicaverint
3172 2524 3499 2595 congregati
3530 2524 3756 2595 episwpi

2161 2613 2401 2684 regionis
2440 2611 2628 2683 ipsius,
2673 2623 2730 2669 et
2757 2613 2825 2669 de
2859 2613 3030 2684 gradu
3081 2628 3181 2669 suo
3212 2628 3338 2668 eum
3367 2613 3694 2686 dejeceriut,
3717 2617 3754 2670 si

2161 2703 2512 2773 appellaverit
2535 2703 2629 2774 qui
2652 2703 2894 2776 dejectus
2921 2713 3027 2771 est,
3048 2714 3104 2760 et
3129 2702 3446 2778 confugerit
3468 2709 3542 2763 ad
3562 2709 3758 2779 episeo-

2159 2810 2289 2866 pum
2340 2795 2600 2852 Romanas
2647 2795 2926 2863 Ecclesiae,
2985 2804 3041 2852 et
3086 2796 3323 2854 voluerit
3374 2813 3440 2854 se
3495 2801 3693 2867 audiri,
3718 2803 3756 2856 si

2154 2883 2363 2953 justum
2393 2885 2688 2957 putaverit,
2735 2895 2796 2942 ut
2831 2893 3122 2942 renovetur
3148 2886 3423 2958 judicium
3452 2889 3544 2945 vel
3573 2891 3760 2946 discus-

2161 2979 2330 3034 sionis
2355 2993 2607 3046 examen,
2638 2978 2879 3035 scribere
2922 2979 3007 3035 his
3035 2979 3310 3051 episcopis
3338 2980 3627 3052 dignetur,
3667 2983 3748 3053 qui

2161 3071 2218 3128 in
2249 3071 2482 3128 finitima
2525 3081 2581 3127 et
2631 3073 2935 3144 propinqua
2962 3064 3243 3144 provincia
3286 3084 3441 3141 sunt,
3470 3083 3535 3130 ut
3561 3075 3662 3146 ipsi
3687 3076 3755 3130 di-

2160 3162 2397 3235 ligenter
2427 3165 2650 3221 omnino
2680 3165 2984 3240 requirant,
3012 3174 3069 3221 et
3104 3165 3265 3240 juxta
3311 3166 3485 3222 fidem
3522 3169 3752 3223 veritatis

2163 3256 2448 3314 dilliniant.
2480 3257 2635 3326 Quod
2659 3257 2705 3314 si
2738 3258 2784 3314 is
2813 3258 2904 3330 qui
2933 3267 3086 3330 rogat
3111 3274 3335 3315 causam
3377 3274 3546 3316 suam
3577 3261 3753 3316 iterum

453 3349 546 3404 nio
575 3359 849 3406 reservata
896 3351 1291 3415 demonstrant,
1320 3364 1422 3405 nec
1457 3349 1795 3404 Antiocheno
1819 3347 2052 3404 concilio
2083 3351 2130 3418 ο
2163 3351 2358 3414 audiri,
2398 3350 2782 3421 deprecatione
2829 3364 2924 3406 sua
2955 3351 3189 3406 moverit
3233 3351 3757 3422 episcopumrom-

452 3458 741 3499 numerum
771 3443 1009 3513 ipsorum
1028 3450 1342 3515 aggregant,
1373 3441 1469 3497 sed
1495 3441 1549 3496 in
1571 3439 1791 3498 Nieaeno
1817 3441 2050 3497 concilio

453 3541 652 3590 statuta
685 3535 1030 3607 depromunt,
1078 3541 1134 3588 et
1180 3532 1521 3604 septuaginta
1567 3531 1652 3587 vel
1699 3547 1764 3588 eo
1795 3531 2047 3603 amplius,

451 3642 559 3682 non
591 3627 948 3698 quadraginta
981 3626 1223 3698 quinque
1246 3635 1340 3680 aut
1365 3634 1574 3680 tantum
1597 3625 1788 3696 viginti
1814 3625 2049 3696 capitula

453 3730 868 3776 connumerant.
891 3719 1046 3776 Unde
1072 3719 1200 3791 quia
1231 3733 1338 3774 non
1365 3725 1580 3788 oportet
1608 3733 1639 3772 a
1670 3717 1848 3788 capite
1873 3717 2047 3773 disse-

452 3826 596 3878 rere,
625 3827 848 3868 necesse
870 3819 954 3868 est
981 3811 1136 3866 nobis
1160 3824 1224 3866 ea
1249 3825 1370 3880 quae
1393 3809 1732 3866 tradiderunt
1749 3810 2044 3877 custodire,

451 3914 507 3961 et
525 3907 838 3978 potiusqua:
863 3906 1102 3962 nondum
1129 3904 1393 3961 habemus
1425 3904 1764 3977 perquirere,
1795 3919 1958 3976 quam
1982 3919 2044 3960 ea

451 4013 573 4068 quae
599 3997 776 4068 adepti
811 4012 997 4052 sumus
1022 3995 1332 4068 reprobare.

523 4089 677 4158 Quod
726 4104 858 4145 vero
905 4090 960 4145 in
1007 4089 1210 4146 eisdem
1269 4089 1717 4160 quaternionibus
1769 4089 2044 4147 scribitis:

458 4203 477 4236 ι
523 4184 680 4238 Anno
717 4199 848 4240 vero
876 4183 1092 4240 circiter
1117 4184 1378 4257 vigesimo
1415 4185 1574 4241 tertio
1608 4194 1733 4256 post
1771 4184 2046 4244 Nicmnam

452 4277 718 4348 synodum
749 4277 1086 4334 Antiochena
1117 4278 1356 4348 synodus
1400 4279 1585 4334 habita
1611 4285 1716 4346 est,
1747 4291 1804 4334 et
1854 4280 2044 4336 eadem

451 4368 678 4438 epistola
709 4367 836 4424 Julii
865 4385 962 4440 per
987 4370 1128 4425 idem
1153 4379 1363 4441 tempus
1385 4370 1525 4426 facta
1545 4385 1665 4427 esse
1687 4371 2044 4442 dignoscitur,

451 4462 506 4516 in
533 4477 638 4532 qua
668 4461 823 4534 plura
853 4462 1087 4533 capitula
1119 4464 1279 4518 modo
1321 4463 1534 4520 diverso
1579 4463 1803 4521 collecta
1855 4473 2044 4520 tenen-

387 4623 403 4640 ρ
453 4564 562 4623 tur,
605 4569 724 4625 quae
749 4555 794 4611 si
825 4555 892 4610 de
920 4571 1026 4612 una
1070 4556 1276 4628 synodo
1320 4555 1550 4613 fuissent
1600 4565 1909 4628 assmnpta,
1935 4573 2043 4614 non

453 4649 634 4705 taliter
666 4648 1014 4706 dissonarent
1040 4667 1054 4704 :
1082 4649 1205 4706 inde
1239 4651 1412 4722 magis
1457 4658 1701 4722 apparet,
1733 4652 1862 4723 quia
1913 4652 2042 4707 dum

2157 3459 2311 3510 nnm,
2344 3453 2402 3499 ut
2442 3460 2474 3500 e
2513 3443 2684 3500 latere
2732 3459 2832 3500 suo
2879 3443 3264 3516 presbyterum
3315 3447 3530 3509 mittat,
3562 3446 3665 3502 en't
3709 3446 3756 3502 in

2157 3542 2429 3604 potestate
2462 3534 2704 3607 episcopi
2745 3535 2874 3605 quid
2899 3534 3048 3602 velit,
3081 3543 3139 3590 et
3168 3536 3302 3606 quid
3330 3537 3612 3604 astimet;
3642 3546 3694 3594 et
3715 3538 3754 3592 si

2157 3624 2463 3681 decreverit
2490 3626 2784 3683 mittendos
2808 3640 2928 3682 esse
2950 3627 3040 3696 qui
3065 3636 3371 3698 praesentes
3397 3643 3533 3685 cum
3558 3630 3752 3699 episeo-

2155 3717 2239 3787 pis
2259 3717 2526 3788 judicent,
2556 3718 2818 3775 habentes
2842 3718 2960 3790 ejus
2988 3719 3375 3775 auctoritatem
3407 3737 3438 3776 a
3469 3737 3584 3792 quo
3603 3721 3753 3778 desti-

2155 3821 2381 3877 nantur,
2419 3811 2601 3868 eritin
2631 3826 2732 3868 suo
2760 3811 3008 3868 arbitrio.
3049 3811 3108 3868 Si
3138 3828 3272 3887 vero
3307 3814 3617 3870 crediderit
3653 3815 3754 3885 epi-

2153 3918 2349 3972 scopos
2403 3901 2670 3970 suﬂicere,
2720 3911 2780 3959 ut
2833 3903 3048 3976 negotio
3098 3905 3402 3960 terminum
3457 3905 3746 3976 imponant,

2150 3994 2318 4052 faciet
2355 3996 2498 4068 quod
2539 3994 2940 4066 sapientissimo
2981 3993 3209 4051 consilio
3230 3996 3591 4067 judicaverit.
3630 4015 3649 4049 ι
3697 3995 3748 4050 ln

2152 4088 2422 4160 superiori
2452 4086 2690 4160 capitulo
2713 4087 2954 4159 ejusdem
2975 4086 3192 4144 concilii
3221 4086 3462 4158 positum
3489 4099 3578 4145 est
3603 4108 3617 4144 :
3650 4106 3670 4140 ι
3692 4086 3750 4143 Si

2151 4183 2255 4238 hoc
2278 4183 2531 4238 omnibus
2550 4182 2747 4255 placet.
2764 4180 3014 4253 Synodus
3035 4181 3350 4253 respondit:
3376 4181 3603 4249 Placet;
3647 4202 3668 4235 ι
3696 4183 3745 4238 in

2154 4274 2258 4329 isto
2283 4273 2486 4329 dictum
2523 4282 2607 4330 est
2637 4291 2649 4327 :
2681 4291 2698 4326 ί
2740 4272 2951 4328 Placuit
2986 4280 3190 4327 autem.
3225 4291 3246 4324 ι
3275 4270 3410 4328 Jure
3437 4272 3608 4344 igitur
3635 4272 3746 4344 pla-

2149 4368 2262 4424 cuit
2292 4368 2453 4425 Osius
2479 4368 2636 4434 dixit,
2679 4367 2724 4423 si
2777 4367 2828 4423 id
2868 4367 3019 4438 prius
3050 4375 3280 4423 noverat
3307 4369 3670 4423 constitutum
3695 4369 3748 4423 in

2146 4458 2365 4516 Nictena
2392 4459 2618 4532 synodo,
2661 4466 2754 4514 aut
2780 4457 2848 4513 ad
2885 4457 3135 4514 eumdem
3157 4456 3455 4514 verborum
3485 4467 3743 4525 tenorem.

2149 4562 2243 4608 aut
2268 4554 2336 4609 ad
2356 4553 2513 4608 istius
2539 4553 2767 4620 tenoris,
2795 4552 2945 4608 velut
2965 4552 3020 4608 in
3051 4552 3423 4608 decretalibus
3451 4553 3744 4619 invenitur,

2147 4643 2573 4716 proportionem.
2604 4642 2717 4700 Nec
2734 4659 2951 4716 quoque
2977 4629 3197 4711 mirum,
3222 4653 3321 4700 aut
3347 4645 3644 4702 absurdum
3666 4657 3748 4702 est

451 4756 516 4797 eo
550 4750 790 4812 tempore
832 4757 986 4799 suam
1009 4740 1182 4798 Julius
1206 4741 1335 4798 fecit
1377 4742 1684 4813 epistolam,
1713 4758 1823 4814 quo
1851 4743 2043 4800 Αηιίο-
2066 4727 2122 4790 D
2151 4739 2276 4803 hoc,
2302 4736 2645 4794 Sardicensis
2671 4736 2890 4794 concilii
2918 4746 3137 4793 sanctos
3159 4735 3352 4793 Patres
3373 4738 3569 4794 eadem
3585 4737 3748 4810 Spiri-

449 4841 682 4898 chennm
714 4839 1003 4896 concilium
1038 4847 1218 4895 actum
1252 4847 1355 4904 est,
1388 4853 1493 4894 non
1523 4853 1648 4894 eum
1675 4837 1898 4894 latuisse
1920 4855 2042 4910 quae

449 4933 505 4988 in
554 4932 744 4987 eodem
792 4930 1023 4986 concilio
1051 4937 1252 4985 statuta
1283 4938 1427 4995 sunt,
1475 4930 1617 5000 quod
1649 4927 1765 4998 ejus
1813 4943 2040 4987 necesse

449 5033 570 5080 erat
596 5023 920 5079 auctoritate
948 5022 1213 5090 roborari,
1247 5037 1313 5078 ac
1341 5037 1439 5094 per
1465 5024 1568 5078 hoc
1597 5037 1704 5078 non
1730 5022 2040 5080 confudisse

418 5115 654 5172 ’Nicaani
700 5132 765 5171 ac
806 5115 1128 5171 Antiocheni
1183 5117 1396 5189 regulas
1445 5116 1680 5173 concilii.
1717 5135 1738 5169 ι
1773 5114 1880 5172 Sed
1907 5115 2038 5187 quid

2153 4837 2240 4886 tus
2263 4829 2437 4886 sancti
2468 4830 2640 4902 gratia
2671 4829 2920 4886 visitatos
2951 4827 3138 4885 fuisse.
3170 4829 3463 4896 Quocirca,
3501 4833 3607 4888 etsi
3636 4847 3743 4888 non

2149 4937 2216 4978 ea
2240 4921 2394 4994 prius
2419 4939 2452 4976 a
2481 4920 2661 4978 Nicaea
2691 4920 3013 4987 didicerant,
3063 4921 3252 4977 eadem
3281 4922 3548 4989 sensisse,
3583 4932 3638 4978 et
3675 4921 3739 4977 ad

2149 5015 2324 5070 sancti
2373 5013 2520 5070 Petri
2569 5013 2801 5084 apostoli
2843 5013 3165 5069 memoriam
3203 5012 3583 5070 honorandam
3627 5015 3739 5070 haec

2147 5108 2260 5180 ipsa
2284 5109 2566 5164 statuisse.
2599 5107 2737 5165 Puto
2763 5117 2966 5175 tamen,
2997 5106 3046 5164 si
3072 5107 3416 5165 solummodo
3438 5108 3544 5164 hoc
3566 5107 3740 5164 Sardi-
