3904 5304
119 379 247 440 ωιο

1304 366 1667 426 OPUSCULA
1705 368 1795 427 ET
1833 369 2215 430 EPISTOLA'].

3250 373 3390 432 1050

117 495 311 557 stitutis
340 489 575 562 scripsit,
621 501 726 544 non
765 485 968 558 aliquid
992 499 1156 556 super
1181 485 1482 541 Romanam
1515 488 1699 542 sedem
1726 489 1784 554 Α
1805 486 2290 559 stantinOpolitano
2319 487 2589 560 episcopis
2613 500 2774 559 posse
2797 485 3136 558 prmtermitti
3170 502 3184 539 :
3209 495 3270 542 ut
3293 503 3390 546 au-

121 612 242 656 ausa
271 593 375 650 fuit
403 591 736 649 constituere
754 630 768 654 ,
802 589 889 645 cui
913 589 1122 644 videret
1148 587 1222 642 nil
1249 603 1414 659 supra
1442 587 1694 643 meritum
1723 647 1726 656 ,

118 717 262 765 suum
287 712 450 770 posse
478 694 713 751 conferti
752 711 765 748 :
803 693 986 748 omnia
1036 691 1274 762 denique
1315 690 1442 746 huic
1471 698 1702 746 noverat

117 799 322 860 Domini
354 810 604 854 sermone
637 810 919 861 concessa,
963 793 1050 850 vel
1077 809 1145 850 ex
1171 809 1236 850 eo
1265 808 1329 850 ac
1356 808 1456 865 pro
1477 809 1543 850 eo
1569 794 1698 866 quid

117 903 250 960 istud
279 898 569 956 concilium
599 899 746 969 quod
775 899 1017 969 recipitis
1052 897 1178 954 illud
1210 899 1536 954 servandum
1560 915 1694 956 con-

115 1005 301 1070 stituit,
335 1003 542 1060 servari
568 1004 891 1076 permittite,
928 1004 1142 1060 etiamsi
1183 1005 1248 1060 de
1280 1005 1455 1061 hocin
1477 1005 1696 1063 Nicrena

117 1107 314 1183 synodo
340 1106 472 1163 nihil
501 1114 764 1163 statutum
787 1106 1043 1163 credatis.
1082 1107 1148 1162 Et
1178 1107 1317 1163 sicut
1344 1108 1412 1164 ab
1439 1109 1694 1166 omnibus

112 1214 196 1270 illa
207 1211 397 1282 viginti
412 1210 646 1283 capitula
662 1219 1002 1278 tcuentur,ac
1014 1213 1349 1269 observanda
1368 1223 1682 1280 censentur,

116 1332 230 1389 quae
264 1331 370 1373 nec
399 1314 515 1372 sola
567 1315 634 1371 ad
663 1329 853 1370 omnes
893 1314 1252 1372 ecclesiastici
1291 1316 1500 1373 ordinis
1543 1316 1693 1373 sutii-
1726 1374 1729 1375 ν

111 1419 254 1476 ciunt
283 1417 582 1484 utilitates,
609 1432 674 1474 ac
699 1425 1005 1489 temporum
1031 1421 1388 1477 necessitates
1420 1438 1434 1475 :
1470 1421 1551 1477 sic
1579 1430 1635 1477 et
1662 1436 1695 1476 a

109 1513 256 1569 vobis
283 1511 373 1566 vel
412 1512 556 1568 istud
586 1512 755 1568 teneri
787 1528 852 1569 ac
885 1513 1166 1570 observari
1192 1531 1300 1570 non
1339 1515 1696 1586 prohibeatur

109 1604 421 1676 capitulum,
460 1605 603 1676 quod
644 1605 775 1662 nulli
817 1608 989 1674 obest,
1044 1617 1099 1666 et
1142 1611 1393 1666 omnibus
1437 1612 1688 1680 prodest;

110 1696 360 1766 quoniam
387 1705 676 1768 postquam
708 1697 1027 1756 Africanum
1059 1702 1349 1759 concilium
1393 1703 1460 1758 ad
1498 1718 1692 1774 papam

109 1789 455 1846 Caelestinum
483 1791 702 1862 scripsit
730 1807 828 1847 sua
859 1793 912 1848 in
936 1793 1162 1864 epistola
1199 1794 1266 1849 ad
1303 1793 1483 1852 locum
1511 1795 1682 1867 (epist.

1809 593 1918 640 tem
1936 599 2042 641 non
2065 582 2295 656 pleniter
2313 582 2680 648 mitterentur,
2698 590 2791 637 aut
2806 582 2852 637 si
2865 581 3029 637 missa
3047 591 3190 646 sunt,
3210 582 3278 638 ab
3291 581 3390 638 ali-

1805 676 2023 746 quibus,
2050 683 2108 730 ut
2134 675 2200 730 de
2227 673 2412 730 multis
2440 673 2690 746 legimus,
2738 673 3113 729 minuerentur
3155 681 3249 728 aut
3295 672 3390 729 de-

1805 777 2185 839 pravarentur,
2210 766 2295 824 vel
2325 767 2393 822 ab
2421 767 2551 837 ipsis
2574 765 2849 823 Africanis
2875 767 2968 837 qui
2997 781 3092 822 sua
3132 766 3390 822 nolebant

1805 862 2090 918 retractari
2107 861 2336 934 judicia,
2365 861 2713 927 vitiarentur,
2755 869 2818 916 ut
2857 861 2999 917 sicut
3023 861 3236 916 mentiti
3262 869 3390 917 sunt

1799 955 1942 1011 nulla
1978 956 2080 1011 hoc
2101 955 2322 1010 Patrum
2357 954 2566 1027 synodo
2612 954 2993 1019 constitutum,
3038 953 3181 1024 quod
3211 953 3390 1010 occul-

1797 1047 1905 1102 tari
1949 1063 2054 1103 non
2103 1055 2299 1121 potest,
2349 1050 2428 1104 sic
2481 1055 2538 1102 et
2579 1048 2719 1103 forte
2757 1047 3137 1110 mentirentur,
3167 1061 3272 1102 non
3318 1047 3388 1102 ab

1721 1186 1724 1188 η
1797 1140 2165 1198 Alexandrino
2211 1142 2296 1198 vel
2354 1140 2950 1212 ConstantinOpolitano
3001 1139 3274 1210 episcopis
3331 1138 3384 1194 id

1798 1234 1900 1290 sibi
1924 1234 2149 1291 missum
2176 1236 2318 1308 quod
2344 1235 2602 1292 abscondi
2643 1250 2800 1307 posse
2828 1233 3194 1300 crediderant,
3243 1232 3388 1303 quod

1797 1332 1978 1381 tamen
2009 1343 2040 1382 a
2071 1341 2209 1397 papa
2235 1327 2528 1384 Caelestino
2558 1326 2660 1383 sibi
2712 1325 3114 1391 transmissum,
3157 1325 3282 1396 quia
3318 1322 3387 1380 ad

1795 1419 2046 1475 eumdem
2073 1434 2164 1475 res
2185 1420 2468 1491 agebatur,
2492 1434 2690 1491 negare
2711 1419 3084 1490 nequiverant.

1865 1511 1934 1566 Et
1962 1526 2032 1566 ne
2051 1512 2118 1567 de
2145 1511 2249 1566 hac
2273 1511 2630 1585 appellatione
2657 1510 2994 1568 Solummodo
3024 1509 3125 1566 sibi
3169 1517 3388 1581 aposto-

1793 1598 1914 1656 lica:
1941 1601 2088 1657 sedis
2125 1583 2400 1658 antistites
2452 1611 2741 1669 testentur,
2793 1602 2961 1658 etiam
3007 1602 3391 1672 episcoporum

1793 1691 1963 1763 ipsius
1989 1692 2260 1750 Africanae
2288 1694 2581 1765 provinciae
2621 1694 2994 1750 testimonium
3043 1694 3386 1750 adhibeatur.

1797 1785 2028 1858 Scripsit
2046 1786 2190 1841 enim
2220 1785 2530 1857 Stephanus
2557 1787 3000 1857 archiepiscopus
3043 1800 3166 1841 cum
3210 1785 3386 1840 tribus

107 1891 214 1952 p081
243 1881 341 1951 ﬁn.
376 1883 545 1954 syn.),
584 1882 768 1957 t,Nam
797 1895 857 1941 ut
884 1886 1052 1957 aliqui
1084 1896 1340 1959 tanquam
1370 1906 1401 1945 α
1423 1898 1528 1946 tua:
1564 1906 1692 1946 san-
1719 1877 1768 1939 Β
1795 1877 2040 1936 conciliis
2067 1879 2147 1935 sic
2193 1880 2353 1951 (inter
2377 1879 2527 1950 epist.
2562 1878 2809 1946 Damus.)
2860 1896 2872 1931 :
2926 1896 2945 1930 ι
3001 1876 3229 1932 Domino
3259 1877 3401 1932 bea-.

107 1973 315 2030 ctitatis
349 1973 520 2031 latere
562 1975 866 2043 mittantur,
913 1977 1060 2034 nulla
1107 1979 1413 2038 invenimus
1469 1981 1692 2038 Patrum

105 2067 310 2138 synodo
357 2068 733 2136 constitutum,
781 2071 909 2141 quia
976 2070 1108 2128 illud
1158 2075 1302 2144 quod
1348 2075 1561 2145 pridem
1596 2091 1697 2146 per

105 2159 356 2214 eumdem
383 2159 761 2230 coepiscopum
785 2169 1032 2218 nostrum
1060 2163 1403 2231 Faustinum,
1428 2174 1692 2237 tanquam

102 2266 168 2306 ex
200 2261 360 2322 parte
403 2251 606 2308 Nicaeni
653 2254 866 2310 concilii
928 2256 1127 2313 exinde
1178 2258 1584 2326 transmisistis,
1636 2261 1694 2316 in

99 2344 354 2400 conciliis
386 2333 696 2403 verioribus
723 2363 842 2418 qua:
885 2349 1223 2419 accipiuntur
1257 2349 1482 2416 Nicaeui,
1517 2367 1547 2407 a
1569 2367 1696 2408 san-

99 2445 188 2492 cto
217 2436 429 2508 Cyrillo
457 2439 779 2510 coepiscopo
805 2448 992 2495 nostro
1013 2439 1397 2498 Alexandrinae
1411 2443 1692 2511 Ecclesiae,

101 2537 154 2585 et
178 2545 209 2584 a
238 2533 539 2588 venerabili
564 2533 746 2590 Attico
773 2533 1383 2607 Constantinopolitano
1421 2537 1693 2606 antistite,

103 2638 167 2678 ex
193 2623 516 2681 authentico
547 2625 750 2693 missis,
787 2642 908 2696 qua:
929 2627 1093 2683 etiam
1117 2637 1244 2684 ante
1279 2629 1384 2685 hoc
1408 2645 1506 2701 per
1535 2629 1697 2687 luno-

105 2718 344 2772 centium
391 2719 772 2790 presbyterum
810 2732 865 2777 et
916 2720 1231 2778 Marcellum
1279 2722 1692 2792 subdiaconem,

105 2825 200 2883 per
243 2826 382 2882 quos
433 2813 500 2867 ad
540 2827 639 2868 nos
691 2815 760 2868 ab
811 2814 891 2869 eis
925 2815 1132 2870 directa
1183 2824 1326 2880 sunt,
1367 2817 1694 2874 venerabilis

107 2906 382 2961 memoriae
409 2904 688 2962 Bonifacio
717 2907 969 2978 episcopo
1004 2896 1302 2964 decessori
1323 2917 1507 2965 vestro
1532 2926 1560 2965 a
1592 2926 1692 2967 no-

106 2994 186 3054 bis
217 2999 540 3054 transmissa
565 3008 692 3055 sunt
725 3017 739 3054 :
771 3000 825 3056 in
863 3001 1061 3071 quibus
1089 3001 1195 3058 tale
1226 3001 1431 3074 aliquid
1459 3019 1566 3060 non
1593 3020 1692 3076 po-

108 3091 304 3147 tuimus
332 3091 593 3162 reperire.
634 3111 652 3144 »
692 3093 759 3148 Et
774 3092 916 3150 istud
944 3111 976 3149 a
1007 3109 1145 3165 papa
1166 3095 1503 3164 Innocentio,
1531 3114 1691 3169 quem

107 3191 473 3239 memoranter
500 3183 740 3253 recipitis
780 3184 951 3257 (epist.
976 3185 1057 3258 2),
1093 3205 1113 3239 ‹
1147 3186 1426 3258 Episcopis
1453 3205 1554 3260 per
1579 3190 1694 3244 Ma-

1796 1973 2009 2030 tissimo
2035 1986 2100 2028 ac
2125 1971 2425 2042 apostolico
2457 1970 2696 2028 culmine
2725 1971 3039 2037 sublimato,
3079 1977 3269 2026 sancto
3297 1985 3392 2041 pa-

1798 2065 1870 2119 tri
1892 2063 2114 2120 Patrum
2140 2065 2374 2120 Damaso
2393 2079 2570 2136 papae,
2597 2072 2652 2120 et
2677 2079 2890 2120 summo
2917 2063 3160 2119 omnium
3182 2078 3390 2134 praesu-

1795 2156 1907 2210 lum
1968 2156 2231 2227 pontifici,
2287 2156 2596 2228 Stephanus
2663 2157 3104 2228 archiepiscopus
3170 2155 3386 2212 concilii

1799 2248 2160 2316 Mauritaniae,
2189 2257 2244 2304 et
2274 2250 2514 2306 universi
2564 2250 2800 2321 episcopi
2834 2249 2900 2305 de
2939 2250 3115 2305 tribus
3144 2248 3390 2306 conciliis

1797 2342 2066 2398 Africanae
2092 2342 2406 2414 provinciae.
2438 2341 2636 2398 Notum
2665 2351 2858 2399 vestrae
2899 2341 3129 2399 facimus
3151 2342 3383 2398 beatitu-

1799 2436 1936 2504 dini,
1973 2436 2118 2508 quod
2145 2437 2367 2508 quidam
2395 2436 2592 2493 fratres
2617 2437 2671 2493 in
2715 2436 2952 2493 confinio
2992 2435 3150 2493 nobis
3195 2435 3380 2508 positi,

1798 2528 2060 2600 quosdam
2090 2527 2290 2585 fratres
2317 2537 2556 2595 nostros,
2589 2529 2929 2585 venerabiles
2973 2527 3228 2584 videlicet
3269 2527 3382 2598 epi-

1797 2639 2012 2695 scopos,
2032 2624 2184 2679 vobis
2213 2622 2537 2680 inconsultis
2569 2637 2599 2677 a
2636 2621 2858 2694 proprio
2885 2619 3121 2690 dejicere
3149 2619 3382 2676 moliun-

1799 2726 1890 2773 tur
1912 2718 2101 2790 gradu,
2126 2733 2250 2774 cum
2273 2726 2468 2772 vestra:
2498 2715 2610 2772 sedi
2645 2717 3018 2786 episcoporum
3053 2712 3281 2783 judicia,
3328 2720 3384 2769 et

1797 2822 2133 2864 summorum
2177 2807 2340 2863 tinem
2383 2806 2875 2864 ecclesiasticorum
2919 2806 3280 2879 negotiorum,
3322 2805 3379 2860 in

1797 2899 2004 2956 honore
2047 2898 2348 2956 beatissimi
2394 2898 2562 2966 Petri,
2622 2897 2845 2954 Patrum
2874 2897 3096 2954 decreta
3131 2897 3378 2954 omnium

1799 2999 2051 3048 cunctam
2108 3006 2390 3048 reservare
2457 2991 2784 3048 sententiam
2853 2990 3160 3062 inquirendi
3224 3005 3386 3046 reve-

1798 3087 1975 3143 rentia
2033 3087 2100 3142 de
2145 3085 2240 3142 Dei
2280 3087 2462 3151 rebus,
2514 3101 2652 3158 quas
2690 3087 2840 3143 omni
2903 3101 3035 3143 cura
3073 3093 3129 3142 et
3180 3084 3378 3142 sollici-

1801 3179 1984 3234 tudine
2011 3180 2303 3235 observare
2327 3181 2611 3238 debemus.
2655 3181 2890 3237 Maxime
2928 3196 3060 3236 vero
3099 3179 3245 3250 juste
3286 3181 3386 3236 de-

107 3276 388 3332 cedoniam
431 3250 744 3335 constitutis
785 3250 1050 3349 probabili
1103 3250 1207 3337 ore
1261 3250 1523 3353 scriptum
1587 3293 1690 3353 est,
1723 3250 1768 3312 Ο
1799 3269 1929 3325 hem
1954 3269 2160 3340 abil’s‘)
2188 3270 2478 3340 Ρΐεὲθυιυω
2500 3272 2803 3327 exanimari
2826 3271 3032 3328 νθνιίθθ
3058 3269 3382 3342 alimmum.

109 3364 282 3423 Grave
309 3383 422 3424 non
454 3370 632 3439 potuit
659 3369 831 3426 videri
877 3371 1138 3442 piissimis
1173 3375 1444 3430 mentibus
1473 3377 1691 3445 vestris,

112 3453 484 3536 cujuscunque
526 3467 813 3522 retractari
847 3466 1133 3538 judicium,
1165 3469 1293 3540 quia
1326 3470 1528 3526 veritas
1565 3486 1696 3528 exa-

106 3557 268 3627 gitata
311 3557 514 3628 saepius
553 3559 729 3631 magis
777 3559 1106 3630 splendescit
1128 3561 1182 3616 in
1208 3561 1406 3630 lucem,
1439 3565 1699 3635 etperni-

105 3649 213 3705 cies
233 3657 492 3706 revocata
523 3651 590 3706 ad
609 3651 874 3723 judicium
903 3653 1124 3724 gravius
1148 3664 1204 3711 et
1224 3653 1340 3711 sine
1371 3656 1696 3726 poenitentia

108 3741 522 3799 condemnatur.
551 3741 686 3798 Nam
708 3741 919 3800 fructus
941 3744 1158 3801 divinus
1176 3754 1280 3812 est,
1303 3744 1570 3816 justitiam
1595 3763 1698 3805 sae-

103 3833 221 3904 pius
265 3833 570 3901 recenseri,
623 3834 824 3891 fratres
851 3836 1179 3893 cbarissimi.
1210 3857 1229 3890 ι
1264 3836 1538 3894 Praeterea
1571 3839 1696 3896 dico

106 3928 229 3999 quia
259 3929 408 3999 quod
436 3927 567 3984 illud
606 3926 924 3984 Africanum
975 3929 1210 3986 intentat
1253 3929 1544 3986 concilium
1589 3931 1690 4000 ita,

111 4037 129 4070 ι
167 4018 304 4076 Nam
357 4029 420 4076 ut
468 4019 634 4091 aliqui
663 4029 919 4092 tanquam
951 4035 982 4075 a
1019 4029 1125 4077 tua:
1167 4022 1474 4078 sanctitatis
1521 4022 1694 4080 latere

107 4112 415 4180 mittantur,
439 4112 585 4168 nulla
608 4113 913 4170 invenimus
937 4112 1159 4168 Patrum
1192 4115 1396 4186 synodo
1431 4116 1697 4172 constitu-

109 4211 237 4270 tum,
274 4226 294 4258 ι
331 4204 681 4260 mendacium
707 4213 814 4270 est,
837 4204 966 4276 quia
1004 4204 1057 4259 in
1082 4205 1185 4261 hoc
1210 4205 1523 4262 Sardicensi
1563 4223 1696 4263 con-

107 4295 227 4351 cilio
257 4296 390 4352 illud
420 4296 777 4352 constitutum
805 4305 888 4352 est
917 4297 998 4353 sic
1028 4295 1171 4369 (can.
1204 4297 1281 4369 7),
1319 4317 1337 4350 ι
1367 4297 1520 4366 Quod
1555 4300 1599 4354 si
1649 4301 1696 4356 is

107 4389 192 4457 qui
233 4399 391 4460 rogat
431 4404 653 4446 causam
679 4405 834 4446 suam
860 4391 1057 4447 iterum
1089 4392 1287 4458 audiri,
1311 4393 1695 4464 deprecatione

108 4494 196 4534 sua
228 4480 465 4536 moverit
511 4481 824 4553 episcopum
873 4482 1202 4551 Romanum,
1238 4494 1299 4541 ut
1333 4501 1365 4541 e
1393 4486 1564 4544 latere
1593 4504 1693 4544 suo

106 4574 482 4644 presbyterum
512 4573 713 4638 mittat.
737 4574 846 4630 erit
876 4575 930 4630 in
969 4585 1238 4646 potestate
1285 4578 1528 4650 episcopi
1559 4580 1688 4654 quid

107 4665 233 4720 velit
255 4675 311 4721 et
335 4666 470 4737 quid
497 4667 751 4723 aestimet.
787 4687 807 4721 ι
837 4668 990 4736 Quod
1021 4669 1186 4726 etiam
1211 4669 1539 4728 Sardicense
1566 4687 1694 4728 con-

107 4759 286 4816 cilium
318 4762 388 4817 ad
433 4777 628 4834 papam
674 4761 878 4818 Julium
928 4763 1070 4820 inter
1105 4765 1335 4836 'reliqua
1368 4766 1590 4837 scripsit
1617 4765 1692 4838 (in

104 4850 267 4917 princ.
294 4851 503 4924 epist.),
544 4871 564 4904 ι
617 4850 892 4924 Optimum
947 4865 1004 4910 et
1056 4853 1215 4910 valde
1267 4854 1693 4928 congruentissi-

107 4956 249 4999 mum
298 4958 424 5001 esse
484 4945 775 5012 videbitur,
830 4947 877 5002 si
915 4947 981 5002 ad
1028 4956 1208 5018 caput,
1234 4948 1286 5004 id
1315 4956 1419 5013 est,
1448 4949 1516 5003 ad
1540 4948 1688 5004 Petri

107 5037 330 5106 apostoli
355 5028 566 5103 sedem,
589 5039 656 5094 de
670 5039 894 5110 singulis
909 5041 1200 5112 provinciis
1213 5041 1428 5100 Domini
1442 5041 1687 5097 referant

483 5152 502 5166 ι
662 5133 828 5166 “anno!
875 5135 1015 5166 auctu.
1049 5132 1210 5166 ῙηΙῖ-ιιο
1241 5137 1304 5166 λη
1332 5135 1690 5166 -..κοιμίζει-υ.

107 5131 416 5166 canas-chum

1800 3361 1956 3432 cujus
2007 3369 2222 3416 vetusta
2271 3361 2578 3417 sollicitudo
2623 3371 2708 3418 est
2759 3371 2869 3419 tam
2917 3363 3061 3418 mala
3108 3364 3384 3428 damnare,

1799 3469 1962 3525 quam
1987 3452 2232 3509 relevare
2256 3451 2548 3510 laudanda.
2575 3453 2833 3525 Antiquis
2859 3454 3006 3510 enim
3030 3453 3232 3525 regulis
3260 3469 3387 3509 cen-

1801 3547 1966 3602 situm
1996 3555 2101 3612 est,
2153 3555 2214 3601 ut
2257 3543 2521 3617 quidquid
2574 3546 2771 3602 horum
2802 3545 3053 3616 quamvis
3081 3545 3134 3601 in
3164 3545 3389 3604 remotis

1799 3639 1886 3696 vel
1916 3639 1972 3695 in
2016 3639 2313 3712 longinquo
2357 3638 2556 3710 positis
2605 3647 2856 3711 ageretur
2899 3637 3216 3710 provinciis,
3272 3653 3380 3695 non

1800 3732 1952 3803 prius
1976 3732 2322 3787 tractandum
2342 3730 2428 3787 vel
2450 3729 2825 3803 accipiendum
2849 3728 2940 3796 sit,
2978 3729 3084 3786 nisi
3133 3729 3200 3784 ad
3246 3729 3389 3785 noti-

1801 3824 1933 3879 tiam
1964 3824 2123 3880 alma:
2151 3824 2295 3880 sedis
2340 3832 2538 3880 vestrae
2586 3821 2780 3879 fuisset
2824 3821 3140 3889 deductum,
3174 3832 3234 3879 ut
3269 3821 3388 3893 ejus

1801 3915 2126 3971 auctoritate
2150 3913 2306 3984 juxta
2337 3915 2484 3985 quod
2527 3913 2721 3969 fuisset
2759 3913 3170 3986 pronuntiatum
3200 3914 3386 3970 firma-

1801 4017 1974 4076 retur,
2005 4017 2062 4065 et
2087 4007 2296 4079 reliqua
2326 4006 2603 4063 multoties
2634 4006 2782 4074 talia,
2817 4015 2874 4062 et
2904 4007 2990 4064 his
3017 4006 3237 4072 similia,
3265 4021 3387 4077 qua:

1798 4119 1962 4175 super
1985 4103 2071 4159 bis
2101 4101 2397 4158 constituta
2438 4109 2587 4156 sunt.
2633 4101 2869 4168 Quibus,
2898 4102 2943 4156 si
2970 4100 3156 4156 illicite
3184 4099 3388 4156 factum

1798 4208 1904 4266 est,
1929 4205 1989 4254 ut
2015 4211 2230 4269 semper
2252 4207 2449 4253 vestra:
2473 4197 2590 4253 sedi
2619 4197 2958 4252 consuetudo
2987 4196 3088 4252 fuit
3117 4196 3388 4252 festina-n-

1800 4304 1883 4352 ter
1904 4295 2194 4360 occurrite,
2237 4301 2292 4348 et
2318 4309 2416 4364 pro
2443 4294 2529 4349 his
2576 4293 2808 4348 viriliter
2836 4303 2898 4348 ut
2925 4303 3082 4366 pater
3110 4309 3211 4365 pro
3258 4293 3384 4350 filiis

1797 4397 2070 4446 certantes
2097 4394 2258 4452 state,
2301 4388 2444 4442 sicut
2484 4385 2625 4440 bene
2653 4385 2722 4440 ad
2772 4383 2956 4442 Jesum
3011 4384 3179 4439 tilium
3226 4383 3383 4441 Sirae

1798 4482 2000 4537 dictum
2027 4490 2129 4542 est,
2177 4495 2339 4550 usque
2377 4479 2445 4533 ad
2491 4489 2711 4532 mortem
2754 4487 2898 4533 certa
2925 4493 3019 4548 pro
3048 4476 3296 4541 veritate,
3330 4487 3381 4531 et

1801 4587 2014 4644 semper
2039 4571 2304 4627 Dominus
2328 4571 2470 4627 Deus
2500 4579 2622 4624 tuus
2665 4570 2918 4642 pugnabit
2964 4585 3058 4640 pro
3111 4579 3160 4622 te
3191 4567 3382 4640 (Eccli.

1802 4667 1902 4740 tv).
1933 4683 1952 4718 ι
2010 4664 2170 4729 Ecce,
2213 4663 2432 4720 domine
2479 4671 2655 4731 pater,
2681 4663 2937 4732 quoniam
2986 4657 3073 4713 isti
3120 4656 3390 4714 Africaine

1803 4757 2095 4831 provinciae
2138 4755 2384 4828 episcopi
2426 4762 2718 4821 testantur,
2761 4756 2888 4826 quia
2925 4751 3166 4822 antiquis
3193 4751 3393 4822 regulis

1804 4852 2070 4912 consitum
2102 4859 2210 4916 est,
2243 4852 2390 4924 quod
2415 4847 2490 4903 illi
2542 4846 2633 4902 alii
2677 4865 2736 4906 se
2763 4867 2870 4907 tton
2897 4844 3176 4905 invenisse
3204 4845 3260 4898 in
3287 4842 3398 4898 ulla

1800 4945 2010 5021 synodo
2037 4942 2405 5005 constitutum
2439 4939 2713 4998 dixerunt.
2746 4943 2918 5016 Maius
2953 4935 3103 4994 enim
3139 4944 3249 5001 est.
3293 4949 3404 4990 non

1797 5042 1947 5114 prius
1979 5040 2359 5107 tractandum,
2383 5034 2472 5092 vel
2495 5034 2868 5106 accipiendum
2891 5036 2964 5092 de
3007 5027 3237 5084 summis
3257 5025 3408 5099 quid-

1799 5135 1922 5166 :‘nm
1945 5128 2339 5166 ωηιοείαοοιλζη
2362 5125 2597 5166 ηΔσΛΙίὶα
2637 5134 2887 5166 Πηιὶηιπῖο
2914 5130 3151 5166 ﬂuant“?
3168 5120 3227 5166 ίη
3242 5134 3417 5166 Νξωο-
