  <div class='ocr_page' id='page_1' title='image "/cluster/home/n/w/nwhite01/storage/ocr_20150623/124/hvd.32044011218096/532.png"; bbox 0 0 3904 5304; ppageno 0'>
   <div class='ocr_carea' id='block_1_1' title="bbox 112 196 239 254">
    <p class='ocr_par' dir='ltr' id='par_1_1' title="bbox 112 196 239 254">
     <span class='ocr_line' id='line_1_1' title="bbox 112 196 239 254; baseline -0.039 0"><span class='ocrx_word' id='word_1_1' title='bbox 112 196 239 254; x_wconf 75' lang='grc'><strong>1055</strong></span> 
     </span>
    </p>
   </div>
   <div class='ocr_carea' id='block_1_2' title="bbox 1170 155 2170 239">
    <p class='ocr_par' dir='ltr' id='par_1_2' title="bbox 1170 155 2170 239">
     <span class='ocr_line' id='line_1_2' title="bbox 1170 155 2170 239; baseline -0.007 1"><span class='ocrx_word' id='word_1_2' title='bbox 1170 158 1199 207; x_wconf 72' lang='grc'><strong>-⁵“</strong></span> <span class='ocrx_word' id='word_1_3' title='bbox 1222 155 1225 159; x_wconf 41' lang='grc'><em>⁴</em></span> <span class='ocrx_word' id='word_1_4' title='bbox 1250 174 1611 239; x_wconf 66' lang='lat' dir='ltr'><strong>oruscum</strong></span> <span class='ocrx_word' id='word_1_5' title='bbox 1653 170 1740 229; x_wconf 74' lang='grc' dir='ltr'><strong>ετ</strong></span> <span class='ocrx_word' id='word_1_6' title='bbox 1782 170 2170 233; x_wconf 68' lang='lat' dir='ltr'><strong>erts&#39;rom.</strong></span> 
     </span>
    </p>
   </div>
   <div class='ocr_carea' id='block_1_3' title="bbox 3221 130 3393 227">
    <p class='ocr_par' dir='ltr' id='par_1_3' title="bbox 3221 130 3393 227">
     <span class='ocr_line' id='line_1_3' title="bbox 3221 130 3393 227; baseline -0.006 0"><span class='ocrx_word' id='word_1_7' title='bbox 3221 130 3393 227; x_wconf 22' lang='grc'><strong>1064-</strong></span> 
     </span>
    </p>
   </div>
   <div class='ocr_carea' id='block_1_4' title="bbox 110 286 3358 371">
    <p class='ocr_par' dir='ltr' id='par_1_4' title="bbox 110 286 3358 371">
     <span class='ocr_line' id='line_1_4' title="bbox 110 286 3358 371; baseline -0.01 0"><span class='ocrx_word' id='word_1_8' title='bbox 110 316 201 371; x_wconf 89' lang='lat' dir='ltr'><strong>tuit</strong></span> <span class='ocrx_word' id='word_1_9' title='bbox 240 308 526 367; x_wconf 87' lang='lat' dir='ltr'><strong>tenendam</strong></span> <span class='ocrx_word' id='word_1_10' title='bbox 568 320 631 362; x_wconf 89' lang='lat' dir='ltr'><strong>ac</strong></span> <span class='ocrx_word' id='word_1_11' title='bbox 676 302 1065 361; x_wconf 85' lang='lat' dir='ltr'><strong>observandam</strong></span> <span class='ocrx_word' id='word_1_12' title='bbox 1104 313 1205 354; x_wconf 88' lang='lat' dir='ltr'><strong>non</strong></span> <span class='ocrx_word' id='word_1_13' title='bbox 1249 302 1495 365; x_wconf 78' lang='lat' dir='ltr'><strong>cunctor,</strong></span> <span class='ocrx_word' id='word_1_14' title='bbox 1546 289 1674 345; x_wconf 80' lang='lat' dir='ltr'><strong>licet</strong></span> <span class='ocrx_word' id='word_1_15' title='bbox 1701 289 1753 351; x_wconf 79' lang='grc' dir='ltr'>Α</span> <span class='ocrx_word' id='word_1_16' title='bbox 1779 291 1920 348; x_wconf 80' lang='lat' dir='ltr'><strong>su&#39;m.</strong></span> <span class='ocrx_word' id='word_1_17' title='bbox 1974 287 2366 349; x_wconf 78' lang='lat' dir='ltr'><strong>Tantummodo</strong></span> <span class='ocrx_word' id='word_1_18' title='bbox 2393 293 2495 351; x_wconf 87' lang='lat' dir='ltr'><strong>hoc</strong></span> <span class='ocrx_word' id='word_1_19' title='bbox 2521 292 2725 349; x_wconf 89' lang='lat' dir='ltr'><strong>interea</strong></span> <span class='ocrx_word' id='word_1_20' title='bbox 2757 288 2964 363; x_wconf 87' lang='lat' dir='ltr'><strong>pando,</strong></span> <span class='ocrx_word' id='word_1_21' title='bbox 2994 302 3060 345; x_wconf 91' lang='lat' dir='ltr'><strong>eo</strong></span> <span class='ocrx_word' id='word_1_22' title='bbox 3092 286 3234 358; x_wconf 90' lang='lat' dir='ltr'><strong>quod</strong></span> <span class='ocrx_word' id='word_1_23' title='bbox 3260 298 3358 340; x_wconf 91' lang='lat' dir='ltr'><strong>vos</strong></span> 
     </span>
    </p>
   </div>
   <div class='ocr_carea' id='block_1_5' title="bbox 107 388 1674 471">
    <p class='ocr_par' dir='ltr' id='par_1_5' title="bbox 107 388 1674 471">
     <span class='ocr_line' id='line_1_5' title="bbox 107 388 1674 471; baseline -0.017 -3"><span class='ocrx_word' id='word_1_24' title='bbox 107 408 290 468; x_wconf 76' lang='lat' dir='ltr'><strong>dicatis</strong></span> <span class='ocrx_word' id='word_1_25' title='bbox 303 421 423 462; x_wconf 90' lang='lat' dir='ltr'><strong>eum</strong></span> <span class='ocrx_word' id='word_1_26' title='bbox 440 403 707 459; x_wconf 78' lang='lat' dir='ltr'><strong>invenisse</strong></span> <span class='ocrx_word' id='word_1_27' title='bbox 733 401 859 471; x_wconf 86' lang='lat' dir='ltr'><strong>quid</strong></span> <span class='ocrx_word' id='word_1_28' title='bbox 885 399 1106 455; x_wconf 79' lang='lat' dir='ltr'><strong>diceret.</strong></span> <span class='ocrx_word' id='word_1_29' title='bbox 1121 392 1483 450; x_wconf 87' lang='lat' dir='ltr'><strong>lnvenitenim</strong></span> <span class='ocrx_word' id='word_1_30' title='bbox 1499 397 1553 444; x_wconf 91' lang='lat' dir='ltr'><strong>et</strong></span> <span class='ocrx_word' id='word_1_31' title='bbox 1569 388 1674 443; x_wconf 89' lang='lat' dir='ltr'><strong>rite</strong></span> 
     </span>
    </p>
   </div>
   <div class='ocr_carea' id='block_1_6' title="bbox 103 481 1671 575">
    <p class='ocr_par' dir='ltr' id='par_1_6' title="bbox 103 481 1671 575">
     <span class='ocr_line' id='line_1_6' title="bbox 103 481 1671 575; baseline -0.014 -16"><span class='ocrx_word' id='word_1_32' title='bbox 103 500 317 575; x_wconf 86' lang='lat' dir='ltr'><strong>dignum</strong></span> <span class='ocrx_word' id='word_1_33' title='bbox 350 497 517 560; x_wconf 80' lang='lat' dir='ltr'><strong>dictu,</strong></span> <span class='ocrx_word' id='word_1_34' title='bbox 554 491 758 549; x_wconf 77' lang='lat' dir='ltr'><strong>im‘enit</strong></span> <span class='ocrx_word' id='word_1_35' title='bbox 790 492 918 562; x_wconf 89' lang='lat' dir='ltr'><strong>quid</strong></span> <span class='ocrx_word' id='word_1_36' title='bbox 944 490 1164 551; x_wconf 87' lang='lat' dir='ltr'><strong>diceret.</strong></span> <span class='ocrx_word' id='word_1_37' title='bbox 1198 497 1252 543; x_wconf 88' lang='lat' dir='ltr'><strong>et</strong></span> <span class='ocrx_word' id='word_1_38' title='bbox 1276 489 1418 556; x_wconf 87' lang='lat' dir='ltr'><strong>quod</strong></span> <span class='ocrx_word' id='word_1_39' title='bbox 1442 483 1576 540; x_wconf 78' lang='lat' dir='ltr'><strong>dixit</strong></span> <span class='ocrx_word' id='word_1_40' title='bbox 1604 481 1671 538; x_wconf 88' lang='lat' dir='ltr'><strong>ab</strong></span> 
     </span>
    </p>
   </div>
   <div class='ocr_carea' id='block_1_7' title="bbox 101 575 1672 653">
    <p class='ocr_par' dir='ltr' id='par_1_7' title="bbox 101 575 1672 653">
     <span class='ocr_line' id='line_1_7' title="bbox 101 575 1672 653; baseline -0.015 0"><span class='ocrx_word' id='word_1_41' title='bbox 101 592 347 653; x_wconf 90' lang='lat' dir='ltr'><strong>omnibus</strong></span> <span class='ocrx_word' id='word_1_42' title='bbox 362 585 618 645; x_wconf 80' lang='lat' dir='ltr'><strong>custodiri</strong></span> <span class='ocrx_word' id='word_1_43' title='bbox 640 584 817 640; x_wconf 92' lang='lat' dir='ltr'><strong>debet.</strong></span> <span class='ocrx_word' id='word_1_44' title='bbox 842 580 909 637; x_wconf 82' lang='lat' dir='ltr'><strong>Et</strong></span> <span class='ocrx_word' id='word_1_45' title='bbox 927 580 1178 652; x_wconf 86' lang='lat' dir='ltr'><strong>quoniam</strong></span> <span class='ocrx_word' id='word_1_46' title='bbox 1202 579 1356 634; x_wconf 87' lang='lat' dir='ltr'><strong>nobis</strong></span> <span class='ocrx_word' id='word_1_47' title='bbox 1374 575 1672 634; x_wconf 88' lang='lat' dir='ltr'><strong>Gallicanis</strong></span> 
     </span>
    </p>
   </div>
   <div class='ocr_carea' id='block_1_8' title="bbox 102 669 1678 754">
    <p class='ocr_par' dir='ltr' id='par_1_8' title="bbox 102 669 1678 754">
     <span class='ocr_line' id='line_1_8' title="bbox 102 669 1678 754; baseline -0.014 -11"><span class='ocrx_word' id='word_1_48' title='bbox 102 685 348 743; x_wconf 90' lang='lat' dir='ltr'><strong>omnibus</strong></span> <span class='ocrx_word' id='word_1_49' title='bbox 376 679 700 754; x_wconf 82' lang='lat' dir='ltr'><strong>generaliter</strong></span> <span class='ocrx_word' id='word_1_50' title='bbox 731 675 1045 732; x_wconf 90' lang='lat' dir='ltr'><strong>transmissa</strong></span> <span class='ocrx_word' id='word_1_51' title='bbox 1074 681 1157 730; x_wconf 92' lang='lat' dir='ltr'><strong>est</strong></span> <span class='ocrx_word' id='word_1_52' title='bbox 1184 670 1465 743; x_wconf 80' lang='lat' dir='ltr'><strong>episcOpis,</strong></span> <span class='ocrx_word' id='word_1_53' title='bbox 1498 669 1678 724; x_wconf 83' lang='lat' dir='ltr'><strong>incre-</strong></span> 
     </span>
    </p>
   </div>
   <div class='ocr_carea' id='block_1_9' title="bbox 101 760 1679 851">
    <p class='ocr_par' dir='ltr' id='par_1_9' title="bbox 101 760 1679 851">
     <span class='ocr_line' id='line_1_9' title="bbox 101 760 1679 851; baseline -0.015 -16"><span class='ocrx_word' id='word_1_54' title='bbox 101 794 229 851; x_wconf 87' lang='lat' dir='ltr'><strong>pans</strong></span> <span class='ocrx_word' id='word_1_55' title='bbox 263 791 361 832; x_wconf 89' lang='lat' dir='ltr'><strong>nos</strong></span> <span class='ocrx_word' id='word_1_56' title='bbox 386 790 447 829; x_wconf 88' lang='lat' dir='ltr'><strong>ac</strong></span> <span class='ocrx_word' id='word_1_57' title='bbox 474 772 538 827; x_wconf 89' lang='lat' dir='ltr'><strong>de</strong></span> <span class='ocrx_word' id='word_1_58' title='bbox 563 769 853 841; x_wconf 84' lang='lat' dir='ltr'><strong>increpatis</strong></span> <span class='ocrx_word' id='word_1_59' title='bbox 881 768 1175 831; x_wconf 79' lang='lat' dir='ltr'><strong>instruens,</strong></span> <span class='ocrx_word' id='word_1_60' title='bbox 1205 772 1259 820; x_wconf 89' lang='lat' dir='ltr'><strong>et</strong></span> <span class='ocrx_word' id='word_1_61' title='bbox 1281 778 1379 835; x_wconf 82' lang='lat' dir='ltr'><strong>ego</strong></span> <span class='ocrx_word' id='word_1_62' title='bbox 1405 760 1551 815; x_wconf 89' lang='lat' dir='ltr'><strong>illam</strong></span> <span class='ocrx_word' id='word_1_63' title='bbox 1581 772 1679 830; x_wconf 86' lang='lat' dir='ltr'><strong>per</strong></span> 
     </span>
    </p>
   </div>
   <div class='ocr_carea' id='block_1_10' title="bbox 102 851 1676 935">
    <p class='ocr_par' dir='ltr' id='par_1_10' title="bbox 102 851 1676 935">
     <span class='ocr_line' id='line_1_10' title="bbox 102 851 1676 935; baseline -0.015 -7"><span class='ocrx_word' id='word_1_64' title='bbox 102 888 192 928; x_wconf 87' lang='lat' dir='ltr'><strong>vos</strong></span> <span class='ocrx_word' id='word_1_65' title='bbox 220 884 323 925; x_wconf 88' lang='lat' dir='ltr'><strong>nec</strong></span> <span class='ocrx_word' id='word_1_66' title='bbox 347 866 537 923; x_wconf 87' lang='lat' dir='ltr'><strong>audire</strong></span> <span class='ocrx_word' id='word_1_67' title='bbox 574 879 672 921; x_wconf 91' lang='lat' dir='ltr'><strong>nec</strong></span> <span class='ocrx_word' id='word_1_68' title='bbox 696 862 945 935; x_wconf 90' lang='lat' dir='ltr'><strong>accipere</strong></span> <span class='ocrx_word' id='word_1_69' title='bbox 977 857 1167 924; x_wconf 90' lang='lat' dir='ltr'><strong>merui,</strong></span> <span class='ocrx_word' id='word_1_70' title='bbox 1199 856 1346 913; x_wconf 90' lang='lat' dir='ltr'><strong>velut</strong></span> <span class='ocrx_word' id='word_1_71' title='bbox 1376 870 1476 910; x_wconf 89' lang='lat' dir='ltr'><strong>nec</strong></span> <span class='ocrx_word' id='word_1_72' title='bbox 1508 851 1676 907; x_wconf 87' lang='lat' dir='ltr'><strong>ullam</strong></span> 
     </span>
    </p>
   </div>
   <div class='ocr_carea' id='block_1_11' title="bbox 99 946 1677 1031">
    <p class='ocr_par' dir='ltr' id='par_1_11' title="bbox 99 946 1677 1031">
     <span class='ocr_line' id='line_1_11' title="bbox 99 946 1677 1031; baseline -0.016 -5"><span class='ocrx_word' id='word_1_73' title='bbox 99 986 161 1026; x_wconf 76' lang='lat' dir='ltr'><strong>ex</strong></span> <span class='ocrx_word' id='word_1_74' title='bbox 187 965 501 1024; x_wconf 91' lang='lat' dir='ltr'><strong>authentico</strong></span> <span class='ocrx_word' id='word_1_75' title='bbox 522 964 575 1020; x_wconf 90' lang='lat' dir='ltr'><strong>in</strong></span> <span class='ocrx_word' id='word_1_76' title='bbox 600 962 697 1017; x_wconf 87' lang='lat' dir='ltr'><strong>bas</strong></span> <span class='ocrx_word' id='word_1_77' title='bbox 723 969 903 1031; x_wconf 90' lang='lat' dir='ltr'><strong>partes</strong></span> <span class='ocrx_word' id='word_1_78' title='bbox 925 956 1275 1018; x_wconf 84' lang='lat' dir='ltr'><strong>destinatam,</strong></span> <span class='ocrx_word' id='word_1_79' title='bbox 1306 948 1448 1021; x_wconf 78' lang='lat' dir='ltr'><strong>sicut</strong></span> <span class='ocrx_word' id='word_1_80' title='bbox 1472 963 1591 1002; x_wconf 87' lang='lat' dir='ltr'><strong>eam</strong></span> <span class='ocrx_word' id='word_1_81' title='bbox 1610 946 1677 1002; x_wconf 89' lang='lat' dir='ltr'><strong>ab</strong></span> 
     </span>
    </p>
   </div>
   <div class='ocr_carea' id='block_1_12' title="bbox 104 1040 1677 1122">
    <p class='ocr_par' dir='ltr' id='par_1_12' title="bbox 104 1040 1677 1122">
     <span class='ocr_line' id='line_1_12' title="bbox 104 1040 1677 1122; baseline -0.015 -5"><span class='ocrx_word' id='word_1_82' title='bbox 104 1061 220 1117; x_wconf 91' lang='lat' dir='ltr'><strong>aliis</strong></span> <span class='ocrx_word' id='word_1_83' title='bbox 244 1055 486 1122; x_wconf 82' lang='lat' dir='ltr'><strong>obtinui,</strong></span> <span class='ocrx_word' id='word_1_84' title='bbox 518 1052 670 1109; x_wconf 82' lang='lat' dir='ltr'><strong>vobis</strong></span> <span class='ocrx_word' id='word_1_85' title='bbox 710 1049 996 1107; x_wconf 89' lang='lat' dir='ltr'><strong>occasione</strong></span> <span class='ocrx_word' id='word_1_86' title='bbox 1039 1060 1137 1119; x_wconf 90' lang='lat' dir='ltr'><strong>pro</strong></span> <span class='ocrx_word' id='word_1_87' title='bbox 1165 1058 1227 1099; x_wconf 88' lang='lat' dir='ltr'><strong>re</strong></span> <span class='ocrx_word' id='word_1_88' title='bbox 1251 1058 1357 1098; x_wconf 91' lang='lat' dir='ltr'><strong>non</strong></span> <span class='ocrx_word' id='word_1_89' title='bbox 1385 1040 1452 1096; x_wconf 88' lang='lat' dir='ltr'><strong>ab</strong></span> <span class='ocrx_word' id='word_1_90' title='bbox 1486 1054 1544 1094; x_wconf 92' lang='lat' dir='ltr'><strong>re</strong></span> <span class='ocrx_word' id='word_1_91' title='bbox 1583 1054 1677 1094; x_wconf 81' lang='lat' dir='ltr'><strong>ac-</strong></span> 
     </span>
    </p>
   </div>
   <div class='ocr_carea' id='block_1_13' title="bbox 97 1130 1679 1222">
    <p class='ocr_par' dir='ltr' id='par_1_13' title="bbox 97 1130 1679 1222">
     <span class='ocr_line' id='line_1_13' title="bbox 97 1130 1679 1222; baseline -0.015 -14"><span class='ocrx_word' id='word_1_92' title='bbox 97 1162 268 1222; x_wconf 87' lang='lat' dir='ltr'><strong>cepta,</strong></span> <span class='ocrx_word' id='word_1_93' title='bbox 301 1149 389 1205; x_wconf 90' lang='lat' dir='ltr'><strong>hic</strong></span> <span class='ocrx_word' id='word_1_94' title='bbox 417 1164 483 1203; x_wconf 79' lang='lat' dir='ltr'><strong>ex</strong></span> <span class='ocrx_word' id='word_1_95' title='bbox 515 1146 722 1217; x_wconf 87' lang='lat' dir='ltr'><strong>integro</strong></span> <span class='ocrx_word' id='word_1_96' title='bbox 743 1140 1025 1212; x_wconf 87' lang='lat' dir='ltr'><strong>descripsi,</strong></span> <span class='ocrx_word' id='word_1_97' title='bbox 1050 1145 1317 1208; x_wconf 84' lang='lat' dir='ltr'><strong>quatenus</strong></span> <span class='ocrx_word' id='word_1_98' title='bbox 1335 1130 1679 1204; x_wconf 81' lang='lat' dir='ltr'><strong>cognoscatis</strong></span> 
     </span>
    </p>
   </div>
   <div class='ocr_carea' id='block_1_14' title="bbox 100 1225 1680 1313">
    <p class='ocr_par' dir='ltr' id='par_1_14' title="bbox 100 1225 1680 1313">
     <span class='ocr_line' id='line_1_14' title="bbox 100 1225 1680 1313; baseline -0.016 -13"><span class='ocrx_word' id='word_1_99' title='bbox 100 1259 182 1299; x_wconf 92' lang='lat' dir='ltr'><strong>me</strong></span> <span class='ocrx_word' id='word_1_100' title='bbox 205 1242 376 1313; x_wconf 87' lang='lat' dir='ltr'><strong>ipsius</strong></span> <span class='ocrx_word' id='word_1_101' title='bbox 406 1238 729 1310; x_wconf 76' lang='lat' dir='ltr'><strong>probitatem</strong></span> <span class='ocrx_word' id='word_1_102' title='bbox 762 1232 977 1305; x_wconf 88' lang='lat' dir='ltr'><strong>penitus</strong></span> <span class='ocrx_word' id='word_1_103' title='bbox 1013 1229 1191 1285; x_wconf 87' lang='lat' dir='ltr'><strong>debita</strong></span> <span class='ocrx_word' id='word_1_104' title='bbox 1224 1225 1507 1282; x_wconf 83' lang='lat' dir='ltr'><strong>devotione</strong></span> <span class='ocrx_word' id='word_1_105' title='bbox 1538 1235 1680 1276; x_wconf 85' lang='lat' dir='ltr'><strong>asse-</strong></span> 
     </span>
    </p>
   </div>
   <div class='ocr_carea' id='block_1_15' title="bbox 96 1315 1675 1403">
    <p class='ocr_par' dir='ltr' id='par_1_15' title="bbox 96 1315 1675 1403">
     <span class='ocr_line' id='line_1_15' title="bbox 96 1315 1675 1403; baseline -0.016 -12"><span class='ocrx_word' id='word_1_106' title='bbox 96 1343 274 1392; x_wconf 87' lang='lat' dir='ltr'><strong>cutam</strong></span> <span class='ocrx_word' id='word_1_107' title='bbox 318 1331 590 1403; x_wconf 87' lang='lat' dir='ltr'><strong>amplecti,</strong></span> <span class='ocrx_word' id='word_1_108' title='bbox 622 1345 686 1385; x_wconf 89' lang='lat' dir='ltr'><strong>ac</strong></span> <span class='ocrx_word' id='word_1_109' title='bbox 713 1327 812 1384; x_wconf 86' lang='lat' dir='ltr'><strong>etsi</strong></span> <span class='ocrx_word' id='word_1_110' title='bbox 839 1340 958 1379; x_wconf 86' lang='lat' dir='ltr'><strong>eam</strong></span> <span class='ocrx_word' id='word_1_111' title='bbox 993 1323 1151 1379; x_wconf 88' lang='lat' dir='ltr'><strong>aliter</strong></span> <span class='ocrx_word' id='word_1_112' title='bbox 1179 1319 1395 1376; x_wconf 78' lang='lat' dir='ltr'><strong>habetis</strong></span> <span class='ocrx_word' id='word_1_113' title='bbox 1423 1315 1675 1386; x_wconf 83' lang='lat' dir='ltr'><strong>elllagito,</strong></span> 
     </span>
    </p>
   </div>
   <div class='ocr_carea' id='block_1_16' title="bbox 96 1410 1678 1498">
    <p class='ocr_par' dir='ltr' id='par_1_16' title="bbox 96 1410 1678 1498">
     <span class='ocr_line' id='line_1_16' title="bbox 96 1410 1678 1498; baseline -0.013 -16"><span class='ocrx_word' id='word_1_114' title='bbox 96 1426 176 1484; x_wconf 91' lang='lat' dir='ltr'><strong>vel</strong></span> <span class='ocrx_word' id='word_1_115' title='bbox 228 1440 336 1498; x_wconf 78' lang='lat' dir='ltr'><strong>pax</strong></span> <span class='ocrx_word' id='word_1_116' title='bbox 377 1421 507 1480; x_wconf 89' lang='lat' dir='ltr'><strong>illud</strong></span> <span class='ocrx_word' id='word_1_117' title='bbox 546 1436 690 1479; x_wconf 88' lang='lat' dir='ltr'><strong>nunc</strong></span> <span class='ocrx_word' id='word_1_118' title='bbox 730 1419 862 1475; x_wconf 90' lang='lat' dir='ltr'><strong>mihi</strong></span> <span class='ocrx_word' id='word_1_119' title='bbox 899 1434 929 1473; x_wconf 88' lang='lat' dir='ltr'><strong>a</strong></span> <span class='ocrx_word' id='word_1_120' title='bbox 974 1415 1128 1471; x_wconf 83' lang='lat' dir='ltr'><strong>vobis</strong></span> <span class='ocrx_word' id='word_1_121' title='bbox 1177 1411 1445 1484; x_wconf 83' lang='lat' dir='ltr'><strong>pateﬁeri.</strong></span> <span class='ocrx_word' id='word_1_122' title='bbox 1473 1410 1678 1463; x_wconf 77' lang='lat' dir='ltr'><strong>&#39;l‘cxtus</strong></span> 
     </span>
    </p>
   </div>
   <div class='ocr_carea' id='block_1_17' title="bbox 92 1502 1648 1593">
    <p class='ocr_par' dir='ltr' id='par_1_17' title="bbox 92 1502 1648 1593">
     <span class='ocr_line' id='line_1_17' title="bbox 92 1502 1648 1593; baseline -0.017 -15"><span class='ocrx_word' id='word_1_123' title='bbox 92 1518 235 1579; x_wconf 89' lang='lat' dir='ltr'><strong>enim</strong></span> <span class='ocrx_word' id='word_1_124' title='bbox 276 1520 447 1593; x_wconf 90' lang='lat' dir='ltr'><strong>ipsius</strong></span> <span class='ocrx_word' id='word_1_125' title='bbox 476 1518 577 1574; x_wconf 87' lang='lat' dir='ltr'><strong>iste</strong></span> <span class='ocrx_word' id='word_1_126' title='bbox 603 1513 834 1572; x_wconf 85' lang='lat' dir='ltr'><strong>habetur</strong></span> <span class='ocrx_word' id='word_1_127' title='bbox 866 1507 1343 1583; x_wconf 82' lang='lat' dir='ltr'><strong>indefatigabiliter</strong></span> <span class='ocrx_word' id='word_1_128' title='bbox 1370 1502 1648 1559; x_wconf 89' lang='lat' dir='ltr'><strong>tenendus.</strong></span> 
     </span>
    </p>
   </div>
   <div class='ocr_carea' id='block_1_18' title="bbox 95 1619 1679 1709">
    <p class='ocr_par' dir='ltr' id='par_1_18' title="bbox 95 1619 1679 1709">
     <span class='ocr_line' id='line_1_18' title="bbox 95 1619 1679 1709; baseline -0.015 -17"><span class='ocrx_word' id='word_1_129' title='bbox 95 1633 334 1709; x_wconf 75' lang='lat' dir='ltr'><strong>Epistula</strong></span> <span class='ocrx_word' id='word_1_130' title='bbox 359 1630 615 1706; x_wconf 79' lang='lat' dir='ltr'><strong>generalis</strong></span> <span class='ocrx_word' id='word_1_131' title='bbox 631 1629 724 1709; x_wconf 51' lang='lat' dir='ltr'><strong>ad</strong></span> <span class='ocrx_word' id='word_1_132' title='bbox 734 1642 914 1709; x_wconf 65' lang='lat' dir='ltr'><strong>omnes</strong></span> <span class='ocrx_word' id='word_1_133' title='bbox 927 1623 1397 1709; x_wconf 59' lang='lat' dir='ltr'><strong>archiepiscopus“</strong></span> <span class='ocrx_word' id='word_1_134' title='bbox 1414 1619 1679 1687; x_wconf 69' lang='lat' dir='ltr'><strong>episcopos</strong></span> 
     </span>
    </p>
   </div>
   <div class='ocr_carea' id='block_1_19' title="bbox 623 1695 1168 1754">
    <p class='ocr_par' dir='ltr' id='par_1_19' title="bbox 623 1695 1168 1754">
     <span class='ocr_line' id='line_1_19' title="bbox 623 1695 1168 1754; baseline -0.018 0"><span class='ocrx_word' id='word_1_135' title='bbox 623 1697 919 1754; x_wconf 81' lang='lat' dir='ltr'><strong>Galliarum</strong></span> <span class='ocrx_word' id='word_1_136' title='bbox 949 1695 1003 1748; x_wconf 83' lang='lat' dir='ltr'><strong>di</strong></span> <span class='ocrx_word' id='word_1_137' title='bbox 1011 1703 1168 1748; x_wconf 85' lang='lat' dir='ltr'><strong>recta.</strong></span> 
     </span>
    </p>
   </div>
   <div class='ocr_carea' id='block_1_20' title="bbox 158 1777 1680 1870">
    <p class='ocr_par' dir='ltr' id='par_1_20' title="bbox 158 1777 1680 1870">
     <span class='ocr_line' id='line_1_20' title="bbox 158 1777 1680 1870; baseline -0.017 -16"><span class='ocrx_word' id='word_1_138' title='bbox 158 1797 451 1870; x_wconf 76' lang='lat' dir='ltr'><strong>Nicolaus,</strong></span> <span class='ocrx_word' id='word_1_139' title='bbox 491 1807 680 1850; x_wconf 90' lang='lat' dir='ltr'><strong>servus</strong></span> <span class='ocrx_word' id='word_1_140' title='bbox 726 1802 1004 1845; x_wconf 91' lang='lat' dir='ltr'><strong>servorum</strong></span> <span class='ocrx_word' id='word_1_141' title='bbox 1051 1782 1169 1848; x_wconf 88' lang='lat' dir='ltr'><strong>Dei,</strong></span> <span class='ocrx_word' id='word_1_142' title='bbox 1221 1788 1327 1837; x_wconf 89' lang='lat' dir='ltr'><strong>etc.</strong></span> <span class='ocrx_word' id='word_1_143' title='bbox 1376 1777 1515 1870; x_wconf 60' lang='lat' dir='ltr'><strong>Vide</strong></span> <span class='ocrx_word' id='word_1_144' title='bbox 1544 1777 1680 1870; x_wconf 64' lang='lat' dir='ltr'><strong>hanc</strong></span> 
     </span>
    </p>
   </div>
   <div class='ocr_carea' id='block_1_21' title="bbox 90 1866 1679 1967">
    <p class='ocr_par' dir='ltr' id='par_1_21' title="bbox 90 1866 1679 1967">
     <span class='ocr_line' id='line_1_21' title="bbox 90 1866 1679 1967; baseline -0.018 -17"><span class='ocrx_word' id='word_1_145' title='bbox 90 1890 370 1967; x_wconf 76' lang='lat' dir='ltr'><strong>epistolam</strong></span> <span class='ocrx_word' id='word_1_146' title='bbox 413 1866 507 1945; x_wconf 76' lang='lat' dir='ltr'><strong>sub</strong></span> <span class='ocrx_word' id='word_1_147' title='bbox 553 1903 699 1942; x_wconf 83' lang='lat' dir='ltr'><strong>num.</strong></span> <span class='ocrx_word' id='word_1_148' title='bbox 739 1879 809 1937; x_wconf 85' lang='lat'><strong>76</strong></span> <span class='ocrx_word' id='word_1_149' title='bbox 844 1881 982 1936; x_wconf 82' lang='lat' dir='ltr'><strong>inter</strong></span> <span class='ocrx_word' id='word_1_150' title='bbox 1006 1878 1202 1948; x_wconf 85' lang='lat' dir='ltr'><strong>scripta</strong></span> <span class='ocrx_word' id='word_1_151' title='bbox 1232 1870 1444 1929; x_wconf 74' lang='grc' dir='ltr'><strong>Νίσοιαί</strong></span> <span class='ocrx_word' id='word_1_152' title='bbox 1485 1866 1535 1937; x_wconf 88' lang='grc'><strong>1,</strong></span> <span class='ocrx_word' id='word_1_153' title='bbox 1566 1866 1679 1923; x_wconf 88' lang='grc' dir='ltr'><strong>Ρα-</strong></span> 
     </span>
    </p>
   </div>
   <div class='ocr_carea' id='block_1_22' title="bbox 87 1974 734 2057">
    <p class='ocr_par' dir='ltr' id='par_1_22' title="bbox 87 1974 734 2057">
     <span class='ocr_line' id='line_1_22' title="bbox 87 1974 734 2057; baseline -0.019 -15"><span class='ocrx_word' id='word_1_154' title='bbox 87 1985 337 2057; x_wconf 69' lang='lat' dir='ltr'><strong>trologite</strong></span> <span class='ocrx_word' id='word_1_155' title='bbox 363 1993 503 2037; x_wconf 86' lang='lat' dir='ltr'><strong>tomo</strong></span> <span class='ocrx_word' id='word_1_156' title='bbox 530 1974 734 2034; x_wconf 83' lang='lat' dir='ltr'><em>CXIX.</em></span> 
     </span>
    </p>
   </div>
   <div class='ocr_carea' id='block_1_23' title="bbox 158 2054 1682 2144">
    <p class='ocr_par' dir='ltr' id='par_1_23' title="bbox 158 2054 1682 2144">
     <span class='ocr_line' id='line_1_23' title="bbox 158 2054 1682 2144; baseline -0.016 -9"><span class='ocrx_word' id='word_1_157' title='bbox 158 2054 341 2138; x_wconf 71' lang='lat' dir='ltr'><strong>Porro</strong></span> <span class='ocrx_word' id='word_1_158' title='bbox 390 2078 530 2134; x_wconf 88' lang='lat' dir='ltr'><strong>sicut</strong></span> <span class='ocrx_word' id='word_1_159' title='bbox 571 2068 863 2144; x_wconf 87' lang='lat' dir='ltr'><strong>scripsistis</strong></span> <span class='ocrx_word' id='word_1_160' title='bbox 889 2081 1008 2123; x_wconf 90' lang='lat' dir='ltr'><strong>mos</strong></span> <span class='ocrx_word' id='word_1_161' title='bbox 1060 2072 1143 2121; x_wconf 89' lang='lat' dir='ltr'><strong>est</strong></span> <span class='ocrx_word' id='word_1_162' title='bbox 1189 2058 1495 2133; x_wconf 70' lang='lat' dir='ltr'><strong>apostolicae</strong></span> <span class='ocrx_word' id='word_1_163' title='bbox 1533 2054 1682 2112; x_wconf 86' lang='lat' dir='ltr'><strong>sedis</strong></span> 
     </span>
    </p>
   </div>
   <div class='ocr_carea' id='block_1_24' title="bbox 52 2145 1683 2246">
    <p class='ocr_par' dir='ltr' id='par_1_24' title="bbox 52 2145 1683 2246">
     <span class='ocr_line' id='line_1_24' title="bbox 52 2145 1683 2246; baseline -0.019 -15"><span class='ocrx_word' id='word_1_164' title='bbox 52 2170 449 2246; x_wconf 64' lang='lat' dir='ltr'><strong>&#39;pOutiiicibus</strong></span> <span class='ocrx_word' id='word_1_165' title='bbox 480 2156 524 2233; x_wconf 65' lang='grc'><strong>,’</strong></span> <span class='ocrx_word' id='word_1_166' title='bbox 550 2173 607 2220; x_wconf 89' lang='lat' dir='ltr'><strong>ut</strong></span> <span class='ocrx_word' id='word_1_167' title='bbox 650 2162 814 2219; x_wconf 89' lang='lat' dir='ltr'><strong>verba</strong></span> <span class='ocrx_word' id='word_1_168' title='bbox 866 2158 1209 2215; x_wconf 82' lang='lat' dir='ltr'><strong>decessurum</strong></span> <span class='ocrx_word' id='word_1_169' title='bbox 1262 2165 1479 2207; x_wconf 89' lang='lat' dir='ltr'><strong>suorum</strong></span> <span class='ocrx_word' id='word_1_170' title='bbox 1529 2145 1683 2246; x_wconf 81' lang='lat' dir='ltr'><strong>quasi</strong></span> 
     </span>
    </p>
   </div>
   <div class='ocr_carea' id='block_1_25' title="bbox 84 2240 1686 2337">
    <p class='ocr_par' dir='ltr' id='par_1_25' title="bbox 84 2240 1686 2337">
     <span class='ocr_line' id='line_1_25' title="bbox 84 2240 1686 2337; baseline -0.016 -18"><span class='ocrx_word' id='word_1_171' title='bbox 84 2240 317 2337; x_wconf 76' lang='lat' dir='ltr'><strong>propria</strong></span> <span class='ocrx_word' id='word_1_172' title='bbox 367 2260 419 2315; x_wconf 91' lang='lat' dir='ltr'><strong>in</strong></span> <span class='ocrx_word' id='word_1_173' title='bbox 481 2257 594 2313; x_wconf 83' lang='lat' dir='ltr'><strong>suis</strong></span> <span class='ocrx_word' id='word_1_174' title='bbox 639 2260 842 2327; x_wconf 88' lang='lat' dir='ltr'><strong>ponant</strong></span> <span class='ocrx_word' id='word_1_175' title='bbox 888 2246 1152 2321; x_wconf 89' lang='lat' dir='ltr'><strong>epistolis,</strong></span> <span class='ocrx_word' id='word_1_176' title='bbox 1209 2252 1490 2315; x_wconf 86' lang='lat' dir='ltr'><strong>quatenus,</strong></span> <span class='ocrx_word' id='word_1_177' title='bbox 1545 2240 1686 2295; x_wconf 88' lang='lat' dir='ltr'><strong>sicut</strong></span> 
     </span>
    </p>
   </div>
   <div class='ocr_carea' id='block_1_26' title="bbox 88 2337 1684 2429">
    <p class='ocr_par' dir='ltr' id='par_1_26' title="bbox 88 2337 1684 2429">
     <span class='ocr_line' id='line_1_26' title="bbox 88 2337 1684 2429; baseline -0.017 -17"><span class='ocrx_word' id='word_1_178' title='bbox 88 2351 458 2429; x_wconf 84' lang='lat' dir='ltr'><strong>Symmachus</strong></span> <span class='ocrx_word' id='word_1_179' title='bbox 484 2366 618 2421; x_wconf 88' lang='lat' dir='ltr'><strong>papa</strong></span> <span class='ocrx_word' id='word_1_180' title='bbox 649 2348 748 2413; x_wconf 90' lang='lat' dir='ltr'><strong>ait,</strong></span> <span class='ocrx_word' id='word_1_181' title='bbox 801 2366 819 2397; x_wconf 88' lang='grc'><strong>‹</strong></span> <span class='ocrx_word' id='word_1_182' title='bbox 848 2340 1155 2400; x_wconf 90' lang='lat' dir='ltr'><strong>roborando</strong></span> <span class='ocrx_word' id='word_1_183' title='bbox 1197 2353 1315 2409; x_wconf 83' lang='lat' dir='ltr'><strong>quae</strong></span> <span class='ocrx_word' id='word_1_184' title='bbox 1356 2342 1539 2429; x_wconf 36' lang='lat' dir='ltr'><strong>gestaA</strong></span> <span class='ocrx_word' id='word_1_185' title='bbox 1560 2337 1684 2429; x_wconf 81' lang='lat' dir='ltr'><strong>sunt</strong></span> 
     </span>
    </p>
   </div>
   <div class='ocr_carea' id='block_1_27' title="bbox 89 2423 1683 2511">
    <p class='ocr_par' dir='ltr' id='par_1_27' title="bbox 89 2423 1683 2511">
     <span class='ocr_line' id='line_1_27' title="bbox 89 2423 1683 2511; baseline -0.018 -5"><span class='ocrx_word' id='word_1_186' title='bbox 89 2423 301 2505; x_wconf 76' lang='lat' dir='ltr'><strong>faciant</strong></span> <span class='ocrx_word' id='word_1_187' title='bbox 331 2454 449 2500; x_wconf 83' lang='lat' dir='ltr'><strong>rata</strong></span> <span class='ocrx_word' id='word_1_188' title='bbox 479 2458 598 2498; x_wconf 89' lang='lat' dir='ltr'><strong>esse</strong></span> <span class='ocrx_word' id='word_1_189' title='bbox 627 2456 746 2511; x_wconf 80' lang='lat' dir='ltr'><strong>quae</strong></span> <span class='ocrx_word' id='word_1_190' title='bbox 782 2443 1085 2511; x_wconf 88' lang='lat' dir='ltr'><strong>gesserunt.</strong></span> <span class='ocrx_word' id='word_1_191' title='bbox 1122 2453 1140 2485; x_wconf 75' lang='grc' dir='ltr'><strong><em>ι</em></strong></span> <span class='ocrx_word' id='word_1_192' title='bbox 1203 2428 1467 2498; x_wconf 87' lang='lat' dir='ltr'><strong>Quocirca</strong></span> <span class='ocrx_word' id='word_1_193' title='bbox 1512 2423 1683 2480; x_wconf 80' lang='lat' dir='ltr'><strong>ﬁrmi-</strong></span> 
     </span>
    </p>
   </div>
   <div class='ocr_carea' id='block_1_28' title="bbox 89 2514 1687 2605">
    <p class='ocr_par' dir='ltr' id='par_1_28' title="bbox 89 2514 1687 2605">
     <span class='ocr_line' id='line_1_28' title="bbox 89 2514 1687 2605; baseline -0.017 -9"><span class='ocrx_word' id='word_1_194' title='bbox 89 2550 170 2596; x_wconf 94' lang='lat' dir='ltr'><strong>ter</strong></span> <span class='ocrx_word' id='word_1_195' title='bbox 203 2548 392 2602; x_wconf 84' lang='lat' dir='ltr'><strong>teneo,</strong></span> <span class='ocrx_word' id='word_1_196' title='bbox 418 2534 463 2591; x_wconf 90' lang='lat' dir='ltr'><strong>si</strong></span> <span class='ocrx_word' id='word_1_197' title='bbox 489 2529 872 2605; x_wconf 87' lang='lat' dir='ltr'><strong>quaterniones</strong></span> <span class='ocrx_word' id='word_1_198' title='bbox 891 2524 1058 2582; x_wconf 84' lang='lat' dir='ltr'><strong>vestri</strong></span> <span class='ocrx_word' id='word_1_199' title='bbox 1103 2521 1166 2578; x_wconf 91' lang='lat' dir='ltr'><strong>ad</strong></span> <span class='ocrx_word' id='word_1_200' title='bbox 1214 2518 1519 2591; x_wconf 65' lang='lat' dir='ltr'><strong>apostolicae</strong></span> <span class='ocrx_word' id='word_1_201' title='bbox 1543 2514 1687 2571; x_wconf 82' lang='lat' dir='ltr'><strong>sedis</strong></span> 
     </span>
    </p>
   </div>
   <div class='ocr_carea' id='block_1_29' title="bbox 86 2604 1685 2703">
    <p class='ocr_par' dir='ltr' id='par_1_29' title="bbox 86 2604 1685 2703">
     <span class='ocr_line' id='line_1_29' title="bbox 86 2604 1685 2703; baseline -0.019 -15"><span class='ocrx_word' id='word_1_202' title='bbox 86 2627 445 2703; x_wconf 86' lang='lat' dir='ltr'><strong>pervenerint</strong></span> <span class='ocrx_word' id='word_1_203' title='bbox 471 2623 745 2685; x_wconf 87' lang='lat' dir='ltr'><strong>notitiam,</strong></span> <span class='ocrx_word' id='word_1_204' title='bbox 781 2618 871 2690; x_wconf 91' lang='lat' dir='ltr'><strong>qui</strong></span> <span class='ocrx_word' id='word_1_205' title='bbox 906 2623 1092 2673; x_wconf 86' lang='lat' dir='ltr'><strong>contra</strong></span> <span class='ocrx_word' id='word_1_206' title='bbox 1121 2609 1538 2682; x_wconf 89' lang='lat' dir='ltr'><strong>apostolicorum</strong></span> <span class='ocrx_word' id='word_1_207' title='bbox 1588 2604 1685 2703; x_wconf 81' lang='lat' dir='ltr'><strong>de-</strong></span> 
     </span>
    </p>
   </div>
   <div class='ocr_carea' id='block_1_30' title="bbox 90 2698 1689 2791">
    <p class='ocr_par' dir='ltr' id='par_1_30' title="bbox 90 2698 1689 2791">
     <span class='ocr_line' id='line_1_30' title="bbox 90 2698 1689 2791; baseline -0.018 -10"><span class='ocrx_word' id='word_1_208' title='bbox 90 2698 243 2781; x_wconf 78' lang='lat' dir='ltr'><strong>creta</strong></span> <span class='ocrx_word' id='word_1_209' title='bbox 273 2720 672 2791; x_wconf 85' lang='lat' dir='ltr'><strong>obloquuntur,</strong></span> <span class='ocrx_word' id='word_1_210' title='bbox 700 2712 898 2768; x_wconf 87' lang='lat' dir='ltr'><strong>nullius</strong></span> <span class='ocrx_word' id='word_1_211' title='bbox 929 2705 1185 2764; x_wconf 86' lang='lat' dir='ltr'><strong>momenti</strong></span> <span class='ocrx_word' id='word_1_212' title='bbox 1218 2702 1531 2764; x_wconf 87' lang='lat' dir='ltr'><strong>subsistent,</strong></span> <span class='ocrx_word' id='word_1_213' title='bbox 1561 2698 1689 2769; x_wconf 88' lang='lat' dir='ltr'><strong>quia</strong></span> 
     </span>
    </p>
   </div>
   <div class='ocr_carea' id='block_1_31' title="bbox 87 2794 1687 2887">
    <p class='ocr_par' dir='ltr' id='par_1_31' title="bbox 87 2794 1687 2887">
     <span class='ocr_line' id='line_1_31' title="bbox 87 2794 1687 2887; baseline -0.018 -17"><span class='ocrx_word' id='word_1_214' title='bbox 87 2832 207 2887; x_wconf 70' lang='lat' dir='ltr'><strong>qute</strong></span> <span class='ocrx_word' id='word_1_215' title='bbox 260 2815 500 2869; x_wconf 89' lang='lat' dir='ltr'><strong>domnus</strong></span> <span class='ocrx_word' id='word_1_216' title='bbox 554 2803 881 2862; x_wconf 89' lang='lat' dir='ltr'><strong>venerabilis</strong></span> <span class='ocrx_word' id='word_1_217' title='bbox 934 2815 1072 2871; x_wconf 87' lang='lat' dir='ltr'><strong>papa</strong></span> <span class='ocrx_word' id='word_1_218' title='bbox 1117 2794 1368 2851; x_wconf 89' lang='lat' dir='ltr'><strong>Nicolaus</strong></span> <span class='ocrx_word' id='word_1_219' title='bbox 1401 2833 1416 2857; x_wconf 94' lang='lat'><strong>,</strong></span> <span class='ocrx_word' id='word_1_220' title='bbox 1468 2804 1687 2887; x_wconf 79' lang='lat' dir='ltr'><strong>suorum</strong></span> 
     </span>
    </p>
   </div>
   <div class='ocr_carea' id='block_1_32' title="bbox 87 2881 1692 2976">
    <p class='ocr_par' dir='ltr' id='par_1_32' title="bbox 87 2881 1692 2976">
     <span class='ocr_line' id='line_1_32' title="bbox 87 2881 1692 2976; baseline -0.019 -13"><span class='ocrx_word' id='word_1_221' title='bbox 87 2881 341 2976; x_wconf 74' lang='lat' dir='ltr'><strong>exempla</strong></span> <span class='ocrx_word' id='word_1_222' title='bbox 392 2902 856 2975; x_wconf 78' lang='lat' dir='ltr'><strong>praedecessorum</strong></span> <span class='ocrx_word' id='word_1_223' title='bbox 883 2891 1119 2952; x_wconf 84' lang='lat' dir='ltr'><strong>imitans,</strong></span> <span class='ocrx_word' id='word_1_224' title='bbox 1151 2881 1526 2957; x_wconf 89' lang='lat' dir='ltr'><strong>prosequendo</strong></span> <span class='ocrx_word' id='word_1_225' title='bbox 1564 2896 1692 2936; x_wconf 89' lang='lat' dir='ltr'><strong>con-</strong></span> 
     </span>
    </p>
   </div>
   <div class='ocr_carea' id='block_1_33' title="bbox 88 2979 1693 3061">
    <p class='ocr_par' dir='ltr' id='par_1_33' title="bbox 88 2979 1693 3061">
     <span class='ocr_line' id='line_1_33' title="bbox 88 2979 1693 3061; baseline -0.019 -9"><span class='ocrx_word' id='word_1_226' title='bbox 88 2996 310 3061; x_wconf 88' lang='lat' dir='ltr'><strong>stituit,</strong></span> <span class='ocrx_word' id='word_1_227' title='bbox 364 2990 605 3060; x_wconf 19' lang='lat' dir='ltr'><strong>domnus.</strong></span> <span class='ocrx_word' id='word_1_228' title='bbox 642 3000 792 3057; x_wconf 82' lang='lat' dir='ltr'><strong>aeque</strong></span> <span class='ocrx_word' id='word_1_229' title='bbox 846 2979 1183 3038; x_wconf 87' lang='lat' dir='ltr'><strong>venerandus</strong></span> <span class='ocrx_word' id='word_1_230' title='bbox 1234 2989 1367 3046; x_wconf 86' lang='lat' dir='ltr'><strong>papa</strong></span> <span class='ocrx_word' id='word_1_231' title='bbox 1413 2983 1693 3027; x_wconf 88' lang='lat' dir='ltr'><strong>successor</strong></span> 
     </span>
    </p>
   </div>
   <div class='ocr_carea' id='block_1_34' title="bbox 88 3064 1686 3163">
    <p class='ocr_par' dir='ltr' id='par_1_34' title="bbox 88 3064 1686 3163">
     <span class='ocr_line' id='line_1_34' title="bbox 88 3064 1686 3163; baseline -0.021 -16"><span class='ocrx_word' id='word_1_232' title='bbox 88 3092 206 3163; x_wconf 87' lang='lat' dir='ltr'><strong>ipsa</strong></span> <span class='ocrx_word' id='word_1_233' title='bbox 235 3087 517 3144; x_wconf 82' lang='lat' dir='ltr'><strong>Adrianus</strong></span> <span class='ocrx_word' id='word_1_234' title='bbox 556 3097 675 3154; x_wconf 61' lang='lat' dir='ltr'><strong>quae</strong></span> <span class='ocrx_word' id='word_1_235' title='bbox 714 3078 781 3136; x_wconf 90' lang='lat' dir='ltr'><strong>ab</strong></span> <span class='ocrx_word' id='word_1_236' title='bbox 818 3093 882 3132; x_wconf 88' lang='lat' dir='ltr'><strong>eo</strong></span> <span class='ocrx_word' id='word_1_237' title='bbox 930 3084 1079 3147; x_wconf 86' lang='lat' dir='ltr'><strong>gesta</strong></span> <span class='ocrx_word' id='word_1_238' title='bbox 1118 3078 1243 3127; x_wconf 90' lang='lat' dir='ltr'><strong>sunt</strong></span> <span class='ocrx_word' id='word_1_239' title='bbox 1285 3064 1578 3163; x_wconf 73' lang='lat' dir='ltr'><strong>roborabit,</strong></span> <span class='ocrx_word' id='word_1_240' title='bbox 1626 3067 1686 3115; x_wconf 90' lang='lat' dir='ltr'><strong>ut</strong></span> 
     </span>
    </p>
   </div>
   <div class='ocr_carea' id='block_1_35' title="bbox 89 3152 1688 3245">
    <p class='ocr_par' dir='ltr' id='par_1_35' title="bbox 89 3152 1688 3245">
     <span class='ocr_line' id='line_1_35' title="bbox 89 3152 1688 3245; baseline -0.019 -6"><span class='ocrx_word' id='word_1_241' title='bbox 89 3152 260 3238; x_wconf 74' lang='lat' dir='ltr'><strong>faciat</strong></span> <span class='ocrx_word' id='word_1_242' title='bbox 282 3187 498 3235; x_wconf 88' lang='lat' dir='ltr'><strong>restare</strong></span> <span class='ocrx_word' id='word_1_243' title='bbox 527 3152 645 3244; x_wconf 78' lang='lat' dir='ltr'><strong>quae</strong></span> <span class='ocrx_word' id='word_1_244' title='bbox 674 3168 920 3245; x_wconf 81' lang='lat' dir='ltr'><strong>gesserit,</strong></span> <span class='ocrx_word' id='word_1_245' title='bbox 950 3175 1003 3222; x_wconf 89' lang='lat' dir='ltr'><strong>et</strong></span> <span class='ocrx_word' id='word_1_246' title='bbox 1032 3163 1170 3219; x_wconf 89' lang='lat' dir='ltr'><strong>sicut</strong></span> <span class='ocrx_word' id='word_1_247' title='bbox 1197 3155 1507 3228; x_wconf 84' lang='lat' dir='ltr'><strong>scripsistis,</strong></span> <span class='ocrx_word' id='word_1_248' title='bbox 1535 3152 1688 3245; x_wconf 71' lang='lat' dir='ltr'><strong>juxta</strong></span> 
     </span>
    </p>
   </div>
   <div class='ocr_carea' id='block_1_36' title="bbox 90 3241 1690 3340">
    <p class='ocr_par' dir='ltr' id='par_1_36' title="bbox 90 3241 1690 3340">
     <span class='ocr_line' id='line_1_36' title="bbox 90 3241 1690 3340; baseline -0.023 -9"><span class='ocrx_word' id='word_1_249' title='bbox 90 3288 304 3331; x_wconf 88' lang='lat' dir='ltr'><strong>morem</strong></span> <span class='ocrx_word' id='word_1_250' title='bbox 360 3241 863 3340; x_wconf 36' lang='lat' dir='ltr'><strong>apostolicmvsedis</strong></span> <span class='ocrx_word' id='word_1_251' title='bbox 909 3252 1256 3327; x_wconf 78' lang='lat' dir='ltr'><strong>pontificum,</strong></span> <span class='ocrx_word' id='word_1_252' title='bbox 1308 3248 1469 3303; x_wconf 88' lang='lat' dir='ltr'><strong>etiam</strong></span> <span class='ocrx_word' id='word_1_253' title='bbox 1528 3241 1690 3299; x_wconf 88' lang='lat' dir='ltr'><strong>verba</strong></span> 
     </span>
    </p>
   </div>
   <div class='ocr_carea' id='block_1_37' title="bbox 91 3340 1694 3437">
    <p class='ocr_par' dir='ltr' id='par_1_37' title="bbox 91 3340 1694 3437">
     <span class='ocr_line' id='line_1_37' title="bbox 91 3340 1694 3437; baseline -0.022 -12"><span class='ocrx_word' id='word_1_254' title='bbox 91 3369 257 3437; x_wconf 87' lang='lat' dir='ltr'><strong>hujus</strong></span> <span class='ocrx_word' id='word_1_255' title='bbox 289 3356 711 3436; x_wconf 74' lang='lat' dir='ltr'><strong>pmdecessoris</strong></span> <span class='ocrx_word' id='word_1_256' title='bbox 739 3353 820 3411; x_wconf 91' lang='lat' dir='ltr'><strong>sui</strong></span> <span class='ocrx_word' id='word_1_257' title='bbox 849 3349 1003 3422; x_wconf 90' lang='lat' dir='ltr'><strong>quasi</strong></span> <span class='ocrx_word' id='word_1_258' title='bbox 1030 3346 1245 3420; x_wconf 88' lang='lat' dir='ltr'><strong>propria</strong></span> <span class='ocrx_word' id='word_1_259' title='bbox 1278 3340 1486 3437; x_wconf 41' lang='lat' dir='ltr'><strong>in-suis</strong></span> <span class='ocrx_word' id='word_1_260' title='bbox 1528 3342 1694 3437; x_wconf 67' lang='lat' dir='ltr'><strong>ponet</strong></span> 
     </span>
    </p>
   </div>
   <div class='ocr_carea' id='block_1_38' title="bbox 91 3424 1689 3528">
    <p class='ocr_par' dir='ltr' id='par_1_38' title="bbox 91 3424 1689 3528">
     <span class='ocr_line' id='line_1_38' title="bbox 91 3424 1689 3528; baseline -0.022 -14"><span class='ocrx_word' id='word_1_261' title='bbox 91 3424 363 3528; x_wconf 70' lang='lat' dir='ltr'><strong>epistolis,</strong></span> <span class='ocrx_word' id='word_1_262' title='bbox 394 3460 582 3507; x_wconf 87' lang='lat' dir='ltr'><strong>contra</strong></span> <span class='ocrx_word' id='word_1_263' title='bbox 614 3457 802 3501; x_wconf 89' lang='lat' dir='ltr'><strong>omnes</strong></span> <span class='ocrx_word' id='word_1_264' title='bbox 841 3455 976 3511; x_wconf 87' lang='lat' dir='ltr'><strong>quos</strong></span> <span class='ocrx_word' id='word_1_265' title='bbox 1025 3434 1258 3493; x_wconf 87' lang='lat' dir='ltr'><strong>senserit</strong></span> <span class='ocrx_word' id='word_1_266' title='bbox 1295 3431 1555 3486; x_wconf 89' lang='lat' dir='ltr'><strong>adversus</strong></span> <span class='ocrx_word' id='word_1_267' title='bbox 1601 3424 1689 3480; x_wconf 89' lang='lat' dir='ltr'><strong>illa</strong></span> 
     </span>
    </p>
   </div>
   <div class='ocr_carea' id='block_1_39' title="bbox 89 3522 1693 3620">
    <p class='ocr_par' dir='ltr' id='par_1_39' title="bbox 89 3522 1693 3620">
     <span class='ocr_line' id='line_1_39' title="bbox 89 3522 1693 3620; baseline -0.021 -17"><span class='ocrx_word' id='word_1_268' title='bbox 242 3546 317 3602; x_wconf 89' lang='lat' dir='ltr'><strong>ab</strong></span> <span class='ocrx_word' id='word_1_269' title='bbox 346 3559 416 3599; x_wconf 90' lang='lat' dir='ltr'><strong>eo</strong></span> <span class='ocrx_word' id='word_1_270' title='bbox 445 3536 779 3612; x_wconf 82' lang='lat' dir='ltr'><strong>promulgata</strong></span> <span class='ocrx_word' id='word_1_271' title='bbox 808 3538 931 3588; x_wconf 90' lang='lat' dir='ltr'><strong>sunt</strong></span> <span class='ocrx_word' id='word_1_272' title='bbox 976 3527 1162 3584; x_wconf 88' lang='lat' dir='ltr'><strong>adniti.</strong></span> <span class='ocrx_word' id='word_1_273' title='bbox 1216 3522 1430 3579; x_wconf 88' lang='lat' dir='ltr'><strong>Etenim</strong></span> <span class='ocrx_word' id='word_1_274' title='bbox 1479 3524 1693 3620; x_wconf 50' lang='lat' dir='ltr'><strong>aposto:</strong></span> 
     </span>
    </p>
   </div>
   <div class='ocr_carea' id='block_1_40' title="bbox 89 3608 1695 3698">
    <p class='ocr_par' dir='ltr' id='par_1_40' title="bbox 89 3608 1695 3698">
     <span class='ocr_line' id='line_1_40' title="bbox 89 3608 1695 3698; baseline -0.022 1"><span class='ocrx_word' id='word_1_275' title='bbox 89 3608 212 3698; x_wconf 73' lang='lat' dir='ltr'><strong>lica:</strong></span> <span class='ocrx_word' id='word_1_276' title='bbox 229 3638 354 3696; x_wconf 89' lang='lat' dir='ltr'><strong>sedi</strong></span> <span class='ocrx_word' id='word_1_277' title='bbox 388 3608 576 3691; x_wconf 80' lang='lat' dir='ltr'><strong>obvias</strong></span> <span class='ocrx_word' id='word_1_278' title='bbox 597 3644 788 3685; x_wconf 89' lang='lat' dir='ltr'><strong>manus</strong></span> <span class='ocrx_word' id='word_1_279' title='bbox 813 3623 1012 3680; x_wconf 81' lang='lat' dir='ltr'><strong>inferre</strong></span> <span class='ocrx_word' id='word_1_280' title='bbox 1034 3618 1393 3692; x_wconf 87' lang='lat' dir='ltr'><strong>periculosum</strong></span> <span class='ocrx_word' id='word_1_281' title='bbox 1423 3620 1523 3677; x_wconf 88' lang='lat' dir='ltr'><strong>est,</strong></span> <span class='ocrx_word' id='word_1_282' title='bbox 1553 3608 1695 3681; x_wconf 90' lang='lat' dir='ltr'><strong>quod</strong></span> 
     </span>
    </p>
   </div>
   <div class='ocr_carea' id='block_1_41' title="bbox 94 3706 1695 3799">
    <p class='ocr_par' dir='ltr' id='par_1_41' title="bbox 94 3706 1695 3799">
     <span class='ocr_line' id='line_1_41' title="bbox 94 3706 1695 3799; baseline -0.021 -8"><span class='ocrx_word' id='word_1_283' title='bbox 94 3733 277 3791; x_wconf 90' lang='lat' dir='ltr'><strong>nullus</strong></span> <span class='ocrx_word' id='word_1_284' title='bbox 309 3742 554 3799; x_wconf 88' lang='lat' dir='ltr'><strong>unquam</strong></span> <span class='ocrx_word' id='word_1_285' title='bbox 588 3721 715 3779; x_wconf 83' lang='lat' dir='ltr'><strong>fecit</strong></span> <span class='ocrx_word' id='word_1_286' title='bbox 734 3719 874 3776; x_wconf 90' lang='lat' dir='ltr'><strong>sicut</strong></span> <span class='ocrx_word' id='word_1_287' title='bbox 892 3715 1088 3771; x_wconf 89' lang='lat' dir='ltr'><strong>melius</strong></span> <span class='ocrx_word' id='word_1_288' title='bbox 1106 3710 1295 3776; x_wconf 86' lang='lat' dir='ltr'><strong>nostis,</strong></span> <span class='ocrx_word' id='word_1_289' title='bbox 1317 3707 1407 3779; x_wconf 93' lang='lat' dir='ltr'><strong>qui</strong></span> <span class='ocrx_word' id='word_1_290' title='bbox 1431 3706 1495 3761; x_wconf 91' lang='lat' dir='ltr'><strong>de</strong></span> <span class='ocrx_word' id='word_1_291' title='bbox 1523 3719 1580 3760; x_wconf 91' lang='lat' dir='ltr'><strong>sc</strong></span> <span class='ocrx_word' id='word_1_292' title='bbox 1601 3717 1695 3799; x_wconf 83' lang='lat' dir='ltr'><strong>vo-</strong></span> 
     </span>
    </p>
   </div>
   <div class='ocr_carea' id='block_1_42' title="bbox 93 3795 1692 3897">
    <p class='ocr_par' dir='ltr' id='par_1_42' title="bbox 93 3795 1692 3897">
     <span class='ocr_line' id='line_1_42' title="bbox 93 3795 1692 3897; baseline -0.022 -15"><span class='ocrx_word' id='word_1_293' title='bbox 93 3795 479 3897; x_wconf 77' lang='lat' dir='ltr'><strong>luitjudicari.</strong></span> <span class='ocrx_word' id='word_1_294' title='bbox 518 3813 802 3871; x_wconf 77' lang='lat' dir='ltr'><strong>Enimvero</strong></span> <span class='ocrx_word' id='word_1_295' title='bbox 828 3808 951 3882; x_wconf 89' lang='lat' dir='ltr'><strong>quia</strong></span> <span class='ocrx_word' id='word_1_296' title='bbox 985 3808 1036 3861; x_wconf 92' lang='lat' dir='ltr'><strong>in</strong></span> <span class='ocrx_word' id='word_1_297' title='bbox 1087 3804 1288 3859; x_wconf 87' lang='lat' dir='ltr'><strong>eisdem</strong></span> <span class='ocrx_word' id='word_1_298' title='bbox 1311 3795 1692 3871; x_wconf 71' lang='lat' dir='ltr'><strong>&#39;quaternioni-</strong></span> 
     </span>
    </p>
   </div>
   <div class='ocr_carea' id='block_1_43' title="bbox 92 3892 1696 3975">
    <p class='ocr_par' dir='ltr' id='par_1_43' title="bbox 92 3892 1696 3975">
     <span class='ocr_line' id='line_1_43' title="bbox 92 3892 1696 3975; baseline -0.022 1"><span class='ocrx_word' id='word_1_299' title='bbox 92 3920 194 3975; x_wconf 82' lang='lat' dir='ltr'><strong>bus</strong></span> <span class='ocrx_word' id='word_1_300' title='bbox 213 3892 454 3973; x_wconf 31' lang='lat' dir='ltr'><strong>vvestris</strong></span> <span class='ocrx_word' id='word_1_301' title='bbox 479 3907 642 3965; x_wconf 86' lang='lat' dir='ltr'><strong>multa</strong></span> <span class='ocrx_word' id='word_1_302' title='bbox 674 3904 825 3961; x_wconf 88' lang='lat' dir='ltr'><strong>utilia</strong></span> <span class='ocrx_word' id='word_1_303' title='bbox 855 3900 1140 3962; x_wconf 87' lang='lat' dir='ltr'><strong>habentur,</strong></span> <span class='ocrx_word' id='word_1_304' title='bbox 1182 3910 1248 3950; x_wconf 79' lang='lat' dir='ltr'><strong>ex</strong></span> <span class='ocrx_word' id='word_1_305' title='bbox 1277 3892 1567 3948; x_wconf 91' lang='lat' dir='ltr'><strong>multorum</strong></span> <span class='ocrx_word' id='word_1_306' title='bbox 1602 3903 1696 3941; x_wconf 89' lang='lat' dir='ltr'><strong>au-</strong></span> 
     </span>
    </p>
   </div>
   <div class='ocr_carea' id='block_1_44' title="bbox 95 3980 1697 4071">
    <p class='ocr_par' dir='ltr' id='par_1_44' title="bbox 95 3980 1697 4071">
     <span class='ocr_line' id='line_1_44' title="bbox 95 3980 1697 4071; baseline -0.024 0"><span class='ocrx_word' id='word_1_307' title='bbox 95 4024 313 4071; x_wconf 87' lang='lat' dir='ltr'><strong>ctorum</strong></span> <span class='ocrx_word' id='word_1_308' title='bbox 343 4003 663 4065; x_wconf 86' lang='lat' dir='ltr'><strong>sententiis,</strong></span> <span class='ocrx_word' id='word_1_309' title='bbox 691 4007 949 4067; x_wconf 88' lang='lat' dir='ltr'><strong>tanquam</strong></span> <span class='ocrx_word' id='word_1_310' title='bbox 974 4009 1036 4049; x_wconf 85' lang='lat' dir='ltr'><strong>ex</strong></span> <span class='ocrx_word' id='word_1_311' title='bbox 1060 3987 1333 4045; x_wconf 87' lang='lat' dir='ltr'><strong>latissimis</strong></span> <span class='ocrx_word' id='word_1_312' title='bbox 1370 3982 1536 4056; x_wconf 85' lang='lat' dir='ltr'><strong>pratis</strong></span> <span class='ocrx_word' id='word_1_313' title='bbox 1562 3980 1697 4057; x_wconf 77' lang='lat' dir='ltr'><strong>vivis</strong></span> 
     </span>
    </p>
   </div>
   <div class='ocr_carea' id='block_1_45' title="bbox 95 4071 1697 4167">
    <p class='ocr_par' dir='ltr' id='par_1_45' title="bbox 95 4071 1697 4167">
     <span class='ocr_line' id='line_1_45' title="bbox 95 4071 1697 4167; baseline -0.021 -8"><span class='ocrx_word' id='word_1_314' title='bbox 95 4105 347 4161; x_wconf 83' lang='lat' dir='ltr'><strong>fontibus</strong></span> <span class='ocrx_word' id='word_1_315' title='bbox 396 4094 633 4167; x_wconf 90' lang='lat' dir='ltr'><strong>irrigatis</strong></span> <span class='ocrx_word' id='word_1_316' title='bbox 662 4091 917 4146; x_wconf 87' lang='lat' dir='ltr'><strong>dellorata</strong></span> <span class='ocrx_word' id='word_1_317' title='bbox 941 4126 955 4151; x_wconf 90' lang='lat'><strong>,</strong></span> <span class='ocrx_word' id='word_1_318' title='bbox 991 4083 1200 4138; x_wconf 88' lang='lat' dir='ltr'><strong>videtur</strong></span> <span class='ocrx_word' id='word_1_319' title='bbox 1248 4077 1375 4167; x_wconf 87' lang='lat' dir='ltr'><strong>mihi</strong></span> <span class='ocrx_word' id='word_1_320' title='bbox 1410 4084 1477 4167; x_wconf 72' lang='lat' dir='ltr'><strong>ut</strong></span> <span class='ocrx_word' id='word_1_321' title='bbox 1500 4089 1563 4167; x_wconf 80' lang='lat' dir='ltr'><strong>ex</strong></span> <span class='ocrx_word' id='word_1_322' title='bbox 1593 4071 1697 4126; x_wconf 86' lang='lat' dir='ltr'><strong>illis</strong></span> 
     </span>
    </p>
   </div>
   <div class='ocr_carea' id='block_1_46' title="bbox 94 4163 1697 4257">
    <p class='ocr_par' dir='ltr' id='par_1_46' title="bbox 94 4163 1697 4257">
     <span class='ocr_line' id='line_1_46' title="bbox 94 4163 1697 4257; baseline -0.023 -5"><span class='ocrx_word' id='word_1_323' title='bbox 94 4196 290 4251; x_wconf 90' lang='lat' dir='ltr'><strong>botrus</strong></span> <span class='ocrx_word' id='word_1_324' title='bbox 322 4163 666 4257; x_wconf 72' lang='lat' dir='ltr'><strong>carperetur,</strong></span> <span class='ocrx_word' id='word_1_325' title='bbox 686 4188 744 4235; x_wconf 88' lang='lat' dir='ltr'><strong>et</strong></span> <span class='ocrx_word' id='word_1_326' title='bbox 763 4178 913 4250; x_wconf 88' lang='lat' dir='ltr'><strong>spina</strong></span> <span class='ocrx_word' id='word_1_327' title='bbox 938 4180 1237 4229; x_wconf 84' lang='lat' dir='ltr'><strong>caveretur.</strong></span> <span class='ocrx_word' id='word_1_328' title='bbox 1262 4166 1329 4222; x_wconf 86' lang='lat' dir='ltr'><strong>At</strong></span> <span class='ocrx_word' id='word_1_329' title='bbox 1364 4167 1427 4219; x_wconf 91' lang='lat' dir='ltr'><strong>de</strong></span> <span class='ocrx_word' id='word_1_330' title='bbox 1462 4163 1547 4219; x_wconf 91' lang='lat' dir='ltr'><strong>his</strong></span> <span class='ocrx_word' id='word_1_331' title='bbox 1578 4175 1697 4231; x_wconf 68' lang='lat' dir='ltr'><strong>qua:</strong></span> 
     </span>
    </p>
   </div>
   <div class='ocr_carea' id='block_1_47' title="bbox 96 4256 1695 4351">
    <p class='ocr_par' dir='ltr' id='par_1_47' title="bbox 96 4256 1695 4351">
     <span class='ocr_line' id='line_1_47' title="bbox 96 4256 1695 4351; baseline -0.024 -7"><span class='ocrx_word' id='word_1_332' title='bbox 96 4290 162 4344; x_wconf 92' lang='lat' dir='ltr'><strong>de</strong></span> <span class='ocrx_word' id='word_1_333' title='bbox 193 4302 283 4341; x_wconf 87' lang='lat' dir='ltr'><strong>me</strong></span> <span class='ocrx_word' id='word_1_334' title='bbox 301 4286 357 4339; x_wconf 89' lang='lat' dir='ltr'><strong>in</strong></span> <span class='ocrx_word' id='word_1_335' title='bbox 394 4279 527 4351; x_wconf 87' lang='lat' dir='ltr'><strong>ipsis</strong></span> <span class='ocrx_word' id='word_1_336' title='bbox 554 4275 752 4345; x_wconf 86' lang='lat' dir='ltr'><strong>scripta</strong></span> <span class='ocrx_word' id='word_1_337' title='bbox 784 4271 957 4326; x_wconf 86' lang='lat' dir='ltr'><strong>adhuc</strong></span> <span class='ocrx_word' id='word_1_338' title='bbox 978 4265 1164 4341; x_wconf 77' lang='lat' dir='ltr'><strong>relegi,</strong></span> <span class='ocrx_word' id='word_1_339' title='bbox 1187 4259 1456 4333; x_wconf 83' lang='lat' dir='ltr'><strong>perfacilis</strong></span> <span class='ocrx_word' id='word_1_340' title='bbox 1479 4256 1695 4328; x_wconf 80' lang='lat' dir='ltr'><strong>quidem</strong></span> 
     </span>
    </p>
   </div>
   <div class='ocr_carea' id='block_1_48' title="bbox 95 4350 1695 4454">
    <p class='ocr_par' dir='ltr' id='par_1_48' title="bbox 95 4350 1695 4454">
     <span class='ocr_line' id='line_1_48' title="bbox 95 4350 1695 4454; baseline -0.023 -16"><span class='ocrx_word' id='word_1_341' title='bbox 95 4388 247 4454; x_wconf 86' lang='lat' dir='ltr'><strong>patet</strong></span> <span class='ocrx_word' id='word_1_342' title='bbox 291 4350 615 4445; x_wconf 85' lang='lat' dir='ltr'><strong>responsio,</strong></span> <span class='ocrx_word' id='word_1_343' title='bbox 642 4366 737 4423; x_wconf 84' lang='lat' dir='ltr'><strong>sed</strong></span> <span class='ocrx_word' id='word_1_344' title='bbox 754 4359 1099 4419; x_wconf 80' lang='lat' dir='ltr'><strong>verbositatis</strong></span> <span class='ocrx_word' id='word_1_345' title='bbox 1129 4350 1695 4454; x_wconf 53' lang='lat' dir='ltr'><strong>acloquacitatislabs-</strong></span> 
     </span>
    </p>
   </div>
   <div class='ocr_carea' id='block_1_49' title="bbox 98 4438 1696 4542">
    <p class='ocr_par' dir='ltr' id='par_1_49' title="bbox 98 4438 1696 4542">
     <span class='ocr_line' id='line_1_49' title="bbox 98 4438 1696 4542; baseline -0.022 -15"><span class='ocrx_word' id='word_1_346' title='bbox 98 4438 204 4542; x_wconf 73' lang='lat' dir='ltr'><strong>que</strong></span> <span class='ocrx_word' id='word_1_347' title='bbox 242 4438 595 4533; x_wconf 46' lang='lat' dir='ltr'><strong>salis-lepore</strong></span> <span class='ocrx_word' id='word_1_348' title='bbox 622 4456 945 4530; x_wconf 84' lang='lat' dir='ltr'><strong>perplurima</strong></span> <span class='ocrx_word' id='word_1_349' title='bbox 975 4449 1176 4519; x_wconf 77' lang='lat' dir='ltr'><strong>indiget</strong></span> <span class='ocrx_word' id='word_1_350' title='bbox 1194 4445 1521 4542; x_wconf 78' lang='lat' dir='ltr'><strong>prolixitate.</strong></span> <span class='ocrx_word' id='word_1_351' title='bbox 1548 4438 1696 4542; x_wconf 50' lang='lat' dir='ltr'><strong>(jun-</strong></span> 
     </span>
    </p>
   </div>
   <div class='ocr_carea' id='block_1_50' title="bbox 96 4533 1695 4620">
    <p class='ocr_par' dir='ltr' id='par_1_50' title="bbox 96 4533 1695 4620">
     <span class='ocr_line' id='line_1_50' title="bbox 96 4533 1695 4620; baseline -0.023 0"><span class='ocrx_word' id='word_1_352' title='bbox 96 4533 241 4620; x_wconf 78' lang='lat' dir='ltr'><strong>circa</strong></span> <span class='ocrx_word' id='word_1_353' title='bbox 273 4558 445 4615; x_wconf 86' lang='lat' dir='ltr'><strong>valde</strong></span> <span class='ocrx_word' id='word_1_354' title='bbox 471 4568 678 4616; x_wconf 79' lang='lat' dir='ltr'><strong>vereor,</strong></span> <span class='ocrx_word' id='word_1_355' title='bbox 729 4549 853 4619; x_wconf 89' lang='lat' dir='ltr'><strong>quia</strong></span> <span class='ocrx_word' id='word_1_356' title='bbox 890 4544 1009 4602; x_wconf 88' lang='lat' dir='ltr'><strong>talis</strong></span> <span class='ocrx_word' id='word_1_357' title='bbox 1053 4558 1082 4597; x_wconf 89' lang='lat' dir='ltr'><strong>a</strong></span> <span class='ocrx_word' id='word_1_358' title='bbox 1125 4540 1292 4596; x_wconf 88' lang='lat' dir='ltr'><strong>calice</strong></span> <span class='ocrx_word' id='word_1_359' title='bbox 1340 4536 1469 4592; x_wconf 92' lang='lat' dir='ltr'><strong>mihi</strong></span> <span class='ocrx_word' id='word_1_360' title='bbox 1518 4533 1695 4589; x_wconf 79' lang='lat' dir='ltr'><strong>taliter</strong></span> 
     </span>
    </p>
   </div>
   <div class='ocr_carea' id='block_1_51' title="bbox 96 4624 1692 4727">
    <p class='ocr_par' dir='ltr' id='par_1_51' title="bbox 96 4624 1692 4727">
     <span class='ocr_line' id='line_1_51' title="bbox 96 4624 1692 4727; baseline -0.022 -17"><span class='ocrx_word' id='word_1_361' title='bbox 96 4654 399 4727; x_wconf 83' lang='lat' dir='ltr'><strong>propinate</strong></span> <span class='ocrx_word' id='word_1_362' title='bbox 441 4642 775 4701; x_wconf 87' lang='lat' dir='ltr'><strong>derivabitur</strong></span> <span class='ocrx_word' id='word_1_363' title='bbox 816 4634 1114 4705; x_wconf 89' lang='lat' dir='ltr'><strong>rescriptio,</strong></span> <span class='ocrx_word' id='word_1_364' title='bbox 1141 4631 1312 4727; x_wconf 58' lang='lat' dir='ltr'><strong>_sicu_t</strong></span> <span class='ocrx_word' id='word_1_365' title='bbox 1345 4628 1410 4684; x_wconf 92' lang='lat' dir='ltr'><strong>de</strong></span> <span class='ocrx_word' id='word_1_366' title='bbox 1461 4624 1692 4697; x_wconf 90' lang='lat' dir='ltr'><strong>quodam</strong></span> 
     </span>
    </p>
   </div>
   <div class='ocr_carea' id='block_1_52' title="bbox 98 4720 1697 4805">
    <p class='ocr_par' dir='ltr' id='par_1_52' title="bbox 98 4720 1697 4805">
     <span class='ocr_line' id='line_1_52' title="bbox 98 4720 1697 4805; baseline -0.024 -1"><span class='ocrx_word' id='word_1_367' title='bbox 98 4720 390 4805; x_wconf 40' lang='lat' dir='ltr'><strong>seri-bitur,</strong></span> <span class='ocrx_word' id='word_1_368' title='bbox 426 4734 640 4805; x_wconf 87' lang='lat' dir='ltr'><strong>qualem</strong></span> <span class='ocrx_word' id='word_1_369' title='bbox 672 4740 727 4785; x_wconf 90' lang='lat' dir='ltr'><strong>et</strong></span> <span class='ocrx_word' id='word_1_370' title='bbox 746 4743 840 4782; x_wconf 92' lang='lat' dir='ltr'><strong>vos</strong></span> <span class='ocrx_word' id='word_1_371' title='bbox 865 4735 917 4781; x_wconf 91' lang='lat' dir='ltr'><strong>et</strong></span> <span class='ocrx_word' id='word_1_372' title='bbox 942 4740 1027 4779; x_wconf 91' lang='lat' dir='ltr'><strong>me</strong></span> <span class='ocrx_word' id='word_1_373' title='bbox 1051 4722 1245 4794; x_wconf 88' lang='lat' dir='ltr'><strong>pudeat</strong></span> <span class='ocrx_word' id='word_1_374' title='bbox 1275 4720 1472 4790; x_wconf 84' lang='lat' dir='ltr'><strong>legere,</strong></span> <span class='ocrx_word' id='word_1_375' title='bbox 1501 4723 1553 4770; x_wconf 90' lang='lat' dir='ltr'><strong>et</strong></span> <span class='ocrx_word' id='word_1_376' title='bbox 1576 4728 1697 4784; x_wconf 84' lang='lat' dir='ltr'><strong>gra-</strong></span> 
     </span>
    </p>
   </div>
   <div class='ocr_carea' id='block_1_53' title="bbox 98 4807 1695 4895">
    <p class='ocr_par' dir='ltr' id='par_1_53' title="bbox 98 4807 1695 4895">
     <span class='ocr_line' id='line_1_53' title="bbox 98 4807 1695 4895; baseline -0.022 -2"><span class='ocrx_word' id='word_1_377' title='bbox 98 4854 195 4895; x_wconf 88' lang='lat' dir='ltr'><strong>ves</strong></span> <span class='ocrx_word' id='word_1_378' title='bbox 222 4836 380 4890; x_wconf 89' lang='lat' dir='ltr'><strong>viros</strong></span> <span class='ocrx_word' id='word_1_379' title='bbox 413 4826 608 4884; x_wconf 65' lang='lat' dir='ltr'><strong>tardeat</strong></span> <span class='ocrx_word' id='word_1_380' title='bbox 641 4824 803 4878; x_wconf 90' lang='lat' dir='ltr'><strong>etiam</strong></span> <span class='ocrx_word' id='word_1_381' title='bbox 848 4817 1051 4873; x_wconf 87' lang='lat' dir='ltr'><strong>audire.</strong></span> <span class='ocrx_word' id='word_1_382' title='bbox 1101 4812 1436 4883; x_wconf 82' lang='lat' dir='ltr'><strong>Quapmpter</strong></span> <span class='ocrx_word' id='word_1_383' title='bbox 1477 4807 1521 4862; x_wconf 90' lang='lat' dir='ltr'><strong>si</strong></span> <span class='ocrx_word' id='word_1_384' title='bbox 1567 4819 1695 4877; x_wconf 90' lang='lat' dir='ltr'><strong>pos-</strong></span> 
     </span>
    </p>
   </div>
   <div class='ocr_carea' id='block_1_54' title="bbox 101 4896 1697 4992">
    <p class='ocr_par' dir='ltr' id='par_1_54' title="bbox 101 4896 1697 4992">
     <span class='ocr_line' id='line_1_54' title="bbox 101 4896 1697 4992; baseline -0.024 -7"><span class='ocrx_word' id='word_1_385' title='bbox 101 4944 240 4992; x_wconf 89' lang='lat' dir='ltr'><strong>sem,</strong></span> <span class='ocrx_word' id='word_1_386' title='bbox 280 4931 339 4980; x_wconf 91' lang='lat' dir='ltr'><strong>et</strong></span> <span class='ocrx_word' id='word_1_387' title='bbox 381 4916 541 4974; x_wconf 89' lang='lat' dir='ltr'><strong>vobis</strong></span> <span class='ocrx_word' id='word_1_388' title='bbox 572 4913 731 4967; x_wconf 91' lang='lat' dir='ltr'><strong>etiam</strong></span> <span class='ocrx_word' id='word_1_389' title='bbox 772 4908 1031 4980; x_wconf 89' lang='lat' dir='ltr'><strong>placeret,</strong></span> <span class='ocrx_word' id='word_1_390' title='bbox 1070 4904 1262 4975; x_wconf 89' lang='lat' dir='ltr'><strong>oppido</strong></span> <span class='ocrx_word' id='word_1_391' title='bbox 1298 4915 1416 4957; x_wconf 89' lang='lat' dir='ltr'><strong>eam</strong></span> <span class='ocrx_word' id='word_1_392' title='bbox 1458 4896 1697 4992; x_wconf 78' lang='lat' dir='ltr'><strong>devitarc</strong></span> 
     </span>
    </p>
   </div>
   <div class='ocr_carea' id='block_1_55' title="bbox 99 4986 1693 5092">
    <p class='ocr_par' dir='ltr' id='par_1_55' title="bbox 99 4986 1693 5092">
     <span class='ocr_line' id='line_1_55' title="bbox 99 4986 1693 5092; baseline -0.023 -15"><span class='ocrx_word' id='word_1_393' title='bbox 99 4986 379 5092; x_wconf 77' lang='lat' dir='ltr'><strong>Optarem.</strong></span> <span class='ocrx_word' id='word_1_394' title='bbox 438 5006 575 5062; x_wconf 86' lang='lat' dir='ltr'><strong>Nam</strong></span> <span class='ocrx_word' id='word_1_395' title='bbox 608 5003 671 5058; x_wconf 89' lang='lat' dir='ltr'><strong>de</strong></span> <span class='ocrx_word' id='word_1_396' title='bbox 696 5000 874 5059; x_wconf 88' lang='lat' dir='ltr'><strong>causis</strong></span> <span class='ocrx_word' id='word_1_397' title='bbox 900 4994 1235 5069; x_wconf 76' lang='lat' dir='ltr'><strong>generalibus</strong></span> <span class='ocrx_word' id='word_1_398' title='bbox 1261 4993 1456 5050; x_wconf 88' lang='lat' dir='ltr'><strong>ibidem</strong></span> <span class='ocrx_word' id='word_1_399' title='bbox 1487 4986 1693 5092; x_wconf 77' lang='lat' dir='ltr'><strong>positis,</strong></span> 
     </span>
    </p>
   </div>
   <div class='ocr_carea' id='block_1_56' title="bbox 99 5078 1696 5167">
    <p class='ocr_par' dir='ltr' id='par_1_56' title="bbox 99 5078 1696 5167">
     <span class='ocr_line' id='line_1_56' title="bbox 99 5078 1696 5167; baseline -0.024 0"><span class='ocrx_word' id='word_1_400' title='bbox 99 5078 402 5167; x_wconf 69' lang='lat' dir='ltr'><strong>decretalia</strong></span> <span class='ocrx_word' id='word_1_401' title='bbox 424 5099 685 5154; x_wconf 66' lang='lat' dir='ltr'><strong>Romana:</strong></span> <span class='ocrx_word' id='word_1_402' title='bbox 706 5091 847 5149; x_wconf 90' lang='lat' dir='ltr'><strong>sedis</strong></span> <span class='ocrx_word' id='word_1_403' title='bbox 865 5091 1000 5146; x_wconf 89' lang='lat' dir='ltr'><strong>satis</strong></span> <span class='ocrx_word' id='word_1_404' title='bbox 1020 5086 1332 5157; x_wconf 84' lang='lat' dir='ltr'><strong>abundeque</strong></span> <span class='ocrx_word' id='word_1_405' title='bbox 1352 5078 1696 5151; x_wconf 84' lang='lat' dir='ltr'><strong>respondent,</strong></span> 
     </span>
    </p>
   </div>
   <div class='ocr_carea' id='block_1_57' title="bbox 100 5167 1701 5266">
    <p class='ocr_par' dir='ltr' id='par_1_57' title="bbox 100 5167 1701 5266">
     <span class='ocr_line' id='line_1_57' title="bbox 100 5167 1701 5266; baseline -0.022 -8"><span class='ocrx_word' id='word_1_406' title='bbox 100 5210 296 5258; x_wconf 86' lang='lat' dir='ltr'><strong>contra</strong></span> <span class='ocrx_word' id='word_1_407' title='bbox 338 5206 470 5266; x_wconf 64' lang='lat' dir='ltr'><strong>quae</strong></span> <span class='ocrx_word' id='word_1_408' title='bbox 509 5185 679 5242; x_wconf 87' lang='lat' dir='ltr'><strong>nullas</strong></span> <span class='ocrx_word' id='word_1_409' title='bbox 737 5182 1159 5255; x_wconf 86' lang='lat' dir='ltr'><strong>propositionum</strong></span> <span class='ocrx_word' id='word_1_410' title='bbox 1206 5179 1478 5248; x_wconf 76' lang='lat' dir='ltr'><strong>ambages,</strong></span> <span class='ocrx_word' id='word_1_411' title='bbox 1527 5167 1701 5266; x_wconf 78' lang='lat' dir='ltr'><strong>nullas</strong></span> 
     </span>
    </p>
   </div>
   <div class='ocr_carea' id='block_1_58' title="bbox 419 5278 842 5304">
    <p class='ocr_par' dir='ltr' id='par_1_58' title="bbox 419 5278 842 5304">
     <span class='ocr_line' id='line_1_58' title="bbox 419 5278 842 5304; baseline 0 0"><span class='ocrx_word' id='word_1_412' title='bbox 419 5278 723 5304; x_wconf 62' lang='lat' dir='ltr'><strong>__.-..I:Annn</strong></span> <span class='ocrx_word' id='word_1_413' title='bbox 778 5289 842 5304; x_wconf 71' lang='lat' dir='ltr'><strong>nn</strong></span> 
     </span>
    </p>
   </div>
   <div class='ocr_carea' id='block_1_59' title="bbox 849 5260 1747 5304">
    <p class='ocr_par' dir='ltr' id='par_1_59' title="bbox 849 5260 1747 5304">
     <span class='ocr_line' id='line_1_59' title="bbox 849 5260 1747 5304; baseline -0.001 0"><span class='ocrx_word' id='word_1_414' title='bbox 849 5282 866 5304; x_wconf 70' lang='grc' dir='ltr'>θ</span> <span class='ocrx_word' id='word_1_415' title='bbox 894 5269 1263 5304; x_wconf 44' lang='lat' dir='ltr'><strong>enm-inopen“</strong></span> <span class='ocrx_word' id='word_1_416' title='bbox 1301 5260 1702 5304; x_wconf 62' lang='grc' dir='ltr'><strong>ιηιιπηηιηιίο-</strong></span> <span class='ocrx_word' id='word_1_417' title='bbox 1735 5274 1747 5284; x_wconf 79' lang='grc'><strong>⁸</strong></span> 
     </span>
    </p>
   </div>
   <div class='ocr_carea' id='block_1_60' title="bbox 1779 378 3352 455">
    <p class='ocr_par' dir='ltr' id='par_1_60' title="bbox 1779 378 3352 455">
     <span class='ocr_line' id='line_1_60' title="bbox 1779 378 3352 455; baseline -0.004 -16"><span class='ocrx_word' id='word_1_418' title='bbox 1779 384 2073 439; x_wconf 82' lang='lat' dir='ltr'><strong>inauditam</strong></span> <span class='ocrx_word' id='word_1_419' title='bbox 2105 384 2273 449; x_wconf 90' lang='lat' dir='ltr'><strong>illam,</strong></span> <span class='ocrx_word' id='word_1_420' title='bbox 2302 400 2366 441; x_wconf 89' lang='lat' dir='ltr'><strong>ac</strong></span> <span class='ocrx_word' id='word_1_421' title='bbox 2388 393 2578 440; x_wconf 89' lang='lat' dir='ltr'><strong>contra</strong></span> <span class='ocrx_word' id='word_1_422' title='bbox 2622 381 2971 455; x_wconf 90' lang='lat' dir='ltr'><strong>apostolicam</strong></span> <span class='ocrx_word' id='word_1_423' title='bbox 3025 378 3352 444; x_wconf 87' lang='lat' dir='ltr'><strong>doctrinam,</strong></span> 
     </span>
    </p>
   </div>
   <div class='ocr_carea' id='block_1_61' title="bbox 1777 472 3357 534">
    <p class='ocr_par' dir='ltr' id='par_1_61' title="bbox 1777 472 3357 534">
     <span class='ocr_line' id='line_1_61' title="bbox 1777 472 3357 534; baseline -0.003 -2"><span class='ocrx_word' id='word_1_424' title='bbox 1777 478 1841 532; x_wconf 75' lang='lat' dir='ltr'><strong>et</strong></span> <span class='ocrx_word' id='word_1_425' title='bbox 1859 485 2049 533; x_wconf 87' lang='lat' dir='ltr'><strong>contra</strong></span> <span class='ocrx_word' id='word_1_426' title='bbox 2080 477 2496 534; x_wconf 87' lang='lat' dir='ltr'><strong>ecclesiasticam</strong></span> <span class='ocrx_word' id='word_1_427' title='bbox 2522 477 2807 534; x_wconf 88' lang='lat' dir='ltr'><strong>veritatem</strong></span> <span class='ocrx_word' id='word_1_428' title='bbox 2832 474 2998 531; x_wconf 86' lang='lat' dir='ltr'><strong>fuisse</strong></span> <span class='ocrx_word' id='word_1_429' title='bbox 3035 472 3357 531; x_wconf 89' lang='lat' dir='ltr'><strong>asseveratis</strong></span> 
     </span>
    </p>
   </div>
   <div class='ocr_carea' id='block_1_62' title="bbox 1778 566 3359 642">
    <p class='ocr_par' dir='ltr' id='par_1_62' title="bbox 1778 566 3359 642">
     <span class='ocr_line' id='line_1_62' title="bbox 1778 566 3359 642; baseline -0.001 -17"><span class='ocrx_word' id='word_1_430' title='bbox 1778 570 1999 637; x_wconf 78' lang='lat' dir='ltr'><strong>factam,</strong></span> <span class='ocrx_word' id='word_1_431' title='bbox 2036 586 2141 627; x_wconf 91' lang='lat' dir='ltr'><strong>non</strong></span> <span class='ocrx_word' id='word_1_432' title='bbox 2186 569 2345 627; x_wconf 88' lang='lat' dir='ltr'><strong>aliam</strong></span> <span class='ocrx_word' id='word_1_433' title='bbox 2381 570 2549 637; x_wconf 90' lang='lat' dir='ltr'><strong>illam,</strong></span> <span class='ocrx_word' id='word_1_434' title='bbox 2578 586 2741 642; x_wconf 90' lang='lat' dir='ltr'><strong>quam</strong></span> <span class='ocrx_word' id='word_1_435' title='bbox 2781 586 2812 626; x_wconf 87' lang='lat' dir='ltr'><strong>a</strong></span> <span class='ocrx_word' id='word_1_436' title='bbox 2839 579 3021 627; x_wconf 87' lang='lat' dir='ltr'><strong>vestra</strong></span> <span class='ocrx_word' id='word_1_437' title='bbox 3048 569 3185 625; x_wconf 86' lang='lat' dir='ltr'><strong>vivae</strong></span> <span class='ocrx_word' id='word_1_438' title='bbox 3211 566 3359 623; x_wconf 90' lang='lat' dir='ltr'><strong>vocis</strong></span> 
     </span>
    </p>
   </div>
   <div class='ocr_carea' id='block_1_63' title="bbox 1778 659 3355 733">
    <p class='ocr_par' dir='ltr' id='par_1_63' title="bbox 1778 659 3355 733">
     <span class='ocr_line' id='line_1_63' title="bbox 1778 659 3355 733; baseline -0.003 -14"><span class='ocrx_word' id='word_1_439' title='bbox 1778 662 2023 719; x_wconf 88' lang='lat' dir='ltr'><strong>doctrina</strong></span> <span class='ocrx_word' id='word_1_440' title='bbox 2058 660 2356 719; x_wconf 83' lang='lat' dir='ltr'><strong>faciendam</strong></span> <span class='ocrx_word' id='word_1_441' title='bbox 2384 662 2561 726; x_wconf 89' lang='lat' dir='ltr'><strong>didici,</strong></span> <span class='ocrx_word' id='word_1_442' title='bbox 2608 670 2664 719; x_wconf 90' lang='lat' dir='ltr'><strong>et</strong></span> <span class='ocrx_word' id='word_1_443' title='bbox 2703 677 2797 718; x_wconf 90' lang='lat' dir='ltr'><strong>vos</strong></span> <span class='ocrx_word' id='word_1_444' title='bbox 2828 677 2891 718; x_wconf 87' lang='lat' dir='ltr'><strong>ea</strong></span> <span class='ocrx_word' id='word_1_445' title='bbox 2937 677 3057 733; x_wconf 69' lang='lat' dir='ltr'><strong>qua:</strong></span> <span class='ocrx_word' id='word_1_446' title='bbox 3090 659 3212 731; x_wconf 86' lang='lat' dir='ltr'><strong>jure</strong></span> <span class='ocrx_word' id='word_1_447' title='bbox 3260 659 3355 714; x_wconf 87' lang='lat' dir='ltr'><strong>de-</strong></span> 
     </span>
    </p>
   </div>
   <div class='ocr_carea' id='block_1_64' title="bbox 1779 755 3357 821">
    <p class='ocr_par' dir='ltr' id='par_1_64' title="bbox 1779 755 3357 821">
     <span class='ocr_line' id='line_1_64' title="bbox 1779 755 3357 821; baseline -0.002 -8"><span class='ocrx_word' id='word_1_448' title='bbox 1779 757 2053 813; x_wconf 75' lang='lat' dir='ltr'><strong>struxistis</strong></span> <span class='ocrx_word' id='word_1_449' title='bbox 2101 758 2168 814; x_wconf 87' lang='lat' dir='ltr'><strong>ab</strong></span> <span class='ocrx_word' id='word_1_450' title='bbox 2220 774 2279 814; x_wconf 87' lang='lat' dir='ltr'><strong>re</strong></span> <span class='ocrx_word' id='word_1_451' title='bbox 2329 757 2658 814; x_wconf 78' lang='lat' dir='ltr'><strong>reaedilicare</strong></span> <span class='ocrx_word' id='word_1_452' title='bbox 2716 773 2823 813; x_wconf 91' lang='lat' dir='ltr'><strong>non</strong></span> <span class='ocrx_word' id='word_1_453' title='bbox 2874 757 3099 821; x_wconf 85' lang='lat' dir='ltr'><strong>debetis,</strong></span> <span class='ocrx_word' id='word_1_454' title='bbox 3152 755 3262 812; x_wconf 89' lang='lat' dir='ltr'><strong>imo</strong></span> <span class='ocrx_word' id='word_1_455' title='bbox 3300 763 3357 811; x_wconf 90' lang='lat' dir='ltr'><strong>et</strong></span> 
     </span>
    </p>
   </div>
   <div class='ocr_carea' id='block_1_65' title="bbox 1779 838 3357 921">
    <p class='ocr_par' dir='ltr' id='par_1_65' title="bbox 1779 838 3357 921">
     <span class='ocr_line' id='line_1_65' title="bbox 1779 838 3357 921; baseline -0.001 -20"><span class='ocrx_word' id='word_1_456' title='bbox 1779 864 1939 920; x_wconf 90' lang='lat' dir='ltr'><strong>quam</strong></span> <span class='ocrx_word' id='word_1_457' title='bbox 1962 838 2021 905; x_wconf 88' lang='lat' dir='ltr'><strong>in</strong></span> <span class='ocrx_word' id='word_1_458' title='bbox 2048 848 2294 905; x_wconf 83' lang='lat' dir='ltr'><strong>Romana</strong></span> <span class='ocrx_word' id='word_1_459' title='bbox 2321 848 2447 906; x_wconf 88' lang='lat' dir='ltr'><strong>sede</strong></span> <span class='ocrx_word' id='word_1_460' title='bbox 2474 848 2766 921; x_wconf 88' lang='lat' dir='ltr'><strong>apostolica</strong></span> <span class='ocrx_word' id='word_1_461' title='bbox 2786 847 3106 903; x_wconf 90' lang='lat' dir='ltr'><strong>auctoritate</strong></span> <span class='ocrx_word' id='word_1_462' title='bbox 3132 846 3357 918; x_wconf 82' lang='lat' dir='ltr'><strong>cognovi</strong></span> 
     </span>
    </p>
   </div>
   <div class='ocr_carea' id='block_1_66' title="bbox 1778 938 3358 1013">
    <p class='ocr_par' dir='ltr' id='par_1_66' title="bbox 1778 938 3358 1013">
     <span class='ocr_line' id='line_1_66' title="bbox 1778 938 3358 1013; baseline -0.001 -16"><span class='ocrx_word' id='word_1_463' title='bbox 1778 941 2116 1013; x_wconf 84' lang='lat' dir='ltr'><strong>praeiuditam</strong></span> <span class='ocrx_word' id='word_1_464' title='bbox 2142 984 2156 1009; x_wconf 94' lang='lat'><strong>,</strong></span> <span class='ocrx_word' id='word_1_465' title='bbox 2182 943 2323 998; x_wconf 89' lang='lat' dir='ltr'><strong>etde</strong></span> <span class='ocrx_word' id='word_1_466' title='bbox 2349 958 2451 1013; x_wconf 91' lang='lat' dir='ltr'><strong>qua</strong></span> <span class='ocrx_word' id='word_1_467' title='bbox 2479 940 2723 997; x_wconf 89' lang='lat' dir='ltr'><strong>eamdem</strong></span> <span class='ocrx_word' id='word_1_468' title='bbox 2756 938 2886 997; x_wconf 87' lang='lat' dir='ltr'><strong>mihi</strong></span> <span class='ocrx_word' id='word_1_469' title='bbox 2917 941 3099 996; x_wconf 89' lang='lat' dir='ltr'><strong>sedem</strong></span> <span class='ocrx_word' id='word_1_470' title='bbox 3122 939 3358 995; x_wconf 89' lang='lat' dir='ltr'><strong>reclamo</strong></span> 
     </span>
    </p>
   </div>
   <div class='ocr_carea' id='block_1_67' title="bbox 1779 1027 3358 1103">
    <p class='ocr_par' dir='ltr' id='par_1_67' title="bbox 1779 1027 3358 1103">
     <span class='ocr_line' id='line_1_67' title="bbox 1779 1027 3358 1103; baseline -0.002 -17"><span class='ocrx_word' id='word_1_471' title='bbox 1779 1030 1894 1087; x_wconf 84' lang='lat' dir='ltr'><strong>fore</strong></span> <span class='ocrx_word' id='word_1_472' title='bbox 1925 1033 2235 1098; x_wconf 89' lang='lat' dir='ltr'><strong>auctricem,</strong></span> <span class='ocrx_word' id='word_1_473' title='bbox 2273 1032 2426 1103; x_wconf 85' lang='lat' dir='ltr'><strong>cujus</strong></span> <span class='ocrx_word' id='word_1_474' title='bbox 2455 1031 2676 1088; x_wconf 87' lang='lat' dir='ltr'><strong>interest</strong></span> <span class='ocrx_word' id='word_1_475' title='bbox 2712 1039 2765 1087; x_wconf 92' lang='lat' dir='ltr'><strong>et</strong></span> <span class='ocrx_word' id='word_1_476' title='bbox 2800 1031 2866 1086; x_wconf 89' lang='lat' dir='ltr'><strong>de</strong></span> <span class='ocrx_word' id='word_1_477' title='bbox 2896 1030 2985 1085; x_wconf 90' lang='lat' dir='ltr'><strong>illa</strong></span> <span class='ocrx_word' id='word_1_478' title='bbox 3030 1046 3059 1086; x_wconf 90' lang='lat' dir='ltr'><strong>a</strong></span> <span class='ocrx_word' id='word_1_479' title='bbox 3102 1045 3188 1085; x_wconf 91' lang='lat' dir='ltr'><strong>me</strong></span> <span class='ocrx_word' id='word_1_480' title='bbox 3217 1027 3358 1085; x_wconf 81' lang='lat' dir='ltr'><strong>facta</strong></span> 
     </span>
    </p>
   </div>
   <div class='ocr_carea' id='block_1_68' title="bbox 1780 1120 3363 1195">
    <p class='ocr_par' dir='ltr' id='par_1_68' title="bbox 1780 1120 3363 1195">
     <span class='ocr_line' id='line_1_68' title="bbox 1780 1120 3363 1195; baseline -0.003 -17"><span class='ocrx_word' id='word_1_481' title='bbox 1780 1123 2337 1178; x_wconf 86' lang='lat' dir='ltr'><strong>excommunicatione</strong></span> <span class='ocrx_word' id='word_1_482' title='bbox 2360 1121 2624 1195; x_wconf 88' lang='lat' dir='ltr'><strong>judicare,</strong></span> <span class='ocrx_word' id='word_1_483' title='bbox 2652 1130 2707 1177; x_wconf 92' lang='lat' dir='ltr'><strong>et</strong></span> <span class='ocrx_word' id='word_1_484' title='bbox 2736 1121 2802 1176; x_wconf 90' lang='lat' dir='ltr'><strong>de</strong></span> <span class='ocrx_word' id='word_1_485' title='bbox 2828 1130 3009 1176; x_wconf 81' lang='lat' dir='ltr'><strong>vestra</strong></span> <span class='ocrx_word' id='word_1_486' title='bbox 3035 1120 3363 1176; x_wconf 87' lang='lat' dir='ltr'><strong>resolutione</strong></span> 
     </span>
    </p>
   </div>
   <div class='ocr_carea' id='block_1_69' title="bbox 1781 1210 3363 1283">
    <p class='ocr_par' dir='ltr' id='par_1_69' title="bbox 1781 1210 3363 1283">
     <span class='ocr_line' id='line_1_69' title="bbox 1781 1210 3363 1283; baseline 0.001 -15"><span class='ocrx_word' id='word_1_487' title='bbox 1781 1213 2090 1279; x_wconf 80' lang='lat' dir='ltr'><strong>decernere,</strong></span> <span class='ocrx_word' id='word_1_488' title='bbox 2120 1231 2241 1270; x_wconf 92' lang='lat' dir='ltr'><strong>cum</strong></span> <span class='ocrx_word' id='word_1_489' title='bbox 2277 1215 2346 1271; x_wconf 90' lang='lat' dir='ltr'><strong>ob</strong></span> <span class='ocrx_word' id='word_1_490' title='bbox 2368 1231 2486 1271; x_wconf 87' lang='lat' dir='ltr'><strong>eam</strong></span> <span class='ocrx_word' id='word_1_491' title='bbox 2515 1214 2644 1271; x_wconf 88' lang='lat' dir='ltr'><strong>mihi</strong></span> <span class='ocrx_word' id='word_1_492' title='bbox 2688 1214 2985 1273; x_wconf 86' lang='lat' dir='ltr'><strong>rescribitis</strong></span> <span class='ocrx_word' id='word_1_493' title='bbox 3015 1214 3112 1281; x_wconf 91' lang='lat' dir='ltr'><strong>sic,</strong></span> <span class='ocrx_word' id='word_1_494' title='bbox 3166 1232 3184 1265; x_wconf 75' lang='grc' dir='ltr'>ι</span> <span class='ocrx_word' id='word_1_495' title='bbox 3208 1210 3363 1283; x_wconf 87' lang='lat' dir='ltr'><strong>Quod</strong></span> 
     </span>
    </p>
   </div>
   <div class='ocr_carea' id='block_1_70' title="bbox 1780 1300 3362 1376">
    <p class='ocr_par' dir='ltr' id='par_1_70' title="bbox 1780 1300 3362 1376">
     <span class='ocr_line' id='line_1_70' title="bbox 1780 1300 3362 1376; baseline 0 -17"><span class='ocrx_word' id='word_1_496' title='bbox 1780 1319 1911 1375; x_wconf 82' lang='lat' dir='ltr'><strong>ergo</strong></span> <span class='ocrx_word' id='word_1_497' title='bbox 1937 1304 2001 1358; x_wconf 90' lang='lat' dir='ltr'><strong>de</strong></span> <span class='ocrx_word' id='word_1_498' title='bbox 2032 1300 2118 1359; x_wconf 79' lang='lat' dir='ltr'><strong>tua</strong></span> <span class='ocrx_word' id='word_1_499' title='bbox 2151 1305 2427 1375; x_wconf 87' lang='lat' dir='ltr'><strong>parochia,</strong></span> <span class='ocrx_word' id='word_1_500' title='bbox 2474 1305 2626 1376; x_wconf 88' lang='lat' dir='ltr'><strong>quasi</strong></span> <span class='ocrx_word' id='word_1_501' title='bbox 2682 1320 2780 1375; x_wconf 84' lang='lat' dir='ltr'><strong>ego</strong></span> <span class='ocrx_word' id='word_1_502' title='bbox 2822 1305 2888 1361; x_wconf 91' lang='lat' dir='ltr'><strong>ad</strong></span> <span class='ocrx_word' id='word_1_503' title='bbox 2942 1304 3143 1376; x_wconf 90' lang='lat' dir='ltr'><strong>aliquid</strong></span> <span class='ocrx_word' id='word_1_504' title='bbox 3198 1305 3250 1359; x_wconf 93' lang='lat' dir='ltr'><strong>in</strong></span> <span class='ocrx_word' id='word_1_505' title='bbox 3300 1319 3362 1359; x_wconf 89' lang='lat' dir='ltr'><strong>ea</strong></span> 
     </span>
    </p>
   </div>
   <div class='ocr_carea' id='block_1_71' title="bbox 1782 1393 3365 1469">
    <p class='ocr_par' dir='ltr' id='par_1_71' title="bbox 1782 1393 3365 1469">
     <span class='ocr_line' id='line_1_71' title="bbox 1782 1393 3365 1469; baseline -0.001 -17"><span class='ocrx_word' id='word_1_506' title='bbox 1782 1397 2148 1453; x_wconf 81' lang='lat' dir='ltr'><strong>dilliniendum</strong></span> <span class='ocrx_word' id='word_1_507' title='bbox 2195 1398 2340 1452; x_wconf 91' lang='lat' dir='ltr'><strong>illam</strong></span> <span class='ocrx_word' id='word_1_508' title='bbox 2384 1398 2534 1454; x_wconf 88' lang='lat' dir='ltr'><strong>adire</strong></span> <span class='ocrx_word' id='word_1_509' title='bbox 2563 1414 2667 1453; x_wconf 93' lang='lat' dir='ltr'><strong>non</strong></span> <span class='ocrx_word' id='word_1_510' title='bbox 2690 1398 2912 1469; x_wconf 89' lang='lat' dir='ltr'><strong>possim,</strong></span> <span class='ocrx_word' id='word_1_511' title='bbox 2942 1413 3008 1453; x_wconf 83' lang='lat' dir='ltr'><strong>ex</strong></span> <span class='ocrx_word' id='word_1_512' title='bbox 3041 1396 3220 1453; x_wconf 88' lang='lat' dir='ltr'><strong>verbis</strong></span> <span class='ocrx_word' id='word_1_513' title='bbox 3249 1393 3365 1453; x_wconf 87' lang='lat' dir='ltr'><strong>Cal-</strong></span> 
     </span>
    </p>
   </div>
   <div class='ocr_carea' id='block_1_72' title="bbox 1780 1486 3363 1559">
    <p class='ocr_par' dir='ltr' id='par_1_72' title="bbox 1780 1486 3363 1559">
     <span class='ocr_line' id='line_1_72' title="bbox 1780 1486 3363 1559; baseline 0 -17"><span class='ocrx_word' id='word_1_514' title='bbox 1780 1487 1913 1553; x_wconf 91' lang='lat' dir='ltr'><strong>listi,</strong></span> <span class='ocrx_word' id='word_1_515' title='bbox 1943 1497 1997 1544; x_wconf 91' lang='lat' dir='ltr'><strong>et</strong></span> <span class='ocrx_word' id='word_1_516' title='bbox 2038 1487 2157 1544; x_wconf 87' lang='lat' dir='ltr'><strong>aliis</strong></span> <span class='ocrx_word' id='word_1_517' title='bbox 2185 1489 2290 1544; x_wconf 90' lang='lat' dir='ltr'><strong>tuis</strong></span> <span class='ocrx_word' id='word_1_518' title='bbox 2321 1488 2788 1559; x_wconf 89' lang='lat' dir='ltr'><strong>compilationibus</strong></span> <span class='ocrx_word' id='word_1_519' title='bbox 2828 1497 3000 1543; x_wconf 90' lang='lat' dir='ltr'><strong>tecum</strong></span> <span class='ocrx_word' id='word_1_520' title='bbox 3030 1501 3135 1542; x_wconf 90' lang='lat' dir='ltr'><strong>non</strong></span> <span class='ocrx_word' id='word_1_521' title='bbox 3163 1486 3363 1543; x_wconf 84' lang='lat' dir='ltr'><strong>facien-</strong></span> 
     </span>
    </p>
   </div>
   <div class='ocr_carea' id='block_1_73' title="bbox 1783 1577 3367 1650">
    <p class='ocr_par' dir='ltr' id='par_1_73' title="bbox 1783 1577 3367 1650">
     <span class='ocr_line' id='line_1_73' title="bbox 1783 1577 3367 1650; baseline -0.001 -15"><span class='ocrx_word' id='word_1_522' title='bbox 1783 1581 1926 1636; x_wconf 90' lang='lat' dir='ltr'><strong>tibus</strong></span> <span class='ocrx_word' id='word_1_523' title='bbox 1955 1579 2225 1635; x_wconf 74' lang='lat' dir='ltr'><strong>atiirmare</strong></span> <span class='ocrx_word' id='word_1_524' title='bbox 2251 1581 2485 1643; x_wconf 88' lang='lat' dir='ltr'><strong>conaris,</strong></span> <span class='ocrx_word' id='word_1_525' title='bbox 2513 1595 2678 1650; x_wconf 86' lang='lat' dir='ltr'><strong>prave</strong></span> <span class='ocrx_word' id='word_1_526' title='bbox 2707 1577 2979 1649; x_wconf 84' lang='lat' dir='ltr'><strong>intelligis.</strong></span> <span class='ocrx_word' id='word_1_527' title='bbox 3038 1577 3145 1634; x_wconf 88' lang='lat' dir='ltr'><strong>Sed</strong></span> <span class='ocrx_word' id='word_1_528' title='bbox 3188 1578 3276 1634; x_wconf 89' lang='lat' dir='ltr'><strong>his</strong></span> <span class='ocrx_word' id='word_1_529' title='bbox 3311 1589 3367 1634; x_wconf 91' lang='lat' dir='ltr'><strong>et</strong></span> 
     </span>
    </p>
   </div>
   <div class='ocr_carea' id='block_1_74' title="bbox 1707 1657 3369 1741">
    <p class='ocr_par' dir='ltr' id='par_1_74' title="bbox 1707 1657 3369 1741">
     <span class='ocr_line' id='line_1_74' title="bbox 1707 1657 3369 1741; baseline -0.002 -13"><span class='ocrx_word' id='word_1_530' title='bbox 1707 1657 1756 1719; x_wconf 78' lang='grc' dir='ltr'><strong>Β</strong></span> <span class='ocrx_word' id='word_1_531' title='bbox 1785 1672 1904 1728; x_wconf 90' lang='lat' dir='ltr'><strong>aliis</strong></span> <span class='ocrx_word' id='word_1_532' title='bbox 1934 1672 2240 1741; x_wconf 86' lang='lat' dir='ltr'><strong>regularum</strong></span> <span class='ocrx_word' id='word_1_533' title='bbox 2271 1670 2747 1727; x_wconf 87' lang='lat' dir='ltr'><strong>constitutionibus</strong></span> <span class='ocrx_word' id='word_1_534' title='bbox 2776 1670 3017 1727; x_wconf 90' lang='lat' dir='ltr'><strong>invenies</strong></span> <span class='ocrx_word' id='word_1_535' title='bbox 3054 1670 3158 1726; x_wconf 91' lang='lat' dir='ltr'><strong>hoc</strong></span> <span class='ocrx_word' id='word_1_536' title='bbox 3184 1670 3369 1726; x_wconf 69' lang='lat' dir='ltr'><strong>obser~</strong></span> 
     </span>
    </p>
   </div>
   <div class='ocr_carea' id='block_1_75' title="bbox 1781 1762 3415 1835">
    <p class='ocr_par' dir='ltr' id='par_1_75' title="bbox 1781 1762 3415 1835">
     <span class='ocr_line' id='line_1_75' title="bbox 1781 1762 3415 1835; baseline -0.001 -16"><span class='ocrx_word' id='word_1_537' title='bbox 1781 1779 1912 1820; x_wconf 89' lang='lat' dir='ltr'><strong>vare</strong></span> <span class='ocrx_word' id='word_1_538' title='bbox 1960 1778 2395 1835; x_wconf 88' lang='lat' dir='ltr'><strong>unumquemque</strong></span> <span class='ocrx_word' id='word_1_539' title='bbox 2455 1764 2926 1835; x_wconf 88' lang='lat' dir='ltr'><strong>metropolitanum</strong></span> <span class='ocrx_word' id='word_1_540' title='bbox 2980 1763 3035 1819; x_wconf 91' lang='lat' dir='ltr'><strong>in</strong></span> <span class='ocrx_word' id='word_1_541' title='bbox 3087 1762 3365 1833; x_wconf 85' lang='lat' dir='ltr'><strong>provincia</strong></span> <span class='ocrx_word' id='word_1_542' title='bbox 3414 1820 3415 1823; x_wconf 34' lang='grc' dir='ltr'><strong>η</strong></span> 
     </span>
    </p>
   </div>
   <div class='ocr_carea' id='block_1_76' title="bbox 1782 1856 3370 1927">
    <p class='ocr_par' dir='ltr' id='par_1_76' title="bbox 1782 1856 3370 1927">
     <span class='ocr_line' id='line_1_76' title="bbox 1782 1856 3370 1927; baseline -0.003 -14"><span class='ocrx_word' id='word_1_543' title='bbox 1782 1857 2003 1913; x_wconf 86' lang='lat' dir='ltr'><strong>alterius</strong></span> <span class='ocrx_word' id='word_1_544' title='bbox 2028 1857 2446 1926; x_wconf 82' lang='lat' dir='ltr'><strong>metrOpolitani,</strong></span> <span class='ocrx_word' id='word_1_545' title='bbox 2480 1858 2623 1927; x_wconf 88' lang='lat' dir='ltr'><strong>quod</strong></span> <span class='ocrx_word' id='word_1_546' title='bbox 2654 1866 2709 1911; x_wconf 89' lang='lat' dir='ltr'><strong>tu</strong></span> <span class='ocrx_word' id='word_1_547' title='bbox 2741 1856 2836 1911; x_wconf 92' lang='lat' dir='ltr'><strong>tibi</strong></span> <span class='ocrx_word' id='word_1_548' title='bbox 2868 1869 3117 1927; x_wconf 89' lang='lat' dir='ltr'><strong>perverse</strong></span> <span class='ocrx_word' id='word_1_549' title='bbox 3143 1870 3370 1926; x_wconf 88' lang='lat' dir='ltr'><strong>arrogas</strong></span> 
     </span>
    </p>
   </div>
   <div class='ocr_carea' id='block_1_77' title="bbox 1783 1945 3366 2019">
    <p class='ocr_par' dir='ltr' id='par_1_77' title="bbox 1783 1945 3366 2019">
     <span class='ocr_line' id='line_1_77' title="bbox 1783 1945 3366 2019; baseline -0.002 -15"><span class='ocrx_word' id='word_1_550' title='bbox 1783 1948 1851 2005; x_wconf 88' lang='lat' dir='ltr'><strong>de</strong></span> <span class='ocrx_word' id='word_1_551' title='bbox 1878 1956 1968 2005; x_wconf 84' lang='lat' dir='ltr'><strong>tua</strong></span> <span class='ocrx_word' id='word_1_552' title='bbox 1993 1950 2249 2019; x_wconf 91' lang='lat' dir='ltr'><strong>parochia</strong></span> <span class='ocrx_word' id='word_1_553' title='bbox 2274 1948 2701 2019; x_wconf 75' lang='lat' dir='ltr'><strong>metropolitanae</strong></span> <span class='ocrx_word' id='word_1_554' title='bbox 2726 1946 2837 2003; x_wconf 90' lang='lat' dir='ltr'><strong>sedi</strong></span> <span class='ocrx_word' id='word_1_555' title='bbox 2866 1945 3197 2001; x_wconf 79' lang='lat' dir='ltr'><strong>Rbemorum</strong></span> <span class='ocrx_word' id='word_1_556' title='bbox 3240 1948 3366 2002; x_wconf 90' lang='lat' dir='ltr'><strong>sub-</strong></span> 
     </span>
    </p>
   </div>
   <div class='ocr_carea' id='block_1_78' title="bbox 1778 2038 3367 2112">
    <p class='ocr_par' dir='ltr' id='par_1_78' title="bbox 1778 2038 3367 2112">
     <span class='ocr_line' id='line_1_78' title="bbox 1778 2038 3367 2112; baseline -0.003 -15"><span class='ocrx_word' id='word_1_557' title='bbox 1778 2040 1944 2112; x_wconf 87' lang='lat' dir='ltr'><strong>jecta.</strong></span> <span class='ocrx_word' id='word_1_558' title='bbox 1999 2041 2205 2098; x_wconf 82' lang='lat' dir='ltr'><strong>Forsan</strong></span> <span class='ocrx_word' id='word_1_559' title='bbox 2232 2041 2447 2096; x_wconf 82' lang='lat' dir='ltr'><strong>fuerunt</strong></span> <span class='ocrx_word' id='word_1_560' title='bbox 2473 2040 2637 2111; x_wconf 89' lang='lat' dir='ltr'><strong>aliqui</strong></span> <span class='ocrx_word' id='word_1_561' title='bbox 2673 2038 3234 2112; x_wconf 82' lang='lat' dir='ltr'><strong>metrOpolitanorum,</strong></span> <span class='ocrx_word' id='word_1_562' title='bbox 3277 2039 3367 2111; x_wconf 90' lang='lat' dir='ltr'><strong>qui</strong></span> 
     </span>
    </p>
   </div>
   <div class='ocr_carea' id='block_1_79' title="bbox 1779 2130 2857 2203">
    <p class='ocr_par' dir='ltr' id='par_1_79' title="bbox 1779 2130 2857 2203">
     <span class='ocr_line' id='line_1_79' title="bbox 1779 2130 2857 2203; baseline -0.002 -17"><span class='ocrx_word' id='word_1_563' title='bbox 1779 2130 1891 2201; x_wconf 83' lang='lat' dir='ltr'><strong>iam</strong></span> <span class='ocrx_word' id='word_1_564' title='bbox 1923 2131 2038 2188; x_wconf 87' lang='lat' dir='ltr'><strong>haec</strong></span> <span class='ocrx_word' id='word_1_565' title='bbox 2060 2131 2362 2203; x_wconf 90' lang='lat' dir='ltr'><strong>bujusmodi</strong></span> <span class='ocrx_word' id='word_1_566' title='bbox 2402 2130 2807 2187; x_wconf 89' lang='lat' dir='ltr'><strong>attentaverint.</strong></span> <span class='ocrx_word' id='word_1_567' title='bbox 2839 2150 2857 2183; x_wconf 73' lang='grc' dir='ltr'><strong><em>ι</em></strong></span> 
     </span>
    </p>
   </div>
   <div class='ocr_carea' id='block_1_80' title="bbox 1860 2219 3372 2293">
    <p class='ocr_par' dir='ltr' id='par_1_80' title="bbox 1860 2219 3372 2293">
     <span class='ocr_line' id='line_1_80' title="bbox 1860 2219 3372 2293; baseline -0.003 -13"><span class='ocrx_word' id='word_1_568' title='bbox 1860 2222 2012 2280; x_wconf 87' lang='lat' dir='ltr'><strong>Unde</strong></span> <span class='ocrx_word' id='word_1_569' title='bbox 2041 2232 2095 2279; x_wconf 91' lang='lat' dir='ltr'><strong>et</strong></span> <span class='ocrx_word' id='word_1_570' title='bbox 2125 2224 2265 2279; x_wconf 91' lang='lat' dir='ltr'><strong>idem</strong></span> <span class='ocrx_word' id='word_1_571' title='bbox 2291 2223 2433 2280; x_wconf 80' lang='lat' dir='ltr'><strong>fatus</strong></span> <span class='ocrx_word' id='word_1_572' title='bbox 2454 2220 2710 2279; x_wconf 89' lang='lat' dir='ltr'><strong>Callistus</strong></span> <span class='ocrx_word' id='word_1_573' title='bbox 2742 2237 2880 2293; x_wconf 86' lang='lat' dir='ltr'><strong>papa</strong></span> <span class='ocrx_word' id='word_1_574' title='bbox 2931 2223 2996 2279; x_wconf 88' lang='lat' dir='ltr'><strong>ad</strong></span> <span class='ocrx_word' id='word_1_575' title='bbox 3023 2238 3211 2279; x_wconf 89' lang='lat' dir='ltr'><strong>omnes</strong></span> <span class='ocrx_word' id='word_1_576' title='bbox 3247 2219 3372 2280; x_wconf 83' lang='lat' dir='ltr'><strong>Gal-</strong></span> 
     </span>
    </p>
   </div>
   <div class='ocr_carea' id='block_1_81' title="bbox 1786 2313 3372 2387">
    <p class='ocr_par' dir='ltr' id='par_1_81' title="bbox 1786 2313 3372 2387">
     <span class='ocr_line' id='line_1_81' title="bbox 1786 2313 3372 2387; baseline -0.001 -16"><span class='ocrx_word' id='word_1_577' title='bbox 1786 2316 1981 2371; x_wconf 88' lang='lat' dir='ltr'><strong>liarum</strong></span> <span class='ocrx_word' id='word_1_578' title='bbox 2022 2316 2237 2371; x_wconf 89' lang='lat' dir='ltr'><strong>urbium</strong></span> <span class='ocrx_word' id='word_1_579' title='bbox 2264 2317 2546 2387; x_wconf 84' lang='lat' dir='ltr'><strong>episcopos</strong></span> <span class='ocrx_word' id='word_1_580' title='bbox 2570 2316 2869 2387; x_wconf 88' lang='lat' dir='ltr'><strong>rescripsit,</strong></span> <span class='ocrx_word' id='word_1_581' title='bbox 2921 2314 2972 2369; x_wconf 90' lang='lat' dir='ltr'><strong>in</strong></span> <span class='ocrx_word' id='word_1_582' title='bbox 3027 2331 3131 2386; x_wconf 89' lang='lat' dir='ltr'><strong>qua</strong></span> <span class='ocrx_word' id='word_1_583' title='bbox 3182 2313 3372 2371; x_wconf 89' lang='lat' dir='ltr'><strong>rescri-</strong></span> 
     </span>
    </p>
   </div>
   <div class='ocr_carea' id='block_1_82' title="bbox 1790 2406 3369 2486">
    <p class='ocr_par' dir='ltr' id='par_1_82' title="bbox 1790 2406 3369 2486">
     <span class='ocr_line' id='line_1_82' title="bbox 1790 2406 3369 2486; baseline -0.001 -22"><span class='ocrx_word' id='word_1_584' title='bbox 1790 2407 1972 2480; x_wconf 84' lang='lat' dir='ltr'><strong>ptione</strong></span> <span class='ocrx_word' id='word_1_585' title='bbox 1998 2408 2213 2479; x_wconf 87' lang='lat' dir='ltr'><strong>penitus</strong></span> <span class='ocrx_word' id='word_1_586' title='bbox 2235 2408 2598 2486; x_wconf 75' lang='lat' dir='ltr'><strong>intelligentiae</strong></span> <span class='ocrx_word' id='word_1_587' title='bbox 2624 2406 3072 2479; x_wconf 84' lang='lat' dir='ltr'><strong>amphibologiam</strong></span> <span class='ocrx_word' id='word_1_588' title='bbox 3096 2409 3369 2486; x_wconf 61' lang='lat' dir='ltr'><strong>praecavit.</strong></span> 
     </span>
    </p>
   </div>
   <div class='ocr_carea' id='block_1_83' title="bbox 1791 2485 3375 2572">
    <p class='ocr_par' dir='ltr' id='par_1_83' title="bbox 1791 2485 3375 2572">
     <span class='ocr_line' id='line_1_83' title="bbox 1791 2485 3375 2572; baseline 0 -17"><span class='ocrx_word' id='word_1_589' title='bbox 1791 2501 1946 2566; x_wconf 86' lang='lat' dir='ltr'><strong>Nam,</strong></span> <span class='ocrx_word' id='word_1_590' title='bbox 1974 2499 2326 2572; x_wconf 87' lang='lat' dir='ltr'><strong>inquit(epist.</strong></span> <span class='ocrx_word' id='word_1_591' title='bbox 2356 2500 2415 2555; x_wconf 80' lang='lat' dir='ltr'><strong>tt</strong></span> <span class='ocrx_word' id='word_1_592' title='bbox 2446 2500 2516 2554; x_wconf 83' lang='lat' dir='ltr'><strong>ad</strong></span> <span class='ocrx_word' id='word_1_593' title='bbox 2536 2499 2701 2571; x_wconf 87' lang='lat' dir='ltr'><strong>episc.</strong></span> <span class='ocrx_word' id='word_1_594' title='bbox 2729 2498 2894 2572; x_wconf 86' lang='lat' dir='ltr'><strong>Gal.),</strong></span> <span class='ocrx_word' id='word_1_595' title='bbox 2926 2520 2945 2552; x_wconf 75' lang='grc' dir='ltr'><strong><em>ι</em></strong></span> <span class='ocrx_word' id='word_1_596' title='bbox 2967 2496 3153 2554; x_wconf 81' lang='lat' dir='ltr'><strong>Nullus</strong></span> <span class='ocrx_word' id='word_1_597' title='bbox 3172 2485 3375 2571; x_wconf 77' lang='lat' dir='ltr'><strong>primas</strong></span> 
     </span>
    </p>
   </div>
   <div class='ocr_carea' id='block_1_84' title="bbox 1792 2592 3376 2665">
    <p class='ocr_par' dir='ltr' id='par_1_84' title="bbox 1792 2592 3376 2665">
     <span class='ocr_line' id='line_1_84' title="bbox 1792 2592 3376 2665; baseline 0 -18"><span class='ocrx_word' id='word_1_598' title='bbox 1792 2592 1879 2649; x_wconf 86' lang='lat' dir='ltr'><strong>vel</strong></span> <span class='ocrx_word' id='word_1_599' title='bbox 1927 2592 2374 2664; x_wconf 87' lang='lat' dir='ltr'><strong>metropolitanus</strong></span> <span class='ocrx_word' id='word_1_600' title='bbox 2419 2592 2729 2649; x_wconf 77' lang='lat' dir='ltr'><strong>dioecesiani</strong></span> <span class='ocrx_word' id='word_1_601' title='bbox 2784 2593 3066 2649; x_wconf 89' lang='lat' dir='ltr'><strong>ecclesiam</strong></span> <span class='ocrx_word' id='word_1_602' title='bbox 3105 2592 3188 2649; x_wconf 87' lang='lat' dir='ltr'><strong>vel</strong></span> <span class='ocrx_word' id='word_1_603' title='bbox 3218 2609 3376 2665; x_wconf 88' lang='lat' dir='ltr'><strong>paro-</strong></span> 
     </span>
    </p>
   </div>
   <div class='ocr_carea' id='block_1_85' title="bbox 1791 2681 3376 2756">
    <p class='ocr_par' dir='ltr' id='par_1_85' title="bbox 1791 2681 3376 2756">
     <span class='ocr_line' id='line_1_85' title="bbox 1791 2681 3376 2756; baseline -0.001 -16"><span class='ocrx_word' id='word_1_604' title='bbox 1791 2685 2046 2741; x_wconf 88' lang='lat' dir='ltr'><strong>chianum</strong></span> <span class='ocrx_word' id='word_1_605' title='bbox 2069 2684 2153 2741; x_wconf 89' lang='lat' dir='ltr'><strong>vel</strong></span> <span class='ocrx_word' id='word_1_606' title='bbox 2180 2683 2382 2756; x_wconf 89' lang='lat' dir='ltr'><strong>aliquid</strong></span> <span class='ocrx_word' id='word_1_607' title='bbox 2408 2681 2524 2753; x_wconf 86' lang='lat' dir='ltr'><strong>ejus</strong></span> <span class='ocrx_word' id='word_1_608' title='bbox 2548 2686 2820 2755; x_wconf 70' lang='lat' dir='ltr'><strong>parochim</strong></span> <span class='ocrx_word' id='word_1_609' title='bbox 2843 2692 3133 2754; x_wconf 83' lang='lat' dir='ltr'><strong>praesumat</strong></span> <span class='ocrx_word' id='word_1_610' title='bbox 3159 2700 3376 2740; x_wconf 83' lang='lat' dir='ltr'><strong>excom-</strong></span> 
     </span>
    </p>
   </div>
   <div class='ocr_carea' id='block_1_86' title="bbox 1792 2774 3375 2848">
    <p class='ocr_par' dir='ltr' id='par_1_86' title="bbox 1792 2774 3375 2848">
     <span class='ocr_line' id='line_1_86' title="bbox 1792 2774 3375 2848; baseline -0.003 -14"><span class='ocrx_word' id='word_1_611' title='bbox 1792 2778 2090 2844; x_wconf 88' lang='lat' dir='ltr'><strong>municarc,</strong></span> <span class='ocrx_word' id='word_1_612' title='bbox 2141 2777 2227 2832; x_wconf 86' lang='lat' dir='ltr'><strong>vel</strong></span> <span class='ocrx_word' id='word_1_613' title='bbox 2274 2776 2538 2848; x_wconf 85' lang='lat' dir='ltr'><strong>judicare,</strong></span> <span class='ocrx_word' id='word_1_614' title='bbox 2589 2777 2859 2848; x_wconf 87' lang='lat' dir='ltr'><strong>aliquidve</strong></span> <span class='ocrx_word' id='word_1_615' title='bbox 2909 2792 3112 2846; x_wconf 83' lang='lat' dir='ltr'><strong>agere,</strong></span> <span class='ocrx_word' id='word_1_616' title='bbox 3172 2774 3375 2848; x_wconf 86' lang='lat' dir='ltr'><strong>absque</strong></span> 
     </span>
    </p>
   </div>
   <div class='ocr_carea' id='block_1_87' title="bbox 1794 2866 3376 2939">
    <p class='ocr_par' dir='ltr' id='par_1_87' title="bbox 1794 2866 3376 2939">
     <span class='ocr_line' id='line_1_87' title="bbox 1794 2866 3376 2939; baseline 0 -15"><span class='ocrx_word' id='word_1_617' title='bbox 1794 2867 1909 2936; x_wconf 82' lang='lat' dir='ltr'><strong>ejus</strong></span> <span class='ocrx_word' id='word_1_618' title='bbox 1931 2868 2155 2923; x_wconf 90' lang='lat' dir='ltr'><strong>consilio</strong></span> <span class='ocrx_word' id='word_1_619' title='bbox 2190 2868 2275 2923; x_wconf 90' lang='lat' dir='ltr'><strong>vel</strong></span> <span class='ocrx_word' id='word_1_620' title='bbox 2301 2866 2525 2937; x_wconf 85' lang='lat' dir='ltr'><strong>judicio.</strong></span> <span class='ocrx_word' id='word_1_621' title='bbox 2579 2866 2682 2923; x_wconf 88' lang='lat' dir='ltr'><strong>Sed</strong></span> <span class='ocrx_word' id='word_1_622' title='bbox 2736 2868 2837 2924; x_wconf 90' lang='lat' dir='ltr'><strong>hoc</strong></span> <span class='ocrx_word' id='word_1_623' title='bbox 2883 2869 3190 2930; x_wconf 88' lang='lat' dir='ltr'><strong>observent,</strong></span> <span class='ocrx_word' id='word_1_624' title='bbox 3234 2868 3376 2939; x_wconf 90' lang='lat' dir='ltr'><strong>quod</strong></span> 
     </span>
    </p>
   </div>
   <div class='ocr_carea' id='block_1_88' title="bbox 1795 2956 3375 3029">
    <p class='ocr_par' dir='ltr' id='par_1_88' title="bbox 1795 2956 3375 3029">
     <span class='ocr_line' id='line_1_88' title="bbox 1795 2956 3375 3029; baseline -0.001 -15"><span class='ocrx_word' id='word_1_625' title='bbox 1795 2960 1864 3014; x_wconf 91' lang='lat' dir='ltr'><strong>ab</strong></span> <span class='ocrx_word' id='word_1_626' title='bbox 1891 2959 2146 3029; x_wconf 83' lang='lat' dir='ltr'><strong>apostolis</strong></span> <span class='ocrx_word' id='word_1_627' title='bbox 2179 2973 2242 3013; x_wconf 89' lang='lat' dir='ltr'><strong>ac</strong></span> <span class='ocrx_word' id='word_1_628' title='bbox 2269 2956 2520 3014; x_wconf 86' lang='lat' dir='ltr'><strong>Patribus</strong></span> <span class='ocrx_word' id='word_1_629' title='bbox 2567 2967 2621 3014; x_wconf 90' lang='lat' dir='ltr'><strong>et</strong></span> <span class='ocrx_word' id='word_1_630' title='bbox 2650 2959 3136 3027; x_wconf 81' lang='lat' dir='ltr'><strong>praedecessoriims</strong></span> <span class='ocrx_word' id='word_1_631' title='bbox 3174 2960 3375 3014; x_wconf 89' lang='lat' dir='ltr'><strong>nostris</strong></span> 
     </span>
    </p>
   </div>
   <div class='ocr_carea' id='block_1_89' title="bbox 1710 3040 3366 3122">
    <p class='ocr_par' dir='ltr' id='par_1_89' title="bbox 1710 3040 3366 3122">
     <span class='ocr_line' id='line_1_89' title="bbox 1710 3040 3366 3122; baseline 0 -17"><span class='ocrx_word' id='word_1_632' title='bbox 1710 3040 1757 3105; x_wconf 86' lang='lat' dir='ltr'><strong><em>C</em></strong></span> <span class='ocrx_word' id='word_1_633' title='bbox 1786 3065 1869 3111; x_wconf 89' lang='lat' dir='ltr'><strong>est</strong></span> <span class='ocrx_word' id='word_1_634' title='bbox 1891 3063 2170 3119; x_wconf 88' lang='lat' dir='ltr'><strong>statutum,</strong></span> <span class='ocrx_word' id='word_1_635' title='bbox 2202 3060 2255 3108; x_wconf 91' lang='lat' dir='ltr'><strong>et</strong></span> <span class='ocrx_word' id='word_1_636' title='bbox 2282 3069 2310 3108; x_wconf 91' lang='lat' dir='ltr'><strong>a</strong></span> <span class='ocrx_word' id='word_1_637' title='bbox 2342 3054 2496 3108; x_wconf 87' lang='lat' dir='ltr'><strong>nobis</strong></span> <span class='ocrx_word' id='word_1_638' title='bbox 2518 3050 2917 3117; x_wconf 56' lang='lat' dir='ltr'><strong>conﬁrmatum,</strong></span> <span class='ocrx_word' id='word_1_639' title='bbox 2943 3050 2995 3106; x_wconf 89' lang='lat' dir='ltr'><strong>id</strong></span> <span class='ocrx_word' id='word_1_640' title='bbox 3026 3060 3129 3114; x_wconf 84' lang='lat' dir='ltr'><strong>est,</strong></span> <span class='ocrx_word' id='word_1_641' title='bbox 3158 3048 3215 3107; x_wconf 88' lang='lat' dir='ltr'><strong>Si</strong></span> <span class='ocrx_word' id='word_1_642' title='bbox 3246 3052 3366 3122; x_wconf 89' lang='lat' dir='ltr'><strong>quis</strong></span> 
     </span>
    </p>
   </div>
   <div class='ocr_carea' id='block_1_90' title="bbox 1793 3144 3377 3218">
    <p class='ocr_par' dir='ltr' id='par_1_90' title="bbox 1793 3144 3377 3218">
     <span class='ocr_line' id='line_1_90' title="bbox 1793 3144 3377 3218; baseline -0.005 -11"><span class='ocrx_word' id='word_1_643' title='bbox 1793 3149 2237 3218; x_wconf 86' lang='lat' dir='ltr'><strong>metropolitanus</strong></span> <span class='ocrx_word' id='word_1_644' title='bbox 2260 3147 2574 3218; x_wconf 89' lang='lat' dir='ltr'><strong>episcopus,</strong></span> <span class='ocrx_word' id='word_1_645' title='bbox 2604 3146 2706 3200; x_wconf 90' lang='lat' dir='ltr'><strong>nisi</strong></span> <span class='ocrx_word' id='word_1_646' title='bbox 2734 3144 2876 3216; x_wconf 87' lang='lat' dir='ltr'><strong>quod</strong></span> <span class='ocrx_word' id='word_1_647' title='bbox 2904 3146 2973 3200; x_wconf 86' lang='lat' dir='ltr'><strong>ad</strong></span> <span class='ocrx_word' id='word_1_648' title='bbox 2998 3160 3149 3200; x_wconf 92' lang='lat' dir='ltr'><strong>suam</strong></span> <span class='ocrx_word' id='word_1_649' title='bbox 3177 3145 3377 3200; x_wconf 90' lang='lat' dir='ltr'><strong>solum-</strong></span> 
     </span>
    </p>
   </div>
   <div class='ocr_carea' id='block_1_91' title="bbox 1795 3234 3374 3311">
    <p class='ocr_par' dir='ltr' id='par_1_91' title="bbox 1795 3234 3374 3311">
     <span class='ocr_line' id='line_1_91' title="bbox 1795 3234 3374 3311; baseline -0.006 -13"><span class='ocrx_word' id='word_1_650' title='bbox 1795 3242 1954 3298; x_wconf 89' lang='lat' dir='ltr'><strong>modo</strong></span> <span class='ocrx_word' id='word_1_651' title='bbox 1989 3240 2259 3311; x_wconf 86' lang='lat' dir='ltr'><strong>propriam</strong></span> <span class='ocrx_word' id='word_1_652' title='bbox 2285 3236 2518 3309; x_wconf 89' lang='lat' dir='ltr'><strong>pertinet</strong></span> <span class='ocrx_word' id='word_1_653' title='bbox 2549 3235 2885 3306; x_wconf 71' lang='lat' dir='ltr'><strong>parochi-tm,</strong></span> <span class='ocrx_word' id='word_1_654' title='bbox 2915 3237 3031 3291; x_wconf 88' lang='lat' dir='ltr'><strong>sine</strong></span> <span class='ocrx_word' id='word_1_655' title='bbox 3065 3234 3292 3290; x_wconf 91' lang='lat' dir='ltr'><strong>consilio</strong></span> <span class='ocrx_word' id='word_1_656' title='bbox 3320 3243 3374 3291; x_wconf 92' lang='lat' dir='ltr'><strong>et</strong></span> 
     </span>
    </p>
   </div>
   <div class='ocr_carea' id='block_1_92' title="bbox 1793 3325 3375 3398">
    <p class='ocr_par' dir='ltr' id='par_1_92' title="bbox 1793 3325 3375 3398">
     <span class='ocr_line' id='line_1_92' title="bbox 1793 3325 3375 3398; baseline -0.004 -12"><span class='ocrx_word' id='word_1_657' title='bbox 1793 3332 2069 3387; x_wconf 82' lang='lat' dir='ltr'><strong>voluntate</strong></span> <span class='ocrx_word' id='word_1_658' title='bbox 2128 3329 2368 3385; x_wconf 91' lang='lat' dir='ltr'><strong>omnium</strong></span> <span class='ocrx_word' id='word_1_659' title='bbox 2416 3325 2948 3398; x_wconf 84' lang='lat' dir='ltr'><strong>comprovincialium</strong></span> <span class='ocrx_word' id='word_1_660' title='bbox 3002 3326 3375 3396; x_wconf 88' lang='lat' dir='ltr'><strong>episcoporum</strong></span> 
     </span>
    </p>
   </div>
   <div class='ocr_carea' id='block_1_93' title="bbox 1795 3416 3377 3490">
    <p class='ocr_par' dir='ltr' id='par_1_93' title="bbox 1795 3416 3377 3490">
     <span class='ocr_line' id='line_1_93' title="bbox 1795 3416 3377 3490; baseline -0.005 -12"><span class='ocrx_word' id='word_1_661' title='bbox 1795 3431 1947 3479; x_wconf 81' lang='lat' dir='ltr'><strong>extra</strong></span> <span class='ocrx_word' id='word_1_662' title='bbox 1996 3420 2197 3490; x_wconf 88' lang='lat' dir='ltr'><strong>aliquid</strong></span> <span class='ocrx_word' id='word_1_663' title='bbox 2240 3435 2399 3489; x_wconf 85' lang='lat' dir='ltr'><strong>agere</strong></span> <span class='ocrx_word' id='word_1_664' title='bbox 2445 3418 2753 3482; x_wconf 87' lang='lat' dir='ltr'><strong>tentaverit,</strong></span> <span class='ocrx_word' id='word_1_665' title='bbox 2803 3416 3001 3489; x_wconf 84' lang='lat' dir='ltr'><strong>gradus</strong></span> <span class='ocrx_word' id='word_1_666' title='bbox 3022 3417 3105 3474; x_wconf 76' lang='lat' dir='ltr'><strong>sui</strong></span> <span class='ocrx_word' id='word_1_667' title='bbox 3139 3416 3377 3488; x_wconf 89' lang='lat' dir='ltr'><strong>periculo</strong></span> 
     </span>
    </p>
   </div>
   <div class='ocr_carea' id='block_1_94' title="bbox 1796 3508 3380 3581">
    <p class='ocr_par' dir='ltr' id='par_1_94' title="bbox 1796 3508 3380 3581">
     <span class='ocr_line' id='line_1_94' title="bbox 1796 3508 3380 3581; baseline -0.004 -12"><span class='ocrx_word' id='word_1_668' title='bbox 1796 3512 2113 3579; x_wconf 68' lang='lat' dir='ltr'><strong>subiacebit,</strong></span> <span class='ocrx_word' id='word_1_669' title='bbox 2142 3519 2196 3565; x_wconf 92' lang='lat' dir='ltr'><strong>et</strong></span> <span class='ocrx_word' id='word_1_670' title='bbox 2224 3510 2369 3581; x_wconf 85' lang='lat' dir='ltr'><strong>quod</strong></span> <span class='ocrx_word' id='word_1_671' title='bbox 2418 3510 2588 3581; x_wconf 85' lang='lat' dir='ltr'><strong>egerit</strong></span> <span class='ocrx_word' id='word_1_672' title='bbox 2633 3510 2843 3563; x_wconf 89' lang='lat' dir='ltr'><strong>irritum</strong></span> <span class='ocrx_word' id='word_1_673' title='bbox 2890 3508 3153 3564; x_wconf 87' lang='lat' dir='ltr'><strong>habeatur</strong></span> <span class='ocrx_word' id='word_1_674' title='bbox 3194 3515 3247 3563; x_wconf 89' lang='lat' dir='ltr'><strong>et</strong></span> <span class='ocrx_word' id='word_1_675' title='bbox 3289 3523 3380 3563; x_wconf 86' lang='lat' dir='ltr'><strong>va-</strong></span> 
     </span>
    </p>
   </div>
   <div class='ocr_carea' id='block_1_95' title="bbox 1797 3598 3378 3672">
    <p class='ocr_par' dir='ltr' id='par_1_95' title="bbox 1797 3598 3378 3672">
     <span class='ocr_line' id='line_1_95' title="bbox 1797 3598 3378 3672; baseline -0.003 -12"><span class='ocrx_word' id='word_1_676' title='bbox 1797 3619 1975 3662; x_wconf 89' lang='lat' dir='ltr'><strong>cuum.</strong></span> <span class='ocrx_word' id='word_1_677' title='bbox 2002 3602 2108 3658; x_wconf 87' lang='lat' dir='ltr'><strong>Sed</strong></span> <span class='ocrx_word' id='word_1_678' title='bbox 2135 3600 2393 3672; x_wconf 89' lang='lat' dir='ltr'><strong>quidquid</strong></span> <span class='ocrx_word' id='word_1_679' title='bbox 2413 3600 2483 3656; x_wconf 88' lang='lat' dir='ltr'><strong>de</strong></span> <span class='ocrx_word' id='word_1_680' title='bbox 2498 3600 2906 3671; x_wconf 86' lang='lat' dir='ltr'><strong>provincialium</strong></span> <span class='ocrx_word' id='word_1_681' title='bbox 2939 3598 3378 3670; x_wconf 67' lang='lat' dir='ltr'><strong>coepiscomrum</strong></span> 
     </span>
    </p>
   </div>
   <div class='ocr_carea' id='block_1_96' title="bbox 1798 3690 3380 3763">
    <p class='ocr_par' dir='ltr' id='par_1_96' title="bbox 1798 3690 3380 3763">
     <span class='ocr_line' id='line_1_96' title="bbox 1798 3690 3380 3763; baseline -0.004 -10"><span class='ocrx_word' id='word_1_682' title='bbox 1798 3697 1998 3761; x_wconf 88' lang='lat' dir='ltr'><strong>causis,</strong></span> <span class='ocrx_word' id='word_1_683' title='bbox 2032 3707 2329 3763; x_wconf 87' lang='lat' dir='ltr'><strong>eorumque</strong></span> <span class='ocrx_word' id='word_1_684' title='bbox 2354 3691 2709 3747; x_wconf 86' lang='lat' dir='ltr'><strong>ecclesiarum</strong></span> <span class='ocrx_word' id='word_1_685' title='bbox 2749 3699 2804 3745; x_wconf 89' lang='lat' dir='ltr'><strong>et</strong></span> <span class='ocrx_word' id='word_1_686' title='bbox 2854 3690 3171 3746; x_wconf 85' lang='lat' dir='ltr'><strong>clericorum</strong></span> <span class='ocrx_word' id='word_1_687' title='bbox 3219 3698 3380 3761; x_wconf 87' lang='lat' dir='ltr'><strong>atque</strong></span> 
     </span>
    </p>
   </div>
   <div class='ocr_carea' id='block_1_97' title="bbox 1797 3779 3381 3851">
    <p class='ocr_par' dir='ltr' id='par_1_97' title="bbox 1797 3779 3381 3851">
     <span class='ocr_line' id='line_1_97' title="bbox 1797 3779 3381 3851; baseline -0.004 -7"><span class='ocrx_word' id='word_1_688' title='bbox 1797 3787 2133 3844; x_wconf 81' lang='lat' dir='ltr'><strong>saecularium</strong></span> <span class='ocrx_word' id='word_1_689' title='bbox 2188 3783 2600 3839; x_wconf 82' lang='lat' dir='ltr'><strong>necessitatibus</strong></span> <span class='ocrx_word' id='word_1_690' title='bbox 2642 3823 2657 3847; x_wconf 92' lang='lat'><strong>,</strong></span> <span class='ocrx_word' id='word_1_691' title='bbox 2717 3794 2878 3851; x_wconf 80' lang='lat' dir='ltr'><strong>agere</strong></span> <span class='ocrx_word' id='word_1_692' title='bbox 2937 3789 3030 3836; x_wconf 85' lang='lat' dir='ltr'><strong>aut</strong></span> <span class='ocrx_word' id='word_1_693' title='bbox 3096 3779 3381 3851; x_wconf 88' lang='lat' dir='ltr'><strong>disponere</strong></span> 
     </span>
    </p>
   </div>
   <div class='ocr_carea' id='block_1_98' title="bbox 1796 3874 3382 3944">
    <p class='ocr_par' dir='ltr' id='par_1_98' title="bbox 1796 3874 3382 3944">
     <span class='ocr_line' id='line_1_98' title="bbox 1796 3874 3382 3944; baseline -0.006 -5"><span class='ocrx_word' id='word_1_694' title='bbox 1796 3896 2021 3938; x_wconf 86' lang='lat' dir='ltr'><strong>necesse</strong></span> <span class='ocrx_word' id='word_1_695' title='bbox 2049 3878 2229 3940; x_wconf 76' lang='lat' dir='ltr'><strong>fuerit,</strong></span> <span class='ocrx_word' id='word_1_696' title='bbox 2273 3877 2377 3932; x_wconf 91' lang='lat' dir='ltr'><strong>hoc</strong></span> <span class='ocrx_word' id='word_1_697' title='bbox 2420 3892 2540 3931; x_wconf 91' lang='lat' dir='ltr'><strong>cum</strong></span> <span class='ocrx_word' id='word_1_698' title='bbox 2566 3874 2806 3931; x_wconf 87' lang='lat' dir='ltr'><strong>omnium</strong></span> <span class='ocrx_word' id='word_1_699' title='bbox 2839 3889 3102 3931; x_wconf 86' lang='lat' dir='ltr'><strong>consensu</strong></span> <span class='ocrx_word' id='word_1_700' title='bbox 3132 3888 3382 3944; x_wconf 88' lang='lat' dir='ltr'><strong>compro-</strong></span> 
     </span>
    </p>
   </div>
   <div class='ocr_carea' id='block_1_99' title="bbox 1797 3967 3381 4043">
    <p class='ocr_par' dir='ltr' id='par_1_99' title="bbox 1797 3967 3381 4043">
     <span class='ocr_line' id='line_1_99' title="bbox 1797 3967 3381 4043; baseline -0.006 -12"><span class='ocrx_word' id='word_1_701' title='bbox 1797 3974 2104 4031; x_wconf 85' lang='lat' dir='ltr'><strong>vincialium</strong></span> <span class='ocrx_word' id='word_1_702' title='bbox 2133 3978 2322 4043; x_wconf 87' lang='lat' dir='ltr'><strong>agatur</strong></span> <span class='ocrx_word' id='word_1_703' title='bbox 2345 3967 2682 4041; x_wconf 74' lang='lat' dir='ltr'><strong>pontiﬁcum,</strong></span> <span class='ocrx_word' id='word_1_704' title='bbox 2716 3983 2819 4023; x_wconf 91' lang='lat' dir='ltr'><strong>non</strong></span> <span class='ocrx_word' id='word_1_705' title='bbox 2848 3968 3026 4037; x_wconf 89' lang='lat' dir='ltr'><strong>aliquo</strong></span> <span class='ocrx_word' id='word_1_706' title='bbox 3064 3967 3381 4022; x_wconf 88' lang='lat' dir='ltr'><strong>dominatio-</strong></span> 
     </span>
    </p>
   </div>
   <div class='ocr_carea' id='block_1_100' title="bbox 1801 4058 3377 4130">
    <p class='ocr_par' dir='ltr' id='par_1_100' title="bbox 1801 4058 3377 4130">
     <span class='ocr_line' id='line_1_100' title="bbox 1801 4058 3377 4130; baseline -0.007 -8"><span class='ocrx_word' id='word_1_707' title='bbox 1801 4067 1885 4123; x_wconf 91' lang='lat' dir='ltr'><strong>nis</strong></span> <span class='ocrx_word' id='word_1_708' title='bbox 1917 4065 2075 4130; x_wconf 77' lang='lat' dir='ltr'><strong>fastn,</strong></span> <span class='ocrx_word' id='word_1_709' title='bbox 2107 4064 2203 4119; x_wconf 87' lang='lat' dir='ltr'><strong>scd</strong></span> <span class='ocrx_word' id='word_1_710' title='bbox 2228 4061 2524 4117; x_wconf 87' lang='lat' dir='ltr'><strong>humillima</strong></span> <span class='ocrx_word' id='word_1_711' title='bbox 2539 4068 2592 4115; x_wconf 87' lang='lat' dir='ltr'><strong>et</strong></span> <span class='ocrx_word' id='word_1_712' title='bbox 2616 4059 2868 4115; x_wconf 89' lang='lat' dir='ltr'><strong>concordi</strong></span> <span class='ocrx_word' id='word_1_713' title='bbox 2895 4058 3377 4123; x_wconf 86' lang='lat' dir='ltr'><strong>administratione,</strong></span> 
     </span>
    </p>
   </div>
   <div class='ocr_carea' id='block_1_101' title="bbox 1800 4148 3383 4218">
    <p class='ocr_par' dir='ltr' id='par_1_101' title="bbox 1800 4148 3383 4218">
     <span class='ocr_line' id='line_1_101' title="bbox 1800 4148 3383 4218; baseline -0.005 -6"><span class='ocrx_word' id='word_1_714' title='bbox 1800 4159 1941 4212; x_wconf 85' lang='lat' dir='ltr'><strong>sicut</strong></span> <span class='ocrx_word' id='word_1_715' title='bbox 1968 4154 2226 4210; x_wconf 77' lang='lat' dir='ltr'><strong>Dominus</strong></span> <span class='ocrx_word' id='word_1_716' title='bbox 2246 4152 2339 4218; x_wconf 83' lang='lat' dir='ltr'><strong>ait,</strong></span> <span class='ocrx_word' id='word_1_717' title='bbox 2366 4151 2487 4206; x_wconf 83' lang='lat' dir='ltr'><strong>Non</strong></span> <span class='ocrx_word' id='word_1_718' title='bbox 2511 4152 2621 4206; x_wconf 71' lang='lat' dir='ltr'><strong>veni</strong></span> <span class='ocrx_word' id='word_1_719' title='bbox 2647 4149 2956 4214; x_wconf 80' lang='lat' dir='ltr'><strong>ministrari,</strong></span> <span class='ocrx_word' id='word_1_720' title='bbox 2975 4148 3065 4203; x_wconf 82' lang='lat' dir='ltr'><strong>sed</strong></span> <span class='ocrx_word' id='word_1_721' title='bbox 3084 4149 3383 4204; x_wconf 80' lang='lat' dir='ltr'><strong>ministrare</strong></span> 
     </span>
    </p>
   </div>
   <div class='ocr_carea' id='block_1_102' title="bbox 1802 4239 3383 4323">
    <p class='ocr_par' dir='ltr' id='par_1_102' title="bbox 1802 4239 3383 4323">
     <span class='ocr_line' id='line_1_102' title="bbox 1802 4239 3383 4323; baseline -0.007 -20"><span class='ocrx_word' id='word_1_722' title='bbox 1802 4247 2016 4323; x_wconf 74' lang='lat' dir='ltr'><strong>(Matth.</strong></span> <span class='ocrx_word' id='word_1_723' title='bbox 2046 4246 2156 4316; x_wconf 78' lang='lat' dir='ltr'><strong>xx).</strong></span> <span class='ocrx_word' id='word_1_724' title='bbox 2209 4243 2274 4299; x_wconf 83' lang='lat' dir='ltr'><strong>Et</strong></span> <span class='ocrx_word' id='word_1_725' title='bbox 2313 4243 2436 4299; x_wconf 79' lang='lat' dir='ltr'><strong>alibi</strong></span> <span class='ocrx_word' id='word_1_726' title='bbox 2463 4261 2477 4297; x_wconf 87' lang='lat'>:</span> <span class='ocrx_word' id='word_1_727' title='bbox 2504 4241 2613 4308; x_wconf 73' lang='lat' dir='ltr'><strong>Qui</strong></span> <span class='ocrx_word' id='word_1_728' title='bbox 2664 4240 2836 4313; x_wconf 74' lang='lat' dir='ltr'><strong>Major</strong></span> <span class='ocrx_word' id='word_1_729' title='bbox 2881 4251 2955 4296; x_wconf 81' lang='lat' dir='ltr'><strong>est</strong></span> <span class='ocrx_word' id='word_1_730' title='bbox 2993 4249 3235 4305; x_wconf 79' lang='lat' dir='ltr'><strong>vestrum,</strong></span> <span class='ocrx_word' id='word_1_731' title='bbox 3286 4239 3383 4292; x_wconf 74' lang='lat' dir='ltr'><strong>erit</strong></span> 
     </span>
    </p>
   </div>
   <div class='ocr_carea' id='block_1_103' title="bbox 1804 4328 3386 4408">
    <p class='ocr_par' dir='ltr' id='par_1_103' title="bbox 1804 4328 3386 4408">
     <span class='ocr_line' id='line_1_103' title="bbox 1804 4328 3386 4408; baseline -0.009 -11"><span class='ocrx_word' id='word_1_732' title='bbox 1804 4341 2039 4398; x_wconf 75' lang='lat' dir='ltr'><strong>minister</strong></span> <span class='ocrx_word' id='word_1_733' title='bbox 2080 4348 2247 4393; x_wconf 79' lang='lat' dir='ltr'><strong>vester</strong></span> <span class='ocrx_word' id='word_1_734' title='bbox 2285 4335 2475 4408; x_wconf 72' lang='lat' dir='ltr'><strong>(Marc.</strong></span> <span class='ocrx_word' id='word_1_735' title='bbox 2511 4335 2600 4407; x_wconf 71' lang='grc' dir='ltr'><strong>κ),</strong></span> <span class='ocrx_word' id='word_1_736' title='bbox 2631 4354 2650 4388; x_wconf 70' lang='grc' dir='ltr'><strong>ι</strong></span> <span class='ocrx_word' id='word_1_737' title='bbox 2687 4341 2737 4390; x_wconf 87' lang='lat' dir='ltr'><strong>et</strong></span> <span class='ocrx_word' id='word_1_738' title='bbox 2782 4334 3006 4405; x_wconf 88' lang='lat' dir='ltr'><strong>reliqua.</strong></span> <span class='ocrx_word' id='word_1_739' title='bbox 3058 4328 3259 4401; x_wconf 83' lang='lat' dir='ltr'><strong>Nempe</strong></span> <span class='ocrx_word' id='word_1_740' title='bbox 3291 4345 3386 4400; x_wconf 51' lang='lat' dir='ltr'><strong>po-</strong></span> 
     </span>
    </p>
   </div>
   <div class='ocr_carea' id='block_1_104' title="bbox 1724 4426 3384 4505">
    <p class='ocr_par' dir='ltr' id='par_1_104' title="bbox 1724 4426 3384 4505">
     <span class='ocr_line' id='line_1_104' title="bbox 1724 4426 3384 4505; baseline -0.012 -8"><span class='ocrx_word' id='word_1_741' title='bbox 1724 4426 1777 4487; x_wconf 82' lang='grc' dir='ltr'><strong>Ῐ)</strong></span> <span class='ocrx_word' id='word_1_742' title='bbox 1804 4452 1957 4501; x_wconf 84' lang='lat' dir='ltr'><strong>nens,</strong></span> <span class='ocrx_word' id='word_1_743' title='bbox 1999 4435 2175 4491; x_wconf 92' lang='lat' dir='ltr'><strong>nullus</strong></span> <span class='ocrx_word' id='word_1_744' title='bbox 2216 4434 2444 4505; x_wconf 89' lang='lat' dir='ltr'><strong>primas,</strong></span> <span class='ocrx_word' id='word_1_745' title='bbox 2477 4430 2654 4486; x_wconf 89' lang='lat' dir='ltr'><strong>nullus</strong></span> <span class='ocrx_word' id='word_1_746' title='bbox 2685 4428 3153 4501; x_wconf 86' lang='lat' dir='ltr'><strong>metropolitanus,</strong></span> <span class='ocrx_word' id='word_1_747' title='bbox 3184 4426 3384 4482; x_wconf 76' lang='lat' dir='ltr'><strong>dioece-</strong></span> 
     </span>
    </p>
   </div>
   <div class='ocr_carea' id='block_1_105' title="bbox 1800 4514 3391 4596">
    <p class='ocr_par' dir='ltr' id='par_1_105' title="bbox 1800 4514 3391 4596">
     <span class='ocr_line' id='line_1_105' title="bbox 1800 4514 3391 4596; baseline -0.014 -7"><span class='ocrx_word' id='word_1_748' title='bbox 1800 4529 1935 4589; x_wconf 86' lang='lat' dir='ltr'><strong>siani</strong></span> <span class='ocrx_word' id='word_1_749' title='bbox 1966 4526 2247 4584; x_wconf 86' lang='lat' dir='ltr'><strong>ecclesiam</strong></span> <span class='ocrx_word' id='word_1_750' title='bbox 2275 4525 2356 4582; x_wconf 82' lang='lat' dir='ltr'><strong>vel</strong></span> <span class='ocrx_word' id='word_1_751' title='bbox 2384 4522 2784 4596; x_wconf 87' lang='lat' dir='ltr'><strong>parochianum,</strong></span> <span class='ocrx_word' id='word_1_752' title='bbox 2818 4521 2905 4578; x_wconf 85' lang='lat' dir='ltr'><strong>vel</strong></span> <span class='ocrx_word' id='word_1_753' title='bbox 2927 4514 3127 4587; x_wconf 78' lang='lat' dir='ltr'><strong>aliquid</strong></span> <span class='ocrx_word' id='word_1_754' title='bbox 3156 4517 3272 4586; x_wconf 87' lang='lat' dir='ltr'><strong>ejus</strong></span> <span class='ocrx_word' id='word_1_755' title='bbox 3298 4530 3391 4584; x_wconf 86' lang='lat' dir='ltr'><strong>pa-</strong></span> 
     </span>
    </p>
   </div>
   <div class='ocr_carea' id='block_1_106' title="bbox 1801 4605 3392 4690">
    <p class='ocr_par' dir='ltr' id='par_1_106' title="bbox 1801 4605 3392 4690">
     <span class='ocr_line' id='line_1_106' title="bbox 1801 4605 3392 4690; baseline -0.015 -10"><span class='ocrx_word' id='word_1_756' title='bbox 1801 4621 2002 4681; x_wconf 69' lang='lat' dir='ltr'><strong>rochias</strong></span> <span class='ocrx_word' id='word_1_757' title='bbox 2029 4626 2319 4690; x_wconf 69' lang='lat' dir='ltr'><strong>prtcsumat</strong></span> <span class='ocrx_word' id='word_1_758' title='bbox 2355 4613 2843 4677; x_wconf 75' lang='lat' dir='ltr'><strong>excommunicare,</strong></span> <span class='ocrx_word' id='word_1_759' title='bbox 2893 4605 3163 4677; x_wconf 68' lang='lat' dir='ltr'><strong>aliquidve</strong></span> <span class='ocrx_word' id='word_1_760' title='bbox 3212 4619 3392 4677; x_wconf 89' lang='lat' dir='ltr'><strong>agerc,</strong></span> 
     </span>
    </p>
   </div>
   <div class='ocr_carea' id='block_1_107' title="bbox 1805 4694 3402 4783">
    <p class='ocr_par' dir='ltr' id='par_1_107' title="bbox 1805 4694 3402 4783">
     <span class='ocr_line' id='line_1_107' title="bbox 1805 4694 3402 4783; baseline -0.016 -12"><span class='ocrx_word' id='word_1_761' title='bbox 1805 4717 2010 4783; x_wconf 73' lang='lat' dir='ltr'><strong>absque</strong></span> <span class='ocrx_word' id='word_1_762' title='bbox 2058 4708 2176 4778; x_wconf 87' lang='lat' dir='ltr'><strong>ejus</strong></span> <span class='ocrx_word' id='word_1_763' title='bbox 2224 4706 2452 4767; x_wconf 78' lang='lat' dir='ltr'><strong>consilio</strong></span> <span class='ocrx_word' id='word_1_764' title='bbox 2496 4704 2583 4759; x_wconf 84' lang='lat' dir='ltr'><strong>vel</strong></span> <span class='ocrx_word' id='word_1_765' title='bbox 2629 4705 2852 4777; x_wconf 83' lang='lat' dir='ltr'><strong>judicio,</strong></span> <span class='ocrx_word' id='word_1_766' title='bbox 2905 4713 3021 4759; x_wconf 69' lang='lat' dir='ltr'><strong>non</strong></span> <span class='ocrx_word' id='word_1_767' title='bbox 3050 4696 3264 4750; x_wconf 72' lang='lat' dir='ltr'><strong>videtur</strong></span> <span class='ocrx_word' id='word_1_768' title='bbox 3310 4694 3402 4748; x_wconf 82' lang='lat' dir='ltr'><strong>hic</strong></span> 
     </span>
    </p>
   </div>
   <div class='ocr_carea' id='block_1_108' title="bbox 1806 4784 3408 4879">
    <p class='ocr_par' dir='ltr' id='par_1_108' title="bbox 1806 4784 3408 4879">
     <span class='ocr_line' id='line_1_108' title="bbox 1806 4784 3408 4879; baseline -0.017 -17"><span class='ocrx_word' id='word_1_769' title='bbox 1806 4802 2125 4879; x_wconf 81' lang='lat' dir='ltr'><strong>primatibus</strong></span> <span class='ocrx_word' id='word_1_770' title='bbox 2159 4799 2229 4855; x_wconf 86' lang='lat' dir='ltr'><strong>de</strong></span> <span class='ocrx_word' id='word_1_771' title='bbox 2254 4795 2725 4870; x_wconf 80' lang='lat' dir='ltr'><strong>comprimatibus,</strong></span> <span class='ocrx_word' id='word_1_772' title='bbox 2755 4794 2841 4852; x_wconf 84' lang='lat' dir='ltr'><strong>vel</strong></span> <span class='ocrx_word' id='word_1_773' title='bbox 2869 4784 3408 4879; x_wconf 44' lang='lat' dir='ltr'><strong>metropolitanisnde</strong></span> 
     </span>
    </p>
   </div>
   <div class='ocr_carea' id='block_1_109' title="bbox 1808 4872 3394 4960">
    <p class='ocr_par' dir='ltr' id='par_1_109' title="bbox 1808 4872 3394 4960">
     <span class='ocr_line' id='line_1_109' title="bbox 1808 4872 3394 4960; baseline -0.019 -6"><span class='ocrx_word' id='word_1_774' title='bbox 1808 4872 2362 4960; x_wconf 78' lang='lat' dir='ltr'><strong>commetropolitanis</strong></span> <span class='ocrx_word' id='word_1_775' title='bbox 2389 4887 2443 4944; x_wconf 90' lang='lat' dir='ltr'><strong>id</strong></span> <span class='ocrx_word' id='word_1_776' title='bbox 2475 4885 2797 4955; x_wconf 68' lang='lat' dir='ltr'><strong>inculcasse,</strong></span> <span class='ocrx_word' id='word_1_777' title='bbox 2832 4902 2954 4944; x_wconf 85' lang='lat' dir='ltr'><strong>cum</strong></span> <span class='ocrx_word' id='word_1_778' title='bbox 2989 4876 3256 4947; x_wconf 70' lang='lat' dir='ltr'><strong>emunxit</strong></span> <span class='ocrx_word' id='word_1_779' title='bbox 3280 4872 3394 4960; x_wconf 66' lang='lat' dir='ltr'><strong>ditia</strong></span> 
     </span>
    </p>
   </div>
   <div class='ocr_carea' id='block_1_110' title="bbox 1808 4958 3417 5045">
    <p class='ocr_par' dir='ltr' id='par_1_110' title="bbox 1808 4958 3417 5045">
     <span class='ocr_line' id='line_1_110' title="bbox 1808 4958 3417 5045; baseline -0.023 -1"><span class='ocrx_word' id='word_1_780' title='bbox 1808 4984 2009 5044; x_wconf 88' lang='lat' dir='ltr'><strong>cesiani</strong></span> <span class='ocrx_word' id='word_1_781' title='bbox 2032 4958 2325 5038; x_wconf 82' lang='lat' dir='ltr'><strong>ecclesiam</strong></span> <span class='ocrx_word' id='word_1_782' title='bbox 2348 4977 2430 5034; x_wconf 78' lang='lat' dir='ltr'><strong>vel</strong></span> <span class='ocrx_word' id='word_1_783' title='bbox 2462 4980 2873 5045; x_wconf 77' lang='lat' dir='ltr'><strong>parochianum,</strong></span> <span class='ocrx_word' id='word_1_784' title='bbox 2912 4970 2997 5030; x_wconf 82' lang='lat' dir='ltr'><strong>vel</strong></span> <span class='ocrx_word' id='word_1_785' title='bbox 3043 4963 3247 5033; x_wconf 69' lang='lat' dir='ltr'><strong>aliauid</strong></span> <span class='ocrx_word' id='word_1_786' title='bbox 3298 4958 3417 5027; x_wconf 82' lang='lat' dir='ltr'><strong>ejus</strong></span> 
     </span>
    </p>
   </div>
   <div class='ocr_carea' id='block_1_111' title="bbox 1808 5055 3419 5152">
    <p class='ocr_par' dir='ltr' id='par_1_111' title="bbox 1808 5055 3419 5152">
     <span class='ocr_line' id='line_1_111' title="bbox 1808 5055 3419 5152; baseline -0.023 -15"><span class='ocrx_word' id='word_1_787' title='bbox 1808 5076 2080 5152; x_wconf 54' lang='lat' dir='ltr'><strong>parochias</strong></span> <span class='ocrx_word' id='word_1_788' title='bbox 2112 5090 2126 5126; x_wconf 86' lang='lat'><strong>:</strong></span> <span class='ocrx_word' id='word_1_789' title='bbox 2150 5073 2249 5128; x_wconf 85' lang='lat' dir='ltr'><strong>sed</strong></span> <span class='ocrx_word' id='word_1_790' title='bbox 2279 5074 2351 5130; x_wconf 88' lang='lat' dir='ltr'><strong>ibi</strong></span> <span class='ocrx_word' id='word_1_791' title='bbox 2382 5071 2593 5137; x_wconf 77' lang='lat' dir='ltr'><strong>absque</strong></span> <span class='ocrx_word' id='word_1_792' title='bbox 2621 5070 2976 5143; x_wconf 69' lang='lat' dir='ltr'><strong>ambiguitate</strong></span> <span class='ocrx_word' id='word_1_793' title='bbox 3005 5055 3419 5152; x_wconf 66' lang='lat' dir='ltr'><strong>intelligendum</strong></span> 
     </span>
    </p>
   </div>
   <div class='ocr_carea' id='block_1_112' title="bbox 1810 5142 3421 5239">
    <p class='ocr_par' dir='ltr' id='par_1_112' title="bbox 1810 5142 3421 5239">
     <span class='ocr_line' id='line_1_112' title="bbox 1810 5142 3421 5239; baseline -0.02 -14"><span class='ocrx_word' id='word_1_794' title='bbox 1810 5142 1913 5233; x_wconf 75' lang='lat' dir='ltr'><strong>est,</strong></span> <span class='ocrx_word' id='word_1_795' title='bbox 1944 5161 2085 5236; x_wconf 85' lang='lat' dir='ltr'><strong>quod</strong></span> <span class='ocrx_word' id='word_1_796' title='bbox 2114 5175 2225 5217; x_wconf 85' lang='lat' dir='ltr'><strong>non</strong></span> <span class='ocrx_word' id='word_1_797' title='bbox 2247 5164 2377 5221; x_wconf 87' lang='lat' dir='ltr'><strong>licet</strong></span> <span class='ocrx_word' id='word_1_798' title='bbox 2405 5171 2569 5230; x_wconf 83' lang='lat' dir='ltr'><strong>agere</strong></span> <span class='ocrx_word' id='word_1_799' title='bbox 2594 5142 2838 5232; x_wconf 61' lang='lat' dir='ltr'><strong>priuati,</strong></span> <span class='ocrx_word' id='word_1_800' title='bbox 2869 5146 3227 5239; x_wconf 66' lang='lat' dir='ltr'><strong>multominus</strong></span> <span class='ocrx_word' id='word_1_801' title='bbox 3251 5142 3421 5239; x_wconf 67' lang='lat' dir='ltr'><strong>etiam</strong></span> 
     </span>
    </p>
   </div>
   <div class='ocr_carea' id='block_1_113' title="bbox 1811 5232 3431 5304">
    <p class='ocr_par' dir='ltr' id='par_1_113' title="bbox 1811 5232 3431 5304">
     <span class='ocr_line' id='line_1_113' title="bbox 1811 5232 3431 5304; baseline -0.01 0"><span class='ocrx_word' id='word_1_802' title='bbox 1811 5232 2252 5304; x_wconf 60' lang='grc' dir='ltr'><strong>ωρινόηοιίιαπο-</strong></span> <span class='ocrx_word' id='word_1_803' title='bbox 2280 5265 2343 5304; x_wconf 87' lang='lat' dir='ltr'><strong>ul</strong></span> <span class='ocrx_word' id='word_1_804' title='bbox 2360 5250 2684 5304; x_wconf 72' lang='lat' dir='ltr'><strong>dimcesiani</strong></span> <span class='ocrx_word' id='word_1_805' title='bbox 2714 5248 3003 5304; x_wconf 59' lang='lat' dir='ltr'><strong>Ecclesia“!</strong></span> <span class='ocrx_word' id='word_1_806' title='bbox 3029 5234 3112 5293; x_wconf 79' lang='lat' dir='ltr'><strong>vel</strong></span> <span class='ocrx_word' id='word_1_807' title='bbox 3134 5232 3431 5304; x_wconf 67' lang='grc' dir='ltr'><strong>ρπυεδίεσ</strong></span> 
     </span>
    </p>
   </div>
  </div>
