3904 5304
134 382 264 442 1θ57

1277 378 1648 437 ορυδρυωι
1680 376 1772 434 ET
1811 351 2194 437 EPISTOLE.

3256 355 3412 437 1058

133 500 302 554 larum
332 491 828 559 constitutionibus,
875 491 1120 550 invenies
1157 493 1263 549 hoc
1306 493 1598 550 observare
1622 493 1720 548 de-
1746 493 1796 556 Α
1823 500 1947 563 pter
1981 493 2126 564 quod
2153 500 2211 549 et
2247 491 2314 548 ad
2341 491 2684 565 metropolim
2715 506 2904 549 omnes
2932 491 3174 564 undique
3197 494 3291 565 qui
3315 511 3415 552 ne.

131 592 255 645 bere
308 599 748 657 unumquemque
796 583 1272 655 metropolitanum
1326 584 1381 639 in
1439 583 1720 655 provincia

133 682 350 740 alterius
375 680 800 752 metropolitani,
834 699 854 734 ι
910 678 1134 736 accedat
1185 677 1556 750 praedecessor
1591 677 1722 734 isto-

131 792 265 841 rum,
306 774 564 830 Romanae
588 772 735 830 sedis
763 787 916 843 aeque
936 771 1166 827 antistes
1186 769 1432 835 Anicius,
1449 777 1506 826 et
1531 769 1577 824 si
1605 768 1724 825 haec

130 883 233 923 non
260 864 550 930 sulIieiunt,
601 878 817 920 omnem
855 860 1313 934 amphibologiam
1368 859 1529 930 hujus
1557 860 1722 916 intel-

131 958 365 1031 ligentia
393 955 718 1014 omnimodis
766 953 957 1026 procul
1013 960 1309 1009 removeat.
1349 951 1532 1022 Inquit
1577 951 1723 1007 enim

130 1053 204 1108 sic
227 1050 406 1123 (Anio.
430 1049 580 1120 epist.
605 1045 772 1120 unic.)
819 1064 831 1100 :
872 1065 892 1099 ς
926 1045 1045 1118 Ipse
1079 1053 1258 1100 autem
1284 1044 1724 1115 archiepiscopus

130 1146 258 1203 nihil
285 1146 354 1202 de
373 1144 814 1216 coepiscoporum
838 1141 1041 1208 causis,
1063 1147 1156 1195 aut
1181 1139 1302 1195 aliis
1327 1138 1720 1204 communibus,

124 1235 274 1308 juxta
331 1243 534 1290 statuta
582 1232 965 1304 apostolorum,
1019 1231 1225 1302 absque
1253 1241 1574 1286 cunctorum
1607 1229 1724 1286 illo-
1778 1227 1780 1229 ’

131 1345 248 1386 rum
271 1336 398 1400 agat
417 1325 664 1394 consilio,
693 1341 797 1382 nec
823 1324 899 1381 illi
943 1323 1048 1380 nisi
1076 1333 1338 1396 quantum
1369 1324 1438 1380 ad
1480 1323 1726 1395 proprias

129 1421 414 1494 parochias
438 1420 676 1490 pertinet
737 1418 855 1474 sine
904 1431 1043 1473 suo:
1097 1416 1352 1488 quoniam
1404 1415 1494 1470 tali
1530 1415 1728 1487 gaudet

130 1530 195 1571 ex
250 1513 542 1570 concordia
579 1511 913 1578 Altissimus,
940 1519 998 1567 et
1051 1510 1315 1583 gloriatur
1363 1510 1420 1566 in
1466 1508 1726 1565 membris

132 1605 262 1661 suis.
310 1603 526 1675 Reliqui
574 1617 703 1659 vero
753 1602 847 1674 qui
890 1601 1026 1657 alias
1069 1599 1517 1673 metrOpolitanas
1569 1597 1726 1654 sedes

130 1698 311 1769 adepti
337 1705 486 1764 sunt,
532 1711 640 1753 non
683 1697 966 1768 primates,
997 1695 1092 1753 sed
1123 1693 1523 1766 metr0politani
1553 1692 1728 1749 nomi-

129 1798 348 1844 nentur.
379 1789 438 1844 Si
481 1797 662 1844 autem
711 1787 906 1860 aliquis
932 1787 1470 1860 metropolitanorum
1511 1784 1726 1842 inflatus

1824 586 1970 657 gotia
1993 585 2247 641 videntur
2271 583 2472 642 habere
2498 594 2846 642 concurrant.
2875 584 3030 642 Unde
3055 585 3259 658 placuit
3284 602 3410 643 eum

1774 758 1776 760 ν
1825 678 2032 735 honore
2071 678 2423 751 praecellere,
2467 689 2524 737 et
2568 679 2703 736 nihil
2757 679 2990 751 amplius
3033 688 3232 752 praeter
3283 696 3411 738 eum

1824 780 2052 828 caeteros
2078 772 2359 844 episcopos
2385 787 2577 844 agere,
2618 774 2912 830 secundum
2949 775 3228 845 antiquam
3257 790 3287 830 a
3315 790 3412 846 pa-

1827 863 2002 920 tribus
2028 863 2232 920 nostris
2263 864 2505 936 regulam
2532 864 2882 921 constitutam
2906 906 2920 931 ,
2953 863 3057 920 nisi
3099 880 3164 920 ea
3203 873 3416 921 tantum

1826 968 1947 1025 quae
1973 956 2041 1011 ad
2083 969 2237 1010 suam
2266 955 2546 1012 dioecesim
2577 955 2883 1027 pertinent,
2935 956 3415 1028 possessionesque

1827 1044 2116 1116 subiectas.
2159 1047 2541 1118 Unusquisque
2585 1048 2731 1103 enim
2766 1048 3053 1119 episcopus
3096 1049 3261 1104 habet
3301 1063 3413 1104 suae

1825 1140 2100 1210 parochia:
2149 1151 2507 1212 potestatem,
2539 1151 2602 1196 ut
2652 1150 2801 1214 regat
2845 1141 3005 1213 juxta
3054 1141 3417 1200 reverentiam

1829 1232 2058 1305 singulis
2083 1244 2504 1304 competentem,
2535 1242 2590 1290 et
2616 1235 3010 1306 providentiam
3054 1241 3210 1306 gerat
3243 1232 3421 1290 omnis

1826 1328 2188 1400 possessionis
2210 1344 2331 1399 quae
2365 1329 2467 1384 sub
2494 1327 2611 1398 ejus
2640 1337 2726 1384 est
2756 1335 3046 1400 potestate.
3076 1327 3154 1381 Ita
3195 1332 3257 1380 ut
3294 1338 3422 1396 pre—

1828 1420 2080 1493 sbyteros
2133 1428 2189 1476 et
2233 1421 2489 1477 diaconos
2512 1421 2748 1486 ordinet,
2777 1429 2830 1477 et
2858 1418 3067 1491 singula
3095 1433 3194 1474 suo
3215 1416 3423 1488 judicio

1829 1512 2298 1582 comprehendat:
2330 1511 2565 1582 amplius
2619 1521 2800 1567 autem
2850 1510 2988 1566 nihil
3041 1523 3204 1580 agere
3248 1513 3424 1563 tentet

1828 1611 2027 1673 praeter
2053 1603 2351 1658 antistitem
2385 1603 2892 1675 metropolitanum,
2921 1617 3022 1658 nec
3048 1599 3420 1672 metropolita-

1831 1709 1968 1761 nus,
1996 1694 2113 1750 sine
2158 1702 2480 1750 caeterorum
2528 1704 2682 1767 gerat
2722 1695 2949 1751 consilio
2993 1694 3359 1750 sacerdotum.
3397 1709 3417 1745 ι

1831 1785 1972 1843 Ecce
2023 1788 2330 1844 ostenditur
2374 1787 2500 1858 quia
2556 1786 2975 1842 sollicitudinem
3028 1801 3217 1856 gerere
3268 1782 3428 1840 debet

129 1880 318 1946 fuerit,
345 1889 403 1938 et
420 1881 538 1938 sine
563 1880 806 1936 omnium
832 1879 1371 1951 comprovincialium
1395 1877 1726 1951 praesentiali
1755 1871 1803 1933 B
1831 1877 1996 1934 totius
2018 1877 2313 1948 provinciae
2349 1877 2817 1948 metropolitanus,
2861 1885 2916 1933 et
2957 1877 3101 1948 quod
3129 1876 3198 1933 ad
3226 1884 3430 1931 metro-

130 1973 359 2030 consilio
408 1973 808 2045 episcoporum,
859 1981 953 2027 aut
1001 1987 1190 2028 eorum
1237 1979 1331 2026 aut
1357 1970 1491 2026 alias
1517 1984 1729 2038 causas,

127 2065 232 2120 nisi
261 2080 358 2121 eas
401 2071 610 2120 tantum
657 2079 777 2134 qua:
830 2063 897 2120 ad
941 2063 1216 2136 propriam
1256 2077 1411 2118 suam
1458 2063 1734 2134 pertinent

125 2156 470 2227 parochiam,
517 2167 692 2227 agere,
707 2161 801 2208 aut
829 2167 925 2210 eos
966 2168 1199 2225 gravare
1229 2152 1482 2218 voluerit,
1513 2153 1583 2208 ab
1617 2167 1735 2208 om-

123 2248 290 2305 nibus
318 2248 573 2305 districte
601 2246 927 2317 corrigatur,
959 2262 1028 2302 ne
1055 2246 1184 2302 talia
1235 2246 1491 2318 deinceps
1529 2261 1736 2317 praesu-

119 2359 278 2399 mere
299 2343 522 2399 audeat.
555 2341 614 2398 Si
633 2356 765 2398 vero
793 2339 1178 2412 incorrigibilis
1199 2341 1388 2411 eisque
1416 2339 1735 2396 inobediens

122 2436 475 2508 apparuerit,
498 2435 568 2492 ad
597 2436 738 2492 hanc
764 2434 1118 2507 apostolicam
1175 2435 1385 2500 sedem,
1416 2434 1504 2490 cui
1549 2432 1736 2489 omnia

127 2530 517 2602 episcoporum
556 2529 761 2602 judicia
795 2527 1076 2584 terminari
1120 2535 1393 2601 praecepta
1424 2535 1570 2596 sunt,
1618 2525 1737 2597 ejus

128 2623 482 2679 contumacia
524 2620 818 2688 referatur,
847 2629 908 2676 ut
941 2619 1178 2676 vindicta
1208 2621 1276 2676 de
1301 2635 1367 2676 eo
1394 2619 1508 2687 fiat,
1541 2626 1596 2676 et
1627 2633 1736 2675 ca:-

125 2715 236 2773 teri
275 2715 533 2770 timorem
585 2713 841 2769 habeant.
899 2711 959 2768 Si
1014 2720 1195 2772 autem
1245 2721 1465 2783 propter
1512 2710 1737 2766 nimiam

129 2806 615 2879 longinquitatem,
643 2811 738 2860 aut
782 2804 1045 2875 temporis
1098 2804 1616 2871 incommoditatem,
1653 2801 1739 2858 vel

128 2899 352 2955 itineris
378 2898 752 2969 asperitatem,
783 2911 947 2967 grave
977 2895 1046 2951 ad
1073 2895 1214 2952 hanc
1239 2895 1423 2952 sedem
1469 2893 1586 2965 ejus
1609 2908 1741 2950 cau-
1797 2897 1802 2906 '

135 3008 255 3050 sam
279 2990 500 3048 deferre
521 2989 706 3056 fuerit,
741 2998 872 3044 tunc
894 2989 962 3044 ad
984 2987 1100 3058 ejus
1135 2989 1425 3060 primatem
1455 3003 1620 3044 causa
1646 2987 1741 3043 de-

136 3085 381 3150 feratur,
405 3092 463 3138 et
482 3097 650 3155 penes
675 3081 852 3152 ipsum
879 3079 1040 3150 hujus
1085 3090 1290 3136 sanctae
1320 3080 1464 3136 sedis
1505 3080 1741 3136 auctori-

139 3185 256 3233 tate
303 3175 608 3247 judicetur.
666 3172 952 3240 Similiter,
1014 3172 1059 3227 si
1119 3171 1315 3242 aliquis
1361 3171 1737 3242 episcoporum

1832 1967 2000 2040 polim
2029 1981 2125 2024 eos
2152 1968 2246 2038 qui
2290 1969 2507 2040 negotia
2539 1968 2740 2024 habere
2781 1968 3055 2032 videntur,
3099 1980 3430 2023 concurrere

1832 2067 2098 2130 oporteat.
2131 2057 2272 2127 Quid
2300 2068 2482 2114 tamen
2523 2059 2647 2115 inde
2673 2057 3079 2128 exsequendum
3114 2055 3429 2126 metropoli-

1834 2154 1946 2209 tani
1977 2153 2051 2211 sit
2076 2153 2463 2218 sollicitudini,
2493 2169 2599 2210 non
2642 2153 2696 2208 in
2743 2153 2846 2209 hoc
2885 2149 3120 2222 capitulo
3151 2148 3432 2206 evidenter

1834 2251 2174 2322 exprimitur,
2203 2251 2330 2322 quia
2370 2251 2459 2306 hic
2485 2250 2666 2306 omnia
2695 2245 3080 2320 comprehendi
3110 2260 3216 2302 non
3242 2253 3432 2317 potue-

1834 2352 1962 2400 runt
2000 2354 2198 2418 praeter
2225 2347 2330 2402 hoc
2355 2343 2498 2416 quod
2528 2342 2751 2410 dicitur,
2793 2359 2812 2393 ι
2850 2354 2950 2396 nec
2977 2336 3426 2408 metropolitanus

1836 2437 1956 2494 sine
1980 2445 2303 2493 cancrorum
2333 2444 2488 2508 gerat
2515 2434 2740 2492 consilio
2771 2431 3133 2489 sacerdotum.
3170 2449 3190 2483 ι
3362 2438 3364 2440 '

1909 2529 2017 2586 Sed
2039 2530 2163 2586 inde
2193 2529 2437 2602 apertius
2463 2526 2780 2584 Africanum
2821 2524 3065 2588 decernit
3092 2521 3384 2578 concilium
3415 2537 3429 2576 :

1789 2684 1792 2686 ν
1845 2642 1864 2675 ι
1898 2623 2034 2680 Item
2062 2622 2265 2695 placuit
2293 2631 2352 2678 ut
2385 2616 2970 2694 presbyteri,diaconi,
2997 2614 3083 2670 vel
3117 2613 3299 2670 caeteri
3324 2611 3430 2667 cle-

1838 2716 1938 2774 rici
1959 2715 2279 2780 inferiores,
2307 2715 2362 2771 in
2385 2714 2569 2771 causis
2600 2728 2736 2785 quas
2775 2709 3087 2778 habuerint,
3124 2708 3170 2764 si
3210 2707 3278 2762 de
3298 2703 3440 2775 judi-

1839 2809 1940 2866 ciis
1971 2811 2346 2881 episcoporum
2378 2824 2600 2864 suorum
2642 2806 2818 2878 questi
2865 2803 3093 2869 fuerint,
3125 2799 3288 2857 vicini
3317 2797 3436 2868 epi-

1840 2903 1990 2974 scopi
2019 2917 2114 2958 eos
2137 2917 2261 2958 cum
2283 2915 2552 2957 consensu
2579 2899 2662 2954 sui
2688 2896 2924 2968 episcOpi
2951 2895 3192 2960 audiant,
3223 2900 3279 2948 et
3299 2891 3440 2947 inter

1841 3009 1936 3051 eos
1971 2995 2236 3052 dilliniant
2259 2991 2484 3049 adhibiti
2515 2993 2581 3047 ab
2612 2991 2691 3046 eis
2722 2988 2983 3062 episcopi.
3012 2985 3166 3055 Quod
3207 2983 3252 3040 si
3279 2991 3333 3040 et
3371 2980 3440 3036 ab

1843 3088 1922 3143 eis
1949 3087 2353 3159 provocandum
2377 3084 2721 3157 putaverint,
2751 3086 3046 3152 provocent
3083 3074 3148 3131 ad
3181 3074 3441 3146 primates

1845 3197 2064 3236 suarum
2094 3180 2531 3253 provinciarum,
2571 3179 2714 3235 sicut
2739 3183 2794 3232 et
2841 3176 2907 3232 de
2935 3171 3204 3244 episcopis
3241 3167 3442 3226 consti-

129 3270 421 3341 proprium
443 3265 920 3337 metropolitanum
949 3272 1259 3335 suspectum
1305 3262 1574 3326 habuerit,
1599 3262 1742 3332 apud
1769 3253 1818 3319 C
1849 3281 2023 3328 turum
2051 3282 2152 3328 est,
2192 3291 2211 3324 ι

131 3362 434 3432 primatem
485 3359 806 3424 dimceseos,
859 3364 956 3412 aut
1008 3356 1150 3426 apud
1201 3356 1344 3410 hanc
1389 3353 1740 3426 apostolicam

99 3520 104 3526 _
133 3457 322 3512 sedem
356 3452 614 3522 audiatur
646 3468 662 3507 :
693 3450 798 3518 Qui
817 3449 991 3521 major
1032 3457 1109 3503 est
1147 3458 1398 3515 vestrum,
1447 3449 1743 3504 secundum

129 3545 485 3618 iussionem,
551 3545 620 3601 sit
677 3553 869 3599 vester-
897 3542 1134 3596 minister
1185 3538 1403 3612 (Matth.
1452 3540 1588 3612 xx);
1645 3549 1741 3596 et:

139 3640 358 3709 Quanto
386 3638 566 3710 major
588 3653 664 3704 es,
687 3637 745 3691 in
772 3635 1012 3690 omnibus
1037 3634 1263 3689 humilia
1289 3633 1508 3704 teipsum
1549 3633 1743 3706 (Eccli.

137 3735 249 3807 ιιι).
293 3733 647 3799 Charissimi,
696 3731 863 3789 nolite
913 3733 1056 3788 inter
1101 3747 1199 3788 vos
1243 3732 1596 3798 contendere,
1646 3745 1748 3785 nec

137 3835 357 3899 quaerat
380 3826 583 3897 aliquis
603 3823 776 3896 major
802 3840 944 3893 esse,
976 3825 1092 3893 sed,
1123 3825 1276 3897 juxta
1301 3823 1640 3897 Apostolum,
1668 3823 1750 3879 die
1810 3822 1813 3825 ’

139 3923 296 3997 Iigite
317 3938 422 3979 vos
452 3921 710 3989 invicem,
750 3921 1008 3992 quoniam
1033 3920 1272 3976 charitas
1300 3935 1368 3976 ex
1397 3919 1510 3975 Deo
1541 3927 1646 3983 est,
1693 3925 1750 3974 et

141 4017 326 4074 omnis
352 4016 452 4088 qui
493 4014 667 4087 diligit
717 4029 784 4071 ex
839 4015 952 4070 Deo
1003 4022 1166 4070 natus
1215 4022 1317 4080 est,
1372 4020 1428 4068 et
1473 4011 1751 4084 cognoscit

143 4111 342 4169 Deum.
376 4109 486 4179 Qui
528 4126 636 4166 non
663 4109 860 4182 diligit,
892 4123 1001 4164 non
1049 4106 1200 4164 novit
1239 4106 1435 4169 Deum,
1491 4104 1748 4176 quoniam

141 4204 289 4262 Deus
335 4203 584 4262 charitas
611 4211 696 4259 est
734 4201 788 4274 (Ι
825 4201 986 4256 Joan.
1034 4199 1131 4272 ιν).
1170 4219 1189 4252 ι
1222 4197 1513 4254 Enimvero
1543 4197 1749 4262 dicens,

150 4317 168 4352 ε
204 4299 328 4371 Ipse
351 4311 490 4355 vero
513 4305 694 4351 autem
727 4294 1170 4366 archiepiscopus
1206 4291 1338 4348 nihil
1365 4292 1432 4348 de
1475 4290 1753 4362 coepisco-

144 4406 343 4462 porum
367 4389 578 4456 causis,
619 4395 716 4443 aut
741 4387 862 4443 aliis
893 4384 1293 4451 communibus,
1344 4381 1500 4454 juxta
1550 4390 1751 4439 statuta

145 4483 549 4556 apostolorum,
597 4481 802 4552 absque
835 4487 1154 4536 cunctorum
1205 4477 1420 4534 illorum
1461 4483 1589 4547 agat
1624 4490 1754 4531 con-

145 4577 294 4645 silio,
327 4598 348 4632 r
385 4573 772 4646 distinguendo
801 4572 936 4628 nihil
964 4573 1032 4629 de
1069 4571 1511 4643 eoepiScoporum
1549 4567 1750 4634 causis,

1920 3372 1988 3428 Et
2009 3371 2063 3426 in
2095 3369 2406 3425 Sardicensi
2435 3368 2508 3423 ita
2539 3367 2717 3422 adhuc
2737 3363 2900 3419 latius
2918 3361 3146 3417 habetur
3173 3357 3439 3415 concilio:

1849 3467 2008 3524 Osius
2037 3467 2320 3538 episcopus
2352 3463 2484 3518 dixit
2509 3461 2650 3532 (can.
2677 3460 2766 3530 l6)
2787 3477 2799 3512 :
2819 3457 2933 3513 Hoc
2959 3469 3174 3527 quoque
3193 3453 3444 3510 omnibus

1848 3561 2049 3634 placet,
2081 3567 2141 3614 ut
2166 3559 2212 3614 si
2243 3558 2524 3621 diaconus,
2563 3555 2678 3610 sive
2712 3552 3016 3623 presbyter,
3049 3549 3162 3604 sive
3187 3546 3310 3617 quis
3339 3543 3447 3600 cle-

1849 3655 2114 3720 ricorum,
2147 3652 2214 3707 ab
2240 3649 2496 3721 episeopo
2522 3661 2619 3703 suo
2645 3646 3023 3701 communione
3056 3640 3220 3698 fuerit
3262 3639 3444 3711 priva-

1853 3754 1959 3810 tus,
1978 3752 2034 3800 et
2060 3744 2128 3798 ad
2152 3741 2384 3797 alterum
2407 3738 2711 3811 perrexerit
2731 3736 3068 3807 episcopum,
3093 3743 3149 3788 et
3174 3731 3353 3788 sciens
3378 3728 3447 3784 ad

1852 3853 2013 3908 quem
2041 3833 2377 3907 confugerit,
2422 3847 2546 3887 eum
2592 3831 2660 3886 ab
2698 3829 2955 3900 episc0po
2979 3841 3078 3882 suo
3107 3823 3273 3880 fuisse
3301 3821 3448 3891 abje—

1852 3942 2021 3998 ctum,
2069 3945 2176 3986 non
2223 3934 2440 4000 oportet
2482 3934 2545 3980 ut
2581 3924 2630 3981 ei
2670 3923 3110 3980 communionem
3154 3916 3445 3990 indulgeat.

1853 4021 2010 4092 Quod
2036 4021 2082 4077 si
2108 4019 2329 4083 fecerit,
2360 4016 2497 4073 sciat
2522 4030 2582 4071 se
2620 4013 2930 4071 convocatis
2956 4009 3224 4082 episcopis
3252 4021 3448 4062 causas

1853 4130 1976 4172 esse
1997 4114 2285 4171 dicturum.
2320 4109 2567 4166 Universi
2599 4107 2848 4164 dixerunt
2873 4123 2887 4161 :
2915 4125 2936 4158 ι
2966 4104 3080 4161 Ηοο
3103 4110 3366 4160 statutum
3398 4109 3454 4156 et

1853 4215 2042 4274 pacem
2085 4195 2340 4260 servabit,
2381 4203 2437 4250 et
2486 4192 2828 4248 concordiam
2872 4190 3162 4247 custodiet.
3213 4208 3233 4242 ›
3266 4187 3334 4242 Et
3380 4200 3450 4241 ne

1856 4293 1962 4351 dici
1994 4292 2164 4364 possit
2194 4290 2297 4344 hoc
2325 4284 2749 4356 archiepiscopis
2785 4299 2891 4338 non
2913 4281 3266 4354 praeiudicare
3300 4278 3451 4348 capi-

1858 4387 2058 4450 tulum,
2097 4387 2151 4440 in
2197 4399 2263 4438 eo
2304 4380 2447 4452 quod
2489 4377 2683 4448 inquit,
2713 4396 2730 4427 ι
2762 4383 2821 4430 ιιι
2864 4375 2977 4431 sive
3013 4373 3292 4438 diaconus,
3340 4369 3454 4425 sive

1855 4478 2164 4551 presbyter,
2181 4474 2296 4529 sive
2310 4473 2433 4544 quis
2454 4469 2799 4532 clericorum,
2816 4466 2883 4522 ab
2909 4464 3161 4536 episcopo
3184 4476 3284 4518 suo
3309 4475 3457 4514 com-

1858 4569 2114 4626 munione
2159 4565 2325 4620 fuerit
2362 4563 2641 4635 privatus,
2681 4569 2736 4616 et
2771 4559 2840 4615 ad
2871 4557 3107 4613 alterum
3152 4552 3458 4626 perrexerit

145 4655 257 4729 non
298 4674 370 4730 de
406 4667 1012 4739 coarcbiepiscoporum
1058 4665 1327 4737 permittit
1382 4662 1751 4733 interpretari.
1782 4630 1834 4690 Β
1859 4662 2196 4732 episcopum,
2226 4677 2245 4710 ι
2281 4658 2407 4729 quia
2439 4671 2545 4711 non
2575 4653 2831 4720 admisit,
2871 4659 2966 4707 aut
2995 4649 3065 4703 ad
3091 4645 3455 4715 archiepisco-

149 4743 456 4821 Subdendo
489 4776 726 4832 quoque,
753 4779 773 4812 ‹
811 4760 1016 4830 absque
1038 4768 1356 4815 cunctorum
1386 4756 1600 4812 illorum
1632 4764 1756 4826 agat

156 4855 416 4915 consilio.
449 4872 470 4904 ι
506 4852 742 4916 illorum,
771 4850 915 4921 quod
943 4857 1028 4905 est
1055 4863 1351 4919 pronomen
1377 4845 1662 4904 relativum
1690 4860 1756 4902 ac

148 4945 677 5010 demonstrativum,
720 4943 787 4997 ad
823 4956 1086 5014 personas
1139 4941 1361 5012 respicit
1403 4937 1757 5009 coepiscopo-

145 5057 292 5109 rum,
327 5055 433 5097 nec
461 5038 593 5094 sinit
613 5035 889 5092 subaudiri
917 5033 1537 5108 coarcbiepiscoporum.

731 5127 806 5148 -2-
854 5127 1097 5148 _-.a--:---
1147 5125 1369 5148 ---m-!-.
1421 5123 1728 5148 a--o!...-..!_

1860 4772 2009 4829 pum,
2035 4767 2266 4824 sequens
2291 4752 2360 4806 de
2387 4750 2490 4805 hac
2527 4747 2719 4805 eadem
2765 4764 2828 4804 re
2873 4741 3186 4814 diligentius
3217 4738 3459 4812 ejusdem

1863 4846 2076 4905 concilii
2109 4851 2482 4915 perserutatur
2545 4839 2864 4912 capitulum.
2942 4835 3104 4892 Osius
3165 4831 3466 4904 Episcopus

1867 4940 2005 4999 dixit
2046 4936 2190 5008 (can.
2225 4936 2356 5007 I7):
2396 4952 2416 4985 ι
2451 4930 2609 4999 Quod
2652 4948 2743 4990 me
2782 4931 2964 4989 adhuc
3009 4932 3193 4981 movet
3235 4922 3470 4980 reticere

1867 5049 1975 5092 non
2002 5029 2189 5086 debeo.
2229 5027 2289 5085 Si
2320 5026 2606 5098 episcopus
2633 5029 2758 5098 quis
2797 5026 2938 5084 forte
2978 5018 3294 5085 iracundus,
3329 5009 3476 5096 quod

2373 5117 2481 5148 Λῖιη
2507 5124 2560 5148 AI
2591 5132 2781 5148 ηο-ιΑ-ιι
2816 5119 3189 5148 ηηωωηυρηιι·
3215 5110 3480 5148 adversus

1876 5138 1989 5148 ---Α
2025 5134 2130 5148 ..Α-ιι
2156 5116 2317 5148 Ιιηιιιηο
