3904 5304
592 193 733 261 1089
1624 192 1957 265 ΗΙΝΟΜΑΒΙ
1992 204 2487 267 ιυςυυΝΕΝδιε
2518 207 2831 270 EPISCOPI
3662 226 3755 284 mo

583 324 646 374 ut
668 316 756 374 vel
788 314 1049 391 probetur
1071 316 1339 374 sententia
1367 314 1545 386 eiusa
1566 316 1835 389 plurimis,
1866 320 1951 377 vel
1978 334 2167 379 emen-
2193 323 2246 387 Α
2271 321 2458 379 Dicam
2493 331 2671 379 tamen
2700 338 2800 396 pro
2844 322 3030 382 multis
3048 354 3051 357 -
3072 339 3194 395 quae
3227 340 3324 383 suo
3357 326 3470 385 loco
3498 339 3756 405 exsequendi

584 412 760 471 detur.
791 411 995 471 Tamen
1015 410 1331 487 priusquam
1356 411 1539 471 omnia
1559 412 1844 486 diligenter
1856 423 1913 471 et
1934 413 2168 472 ﬁdeliter
2277 420 2436 471 erunt
2459 414 2709 486 paucula.
2737 415 2965 474 Domino
2984 416 3200 476 dicente
3219 418 3394 491 primo
3414 425 3600 494 parenti
3616 438 3757 500 nostro,

581 506 978 575 examinentur,
1001 518 1125 562 eum
1165 504 1257 575 qui
1296 503 1463 561 fuerit
1494 507 1923 564 acommuuione
1948 523 2173 578 separa-
2275 504 2330 560 iu
2371 521 2694 578 quocunque
2737 506 2825 563 die
2866 520 2936 563 ex
2976 506 3122 579 ligno
3169 508 3272 566 sibi
3318 511 3477 569 vetito
3517 518 3755 587 comedere,

581 609 688 665 tus.
730 606 859 655 ante
903 596 1267 669 cognitionem
1304 596 1482 657 nullus
1532 597 1692 656 debet
1735 614 2065 672 praesumere
2113 606 2173 654 ut
2273 599 2417 672 quod
2447 609 2625 657 morte
2670 610 2974 659 moreretur
3006 600 3161 674 (Gen.
3200 603 3298 676 tr),
3334 619 3445 661 non
3487 605 3592 664 ideo
3610 610 3758 668 dixitut

578 705 702 748 eum
732 690 1096 749 communioni
1142 690 1333 747 societ.
1368 689 1437 747 Hi
1468 705 1598 747 vero
1621 693 1715 762 qui
1744 692 2075 749 conveniunt
2101 692 2172 748 ad
2272 691 2389 765 ipse
2414 695 2726 752 comederet
2752 703 2808 753 et
2834 704 3011 753 morte
3035 706 3364 764 moreretur,
3405 699 3588 759 scilicet
3605 717 3759 777 corpore

577 782 926 851 audiendum,
960 784 1005 841 si
1037 783 1277 841 viderint
1303 783 1624 843 clericorum
1657 799 1777 843 esse
1807 785 2086 842 fastidium
2114 794 2170 841 et
2271 793 2327 841 et
2367 786 2544 842 anima
2570 787 2712 845 :sed
2742 787 2864 845 ideo
2904 787 3033 845 illud
3079 788 3281 857 intulit,
3315 806 3385 846 ne
3428 794 3701 871 come,
3728 807 3759 854 et

574 876 906 948 superbiam,
923 877 1048 947 quia
1064 875 1180 949 jam
1205 893 1311 935 non
1338 878 1493 935 decet
1515 888 1576 934 ut
1599 878 1884 951 episcopus
1912 879 2167 951 iujuriam
2270 892 2379 934 non
2425 888 2600 937 morte
2644 888 2971 949 moreretur,
3020 880 3113 936 sed
3162 881 3272 939 vita
3324 881 3536 938 viveret.
3573 882 3761 944 Student:

574 966 658 1024 vel
698 968 1080 1025 contumeliam
1125 970 1392 1040 patiatur,
1441 970 1804 1028 severioribus
1848 985 1943 1028 eos
1987 971 2168 1029 verbis
2269 980 2450 1028 autem
2503 973 2752 1040 diabolo,
2786 983 2847 1030 ut
2896 974 2943 1031 si
2990 989 3058 1031 ex
3107 974 3252 1048 ligno
3301 977 3465 1033 vetito
3505 980 3760 1037 comedere»

573 1059 868 1132 castigent,
898 1068 959 1116 ut
986 1059 1243 1117 obediant
1263 1061 1488 1118 honesta
1515 1061 1847 1133 praecipienti
1876 1062 2163 1135 episcopo:
2268 1064 2411 1123 sicut
2438 1066 2511 1121 dii
2553 1075 2737 1123 essent
2764 1066 2957 1133 futuri,
2990 1067 3197 1125 scilicet
3223 1078 3473 1140 parentes
3512 1072 3676 1138 nostri,
3696 1090 3761 1130 non

572 1152 696 1223 quia
723 1152 862 1208 sicut
893 1152 983 1208 ille
1005 1151 1218 1209 clericis
1247 1153 1521 1211 sincerum
1547 1153 1805 1211 exhibere
1834 1154 1995 1212 debet
2015 1170 2164 1215 amo-
2270 1156 2391 1213 ideo
2419 1159 2691 1229 persuasit
2729 1166 2789 1214 ut
2838 1158 3031 1216 ﬁerent
3075 1160 3221 1232 quod
3252 1162 3625 1232 prietendebat,
3644 1167 3760 1221 sedet

574 1256 688 1298 rem
717 1241 1026 1323 charitatis,
1050 1243 1125 1299 ita
1154 1258 1369 1316 quoque
1395 1244 1633 1301 vicissim
1665 1245 1898 1301 ministri
1922 1244 2164 1303 infucata
2268 1251 2581 1311 amitterent
2622 1267 2742 1310 esse
2771 1253 2913 1323 quod
2949 1252 3109 1311 flendi
3158 1263 3324 1311 erant
3370 1256 3418 1312 si
3448 1273 3546 1312 non
3579 1260 3762 1315 comedis-

569 1332 768 1393 debent
797 1321 1051 1407 episcopo
1080 1351 1180 1393 suo
1214 1337 1472 1395 exhibere
1498 1337 1784 1409 obsequia.
1828 1358 1846 1391 ι
1883 1337 2038 1406 Quod
2082 1338 2164 1396 di-
2264 1351 2406 1401 sent.
2438 1343 2577 1401 Ecce
2600 1344 2728 1414 quia
2756 1321 3068 1402 interdictio
3099 1345 3319 1403 Domini
3351 1349 3419 1404 ad
3446 1348 3540 1405 hoc
3563 1351 3753 1420 precede-

570 1424 712 1481 citur
739 1424 848 1491 hic,
885 1444 904 1478 ι
939 1425 1141 1482 habeat
1166 1436 1489 1499 potestatem
1530 1428 1577 1485 is
1605 1430 1698 1502 qui
1726 1428 1971 1501 abjectus
1992 1438 2078 1487 est
2103 1438 2165 1486 ut
2264 1436 2392 1508 bat,
2423 1444 2484 1493 ut
2528 1450 2678 1493 mors
2722 1425 3066 1504 evaderemr,
3111 1438 3379 1495 resolutio
3407 1440 3583 1498 diaboli
3620 1444 3670 1498 ad
3698 1444 3759 1499 hoc

569 1517 852 1591 episcopos
892 1518 1152 1578 ﬁnitimos
1185 1522 1507 1594 interpellet,
1535 1531 1592 1581 et
1616 1538 1781 1580 causa
1809 1524 1927 1596 ejus
1974 1524 2163 1580 audia-
2264 1526 2508 1593 inducta,
2538 1535 2599 1583 ut
2621 1527 2732 1585 vita
2759 1538 3134 1587 evacuaretur.
3158 1529 3228 1586 Et
3254 1531 3385 1601 quia
3414 1533 3665 1589 secundum
3679 1534 3758 1590 illud

570 1619 659 1669 tur
684 1626 749 1669 ac
775 1612 1085 1686 diligentius
1115 1622 1400 1681 tractetur,
1429 1615 1557 1685 quia
1599 1631 1708 1673 non
1735 1624 1953 1687 oportet
1977 1616 2027 1673 ei
2064 1632 2156 1673 ne-
2263 1634 2416 1691 papae
2440 1617 2736 1677 Alexandri
2765 1628 3028 1677 statutum
3047 1663 3062 1689 ,
3098 1641 3115 1674 ι
3154 1638 3262 1679 ηοη
3294 1631 3503 1681 tantum
3525 1625 3759 1681 attendde

568 1700 679 1773 gati
705 1700 1034 1758 audientiam
1064 1704 1297 1777 roganti,
1325 1724 1347 1759 ο
1379 1713 1531 1778 patet
1551 1705 1679 1777 quia
1714 1706 1841 1763 dum
1864 1707 1933 1764 ad
1967 1716 2166 1764 metro-
2192 1697 2242 1760 B
2270 1721 2539 1786 suntquae
2565 1715 2701 1772 ﬁunt
2728 1723 2994 1786 quantum
3022 1732 3129 1786 quo
3159 1717 3350 1774 animo
3387 1718 3543 1786 ﬁunt,
3569 1739 3586 1773 ι
3613 1734 3700 1775 una
3718 1736 3759 1776 et

562 1792 729 1864 politn
761 1792 840 1849 uti
866 1792 1266 1853 Antiochenam
1302 1794 1437 1851 dicit
1476 1796 1765 1853 concilium
1798 1797 2160 1865 concurrerit,
2270 1803 2460 1860 ordine
2482 1819 2580 1861 suo
2603 1804 2723 1863 loco
2752 1816 2808 1865 et
2835 1814 3075 1877 tempore
3100 1805 3255 1878 cujus
3280 1816 3373 1865 est
3413 1823 3573 1865 meam
3608 1809 3759 1864 audiuit

564 1901 632 1947 ac
651 1886 987 1951 audientiam
1015 1888 1086 1946 ab
1118 1889 1372 1963 episcopo
1399 1893 1676 1965 rogaverit
1707 1893 1802 1965 qui
1849 1891 2165 1949 sollicitudi-
2268 1898 2704 1957 interdictionem
2723 1941 2741 1968 ,
2763 1900 3030 1973 iudicabit
3055 1917 3163 1973 quo
3181 1904 3395 1971 animo,
3423 1920 3524 1976 qua
3556 1905 3760 1963 intentione

562 1995 689 2041 nem
716 1981 1006 2054 provincia:
1033 1982 1206 2053 gerit,
1235 1983 1322 2038 ille
1342 1983 1435 2055 qui
1466 1981 1710 2055 abjectus
1736 1992 1819 2040 est
1839 1992 2163 2055 potestatem
2264 2007 2387 2049 eam
2410 1992 2650 2058 fecerim,
2682 2003 2865 2053 utrum
2893 2011 3001 2066 quo
3027 2011 3095 2052 ex
3121 2011 3184 2053 ea
3202 1997 3433 2069 aliquod
3454 1997 3624 2053 malum
3641 1998 3759 2054 subse-

562 2070 790 2141 habens,
828 2072 1086 2131 ﬁnitimos
1128 2073 1415 2146 episcopos
1454 2074 1522 2130 ad
1554 2075 1659 2132 hoc
1693 2074 1891 2133 debere
1934 2092 2136 2150 congre
2264 2092 2553 2155 queretur,
2598 2093 2692 2141 aut
2738 2084 2965 2156 alicujus
3011 2087 3314 2160 periculum
3364 2090 3674 2160 procederet,
3704 2099 3759 2144 aut

564 2163 704 2236 gari,
735 2164 827 2236 qui
853 2167 1129 2237 negotium
1157 2165 1534 2234 discutientes,
1563 2177 1655 2222 aut
1687 2167 1996 2239 probabunt
2035 2184 2134 2227 sen
2262 2172 2414 2231 locus
2450 2174 2683 2233 violandi
2715 2178 3026 2249 apostolicae
3071 2179 3218 2237 sedis
3265 2181 3491 2237 decreta
3530 2181 3756 2253 aperiretur,

566 2256 794 2311 tentiam
837 2257 1076 2329 episcopi
1123 2266 1216 2314 aut
1247 2260 1611 2319 emendabunt
1644 2275 1659 2316 :
1689 2277 1809 2333 qua:
1839 2278 1870 2317 a
1910 2262 2159 2347 plurimis
2263 2276 2387 2335 aut,
2432 2276 2491 2325 ut
2530 2269 2605 2324 ita
2645 2268 2850 2338 dicam,
2881 2271 3225 2345 delinquendi
3269 2282 3465 2331 contra
3498 2274 3758 2345 omnesne

516 2398 520 2402 Α
572 2353 657 2403 est
693 2347 984 2415 mutanda,
1014 2362 1121 2405 non
1151 2347 1319 2407 solius
1345 2349 1739 2424 archiepiscoiii
1768 2351 2159 2410 deliberatione
2266 2367 2373 2416 tam
2400 2359 2612 2417 divinas
2640 2376 2802 2434 quam
2847 2362 3112 2421 humanas
3158 2362 3402 2423 facultas
3445 2366 3661 2425 daretur:
3683 2380 3758 2420 nam

558 2437 904 2509 destruenda,
930 2442 1058 2513 quia
1084 2445 1229 2517 quod
1250 2443 1533 2500 subditur:
1557 2463 1575 2497 ι
1597 2444 1804 2501 Tamen
1828 2446 2153 2519 priusquam
2260 2453 2348 2513 lex
2393 2464 2618 2528 propter
2670 2465 3095 2530 transgressores
3139 2459 3328 2528 posita
3376 2467 3487 2527 est;
3536 2475 3594 2515 an
3623 2470 3665 2514 ut
3689 2459 3759 2513 im

550 2531 735 2587 omnia
763 2531 1050 2603 diligenter
1082 2542 1138 2589 et
1167 2532 1397 2591 fideliter
1438 2535 1835 2607 examinentur,
1886 2552 2009 2596 eum
2058 2540 2156 2610 qui
2259 2562 2328 2609 ne
2382 2548 2576 2605 ﬁerent
2627 2558 2873 2622 satagere
2924 2549 3206 2607 maluerim
3254 2550 3595 2611 nihilominus
3626 2549 3759 2622 ponde.

552 2622 730 2681 fuerat
761 2639 791 2681 a
836 2625 1217 2685 communione
1260 2640 1565 2699 separatus,
1611 2638 1737 2687 ante
1781 2632 2150 2707 cognitionem
2260 2640 2423 2699 rabit.

554 2718 732 2775 nullus
752 2718 915 2776 debet
933 2734 1263 2807 praesumere
1283 2730 1341 2777 ut
1360 2736 1487 2778 eum
1515 2725 1883 2782 communioni
1906 2726 2097 2799 societ,
2125 2748 2145 2782 ι
2328 2732 2698 2793 Revolveutur
2720 2736 2789 2792 ab
2813 2736 2969 2792 initio
2991 2736 3305 2807 apostolica:
3348 2738 3493 2795 sedis
3526 2738 3758 2796 decreta.et

560 2820 668 2862 non
695 2806 909 2877 excepit
933 2806 1429 2882 archiepiscopum:
1452 2810 1577 2881 quia
1606 2810 1697 2867 ubi
1728 2811 1927 2869 dicitur
1946 2814 2146 2884 nullus,
2256 2824 2693 2882 considerabitur
2717 2827 2771 2883 in
2803 2827 2938 2898 ipsis
2967 2843 3063 2885 cur
3084 2829 3571 2887 excommunicatio
3590 2826 3756 2885 {acin

552 2914 661 2955 non
684 2899 1003 2970 supersedet
1030 2899 1191 2959 ullus.

2255 2918 2345 2985 sit,
2374 2928 2429 2977 et
2453 2920 2650 2990 quibus
2679 2936 2744 2976 ac
2775 2936 2807 2976 a
2840 2921 3055 2990 quibus,
3083 2922 3213 2994 quin
3252 2932 3311 2978 et
3355 2939 3387 2979 a
3430 2923 3755 2996 quibuscum-

622 2991 897 3049 Nicaenum
928 3009 1143 3066 quoque
1169 2996 1298 3069 quid
1335 3012 1403 3053 ex
1430 2997 1532 3055 hoc
1554 2999 1812 3056 decernat
1851 3000 2143 3058 concilium
2177 3072 2218 3086 Α
2254 3008 2381 3068 dum
2405 3028 2471 3069 ac
2495 3014 2859 3084 separandum
2882 3013 2974 3080 sit,
3001 2991 3124 3075 cuni
3143 3016 3350 3086 quibus
3371 2991 3473 3077 nec
3488 3011 3754 3075 cihumsuuti.

552 3084 912 3151 “tendamus:
938 3096 1047 3159 (1υο
1077 3088 1153 3143 ait
1176 3088 1519 3161 (wn-5):De
1539 3092 1622 3148 ιιίε
1642 3094 1735 3164 (illi
1766 3095 2144 3153 communione
2171 3072 2219 3140 Ο
2251 3114 2455 3178 quanto
2486 3072 2667 3163 minus
2696 3122 2798 3163 nec
2825 3072 3045 3165 missam
3076 3072 3341 3180 vophrteat
3655 3105 3754 3161 Certe

548 3180 960 3250 privantur,seu
986 3197 1052 3238 ex
1079 3182 1247 3253 clero,
1267 3198 1361 3242 seu
1379 3201 1442 3241 ex
1466 3184 1606 3242 laico
1626 3187 1837 3255 ordine,
1856 3188 1924 3244 ab
1939 3189 2145 3261 episco-
2248 3202 2294 3257 si
2324 3202 2416 3272 qui
2464 3217 2570 3259 non
2599 3203 2826 3275 corrigit
2865 3204 3159 3261 resecanda
3193 3207 3514 3272 οωηηιῑιιίι,
3550 3221 3606 3262 ac
3632 3203 3698 3274 qui
3722 3202 3753 3254 is

546 3271 641 3364 pisi
660 3286 759 3345 per
789 3288 1225 3364 unamquamque
1267 3276 1625 3348 provinciam,
1657 3280 1924 3336 sententia
1974 3296 2138 3355 regu-
2248 3271 2444 3349 talibus
2471 3300 2613 3349 tacet
2656 3271 3057 3364 consequenter
3082 3302 3137 3353 et
3173 3271 3563 3363 cohibetur,“
3594 3271 3752 3364 reptn-

545 3361 675 3420 laris
708 3363 982 3432 obtineat,
1024 3374 1083 3421 ut
1133 3366 1186 3422 hi
1239 3368 1331 3440 qui
1380 3368 1708 3440 abjiciuntur
1750 3373 1818 3428 ab
1862 3371 1985 3428 aliis
2030 3389 2140 3429 non
2243 3386 2519 3458 phericum
2568 3386 2643 3443 iui
2690 3361 2893 3443 iacenii
2935 3387 3214 3456 immiuei,
3248 3390 3426 3447 mulio
3628 3361 3749 3458 quia

548 3454 905 3529 recipiantur,
933 3457 1244 3528 requiratur
1274 3467 1454 3514 autem
1476 3476 1544 3515 ne
1576 3461 2020 3533 pusillanimitate
2045 3475 2141 3521 aut
2242 3454 2424 3543 iiooei,
2455 3494 2552 3550 per
2578 3496 2700 3551 qum
2734 3480 2852 3537 hinc
2900 3480 3016 3536 fieri
3051 3454 3439 3552 quoquomodo
3471 3500 3501 3538 a
3533 3454 3752 3553 quibusque

547 3547 895 3604 contentione
923 3551 1008 3606 vel
1049 3550 1363 3623 aliquolibet
1393 3553 1631 3626 episcopi
1663 3554 1795 3610 vitio
1822 3556 2071 3613 videatur
2102 3574 2134 3614 a
2241 3547 2661 3641 pmsuniaiiuir,
2701 3588 2806 3628 ιιοη
2834 3572 2890 3628 in
2918 3547 3193 3630 hominem
3218 3585 3436 3632 tantum
3469 3547 3671 3635 mirer»,
3690 3547 3750 3625 sed

540 3639 961 3713 congregatione
1003 3642 1265 3699 seclusus.
1304 3643 1375 3733 Ut
1416 3645 1520 3701 hoc
1554 3662 1684 3719 ergo
1726 3648 2004 3705 decentius
2047 3650 2134 3706 in-
2239 3639 2294 3719 in
2325 3664 2492 3719 Deum
2524 3665 2846 3732 Dominum,
2874 3683 2941 3724 ac
2968 3683 3063 3738 pei-
3106 3670 3212 3726 boc
3250 3670 3307 3727 in
3338 3672 3509 3742 ipsam
3545 3682 3751 3725 suma-

540 3732 807 3805 quiratur,
836 3735 975 3791 bene
1002 3733 1202 3806 placuit
1223 3732 1382 3794 annis
1403 3737 1627 3811 singulis
1650 3755 1747 3813 per
1772 3758 2133 3814 unamquam-
2238 3766 2384 3811 ciam
2413 3756 2727 3831 religionem
2754 3732 3100 3831 pracvaricari
3135 3732 3501 3821 εοηνίηέίωτ,
3529 3761 3653 3832 Qum]
3682 3772 3748 3813 non

540 3839 644 3896 quc
673 3826 1006 3896 provinciam
1053 3826 1138 3883 bis
1179 3828 1233 3882 in
1282 3845 1424 3886 anno
1473 3833 1701 3888 concilia
1743 3836 2034 3905 celebrari,
2072 3848 2133 3894 ut
2237 3862 2324 3903 me
2352 3864 2450 3918 pro
2477 3826 2563 3905 uie
2593 3826 2775 3907 dicere
2805 3853 3054 3919 reamini,
3082 3854 3239 3923 quasi
3266 3856 3485 3926 propria
3518 3855 3750 3924 instigat“

544 3918 906 3973 communiter
954 3918 1206 3977 omnibus
1258 3922 1417 3978 simul
1472 3925 1741 3998 episcopis
1790 3932 2132 4003 congregatis
2236 3939 2435 4013 injuria
2468 3959 2482 3995 :
2512 3943 2636 4014 quia
2689 3944 2800 4005 Deo
2841 3954 2976 4001 teste
3025 3918 3125 4019 pro
3159 3918 3405 4005 cavendo
3440 3918 3751 4021 potiusinsit-

541 4009 850 4081 provinciat,
876 4011 1236 4070 discutiantur
1258 4014 1565 4087 huiusmodi
1589 4020 1938 4089 quaestiones,
1971 4032 2024 4079 et
2050 4025 2132 4081 sic
2234 4009 2440 4092 sinsiici
2472 4009 2676 4093 ordinis
2699 4009 3200 4097 iteri-inienro.vobis
3225 4009 3539 4108 scribo,.uii
3560 4037 3749 4106 scriptum

536 4101 628 4172 qui
657 4117 758 4158 suo
798 4114 1163 4179 peccaverunt
1191 4106 1469 4165 evidenter
1511 4110 1787 4184 episcopo,
1816 4130 2078 4172 exeornmi

2231 4139 2317 4186 est
2341 4148 2353 4184 ε
2376 4129 2555 4187 Nolite
2575 4130 2747 4187 locum
2768 4131 2898 4189 dare
2918 4132 3128 4189 diabolo
3149 4128 3369 4205 (Ephes.
3399 4101 3496 4204 tv).
3511 4132 3606 4190 Nec
3621 4101 3749 4192 uiuum.

536 4190 704 4248 nicati
730 4193 1129 4298 rationabiliter
1159 4196 1227 4253 ab
1253 4199 1506 4256 omnibus
1536 4202 1897 4271 aestimentur,
1925 4223 2123 4281 usque-
2230 4222 2444 4286 δεξιοιε,
2478 4222 2687 4295 apicem
2715 4224 2785 4281 ab
2810 4239 2904 4281 ore
2932 4240 3054 4281 meo
3092 4190 3358 4285 dictatum
3389 4190 3627 4298 apparere
3647 4190 3751 4291 opta;

535 4300 643 4356 quo
663 4283 746 4343 vel
773 4284 827 4342 in
854 4287 1146 4355 communi,
1181 4289 1264 4345 vel
1293 4291 1547 4365 episcOpo
1591 4294 1801 4367 placeat
1839 4299 2124 4355 humanio-v
2229 4330 2345 4371 rem
2388 4283 2470 4371 vel
2502 4283 2649 4387 npto,
2683 4317 2774 4390 qui
2808 4326 3000 4375 vestra:
3027 4283 3343 4388 paternitati
3374 4283 3672 4389 displiceret,
3693 4306 3747 4364 rei

480 4452 484 4456 _
535 4392 649 4435 rem
670 4394 770 4452 pro
794 4381 992 4438 talibus
1014 4381 1156 4439 ferre
1184 4386 1530 4441 sententiam.
1555 4408 1572 4440 ι
1596 4389 1738 4462 Ergo
1764 4395 2126 4451 communiter
2151 4458 2202 4483 n
2230 4405 2492 4462 decenne
2521 4381 2718 4467 uestra;
2765 4424 2871 4466 ηοη
2911 4381 3257 4483 congrum-ei,
3302 4411 3410 4468 Sed
3455 4381 3554 4466 non
3588 4416 3745 4479 possim

1674 4458 1696 4462 -
2531 4458 2713 4467 .--ηπ
2765 4458 2870 4466 .._--
2914 4458 3012 4469 --η
3054 4458 3257 4469 ην-.-
3302 4458 3410 4468 ν-..
3455 4458 3553 4466 ην--
3589 4458 3677 4479 τ---

533 4471 784 4528 omnibus
818 4471 975 4529 simul
1007 4475 1276 4575 episcopis
1308 4482 1649 4552 congregatis
1695 4485 1990 4557 provinciae
2036 4488 2121 4544 lim
2148 4458 2203 4518 Β
2229 4500 2297 4557 de
2330 4499 2416 4556 his
2460 4500 2656 4573 quibus
2700 4503 2872 4574 gratis
2902 4458 3152 4575 impEtor,
3180 4519 3281 4575 pro
3306 4504 3447 4561 scire
3474 4519 3554 4560 me
3585 4499 3648 4555 rei
3671 4506 3748 4549 tan-

531 4563 858 4634 quzestiones
887 4564 1083 4621 discuti
1104 4563 1386 4636 jubentur,
1422 4586 1489 4625 ac
1526 4576 2027 4635 excommunicatos
2051 4581 2119 4637 ab
2228 4592 2351 4648 dem
2403 4563 2626 4649 coactus
2672 4563 2781 4650 ηᾎη
2829 4563 3105 4665 expedire.
3140 4563 3327 4653 vitione
3377 4598 3431 4651 in
3481 4592 3743 4667 hyperbaton

531 4653 783 4711 omnibus
826 4657 1227 4716 rationabiliter
1273 4662 1553 4733 aestimari,
1598 4682 1878 4741 usquequo
1925 4671 2007 4728 vel
2059 4673 2116 4729 in
2222 4683 2440 4738 modum
2485 4685 2728 4751 excessi,
2769 4685 2838 4741 ad
2878 4653 3159 4757 superiora
3219 4653 3638 4759 suspiciamTDe
3676 4681 3743 4734 hoc

532 4747 804 4803 communi
833 4748 919 4803 vel
943 4751 1195 4825 episcopo
1215 4751 1425 4829 placeat
1452 4757 1825 4819 humaniorem
1856 4780 1956 4837 pro
1988 4767 2112 4824 tali-
2219 4777 2363 4837 quod
2394 4777 2687 4837 scripsistis
2705 4747 2755 4832 il
2781 4777 2917 4835 Nam
2942 4747 3041 4834 etsi
3060 4763 3282 4837 schedui

529 4836 630 4893 bus
672 4839 813 4895 ferre
859 4842 1200 4901 sententiam.
1248 4844 1387 4903 Nulli
1440 4836 1967 4929 archiepiscoporum
2017 4877 2111 4933 ρθσ
2224 4836 2481 4935 quiddam
2504 4836 2746 4924 .rationis
2785 4869 2869 4925 vel
2909 4869 3249 4925 auctoritatis
3291 4869 3490 4925 habere
3514 4866 3739 4922 videretur,

531 4936 697 5034 testas
721 4932 899 5000 datur,
934 4944 991 4991 ut
1019 4952 1114 4993 sua
1144 4941 1256 4995 sola
1297 4947 1619 5004 auctoritate
1650 4952 1953 5027 coepiscopi
1985 4932 2110 5012 sen-
2223 4932 2325 5014 hoc
2351 4966 2532 5015 tamen
2573 4958 2739 5017 debes
2776 4961 3121 5027 discernere,
3169 4963 3295 5034 quia
3334 4962 3495 5017 sicuti
3520 4960 3599 5015 ubi
3622 4952 3740 5010 recla-

532 5023 697 5078 tentia
727 5028 1185 5125 evacuetur._§oli
1219 5035 1442 5095 debetur
1477 5040 1579 5098 hoc
1623 5023 1963 5118 privilegium
2007 5049 2114 5107 Ro-
2223 5051 2390 5108 matio
2415 5062 2564 5109 certa
2594 5053 2906 5125 suscipitur,
2937 5023 3435 5119 causa'vehtilatur,
3459 5054 3737 5119 rationes»

532 5128 705 5173 manas
732 5116 881 5173 sedis
918 5119 1182 5190 pontiﬁci,
1215 5133 1398 5197 utpote
1442 5133 1532 5200 qui
1579 5135 1645 5192 de
1690 5116 1841 5194 omni
1870 5140 2073 5201 Ecclesi

2219 5148 2383 5216 latur,
2430 5116 2780 5221 praesumptio
2829 5116 2913 5207 vel
2953 5151 3314 5222 usurpationis
3368 5146 3624 5205 temeritas
3661 5150 3735 5193 ιιοθ

529 5206 611 5269 fas
638 5208 805 5273 habet
818 5208 1119 5281 iudicandi.

2218 5206 2512 5304 invenitur.
2545 5243 2638 5300 sed
2653 5206 2866 5304 iustitia
2896 5206 3211 5304 requiritur.
3243 5252 3301 5302 et
3318 5241 3542 5304 muitas
3566 5246 3734 5293 ωυρμ

2219 4777 2363 4846 quod
2394 4777 2717 4848 scripsistis:
2737 4797 2755 4830 ι
2781 4777 2917 4835 Nam
2942 4778 3041 4834 etsi
3060 4778 3357 4837 scltcdulaa
3375 4787 3430 4833 te
3454 4776 3578 4834 mihi
3597 4774 3742 4828 directa
