3904 5304
166 408 301 472 1064

1337 412 1697 477 OPUSCULA
1740 408 1830 475 ET
1866 410 2245 477 mm.

3290 408 3432 471 ωὃί

167 546 320 595 rum,
347 528 415 584 de
447 528 643 600 quibus
672 529 881 594 dicitis,
914 526 1231 587 reclanmtio
1267 528 1516 598 superius
1541 528 1745 585 descri—
1770 530 1820 593 Α
1848 536 2033 599 plores
2061 528 2338 587 insiliunt?
2360 528 2515 598 Quod
2543 530 2752 596 dicitis,
2787 549 2808 586 ι
2838 530 3151 589 Praesertim
3169 545 3294 588 eum
3321 529 3434 588 suf—

166 622 283 689 psi,
312 629 369 675 et
396 618 679 689 quomodo
719 619 975 679 ventilata
1026 618 1185 675 fuerit
1230 620 1597 679 demonstravi
1623 659 1638 685 ,
1688 626 1745 677 et

164 713 310 769 ratio
356 712 591 782 ipsorum
637 710 790 780 cujus
837 711 979 782 juris
1020 712 1093 768 sit
1143 714 1305 783 quam
1360 711 1566 769 habent
1612 710 1746 769 satis

1846 620 2219 679 ﬁeiemissime
2239 620 2354 692 jam
2385 630 2436 679 te
2463 622 2591 680 hinc
2634 622 3060 683 commonuerim
3086 663 3102 689 ,
3143 623 3435 695 redargue-

1848 714 1972 781 rim,
1994 723 2051 771 et
2068 717 2240 773 etiam
2263 732 2333 775 ex
2353 716 2773 773 auctoritatibus
2790 715 2988 774 divinis
3009 714 3381 775 instruxerim.
3407 734 3429 769 ι

165 803 355 874 liquet,
385 803 431 861 si
464 812 647 860 tamen
665 803 869 875 absque
901 804 1315 876 praesumptione
1340 820 1407 861 ac
1442 805 1746 862 temeritate
1844 804 1990 861 Ecce
2024 809 2298 878 quomodo
2328 809 2457 865 hinc
2485 824 2572 864 me
2614 817 2743 865 tunc
2772 809 3127 867 instruxistis.
3162 808 3317 876 Quod
3341 823 3439 865 au-

156 892 376 964 justitia
404 904 588 955 secuta
617 904 733 961 est,
758 903 814 952 et
846 896 1074 966 aequitas
1099 897 1232 957 mihi
1255 906 1573 957 conservata
1607 912 1624 954 :
1652 898 1746 970 qui

164 988 311 1043 sicut
337 986 584 1060 superius
628 987 923 1058 explicavi,
967 1002 1132 1047 causa
1187 989 1410 1046 rationis
1459 989 1749 1047 reddenda:

163 1094 338 1151 usque
359 1081 484 1137 dum
511 1080 883 1152 praenominati
913 1081 1235 1152 cognitores,
1262 1082 1379 1138 sine
1416 1084 1613 1155 quibus
1646 1085 1749 1141 dif-

162 1171 343 1235 ﬁnitio
378 1172 495 1231 ﬁeri
534 1187 643 1228 non
681 1180 923 1242 poterat,
957 1172 1243 1233 defuerunt
1270 1174 1439 1242 adfui,
1478 1185 1539 1232 ut
1567 1177 1633 1233 de
1662 1192 1750 1233 ca-

162 1280 370 1320 nonum
413 1265 630 1321 statutis
675 1263 897 1331 sileam,
943 1280 1012 1323 ex
1050 1266 1184 1338 ipsis
1205 1283 1307 1339 pro
1345 1284 1405 1324 re
1442 1267 1749 1339 huiusmodi

162 1358 387 1428 scriptis
414 1366 609 1416 vestra:
641 1358 983 1416 auctoritatis
1003 1400 1016 1425 ,
1041 1368 1096 1414 et
1115 1361 1227 1432 regi
1254 1361 1408 1431 pistis
1432 1370 1490 1419 nt
1512 1364 1749 1434 praemisi

162 1452 332 1519 datis,
358 1451 716 1511 animadverti
746 1451 978 1511 valebit:
1017 1453 1070 1509 in
1097 1454 1294 1525 quibus
1339 1457 1405 1513 ad
1454 1456 1628 1513 locum
1675 1459 1747 1515 ita

163 1543 455 1605 decernitis
477 1542 772 1601 inferentes
802 1559 815 1597 :
849 1562 866 1595 ι
906 1542 1054 1600 Unde
1077 1554 1313 1613 constat,
1342 1548 1466 1618 quia
1491 1548 1537 1604 si
1558 1563 1748 1605 carere

162 1635 328 1701 debet
360 1650 427 1690 eo
450 1635 592 1705 quod
633 1650 730 1705 per
761 1636 1100 1695 mendacium
1144 1639 1487 1709 impetravit,
1537 1641 1750 1696 cautius

163 1740 252 1785 est
276 1738 335 1785 ut
359 1729 712 1800 investigetnr
741 1730 818 1786 rei
856 1730 1055 1789 veritas
1081 1738 1372 1803 antequam
1399 1747 1496 1802 per
1524 1735 1747 1791 menda-

1852 904 1959 953 tem
1991 896 2085 953 ulli
2116 914 2359 954 meorum
2393 908 2581 955 contra
2611 899 2878 959 rationem
2909 915 3146 970 unquam
3178 897 3436 965 fecerim,

1850 984 1994 1043 nulla
2016 1002 2047 1045 a
2070 988 2225 1045 vobis
2250 988 2632 1059 redargutione
2658 1004 2779 1045 sum
2803 987 2983 1049 adhuc
3020 989 3434 1060 comprobatus,

1850 1078 1944 1134 sed
1978 1088 2107 1136 tunc
2137 1078 2288 1137 vobis
2330 1080 2487 1139 libuit
2533 1081 2717 1138 dicere
2752 1082 2894 1152 quod
2934 1082 3108 1140 licuit.
3137 1082 3442 1143 AnneCtitis

1848 1169 2034 1234 etiam,
2069 1189 2088 1222 ι
2117 1168 2225 1227 Sed
2254 1172 2527 1242 patienter
2568 1173 2787 1235 interim
2834 1173 3002 1235 tolera
3031 1190 3153 1246 quas
3190 1175 3443 1233 videntur

1851 1269 1956 1318 tua:
1998 1264 2249 1335 potestati
2282 1266 2555 1321 contraria
2580 1306 2596 1335 ,
2640 1266 2731 1337 qui
2769 1266 2954 1325 dicere
2996 1283 3117 1327 cum
3164 1266 3443 1338 psalmista

1852 1356 2049 1412 debes:
2072 1355 2245 1428 Supra
2276 1357 2490 1417 dorsum
2511 1376 2685 1419 meum
2708 1360 3095 1431 fabricaverunt
3114 1371 3440 1432 peccatores.

1848 1446 2291 1518 prolongaveruat
2331 1450 2663 1522 iniquitatem
2704 1469 2857 1509 suam
2888 1451 3062 1526 (Psal.
3094 1454 3344 1525 cssvrtt).
3376 1442 3446 1508 In

1814 1578 1819 1587 ι
1849 1540 2126 1610 patientia,
2150 1540 2329 1612 inquit
2352 1540 2634 1609 Dominus,
2658 1544 2993 1614 possidebitis
3012 1543 3219 1601 animas
3247 1553 3444 1601 vestras

1850 1630 2005 1701 (Luc.
2036 1631 2174 1702 xxi),
2201 1640 2258 1688 et
2293 1631 2499 1704 reliqua
2534 1634 2790 1707 perplura
2819 1636 2886 1691 de
2915 1635 3174 1707 patientia
3214 1635 3443 1708 dogma-

1852 1722 2103 1778 tizantes.
2145 1741 2163 1775 ι
2198 1721 2358 1779 Certe
2385 1739 2606 1795 gemens
2635 1741 2695 1781 re
2713 1725 2954 1798 spondeo
2971 1767 2986 1793 ,
3008 1726 3136 1798 quia
3160 1735 3448 1798 postquam

162 1823 311 1879 cium
339 1824 590 1895 quiddam
628 1824 729 1879 nisi
778 1823 1182 1894 inquisitionem
1210 1825 1494 1895 impetret,
1539 1827 1751 1884 dicente

1860 1812 2082 1868 Romam
2105 1813 2369 1870 directum
2394 1815 2679 1886 parvitatis
2705 1831 2838 1875 mea:
2869 1816 3107 1888 legatum
3135 1816 3315 1889 recepi
3339 1816 3450 1877 Deo

164 1923 356 1971 sancto
384 1922 439 1971 et
469 1922 626 1971 cauto
656 1930 811 1987 rege,
843 1913 1074 1972 Causam
1103 1933 1259 1988 quam
1284 1894 1595 1985 nesciebam,
1620 1918 1747 1973 diu-
1782 1894 1826 1954 Β
1853 1905 2089 1979 propitio
2133 1921 2413 1963 reversum
2438 1946 2456 1975 ,
2478 1908 2741 1978 vobisque
2774 1923 2874 1979 pro
2907 1916 3060 1969 certo
3082 1922 3171 1967 me
3202 1917 3261 1965 ut
3288 1909 3451 1965 devo-

162 2010 461 2079 gentissime
482 2010 868 2082 {inuestigabam
912 2008 1034 2080 (Job
1082 2013 1254 2084 xxix).
1305 2010 1373 2069 Et
1427 2012 1547 2068 ideo
1592 2011 1750 2077 facile

164 2102 400 2161 discerni
422 2112 622 2174 potest,
643 2104 768 2174 quia
796 2104 848 2160 in
871 2104 988 2160 istis
1010 2119 1114 2161 non
1136 2118 1367 2161 censura
1392 2105 1751 2165 districtionis

162 2196 440 2253 canonica)
464 2207 640 2261 vacat,
671 2196 765 2252 sed
792 2197 973 2266 potius
998 2197 1376 2267 exaggeranda
1410 2197 1463 2253 in
1492 2212 1587 2252 eos
1608 2207 1753 2257 esset

162 2288 237 2345 ad
263 2288 628 2347 ulciscendum
667 2290 758 2359 qui
794 2298 920 2345 sunt
946 2290 1088 2347 devii
1117 2306 1147 2347 a
1185 2291 1393 2351 ratione
1420 2301 1475 2348 et
1516 2295 1753 2349 auctori-

165 2390 281 2438 tate
310 2396 376 2437 ac
408 2382 691 2451 mquitatc,
720 2389 776 2437 et
810 2381 863 2441 in
891 2391 1233 2453 contemptus
1260 2384 1557 2454 pertinacia
1584 2385 1753 2442 obdu-

164 2474 295 2533 rati.

239 2565 397 2634 Quod
424 2567 556 2622 mihi
583 2567 896 2639 scripsistis,
929 2585 949 2620 ι
985 2567 1187 2624 Hortor
1212 2577 1268 2625 et
1306 2583 1501 2626 moueo
1529 2576 1611 2632 te,
1643 2567 1754 2624 fra-

166 2668 253 2719 ter
278 2659 597 2723 charissimc
615 2703 631 2728 ,
660 2668 883 2733 paterna
912 2672 967 2721 et
1004 2662 1417 2735 tnetrOpolitana
1454 2662 1754 2721 secundum

165 2770 353 2817 eiuras
379 2755 594 2827 regulas
613 2756 958 2822 auctoritate,
984 2765 1042 2811 ut
1068 2771 1175 2811 non
1194 2771 1296 2827 per
1314 2757 1428 2811 haec
1446 2762 1750 2813 commenta

165 2861 289 2917 qua:
316 2844 450 2907 mihi
476 2845 691 2912 misisti,
720 2860 990 2917 praeceps,
1018 2846 1160 2902 sicut
1183 2846 1314 2903 mihi
1348 2845 1649 2911 mandasti,
1676 2846 1753 2901 sis

166 2936 237 2997 ad
266 2935 645 3007 proferendam
682 2937 1040 3003 sententiam,
1072 2956 1092 2991 ι
1124 2945 1186 2993 ut
1214 2937 1512 2994 secundum
1541 2951 1638 2993 vos
1676 2936 1754 2991 lo-

166 3043 328 3099 quar,
356 3028 427 3089 de
453 3012 1043 3101 bis'commentisqua:
1069 3028 1230 3089 modo
1276 3027 1561 3097 falsitatis,
1593 3027 1753 3087 modo

167 3121 375 3192 aliquid
423 3122 650 3183 rationis
689 3123 1097 3183 auctoritatisve
1140 3123 1342 3181 habere
1379 3122 1592 3187 dicitis,
1622 3122 1751 3194 quia

167 3218 418 3288 superius
461 3217 748 3289 respondi,
787 3232 935 3277 nunc
974 3214 1131 3287 plura
1158 3215 1435 3281 amittens,
1468 3230 1539 3270 ex
1568 3222 1751 3273 vestra

166 3308 415 3379 synodali
458 3308 515 3367 in
562 3310 749 3372 caltam
786 3308 992 3382 synodo
1023 3305 1248 3379 epistola
1278 3306 1603 3380 generaliter
1627 3321 1756 3376 pro-

168 3406 317 3470 lata,
360 3418 524 3474 super
564 3403 681 3460 haec
720 3402 1149 3474 prmcipitatione
1192 3400 1650 3463 considerandum
1695 3409 1755 3459 ut

168 3496 304 3561 mihi
330 3497 546 3557 videtur
582 3495 665 3553 fas
701 3504 804 3552 est.
841 3494 1106 3551 Posuistis
1132 3494 1279 3557 enim
1324 3493 1377 3549 in
1410 3493 1539 3563 ipsa
1582 3491 1756 3553 sancti

167 3588 324 3649 Lucii
355 3604 506 3661 papa:
536 3588 841 3649 institutum
862 3602 970 3657 quo
994 3587 1072 3643 ait
1099 3586 1272 3658 (epist.
1302 3585 1445 3643 unis.
1477 3583 1571 3645 sub
1592 3583 1714 3657 ﬁn.)
1740 3602 1753 3638 :

173 3701 195 3736 ι
228 3681 439 3744 Rerum
455 3682 943 3751 mdesiasticarum
982 3689 1041 3737 et
1083 3679 1406 3743 facultatum
1437 3687 1687 3750 raptores
1721 3695 1753 3734 a

166 3774 452 3837 liminibus
480 3782 679 3835 sanctae
705 3773 964 3833 Ecclesiae
994 3772 1492 3833 anathematizatos
1527 3778 1757 3841 aposto-

166 3866 277 3923 lies
306 3867 627 3927 auctoritate
650 3866 901 3937 pellimus
925 3876 982 3922 et
1007 3866 1363 3932 damnamus,
1389 3874 1555 3934 atque
1583 3864 1759 3920 sacri-

166 3958 322 4032 legos
342 3975 468 4019 esse
478 3956 817 4028 iudicamus,
838 3960 1018 4030 etlnon
1038 3958 1215 4015 solum
1232 3972 1353 4024 eos,
1381 3957 1479 4015 sed
1497 3966 1552 4017 et
1570 3972 1762 4019 omnes

166 4055 573 4113 consentientes
600 4053 709 4119 eis,
752 4052 881 4122 quia
928 4066 1036 4111 non
1080 4051 1256 4108 solum
1302 4050 1396 4121 qui
1428 4049 1635 4107 faciunt
1680 4050 1760 4107 rei

159 4145 503 4216 iudicantur,
532 4148 626 4207 sed
666 4147 833 4211 etiam
879 4145 974 4217 qui
1019 4144 1347 4203 facientibus
1389 4146 1757 4203 consentiunt.

169 4240 284 4298 Par
308 4243 453 4299 enim
480 4256 637 4313 plena
662 4253 718 4298 et
744 4251 968 4312 agentes
995 4248 1053 4298 et
1074 4241 1483 4303 consentientes
1512 4256 1764 4311 compre-

169 4335 384 4393 hendit.
425 4354 444 4388 ι
481 4333 547 4395 Et
571 4334 653 4393 sic
678 4334 814 4391 tanti
843 4348 995 4404 papae
1030 4341 1412 4403 prosecutores
1450 4331 1760 4391 attestando

169 4426 376 4483 additis
396 4445 411 4485 ι
444 4445 463 4483 ι
495 4425 541 4482 Δ
556 4441 666 4496 qua
690 4440 851 4496 poma
875 4438 1177 4481 consensus
1194 4422 1353 4481 liberi
1372 4436 1619 4485 essetnon
1638 4437 1763 4491 pos-

167 4528 301 4577 sunt
326 4519 403 4577 illi
431 4533 661 4590 quorum
712 4516 1074 4575 ministerium
1101 4524 1220 4582 est,
1262 4522 1318 4571 et
1354 4514 1447 4584 qui
1488 4514 1614 4573 talia
1640 4510 1763 4584 pos-‘

1854 2013 2070 2065 veram,
2100 2014 2164 2057 ac
2193 1999 2321 2057 illac
2346 1999 2764 2064 mandaveram,
2796 2000 2999 2059 iturum
3027 1999 3166 2057 velle
3200 2014 3309 2059 non
3355 1999 3452 2059 ab-

1853 2089 2073 2157 scondi;
2104 2090 2307 2146 nullam
2339 2105 2407 2149 ex
2436 2091 2573 2149 meis
2608 2106 2850 2163 meaeque
2872 2091 3130 2149 Ecclesiae
3152 2093 3452 2151 necessita-

1855 2181 1995 2237 tibus
2040 2184 2199 2239 aliam
2228 2184 2375 2253 potui
2409 2184 2463 2239 in
2494 2185 2649 2240 vobis
2686 2185 2931 2241 invenire
2977 2182 3445 2245 consolationem:

1854 2289 1952 2351 pro
1995 2291 2099 2346 qua
2151 2285 2330 2330 tamen
2384 2290 2443 2330 re
2472 2276 2737 2346 potiorem
2783 2276 2839 2331 in
2887 2277 3042 2335 vobis
3080 2276 3302 2346 dignum
3332 2283 3453 2333 erat

1856 2373 1916 2420 ut
1943 2365 2235 2422 sensissem
2267 2365 2433 2422 veluti
2468 2366 2534 2420 de
2571 2374 2724 2438 patre
2758 2366 2981 2437 pietatis
3028 2382 3095 2424 ac
3143 2366 3453 2427 dilectionis

1854 2457 2197 2514 dulcedinem
2227 2498 2242 2524 ,
2304 2466 2466 2528 atque
2525 2456 3040 2529 arcbiepiscOpalem
3099 2457 3451 2517 auctoritatis

1852 2557 2049 2605 vestra:
2099 2547 2557 2622 sulfragationem.
2601 2550 2677 2606 De
2719 2549 3078 2609 fabricatione
3107 2566 3237 2609 vero
3275 2540 3441 2623 supra

1859 2643 2081 2703 dorsum
2129 2658 2309 2700 meum
2359 2642 2535 2700 fateor
2577 2658 2681 2699 non
2733 2642 3056 2717 condignam
3105 2659 3268 2717 posse
3313 2642 3453 2707 meis

1855 2738 2095 2810 peccatis
2124 2754 2245 2795 eam
2277 2738 2512 2809 impleri,
2542 2754 2644 2795 nec
2670 2738 2815 2795 illius
2843 2753 2930 2793 me
2959 2753 3081 2801 esse
3117 2739 3309 2817 gratiae
3328 2780 3343 2806 ,
3386 2748 3448 2796 ut

1855 2849 1974 2890 eam
2004 2834 2164 2905 digne
2203 2834 2370 2890 etiam
2414 2834 2682 2891 modicam
2718 2848 2933 2893 merear
2976 2835 3273 2897 sustinere.
3309 2834 3442 2891 Illud

1856 2934 2038 2985 tamen
2084 2926 2339 3001 Comicus
2387 2927 2529 2985 forte
2577 2928 2769 2985 ludens
2790 2942 2982 2987 verum
3018 2928 3226 3001 inquit,
3268 2927 3452 2987 Facile

1855 3035 1978 3076 cum
2006 3019 2248 3075 valemus
2271 3020 2434 3092 aegris
2474 3019 2703 3077 consilia
2732 3019 2943 3079 damus.
2976 3019 3079 3079 Ubi
3126 3027 3183 3076 et
3229 3019 3454 3077 remini-

1856 3126 1981 3167 scor
2008 3112 2152 3173 beati
2177 3111 2280 3168 Job
2302 3112 2369 3173 ad
2398 3128 2527 3169 suos
2551 3111 2782 3168 dicentis
2795 3111 3039 3171 amicos:
3073 3109 3297 3169 Onerosi
3325 3128 3454 3169 con-

1856 3205 2110 3264 solatores
2151 3224 2327 3265 omnes
2368 3223 2455 3264 vos
2498 3206 2641 3279 (Job.
2670 3205 2807 3279 xvi).
2838 3204 2947 3263 Sed
2973 3214 3199 3263 sanctus
3237 3206 3359 3277 pius
3386 3220 3453 3263 ac

1858 3296 2081 3353 humilis
2112 3298 2337 3354 accedat
2362 3298 2727 3371 Augustinus,
2754 3298 2848 3371 qui
2879 3312 2937 3353 sc
2969 3298 3235 3357 inclinare
3259 3298 3448 3370 digne-

1860 3397 1966 3455 tur,
1999 3404 2064 3445 ac
2115 3406 2203 3446 me
2247 3389 2520 3460 iacentem
2574 3406 2739 3448 manu
2788 3406 2902 3447 sua:
2949 3391 3303 3465 benignitatis
3342 3391 3453 3449 eri.

1856 3493 2008 3551 gere.

1858 3593 1953 3657 Ea:
1977 3594 2109 3653 libro
2141 3613 2243 3651 uno
2266 3595 2332 3651 de
2359 3595 2578 3666 diversis
2614 3593 3037 3666 (lucrationibus,
3071 3603 3261 3666 quant.
3289 3594 3352 3652 7i
3387 3596 3453 3651 de

1914 3678 1991 3723 ‘eo
2008 3667 2147 3740 quod
2178 3667 2316 3740 dicit
2332 3664 2648 3737 Apostolus:
2670 3664 2906 3723 Invicem
2932 3664 3102 3723 onera
3126 3674 3307 3727 vestra
3330 3682 3456 3738 por-

1933 3736 2040 3795 tate
2070 3738 2213 3808 (Gal.
2252 3736 2349 3809 v1),
2381 3736 2487 3797 etc.
2932 3743 2938 3749 ”

1932 3855 2068 3925 Quia
2109 3852 2322 3910 Veteris
2370 3851 2698 3909 Testamenti
2751 3852 2995 3909 custodia
3049 3848 3300 3909 timorem
3355 3852 3449 3908 ha-

1860 3950 2045 4014 bebat,
2064 3963 2168 4003 non
2194 3946 2367 4016 potuit
2385 3945 2623 4017 apertius
2643 3944 2938 4016 significari
2960 3942 3094 4002 Novi
3118 3946 3449 4007 'festamenti

1863 4044 2062 4102 donum
2090 4055 2210 4096 esse
2247 4038 2594 4103 charitatem,
2624 4053 2786 4108 quam
2812 4037 2917 4095 hoc
2957 4037 3078 4093 loco
3108 4037 3198 4097 ubi
3228 4036 3456 4108 Aposto-

1862 4134 1946 4194 lus
1974 4134 2049 4190 ait
2073 4152 2085 4188 :
2120 4131 2349 4188 Invicem
2375 4148 2536 4191 onera
2568 4139 2735 4189 vestra
2764 4138 2992 4202 portate,
3015 4140 3063 4186 et
3094 4132 3169 4189 sic
3196 4130 3455 4199 adimple-

1862 4227 1980 4287 bitis
2003 4226 2162 4297 legem
2194 4221 2414 4281 Christi.
2444 4221 2596 4278 Hanc
2625 4222 2768 4277 enim
2816 4220 2984 4295 legem
3031 4219 3232 4278 Christi
3276 4222 3459 4278 dicere

1874 4317 2210 4389 intelligitur,
2242 4315 2368 4393 quia
2394 4315 2508 4386 ipse
2536 4314 2796 4371 Dominus
2820 4314 3077 4385 prmcepit
3109 4321 3169 4368 ut
3193 4329 3289 4371 nos
3315 4313 3455 4371 invi-

1861 4426 1978 4469 cem
2006 4408 2314 4480 diligamus,
2346 4415 2554 4462 tanttnn
2586 4406 2638 4460 in
2662 4420 2724 4462 ea
2750 4406 3017 4465 sementis
3046 4404 3299 4475 praecepti
3322 4419 3457 4473 pon-

1867 4504 1969 4558 dus
1995 4499 2352 4567 constitnens,
2381 4508 2443 4559 ut
2471 4497 2673 4553 diceret
2698 4515 2710 4552 ε
2742 4496 2809 4555 In
2836 4497 2933 4553 hoc
2957 4507 3298 4566 regnosremr
3326 4512 3456 4567 quo-

166 4624 301 4672 sunt
327 4585 639 4685 probibere,
666 4611 1025 4682 comprimere
1053 4619 1110 4669 et
1138 4608 1455 4675 emendare,
1479 4618 1534 4663 et
1557 4622 1621 4664 ea
1649 4621 1756 4662 non
1787 4630 1836 4689 ο
1864 4596 2007 4651 niam
2058 4590 2316 4689 dt'sCipttlt'.
2358 4591 2460 4647 mei
2511 4589 2634 4645 estis
2659 4629 2675 4655 ,
2822 4604 2911 4689 vos
2959 4586 3183 4689 invicim.
3220 4585 3458 4657 diligatis

168 4707 399 4763 student
418 4705 710 4776 corrigere.
744 4724 764 4759 ο
795 4703 938 4773 Ergo
979 4716 1085 4759 non
1122 4708 1209 4761 est
1246 4714 1487 4772 praeceps
1519 4707 1630 4755 tam
1657 4713 1752 4753 ne—

168 4795 367 4853 fsttdos
412 4809 595 4853 rerum
628 4793 1119 4853 ecclesiasticarum
1154 4792 1530 4857 devastatores
1572 4803 1635 4844 ac
1673 4788 1753 4843 di-

171 4896 420 4958 reptores
465 4902 497 4942 a
544 4885 826 4957 sacrilegio
863 4884 1158 4955 prohibere
1183 4890 1242 4943 et
1264 4881 1657 4953 comprimere,
1689 4894 1754 4935 ac

171 4994 298 5034 cum
341 4977 621 5039 obduratis
661 4978 819 5051 juxta
869 4972 1162 5047 apostolica
1224 4974 1445 5029 decreta
1512 4970 1754 5029 severius

173 5086 351 5142 agere.
398 5070 613 5131 Etenim
660 5082 876 5140 quoque
925 5069 979 5123 in
1026 5067 1482 5137 quaternionibus
1529 5064 1756 5130 vestris,

175 5161 395 5219 domino
414 5161 532 5235 regi
556 5161 715 5239 pictis
739 5174 839 5230 pro
863 5156 1171 5228 huiusmodi
1204 5173 1262 5217 re
1295 5159 1475 5223 datis,
1505 5155 1584 5211 sic
1618 5155 1760 5215 scri-

175 5255 350 5288 ηοῖοιῖο
395 5257 459 5288 ..Δ
514 5254 725 5288 Ιιιιηητη-
765 5269 786 5288 ι
820 5249 922 5288 nni
965 5266 1095 5288 orna
1147 5252 1413 5288 aliasnnrlin
1467 5247 1718 5288 annlncim

1864 4687 2046 4762 (Joan.
2085 4688 2229 4757 xm).
2274 4682 2445 4756 Hujus
2487 4689 2666 4739 autem
2707 4680 3011 4737 dilectionis
3048 4678 3283 4731 cilicium
3340 4674 3463 4743 est,

1864 4783 2097 4845 invicem
2125 4792 2293 4835 onera
2333 4786 2522 4835 nostra
2551 4783 2793 4846 portare.
2826 4774 2933 4831 Sed
2956 4775 3061 4830 hoc
3089 4770 3320 4831 ollicium
3352 4786 3460 4827 non

1864 4885 1949 4934 est
1995 4870 2422 4942 sempiternum:
2471 4866 2731 4939 perducet
2774 4880 2904 4923 sane
2952 4863 3022 4919 ad
3071 4857 3463 4916 beatitudinem

1870 4965 2273 5040 sempiternam,
2310 4961 2362 5017 in
2402 4973 2507 5030 qua
2537 4954 2682 5011 nulla
2715 4964 2882 5014 erunt
2919 4967 3088 5012 onera
3126 4959 3311 5005 nostra
3344 4963 3467 5040 quae

1871 5038 2100 5120 invicem
2150 5065 2374 5125 portare
2415 5051 2729 5127 iubeantur.
2772 5051 2924 5130 Nunc
2968 5058 3103 5102 vero
3132 5056 3256 5099 cum
3283 5039 3339 5097 in
3366 5038 3472 5093 hac

1867 5160 1998 5222 vita,
2042 5152 2095 5208 id
2125 5157 2207 5205 est
2233 5149 2291 5205 in
2322 5153 2425 5207 bac
2450 5145 2537 5201 via
2579 5159 2814 5218 sumus,
2857 5155 3027 5203 onera
3070 5143 3255 5195 nostra
3294 5141 3474 5207 porte-

1864 5266 1985 5288 mna.
2038 5251 2100 5288 ut
2123 5241 2187 5288 ad
2215 5256 2343 5288 nam
2373 5242 2540 5288 vitam
2568 5250 2693 5288 (tum
2723 5249 2879 5288 caret
2906 5230 3060 5288 οιιιηὶ
3095 5242 3259 5287 onere
3284 5238 3473 5288 perve-
