3904 5304
469 235 610 295 i063

1506 237 1840 298 HINCMARI
1872 234 2362 297 LUGDUNENSIS
2400 234 2710 293 EPlSCOPl

3609 236 3736 293 iOBl

468 354 595 409 beat
645 351 731 408 cui
781 359 942 422 caput
970 351 1228 420 inclinet,
1259 352 1470 410 vicibus
1499 355 1762 411 dicuntur.
1779 356 1833 413 id
1865 371 2056 428 agere,
2084 357 2135 419 Α
2163 357 2338 414 tendit
2363 372 2482 421 sua,
2517 355 2612 412 sed
2657 360 2842 410 nostra
2871 367 2886 408 τ
2918 352 2992 408 ita
3023 360 3076 409 et
3113 366 3213 409 nos
3253 351 3491 410 libenter
3531 355 3598 410 ad
3643 356 3748 425 ejus

464 453 526 500 ut
553 445 786 501 lassatus
817 444 902 500 sui
930 446 1125 516 capitis
1153 460 1319 502 onere
1367 447 1457 502 ille
1490 448 1583 518 qui
1628 433 1890 518 pramedit
1935 457 2061 520 post

466 551 656 592 omnes
700 534 918 604 redeat,
946 536 1079 593 etei
1109 538 1366 593 succedat
1414 538 1568 608 cujus
1616 538 1828 595 ferebat
1867 547 2056 610 caput,
2125 597 2131 605 ,

469 644 594 684 cum
625 628 740 700 ipse
761 629 980 699 praeiret
1005 646 1018 684 :
1049 629 1125 684 ita
1154 630 1381 686 invicem
1427 646 1598 687 onera
1640 647 1735 687 sua
1783 640 2065 704 portantes

465 719 664 775 fretum
703 728 1016 788 transeunt,
1048 721 1221 779 donec
1250 722 1474 779 veniant
1511 724 1579 780 ad
1610 734 1770 780 terra:
1797 724 2062 780 stabilita-

467 812 584 867 tem
604 809 772 879 (Plin.
796 811 886 867 lib.
911 829 1007 869 vui
1030 830 1147 885 cap.
1173 813 1284 886 52).
1311 815 1472 871 Istam
1501 831 1786 871 cervorum
1815 825 2064 871 naturam

466 903 700 960 fortasse
729 905 1022 962 intenderit
1043 905 1297 963 Salomon
1329 923 1450 964 cum
1492 909 1568 964 ait
1605 924 1620 964 :
1654 909 1847 965 Cervus
1878 910 2065 964 amici-

469 1002 558 1057 tia:
604 1011 656 1056 et
696 1001 874 1074 pullus
916 1003 1208 1073 gratiarum
1253 1013 1467 1059 tuarum
1517 1004 1849 1076 colloquatur
1896 1014 2065 1058 tecum

469 1092 654 1165 (Prov.
685 1109 740 1160 v,
770 1111 875 1149 sec.
907 1093 1096 1166 LXX).
1120 1094 1264 1150 Nihil
1289 1099 1437 1152 enim
1468 1096 1547 1152 sic
1578 1097 1774 1168 probat
1805 1096 2062 1163 amicum,

470 1186 924 1256 quemadmodum
947 1187 1129 1244 oneris
1159 1187 1320 1244 amici
1348 1189 1607 1259 portatio.

544 1275 654 1333 Nec
685 1286 867 1334 tamen
897 1277 1129 1335 invicem
1161 1289 1504 1351 portaremus
1554 1296 1721 1338 onera
1774 1290 1992 1348 nostra,
2021 1280 2066 1336 si

471 1385 640 1426 unum
669 1378 884 1442 tempus
902 1380 1056 1428 esset
1095 1371 1428 1429 inﬁrmitatis
1458 1375 1740 1431 amborum
1777 1375 1868 1445 qui
1901 1390 2066 1430 onera

469 1476 568 1517 sua
597 1461 886 1528 sustinent,
915 1471 1010 1518 aut
1037 1479 1204 1519 unum
1236 1465 1571 1521 inﬁrmitatis
1611 1480 1815 1538 genus;
1860 1466 1954 1522 sed
1993 1466 2068 1520 di-

467 1567 627 1609 versa
666 1561 944 1626 tempora,
977 1555 1192 1612 diversa
1239 1573 1439 1629 genera
1484 1558 1820 1614 inﬁrmitatis
1863 1557 2068 1614 faciunt

471 1652 533 1700 ut
576 1659 743 1700 onera
789 1655 973 1701 nostra
1025 1647 1256 1702 invicem
1306 1657 1525 1718 portare
1565 1648 1859 1704 valeamus.
1902 1646 2068 1704 Verbi

2169 449 2523 507 imitationem
2555 449 2787 504 invicem
2813 443 2978 503 onera
3007 455 3192 503 nostra
3219 456 3504 519 portemus

2238 541 2374 599 Huic
2403 540 2718 614 cogitationi
2745 539 2955 596 accedit
2988 541 3154 594 etiam
3185 539 3274 594 illa
3313 540 3607 610 cogitatio,
3638 542 3748 610 quia

2167 637 2258 693 ille
2278 636 2515 706 suscepit
2533 634 2832 699 hominem,
2855 648 2953 688 nos
2975 642 3154 688 autem
3177 632 3429 688 homines
3450 648 3644 687 sumus
3667 649 3683 688 :
3705 641 3752 687 et

2167 729 2516 784 considerare
2542 726 2800 784 debemus
2835 727 2978 796 quod
3009 725 3392 796 aegritudinem
3417 725 3534 780 sive
3574 725 3749 788 animi,

2167 821 2281 878 sive
2317 819 2578 892 corporis,
2611 834 2773 890 quam
2808 818 2861 874 in
2901 818 3120 874 homire
3159 818 3266 873 alio
3301 818 3576 881 videmus,
3600 819 3753 873 etiam

2168 929 2267 968 nos
2297 913 2496 968 habere
2522 912 2796 983 potuimus
2837 919 2930 965 aut
2973 925 3277 982 possumus.
3307 909 3424 964 Hoc
3448 926 3581 979 ergo
3607 911 3754 963 exhi-

2169 1007 2393 1061 beamus
2439 1004 2526 1068 ei,
2582 1001 2733 1072 cujus
2781 1002 3151 1058 inﬁrmitatem
3205 1012 3428 1073 portare
3476 1001 3754 1065 volumus,

2169 1098 2311 1170 quod
2343 1098 2411 1152 ab
2442 1095 2532 1151 illo
2560 1095 2715 1150 nobis
2737 1095 2993 1151 vellemus
3020 1094 3290 1160 exhiberi,
3321 1095 3366 1149 si
3406 1094 3550 1149 forte
3584 1111 3680 1149 nos
3707 1096 3752 1148 in

2167 1205 2231 1245 ea
2262 1203 2524 1254 essemus,
2557 1196 2613 1244 et
2638 1188 2750 1258 ipse
2777 1204 2881 1242 non
2908 1198 3072 1243 esset.
3107 1188 3186 1243 Ad
3217 1188 3322 1242 hoc
3349 1187 3595 1258 pertinet
3623 1189 3752 1256 quod

2169 1283 2284 1353 ipse
2328 1280 2617 1351 Apostolus
2659 1280 2774 1337 ait:
2801 1279 3054 1335 Omnibus
3094 1279 3268 1334 omnia
3312 1279 3491 1348 [actus
3530 1296 3675 1338 sum,
3708 1291 3753 1332 at

2169 1391 2346 1429 omnes
2377 1373 2739 1442 lucrifacere":
2765 1371 2819 1443 (1
2847 1370 2968 1427 Cor.
2997 1371 3096 1442 lx).
3122 1370 3428 1441 Cogitanda
3454 1369 3687 1438 scilicet,
3707 1371 3752 1425 ia

2170 1482 2235 1522 eo
2266 1466 2397 1521 vitio
2425 1464 2588 1520 etiam
2621 1478 2680 1520 se
2711 1479 2831 1520 esse
2857 1464 3114 1534 potuisse,
3153 1465 3295 1519 unde
3316 1463 3576 1534 cupiebat
3600 1463 3752 1518 alium

2171 1557 2410 1614 liberari.
2444 1557 2832 1628 Compatiendo
2878 1556 3021 1611 enim
3071 1557 3251 1626 potius
3297 1557 3352 1611 id
3398 1557 3620 1626 agebat,
3661 1574 3753 1610 non

2173 1651 2502 1717 mentiendo,
2537 1651 2677 1707 sicut
2698 1649 2916 1721 quidam
2945 1650 3312 1721 suspicantur,
3345 1659 3402 1706 et
3428 1649 3482 1704 bi
3511 1651 3751 1715 maxime,

473 1738 670 1810 gratia,
701 1738 841 1794 iram
869 1736 1055 1795 fratris
1086 1749 1215 1795 tunc
1245 1741 1519 1812 portabis,
1554 1757 1676 1798 cum
1710 1751 1764 1797 tu
1801 1743 2064 1798 adversus
2095 1740 2141 1801 B
2170 1744 2261 1815 qui
2291 1743 2589 1800 mendaciis
2620 1742 2970 1798 defendendis
2997 1758 3118 1813 quae
3147 1757 3347 1814 negare
3376 1758 3490 1797 non
3521 1753 3754 1813 possunt,

441 1841 444 1844 ’
469 1845 594 1886 eum
625 1845 730 1886 non
763 1831 1036 1897 irasceris,
1070 1840 1131 1887 ut
1161 1849 1377 1888 rursum
1401 1849 1468 1890 eo
1494 1841 1737 1904 tempore
1771 1850 1879 1905 quo
1909 1843 1959 1890 te
1983 1834 2065 1889 ira

468 1927 954 1998 praeoccupaverit,
982 1927 1072 1983 ille
1107 1938 1159 1984 te
1187 1928 1411 1984 lenitate
1437 1937 1488 1985 et
1516 1929 1907 2002 tranquillitate
1939 1946 2065 2001 sup-

444 2031 670 2093 portet.
699 2023 813 2080 Hoc
839 2025 1146 2097 exemplum
1182 2026 1249 2082 ad
1275 2027 1326 2082 id
1357 2028 1630 2100 pertinet,
1679 2046 1802 2086 cum
1851 2030 2067 2086 diversa

438 2132 441 2133 '
471 2123 599 2170 sunt
640 2130 806 2187 opera
839 2117 1172 2187 portantium
1204 2135 1369 2175 onera
1402 2137 1497 2177 sua
1517 2163 1531 2188 ,
1563 2123 1811 2192 quamvis
1838 2121 1952 2194 ipsa
1982 2122 2065 2178 di-

471 2222 629 2264 versa
662 2223 771 2264 non
804 2209 874 2264 sit
903 2209 1190 2268 inﬁrmitas
1221 2230 1233 2266 :
1263 2213 1317 2267 in
1341 2215 1602 2270 ambobus
1639 2214 1784 2270 enim
1823 2214 1891 2269 ad
1932 2213 2068 2269 invi-

469 2316 590 2357 cem
639 2300 711 2358 ita
743 2312 1012 2373 portatur.
1061 2304 1143 2360 Ad
1187 2305 1460 2362 diversum
1509 2317 1690 2364 autem
1736 2307 2068 2364 inﬁrmitatis

469 2409 641 2466 genus
671 2395 814 2452 aliud
845 2397 1149 2470 exemplum
1174 2399 1465 2454 videndum
1491 2409 1610 2456 est:
1642 2400 1806 2456 veluti
1849 2400 1896 2456 si
1943 2401 2066 2472 quis

467 2485 523 2540 in
562 2501 621 2541 se
659 2485 1040 2557 loquacitatem
1070 2489 1291 2556 vicerit,
1330 2500 1386 2546 et
1428 2492 1784 2563 pertinaciam
1830 2495 2067 2548 nondum

471 2578 663 2635 vicerit
699 2579 841 2636 alius
871 2596 1000 2638 vero
1036 2583 1215 2639 adhuc
1257 2584 1454 2654 loquax
1478 2625 1492 2649 ,
1537 2585 1630 2640 sed
1669 2584 1782 2655 jam
1818 2585 2069 2656 pertinax

467 2685 574 2725 non
607 2671 707 2737 sit;
740 2671 902 2728 debet
946 2672 1036 2728 ille
1076 2673 1236 2744 hujus
1266 2674 1646 2744 loquacitatem
1666 2717 1682 2742 ,
1715 2685 1770 2731 et
1799 2676 1901 2731 iste
1930 2675 2071 2732 illius

466 2763 848 2834 pertinaciam,
880 2765 1054 2821 donec
1083 2766 1210 2821 illud
1241 2767 1295 2820 in
1325 2767 1438 2833 illo,
1472 2777 1528 2823 et
1558 2769 1659 2823 hoc
1692 2768 1744 2823 in
1779 2769 1882 2825 isto
1913 2784 2070 2824 sane-

472 2863 581 2920 tur,
611 2855 880 2912 charitate
906 2867 1148 2928 portare.
1172 2857 1280 2913 Par
1303 2860 1498 2930 quippe
1527 2860 1815 2918 inﬁrmitas
1847 2861 1901 2916 in
1938 2861 2070 2917 duo-

467 2945 569 3002 bus
597 2945 642 3001 si
666 2962 774 3003 uno
801 2947 1011 3004 accidat
1045 2957 1309 3020 tempore,
1345 2950 1578 3007 tolerare
1607 2968 1666 3007 se
1696 2953 1930 3009 invicem
1955 2969 2067 3009 non

472 3037 669 3102 valent,
703 3055 825 3095 cum
857 3039 1145 3097 adversum
1187 3057 1245 3098 se
1288 3042 1603 3100 intenditur.
1634 3043 1769 3101 Nam
1809 3046 2070 3102 adversus

2169 1835 2397 1906 alicujus
2427 1837 2606 1909 magni
2635 1836 2867 1908 exempli
2892 1836 3250 1907 patrocinium
3281 1837 3597 1907 requirunt.

2242 1930 2443 1986 Deinde
2463 1931 2627 1985 etiam
2654 1929 2783 1984 illud
2814 1928 3180 2000 cogitandum,
3208 1928 3422 1983 nullum
3448 1943 3573 1984 esse
3596 1928 3754 1982 homi-

2171 2039 2316 2090 nem,
2343 2024 2434 2094 qui
2465 2038 2574 2078 non
2601 2022 2776 2093 possit
2803 2021 3003 2076 habere
3031 2019 3250 2091 aliquod
3280 2021 3517 2086 bonum,
3548 2019 3684 2090 quod
3707 2029 3752 2074 tu

2171 2121 2408 2177 nondum
2439 2117 2629 2184 habes,
2657 2117 2761 2173 etsi
2788 2117 2971 2181 lateat,
3018 2114 3072 2170 in
3100 2131 3209 2186 quo
3247 2116 3369 2171 sine
3408 2116 3576 2170 dubio
3603 2117 3754 2186 possit

2174 2223 2227 2270 te
2252 2228 2373 2270 esse
2400 2211 2669 2283 superior.
2699 2209 2828 2278 Quae
2863 2207 3116 2280 cogitatio
3145 2209 3213 2262 ad
3242 2208 3683 2263 contundendam
3709 2217 3752 2260 et

2172 2301 2529 2360 edomandam
2556 2302 2862 2374 superbiam
2888 2301 3055 2366 valet,
3095 2315 3164 2356 ne
3193 2298 3492 2354 arbitreris
3516 2298 3749 2369 quoniam

2172 2406 2260 2452 tua
2295 2395 2538 2467 quaedam
2565 2396 2706 2452 bona
2729 2395 2967 2450 eminent
2993 2402 3048 2450 et
3071 2391 3361 2464 apparent,
3395 2391 3523 2447 ideo
3545 2392 3752 2447 alterum

2173 2489 2318 2545 nulla
2347 2489 2548 2545 habere
2586 2505 2706 2559 quae
2743 2488 2966 2553 lateant,
2993 2495 3048 2541 et
3088 2486 3329 2542 fortasse
3374 2483 3604 2555 majoris
3632 2501 3750 2557 pon-

2173 2582 2319 2638 deris
2376 2583 2550 2648 bona,
2607 2581 2804 2653 quibus
2849 2590 2900 2636 te
2956 2590 3181 2652 superat
3227 2581 3601 2638 nescientem.
3653 2579 3750 2635 Non

2172 2677 2317 2732 enim
2348 2676 2458 2730 falli
2492 2690 2611 2741 nos,
2655 2685 2748 2731 aut
2785 2674 3091 2730 adulatione
3129 2675 3318 2745 potius
3363 2675 3447 2729 uti
3490 2673 3751 2746 Apostolus

2165 2765 2321 2838 jubet
2360 2783 2480 2824 cum
2512 2766 2680 2823 dicit:
2707 2765 2857 2821 Nihil
2894 2783 2984 2837 per
3029 2767 3440 2832 contentionem,
3485 2783 3642 2837 neque
3675 2780 3751 2835 per

2172 2863 2382 2918 inanem
2411 2861 2654 2934 gloriam,
2681 2862 2771 2917 sed
2809 2863 2866 2917 in
2900 2860 3196 2915 humilitate
3225 2862 3449 2927 mentis,
3485 2860 3618 2915 alter
3638 2859 3750 2913 aluo

2173 2974 2291 3011 rum
2332 2957 2692 3010 existimantes
2734 2954 3050 3024 superiorem
3090 2951 3192 3006 sibi
3233 2950 3475 3024 (Philip.
3526 2953 3610 3021 ιι).

2173 3049 2276 3106 hoc
2300 3049 2370 3104 ita
2397 3049 2658 3105 debemus
2678 3047 3010 3112 existimare,
3036 3054 3096 3101 ut
3114 3060 3224 3102 non
3252 3045 3655 3108 existimemus,
3675 3043 3752 3097 sed

471 3131 706 3200 aliquem
753 3132 972 3188 tertium
1005 3142 1061 3189 et
1088 3133 1196 3190 duo
1227 3134 1356 3190 irati
1386 3135 1488 3191 sibi
1528 3137 1890 3204 conveniunt,
1919 3146 1974 3192 et
2007 3152 2066 3192 se
2092 3142 2139 3207 C
2169 3157 2268 3197 nos
2291 3140 2603 3196 existimare
2625 3139 2910 3211 ﬁngamus,
2936 3139 3031 3194 sed
3051 3151 3180 3193 vere
3200 3137 3597 3193 existimemus
3619 3148 3750 3207 posse

470 3223 740 3280 tolerant:
764 3240 1073 3296 quanquam
1103 3241 1204 3283 nec
1244 3225 1476 3284 tolerare
1495 3269 1512 3296 ,
1544 3229 1640 3285 sed
1671 3229 1901 3286 invicem
1936 3244 2069 3285 con-

470 3316 654 3384 solari,
680 3317 822 3374 sicut
849 3327 905 3374 et
933 3319 1116 3376 tristes
1138 3320 1204 3377 de
1228 3336 1288 3378 re
1312 3338 1418 3378 uua
1443 3323 1617 3397 magis
1647 3339 1706 3380 se
1734 3332 1984 3396 portant,
2016 3333 2072 3382 et

471 3415 625 3486 quasi
653 3415 972 3472 incumbunt
993 3417 1114 3484 sibi,
1139 3435 1299 3490 quam
1327 3422 1373 3476 si
1395 3437 1534 3478 unus
1557 3423 1729 3481 tristis
1750 3431 1913 3489 esset,
1935 3423 2072 3480 alius

472 3516 528 3562 et
553 3509 812 3578 gauderet
835 3527 849 3564 ε
877 3509 920 3566 si
945 3519 1127 3566 autem
1149 3511 1437 3569 adversum
1458 3529 1518 3570 se
1543 3514 1725 3572 tristes
1749 3525 1891 3582 sunt,
1917 3531 2073 3587 pror-

471 3614 566 3654 sus
595 3614 652 3655 se
683 3599 916 3657 tolerare
965 3617 1072 3657 non
1111 3611 1359 3672 possunt.
1389 3603 1456 3659 Et
1501 3604 1623 3661 ideo
1662 3606 1716 3662 in
1765 3605 2070 3678 bujusmodi

473 3689 854 3748 affectionibus
878 3693 1222 3764 suscipienda
1246 3703 1330 3751 est
1355 3695 1746 3767 aliquantulum
1774 3699 1890 3770 ipsa
1918 3699 2072 3770 :egri-

473 3783 625 3850 tudo,
654 3784 721 3839 de
748 3801 855 3856 qua
881 3785 964 3840 vis
993 3801 1090 3856 per
1119 3796 1172 3842 te
1197 3787 1364 3843 alium
1391 3789 1611 3846 liberari
1635 3831 1650 3857 ,
1685 3799 1740 3846 et
1779 3791 1857 3848 sic
1899 3792 2073 3848 susci-

431 3881 436 3886 ‘
472 3875 692 3945 pienda,
723 3884 785 3930 ut
807 3875 874 3931 ad
907 3876 1190 3946 auxilium,
1222 3896 1329 3935 non
1358 3882 1425 3936 ad
1451 3883 1818 3955 aequalitatem
1839 3884 2072 3942 miseria:

473 3967 682 4030 valeat,
711 3969 1166 4038 quemadmodum
1209 3987 1270 4028 se
1301 3973 1560 4043 inclinat,
1591 3977 1683 4047 qui
1723 3993 1942 4033 manum
1981 3979 2068 4050 ja-

475 4062 621 4116 centi
643 4062 889 4135 porrigit.
912 4061 1030 4119 Non
1057 4065 1200 4121 enim
1228 4082 1286 4122 se
1312 4067 1548 4137 projicit,
1576 4078 1635 4125 ut
1658 4060 2066 4141 ambojaceant,

475 4151 568 4208 sed
601 4151 847 4208 incurvat
873 4162 1073 4222 tamen,
1105 4164 1164 4211 ut
1187 4157 1458 4228 jacentcm
1481 4161 1676 4233 erigat.

546 4243 732 4316 Neque
763 4245 867 4302 ulla
900 4262 987 4303 res
1025 4246 1324 4306 ofﬁciosum
1367 4254 1530 4308 istum
1561 4253 1797 4311 laborem
1833 4257 1901 4312 ad
1937 4272 2067 4329 por-

477 4338 636 4393 tanda
669 4352 837 4393 onera
864 4338 1094 4394 aliorum
1119 4338 1248 4396 facit
1270 4343 1504 4400 .ibenter
1528 4345 1786 4416 impendi,
1811 4348 1916 4404 nisi
1943 4365 2066 4405 cum

475 4431 776 4502 cogitamus
818 4442 1020 4505 quanta
1067 4451 1166 4506 pro
1207 4437 1365 4494 nobis
1397 4439 1584 4496 tulerit
1614 4441 1896 4498 Dominus.
1929 4442 2066 4500 Hinc

2170 3247 2292 3289 esse
2316 3232 2518 3304 aliquid
2545 3232 2817 3288 occultum
2845 3231 2898 3286 in
2924 3229 3052 3295 alio,
3082 3244 3192 3300 quo
3220 3229 3300 3284 sit
3321 3229 3489 3285 nobis
3509 3227 3750 3298 superior,

2163 3322 2385 3379 etiamsi
2411 3323 2609 3380 bonum
2641 3331 2884 3379 nostrum
2905 3362 2920 3387 ,
2944 3321 3088 3392 quod
3127 3319 3221 3374 illo
3247 3319 3512 3375 videmur
3537 3317 3748 3391 superio-

2172 3428 2260 3470 res
2289 3429 2432 3481 esse,
2462 3429 2570 3471 non
2595 3414 2668 3470 sit
2705 3412 2996 3470 occultum.
3023 3411 3146 3466 ista:
3173 3410 3573 3482 cogitationes,
3602 3409 3751 3480 depri-

2171 3520 2384 3566 mentes
2421 3507 2757 3580 superbiam,
2801 3517 2857 3564 et
2885 3513 3144 3579 augentes
3168 3505 3510 3560 charitatcm
3530 3545 3547 3571 ,
3575 3502 3750 3558 facint

2170 3617 2336 3660 onera
2368 3603 2608 3658 fraterna
2638 3601 2870 3658 invicem
2906 3615 3013 3658 non
3043 3599 3218 3656 solum
3243 3613 3413 3671 aequo
3437 3599 3642 3663 animo,
3671 3595 3750 3652 sed

2171 3696 2336 3752 etiam
2365 3694 2722 3751 libentissime
2754 3692 3032 3751 sustineri.
3078 3691 3237 3748 Nullo
3275 3691 3447 3748 modo
3496 3698 3669 3747 autem
3695 3688 3751 3743 de

2171 3806 2443 3862 quoquam
2475 3788 2694 3846 homine
2721 3786 2995 3859 incognito
3022 3784 3242 3842 ferenda
3280 3784 3561 3841 sententia
3585 3791 3682 3848 est,
3707 3791 3752 3836 et

2171 3901 2332 3942 nemo
2361 3884 2466 3940 uisi
2499 3899 2599 3956 per
2625 3882 2920 3940 amicitiam
2947 3878 3316 3951 cognoscitur.
3349 3877 3425 3933 Et
3471 3877 3598 3933 ideo
3631 3875 3751 3930 ami-

2171 3993 2359 4035 corum
2391 3976 2531 4032 mala
2576 3975 2785 4030 ﬁrmius
2825 3972 3178 4039 sustinemus,
3220 3970 3351 4041 quia
3396 3970 3547 4026 bona
3581 3980 3752 4025 eorum

2170 4084 2271 4125 nos
2296 4068 2566 4125 delectant
2586 4075 2650 4123 et
2680 4073 2886 4121 tenent.

2242 4159 2450 4216 Nullius
2498 4160 2682 4231 itaque
2708 4157 3040 4229 repudianda
3077 4165 3163 4213 est
3191 4157 3436 4214 amicitia
3466 4171 3589 4213 sese
3617 4156 3752 4227 inge-

2169 4252 2340 4308 rentis
2371 4249 2439 4305 ad
2463 4250 2755 4306 amicitiam
2782 4247 3158 4320 copulandam,
3181 4262 3291 4304 non
3316 4255 3379 4303 ut
3415 4248 3598 4304 statim
3625 4247 3750 4300 rcci-

2169 4346 2368 4417 piatur,
2395 4345 2490 4400 sed
2511 4353 2572 4400 ut
2591 4343 2932 4414 recipiendus
2951 4349 3186 4413 optetur,
3206 4350 3372 4414 atque
3397 4342 3474 4398 ita
3501 4350 3750 4397 tractetur

2171 4448 2229 4493 ut
2270 4437 2435 4509 recipi
2465 4436 2654 4506 possit.
2695 4434 2847 4491 Illum
2878 4435 3025 4490 enim
3059 4443 3339 4506 receptum
3370 4435 3428 4489 in
3467 4433 3747 4490 amicitia

475 4524 618 4580 enim
658 4526 956 4582 admonens
1002 4527 1080 4583 ait
1104 4528 1392 4600 Apostolus
1423 4550 1435 4585 :
1469 4530 1586 4588 Hoc
1614 4537 1799 4590 sentite
1826 4536 1884 4592 in
1922 4539 2065 4592 vobis
2096 4515 2147 4576 D
2168 4543 2456 4604 possumus
2483 4527 2687 4593 dicere.
2717 4526 2805 4582 cui
2843 4525 3026 4582 omnia
3075 4534 3261 4581 "05ml
3299 4524 3532 4581 Consilia
3574 4523 3746 4580 νείκει·

475 4616 614 4688 quod
643 4627 690 4672 et
713 4618 769 4672 in
795 4615 1003 4674 Christo
1036 4619 1185 4674 Jesu.
1221 4621 1462 4686 Quicum
1487 4624 1542 4677 in
1575 4623 1746 4695 {arma
1779 4625 1872 4682 Dei
1913 4638 2065 4695 esset,

478 4727 583 4767 non
616 4712 857 4782 rapinam
881 4713 1168 4768 arbitratus
1213 4724 1289 4768 est
1319 4731 1428 4771 esse
1453 4733 1508 4771 se
1534 4718 1787 4789 (aqualem
1808 4720 1939 4787 Deo,
1977 4721 2068 4776 sed

476 4804 808 4874 semetipsum
868 4806 1152 4861 exinanivit
1214 4807 1440 4877 formam
1485 4811 1618 4865 servi
1666 4794 1963 4883 accipiens,
2013 4815 2069 4868 in

435 4901 437 4903 ’
477 4893 873 4950 similitudinem
896 4897 1164 4952 hominum
1205 4899 1398 4969 factus,
1425 4911 1472 4955 et
1519 4903 1699 4958 habitu
1742 4906 1980 4960 iuventus
2007 4917 2063 4962 ut

480 4988 657 5041 homo.
689 4985 999 5042 Humiliavit
1045 4992 1376 5062 semetipsum
1418 4994 1590 5064 factus
1624 4997 1864 5054 obediens
1901 5016 2066 5070 usque

484 5078 554 5131 ad
582 5086 822 5142 mortem,
863 5088 1080 5133 mortem
1116 5093 1291 5137 autent
1325 5087 1494 5140 crucis
1521 5085 1742 5160 (Philip.
1770 5090 1856 5163 ιι).
1891 5089 2064 5163 Supe-

484 5169 599 5224 rius
629 5177 808 5222 autem
839 5167 1050 5223 dixerat
1089 5188 1102 5223 :
1129 5169 1253 5225 Non
1297 5191 1412 5243 qua:
1439 5193 1535 5232 sua
1566 5192 1685 5235 sunt
1713 5186 2036 5256 unusquisqu

483 5259 792 5304 intendens-
822 5259 912 5304 and
947 5276 1064 5304 num
1099 5261 1322 5304 nlinrum
1365 5266 1507 5304 ΗΜΛ
1534 5271 1552 5304 \
1619 5273 1752 5304 11ηςη
1787 5279 2066 5304 annum”...

2172 4625 2300 4681 dere
2328 4623 2609 4678 audemus.
2639 4621 2709 4676 Et
2735 4620 2780 4676 si
2801 4620 3085 4691 quisquam
3117 4629 3221 4685 est,
3249 4618 3342 4690 qui
3367 4633 3432 4675 se
3463 4634 3574 4673 non
3602 4615 3750 4671 audet

2173 4717 2422 4788 ingerere
2467 4714 2536 4770 ad
2575 4712 2874 4770 amicitiam
2914 4711 3254 4779 faciendam,
3286 4710 3392 4766 nisi
3433 4725 3561 4767 cum
3585 4709 3748 4778 aliqua

2171 4820 2359 4865 nostro
2403 4805 2686 4879 temporali
2727 4805 2934 4862 honore
2983 4811 3075 4858 aut
3125 4803 3390 4877 dignitate
3440 4811 3742 4861 revocetur,

2172 4899 2606 4958 descendendum
2629 4907 2712 4954 est
2736 4897 2805 4954 ad
2824 4913 2972 4963 eum,
2993 4905 3047 4951 et
3068 4895 3403 4952 offerendum
3431 4897 3507 4952 illi
3531 4897 3741 4968 quadam

2173 4993 2428 5051 comitate
2452 5001 2508 5047 et
2533 4990 2895 5048 submissione
2923 4989 3113 5055 animi,
3140 4990 3281 5060 quod
3309 5004 3409 5061 per
3430 5005 3490 5046 se
3516 4992 3629 5060 ipse
3652 5002 3743 5043 non

2173 5088 2354 5144 audet.
2383 5085 2526 5142 Sane
2546 5085 2794 5156 quamvis
2814 5085 3009 5151 rarius,
3033 5093 3211 5140 tamen
3232 5081 3524 5154 aliquoties
3543 5081 3741 5139 accidit.

2171 5190 2233 5236 ut
2257 5178 2374 5250 ejus
2402 5194 2561 5250 quem
2591 5177 2839 5235 volumus
2881 5178 2936 5234 in
2975 5177 3269 5234 amicitiam
3303 5177 3573 5249 recipere,
3609 5173 3744 5246 pria-

2172 5273 2326 5304 nnhla
2357 5272 2698 5304 inuninannnt
2736 5269 2874 5304 mnln
2913 5273 3078 5304 ’nnom
3109 5269 3247 5304 Ιιησια
3313 5269 3512 5304 ηιιῖΙιιηξ
3537 5267 3711 5304 reﬂ-anu
