3904 5304
82 288 230 345 11)(55

1259 295 1623 352 OPUSCULA
1659 297 1746 352 ΕΤ
1783 298 2160 358 EPIS'I‘OLAS.

3210 312 3231 364 1
3244 312 3348 365 066

79 418 316 471 quorum
359 401 713 460 delectatione
755 407 1191 476 acquiescamus,
1241 423 1335 477 per
1383 410 1665 463 charitatis
1693 413 1744 471 Α
1770 419 1924 475 strat,
1954 412 2041 466 ubi
2067 415 2142 468 ait
2166 413 2356 487 (Epist.
2385 416 2454 471 95
2479 419 2547 470 ad
2578 420 2712 486 episc
2757 435 2902 488 prov.
2940 418 3113 490 Vien.)
3148 439 3161 476 :
3195 443 3211 472 ι
3249 423 3351 476 0r-

81 495 426 548 tulerantiam
476 497 850 565 perducamur.
901 498 992 554 Ait
1032 501 1218 554 enim:
1262 501 1384 556 Non
1425 512 1498 556 est
1536 519 1664 572 Opus

74 586 228 639 sanis
257 587 508 649 medicus,
545 588 634 641 sed
661 592 1031 658 aegrotantibus
1059 591 1274 662 (Matth.
1307 597 1406 665 Ix).
1440 595 1666 664 Ideoque

77 676 128 729 si
171 688 389 745 propter
430 676 629 732 Christi
671 681 1010 746 charitatem,
1039 684 1201 736 etiam
1235 700 1356 738 eum
1384 687 1474 754 qui
1518 687 1664 741 onmi

74 781 148 819 ex
197 777 347 836 parte
392 766 638 823 fortassis
669 780 898 838 aegrotat
939 773 1196 841 repellere
1241 776 1308 828 ab
1349 776 1530 830 animo
1558 793 1662 831 non

75 857 360 918 debemus,
391 859 645 926 quoniam
694 862 874 913 sanari
921 869 1098 931 potest
1136 879 1234 932 per
1274 866 1497 918 verbum
1543 866 1661 930 Dei,

71 957 285 1018 quanto
328 949 504 1002 minus
549 964 704 1015 eum,
732 951 823 1020 qui
864 962 1082 1020 propter
1131 969 1226 1009 nos
1272 955 1445 1010 videri
1489 966 1665 1026 potest

74 1047 228 1093 totus
253 1048 508 1109 aegrotus.
541 1042 666 1110 quia
712 1043 955 1110 quendam
1005 1043 1122 1112 ejus
1169 1047 1352 1100 saucia
1401 1047 1455 1102 in
1487 1049 1662 1117 primo

70 1127 322 1198 ingressu
367 1130 620 1184 amicitia:
659 1148 764 1186 non
796 1134 1066 1202 potuimus
1107 1136 1390 1199 sustinere,
1437 1147 1492 1191 et
1519 1137 1660 1206 quod

63 1230 159 1274 est
179 1221 418 1288 gravius,
436 1239 557 1276 cum
574 1221 870 1278 offensione
893 1224 1056 1278 animi
1075 1226 1140 1278 de
1164 1233 1277 1280 toto
1301 1226 1518 1282 homine
1543 1230 1657 1284 ausi

65 1325 261 1364 sumus
291 1313 633 1366 temerariam
660 1313 954 1383 praajudicii
991 1313 1133 1370 ferre
1165 1318 1525 1371 sententiam?
1554 1335 1659 1373 non

65 1401 326 1455 timentes
355 1402 497 1469 quod
529 1404 729 1458 dictum
761 1413 881 1458 est:
915 1403 1094 1459 Nolite
1116 1407 1386 1476 judicare,
1417 1427 1479 1465 ne
1511 1411 1659 1480 judi-

62 1492 290 1555 cemini;
317 1503 393 1557 et,
422 1492 541 1558 Qua
570 1511 815 1549 mensura
843 1498 1006 1550 mensi
1052 1497 1288 1565 fueritis,
1315 1502 1368 1554 in
1398 1518 1459 1556 ea
1489 1519 1656 1557 reme-

61 1584 228 1636 tietur
255 1585 395 1638 vobis
423 1585 637 1655 (Matth.
677 1588 796 1658 vn).
841 1588 995 1659 Sa:pe
1031 1600 1210 1645 autem
1252 1591 1339 1645 illa
1371 1608 1490 1662 qua:
1519 1593 1657 1648 bona

61 1684 228 1738 sunt,
277 1675 427 1744 prius
470 1690 733 1747 apparent
763 1697 776 1730 ε
809 1680 862 1733 in
893 1681 1090 1749 quibus
1116 1681 1278 1736 etiam
1313 1685 1683 1738 temerarium‘

1769 500 2096 557 diuationem
2143 505 2244 560 sibi
2293 507 2487 576 singuli
2537 507 2937 577 metropolitani
2974 524 3192 564 suarum
3221 526 3343 579 pro-

1766 593 2064 648 vinciarum
2092 611 2215 650 cum
2241 597 2325 652 his
2345 597 2438 666 qui
2459 607 2683 653 caateros
2713 600 2998 654 sacerdotii
3025 600 3348 670 antiquitate

1766 689 2130 755 praeveniunt,
2166 691 2414 745 restituto
2447 691 2550 745 sibi
2598 707 2697 761 per
2736 709 2834 747 nos
2870 693 2994 763 jure
3033 693 3343 748 defendant.

1764 775 2012 830 Alienum
2046 778 2136 847 jus
2175 779 2312 832 alter
2351 780 2452 835 sibi
2500 796 2606 834 non
2655 782 2850 836 audeat
2875 783 3190 837 vindicare:
3230 786 3342 839 suis

1765 864 2057 929 limitibus,
2094 867 2208 922 suis
2239 870 2480 924 terminis
2519 870 2593 924 sit
2618 871 2988 942 unusquisque
3028 880 3334 928 contentus.

1763 954 1898 1010 Nam
1948 959 2185 1012 onmium
2226 959 2585 1016 Ecclesiarum
2646 971 2846 1018 statum
2903 973 2959 1018 et
2998 966 3342 1021 concordiam

1763 1049 2023 1102 custodiri
2051 1051 2296 1119 cupimus
2319 1053 2691 1120 sacerdotum,
2719 1054 2786 1109 ad
2813 1055 3073 1110 unitatem
3104 1070 3199 1110 vos
3228 1057 3331 1110 vin-

1762 1137 1884 1192 culo
1931 1139 2214 1194 charitatis
2261 1141 2572 1209 hortantes,
2617 1153 2678 1198 ut
2704 1159 2769 1198 ea
2798 1159 2917 1213 qua:
2949 1159 2979 1198 a
3013 1145 3196 1211 nobis,
3236 1145 3345 1200 Deo

1764 1228 2060 1296 inspirante
2102 1237 2159 1284 et
2207 1231 2521 1287 beatissimo
2562 1232 2723 1288 Petro
2769 1233 3040 1303 apostolo,
3085 1235 3345 1290 discussis

1761 1320 2107 1388 probatisque
2135 1337 2276 1376 nunc
2306 1324 2555 1378 omnibus
2581 1324 2785 1390 causis,
2816 1325 3031 1380 decreta
3069 1334 3217 1391 sunt,
3247 1342 3344 1395 pro

1759 1416 1938 1460 vestra
1976 1423 2108 1476 pace
2139 1419 2189 1463 et
2220 1412 2480 1482 dignitate
2513 1413 2758 1468 servetis.
2784 1412 2941 1468 Certe
2969 1431 3076 1469 non
3112 1425 3219 1469 tam
3249 1431 3346 1470 no-

1760 1507 1874 1552 stro
1900 1516 2059 1568 quam
2100 1512 2283 1557 vestro
2314 1504 2504 1558 honori
2549 1503 2814 1574 proﬁcere
2855 1521 2951 1561 vos
2987 1507 3112 1562 talia
3142 1509 3344 1563 consti-

1764 1592 1925 1645 tuisse
1969 1595 2363 1664 cognoscimus.
2413 1595 2530 1650 Non
2575 1598 2720 1651 enim
2769 1599 2925 1654 nobis
2972 1597 3343 1654 ordinationes

1758 1689 2066 1734 vestrarum
2095 1683 2492 1751 provinciarum
2523 1685 2888 1748 defendimus.
2918 1688 3012 1742 sed
3050 1689 3203 1744 vobis
3244 1704 3342 1758 per

57 1763 727 1832 benevolentizejudicium
752 1771 1050 1824 cavendum
1081 1779 1195 1835 est,
1221 1788 1288 1827 ne
1325 1789 1447 1828 cum
1481 1783 1652 1829 totum
1686 1765 1730 1823 B
1759 1781 1992 1825 vestram
2032 1771 2446 1828 sollicitudinem
2485 1774 2839 1840 vindicamus,
2865 1792 2932 1830 ne
2957 1777 3087 1846 quid
3113 1778 3342 1834 ulterius

55 1850 267 1906 bonum
295 1857 598 1924 putaveris,
631 1873 693 1912 ea
723 1874 844 1928 qum
881 1871 1068 1928 postea
1111 1862 1249 1915 mala
1279 1865 1650 1933 apparuerint,

55 1957 316 1997 securum
343 1956 398 1999 et
425 1946 749 2016 imparatum
775 1958 826 2002 te
847 1949 1143 2014 inveniant,
1167 1961 1222 2004 et
1246 1953 1462 2021 gravius
1483 1953 1650 2008 offen-

52 2032 212 2096 dant,
243 2044 302 2088 ut
327 2050 450 2089 eum
473 2052 632 2106 quem
658 2046 860 2093 temere
886 2040 1154 2096 dilexeras
1175 2043 1423 2099 acerbius
1446 2046 1647 2112 oderis,

49 2123 204 2189 quod
237 2123 390 2178 nefas
418 2135 500 2180 est
525 2143 538 2179 :
567 2127 692 2196 quia
717 2129 928 2184 etiamsi
961 2131 1105 2185 nulla
1132 2132 1248 2200 ejus
1277 2135 1415 2188 bona
1445 2151 1648 2204 praece-

44 2212 382 2281 derentget
428 2216 544 2271 haec
588 2232 709 2286 qua:
748 2227 869 2287 post
911 2223 1257 2289 apparuerint
1307 2223 1449 2278 mala
1499 2225 1651 2294 prius

41 2304 386 2369 eminerent,
417 2306 689 2362 toleranda
716 2317 894 2364 tamen
920 2320 1096 2376 erant,
1123 2313 1294 2368 donec
1317 2315 1497 2370 omnia
1526 2332 1649 2371 cum

41 2392 149 2446 illo
173 2409 382 2462 ageres,
413 2398 610 2466 quibus
638 2399 764 2453 talia
795 2401 974 2455 sanari
1007 2401 1182 2456 solent
1207 2421 1220 2456 :
1246 2415 1448 2473 quanto
1477 2407 1650 2476 magis

40 2498 183 2536 cum
230 2499 293 2537 ea
329 2485 467 2538 bona
505 2500 919 2555 praecesserunt,
967 2506 1087 2560 qua:
1128 2501 1382 2563 tauquam
1424 2497 1648 2566 pignora

42 2588 159 2627 nos
185 2574 382 2628 debent
417 2578 484 2630 ad
514 2581 812 2647 posteriora
840 2583 1118 2637 toleranda
1145 2587 1551 2657 constringere?

125 2666 248 2734 Ipsa
278 2676 360 2721 est
383 2681 512 2736 ergo
555 2671 640 2724 lex
669 2672 871 2728 Christi
903 2683 962 2728 ut
992 2676 1220 2732 invicem
1261 2694 1426 2734 onera
1461 2691 1647 2738 nostra

44 2763 355 2823 portemus.
387 2756 660 2812 Christum
693 2771 870 2816 autem
923 2763 1196 2833 diligendo
1231 2765 1390 2822 facile
1417 2771 1649 2826 sustine-

44 2860 180 2898 mus
206 2845 572 2903 inﬁrmitatem
603 2851 844 2917 alterius,
875 2855 1038 2909 etiam
1069 2871 1228 2925 quem
1254 2859 1488 2914 nondum
1519 2878 1646 2931 pro-

43 2945 179 3002 pter
216 2951 312 2989 sua
359 2937 497 2992 bona
524 2939 813 3011 diligimus.
843 2943 1154 3012 Cogitamus
1185 2948 1330 3002 enim
1352 2989 1366 3013 ,
1393 2950 1519 3018 quia
1557 2951 1646 3007 ille

43 3041 220 3093 quem
251 3029 539 3100 diligimus,
571 3033 828 3089 Dominus
857 3047 1078 3106 propter
1104 3053 1228 3092 eum
1264 3051 1510 3097 mortuus
1537 3053 1637 3098 est.

1753 1860 1910 1914 liceat
1955 1863 2212 1928 novitati,
2262 1879 2363 1918 nec
2409 1866 2782 1934 pmsuntptori
2835 1866 2985 1922 locus
3035 1868 3334 1968 ultra.jam

1752 1961 1932 2021 pateat
1959 1953 2234 2024 privilegia
2277 1963 2457 2009 vestra
2496 1957 2762 2010 cassandi.
2788 1955 2996 2011 Nostra:
3032 1953 3343 2032 enim'gra-

1754 2041 1998 2097 tulationi
2028 2045 2132 2098 hoc
2172 2043 2342 2098 solum
2376 2060 2623 2100 crescere
2669 2047 3007 2116 proﬁtemur,
3036 2050 3081 2104 si
3119 2059 3177 2105 et
3206 2066 3336 2121 apo-

1751 2131 1954 2187 stolica:
1982 2133 2126 2188 sedis
2168 2135 2471 2189 reverentia
2509 2137 2650 2204 apud
2694 2151 2790 2190 vos
2825 2137 3030 2192 illibata
3067 2150 3334 2206 servetur,

1751 2230 1807 2277 et
1848 2237 1946 2292 per
1985 2217 2337 2289 sacerdotalis
2365 2224 2660 2295 disciplina:
2688 2227 2986 2282 custodiam
3017 2227 3206 2284 honori
3247 2247 3340 2286 ve-

1753 2323 1868 2368 stro
1900 2315 2078 2384 perire
2116 2315 2259 2384 quod
2289 2331 2445 2371 suum
2475 2325 2559 2372 est
2597 2316 2858 2388 improbis
2896 2321 3337 2390 usurpationibus

1751 2420 1858 2460 non
1887 2406 2150 2460 sinamus.
2186 2428 2204 2460 ι
2531 2471 2550 2487 ο

1821 2496 1962 2550 Ecce
1996 2497 2122 2566 quia
2161 2499 2332 2570 magis
2371 2501 2562 2556 honori
2603 2503 3137 2574 metropolitanorum
3170 2505 3335 2574 proli-

1749 2587 1900 2642 ciunt
1944 2605 2005 2643 ea
2065 2606 2185 2659 qua:
2233 2593 2338 2647 hoc
2387 2595 2547 2648 modo
2589 2596 2778 2650 statuit
2823 2597 2978 2652 sedes
3018 2597 3331 2667 apostolica,

1751 2693 1912 2747 quam
1943 2679 2044 2733 sibi
2072 2681 2373 2737 conferant.
2402 2682 2558 2739 Unde
2584 2693 2641 2740 et
2682 2700 2898 2741 omnem
2938 2701 3034 2743 cor
3075 2702 3333 2743 carneum

1751 2768 2041 2823 habentem
2069 2771 2196 2825 illud
2228 2782 2451 2844 tangere
2479 2776 2665 2842 debet,
2693 2779 2837 2846 quod
2864 2780 3052 2834 eodem
3091 2778 3330 2848 ejusdem

1749 2875 1901 2930 papa:
1935 2870 2080 2916 tonio
2111 2863 2394 2919 disseritur
2423 2867 2488 2920 de
2516 2881 2836 2938 quocunque
2883 2871 2976 2939 qui
3015 2869 3132 2939 ejus
3175 2880 3329 2941 pote-

1749 2959 1944 3006 statem
1975 2962 2144 3008 tentat
2181 2954 2494 3028 infringere.
2521 2959 2613 3013 Ait
2653 2961 2796 3016 enim
2830 2962 2978 3032 (ibid.
3009 2965 3063 3018 in
3089 2964 3284 3036 princ.)
3313 2983 3326 3018 :

1755 3067 1772 3096 ι
1806 3048 2010 3102 Divina:
2050 3050 2248 3103 cultum
2283 3052 2579 3122 religionis,
2608 3069 2770 3123 quem
2811 3055 2866 3110 in
2902 3072 3092 3112 omnes
3117 3067 3326 3129 gentes.

43 3116 229 3181 Quam
277 3120 598 3175 charitatem
651 3125 805 3178 nobis
853 3127 1130 3194 apostolus
1171 3127 1370 3183 Paulus
1419 3131 1643 3202 ingessit
1671 3133 1716 3194 C
1746 3154 2042 3209 omnesque
2071 3142 2320 3197 nationes
2366 3144 2458 3198 Dei
2494 3145 2665 3200 voluit
2691 3148 2865 3215 gratia
2910 3163 3220 3213 coruscare,
3253 3149 3329 3205 ita

42 3221 178 3258 cum
221 3207 424 3263 diceret
451 3227 466 3265 :
495 3210 563 3264 Et
605 3205 788 3281 peribit
828 3216 1071 3284 inﬁrmus
1103 3219 1157 3273 in
1185 3229 1275 3273 tua
1302 3223 1638 3290 conscientia,

44 3296 244 3364 frater,
271 3312 479 3368 propter
496 3319 648 3372 quem
678 3303 918 3360 Christus
947 3320 1180 3364 mortuus
1205 3322 1278 3365 est
1308 3312 1358 3384 (Ι
1384 3312 1507 3368 Cor.
1538 3318 1638 3388 χι).

45 3387 147 3452 Ut,
188 3391 235 3444 si
271 3391 418 3446 illum
467 3394 739 3450 inﬁrmum
771 3409 990 3469 pr0pter
1020 3401 1207 3457 vitium
1251 3420 1358 3474 quo
1397 3387 1642 3464 inﬁrmus

41 3489 138 3534 est
183 3481 361 3537 minus
406 3484 708 3556 diligimus,
739 3489 886 3544 illum
917 3492 971 3547 in
1012 3509 1079 3548 eo
1109 3496 1510 3567 consideremus
1547 3500 1640 3569 qui

39 3582 301 3627 mortuus
333 3585 416 3629 est
460 3589 682 3646 propter
728 3581 924 3650 ipsum.
971 3582 1248 3641 Christum
1297 3598 1476 3644 autem
1534 3607 1638 3646 non

40 3661 298 3732 diligere,
336 3681 440 3720 non
487 3668 808 3736 inﬁrmitas,
842 3674 939 3728 sed
982 3691 1129 3730 mors
1156 3687 1256 3732 est.
1301 3678 1640 3750 Quapropter

41 3752 257 3823 ingenti
288 3771 438 3821 cura,
471 3768 527 3812 et
560 3761 841 3830 implorata
875 3763 968 3818 Dei
1000 3767 1368 3824 misericordia
1399 3772 1639 3841 cogitau-

42 3845 179 3897 dum
211 3856 297 3901 est
336 3864 405 3903 ne
430 3848 708 3906 Christum
738 3855 1074 3925 negligamus
1098 3868 1319 3928 propter
1341 3860 1635 3928 inﬁrmum,

38 3952 176 3990 cum
211 3938 486 3995 inﬁrmum
517 3944 808 4001 debeamus
837 3948 1061 4018 diligere
1091 3961 1312 4021 propter
1340 3953 1633 4011 Christum.

117 4029 334 4098 Itaque,
366 4034 583 4091 domine
625 4047 809 4106 pater,
840 4041 1002 4095 habet
1047 4043 1136 4096 hic
1169 4046 1408 4100 maxima
1431 4059 1634 4117 (pater-

37 4121 190 4174 nitas
220 4129 400 4175 vestra
426 4124 684 4180 virtutum
714 4130 885 4198 copiis
926 4130 1187 4199 perfecta,
1222 4134 1349 4202 quid
1394 4136 1634 4204 perfecte

33 4209 332 4265 comedat:
377 4213 579 4269 invenit
604 4225 660 4270 et
700 4218 790 4273 hic
833 4221 1072 4288 parvitas
1118 4237 1260 4289 mea,
1292 4225 1452 4279 nullis
1499 4225 1631 4282 fulta

33 4298 373 4369 probitatum
420 4307 704 4374 praesidiis,
750 4313 878 4380 quid
919 4313 1232 4384 imperfecta
1283 4328 1455 4388 sugat.
1506 4319 1632 4376 Haec

30 4401 124 4446 est
155 4394 299 4448 enim
324 4399 565 4465 apposita
593 4400 786 4467 forma,
814 4404 900 4458 cui
941 4421 1167 4476 magnus
1205 4417 1258 4463 et
1286 4425 1485 4478 parvus
1504 4410 1630 4480 jure

32 4483 278 4550 imprimi
318 4488 561 4555 possint:
592 4506 694 4546 nec
737 4501 820 4547 est
861 4494 1121 4552 invidiosa
1163 4498 1320 4569 hujus
1355 4501 1454 4555 viri
1498 4517 1625 4571 per-
1657 4480 1709 4540 Ῐ)

28 4590 196 4638 sona,
233 4591 395 4645 quam
422 4597 520 4650 pro
547 4598 635 4638 me
654 4587 914 4654 agendam
952 4589 1321 4646 mediatricem
1352 4594 1624 4649 introduxi

25 4665 431 4738 qualiscunque
452 4673 642 4727 frater.
669 4675 833 4730 Filius
861 4678 1004 4732 enim
1027 4679 1278 4748 indignus
1307 4697 1425 4738 sum
1451 4685 1625 4740 uomi-

24 4759 186 4824 nari,
224 4775 292 4816 ne
319 4773 497 4819 vestra
534 4781 749 4835 peream
793 4770 1040 4826 scientia.
1074 4773 1270 4830 Fateor
1304 4779 1449 4832 enim
1495 4780 1620 4849 quia

21 4863 89 4901 ea
140 4865 267 4917 qua:
315 4853 494 4909 taliter
533 4857 807 4924 scribitis,
854 4877 961 4916 non
999 4878 1066 4917 ex
1116 4866 1296 4921 radice
1342 4869 1623 4924 charitatis

20 4939 278 5009 intelligo
309 4946 542 5012 prodire,
575 4963 676 5004 nec
701 4965 730 5003 a
777 4952 925 5005 fonte
964 4955 1211 5023 genuina:
1255 4958 1470 5026 pietatis
1507 4975 1620 5013 ma-

21 5044 188 5084 nare.
224 5030 338 5087 Non
368 5036 528 5092 debet
565 5055 662 5109 pro
703 5055 821 5095 mea
864 5045 1089 5100 stultitia
1117 5057 1298 5103 vestra
1333 5050 1503 5108 fucari
1531 5067 1615 5106 sa-

15 5121 253 5189 pientia,
280 5129 398 5194 quia
419 5131 648 5186 stultitia
673 5150 791 5190 mea
813 5134 901 5189 illa
921 5148 1023 5203 est,
1046 5139 1131 5193 cui
1155 5156 1260 5197 non
1283 5154 1364 5199 est
1393 5160 1615 5201 necesse

17 5215 342 5281 responderi
360 5237 372 5271 :
389 5223 685 5279 secundum
710 5241 894 5281 senem
919 5230 1182 5286 elliciatur
1204 5240 1536 5304 respondens
1561 5242 1613 5295 ei

1746 3231 2007 3288 Dominus
2063 3246 2247 3288 noster
2298 3234 2456 3291 Jesus
2503 3236 2783 3303 Christus,
2835 3241 3054 3295 humani
3112 3243 3330 3312 generis

1747 3323 2014 3388 Salvator,
2041 3325 2108 3378 ad
2138 3328 2377 3380 omnium
2403 3328 2770 3396 apostolorum
2795 3329 3026 3386 cilicium
3054 3334 3329 3401 pertinuere

1743 3415 1930 3476 voluit,
1963 3424 2022 3468 ut
2061 3416 2112 3470 in
2147 3417 2459 3473 beatissimo
2489 3418 2649 3474 Petro
2673 3421 3036 3490 apostolorum
3084 3424 3326 3478 omnium

1745 3522 1958 3562 summo
2011 3508 2383 3577 principaliter
2420 3509 2731 3576 collocaret,
2785 3519 2840 3565 et
2885 3512 2955 3567 ab
3005 3513 3120 3584 ipso
3169 3530 3326 3585 quas.

1744 3599 1976 3669 quodam
2023 3600 2199 3669 capite
2228 3601 2366 3656 dona
2399 3617 2496 3656 sua
2521 3602 2682 3657 vellet
2706 3603 2758 3658 in
2792 3619 2988 3673 corpus
3021 3620 3182 3660 omne
3207 3622 3292 3659 ma
3319 3635 3323 3641 ~

1741 3705 1893 3755 nare,
1927 3698 1986 3744 ut
2010 3699 2281 3745 exsortem
2307 3706 2366 3746 se
2390 3693 2630 3764 mysterii
2650 3692 2969 3764 intelligeret
2989 3709 3109 3748 esse
3131 3694 3324 3758 divini,

1742 3779 1835 3848 qui
1864 3793 2027 3834 ausus
2067 3777 2258 3834 fuisset
2288 3796 2319 3834 a
2356 3793 2522 3850 petra:
2549 3781 2818 3838 soliditate
2857 3784 3126 3839 recedere.
3167 3784 3324 3840 Hum.

1739 3870 1882 3925 enim
1929 3871 1981 3925 in
2026 3873 2356 3926 consortium
2393 3873 2680 3929 individua:
2709 3874 2931 3931 unitatis
2960 3886 3295 3946 assumptum

1738 3962 1791 4017 id
1817 3964 1959 4032 quod
1983 3963 2098 4033 ipse
2126 3972 2243 4019 erat
2265 3964 2433 4019 voluit
2454 3966 2718 4021 nominari
2740 3968 2964 4022 dicendo
2991 3986 3004 4022 :
3036 3967 3113 4022 Tu
3136 3987 3189 4024 es
3217 3970 3308 4024 Pr.-

1736 4066 1871 4120 trus,
1895 4065 1943 4108 et
1963 4072 2119 4125 super
2143 4056 2278 4110 hanc
2308 4067 2508 4126 petram
2531 4059 2803 4127 aedificabo
2830 4059 3119 4114 Ecclesium
3148 4079 3318 4118 meam

1735 4147 1950 4218 (Matth.
1975 4148 2110 4218 xvn),
2134 4159 2194 4204 ut
2211 4149 2398 4204 :eterni
2423 4149 2604 4220 templi
2633 4151 2919 4206 aediﬁcatio
2942 4152 3172 4207 mirabili
3203 4171 3319 4208 mu-

1735 4255 1866 4294 nere
1892 4241 2080 4311 gratia:
2119 4240 2235 4305 Dei,
2267 4241 2320 4294 in
2355 4240 2501 4295 Petri
2532 4241 2802 4296 soliditate
2837 4243 3179 4298 consisteret.
3213 4245 3318 4299 Ve-

1734 4348 1855 4386 rum
1907 4332 2048 4386 hanc
2095 4340 2261 4402 petra:
2307 4332 2460 4387 istius
2500 4333 2922 4388 sacratissimam
2973 4333 3320 4400 ﬁrmitatem,

1738 4420 1850 4476 Deo
1872 4431 1930 4474 ut
1952 4421 2186 4476 diximus
2212 4422 2534 4488 :ediﬁcante,
2559 4433 2948 4491 constructam,
2973 4425 3131 4480 nimis
3150 4426 3315 4497 impia

1731 4510 1843 4564 vult
1868 4511 2286 4581 praasumptione
2313 4513 2538 4577 violare,
2569 4514 2813 4585 quisquis
2841 4517 2959 4588 ejus
2996 4526 3319 4586 potestatem

1735 4610 1906 4655 tentat
1940 4601 2256 4673 infringere,
2311 4603 2540 4661 favendo
2567 4606 2953 4675 cupiditatibus
2989 4607 3135 4672 suis,
3174 4619 3228 4664 et
3263 4610 3320 4663 id

1732 4693 1875 4760 quod
1921 4694 2189 4763 accepita
2235 4695 2511 4756 veteribus
2559 4709 2666 4749 non
2705 4701 3004 4768 sequendo,
3037 4711 3160 4750 cum
3190 4698 3322 4752 nulli

1731 4784 2006 4838 subditum
2054 4784 2180 4854 legi,
2234 4787 2396 4841 nullis
2428 4785 2781 4845 institutionis
2817 4789 3118 4847 Dominica:
3149 4791 3326 4844 credit

1729 4873 1930 4945 regulis
1959 4873 2256 4937 contineri,
2278 4890 2316 4932 a
2335 4884 2516 4932 vestro
2541 4885 2834 4950 nostroque
2863 4897 2960 4952 per
2988 4891 3144 4932 nova:
3170 4893 3328 4932 usur-

1726 4963 1964 5031 pationis
1993 4963 2266 5019 ambitum
2301 4980 2457 5025 more
2481 4965 2802 5031 desciscens,
2826 4967 3203 5044 praesumendo
3223 4967 3332 5022 illi-

1723 5056 1855 5123 cita,
1877 5065 1933 5110 et
1954 5071 2076 5127 qua:
2099 5060 2404 5120 custodire
2423 5055 2600 5114 debuit
2623 5060 2964 5135 negligendo.
2988 5059 3191 5114 Verum
3217 5058 3340 5113 haec

1721 5165 1842 5217 nos,
1872 5151 1984 5206 Deo
2013 5162 2073 5206 ut
2124 5150 2431 5214 credimus
2473 5148 2768 5222 aspirante,
2820 5165 3037 5216 servata
3071 5150 3213 5204 circa
3241 5165 3341 5204 vos

1719 5257 1922 5300 nostrae
1977 5243 2282 5301 charitatis
2354 5245 2541 5304 gratia.
2598 5258 2765 5304 quam
2811 5243 3095 5304 sanctitati
3148 5252 3344 5297 vestra!
