3904 5304
525 338 668 408 ίοδτ

1562 351 1890 409 HINCMARI
1931 349 2406 410 LAUDUNENSIS
2443 355 2746 416 EPISCOPI

3663 366 3774 421 1068

535 471 666 526 stris
693 467 935 538 patribus
953 474 1037 521 est
1063 467 1281 531 tradita,
1311 467 1686 536 perduremus,
1711 474 1766 522 et
1786 467 1896 521 Deo
1925 473 2112 520 nostro
2139 470 2188 527 Α
2216 467 2462 524 habitare
2517 473 2573 527 in
2627 474 2804 528 domo.
2845 493 2864 526 ι
2914 474 2981 528 Ει
3031 476 3162 530 item
3191 493 3206 528 :
3247 495 3264 527 ι
3327 475 3630 545 Praeposuit
3657 480 3775 534 enim

533 579 630 633 per
651 562 774 616 boni
797 561 976 631 operis
995 560 1372 622 ministerium,
1394 562 1619 613 remotis
1641 559 2108 628 perturbationum

532 649 799 705 scandalis
831 649 1160 718 placeamus.
1226 667 1244 699 ι
1300 647 1366 702 Ει
1398 647 1451 700 in
1508 655 1684 702 status
1721 646 2111 702 consuetudine

535 752 656 806 quae
699 753 730 791 a
779 737 1024 808 patribus
1073 745 1157 791 est
1185 737 1378 791 tradita
1414 736 1789 805 perdurantes,
1843 743 1952 790 tam
2007 735 2112 790 iste

529 843 695 898 quam
726 843 915 883 omnes
941 828 1023 883 sui
1065 828 1490 896 przedecessores
1523 841 1587 881 ac
1611 841 1960 883 successores
1990 825 2109 896 pla-

527 936 662 976 cere
680 920 1012 991 delegerunt,
1045 920 1137 989 qni
1179 919 1690 989 archiepiscopalem
1723 917 2107 988 praestabilita-

527 1018 646 1068 tem
676 1012 857 1068 debito
904 1011 1106 1066 honore
1151 1011 1420 1065 munerati
1471 1019 1613 1076 sunt,
1645 1019 1711 1064 et'
1749 1008 2108 1080 episcopalem

533 1103 850 1175 dignitatem
897 1111 1021 1172 apta
1071 1102 1426 1158 aedificatione
1470 1108 1913 1170 composuerunt,
1949 1110 2004 1155 et
2052 1100 2108 1154 in

525 1201 807 1248 structura
823 1192 1016 1247 domus
1038 1192 1249 1247 Domini
1278 1200 1426 1246 tanta
1449 1191 1733 1246 altitudine
1755 1190 2105 1255 collocarunt,

529 1299 602 1341 ne
630 1287 699 1342 ab
729 1286 1095 1357 improborum
1144 1285 1420 1340 hominum
1471 1283 1671 1354 jaculis
1727 1283 1932 1338 viribus
1984 1283 2108 1338 ullis

525 1377 736 1448 possint
781 1377 979 1434 collidi.
1026 1375 1193 1431 Omne
1241 1392 1456 1446 regnum
1509 1376 1563 1429 in
1589 1376 1813 1444 seipsum
1858 1375 2104 1440 divisum,

528 1467 605 1522 ait
656 1467 937 1530 Dominus,
985 1465 1307 1520 desolabitur
1354 1465 1566 1535 (Matth.
1622 1467 1741 1534 xu).
1813 1464 1929 1520 Non
1964 1467 2106 1520 istud

522 1570 753 1626 regnum
783 1555 940 1610 debet
969 1554 1153 1619 dividi,
1186 1555 1238 1609 in
1269 1555 1466 1625 quibus
1491 1562 1576 1609 est
1597 1569 1691 1609 cor
1718 1569 1883 1608 unum
1907 1563 1964 1610 et
1989 1555 2107 1609 ani-

528 1659 618 1700 ma
644 1661 748 1699 una
775 1645 827 1698 in
853 1659 963 1700 uno
987 1643 1202 1714 spiritu.

600 1733 708 1790 Sed
778 1734 1146 1802 nunqu‘idnam
1210 1748 1316 1787 non
1375 1734 1612 1803 aperiam
1687 1733 1904 1788 domino
1984 1748 2104 1788 meo

2212 559 2502 628 Apostolus
2521 563 3054 634 charitatemlinguis
3071 565 3354 620 hominum
3385 573 3442 618 et
3463 566 3773 636 angelorum,

2212 650 2803 719 prteposuitmiracnlis
2848 652 2988 718 fidei,
3023 654 3319 724 prieposuit
3339 654 3588 708 scientia:
3605 665 3662 707 et
3678 670 3776 724 pro.
3868 650 3869 716 Ξ

2211 737 2426 806 phetiae,
2460 741 2752 808 praeposuit
2795 742 2956 795 etiam
3008 742 3153 797 illam
3177 757 3379 811 magno
3399 744 3558 812 operi
3591 745 3775 797 miseri-

2211 827 2432 891 cordize,
2479 843 2586 896 quo
2633 844 2728 884 sua
2773 845 2894 899 quae
2941 832 3181 901 possidet
3234 832 3522 886 distribuit
3579 834 3776 902 quisque

2210 919 2570 988 pauperibus;
2600 928 2654 974 et
2684 921 2752 974 ad
2799 931 3102 977 extremum
3147 923 3452 994 praeposuit
3481 924 3646 978 etiam
3685 940 3775 980 oor-

2210 1012 2357 1082 poris
2376 1013 2716 1082 passionibus
2734 1014 2984 1068 omnibus
3014 1014 3065 1085 (1
3095 1012 3221 1070 Cor.
3257 1017 3404 1085 xm).
3435 1016 3573 1070 Tam
3597 1021 3776 1087 magnis
3868 1043 3869 1054 ἢ

2211 1103 2370 1158 rebus
2403 1104 2692 1172 praposuit
2719 1104 3036 1160 charitatem
3070 1120 3085 1158 :
3116 1105 3292 1176 ipsam
3337 1107 3563 1170 habeto,
3603 1119 3658 1162 et
3679 1125 3775 1162 cun-

2209 1203 2293 1247 cta
2326 1192 2569 1259 habebis,
2603 1193 2727 1262 quia
2753 1192 2870 1248 sine
2899 1194 2987 1249 illa
3021 1195 3157 1249 nihil
3183 1197 3433 1265 proderit
3483 1198 3534 1252 si
3563 1199 3690 1266 quid
3709 1200 3776 1253 ha-

2207 1282 2336 1338 bere
2364 1282 2584 1352 poteris.
2613 1301 2633 1335 ι
2669 1283 2738 1337 Et
2761 1283 2888 1338 item
2921 1298 2937 1338 :
2970 1303 2987 1334 ι
3023 1284 3194 1352 Quale
3217 1286 3423 1340 bonum
3450 1296 3541 1341 est
3565 1291 3774 1344 charita

2208 1373 2330 1437 ista,
2361 1373 2594 1432 fratres?
2613 1374 2743 1443 quid
2767 1375 3056 1444 pretiosius
3077 1376 3102 1430 ?
3123 1375 3254 1446 quid
3281 1376 3651 1433 luminosius?
3670 1381 3774 1449 quid

2207 1462 2457 1519 firmius?
2479 1463 2611 1534 quid
2650 1463 2871 1519 utilius?
2896 1465 3026 1536 quid
3050 1467 3337 1521 securius?
3359 1466 3536 1521 Multa
3559 1478 3681 1522 sunt
3701 1469 3772 1523 Dei

2207 1555 2365 1622 dona;
2392 1571 2513 1626 qua:
2560 1565 2738 1612 tamen
2783 1557 2981 1614 habent
3009 1568 3064 1615 et
3091 1559 3241 1614 multi
3277 1561 3375 1629 qui
3406 1561 3610 1616 dicturi
3630 1573 3773 1617 sunt:
3868 1555 3869 1629 ξ

2206 1647 2446 1711 Domine,
2471 1649 2527 1703 in
2551 1649 2761 1704 nomine
2789 1659 2881 1704 tuo
2907 1652 3352 1720 praphetavimus,
3377 1653 3439 1704 in
3478 1654 3688 1706 nomine
3706 1664 3774 1708 m

2207 1737 2468 1792 dwmonia
2496 1737 2766 1808 ejecimus,
2791 1739 2848 1792 in
2883 1740 3089 1794 nomine
3117 1749 3209 1794 tuo
3239 1741 3468 1794 virtutes
3511 1743 3700 1795 manu:
3721 1743 3776 1811 {e-

527 1826 672 1896 quod
693 1840 811 1880 mea
839 1825 1016 1880 adhuc
1034 1824 1267 1879 volvitur
1291 1825 1506 1880 mente?
1527 1824 1739 1892 Quanto
1765 1825 1937 1895 major
1963 1827 2106 1896 apud
2134 1808 2182 1870 B
2209 1825 2374 1879 cimus
2404 1825 2619 1896 (Matth.
2642 1824 2762 1896 vn).
2787 1824 2904 1880 Non
2927 1827 3217 1897 respondet
3244 1827 3360 1893 ille,
3392 1826 3518 1883 Non
3551 1808 3771 1885 fedstiS:

527 1917 816 2008 saeculares
843 1915 1168 1987 praedicatur
1197 1915 1491 1985 apostolica
1514 1923 1778 1985 potestas,
1809 1924 1958 1970 tanto
1987 1931 2104 1970 ma-

525 2009 610 2080 gis
631 2005 772 2080 apud
812 2008 958 2076 ipsos
985 2016 1108 2076 post
1139 2006 1283 2060 illam
1314 2005 1642 2077 praevalebat
1669 2005 2106 2074 archiepiscopa-

501 2102 596 2160 lis
614 2100 927 2157 auctoritas.
957 2099 1139 2155 Honor
1166 2099 1310 2154 enim
1334 2098 1532 2154 subditi
1557 2105 1796 2168 potestas
1812 2106 1895 2153 est
1915 2099 2105 2168 prazla-

525 2197 566 2252 ti
595 2213 610 2250 :
639 2194 893 2264 quoniam
939 2192 985 2247 si
1036 2191 1355 2246 humiliatur
1385 2190 1672 2260 praelatus,
1702 2190 2009 2259 quicunque
2052 2189 2105 2245 ei

525 2291 866 2355 subduntur,
922 2305 988 2344 ex
1029 2289 1197 2360 ipsius
1250 2286 1669 2342 diminoratione
1715 2293 2106 2354 consequenter

501 2391 896 2440 .attenuantur.
941 2381 1031 2436 Sic
1075 2389 1131 2435 et
1163 2378 1482 2449 episcopalis
1521 2376 1732 2431 vilescit
1777 2375 2028 2446 dignitas,
2059 2373 2104 2428 si

497 2471 1018 2544 .Arehiepiscopalis
1050 2486 1157 2525 non
1185 2470 1468 2530 roboretur
1506 2464 1907 2536 prwstabilitas.
1940 2464 2005 2518 Et
2032 2463 2106 2518 di-

525 2581 644 2622 cam
675 2565 884 2628 adhuc,
913 2561 1178 2625 Domine,
1221 2560 1394 2615 dicam
1450 2575 1464 2612 :
1522 2555 1902 2624 Nunquidnam
1945 2553 2104 2607 alicui

493 2655 1052 2725 archiepiscoporum
1077 2652 1183 2706 erit
1215 2650 1500 2705 dicendum
1525 2664 1629 2702 non
1657 2647 1845 2701 valere
1873 2645 1955 2700 sui
1985 2660 2106 2699 coe-

500 2745 726 2818 :piscopi
767 2740 1428 2801 excommunicationem?
1478 2738 1630 2794 Unde
1659 2737 1814 2806 plura
1855 2735 2106 2805 superius

493 2835 774 2906 sexplicui,
797 2835 890 2891 sed
906 2848 1070 2888 unum
1097 2831 1366 2899 adjiciam.
1388 2827 1638 2898 Nunquid
1673 2843 1778 2882 non
1799 2826 2103 2896 coepiscopi

519 2927 770 2981 eumdem
793 2923 1040 2979 ordinant
1065 2919 1570 2989 archiepiscopum?
1599 2917 1848 2986 Nunquid
1873 2917 2103 2970 aliorum

509 3015 808 3070 verborum
837 3011 1142 3069 benedictio
1186 3008 1662 3080 archiepiscopalis
1688 3023 1851 3077 quam
1893 3006 2103 3076 episco-

496 3106 664 3178 gpalis
685 3104 1056 3174 componitur?
1085 3101 1334 3171 Nunquid
1351 3117 1457 3158 non
1477 3097 1870 3155 benedictionis
1891 3111 2099 3152 summa

505 3198 778 3268 episcopo
799 3209 1022 3250 munere
1041 3193 1224 3247 divino
1249 3191 1515 3262 largitur?
1550 3190 1632 3244 An
1654 3189 1796 3244 valet
1817 3189 2101 3258 episcopus

525 3288 595 3346 a'b
615 3287 1020 3358 archiepiscopo
1049 3285 1165 3341 solo
1187 3283 1451 3348 ordinari,
1482 3291 1543 3336 ut
1566 3283 1633 3337 ab
1662 3286 1728 3336 eo'
1757 3280 1871 3334 solo
1911 3279 2104 3334 merito

523 3381 717 3437 debeat
757 3381 823 3435 de
866 3379 978 3434 suis
1019 3374 1531 3446 judiciisjudicari?
1571 3372 1703 3426 Nam
1747 3369 2103 3441 Symmachus

501 3487 661 3542 .gpapa
701 3479 928 3525 testatur
951 3469 1123 3538 (epist.
1149 3468 1173 3522 1
1205 3467 1273 3520 ad
1303 3465 1524 3536 diem):
1559 3484 1577 3516 ι
1606 3463 1688 3518 Ad
1717 3461 1998 3515 Trinitatis
2019 3460 2103 3514 in-

524 3578 670 3633 star,
705 3567 858 3636 cujus
881 3579 988 3620 una
1012 3572 1095 3618 est
1130 3571 1290 3631 atque
1314 3560 1586 3616 individua
1615 3566 1888 3628 potestas,
1936 3571 2102 3610 unum

521 3675 640 3715 esse
664 3674 762 3730 per
801 3658 1042 3712 diversos
1076 3655 1349 3709 antistites
1383 3651 1763 3713 sacerdotium,
1794 3669 1812 3702 ι
1853 3663 1953 3704 nec
1981 3665 2106 3702 san-

526 3753 668 3810 ctius
694 3752 746 3806 in
789 3748 959 3818 justo,
1003 3762 1104 3802 nec
1128 3747 1307 3801 minus
1329 3746 1382 3799 in
1426 3753 1729 3815 peccatore.
1755 3741 1898 3795 Sane
1925 3751 2104 3795 tamen

505 3842 801 3912 provisum
845 3848 929 3895 est
970 3853 1038 3892 ne
1076 3852 1264 3891 omnes
1296 3836 1475 3890 omnia
1520 3834 1622 3888 sibi
1650 3833 2018 3894 vindicarent;
2051 3829 2122 3885 et'

525 3931 648 3986 ideo
699 3931 894 3984 adsunt
936 3929 988 3982 in
1019 3926 1244 3997 singulis
1295 3924 1608 3996 provinciis,
1667 3937 1895 3992 quorum
1963 3921 2106 3976 inter

513 4022 720 4076 fratres
764 4021 1027 4075 habeatur
1055 4019 1228 4087 prima
1267 4015 1555 4080 sententia,
1587 4014 1782 4083 quibus
1805 4013 1850 4067 si
1875 4011 2104 4082 dignitas

510 4112 829 4170 communis
880 4127 986 4166 non
1047 4118 1162 4176 est,
1217 4109 1351 4165 ordo
1390 4117 1568 4163 tamen
1608 4106 1849 4177 ejusdem
1891 4103 2105 4173 generis

439 4275 444 4280 .
506 4213 644 4262 Aest:
672 4205 814 4260 unde
857 4211 913 4256 et
956 4200 1224 4273 generalis
1266 4207 1369 4255 est.
1414 4198 1484 4252 At
1517 4212 1636 4261 vos,
1670 4195 1885 4252 domine
1929 4203 2103 4264 pater,

508 4309 710 4360 custos
737 4297 871 4355 estis
896 4297 1101 4366 positus
1131 4294 1185 4350 in
1206 4293 1398 4347 vineis.
1426 4291 1652 4345 Vineam
1680 4295 1917 4342 vestram
1941 4286 2106 4340 nolite

523 4406 635 4448 non
677 4387 971 4454 custodire,
1013 4391 1318 4457 quaerentes
1342 4395 1466 4452 qua:
1491 4387 1672 4434 vestra
1695 4385 1841 4442 sunt,
1870 4376 1964 4431 sed
1987 4391 2107 4444 qua:

2126 3147 2176 3212 C

2207 1930 2312 1971 non
2346 1915 2490 1971 enim
2524 1915 2577 1970 in
2621 1924 2912 1986 conspectu
2945 1918 3077 1971 tanti
3125 1918 3332 1993 judicis
3372 1919 3604 1974 mentiri
3647 1922 3775 1974 aude

2205 2007 2361 2074 bunt,
2395 2018 2489 2062 aut
2511 2008 2719 2078 jactare
2743 2024 2862 2078 qua:
2891 2024 2997 2064 non
3026 2009 3312 2076 fecerunt;
3339 2012 3443 2066 sed
3479 2013 3608 2081 quia
3627 2014 3772 2067 chari-

2205 2105 2371 2151 tatcm
2412 2112 2518 2151 non
2548 2098 2855 2163 habuerint,
2887 2099 3176 2170 respondet
3211 2101 3482 2157 omnibus
3504 2103 3648 2158 illis:
3677 2102 3770 2156 Nan

2207 2188 2322 2242 novi
2351 2203 2457 2242 vos.
2489 2186 2678 2258 (lbid.)
2711 2188 2990 2254 Quomodo
3030 2201 3215 2245 autem
3242 2190 3422 2246 habet
3441 2192 3532 2246 vel
3558 2196 3769 2262 exiguam

2205 2277 2551 2342 charitatem,
2593 2278 2686 2348 qui
2719 2279 2882 2334 etiam
2915 2283 3197 2337 convictus
3228 2298 3343 2337 non
3396 2295 3553 2338 amat
3579 2285 3769 2339 charita-

2207 2369 2356 2422 tem?
2391 2387 2410 2419 ›
2445 2367 2514 2423 Ει
2537 2369 2666 2424 item
2711 2387 2722 2422 :
2761 2388 2781 2421 ς
2814 2368 3039 2439 Oportet
3091 2373 3282 2442 itaque
3315 2373 3486 2428 nobis
3515 2375 3605 2444 qui
3625 2375 3769 2428 chari-

2206 2466 2370 2513 tatem
2398 2459 2665 2530 integram
2692 2461 2964 2516 custodire
3005 2462 3279 2530 cupimus,
3311 2473 3378 2517 ut
3421 2464 3528 2532 ipsi
3557 2464 3771 2518 claritati

2205 2563 2325 2616 quae
2349 2548 2491 2603 Deus
2513 2558 2598 2604 est
2624 2550 2677 2603 in
2703 2551 2860 2606 nobis
2880 2550 3080 2606 nullam
3105 2552 3372 2622 injuriam
3417 2553 3694 2617 faciams,
3717 2555 3769 2606 ti-

2205 2654 2415 2699 mentes
2457 2645 2585 2699 illud
2613 2647 2755 2714 quod
2793 2646 3052 2715 scriptum
3079 2657 3184 2711 est,
3217 2646 3468 2718 Spiritus
3500 2660 3696 2702 sanctus
3709 2648 3771 2700 di-

2203 2735 2439 2804 sciplina:
2462 2737 2675 2806 effugiet
2699 2739 2879 2806 ﬁctum
2907 2737 3057 2810 (Sep.
3100 2738 3162 2809 ι).
3206 2758 3226 2792 ι
3262 2738 3340 2794 Ει
3366 2740 3550 2794 item:
3585 2759 3604 2792 ι
3630 2739 3770 2806 Quae

2205 2842 2326 2882 cum
2368 2827 2570 2883 habere
2595 2829 2758 2885 homo
2778 2831 3024 2900 coeperit,
3066 2829 3340 2901 Spiritum
3371 2843 3625 2889 sanctum
3645 2835 3772 2887 habe-

2205 2917 2285 2972 bit
2316 2935 2328 2971 :
2354 2933 2514 2986 quam
2539 2918 2585 2972 si
2615 2934 2723 2974 non
2755 2921 3029 2985 habuerit,
3057 2921 3178 2975 sine
3211 2920 3438 2992 Spiritu
3471 2933 3648 2978 sancto
3667 2922 3766 2976 erit.

2206 3009 2272 3062 Et
2320 3009 2590 3078 quomodo
2635 3024 2830 3081 corpus
2875 3020 3047 3076 tuum,
3095 3011 3216 3066 sine
3267 3013 3484 3083 spiritu
3509 3013 3701 3083 quidem
3731 3011 3768 3065 si

2205 3095 2389 3162 fuerit,
2420 3106 2690 3153 mortuum
2717 3109 2831 3154 cst:
2856 3099 2934 3154 sic
2962 3101 3141 3154 anima
3169 3108 3263 3155 tua
3292 3101 3426 3156 sine
3453 3102 3653 3171 Spiritu
3676 3115 3768 3154 saa-

2205 3197 2314 3250 cto,
2347 3189 2398 3242 id
2422 3197 2506 3244 est
2534 3189 2650 3244 sine
2695 3190 2958 3246 charitate
2989 3191 3032 3244 si
3063 3190 3251 3254 fuerit,
3309 3204 3541 3247 mortua
3590 3194 3764 3262 deputa-

2204 3281 2369 3336 bitur.
2401 3299 2422 3333 ι
2449 3281 2515 3336 Ει
2535 3281 2664 3336 item
2695 3301 2708 3336 :
2747 3299 2765 3332 ι
2807 3281 2965 3338 Istius
2989 3275 3467 3353 ergo'charitatis
3488 3285 3765 3354 magnitudi

2204 3389 2349 3441 nem,
2389 3375 2516 3444 quia
2555 3375 2812 3429 nimirum
2841 3375 3100 3429 divinitus
3122 3391 3223 3445 per
3252 3375 3538 3446 Spiritum
3561 3387 3763 3432 sancta-

2205 3466 2522 3522 dill‘unditur
2546 3466 2600 3520 in
2625 3465 2879 3520 cordibus
2899 3465 3118 3528 nostris,
3146 3466 3239 3534 qui
3262 3482 3394 3520 cum
3425 3477 3586 3536 patre
3605 3478 3654 3521 et
3671 3479 3764 3520 can

2205 3558 2302 3612 Dei
2332 3555 2600 3626 adjutorio
2635 3555 2867 3612 voluerit
2901 3556 3124 3619 habere,
3153 3558 3296 3612 sicut
3319 3556 3446 3626 jam
3472 3559 3667 3613 dictum
3685 3567 3765 3615 est.

2204 3649 2410 3704 nullum
2434 3649 2487 3702 in
2509 3664 2574 3703 eo
2599 3648 2787 3703 vitium
2811 3647 3008 3718 poterit
3027 3648 3321 3703 dominari.
3351 3649 3426 3703 Et
3447 3661 3765 3711 νεῖαι-ικαὶ

2204 3739 2320 3810 ipsa
2372 3737 2613 3793 charitas
2663 3736 2807 3792 Deus
2854 3738 2925 3792 sit
2960 3736 3012 3808 (1
3063 3737 3226 3791 Joan.
3278 3737 3384 3808 Iv),
3412 3739 3562 3807 quod
3600 3736 3766 3793 malm

2204 3828 2500 3898 praevalere
2531 3836 2718 3883 contra
2744 3828 3016 3882 hominem
3047 3829 3272 3897 poterit,
3316 3829 3373 3882 in
3403 3844 3518 3897 quo
3561 3829 3769 3882 cbaritas

2206 3922 2348 3976 Deus
2365 3919 2721 3975 habitaverit?
2749 3939 2768 3972 ι
2797 3920 2864 3974 Et
2885 3920 3045 3974 item:
3075 3937 3093 3970 ‹
3121 3919 3246 3989 Ipsa
3272 3929 3361 3975 est
3382 3923 3562 3975 virtus
3589 3931 3764 3977 ηοευι,

2205 4013 2331 4082 quia
2359 4013 2404 4066 si
2445 4012 2496 4066 in
2531 4011 2620 4064 illa
2645 4027 2750 4065 non
2779 4010 3060 4075 fuerimus,
3091 4011 3230 4064 nihil
3264 4012 3499 4080 prodest
3535 4009 3765 4081 quidquid

2205 4105 2348 4160 aliud
2377 4103 2742 4159 habuerimus.
2781 4122 2799 4155 ι
2827 4102 2896 4156 Ει
2919 4102 3047 4156 item
3081 4120 3095 4155 :
3130 4120 3150 4153 ε
3198 4101 3538 4156 Excellentia
3568 4115 3767 4169 naqu

2205 4195 2487 4251 charitatis
2516 4197 2588 4248 ita
2628 4203 2804 4250 estex
2848 4193 2981 4258 Deo,
3012 4201 3074 4247 ut
3101 4194 3219 4264 ipsa
3271 4193 3346 4248 sit
3381 4193 3548 4248 Deus.
3580 4192 3764 4246 Nullan

2205 4294 2289 4341 est
2315 4285 2420 4339 isto
2443 4284 2536 4338 Dei
2569 4285 2708 4338 dono
2751 4282 3118 4338 excellentius.
3147 4280 3337 4337 Solum
3379 4292 3468 4337 est
3489 4284 3633 4350 quod
3659 4281 3764 4333 divi-

2207 4378 2283 4433 dit
2327 4377 2470 4430 inter
2515 4375 2656 4431 filios
2711 4373 2859 4445 regni
2917 4373 3131 4439 aeterni,
3186 4381 3246 4428 et
3291 4372 3433 4428 filios
3475 4373 3764 4444 perditioni

509 4451 965 4551 coepiicoporunl
1017 4451 1345 4535 {'esll‘orum.
1366 4451 1652 4525 memores
1702 4467 1940 4536 optantis
1985 4465 2100 4520 fieri
2128 4495 2182 4555 Β
2207 4477 2440 4523 aeternae.
2465 4466 2673 4521 Dantur
2690 4474 2745 4520 et
2761 4463 2861 4518 alia
2875 4451 2972 4534 per
2987 4462 3250 4533 Spiritum
3273 4479 3532 4528 munera;
3555 4465 3649 4518 sed
3669 4462 3766 4516 sin

520 4572 813 4628 anathema
839 4583 937 4640 pro
972 4566 1199 4621 fratrum
1243 4563 1413 4620 salute
1440 4559 1618 4633 (Rom.
1649 4559 1748 4629 ιχ).
1780 4558 1890 4614 Cur
1918 4557 2098 4628 igitur.

521 4679 650 4722 cum
680 4663 784 4719 sim
831 4661 1004 4732 pulvis
1049 4669 1104 4714 et
1128 4658 1287 4723 cinis,
1322 4655 1475 4711 vobis
1495 4653 1694 4722 templo
1720 4653 1813 4708 Dei
1851 4651 1958 4707 vivi
1986 4653 2102 4706 haec

522 4755 723 4812 mutire
773 4749 1078 4824 praesumo?
1117 4747 1276 4804 Certe
1302 4761 1402 4817 pro
1441 4743 1624 4808 debita
1654 4742 1956 4805 devotione,
1993 4757 2099 4795 non

518 4862 624 4919 pro
651 4846 813 4916 digna
847 4844 916 4899 ad
946 4840 1367 4912 magnitudinem
1387 4847 1622 4892 vestram
1654 4833 1908 4898 dictione,
1934 4834 2102 4903 impe-

524 4939 664 4984 rilmt
694 4936 940 4984 scientia.
969 4935 1062 4984 sed
1097 4933 1164 4984 de
1212 4930 1492 4984 inscientia
1545 4927 1800 4981 m"velatus
1846 4925 2100 4980 mellilluo

2207 4559 2472 4614 charitate
2499 4571 2599 4626 pro
2625 4555 2792 4610 nihilo
2837 4562 2982 4610 sunt.
3029 4553 3148 4609 Nisi
3174 4568 3310 4626 ergo
3346 4564 3558 4609 tantum
3597 4555 3766 4623 imper-

2211 4651 2374 4704 tiatur
2393 4649 2589 4717 cuique
2620 4646 2855 4716 Spiritus
2881 4655 3122 4709 sanctus,
3168 4655 3230 4700 ut
3260 4661 3386 4701 eum
3414 4646 3512 4700 Dei
3533 4656 3588 4701 et
3610 4644 3767 4716 proxi-

2206 4747 2281 4800 mi
2317 4745 2483 4799 l‘aciat
2512 4751 2828 4806 amatorem,
2851 4756 2882 4795 a
2905 4739 3128 4796 sinistra
3154 4755 3262 4794 non
3289 4742 3489 4794 transit
3513 4740 3580 4794 ad
3606 4744 3764 4794 date

2207 4853 2348 4902 ram,
2365 4851 2465 4890 nec
2489 4833 2726 4905 Spiritus
2745 4833 2961 4904 proprie
2982 4831 3182 4886 dicitur
3199 4831 3423 4894 donum,
3445 4831 3548 4884 nisi
3570 4840 3764 4899 propter

2207 4927 2574 4984 dilectionem.
2613 4938 2775 4984 quam
2813 4923 2904 4984 qui
2933 4937 3037 4976 non
3068 4921 3342 4983 habuerit,
3376 4922 3420 4975 si
3455 4920 3647 4984 linguis
3687 4920 3765 4971 be-
