3904 5304
104 381 262 438 1069--

1233 374 1598 435 ΟΡυερῑιΑ
1635 373 1721 427 ΕΤ
1759 372 2136 430 EPISTOLAE.

3204 369 3344 426 1070

169 493 309 550 Mulli
335 499 616 548 auctorum
637 505 704 547 ex
727 493 829 548 hac
843 491 1008 547 multa
1033 491 1356 561 loquuntur;
1388 488 1483 544 sed
1510 488 1665 542 istius
1693 489 1740 548 Λ
1769 501 1954 555 peram
1984 486 2116 550 dixi,
2141 484 2334 540 fortius
2368 483 2471 554 fige
2497 482 2686 553 pedem
2712 497 2726 535 :
2762 497 2866 536 non
2894 481 3023 536 mihi
3049 497 3168 537 esse
3189 483 3348 538 debet

95 584 249 638 unius
275 580 680 636 deflorationem
711 583 844 637 mihi
868 582 1084 637 odorari
1107 579 1338 636 suffecit.
1362 579 1528 649 Cujus
1548 587 1665 632 tan-

97 683 166 731 tae
195 673 474 744 probitatis
499 674 602 728 viri
655 673 1017 728 emolumenta
1068 687 1177 726 non
1229 669 1546 726 ostentando
1572 670 1668 724 lla-

93 763 312 833 grantiae
364 773 559 816 vestra:
603 763 849 832 apposui,
877 762 972 816 sed
1008 747 1326 815 mediatoris
1367 757 1542 814 oﬂicio
1569 774 1666 828 pa-

96 863 254 909 ternae
274 850 574 908 affectionis
591 867 656 906 ac
681 852 860 906 filialis
881 867 1034 922 teque
1048 851 1351 906 devotionis
1378 849 1664 918 assumpsi.

96 945 247 1001 Unde
269 953 322 999 et
342 944 586 1013 ejusdem
616 944 782 998 verba
811 944 875 998 ad
904 951 1147 999 sanctum
1173 943 1382 1012 prolata
1407 941 1668 1012 llierony-

96 1051 258 1100 mum,
311 1050 430 1104 quae
462 1049 557 1098 vos
586 1049 692 1088 non
721 1048 980 1105 spernere
1008 1033 1240 1098 confido,
1273 1049 1372 1103 pro
1405 1048 1490 1086 me
1515 1031 1670 1086 vobis

91 1126 365 1181 suadentia
399 1142 556 1197 pono,
597 1127 892 1198 inquientis
927 1129 1098 1199 (epist.
1124 1126 1214 1198 75)
1250 1145 1264 1181 :
1299 1146 1317 1178 ι
1347 1125 1455 1181 Cur
1488 1126 1669 1194 itaque

90 1230 257 1271 conor
278 1227 464 1272 contra
483 1217 719 1273 fluminis
743 1227 1002 1283 tractum,
1034 1234 1098 1274 ac
1120 1234 1227 1274 non
1257 1217 1434 1287 potius
1459 1216 1668 1270 veniam

89 1308 256 1377 peto?
279 1306 518 1364 Obsecro
565 1324 694 1379 ergo
717 1317 768 1364 te
796 1325 894 1380 per
936 1310 1406 1365 mansuetudinem
1445 1307 1668 1372 Christi,

89 1405 156 1449 ut
183 1395 225 1450 si
245 1395 354 1450 lzesi
384 1404 457 1461 te,
481 1396 723 1452 dimittas
745 1398 901 1463 mihi,
926 1413 1028 1453 nec
1050 1412 1136 1453 me
1158 1397 1396 1452 vicissim
1429 1395 1672 1450 laedendo

90 1486 289 1542 malum
312 1503 411 1558 pro
439 1489 580 1544 malo
612 1489 830 1546 reddas.
859 1489 1045 1545 Laidos
1076 1500 1255 1556 autem
1305 1505 1414 1555 me,
1447 1488 1491 1543 si
1534 1486 1667 1542 mihi

91 1579 324 1633 tacueris
367 1593 611 1634 errorem
663 1594 864 1644 meum,
917 1595 1079 1649 quem
1129 1578 1269 1634 forte
1311 1578 1582 1633 inveneris
1618 1577 1670 1630 in

87 1666 248 1722 factis
268 1666 351 1722 vel
374 1667 532 1722 dictis
561 1667 715 1722 meis.
744 1667 880 1721 Nam
910 1668 955 1722 si
981 1682 1046 1722 ea
1076 1667 1130 1722 in
1150 1682 1238 1722 me
1257 1664 1673 1737 reprehenderis

87 1769 214 1823 qua:
245 1755 690 1824 reprehendenda
718 1771 827 1812 non
856 1764 1003 1823 sunt,
1038 1765 1090 1811 te
1119 1756 1269 1812 laedis
1307 1755 1482 1827 magis
1511 1769 1672 1824 quam
1699 1755 1706 1760 ’

1772 576 2054 632 molestum
2079 577 2285 645 pon'dus
2312 575 2486 630 aetatis
2522 584 2654 638 tuae,
2678 572 2970 629 dummodo
2997 581 3350 630 conterantur

1770 669 1936 738 palea:
1979 670 2150 740 culpae
2190 684 2339 724 meae.
2379 690 2398 721 ι
2430 669 2496 724 Et
2525 669 2604 723 sic
2628 667 2776 722 addit
2800 666 2991 739 j(ibid.)
3019 686 3032 721 :
3063 687 3080 718 ι
3113 667 3348 724 Proinde

1772 760 1900 816 illud
1913 763 2054 830 quod
2075 762 2126 816 in
2142 770 2385 818 extremo
2397 761 2636 830 epistola:
2651 769 2754 814 tuae
2767 759 3015 830 posuisti,
3032 775 3156 815 cum
3170 763 3352 832 magni

1770 850 2024 907 desiderii
2047 853 2282 922 suspirio
2303 851 2385 908 vel
2407 851 2544 922 lego,
2565 850 2648 906 vel
2670 850 2864 908 recolo.
2884 849 3121 916 Utinam,
3147 851 3354 922 inquis,

1771 958 2106 998 mereremur
2132 943 2443 1014 complexus
2468 952 2610 1005 tuos,
2643 951 2698 996 et
2723 941 3007 998 collatione
3035 951 3222 998 mutua
3268 945 3356 999 vel

1772 1033 2090 1088 doceremus
2112 1033 2312 1102 aliqua,
2336 1033 2422 1088 vel
2441 1032 2807 1088 disceremus!
2835 1031 2902 1087 Et
2919 1047 3019 1102 ego
3041 1032 3162 1088 dico
3189 1049 3203 1063 ο
3234 1031 3357 1088 Uti-

1774 1139 1896 1178 nam
1920 1137 2132 1178 merear
2153 1122 2266 1192 jam
2289 1123 2509 1194 jamque
2535 1122 2880 1193 paternitatis
2907 1133 3103 1179 vestra:
3137 1131 3352 1193 optatos

1774 1213 1949 1283 magis
1972 1214 2083 1268 vita
2103 1213 2435 1284 complexus,
2459 1222 2514 1268 et
2529 1213 2812 1270 collatione
2841 1223 3028 1268 mutua
3064 1213 3352 1269 dulcedine

1773 1304 2120 1376 paternitatis
2165 1304 2400 1360 delibuta
2443 1303 2684 1375 perfrui!
2731 1305 2799 1360 Et
2840 1305 3048 1360 utinam
3081 1319 3294 1361 merear
3323 1320 3357 1358 a

1773 1396 1928 1452 vobis
1955 1396 2084 1451 mihi
2109 1395 2430 1466 expedibilia
2459 1395 2686 1460 discere,
2719 1410 2878 1465 quem
2905 1396 3017 1451 scio
3043 1409 3200 1466 posse
3223 1393 3359 1450 mihi

1773 1490 1954 1546 omnia
1997 1503 2226 1558 quaeque
2269 1489 2576 1544 necessaria
2617 1490 2878 1543 exerere!
2920 1487 3055 1542 Nam
3081 1488 3196 1544 scio
3219 1502 3360 1542 nun-

1775 1598 1936 1653 quam
1968 1598 2055 1637 me
2087 1584 2153 1635 ad
2176 1582 2635 1651 comparationem
2663 1581 2829 1636 vestri
2859 1580 3085 1636 scientia
3112 1579 3361 1648 Scriptu-

1777 1688 1958 1726 rarum
1982 1685 2143 1740 posse
2167 1669 2369 1725 erudiri
2394 1710 2410 1735 ,
2461 1669 2674 1724 etiamsi
2713 1683 2904 1724 omnes
2932 1668 3050 1724 dies
3070 1668 3195 1722 vitae
3223 1682 3361 1722 mea)

1777 1763 1845 1818 ad
1893 1762 1997 1816 hoc
2042 1760 2280 1815 studium
2319 1767 2566 1816 vacasset
2600 1759 2813 1814 ascisci.
2856 1757 3008 1814 Unde
3027 1758 3060 1793 "
3081 1759 3113 1792 "
3131 1758 3208 1793 ’H‘
3223 1758 3257 1793 ’0‘
3275 1759 3308 1792 ¥
3328 1757 3362 1790 ¥

87 1846 222 1902 me‘:
257 1847 400 1916 quod
435 1849 577 1903 absit
616 1849 916 1904 amoribus
947 1857 1006 1903 et
1033 1857 1221 1905 sancto
1249 1849 1526 1919 proposito
1555 1855 1665 1910 tuo,
1700 1853 1748 1914 Β
1777 1861 2021 1922 optarem
2049 1850 2236 1914 scribi,
2285 1864 2407 1920 quas
2451 1848 2520 1904 ad
2565 1848 2848 1920 legendum
2886 1846 3064 1903 forent
3106 1845 3365 1917 parvitati

86 1946 154 1992 ut
176 1938 276 1994 hoc
316 1939 480 1996 facias
527 1939 804 1995 voluntate
848 1939 1344 2010 laedendi,culpans
1383 1940 1436 1994 in
1465 1954 1555 1994 me
1585 1938 1676 1992 ali-

84 2027 220 2097 quid
243 2029 403 2084 dente
442 2029 726 2094 maledico,
751 2030 896 2099 quod
923 2037 1106 2084 mente
1143 2029 1382 2084 veridica
1428 2029 1536 2085 scis
1566 2044 1674 2083 non

81 2133 213 2174 esse
235 2118 577 2189 culpandum.
609 2120 688 2176 Ac
716 2135 815 2190 per
843 2121 946 2176 hoc
974 2131 1069 2174 aut
1101 2120 1363 2177 benevolo
1408 2122 1572 2176 corde
1594 2137 1678 2175 ar-

76 2223 242 2280 guas,
270 2209 485 2265 etiamsi
515 2219 665 2264 caret
697 2209 898 2265 delicto
927 2210 1071 2280 quod
1101 2210 1436 2280 arguendum
1465 2218 1624 2279 putas
1657 2227 1670 2264 :

75 2312 188 2358 aut
209 2312 435 2374 paterno
465 2302 660 2359 affectu
685 2304 924 2361 mulceas
952 2318 1114 2374 quem
1144 2302 1380 2371 abjicere
1414 2319 1673 2373 nequeas.

75 2392 275 2450 Potest
291 2395 437 2450 enim
468 2393 586 2449 fieri
646 2403 708 2450 ut
752 2395 848 2450 tibi
891 2393 1037 2449 aliud
1064 2394 1316 2450 videatur
1339 2410 1502 2465 quam
1529 2396 1675 2450 veri-

75 2491 177 2538 tas
233 2482 417 2549 habet,
444 2484 571 2540 dum
599 2493 780 2541 tamen
809 2484 908 2542 abs
949 2494 1004 2541 te
1037 2484 1181 2540 aliud
1230 2501 1338 2541 non
1368 2486 1466 2541 fiat
1512 2502 1678 2557 quam

78 2571 326 2626 Charitas
365 2571 548 2628 habet.
607 2571 746 2628 Nam
797 2583 854 2630 et
903 2589 1004 2644 ego
1055 2574 1446 2630 amicissimam
1493 2591 1678 2647 repre-

81 2661 405 2718 hensionem
432 2663 744 2734 gratissime
776 2664 1064 2734 accipiam,
1102 2665 1319 2720 etiamsi
1356 2667 1679 2736 reprehendi

84 2763 202 2803 non
227 2749 425 2804 meruit
473 2750 617 2820 quod
651 2760 800 2807 recte
853 2751 1071 2808 defendi
1121 2760 1333 2823 potest;
1381 2763 1475 2809 aut
1513 2770 1680 2826 agno-

81 2852 245 2894 scam
305 2839 468 2894 simul
523 2848 580 2895 et
637 2839 1071 2897 benevolentiam
1126 2849 1275 2897 tuam
1356 2851 1413 2899 et
1466 2844 1679 2915 culpam

84 2944 270 2985 meam
292 2971 309 2996 ,
338 2939 396 2986 et
425 2940 687 3001 quantum
721 2933 981 2990 Dominus
1021 2934 1218 3002 donat,
1250 2936 1304 2990 in
1337 2935 1444 2990 alio
1470 2948 1678 3008 gratus,

83 3021 146 3078 in
175 3021 283 3077 alio
321 3024 639 3080 emendatus
667 3026 933 3082 inveniar.
981 3027 1123 3094 Quid
1153 3043 1304 3099 ergo,
1334 3028 1563 3086 fortasse
1583 3030 1682 3085 du-

80 3127 152 3166 ra
181 3151 198 3177 ,
252 3112 347 3167 sed
393 3123 542 3170 certe
585 3114 821 3170 salubria
852 3117 1017 3171 verba
1049 3125 1160 3182 tua,
1206 3126 1464 3188 tanquam
1485 3130 1682 3177 caestus

1779 1956 1913 1997 mea:
1938 1940 2112 2005 utilia,
2152 1941 2219 1994 ad
2247 1938 2590 1996 recolendum
2626 1937 3002 1994 desiderabilia
3022 1978 3038 2002 ,
3064 1946 3119 1993 et
3148 1936 3271 2004 aliis
3294 1935 3367 1991 ad

1779 2031 2258 2086 demonstrandum
2279 2071 2293 2094 ,
2333 2038 2393 2084 ut
2421 2037 2659 2084 vestram
2698 2027 2858 2084 decet
2879 2027 3220 2098 gravitatem,
3252 2025 3367 2080 lau-

1779 2120 1978 2176 dabilia
2004 2138 2018 2173 :
2046 2120 2172 2188 quia
2199 2119 2394 2174 melius
2421 2127 2506 2175 est
2538 2119 2740 2174 bonum
2777 2131 3005 2182 nomen,
3035 2131 3196 2188 quam
3229 2114 3367 2170 divi-

1781 2214 1871 2268 tiae
1899 2212 2082 2267 multa:
2101 2253 2115 2276 ,
2146 2227 2212 2267 ne
2241 2212 2308 2266 de
2348 2220 2530 2266 vestra
2565 2208 2936 2280 magnitudine
2967 2222 3032 2262 ac
3055 2206 3370 2286 modicitate

1780 2319 1901 2359 mea
1931 2305 2000 2358 ab
2040 2303 2221 2372 aliquo
2266 2301 2321 2356 in
2368 2299 2711 2371 postmodum
2755 2299 3107 2355 scriberetur.
3136 2315 3158 2350 ι
3211 2295 3368 2364 Quod

1784 2393 1887 2447 iste
1909 2397 2128 2448 sanctus
2169 2392 2436 2448 mediator
2475 2391 2808 2463 Augustinus
2831 2389 2884 2442 in
2907 2388 3098 2444 eadem
3120 2387 3202 2444 sic
3228 2386 3365 2442 scri-

1783 2483 1862 2540 bit
1893 2480 2124 2553 epis'tola
2164 2500 2178 2536 :
2214 2500 2233 2534 ι
2259 2482 2392 2549 Quis
2416 2482 2648 2552 denique
2673 2481 2880 2536 amicus
2905 2495 3014 2535 non
3046 2478 3370 2534 formidetur

1782 2576 1937 2644 quasi
1967 2574 2182 2630 futurus
2202 2575 2484 2640 inimicus,
2531 2574 2577 2630 si
2604 2573 2779 2644 potuit
2809 2573 2952 2628 inter
2977 2571 3370 2643 Hieronymum

1785 2673 1841 2719 et
1865 2663 2119 2718 Ruﬁnum
2170 2665 2274 2720 hoc
2315 2665 2458 2732 quod
2494 2663 2798 2734 plangimus
2830 2661 3069 2718 exoriri?
3097 2660 3142 2717 Ο
3171 2660 3370 2716 misera

1785 2763 1840 2809 et
1863 2755 2168 2810 miseranda
2198 2755 2463 2810 conditio!
2493 2753 2540 2811 Ο
2571 2754 2734 2809 infida
2763 2753 2818 2808 in
2841 2751 3206 2808 voluntatibus
3238 2749 3370 2804 ami-

1784 2863 1972 2903 corum
1998 2848 2223 2903 scientia
2248 2848 2621 2918 przesentium,
2642 2846 2732 2902 ubi
2748 2845 2892 2900 nulla
2916 2854 3001 2900 est
3023 2841 3366 2914 praescientia

1783 2939 2121 2995 futurorum!
2159 2939 2265 2995 Sed
2293 2939 2424 3010 quid
2452 2939 2556 2994 hoc
2577 2938 2731 2993 alteri
2760 2940 2827 2993 de
2847 2937 3018 2993 altero
3045 2933 3370 3007 gemendum

1784 3041 1988 3103 putem,
2015 3032 2230 3103 quando
2256 3031 2372 3100 ipse
2396 3031 2613 3101 quidem
2641 3030 2743 3086 sibi
2765 3031 2927 3084 homo
2953 3040 3032 3084 est
3065 3030 3281 3098 ignotus
3312 3025 3371 3080 in

1785 3121 2112 3193 posterum?
2144 3121 2306 3176 Novit
2349 3121 2496 3177 enim
2542 3129 2815 3190 utcunque
2865 3119 3043 3185 forte,
3092 3133 3238 3174 nunc
3276 3116 3370 3172 vix

81 3201 313 3269 Entelli,
337 3205 756 3274 pertimescam?
783 3206 1102 3264 Caedebatur
1144 3209 1266 3274 ille,
1310 3226 1421 3266 non
1447 3214 1682 3268 curaba-
1710 3197 1756 3258 C
1788 3212 1965 3282 qualis
1991 3213 2091 3277 sit;
2122 3212 2301 3282 qualis
2324 3221 2504 3268 autem
2524 3222 2710 3282 postea
2733 3210 2946 3266 futurus
2987 3210 3060 3265 sit
3089 3209 3319 3281 ignorat.
3347 3228 3366 3259 ι

85 3302 226 3347 tur:
253 3301 308 3348 et
332 3295 452 3350 ideo
472 3296 811 3364 vincebatur,
843 3313 950 3354 non
975 3298 1287 3354 sanabalur.
1345 3300 1458 3372 Ego
1479 3311 1681 3368 autem,
1789 3303 1858 3358 Et
1882 3303 2028 3372 quod
2068 3303 2123 3357 in
2170 3303 2279 3356 fine
2319 3302 2558 3371 ejusdem
2589 3301 2740 3371 ponit
2776 3301 2849 3354 ita
2891 3298 3173 3369 epistolze:
3212 3317 3232 3350 ‹
3261 3297 3370 3352 Ve-

83 3385 138 3440 si
193 3387 570 3445 medicinalem
613 3391 1010 3462 correptionem
1044 3401 1191 3448 tuam
1239 3396 1560 3466 tranquillus
1594 3414 1686 3454 ac-
1790 3404 2097 3450 rumtamen
2147 3393 2298 3449 illum
2348 3393 2630 3448 habuerim
2673 3391 2854 3462 aliquo
2896 3391 3060 3445 modo
3096 3390 3371 3445 mitiorem

80 3490 442 3547 cepero,non
464 3480 676 3536 dolebo.
713 3480 770 3537 Si
795 3491 979 3540 autem
1005 3484 1291 3542 infirmitas
1323 3486 1469 3543 velut
1495 3489 1686 3545 huma-
1787 3503 1953 3557 quam
1996 3495 2050 3542 te
2097 3486 2204 3541 isto
2233 3485 2394 3540 modo
2436 3486 2808 3538 armatiorem.
2848 3501 2869 3534 ι
2920 3480 3113 3537 Vestra
3159 3489 3374 3535 armata

79 3582 189 3632 na,
209 3567 297 3622 vel
326 3584 470 3636 mea,
501 3572 662 3640 etiam
691 3589 814 3628 cum
836 3576 1106 3631 veraciter
1130 3591 1345 3647 arguor,
1378 3594 1486 3634 non
1508 3589 1687 3650 potest
1789 3582 2040 3652 dignetur
2078 3579 2267 3634 audire
2310 3577 2611 3649 paternitas
2635 3619 2650 3644 ,
2705 3576 2831 3647 quia
2880 3591 3003 3631 mea
3050 3575 3199 3631 mitis
3243 3575 3374 3630 huic

77 3658 198 3714 nisi
232 3658 626 3730 aliquantulum
661 3665 1003 3732 contristari,
1042 3667 1234 3724 melius
1279 3679 1461 3726 tumor
1491 3673 1687 3742 capitis
1787 3680 2058 3743 praecepto
2093 3684 2285 3740 parere
2321 3677 2514 3739 parata
2553 3676 2639 3723 est
2676 3667 2952 3737 parvitas,
2994 3680 3066 3722 ne
3099 3664 3194 3720 fiat
3221 3665 3369 3735 quod

76 3747 242 3804 dolet
264 3748 392 3805 dum
419 3762 661 3820 curatur,
683 3769 848 3825 quam
876 3758 1004 3812 dum
1035 3758 1085 3812 ei
1107 3758 1366 3828 parcitur,
1390 3776 1491 3816 nec
1521 3777 1684 3817 sana-
1788 3765 1937 3820 addit
1958 3764 2072 3819 sic:
2104 3781 2123 3814 ‹
2151 3761 2263 3818 Hoc
2289 3775 2544 3832 magnum
2565 3767 2620 3815 et
2648 3759 2802 3814 triste
2823 3757 3144 3813 miraculum
3170 3765 3273 3820 est,
3302 3769 3373 3811 ex

75 3846 205 3893 tur.
231 3837 350 3896 Hoc
366 3851 452 3897 est
469 3844 615 3898 enim
636 3845 779 3914 quod
799 3855 958 3902 acute
976 3846 1112 3902 vidit
1135 3849 1228 3918 qui
1249 3850 1406 3916 dixit,
1430 3849 1687 3908 Utiliores
1789 3855 2042 3912 amicitiis
2069 3853 2267 3909 talibus
2289 3852 2356 3908 ad
2399 3852 2498 3906 has
2532 3849 2844 3905 inimicitias
2868 3847 3219 3919 pervenisse;
3250 3865 3269 3899 ι
3302 3875 3374 3886 -

71 3943 215 3985 esse
265 3930 585 4004 plerumque
632 3936 880 3992 inimicos
921 3937 1236 4010 iurgantes,
1288 3956 1452 4010 quam
1479 3945 1686 4000 amicos
1787 3947 1882 4002 sed
1950 3945 2131 4016 potius
2185 3951 2546 4014 prosequatur
2611 3941 2856 4012 protinus
2926 3940 3071 4011 quod
3126 3938 3366 4010 promit:

70 4019 384 4092 obiurgare
411 4034 734 4083 metuentes.
752 4028 830 4083 llli
851 4029 1018 4096 enim,
1051 4031 1176 4086 dum
1204 4032 1471 4100 rixantur,
1501 4036 1687 4092 dicunt
1794 4056 1813 4088 ι
1847 4035 2055 4091 Laetum
2101 4035 2209 4091 erit
2251 4045 2309 4089 et
2351 4033 2519 4088 multo
2548 4031 2725 4102 majus
2750 4046 2818 4086 ex
2854 4029 3152 4086 inimicitiis
3180 4028 3378 4084 talibus

72 4108 390 4180 aliquando
410 4127 538 4168 vera
562 4129 683 4184 qua:
707 4117 1080 4184 corrigamus:
1113 4119 1200 4175 isti
1223 4129 1402 4178 autem
1419 4124 1684 4181 minorem
1788 4129 1856 4183 ad
1894 4127 2179 4198 pristinam
2231 4124 2575 4181 concordiam
2624 4122 2936 4178 revertisse.
2969 4141 2988 4176 ι
3049 4121 3205 4189 Quod
3239 4134 3372 4176 con-
3400 4125 3409 4133 '

71 4217 264 4274 quam
285 4214 498 4275 oportet
524 4208 780 4265 exhibent
797 4210 1020 4280 justitia:
1047 4211 1376 4279 libertatem,
1405 4217 1534 4272 dum
1554 4217 1686 4272 ami-
1788 4221 1940 4275 tinuo
1971 4227 2352 4289 consequetur,
2397 4217 2444 4272 si
2487 4216 2712 4273 scientia
2743 4215 3042 4286 surripiens
3073 4222 3268 4278 cesset,
3312 4223 3372 4268 et
3411 4271 3414 4273 λ

69 4297 242 4355 cilia:
301 4298 498 4356 timent
554 4315 879 4372 exasperare
923 4303 1283 4362 dulcedinem.
1347 4307 1686 4382 Quapmpter
1787 4312 2030 4367 charitas
2069 4310 2328 4365 cohibens
2389 4323 2496 4364 non
2545 4315 2743 4362 cesset.
2796 4305 2881 4360 Ad
2922 4304 3065 4375 quod
3112 4303 3375 4359 Dominus

67 4387 198 4443 etsi
229 4387 352 4454 bos,
384 4397 447 4444 ut
489 4390 586 4446 tibi
621 4392 859 4458 videris,
894 4392 1069 4450 lassus
1089 4406 1370 4454 senectute
1393 4398 1534 4455 forte
1559 4416 1684 4457 cor-
1787 4403 1982 4474 dirigat
2027 4402 2192 4458 corda
2251 4409 2437 4456 nostra
2494 4400 2550 4454 in
2603 4398 2871 4454 charitate
2906 4397 3024 4462 Dei,
3067 4403 3122 4450 et
3164 4393 3375 4465 patien-

70 4477 284 4547 poris,
334 4494 444 4535 non
489 4481 674 4553 vigore
717 4483 883 4539 animi
922 4492 1134 4551 tamen,
1177 4487 1229 4542 in
1257 4502 1383 4544 area
1412 4491 1682 4550 dominica

70 4568 377 4627 fructuosa
406 4571 592 4629 labore
612 4573 910 4640 desudans;
951 4591 1080 4633 ecce
1121 4592 1274 4644 sum,
1325 4579 1372 4635 si
1402 4583 1528 4651 quid
1553 4598 1678 4652 per-

1787 4495 1863 4549 tia
1889 4493 2112 4560 Christi,
2159 4501 2212 4548 et
2235 4493 2378 4548 Deus
2403 4491 2552 4563 pacis
2591 4499 2648 4547 et
2685 4489 3009 4555 dilectionis,
3037 4485 3130 4557 qui
3149 4493 3235 4540 est
3252 4482 3379 4537 Tri-

1789 4588 1932 4643 nitas
1956 4595 2012 4641 et
2036 4585 2245 4650 unitas,
2269 4585 2341 4640 sit
2370 4597 2582 4654 semper
2609 4582 2908 4640 vobiscum.

66 4720 3386 4758 ΜΝ

1657 4829 1800 4904 ΙΧ.

1057 4959 1447 5023 EPISTOLA
1486 4959 1844 5020 EJUSDEM
1898 4962 2007 5022 AD
2048 4957 2421 5022 EUMDEM.

725 5076 804 5134 De
827 5093 1078 5161 consensu
1111 5081 1164 5134 in
1198 5075 1784 5133 excommunicationem
1811 5079 1879 5132 ab
1905 5096 1965 5135 eo
1994 5078 2195 5148 factam
2224 5093 2385 5145 quem
2413 5074 2732 5144 requirebat.
