3904 5304
494 343 593 396 ων
620 346 640 402 ι

1085 348 1414 406 lllNCMARl
1452 352 1932 410 LAUDUNENSIS
1970 351 2274 409 EPISCOPI
2313 354 2677 412 OPUSCULA
2724 355 2813 411 ET
2846 355 3231 413 EPISTOLE.

3637 360 3749 415 l0?!

500 468 565 508 ευ
584 469 769 530 scepto
795 498 810 522 ,
859 458 1003 527 quod
1045 461 1192 514 omni
1239 463 1339 517 sub
1364 462 1477 518 sole
1520 465 1732 533 adjacet
1770 467 1848 521 rei
1879 466 2104 535 locoque
2131 469 2180 528 Λ
2211 474 2321 520 tum
2353 475 2465 521 tum
2494 468 2789 522 accnratim
2820 471 3146 537 procurabo.
3182 468 3441 539 Alioquin
3469 470 3747 525 reminiswr

494 559 796 619 prospecto
821 551 1171 608 nihilominus
1200 555 1520 624 regulariter
1551 567 1823 629 congruo,
1850 558 2093 615 funditus

511 650 566 695 et
595 642 905 713 despective
955 660 1060 699 non
1107 646 1483 704 detrectative.
1509 650 1847 706 tractandam
1885 660 2095 721 pertra—

498 742 669 788 ctans
695 774 711 798 ,
741 734 938 791 litteris
964 737 1128 791 dante
1172 737 1282 794 Deo
1327 741 1604 796 canonicis
1628 742 1979 799 rescribendo
2009 759 2096 799 re-

509 826 781 893 spondere
806 866 823 892 ,
854 837 979 884 voto
1009 838 1259 900 compote
1305 839 1361 888 et
1404 832 1515 888 vita
1545 834 1764 899 comite,
1794 851 1915 890 cum
1942 847 2091 893 actu-

2201 566 2257 611 et
2286 558 2340 611 in
2371 558 2475 613 lioc
2504 560 2721 628 negotio
2762 558 2905 615 illius
2929 560 3214 629 sapientis,
3235 557 3394 627 cujus
3416 560 3607 613 crebro
3623 562 3748 632 agitis

2199 648 2527 703 mentionem
2558 650 2786 735 dicentis
2816 666 2830 705 :
2870 648 2972 717 Qui
3002 647 3159 719 jubet
3201 647 3563 719 impossibile,
3592 649 3748 718 ipsese

2199 735 2334 792 facit
2359 736 2816 809 contemptibilem
3852 746 3853 809 ἰ

522 984 3746 1025 -.—___.____._..___________________________

2112 1151 2215 1228 Χ.

1243 1301 1771 1365 RECLAMATIO
1815 1306 1915 1366 ΕΤ
1958 1305 2543 1371 PROCLAMATIO
2585 1309 3027 1379 HINCMARI.

1334 1445 1477 1522 Qui
1503 1444 1815 1527 quondam
1835 1454 2119 1526 prmerat
2169 1446 2463 1511 Ecclesia
2506 1448 2937 1541 Laudunenst'.

579 1752 806 1809 Domine
831 1760 889 1807 et
907 1765 1117 1807 summe
1145 1760 1301 1824 pater
1328 1762 1565 1823 patrum,
1591 1761 1648 1807 et
1691 1761 1871 1807 rector
1913 1752 2095 1823 ponti-
2125 1761 2172 1820 Β
2199 1753 2285 1807 cio
2309 1752 2452 1822 quod
2480 1753 2549 1808 ab
2569 1754 2686 1823 ipso
2704 1753 2951 1824 patiebar
2974 1756 3411 1832 archiepiscopo.
3438 1757 3578 1832 Legi
3612 1764 3753 1818 niani-

492 1845 693 1911 iﬂcum,
715 1844 950 1901 Joannes
974 1845 1192 1900 nomine
1218 1853 1275 1901 et
1303 1844 1512 1901 meritis
1533 1854 1744 1908 vocate,
1760 1844 1884 1899 audi
1907 1859 2094 1900 vocem

495 1938 951 2010 proclamationis
977 1953 1138 2003 meae,
1169 1945 1224 1993 et
1256 1939 1453 1993 exaudi
1482 1952 1672 1993 vocem
1702 1936 2097 2007 deprecationis

498 2046 665 2098 1|le,
692 2044 1008 2101 compassus
1032 2044 1210 2085 causa:
1239 2028 1563 2085 calamitatis
1592 2042 1745 2083 meae.
1782 2027 1829 2081 Α
1866 2026 2099 2082 Rhemo-

500 2139 629 2178 rum
657 2123 1066 2194 archiepiscopo
1090 2122 1157 2176 ad
1182 2121 1446 2192 synodum
1472 2136 1595 2176 sum
1620 2128 1846 2175 vocatus
1880 2119 1953 2173 ad
1982 2118 2097 2173 Du-

504 2214 721 2271 ziacum
761 2213 968 2276 villam,
1000 2227 1163 2283 quam
1192 2212 1489 2268 constituit
1535 2210 1872 2266 hcbdemada
1921 2209 2096 2280 prima

492 2307 712 2363 mensis
739 2305 991 2378 Augusti,
1019 2314 1077 2360 et
1102 2305 1310 2360 monuit
1341 2320 1427 2360 me
1454 2304 1519 2358 de
1542 2303 1707 2359 certis
1727 2302 1909 2358 causis
1931 2317 2094 2373 para-

492 2407 624 2453 1um
650 2411 773 2454 esse
818 2395 1017 2452 ibidem
1066 2404 1127 2450 ut
1174 2395 1580 2467 responderem.
1631 2393 1712 2448 Ad
1764 2408 1928 2465 quam
1972 2407 2094 2448 cum

450 2509 453 2513 ·
490 2488 876 2553 Testinassem,
907 2486 1164 2542 violentia
1194 2485 1377 2542 hostili
1404 2486 1458 2541 in
1490 2486 1667 2541 medio
1692 2485 1886 2540 itinere
1914 2499 2097 2554 segre-

494 2589 667 2653 gatus
687 2594 808 2635 sum
831 2577 900 2633 ab
929 2578 1121 2635 ovibus
1146 2577 1300 2642 meis,
1324 2578 1568 2647 privatus
1596 2592 1714 2631 sum
1743 2585 1799 2631 et
1835 2575 2096 2646 spoliatus

430 2728 439 2735 η
491 2672 760 2728 omnibus
792 2671 954 2726 rebus
981 2670 1137 2736 meis,
1161 2671 1453 2740 perductus
1478 2683 1597 2723 sum
1619 2667 1688 2722 ab
1705 2667 1905 2722 eisdem
1928 2667 2098 2722 hosti-

489 2766 610 2822 'bus
637 2777 808 2835 usque
836 2763 902 2818 ad
930 2762 1213 2834 praefatam
1233 2762 1435 2817 villam.
1457 2761 1515 2815 ln
1544 2776 1650 2831 qua
1678 2776 1803 2816 cum
1834 2760 2097 2814 consiste-

499 2856 783 2927 rem,‘jam
805 2856 988 2912 stabat
1009 2870 1103 2911 rex
1128 2855 1353 2911 Carolus
1378 2863 1504 2909 ante
1532 2854 1706 2923 ipsum
1735 2838 2098 2922 archiepisco-

492 2964 636 3018 -pum
696 2962 898 3012 meum,
929 2954 1126 3001 tenens
1153 2946 1205 3000 in
1242 2960 1404 3000 manu
1447 2946 1793 3015 scripturam,
1839 2953 2097 3013 reputans

494 3051 599 3092 vme
621 3050 743 3091 esse
767 3035 1068 3107 periurum,
1093 3034 1218 3104 quia
1258 3035 1485 3089 Romam
1530 3034 1648 3089 sine
1688 3048 1785 3088 sua
1821 3033 2097 3090 voluntate

2196 1845 2299 1899 bus
2329 1852 2519 1900 tenens
2547 1846 2899 1902 auctoritates
2920 1847 3045 1903 Julii
3069 1865 3253 1920 papae,
3287 1863 3344 1908 et
3370 1852 3581 1910 Felicis
3622 1872 3750 1926 papa,

2195 1931 2446 1988 videlicet
2471 1948 2534 1988 ea
2559 1949 2680 2003 quae
2710 1936 2810 2007 ipsi
2841 1937 2895 1991 in
2924 1939 3006 1995 eis
3026 1941 3321 2012 praefigunt
3368 1943 3443 1999 de
3476 1947 3753 2016 appellatio-

2183 2023 2358 2078 .nibus
2380 2024 2756 2095 episcoporum
2809 2044 2823 2081 :
2872 2043 2992 2098 qua:
3035 2032 3166 2087 mihi
3207 2035 3422 2089 servari
3476 2038 3753 2108 appellandi

2197 2114 2383 2168 sedem
2441 2116 2793 2185 apostolicam
2842 2130 3112 2189 prostrato
3161 2137 3398 2196 corpore
3446 2130 3662 2198 expetii,
3686 2130 3753 2183 sed

2196 2206 2333 2261 nihil
2360 2207 2553 2263 horum
2585 2225 2702 2265 mea
2727 2212 2918 2280 petitio
2945 2213 3199 2271 obtinuit.
3233 2216 3343 2274 Sed
3368 2236 3561 2292 neque
3601 2223 3750 2276 littera

2197 2298 2526 2367 apostolicae,
2559 2315 2695 2371 quas
2739 2302 2874 2358 mihi
2916 2308 3340 2375 praesentialiter
3380 2312 3752 2387 dederang

2196 2390 2342 2443 niam
2391 2406 2481 2445 me
2520 2394 2802 2457 vocabant,
2836 2403 2895 2448 ut
2934 2400 3390 2466 procrastinando
3447 2407 3634 2462 venire
3676 2427 3753 2464 sae

2197 2482 2487 2549 dill‘errem,
2514 2486 2560 2539 si
2588 2494 2762 2541 status
2799 2488 2903 2541 mei
2924 2487 3194 2556 jacturam
3224 2494 3509 2553 sustinere
3552 2514 3649 2554 non
3670 2501 3753 2556 rel-

2198 2570 2327 2635 letn,
2353 2573 2647 2644 quidquam
2680 2576 3100 2647 prmvaluerunt.
3123 2578 3403 2641 Judicium
3426 2588 3672 2655 praefatus
3691 2608 3755 2645 aro

2197 2660 2573 2732 cbiepiscopus
2625 2678 2788 2733 super
2840 2681 2927 2721 me
2972 2664 3252 2737 imposuit,
3285 2678 3346 2724 ut
3388 2673 3464 2728 ab
3511 2677 3756 2746 episcopali

2196 2751 2557 2807 removendus
2598 2768 2774 2809 essem
2825 2754 3023 2811 cilicio.
3075 2756 3182 2812 Sed
3235 2759 3328 2814 alii
3373 2767 3659 2832 gemebant
3690 2769 3755 2823 ile-

2197 2840 2459 2911 bantque,
2482 2843 2626 2898 inter
2648 2859 2789 2914 quos
2817 2845 3022 2901 nullum
3048 2849 3305 2904 merebar
3330 2853 3454 2921 pati
3501 2855 3753 2911 inimimm.

2199 2936 2414 3006 Scripta
2455 2939 2675 3009 quidem
2716 2941 2784 2996 ab
2813 2944 2999 2999 eodem
3024 2946 3452 3017 archiepiscopo
3477 2951 3603 3020 ipsis
3626 2952 3755 3017 impo-

2198 3027 2303 3082 sita
2342 3028 2593 3085 manibus
2639 3039 2906 3099 tenentes,
2947 3034 3043 3089 sed
3085 3051 3183 3090 ore
3224 3039 3489 3106 proferre
3537 3039 3752 3098 nolenlﬁ.

499 3124 777 3191 miserim,
807 3134 862 3180 et
896 3125 1169 3195 imputans
1208 3125 1352 3195 quod
1402 3140 1524 3181 eum
1574 3125 1965 3181 accusaverim,
2014 3128 2095 3183 Ad
2126 3113 2170 3177 C
2202 3117 2357 3174 inviti
2402 3120 2492 3174 vix
2536 3122 2703 3177 verba
2748 3123 3167 3194 singultiebant,
3224 3130 3442 3184 aditum
3503 3139 3667 3185 tanien
3706 3130 3753 3182 ad

496 3232 633 3289 qua:
663 3218 801 3274 idem
831 3216 1270 3287 archiepiscopus
1300 3232 1386 3272 me
1415 3216 1743 3287 respondere
1775 3215 1960 3285 jussit.
1996 3216 2095 3272 Cui

494 3325 612 3382 ego
634 3308 908 3381 respondi,
938 3308 1064 3379 quia
1100 3323 1199 3379 pro
1227 3307 1332 3373 his,
1357 3306 1425 3362 de
1451 3307 1646 3377 quibus
1677 3322 1764 3363 me
1797 3307 2095 3362 admonue-

506 3410 599 3457 rat
625 3401 679 3456 in
705 3402 895 3457 eadem
917 3400 1126 3473 synodo
1155 3414 1277 3455 esse
1296 3409 1546 3469 paratum
1585 3409 1646 3454 ut
1683 3399 2093 3469 responderem,

504 3501 732 3563 paratus
759 3506 909 3547 eram
934 3490 1151 3560 scriptis
1180 3492 1505 3562 respondere
1543 3507 1557 3545 :
1603 3505 1724 3560 quae
1752 3490 1950 3560 scripta
1986 3500 2098 3561 pra:

496 3584 762 3640 manibus
792 3581 974 3647 tenui,
1010 3582 1107 3637 sed
1149 3581 1266 3651 ipse
1307 3597 1415 3637 non
1467 3581 1716 3652 permisit
1757 3589 1817 3636 ut
1859 3582 2098 3653 synodus

497 3672 712 3743 «scripta
760 3687 882 3727 mea
919 3672 1239 3741 susciperet,
1282 3672 1409 3741 quia
1451 3670 1555 3726 sibi
1592 3671 1709 3725 dari
1731 3669 1975 3741 iubebat,
2003 3670 2097 3726 sed

494 3778 612 3835 tego
642 3772 896 3834 suspecto
924 3762 1055 3817 dare
1075 3761 1345 3817 nolebam.
1377 3760 1455 3817 De
1480 3760 1679 3816 clerico
1724 3768 1907 3816 autem
1951 3775 2095 3824 meo,

507 3854 733 3911 nomine
757 3854 1025 3919 Bertario,
1049 3867 1211 3923 quem
1240 3851 1421 3909 subito
1448 3852 1751 3924 requisivit,
1783 3851 1876 3908 sed
1914 3852 2098 3923 requi-

510 3945 649 4000 sitas
678 3958 787 3999 non
825 3941 1019 4009 adfuit,
1048 3943 1299 4013 respondi
1323 3945 1448 4014 quia
1471 3945 1572 4014 ipsi
1604 3945 1853 4000 homines
1883 3960 2097 4000 mecum

494 4035 826 4101 veniebant,
853 4035 946 4106 qui
974 4049 1096 4090 eum
1126 4037 1530 4107 comprobaturi
1556 4048 1757 4100 essent,
1785 4037 1831 4093 si
1879 4037 1961 4092 eis
1997 4052 2096 4093 ve-

499 4128 636 4184 nire
660 4127 940 4194 licuisset;
968 4126 1063 4183 sed
1090 4127 1231 4183 idem
1256 4128 1692 4199 archiepiscopus
1733 4128 1801 4183 de
1839 4128 1924 4183 his
1961 4126 2097 4183 nihil

502 4232 603 4274 me
630 4225 819 4289 postea
842 4216 1150 4288 appellavit,
1179 4218 1275 4273 sed
1299 4217 1369 4272 ad
1393 4218 1796 4273 accusationem
1831 4218 1975 4288 regis
2007 4234 2096 4274 me

503 4305 844 4377 respondere
876 4307 1072 4362 iterum
1098 4316 1261 4378 atque
1282 4307 1478 4387 iterum
1503 4307 1870 4377 praecipiebat.
1894 4308 1963 4363 Et
1995 4323 2096 4380 ego

2198 3210 2383 3266 sedem
2429 3212 2783 3281 apostolicam
2837 3216 3059 3272 minime
3102 3232 3399 3289 sperantes
3460 3226 3592 3278 mihi
3636 3238 3753 3294 posse

2201 3303 2479 3376 denegari.
2529 3304 2713 3373 Unde,
2746 3307 2895 3363 salvo
2925 3312 3021 3379 per
3059 3312 3246 3367 omnia
3297 3316 3451 3371 sedis
3496 3316 3756 3386 apostolis:

2192 3396 2418 3467 judicio,
2468 3397 2570 3467 ipsi
2615 3397 2775 3453 linem
2817 3400 3062 3457 lectionis
3101 3405 3498 3461 terminawre.
3526 3407 3649 3462 Post
3674 3409 3756 3475 [tu

2198 3487 2550 3542 transmissus
2578 3502 2699 3543 sum
2723 3489 2775 3543 in
2802 3491 3076 3558 exsilium,
3102 3494 3159 3547 in
3187 3510 3299 3564 quo
3325 3512 3427 3566 per
3461 3500 3601 3559 duos
3627 3510 3757 3550 amns

2197 3589 2381 3642 sanus,
2407 3578 2499 3633 sed
2525 3576 2802 3648 aliquanto
2837 3589 3076 3652 tempore
3101 3582 3251 3638 ferro
3299 3588 3520 3643 vinctus
3568 3586 3757 3643 custod-

2197 3674 2286 3722 tus
2322 3683 2463 3723 sum.
2494 3668 2713 3725 Duobus
2737 3673 2896 3728 annis
2923 3673 3093 3729 ferme
3118 3679 3382 3747 peractis,
3436 3681 3650 3750 insuper
3682 3696 3757 3733 ας

2186 3767 2352 3812 catus
2395 3774 2535 3824 sum,
2575 3768 2631 3815 et
2674 3775 2845 3831 usque
2886 3764 3044 3818 modo
3090 3776 3368 3834 retentus,
3401 3770 3473 3825 ad
3500 3786 3614 3833 vos,
3638 3778 3682 3823 et
3707 3766 3758 3821 ad

2197 3860 2393 3907 vestrae
2444 3852 2701 3923 piissimae
2755 3857 3063 3911 serenitatis
3114 3863 3506 3929 prmsentiam,
3562 3878 3675 3916 mox
3715 3867 3760 3912 ut

2198 3942 2391 3997 venire
2430 3941 2685 3998 dimissus
2709 3945 2856 4014 potui
2891 3947 3139 4016 protinus
3166 3952 3402 4005 accessi.
3432 3952 3589 4006 Nunc
3616 3958 3758 4005 antu

2197 4045 2436 4087 vesu'am
2497 4032 2843 4089 clementiam
2901 4037 3222 4106 suppliciter
3289 4055 3461 4096 exoro
3524 4057 3558 4095 ι
3617 4048 3757 4094 vestra

2198 4136 2410 4177 summa
2436 4125 2760 4193 paternitate
2786 4128 2965 4195 parari
2992 4129 3058 4183 de
3084 4143 3175 4182 me
3203 4132 3486 4202 aequitatis
3507 4112 3757 4201 judicium.

2198 4217 2285 4271 cui
2309 4217 2603 4272 secundum
2628 4219 2947 4275 canonicam
2995 4221 3422 4289 institutionem,
3469 4235 3529 4280 et
3577 4225 3756 4277 deem:

2185 4310 2567 4369 "Romanorum
2596 4315 2910 4383 pontiﬁcum
2962 4326 3279 4372 reservatus
3332 4328 3388 4373 et
3439 4314 3758 4390 reserng

506 4394 826 4462 seclamavi,
848 4440 854 4447 .
879 4396 1007 4465 quia
1043 4410 1154 4451 non
1198 4395 1426 4452 docebat
1472 4397 1734 4452 canonica
1778 4398 2093 4465 auctoritas,
2125 4468 2168 4474 _
2199 4420 2344 4472 sum,
2374 4413 2430 4459 et
2455 4403 2686 4460 fueram.
2708 4405 2861 4474 Quod
2883 4406 2952 4460 ob
2981 4423 3226 4462 amorem
3261 4408 3380 4474 Dei,
3407 4421 3463 4463 et
3489 4405 3757 4471 veneratin.

512 4485 782 4543 nudatum
819 4492 876 4541 et
900 4484 1017 4541 suis
1043 4486 1206 4541 rebus
1233 4486 1519 4557 spoliatum
1537 4527 1553 4553 ,
1581 4488 1804 4558 insuper
1825 4497 1883 4543 et
1909 4489 1979 4544 ab
2000 4490 2097 4545 ho—
2125 4468 2179 4527 D
2204 4468 2341 4551 nem,
2353 4496 2500 4552 beati
2528 4497 2700 4564 Petri,
2720 4468 2871 4567 apud
2902 4508 3098 4554 vestrae
3143 4468 3497 4570 paternitatis
3542 4468 3758 4569 pietate-

512 4575 691 4632 stibus
720 4576 1030 4643 detentum,
1073 4577 1403 4647 respondere
1440 4577 1710 4634 ullatenus
1737 4578 1955 4635 debere.
1989 4578 2097 4635 Sed
2203 4589 2454 4644 obtinere
2480 4587 2733 4660 emagito,
2752 4598 2865 4645 tum
2886 4604 2985 4660 pro
3007 4576 3356 4646 multitudine
3379 4591 3615 4646 misch
3638 4602 3757 4646 mea

513 4673 570 4722 et
596 4665 944 4737 addidi,quia
971 4680 1081 4722 non
1106 4667 1282 4723 solum
1305 4669 1745 4738 suspectum,sed
1770 4670 2102 4726 manifestis-
2206 4687 2319 4733 tum
2348 4692 2448 4748 pro
2473 4678 2845 4749 magnitudine
2868 4679 3087 4749 pietatis
3120 4688 3319 4734 vestra:
3366 4697 3383 4731 τ
3428 4694 3555 4748 qua
3604 4688 3761 4730 am-

513 4757 654 4814 sime
679 4758 828 4814 illum
857 4758 1111 4815 infestum
1142 4760 1432 4816 habebam.
1468 4759 1620 4817 Unde
1646 4769 1703 4816 et
1747 4762 2100 4833 apostolicam
2206 4769 2366 4824 datur
2411 4769 2819 4825 clementissimi
2872 4771 3255 4842 Redemptoris
3307 4784 3520 4835 amore,
3560 4768 3652 4839 qui
3698 4776 3759 4816 ne
3852 4762 3853 4842 i

514 4849 704 4905 sedem
731 4848 992 4920 appellavi
1020 4864 1122 4919 pro
1145 4864 1333 4906 amore
1356 4850 1453 4906 Dei
1477 4859 1532 4906 et
1553 4852 1761 4907 honore
1783 4852 1958 4908 sancti
2002 4850 2104 4907 Pe-

514 4941 611 4998 tri.
643 4949 752 4996 tam
781 4942 847 4997 de
875 4942 991 4998 insa
1020 4943 1367 4998 accusatieue
1387 4942 1552 4998 renis.
1576 4960 1737 4998 uuam
1759 4946 1826 4998 de
1854 4942 2103 4998 nmiudi-

2205 4860 2425 4932 pr0prio
2452 4860 2740 4931 acquisivit
2767 4862 3051 4934 sanguine,
3073 4870 3131 4918 et
3148 4861 3591 4934 qualemcunque
3608 4867 3760 4914 sant:-

2207 4965 2306 4998 suo
2325 4951 2561 4998 sacravit
2585 4964 2832 4998 munere.
