3904 5304
1525 308 1865 368 CANO'NES.
3196 279 3332 336 i078

735 447 1012 506 ervatione
1037 440 1256 500 eosdem
1279 435 1503 492 feriatos
1524 430 1640 484 dies
1668 427 1718 487 A
1744 423 1872 506 CAP.
1896 421 1962 476 ν.
1991 420 2082 503 pe
2123 414 2474 490 paenitentiam
2522 405 2866 506 absolu'tione,
2887 410 2966 506 I-lut
3005 413 3096 466 per
3135 410 3331 506 maritus

2013 502 2020 506 ‘
2235 504 2246 506 Α
2271 487 2575 506 λαμ-λη’·-ι
2636 495 2692 506 ιη·
2740 488 2884 506 ιιι-μοι’
2924 480 3065 506 Mum
3092 467 3230 506 ris-pri
3269 481 3331 506 τις

1819 466 2198 563 impositioncm
2222 487 2601 556 episcoporum,
2636 475 2712 532 vel
2737 471 3067 530 sacerdotum
3092 466 3331 538 precibus

1860 575 1936 619 at.

1819 566 1936 633 ﬁat.
2239 626 2318 681 Ex
2345 625 2533 680 eodem
2564 634 2683 688 cap.
2715 614 2835 670 1‘20.

1821 724 1898 793 (v,
1928 720 2043 790 56.)
2065 718 2122 773 Si
2153 718 2276 788 quis
2311 716 2365 768 in
2391 709 2654 782 periculo,
2676 704 2759 760 vel
2795 716 2950 775 pace,
2978 706 3072 755 aut
3109 694 3350 752 infirmi;

1753 787 1862 869 tate
1885 787 2266 883 paenitentiam
2288 800 2578 871 acceperit,
2602 798 2646 852 si
2672 793 2931 851 continuo
2961 787 3201 844 creditur
3227 798 3342 839 mo-

1752 906 1976 968 riturus,
2027 896 2405 956 reconcilietur
2450 907 2546 962 per
2590 900 2781 942 manus
2822 878 3244 952 impositioncm,
3286 881 3342 928 ct

1753 998 2068 1055 infundatur
2093 992 2177 1047 ori
2205 989 2322 1058 ejus
2352 980 2705 1040 eucharistia.

1787 1110 1916 1166 CAP.
1948 1106 2036 1162 Vl.
2062 1103 2130 1158 Ut
2157 1102 2424 1174 pmnitens,
2448 1094 2666 1179 ostensis
2687 1089 3001 1179 paenitentiae
3025 1082 3304 1155 fructibus,

2217 1169 2632 1226 communionem
2654 1168 2889 1230 recipiat.

2245 1261 2326 1315 Ex
2357 1258 2544 1313 eodem
2576 1269 2695 1324 cap.
2731 1251 2855 1305 121.

1830 1363 1907 1432 (v,
1941 1357 2054 1426 57.)
2093 1354 2163 1410 Ut
2198 1351 2489 1423 pmnitens,
2538 1343 2770 1400 ostensis
2813 1350 3136 1396 necessariis
3173 1329 3350 1402 pumi-

1760 1430 1943 1510 tentiae
1983 1446 2267 1508 fructibus,
2301 1440 2592 1510 legitimam
2633 1430 3069 1490 communionem
3109 1438 3234 1481 cum
3259 1434 3347 1478 re-

1761 1539 2132 1601 couciliatoria
2159 1549 2350 1592 manus
2384 1527 2725 1600 impositione
2753 1520 3034 1594 percipiat.

1762 1658 1890 1713 CAP.
1919 1654 2030 1708 VII.
2065 1651 2129 1705 Ut
2155 1650 2477 1719 paenitentes,
2509 1639 2736 1711 tempore
2761 1652 2863 1719 quo
2886 1632 3239 1702 pmnitentiam
3259 1641 3352 1696 pe.

1801 1707 1947 1791 tunt,
1969 1707 2124 1794 super
2143 1707 2294 1790 caput
2315 1715 2542 1770 cilicium
2569 1729 2600 1764 a
2614 1707 2890 1764 sacerdote
2911 1707 3311 1772 consequantur.

1690 1777 1740 1839 Β
1978 1777 1983 1778 7
2033 1777 2044 1794 '
2205 1777 2216 1790 U
2256 1807 2335 1860 Ex
2362 1803 2554 1858 eodem
2576 1815 2696 1869 cap.
2730 1797 2854 1851 1‘22.

1840 1907 1917 1978 (v,
1943 1904 2056 1975 58.)
2086 1900 2421 1957 Pmnitentes
2452 1904 2695 1963 tempore
2725 1904 2834 1960 quo
2859 1883 3234 1957 paenitentiam
3259 1891 3360 1949 pe—

1769 2007 1928 2060 tunt,
1981 1991 2377 2062 impositioncm
2441 1996 2737 2046 manuum,
2786 1987 2842 2034 et
2897 1974 3132 2031 cilicium
3193 1981 3370 2037 super

1769 2098 1952 2158 caput,
1990 2102 2019 2140 a
2065 2081 2368 2142 sacerdote,
2416 2077 2554 2131 sicut
2595 2072 2793 2143 ubique
2840 2067 3188 2124 constitutum
3232 2065 3316 2114 est
3339 2097 3365 2122 ,_

1771 2195 2037 2248 consequa
2046 2187 2135 2231 ntu

1772 2290 1898 2346 Car.
1932 2287 2064 2342 V’lll.
2094 2284 2159 2339 Ut
2198 2284 2337 2338 omni
2376 2291 2602 2348 tempore
2633 2273 2824 2344 jejunii
2858 2285 3046 2325 manus
3067 2263 3362 2338 paenitenti-

71 352 192 411 ΝΠ

70 469 421 526 Pentecostes,
443 455 605 514 simili
635 453 734 508 obs

71 552 304 611 venerari
332 545 658 606 omnimodis
691 541 960 599 studeant.

74 689 135 745 Ut
158 690 209 743 in
239 679 654 742 immunitatibus
683 673 1020 730 ecclesiarum
1042 665 1260 721 multum
1289 659 1365 716 vel
1394 657 1648 730 placitum

366 751 632 824 publicum
656 761 807 802 nemo
831 755 1000 798 tenere
1028 742 1330 792 urtesumat.

136 881 346 940 Placuit
374 889 435 935 ut
465 877 644 934 nullus
673 887 880 936 comes,
905 882 1079 939 neque
1106 863 1303 933 aliquis
1328 875 1394 915 ex
1419 855 1650 927 judicia-

73 979 148 1035 ria
175 981 464 1046 potestate,
487 968 706 1025 mallum
731 959 1107 1032 aut'placitum
1134 957 1186 1011 in
1219 947 1651 1008 immunitatibus

74 1071 152 1126 vel
187 1068 342 1124 atriis
369 1064 720 1121 ecclesiarum
762 1067 968 1120 tenere,
998 1060 1092 1108 aut
1120 1058 1445 1120 quemquam
1470 1042 1536 1096 de
1567 1039 1650 1094 fa-

73 1163 210 1220 milia
222 1158 536 1215 earumdem
551 1152 905 1210 ecclesiarum
921 1153 1238 1216 quacunque
1255 1135 1541 1193 occasione
1562 1139 1656 1186 aut

72 1251 372 1310 temeritate
407 1246 664 1316 injuriare
693 1246 1004 1313 prmsumat.
1033 1232 1188 1302 Quod
1209 1231 1256 1285 si
1287 1225 1498 1290 fecerit,
1523 1224 1655 1278 ban-

73 1358 197 1399 num
223 1313 553 1396 dominicum
585 1331 874 1406 persolvat,
893 1337 949 1382 et
967 1327 1189 1396 insuper
1207 1321 1318 1376 Deo
1337 1327 1392 1375 et
1412 1313 1657 1372 ecclesia:

72 1444 227 1499 quam
244 1427 385 1482 laesit
406 1423 700 1482 secundum
723 1418 1040 1476 canonicam
1057 1412 1448 1469 institutionem
1467 1407 1520 1461 in
1543 1419 1658 1460 om—

73 1493 226 1576 nibus
266 1514 586 1573 satisfaciat.
627 1511 800 1578 Quam
845 1507 1008 1563 etiam
1048 1505 1094 1560 si
1135 1501 1319 1557 facere
1361 1493 1654 1556 distulerit,

73 1610 254 1665 tandiu
297 1622 330 1662 a
367 1613 510 1662 coetu
546 1603 783 1658 fidelium
817 1605 1090 1672 arceatur,
1124 1593 1313 1652 donec,
1337 1582 1659 1659 poenitentia

73 1707 318 1772 accepta,
338 1704 551 1753 reatum
579 1706 742 1764 quem
768 1686 1042 1746 commisit
1070 1681 1339 1740 emendet.

350 1828 431 1884 De
454 1826 651 1882 mansis
679 1820 1094 1890 uniuscujusque
1118 1812 1370 1870 ecclesite.

143 1965 427 2022 Sancitum
461 1969 546 2020 est
587 1968 648 2016 ut
684 1956 975 2027 unicuique
1003 1950 1248 2009 ecclesiae
1275 1959 1416 2002 unus
1443 1953 1664 1999 mansus

73 2059 286 2130 integer
325 2056 530 2125 absque
572 2052 752 2120 aliquo
796 2045 1017 2104 servitio
1046 2040 1395 2102 attribuatur,
1424 2041 1482 2089 et
1513 2045 1666 2101 pres-

71 2152 247 2224 byteri
299 2151 353 2204 in
399 2122 481 2204 eis
522 2141 805 2199 constituti
845 2153 951 2194 non
992 2137 1060 2190 de
1089 2131 1334 2195 decimis,
1380 2138 1557 2194 neque
1602 2122 1670 2175 de

69 2243 440 2302 oblationibus
461 2236 720 2297 ﬁdelium,
742 2247 849 2286 non
872 2230 940 2284 de
961 2224 1209 2282 domibus
1227 2233 1406 2290 neque
1430 2218 1495 2273 de
1517 2213 1672 2268 atriis

68 2336 156 2391 vel
198 2331 378 2389 hortis
421 2331 574 2400 juxta
619 2321 903 2382 ecclesiam
949 2316 1175 2386 positis,
1217 2324 1392 2379 neque
1430 2308 1497 2360 de
1534 2319 1671 2374 pra:-

66 2424 284 2492 scripto
307 2391 517 2482 mansa,
539 2410 751 2483 aliquod
767 2407 1046 2464 servitium
1067 2403 1270 2458 faciant
1287 2404 1482 2468 praeter
1501 2391 1673 2478 eccle-

67 2484 380 2569 siasticum.
425 2508 492 2563 Et
533 2507 579 2562 si
627 2501 829 2572 aliquid
876 2496 1110 2568 amplius
1169 2489 1501 2552 habuerint,
1551 2484 1674 2540 inde

70 2600 389 2660 senioribus
412 2597 526 2654 suis
551 2593 788 2650 debitum
815 2587 1148 2659 impendant.

567 2723 866 2784 TlTULUS
904 2718 1183 2778 PRIMUS.

609 2857 679 2897 DE
713 2849 1144 2896 PGNITENTIBUS.

110 2963 243 3020 Car.
272 2961 317 3016 1.
363 2958 439 3013 De
463 2953 826 3028 paenitentibus
849 2966 952 3004 non
975 2944 1219 3017 cogendis
1243 2941 1420 2997 vinum
1449 2937 1636 2992 bibere.

412 3070 492 3125 Ex
523 3068 662 3122 libro
680 3081 712 3120 v
741 3059 1087 3133 Capitularis,
1110 3071 1230 3124 cap.
1256 3053 1346 3109 54.

148 3191 224 3250 Ut
248 3188 434 3245 nullus
463 3184 767 3258 presbyter,
799 3186 892 3234 aut
923 3177 1114 3240 laicus,
1141 3171 1497 3243 pmnitentem
1523 3169 1682 3233 cogat
1707 3135 1752 3199 (ἶ

77 3288 269 3340 vinum
295 3282 506 3342 bibere,
525 3285 618 3331 aut
637 3287 855 3329 carnem
879 3268 1206 3326 manducare
1227 3260 1329 3317 nisi
1354 3258 1420 3313 ad
1443 3267 1682 3327 prmsens

76 3391 176 3445 pro
225 3374 348 3442 ipso
381 3384 548 3423 unum
594 3364 680 3420 vel
708 3365 842 3420 duos
881 3357 1136 3416 denarios
1171 3354 1325 3425 juxta
1369 3347 1681 3421 qualitatem

77 3464 425 3537 poenitentiae
448 3459 674 3518 dederit.

148 3599 283 3653 Car.
316 3596 386 3651 ll.
427 3595 502 3648 De
526 3591 733 3648 homine
756 3586 1026 3727 pub!;ca‘m
1059 3580 1415 3656 paenitentiam
1435 3583 1616 3647 agente

748 3670 884 3713 inter
910 3674 965 3711 ec
990 3673 1040 3710 ο.
1282 3701 1288 3706 .

748 3670 1040 3713 interiecto.

506 3777 586 3834 Ex
617 3776 803 3832 eodem
829 3772 994 3837 libro,
1022 3782 1142 3839 cap.
1162 3766 1287 3822 107.

152 3914 259 3982 Qui
300 3910 584 3969 hominem
622 3905 892 3978 publicam
923 3900 1298 3974 pmnitentiam
1332 3901 1582 3966 agentem
1611 3891 1692 3944 in-

83 4005 397 4069 terfecerit,
442 4002 679 4056 baunum
717 4004 963 4052 nostrum
995 3994 1051 4047 in
1092 3989 1253 4061 triplo
1298 3989 1606 4056 componat,
1639 3987 1691 4035 et

82 4097 403 4169 wirgildum
432 4089 693 4163 proximis
717 4086 834 4157 ejus
859 4083 1050 4139 solvat.
1397 4089 1402 4094 '
1582 4062 1597 4074 ’

85 4232 217 4287 CAP.
246 4229 338 4286 lll.
384 4227 468 4282 De
496 4222 771 4295 paenitente
796 4215 950 4287 cujus
978 4213 1174 4268 crimen
1201 4206 1560 4280 pervulgatum
1595 4209 1693 4267 est.

499 4338 580 4392 Ex
609 4335 804 4392 eodem
839 4331 1000 4396 libro,
1028 4342 1148 4398 cap.
1178 4323 1302 4378 117.

157 4459 308 4522 (Lib.
356 4470 393 4508 v
423 4448 680 4523 Capitat.,
709 4462 828 4516 cap.
871 4443 984 4516 55.)
1037 4441 1096 4496 In
1141 4435 1368 4494 concilio
1414 4427 1696 4500 Carthagi-

90 4552 245 4607 nensi
285 4551 356 4606 de
397 4521 509 4602 hac
547 4556 606 4598 re
642 4538 971 4612 praecipitur;
997 4543 1058 4589 ut
1089 4532 1134 4588 si
1169 4531 1485 4601 cujusquam
1520 4521 1697 4594 paeni-

93 4642 261 4697 tentis
293 4635 582 4711 publicum
618 4610 675 4688 et
710 4626 1140 4698 vulgatissimum
1166 4621 1372 4675 crimen
1415 4625 1528 4677 est,
1552 4610 1695 4683 quod

93 4734 416 4788 universam
449 4720 805 4781 commoverit
822 4716 1141 4778 Ecclesiam,
1164 4720 1287 4766 ante
1317 4707 1557 4763 absidem
1582 4718 1697 4758 ma-

94 4841 197 4882 nus
225 4824 278 4879 ei
307 4822 649 4891 imponatur.
680 4814 749 4869 Et
780 4811 905 4866 alibi
932 4811 986 4864 in
1017 4806 1311 4863 canonibus
1341 4801 1423 4858 vel
1453 4801 1698 4854 decreta-

94 4915 235 4970 libus
256 4889 472 4968 Leonis
496 4919 668 4979 papaa,
699 4901 1010 4974 praecipitur
1031 4899 1096 4954 de
1117 4897 1302 4952 eadem
1341 4908 1421 4958 re,
1457 4901 1517 4946 ut
1541 4889 1697 4943 abso-

95 5006 242 5060 lutio
267 4997 658 5075 paenitendum
689 5008 785 5064 per
827 5007 1020 5046 manus
1057 4985 1452 5056 impositioncm
1491 4979 1698 5049 episco-

93 5069 292 5167 porum
329 5085 828 5163 supplicationibus
867 5083 980 5138 fiat.
1011 5082 1078 5136 Et
1109 5079 1310 5148 reliqua
1353 5074 1516 5132 multa
1549 5069 1692 5132 talia,

94 5200 143 5228 nl
177 5191 376 5228 lsnrnm
409 5179 636 5228 simili.

2179 2355 2273 2407 bus
2299 2371 2330 2405 a
2352 2348 2618 2406 sacerdote
2640 2348 2957 2414 imponatur.

2129 2449 2207 2502 Ex
2259 2445 2448 2500 eodem
2500 2441 2661 2502 libro,
2711 2450 2828 2504 cap.
2880 2430 2985 2486 125

1846 2543 1920 2612 (v,
1943 2538 2055 2607 59.)
2090 2536 2246 2593 Omni
2274 2543 2514 2602 tempore
2545 2526 2734 2600 jejunii
2761 2536 2952 2578 manus
2972 2511 3379 2590 pmnitentibus

1777 2651 1807 2688 a
1835 2632 2117 2688 sacerdote
2137 2629 2505 2697 imponantur.

1813 2742 1940 2798 CAP.
1969 2739 2060 2795 ιχ.
2093 2737 2160 2792 Ut
2187 2736 2320 2803 lapsi
2359 2749 2452 2804 per
2481 2745 2668 2804 manus
2697 2723 3078 2796 impositioncm
3107 2715 3334 2790 episcopi

2399 2801 2752 2856 absolvantur.

2279 2895 2355 2948 Ex
2374 2893 2583 2954 eodem,
2601 2903 2720 2957 cap.
2747 2883 2870 2940 124.

1855 3015 1932 3087 (v,
1963 3011 2077 3084 60.)
2108 3009 2187 3064 Ne
2207 3007 2484 3064 absolutos
2504 3003 2683 3072 lapsos
2715 3000 2769 3054 in
2798 2997 2903 3053 fide
2928 2993 3237 3057 credamus,
3267 2989 3386 3046 nisi.

1782 3123 1881 3178 per
1905 3103 2303 3176 impositioncm
2339 3112 2531 3153 manus
2555 3091 2814 3163 episcopi.

1784 3219 2014 3278 (lanx.
2059 3215 2125 3273 Ut
2158 3216 2454 3286 praenitentes
2487 3207 2866 3286 communicent
2911 3202 3001 3274 qui
3035 3210 3155 3256 ante
3191 3213 3374 3253 recon-

2202 3297 2204 3299 ‘
2246 3283 2567 3339 ciliationem
2605 3279 2900 3331 moriuntur

2285 3373 2366 3426 Ex
2391 3369 2581 3426 eodem
2612 3381 2730 3435 cap.
2763 3364 2886 3419 19.5.

1859 3474 1934 3542 (v,
1979 3468 2092 3539 61.)
2141 3463 2349 3521 Placuit
2384 3461 2470 3515 his
2497 3457 2611 3528 qui,
2637 3464 2859 3524 accepta
2883 3449 3225 3524 pcenitentia,
3250 3458 3378 3502 ante
3403 3475 3410 3480 -

1791 3560 2282 3623 reconciliationem
2306 3553 2538 3623 migrant
2564 3548 2630 3603 ad
2655 3547 2841 3610 Deum,
2864 3537 3250 3599 communicari
3274 3551 3378 3607 pro

1790 3673 1856 3713 eo
1878 3653 2022 3726 quod
2045 3652 2447 3706 honoraVerunt
2482 3637 2878 3712 pmnitentiam.
2910 3633 3036 3702 Qui,
3059 3634 3104 3687 si
3139 3625 3379 3699 supervi-
3405 3662 3407 3664 -

1792 3719 1992 3811 xerint,
2040 3749 2183 3798 stent
2219 3740 2272 3794 in
2303 3735 2492 3791 ordine
2534 3727 2912 3803 poenitentium
2941 3743 2952 3778 :
2981 3731 3041 3777 ut
3085 3719 3380 3791 legitimam
3399 3752 3409 3766 -.

1792 3834 2226 3895 communionem
2283 3833 2486 3883 statuto
2542 3833 2784 3891 tempore
2839 3812 3276 3872 reconciliatione
3319 3814 3404 3864 et.

1794 3943 1987 3986 manus
2018 3921 2358 3995 impositione
2385 3913 2644 3985 episcopi,
2702 3910 2787 3966 vel
2816 3909 2930 3978 ejus
2951 3905 3122 3976 jussu,
3145 3899 3376 3972 presby-

1796 4020 1915 4083 teri,
1950 4016 2235 4086 recipiant.

1796 4131 1925 4187 Csr.
1961 4126 2052 4182 ΧΙ.
2096 4123 2168 4179 Ut
2219 4116 2515 4175 criminatio
2560 4120 2771 4187 peccata
2821 4107 3000 4187 multis
3041 4103 3282 4175 jejuniis,
3332 4110 3417 4155 et;

1831 4181 2024 4255 crebris
2044 4209 2233 4249 manus
2254 4181 2671 4260 impositionibus
2692 4199 2725 4236 a
2747 4181 3016 4235 sacerdote
3034 4183 3342 4247 purgentur.
3379 4220 3382 4223 .

2296 4280 2376 4335 Ex
2400 4278 2591 4333 eodem
2618 4287 2737 4342 cap.
2762 4269 2886 4325 126.

1871 4383 1949 4455 (v,
1971 4379 2084 4450 62.)
2110 4371 2424 4432 Criminalia
2454 4374 2676 4439 peccata
2711 4362 2896 4418 multis
2917 4357 3155 4431 jejuniis,
3184 4363 3242 4410 et
3267 4369 3422 4411 cre---

1801 4475 1914 4530 bris
1952 4483 2146 4526 manus
2191 4462 2534 4521 sacerdotum
2579 4451 3040 4526 impositionibus,
3088 4459 3416 4514 eorumque

1801 4559 2312 4637 supplicationibus,
2357 4553 2515 4624 juxta
2577 4561 2845 4604 canonum
2901 4549 3137 4604 statuta,
3183 4536 3390 4608 placuit

1800 4656 2041 4730 purgari.
2070 4653 2148 4707 Ita
2183 4657 2242 4704 ut
2277 4661 2438 4704 nemo
2484 4642 2601 4698 sine
2638 4653 2832 4694 manus
2871 4633 3213 4705 impositione
3239 4629 3409 4698 θυῖε-κ

1804 4751 1945 4822 copi,
1988 4755 2084 4803 aut
2120 4745 2236 4814 ejus
2274 4741 2431 4812 jussu
2471 4733 2700 4804 alicujus
2740 4725 3070 4803 presbyteri,
3100 4737 3159 4779 se
3198 4721 3417 4778 credat.

1805 4855 1926 4898 esse
1971 4854 2002 4893 a
2027 4836 2137 4893 suis
2182 4811 2515 4889 facinoribus
2563 4823 2888 4880 absolutum.
2929 4817 3048 4874 Non
3082 4811 3420 4869 eStmiran--

1809 4935 1967 4995 dum,
1999 4929 2044 4985 si
2089 4923 2360 4982 absolutio
2409 4924 2752 4991 peccatorum
2800 4926 2895 4984 per
2942 4917 3136 4963 manus
3172 4899 3398 4970 imposi-

1807 5025 2007 5078 tiouem
2061 5015 2318 5087 precibus
2368 5015 2430 5070 lit
2472 5006 2835 5071 sacerdotum,
2875 5015 3004 5060 cum
3044 4993 3308 5049 Dominus
3343 4991 3405 5044 in

1807 5112 1978 5170 veteri
2029 5109 2146 5175 lege
2189 5121 2364 5181 super
2415 5104 2574 5169 caput
2599 5087 2803 5153 hostiae
2845 5101 3071 5150 manum
3107 5080 3440 5137 sacerdotis.

2089 5201 2122 5228 ξι
2150 5175 2364 5228 ἕκητι-.--ε
2415 5190 2624 5228 Ώιοηῖηῖ
2657 5192 2790 5228 cinnl
2823 5200 2949 5228 hmo
2979 5195 3082 5228 I19."
3295 5177 3419 5228 1105‘

1809 5223 1873 5228 -._-
1887 5223 1918 5228 μ-
1933 5208 2122 5228 -.δοκίδα-ἰ.
