3904 5304
546 173 570 229 1
583 172 686 229 079

1612 163 1833 219 ISAACI
1873 156 2177 215 EPISCOPI
2217 154 2673 214 LINCONENSIS

3597 163 3689 218 W60

544 293 656 350 tur,
683 291 743 337 ut
775 290 1019 338 mortuus
1056 286 1337 347 resurgat;
1366 278 1502 333 dans
1533 276 1860 346 exemplum,
1887 283 1946 329 ut
1980 273 2120 326 sicut
2144 274 2193 330 Α
2221 270 2288 325 de
2322 272 2423 327 hoc
2452 273 2685 342 capitulo
2707 273 2985 332 habeatur.
3016 272 3226 328 illorum
3263 281 3432 328 tamen
3467 276 3691 332 nobissen-

544 374 647 442 ipsi
675 362 926 427 manibus
950 369 1139 426 tollunt
1163 367 1415 438 lapidem,
1445 377 1506 421 ut
1534 376 1783 421 mortuus
1804 372 2010 435 surgat.
2043 363 2115 417 ita

544 472 600 519 et
630 463 753 534 ipsi,
782 470 839 518 et
877 475 1220 517 successores
1242 474 1427 515 eorum
1449 500 1463 524 ,
1495 474 1687 513 manus
1729 455 2117 528 paenitentibus

544 556 845 624 imponant,
868 561 927 607 ut
953 566 1053 622 per
1094 550 1487 620 impositionem
1516 562 1772 601 manuum
1798 546 1911 600 suis
1937 543 2116 615 preci-

538 644 643 699 bus
671 651 939 698 mortuum
962 642 1029 697 de
1054 640 1319 712 sepulcro,
1349 640 1402 695 id
1426 648 1533 702 est,
1578 646 1918 708 peccatorem
1945 637 2011 690 de
2038 635 2117 688 vi-

542 735 636 790 tiis
660 747 882 806 surgere
905 742 960 788 et
979 731 1221 789 relevare
1249 730 1470 785 faciant.
1498 729 1730 784 Etsicut
1750 729 1823 782 illi
1851 726 2117 781 Lazarum

542 828 769 893 institis,
799 828 852 883 id
881 836 967 883 est
1004 825 1240 885 funibus.
1267 823 1594 893 colligatum,
1620 823 1840 891 jubente
1866 819 2114 883 Domino,

545 919 781 982 solvunt,
808 918 900 988 qui
938 918 1015 971 ait
1041 934 1054 969 :
1085 914 1277 970 Solvite
1299 931 1438 979 eum,
1466 922 1514 967 et
1545 912 1698 967 sinite
1719 912 1863 965 abire
1884 923 1903 962 .'
1928 909 1998 963 ita
2026 907 2115 962 isti

540 1024 730 1063 eorum
758 1006 1237 1077 supplicationibus
1282 1003 1576 1058 auxiliante
1599 1002 1845 1065 Domino,
1873 1009 1927 1054 et
1950 999 2113 1054 comi-

545 1106 695 1151 tante
733 1097 937 1167 Spiritu
974 1104 1184 1160 sancto,
1218 1094 1310 1164 qui
1356 1094 1411 1149 in
1457 1093 1544 1148 his
1580 1094 1802 1161 semper
1837 1098 2114 1161 operatur,

536 1197 637 1257 per
690 1201 882 1264 manus
923 1185 1317 1256 impositionem
1369 1190 1714 1252 peccatorum
1759 1180 1966 1237 solvant
2002 1180 2118 1234 vin-

539 1277 681 1343 cula,
719 1291 919 1347 eosque
957 1285 1199 1345 tempore
1227 1290 1256 1329 a
1299 1273 1501 1328 sanctis
1547 1272 1793 1342 patribus
1826 1269 2118 1326 constituto

537 1387 691 1428 sacra
713 1370 1040 1428 eucharistia
1065 1368 1483 1431 communicent,
1512 1375 1567 1422 ct
1586 1366 1863 1422 absolutos
1890 1365 1970 1420 ire
1992 1379 2117 1435 per-
2170 1379 2173 1384 ί

536 1461 773 1515 mittant.

536 1572 665 1627 CAP.
699 1571 810 1626 XII.
845 1571 912 1627 Ut
963 1571 1323 1642 paenitentibus
1364 1578 1522 1639 Juxta
1552 1566 1858 1621 canonicam
1886 1562 2116 1617 auctori-

610 1653 765 1696 tatem
790 1644 1089 1710 pmnitentia
1109 1642 1284 1703 detur,
1307 1650 1353 1710 et
1379 1650 1499 1710 ante
1527 1652 1800 1710 suspensos
1823 1652 1856 1688 α
1885 1649 2116 1687 commu-

608 1712 763 1766 nione
777 1706 1032 1766 excubare
1058 1710 1253 1780 faciant
1274 1709 1342 1764 ad
1373 1708 1462 1763 ecl
1476 1710 1596 1762 esite
1622 1706 1866 1777 oﬁicium.

1028 1819 1108 1875 Ex
1137 1819 1325 1875 eodem
1353 1833 1472 1888 cap.
1500 1816 1622 1873 128.

612 1926 1191 1998 tv,t15.)lltsecundum
1209 1926 1434 1982 formam
1451 1939 1716 1981 canonum
1731 1923 2119 1994 paenitentibus

540 2019 700 2073 detur
717 2019 1033 2090 poenitentia
1057 2035 1071 2073 :
1090 2027 1147 2073 et
1171 2017 1322 2088 prius
1334 2032 1426 2073 eos
1456 2032 1487 2071 a
1501 2015 1880 2072 communione
1894 2028 2119 2083 suspen-

539 2124 634 2166 sos
657 2110 725 2167 ad
744 2109 976 2166 ofﬁcium
1007 2109 1358 2165 ecclesiarum
1378 2108 1648 2162 excubare
1669 2104 1891 2170 faciant,
1911 2103 2120 2158 etinter

537 2201 776 2271 reliquos
801 2202 1125 2273 ptenitentes
1157 2200 1225 2256 ad
1254 2215 1446 2254 manus
1484 2197 1905 2268 impositionem,
1926 2194 2120 2250 crebro

538 2306 842 2346 recurrere.
869 2291 1098 2361 Expleto
1124 2299 1301 2344 autem
1335 2287 1717 2344 satisfactionis
1743 2294 2004 2354 tempore,
2034 2299 2120 2339 sa-

540 2381 800 2438 cerdotali
845 2397 1008 2453 prece
1034 2396 1133 2452 per
1164 2395 1357 2436 manus
1396 2378 1813 2449 impositionem,
1851 2376 2003 2446 juxta
2032 2391 2122 2432 or-

538 2472 719 2528 dinem
742 2481 1204 2528 sacramentorum
1224 2479 1279 2527 et
1306 2484 1591 2532 canonum,
1623 2467 1975 2524 reconcilient
2003 2482 2122 2538 pte-

538 2564 795 2629 nitentes,
818 2573 875 2620 et
899 2579 1052 2619 sacra
1074 2562 1451 2619 communione
1479 2558 1822 2616 conﬁrment.

538 2676 667 2732 CAP.
712 2674 847 2730 XIII.
879 2674 956 2729 De
981 2674 1061 2729 Itis
1099 2672 1188 2745 qui
1227 2681 1455 2745 separati
1483 2689 1516 2725 a
1542 2668 1902 2725 communione
1926 2664 2122 2737 fuerint

1143 2740 1523 2813 paenitentibus.

946 2853 1024 2907 Ex
1055 2852 1246 2907 eodem
1271 2850 1426 2913 libro,
1459 2863 1578 2919 cap.
1610 2847 1732 2903 129.

2220 366 2383 419 tentia
2415 366 2633 435 placuit,
2685 367 2778 437 qui
2816 367 3093 437 multiplici
3121 382 3339 421 numero
3360 369 3423 421 de
3467 369 3692 436 huiusmodi

2214 454 2502 511 humanius
2539 457 2911 521 decreverunt,
2954 466 3015 511 ut
3040 463 3095 511 et
3117 456 3370 511 memoria
3394 456 3553 510 talium
3574 460 3613 511 in
3633 476 3693 514 er-

2214 547 2394 603 clesiis
2430 549 2859 615 commendetur,
2894 557 2951 604 et
2973 548 3174 605 oblatio
3198 563 3295 617 pro
3317 562 3490 602 eorum
3521 548 3691 605 dedicata

2215 637 2492 710 spiritibus
2515 639 2827 708 accipiatur.

2214 748 2342 803 Car.
2378 748 2491 821 XV.
2529 750 2606 804 De
2631 751 2987 818 penitentibus
3027 768 3116 821 qui
3144 769 3209 806 ex
3236 752 3534 819 gravioribus
3555 753 3696 807 leviori-

2449 820 2642 891 busque
2666 821 2955 876 commissis
2982 820 3334 891 paenitentiam
3353 832 3539 892 gerunt.

2710 933 2788 989 Ex
2811 933 3004 988 eodem
3025 949 3145 1005 cap.
3176 934 3297 989 151.

2286 1045 2363 1117 (v,
2402 1046 2516 1120 67.)
2545 1050 2621 1105 De
2646 1050 3048 1119 paenitentibus.
3087 1050 3178 1119 qui
3206 1051 3323 1104 sive
3356 1065 3419 1105 ex
3446 1050 3695 1122 gravioribus

2217 1140 2537 1203 commissis,
2577 1141 2691 1196 sive
2716 1157 2783 1195 ex
2828 1141 3136 1203 levioribus,
3162 1142 3519 1211 parnitentiam
3549 1156 3695 1213 gerunt,

2217 1226 2263 1281 si
2296 1228 2437 1282 nulla
2461 1229 2748 1284 intervenit
2767 1229 3045 1301 tegritudo,
3058 1231 3248 1299 quinta
3278 1229 3406 1284 feria
3431 1243 3538 1285 ante
3560 1231 3695 1286 Pascha

2217 1320 2296 1374 eis
2338 1321 2717 1377 remittendum
2762 1322 3014 1377 Romanae
3046 1321 3305 1377 Ecclesia:
3344 1323 3697 1377 consuetudode-

2219 1421 2501 1467 monstrat.
2545 1412 2810 1468 Caeterum
2848 1414 2914 1468 de
2961 1414 3197 1484 pondere
3224 1413 3524 1467 :estimando
3546 1413 3696 1467 delicto-

2218 1521 2337 1560 rum
2378 1507 2672 1562 sacerdotis
2694 1516 2780 1563 est
2802 1505 3075 1578 judicare;
3126 1515 3186 1561 ut
3213 1505 3454 1560 attendat
3485 1505 3540 1557 ad
3562 1504 3697 1560 cole

2143 1612 2191 1673 Β
2220 1596 2425 1650 sionem
2456 1598 2787 1678 paenitentis,
2815 1604 2871 1653 et
2897 1596 2960 1651 ad
3003 1596 3162 1652 ﬂetus
3186 1607 3352 1667 atque
3389 1596 3608 1666 Iacrymas
3624 1611 3696 1649 cor-

2219 1686 2443 1756 rigendi,
2467 1701 2531 1741 ac
2555 1695 2664 1741 tum
2678 1686 2869 1755 jubere
2890 1688 3107 1751 dimitti,
3133 1702 3259 1743 cum
3287 1687 3473 1741 viderit
3494 1700 3696 1753 congruam

2217 1777 2663 1834 satisfactionem.
2704 1778 2847 1834 Sane
2873 1780 2916 1835 si
2947 1780 3068 1849 quis
3107 1779 3475 1849 aegritudinem
3514 1777 3694 1837 inciderit,

2217 1875 2380 1937 atque
2403 1884 2573 1939 usque
2601 1870 2665 1924 ad
2703 1871 3131 1940 desperationem
3158 1869 3458 1932 devenerit,
3481 1868 3524 1922 ei
3546 1876 3698 1923 estate

2219 1964 2431 2027 tempus
2474 1958 2695 2016 Paschze
2737 1960 3098 2025 relaxandum,
3130 1975 3201 2017 ne
3246 1962 3319 2017 de
3362 1960 3538 2017 sacculo
3567 1961 3699 2027 absque

2218 2051 2596 2107 communione
2626 2051 2884 2108 discedat.

2217 2163 2346 2221 Car.
2382 2165 2532 2241 _XVI.
2584 2164 2663 2241 ΔῐῙι
2706 2178 3033 2241 pwmtentes,
3084 2186 3172 2241 qm
3202 2185 3286 2241 rex
3330 2166 3697 2241 ςνσιξὶοτῖᾷιενα·

2289 2236 2419 2308 (illi;
2459 2238 2810 2305 penitentiam
2850 2249 3072 2308 gemat,
3097 2236 3293 2294 'tribus
3332 2236 3478 2292 annis
3512 2238 3591 2291 sint
3617 2237 3699 2287 ista

2291 2306 2561 2361 audientes
2612 2309 2660 2362 si
2680 2306 3221 2379 ueram'paenitentiam
3246 2309 3510 2379 gesserint.

2674 2412 2751 2467 Ex
2791 2413 2982 2468 eodem
3016 2413 3193 2481 capite
3221 2412 3351 2467 152.

2293 2523 2371 2591 (v,
2391 2520 2505 2592 69.)
2531 2522 2861 2580 Pmnitentes
2886 2524 2978 2595 qui
3016 2540 3083 2579 ex
3108 2523 3448 2596 gravioribus
3485 2518 3697 2578 commissis

2220 2616 2595 2684 paenitentiam
2641 2627 2871 2687 gerunt,
2921 2617 2965 2671 si
3005 2632 3072 2672 ex
3108 2616 3279 2671 corde
3309 2612 3698 2686 pteniteant,sicat

2222 2705 2437 2762 Nicaena
2464 2707 2699 2780 synodus
2723 2708 2790 2763 de
2817 2708 2980 2778 lapsis
3001 2707 3286 2764 constituit
3309 2708 3446 2777 (can.
3471 2706 3573 2771 ll),
3591 2703 3698 2757 tribus

2226 2795 2381 2850 annis
2411 2795 2519 2850 sint
2543 2795 2685 2851 inter
2708 2795 3018 2860 audientes,
3052 2795 3297 2866 quinque
3325 2809 3450 2849 vero
3473 2793 3545 2847 vel
3569 2799 3698 2859 seum

2224 2885 2385 2941 annis
2409 2883 2724 2954 subjaceant
2753 2885 2895 2940 inter
2921 2885 3245 2954 ptenitentes
3276 2882 3514 2939 manibus
3536 2877 3700 2934 sacerdo-

614 2964 693 3032 (νν
723 2961 836 3032 6⁵ο)
872 2960 975 3028 QUI
1025 2976 1054 3014 3
1100 2959 1475 3016 communione
1516 2968 1854 3029 separamur,
1904 2958 1957 3012 Ῐη
1987 2956 2122 3013 Ῑοοίε
2148 2954 2192 3017 C
2229 2982 2339 3028 tum
2363 3013 2379 3039 ,
2419 2974 2627 3029 duobus
2659 2973 2821 3029 etiam
2851 2973 3149 3028 oblationes
3174 2988 3284 3028 non
3313 2974 3536 3028 sinantur
3559 2965 3697 3025 oll'em.

537 3052 742 3121 quibus
770 3050 964 3107 seclusi
1016 3048 1231 3105 fuerant
1269 3064 1365 3119 per
1393 3063 1586 3103 manus
1616 3048 2013 3130 impositionem
2040 3061 2126 3101 re-

547 3145 752 3215 cipiant
779 3144 1233 3200 communionem.
1263 3141 1374 3198 Nec
1398 3157 1458 3197 se
1501 3142 1787 3213 quisquam
1831 3157 1860 3196 a
1890 3142 2128 3213 peccatis

544 3236 846 3292 absolutum
894 3238 1013 3293 sine
1055 3237 1480 3294 reconciliatoria
1532 3251 1725 3291 manus
1787 3236 2129 3307 impositione

543 3330 733 3384 credat
783 3346 797 3383 :
839 3327 932 3383 sed
974 3344 1068 3399 per
1094 3345 1286 3384 manus
1314 3328 1709 3399 impositionem
1758 3328 2008 3398 precibus
2035 3341 2126 3380 sa-

532 3421 821 3503 ‘rerdotum
849 3420 1242 3483 reconcilietur,
1276 3419 1416 3474 sicut
1443 3418 1739 3473 auctoritas
1764 3417 1929 3472 habet
1953 3415 2126 3472 eccle-

541 3510 784 3565 siastica.

542 3641 672 3696 Car.
709 3641 848 3697 XIV.
882 3642 963 3696 Ne
990 3644 1043 3696 in
1077 3642 1301 3710 conﬁnio
1327 3643 1511 3696 mortis
1537 3643 1787 3711 paenitens
1818 3658 1849 3695 a
1895 3640 2127 3695 reconci-

921 3712 1137 3765 liatione
1159 3712 1360 3765 diutine
1387 3710 1752 3782 suspendatur.

1032 3823 1110 3877 Ex
1138 3824 1324 3877 eodem
1351 3838 1471 3892 cap.
1503 3820 1625 3876 150.

617 3933 694 3998 (v,
722 3932 835 3991 65.)
878 3931 979 3999 Qui
1009 3931 1381 4001 pcenitentiam
1418 3931 1472 3985 in
1495 3930 1689 3986 mortis
1720 3930 1831 4000 agit
1862 3929 2123 3999 periculo,

548 4042 657 4080 non
677 4026 885 4081 diutine
908 4042 937 4079 a
970 4024 1423 4081 reconciliationis
1452 4024 1622 4093 gratia
1652 4022 1981 4077 dili‘erendus
2004 4030 2123 4086 est;

544 4118 642 4173 sed
668 4118 714 4174 si
742 4131 843 4189 pro
871 4126 1022 4173 certo
1050 4116 1238 4171 mortis
1272 4124 1428 4187 urget
1454 4114 1770 4184 periculum,
1811 4113 2123 4183 poenitentia

542 4214 646 4281 per
665 4226 856 4266 manus
882 4209 1277 4280 impositionem
1305 4218 1548 4277 accepta,
1576 4207 1758 4262 statim
1804 4215 1860 4261 et
1889 4206 2128 4262 reconci-

541 4303 694 4358 liatio
736 4303 1037 4359 adhibenda
1086 4310 1169 4358 est
1214 4317 1229 4355 ε
1273 4316 1340 4356 ne
1374 4302 1525 4371 prius
1574 4301 1642 4356 ab
1670 4300 1921 4356 humanis
1965 4301 2127 4355 rebus
2154 4310 2207 4370 ι)

540 4409 686 4464 aeger
711 4395 981 4458 abscedat,
1017 4409 1177 4464 quam
1222 4393 1423 4447 donum
1469 4393 1921 4449 reconciliationis
1975 4393 2123 4449 acci-

539 4486 689 4556 piat;
730 4485 914 4556 sicque
958 4486 1336 4555 superstitibus
1379 4484 1776 4554 quodammodo
1818 4484 2021 4540 doloris
2045 4484 2127 4538 vi-

542 4583 736 4636 deatur
756 4593 875 4634 esse
901 4579 1164 4649 perpetui,
1196 4577 1239 4632 si
1265 4577 1549 4647 prmcisum
1581 4577 1649 4631 ab
1676 4577 1931 4634 Ecclesiae
1960 4593 2127 4632 mem-

539 4672 657 4726 bris
698 4685 846 4732 eum,
896 4671 987 4740 qui
1038 4670 1223 4738 utique
1277 4668 1730 4723 reconciliationis
1768 4684 1873 4723 non
1928 4669 2126 4724 meruit

541 4763 794 4828 gratiam,
827 4762 1019 4831 raptim
1049 4776 1080 4815 e
1105 4761 1356 4830 praesenti
1388 4761 1497 4814 vita
1523 4762 1715 4815 mortis
1748 4769 1943 4814 natura
1991 4761 2121 4816 sub-

540 4854 779 4908 duxerit.
806 4852 961 4908 Unde
993 4851 1146 4920 juxta
1177 4867 1328 4921 papae
1356 4850 1552 4906 Leonis
1578 4851 1814 4907 edictum
1846 4853 2010 4923 (epist.
2055 4853 2125 4905 ad

545 4941 880 4996 Theodorum
903 4939 1169 5011 Forojul.)
1190 4955 1204 4994 :
1227 4961 1246 4993 ‹
1265 4940 1361 4995 llis
1381 4941 1472 5010 qui
1494 4941 1547 4996 in
1571 4950 1810 5012 tempore
1835 4943 2127 4998 necessita-

546 5031 638 5093 tis,
662 5038 716 5083 et
747 5028 800 5081 in
827 5028 1049 5094 periculi
1077 5030 1318 5097 urgentis
1364 5029 1640 5093 instantia,
1664 5031 1971 5099 prmsidium
2003 5045 2123 5100 pos-

540 5119 787 5175 tiitentite
819 5124 875 5170 et
907 5132 1033 5171 mox
1060 5118 1510 5174 reconciliationis
1539 5122 1846 5190 implorant,
1892 5138 1993 5178 nec
2036 5138 2117 5177 sa-

543 5208 789 5266 tisfactio
834 5206 1205 5262 interdicenda
1258 5219 1365 5270 est,
1409 5225 1507 5264 nec
1551 5213 1920 5268 reconciliatio
1963 5214 2125 5268 dene-

2229 3064 2322 3121 sed
2355 3064 2723 3123 tantummodo
2750 3063 3039 3144 populigin
3067 3064 3320 3119 oratione
3344 3063 3595 3118 sociemur.
3629 3056 3698 3110 Non

2229 3153 2626 3209 confundantur
2665 3153 2777 3211 Deo
2825 3154 2960 3209 colla
3009 3153 3355 3219 submittere,
3399 3153 3481 3222 qui
3518 3165 3610 3205 eum
3636 3161 3700 3200 non

2228 3244 2527 3299 timuerunt
2549 3244 2840 3315 abnegare.
2876 3244 3024 3311 Quod
3047 3244 3113 3305 si,
3136 3252 3327 3313 utpote
3366 3241 3598 3302 mortales,
3615 3237 3699 3290 inm

2228 3342 2403 3389 metas
2433 3334 2731 3405 praescripti
2765 3335 3019 3405 temporis
3047 3336 3278 3403 coeperit
3299 3335 3421 3389 vita:
3442 3332 3545 3387 linis
3561 3338 3698 3395 urgere.

2228 3423 2650 3479 subveniendum
2700 3433 2785 3479 est
2827 3424 3271 3496 implorantibus,
3317 3440 3409 3479 seu
3440 3422 3501 3476 ab
3530 3428 3699 3488 eplswl”

2227 3515 2317 3583 qui
2337 3515 2711 3585 paenitentiam
2736 3515 2902 3583 dedit,
2928 3531 3021 3571 seu
3042 3517 3110 3571 ab
3134 3516 3261 3579 alio,
3296 3517 3387 3586 qui
3417 3525 3567 3569 tamen
3587 3510 3700 3565 datam

2227 3622 2348 3662 esse
2369 3609 2698 3678 probaverit,
2725 3617 2817 3663 aut
2836 3607 3087 3663 similiter
3113 3623 3143 3662 a
3170 3610 3496 3679 presbytero,
3516 3605 3629 3675 jussu
3646 3604 3701 3649 Iul

2227 3699 2491 3768 permissu
2531 3706 2709 3752 tamen
2751 3698 2950 3769 proprii
2979 3698 3250 3769 episcopi,
3282 3712 3381 3768 per
3406 3708 3569 3750 manus
3596 3691 3701 3755 impo-

2229 3788 2477 3844 sitionem
2502 3830 2518 3856 ,
2565 3789 2907 3845 absolutione
2922 3805 3141 3860 precum
3165 3786 3581 3844 sacerdotalium,
3599 3775 3701 3831 ratio

2229 3894 2353 3934 cum
2383 3881 2704 3935 abeuntibus
2739 3881 2805 3936 de
2840 3879 3036 3935 saecqu
3073 3893 3178 3935 non
3216 3886 3451 3948 negetur.
3486 3870 3701 3929 Puen‘san-

2229 3980 2337 4025 tem
2359 4011 2374 4035 ,
2406 3971 2603 4040 quibus
2631 3986 2659 4025 a
2687 3972 2921 4042 puritate
2944 3969 3260 4025 vocabulum
3290 3976 3375 4023 est
3394 4008 3410 4032 ,
3442 3980 3522 4021 seu
3544 3956 3699 4016 clericis.

2230 4050 2323 4115 seu
2351 4060 2502 4117 laicis
2523 4102 2539 4125 ,
2582 4070 2674 4117 aut
2709 4062 2871 4117 etiam
2898 4059 3163 4137 similibus
3186 4058 3399 4130 puellis,
3425 4056 3587 4124 quibus
3608 4050 3702 4137 igno-

2231 4154 2404 4207 rantia
2430 4150 2755 4224 suffragatur
2772 4152 2947 4207 aetatis
2965 4135 3313 4220 ,aliquandiu
3348 4147 3444 4201 sub
3473 4153 3621 4197 manus

2230 4244 2497 4314 positione
2524 4244 2755 4300 detentis
2792 4242 3062 4298 reddenda
3095 4238 3400 4295 communio
3432 4243 3522 4291 est.
3549 4224 3700 4295 QII“dSi

2231 4345 2356 4391 ante
2397 4335 2720 4407 praeﬁnitum
2758 4333 3087 4404 poenitentiae
3126 4341 3335 4402 tempus
3368 4323 3701 4395 deSpecliame-

2230 4431 2385 4491 dicis.
2416 4438 2508 4484 aut
2528 4428 2867 4484 evidentibus
2893 4426 3082 4480 mortis
3114 4424 3284 4494 pressi
3322 4418 3532 4479 indiciis,

2230 4518 2623 4575 communionis
2670 4517 2843 4587 gratia
2889 4513 3297 4577 convaluerint,
3339 4499 3632 4587 servemusiu
3651 4499 3701 4545 eis

2231 4611 2372 4679 quod
2403 4607 2602 4663 Νίσιεηί
2633 4620 2869 4661 canones
2891 4605 3231 4668 ordinarunt,
3262 4609 3319 4654 ut
3341 4598 3598 4654 habeantur
3612 4586 3701 4684 iam

2232 4704 2355 4759 ilsos
2380 4702 2471 4772 qui
2519 4702 2572 4755 in
2619 4699 2864 4753 oratione
2904 4696 3014 4751 sola
3058 4685 3701 4751 communicant,douecm-

2230 4800 2443 4870 pleatur
2464 4796 2695 4865 spatium
2723 4792 2980 4863 temporis
3007 4789 3212 4845 eisdem
3238 4783 3530 4854 praestitum.

2230 4910 2360 4965 Car.
2400 4906 2563 4963 XVII.
2601 4904 2669 4960 Ut
2699 4905 2788 4975 qui
2832 4900 3180 4975 paenitentiam
3237 4892 3609 4975 publice‘gmwl
3636 4888 3699 4931 ’³³⁸

2487 4993 2625 5030 anno
2646 4966 2765 5030 cu'm
2788 4966 2957 5028 cilicio
2982 4972 3081 5025 sint
3102 4966 3245 5022 inter
3261 4966 3526 5043 audientes.

2720 5084 2800 5139 Ex
2825 5083 3008 5139 eodem
3045 5094 3163 5149 cap.
3195 5076 3311 5134 156.

2305 5204 2381 5275 (ν,
2408 5202 2522 5274 71.)
2558 5201 2659 5269 Qui
2686 5198 3054 5304 paenitentiam
3080 5193 3342 5304 publicam
3365 5172 3699 5304 gerunrtlldﬁ:
