3904 5304
93 168 239 231 Ιυὸῐ

1530 143 1871 201 CANONES.

3202 137 3345 192 I082
3408 190 3411 193 ,

88 283 273 340 Tribus
300 292 429 333 vero
458 274 613 332 annis
658 269 972 341 subiaceant
1010 268 1154 323 inter
1189 231 1654 336 pmnitentesina-
1683 266 1729 322 Α
1757 254 1885 308 Car.
1915 252 2053 308 XXI.
2108 251 2175 307 Ut
2213 254 2512 337 pmnitenles
2560 250 2672 337 non
2727 269 2781 335 se
2821 250 3035 305 credant
3077 249 3347 306 absolutos

89 376 237 431 nibus
288 370 627 426 sacerdotum
679 367 734 420 in
795 365 914 420 loco
964 372 1112 417 retro
1157 361 1356 414 ostium
1415 354 1659 411 ecclesiae

88 462 464 536 paenitentibus
506 456 839 519 constituto,
895 463 953 508 et
1002 466 1246 507 seorsum
1298 446 1437 502 infra
1486 446 1658 513 ipsam

88 552 361 609 ecclesiam
388 548 584 620 populo
606 546 842 609 secluso,
876 552 1057 597 tamen
1082 539 1194 609 jam
1226 554 1332 594 non
1372 537 1424 591 in
1455 544 1655 589 terram

87 643 378 718 prostrati,
410 642 504 697 sed
548 639 696 694 vultu
738 646 795 692 et
838 636 1014 717 capite
1054 633 1357 696 humiliato,
1385 627 1660 684 humiliter

88 742 139 789 et
159 749 223 789 ex
245 732 429 795 corde,
458 739 518 785 ut
538 743 698 799 supra
733 728 936 784 dictum
969 731 1084 789 est,
1120 723 1331 779 veniam
1362 719 1655 791 postulent,

87 835 139 882 et
157 840 252 898 pro
277 839 339 880 se
365 839 524 879 orare
546 829 859 893 exposcam.
901 819 1119 873 Duobus
1143 818 1306 872 etiam
1329 814 1486 868 annis
1511 811 1661 867 obla-

87 921 252 975 tiones
290 919 466 973 modis
498 918 749 973 omnibus
776 930 883 969 non
925 914 1172 968 sinantur
1196 908 1410 973 oﬂerre,
1442 907 1535 962 sed
1566 920 1661 975 po-

86 1017 217 1090 pulis
245 1013 621 1071 tantummodo
648 1013 704 1068 in
753 1011 1000 1067 oratione
1046 1008 1338 1072 sociemur,
1387 1014 1446 1059 ut
1484 1003 1660 1074 perfe-

85 1111 310 1167 ctionem
351 1107 581 1177 septimo
624 1110 681 1160 in
722 1118 881 1159 creua
916 1100 1129 1156 Domini
1153 1105 1573 1168 consequantur,
1604 1095 1659 1150 id

84 1212 163 1259 est
185 1217 280 1271 per
295 1199 554 1270 episcopi,
574 1198 658 1253 vel
683 1197 799 1268 ejus
824 1197 1002 1266 jussu,
1028 1195 1072 1249 si
1098 1194 1213 1262 ipse
1240 1194 1412 1254 abest,
1430 1190 1659 1245 aliorum

84 1295 419 1352 sacerdotum
440 1307 634 1349 manus
659 1289 1084 1360 impositionem,
1114 1285 1450 1340 absolutione
1473 1296 1659 1337 sacer-

84 1386 335 1441 dotalium
360 1400 580 1454 precum
603 1378 999 1437 communionis
1019 1374 1300 1433 catholica:
1324 1374 1552 1444 gratiam
1575 1386 1662 1425 re—

84 1476 305 1546 cepturi.
372 1476 429 1529 ln
484 1456 570 1528 Itis
636 1486 765 1527 vero
818 1478 1023 1540 septem
1081 1468 1238 1521 anuis
1295 1462 1661 1534 multipliciter

81 1564 296 1635 jejuniis
318 1605 334 1629 ,
384 1564 721 1618 orationibus
744 1602 760 1627 ,
796 1560 1014 1616 ﬂetibus
1037 1599 1052 1625 ,
1084 1568 1141 1613 et
1183 1558 1650 1626 eleemosynarum

2204 325 2316 379 sine
2337 340 2523 378 manus
2553 325 2900 393 impositioue.
3139 343 3151 352 -

2174 480 2177 483 Α
2252 416 2329 471 Ex
2354 417 2566 479 eodem,
2602 431 2722 485 cap.
2756 414 2850 469 il.

1828 529 1908 599 (ν,
1935 527 2049 599 76.)
2081 526 2415 582 Ρωηίιθηιθε
2439 566 2455 590 ,
2491 524 2584 597 qui
2630 524 2684 579 in
2732 523 3046 583 infirmitate
3086 522 3344 579 viaticum

1756 621 2100 678 euehat-istim
2127 626 2486 689 acceperunt,
2536 633 2645 673 non
2694 632 2755 673 se
2798 616 3027 671 credant
3071 616 3353 673 absolutos

1758 714 1875 768 sine
1903 727 2098 767 manus
2122 711 2489 793 impositione,
2519 710 2566 764 si
2595 708 3012 779 supervixeriut.

1756 822 1886 878 CAP.
1915 821 2082 896 XXII.
2127 819 2201 873 De
2228 818 2593 896 penitentibus
2614 808 3004 896 quianteguam
3030 816 3164 896 leges
3184 815 3348 896 paeni:

1829 894 2003 946 tentia:
2021 886 2393 960 exsequuntur.
2439 891 2485 943 si
2525 886 2651 943 casu
2697 890 2754 942 in
2791 886 2978 942 itinere
3005 886 3094 941 aut
3132 888 3188 941 in
3212 886 3350 941 mari

1829 963 2020 1017 mortui
2049 961 2264 1030 fuerint.

2255 1051 2335 1105 Ex
2359 1051 2573 1116 eodem,
2607 1064 2725 1121 cap.
2749 1049 2841 1105 42.

1829 1166 1905 1241 (v,
1938 1164 2051 1237 77.)
2089 1164 2424 1221 Pcenitentes
2449 1203 2465 1228 ,
2526 1163 2618 1232 qui
2665 1170 2954 1231 antequam
2994 1158 3140 1229 leges
3177 1156 3353 1228 pomi-

1762 1258 1942 1314 tentiae
1970 1264 2361 1324 exsequantur,
2411 1253 2453 1307 si
2482 1267 2609 1307 casn
2660 1252 2713 1305 in
2746 1251 2939 1305 itinere
2986 1248 3072 1304 vel
3112 1249 3164 1302 in
3213 1246 3351 1301 mari

1761 1348 1961 1402 mortui
1989 1346 2233 1411 fuerint,
2263 1345 2354 1399 ubi
2395 1343 2476 1398 eis
2508 1344 2762 1397 sacerdos
2800 1339 3088 1395 subvenire
3117 1353 3221 1393 non
3252 1352 3350 1407 po—

1763 1439 1949 1503 tuerit,
1979 1437 2241 1492 memoria
2268 1450 2455 1490 eorum
2481 1441 2536 1487 et
2556 1432 2892 1488 orationibus
2913 1439 2968 1485 et
2992 1427 3352 1485 oblationibus

1763 1531 2194 1587 commendetur.

83 1666 237 1727 prout
277 1656 469 1711 melius
513 1656 804 1726 potuerint,
853 1623 1274 1707 exhibitionibus
1316 1658 1372 1704 et
1396 1623 1652 1718 lacrymis
1679 1623 1728 1682 Β
1760 1645 1889 1701 CAP.
1917 1642 2103 1700 XXIII.
2147 1640 2213 1696 Ut
2238 1639 2413 1721 nullus
2446 1636 2758 1727 uitamrsine
2777 1633 3145 1727 fontmunione
3180 1631 3353 1700 ﬁniat.

83 1752 409 1822 persistaut,
452 1758 509 1804 et
552 1764 621 1804 ne
662 1748 888 1801 ulterius
932 1746 1013 1801 eis
1056 1745 1181 1799 talia
1221 1743 1537 1813 contingant
1563 1740 1660 1794 ad-

82 1844 296 1897 modum
323 1851 584 1906 caveaut,
631 1850 690 1895 ut
728 1847 1039 1893 mercantur
1061 1838 1207 1892 illam
1238 1836 1449 1890 Domini
1476 1847 1687 1887 vocem.

82 1933 264 1988 audire
304 1933 633 2003 inquientem
674 1945 688 1985 :
746 1929 891 1985 Vade
939 1937 987 1983 et
1033 1926 1260 1997 amplius
1300 1925 1409 1979 noli
1451 1938 1664 1992 peccare

81 2021 261 2083 lJoan.
292 2022 436 2092 VIII).

177 2177 308 2233 CAP.
346 2175 532 2231 XVIII.
574 2176 649 2268 Ue
677 2173 1041 2247 paenitentibus
1066 2169 1557 2243 transgressoribus.

489 2310 571 2365 Ex
591 2310 780 2365 eodem
806 2308 965 2374 libro,-
991 2324 1111 2376 cap.
1140 2307 1265 2361 157.

146 2440 224 2508 (v,
247 2439 371 2512 72.)
398 2438 471 2495 Ut
496 2441 550 2495 hi
574 2441 664 2511 qui
683 2439 951 2511 frequenti
965 2437 1669 2509 praevaricationepeccant,

81 2535 162 2591 vel
207 2535 585 2606 paenitentiam
629 2535 867 2600 iterant,
914 2531 1182 2601 frequenti
1232 2529 1521 2588 sententia.
1564 2528 1668 2582 nisi

82 2640 178 2695 per
198 2624 625 2681 satisfactionem
673 2640 793 2695 qua‘
829 2616 1168 2693 prievaricati
1207 2629 1334 2676 sunt
1380 2619 1671 2674 emendare

86 2716 348 2782 nitantur,
373 2729 725 2772 coerceantur
751 2714 832 2770 vel
855 2714 1302 2787 condemnentur,
1335 2720 1394 2766 ut
1416 2712 1531 2765 haec
1549 2724 1672 2779 qua:

85 2804 387 2862 voluntarie
430 2792 537 2861 non
580 2806 852 2861 diluerunt
897 2804 1053 2859 inviti
1093 2802 1402 2859 emendent.
1444 2800 1596 2869 Quod
1624 2801 1671 2855 si

86 2896 277 2967 aliquis
315 2898 588 2961 renuerit,
615 2904 669 2952 et
701 2897 986 2966 praeceptis
1020 2897 1136 2951 suis
1164 2894 1461 2951 sacerdotis
1487 2892 1673 2948 inobe-

86 2962 233 3043 diens
274 2989 624 3059 apparuerit,
666 2962 959 3044 secundum
1002 2987 1220 3042 modum
1249 2985 1420 3055 culpa:
1446 2999 1668 3039 excom-
1697 2962 1745 3025 (ἶ

84 3080 407 3135 municctur.
490 3078 548 3134 Si
602 3079 725 3149 quis
763 3086 941 3132 autem
990 3077 1073 3132 his
1111 3086 1237 3131 ante
1267 3074 1668 3131 reconciliatio-

85 3183 241 3236 nem,
295 3179 584 3225 eteorum
652 3168 1117 3234 satisfactionem,
1188 3168 1395 3237 absque
1467 3165 1671 3237 proprii

87 3260 319 3332 episcopi
360 3262 577 3317 licentia
617 3257 1019 3316 communicare
1047 3258 1481 3330 praesumpserit,
1511 3256 1673 3312 simili

88 3351 637 3407 excommunicationi
685 3351 980 3422 subjaceat.
1028 3350 1351 3407 Sacerdotes
1379 3358 1578 3411 autem,
1606 3349 1675 3404 ad

88 3455 220 3511 quos
248 3443 527 3512 pertinere
571 3453 887 3508 noscuntur,
942 3443 988 3499 si
1023 3458 1117 3499 eos
1161 3443 1398 3513 quolibet
1431 3458 1675 3505 munere,

89 3540 179 3587 aut
205 3532 390 3589 favore
411 3573 427 3598 ,
456 3533 540 3589 vel
570 3534 894 3605 negligentia
933 3536 1222 3590 admonere
1252 3535 1550 3600 noluerint,
1584 3544 1679 3588 aut

89 3635 182 3692 per
217 3621 651 3679 satisfactionem
679 3632 1011 3679 revertentes
1050 3639 1158 3679 non
1189 3625 1554 3694 susceperint,
1585 3633 1681 3679 aut

91 3721 499 3769 contemnentes
527 3714 593 3769 de
627 3714 852 3770 ecclesia
884 3731 990 3771 non
1004 3716 1334 3789 .rejecerint,
1369 3715 1530 3770 simili
1557 3730 1681 3770 sen-

93 3803 255 3857 tentia
297 3803 640 3874 plectantur,
687 3818 929 3874 quosque
978 3805 1061 3860 vel
1110 3806 1545 3871 emendationis,
1595 3806 1680 3861 vel

93 3909 277 3950 eorum
303 3897 672 3952 damnationis
695 3898 961 3952 sententia
984 3898 1374 3969 promulgetur.

216 4050 348 4107 CAP.
384 4049 531 4106 XIX.
573 4050 648 4104 De
679 4050 1135 4122 negligentioribus
1160 4051 1544 4122 paenitentibus.

589 4161 667 4216 Ex
693 4163 904 4227 eodem,
922 4178 1040 4232 cap.
1071 4162 1192 4218 I59.
1218 4230 1224 4233 δ

2059 1730 2151 1767 nec
2183 1711 2428 1765 unctione
2458 1706 2711 1762 benedicti
2741 1705 2839 1759 olei
2862 1712 3057 1758 careat.

2248 1802 2328 1856 Ex
2358 1800 2496 1853 libro
2524 1814 2599 1860 vr,
2623 1810 2743 1865 cap.
2778 1794 2868 1849 75.

1836 1917 1932 1987 (vr,
1963 1915 2079 1985 75.)
2115 1912 2172 1969 Si
2197 1913 2251 1967 in
2281 1912 2598 1966 infirmitate
2626 1907 2997 1977 deprehensus
3020 1905 3143 1973 quis
3170 1901 3355 1966 fuerit,

1764 2009 1934 2061 vitam
1979 2003 2520 2061 sine‘communione
2570 2015 2673 2054 non
2719 1990 2907 2056 ﬁniat.
2954 2010 3056 2050 nec
3101 1994 3359 2048 unctione

1764 2098 1966 2156 sacrati
2006 2097 2110 2152 olei
2158 2104 2385 2152 careat:
2419 2102 2475 2148 et
2503 2093 2546 2147 si
2600 2093 2761 2145 linem
2802 2087 3126 2159 perspiciat,
3177 2100 3361 2139 sacro-

1769 2203 1958 2251 sancto
1984 2206 2211 2262 corpore
2239 2188 2349 2243 Deo
2385 2187 2564 2241 anima
2595 2182 2711 2252 ejus
2736 2199 2767 2236 a
2802 2179 3082 2236 sacerdote
3109 2177 3361 2248 precibus

1770 2284 2202 2341 commendetur.

1770 2401 1900 2457 CAP.
1927 2397 2121 2454 XXIV.
2176 2394 2243 2451 Ut
2270 2395 2444 2451 nullus
2475 2394 2739 2465 presbyter
2756 2391 2983 2465 amplius
3009 2406 3169 2461 quam
3200 2403 3362 2443 unum

2229 2464 2501 2522 ecclesiam
2529 2466 2627 2518 sibi
2650 2464 2895 2518 vindicet.

2279 2556 2358 2609 Ex
2381 2556 2591 2619 eodem,
2626 2568 2747 2621 cap.
2790 2552 2879 2606 76.

1847 2670 1946 2743 (vt,
1974 2669 2092 2740 75.)
2137 2668 2479 2736 Quapropter
2533 2665 2784 2720 onmibus
2832 2663 3035 2733 placuit
3083 2669 3143 2716 ut
3189 2657 3369 2716 nullas

1771 2764 2057 2835 presbyter
2081 2762 2313 2830 amplius
2340 2775 2500 2830 quam
2530 2774 2691 2812 unam
2723 2758 3009 2812 ecclesiam
3049 2756 3154 2845 sibi
3189 2754 3366 2809 vindi-
3416 2762 3422 2769 ‘

1775 2854 2048 2924 cet:quia
2079 2854 2220 2907 sicut
2255 2850 2625 2920 unusquisque
2668 2847 2946 2903 surcularis
2986 2838 3109 2901 non.
3137 2838 3370 2914 amplius

1774 2961 1936 3017 quam
1961 2960 2122 2999 unam
2161 2943 2362 2997 habere
2408 2941 2569 2996 debet
2605 2954 2828 2993 uxorem
2851 2978 2866 3003 ,
2899 2937 2974 2991 ila
2999 2935 3369 3005 unusquisque

1778 3037 2064 3109 presbyter
2107 3050 2215 3091 non
2263 3034 2496 3104 amplius
2544 3048 2708 3102 quam
2756 3046 2919 3086 unam
2968 3030 3168 3086 habere
3211 3028 3372 3084 debet

1776 3128 2084 3185 ecclesiam.

1776 3242 1906 3299 CAP.
1956 3238 2124 3294 XXV.
2164 3237 2244 3293 De
2286 3253 2391 3292 non
2420 3234 2728 3305 recipiendis
2767 3233 2952 3288 alienis
2982 3230 3370 3303 paenitentibus.

2197 3330 2272 3384 Ex
2310 3329 2496 3384 eodem
2523 3327 2683 3389 libro,
2709 3338 2830 3393 cap.
2860 3323 2982 3377 I51.

1850 3447 1949 3517 (vr,
1983 3444 2134 3514 I29.)
2179 3442 2279 3508 Qui
2307 3454 2406 3510 pro
2431 3438 2626 3494 delicto
2652 3450 2750 3491 suo
2788 3450 2819 3489 a
2863 3432 3243 3490 communione
3292 3446 3375 3486 se-

1776 3545 2060 3610 parantur,
2104 3534 2309 3605 placuit
2345 3540 2404 3586 ut
2434 3531 2486 3585 in
2529 3528 2943 3600 quibuscunque
2986 3525 3119 3580 locis
3156 3522 3377 3579 fuerant

1778 3626 2006 3688 exclusi,
2053 3625 2255 3680 eisdem
2298 3621 2434 3677 locis
2480 3619 2917 3675 communionem
2944 3612 3407 3685 consequantur.‘

1780 3740 1909 3797 CAP.
1936 3737 2127 3795 XXVI.
2162 3736 2229 3791 Ut
2259 3746 2459 3805 tempus
2495 3731 2852 3805 paenitentiam
2878 3731 2933 3784 in
2958 3716 3377 3784 consideratione

2315 3802 2543 3875 episcopi
2571 3803 2841 3855 consistat.

2282 3896 2362 3950 Ex
2391 3894 2532 3949 libro
2556 3908 2649 3955 vn,
2680 3907 2799 3962 cap.
2829 3890 2882 3945 5.

1856 4015 1975 4086 (vn,
2023 4010 2102 4080 '5.)
2144 4009 2319 4063 Penes
2371 4005 2656 4075 episcopos
2706 4002 2812 4057 erit
2855 4008 3114 4072 potestas,
3157 3998 3379 4053 modum

1783 4100 2209 4161 conversationis
2230 4095 2611 4168 paenitentiam
2637 4092 2950 4160 probantes,
2980 4089 3061 4142 vel
3087 4088 3379 4143 humanius

1786 4212 1914 4265 erga
1942 4209 2036 4249 eos
2072 4204 2253 4262 agere,
2282 4186 2369 4241 vel
2413 4183 2644 4252 amplius
2678 4192 2893 4250 tempus
2935 4178 3190 4247 adjicere.
3238 4177 3380 4231 Ante

166 4275 243 4347 (γ,
267 4276 387 4349 74.)
427 4275 500 4332 Ut
524 4275 938 4347 negligentiores
966 4276 1289 4346 poenitentes
1316 4275 1522 4330 tardius
1551 4274 1671 4330 reci-

1796 4286 1967 4342 omnia
2014 4296 2142 4337 vero
2185 4277 2495 4350 praecedens
2525 4288 2712 4328 eorum
2744 4272 2879 4335 vita,
2926 4278 2983 4323 et
3003 4266 3269 4339 posterior
3296 4265 3382 4320 in-

101 4365 336 4435 piantur.

102 4498 225 4556 CAP.
256 4500 376 4557 XX.
416 4500 499 4556 De
524 4517 584 4555 eo
605 4502 695 4572 qui
724 4502 1076 4571 penitentiam
1110 4517 1166 4555 tn
1199 4501 1505 4570 inﬁrmitate
1538 4500 1685 4572 petit.

602 4611 683 4666 Ex
711 4611 922 4676 eodem,
946 4626 1064 4682 cap.
1095 4611 1186 4665 40.

175 4724 246 4795 (ν,
277 4725 390 4796 75.)
430 4724 483 4779 Is
507 4723 600 4794 qui
627 4723 1001 4794 ptenitentiam
1032 4722 1085 4777 in
1117 4721 1433 4779 infirmitate
1461 4721 1614 4792 petit,
1643 4722 1688 4777 si

109 4827 254 4879 casu,
280 4815 407 4868 dum
436 4815 505 4868 ad
529 4828 654 4868 eum
686 4814 941 4869 sacerdos
972 4813 1233 4868 invitatus
1257 4818 1438 4881 venit,
1464 4829 1692 4883 oppres-

109 4919 197 4960 sns
226 4905 839 4971 infirmitateobmutuit,
853 4907 935 4963 vel
962 4907 1014 4962 in
1040 4906 1330 4976 phrenesin
1358 4922 1553 4963 versus
1576 4906 1693 4963 fue-

112 4995 197 5060 rit,
225 4996 352 5051 dent
379 4997 747 5052 testimonium
769 4998 861 5066 qui
887 5014 1009 5054 eum
1038 4999 1342 5070 audierunt,
1373 5009 1432 5057 et
1463 4999 1696 5070 accipiat

112 5090 477 5159 paenitentiam
521 5106 535 5143 :
586 5099 644 5144 et
685 5091 730 5145 si
778 5095 1034 5149 continuo
1080 5094 1317 5151 creditur
1370 5092 1689 5162 moriturus,

111 5180 485 5235 reconcilietur
512 5192 614 5248 per
635 5195 824 5233 manus
848 5182 1267 5255 impositionem,
1292 5195 1348 5241 et
1370 5179 1696 5239 infundatur

109 5268 187 5304 ιιι-ἰ
210 5268 321 5304 οἴης
346 5266 673 5304 nnnhqriﬂio
739 5267 794 5304 Ri
839 5271 1193 5304 cunni-Ir:vnI-:I
1280 5279 1697 5304 ιηησηηιηηοηιιι-

1790 4376 2039 4446 quiratur
2070 4388 2085 4425 :
2117 4379 2173 4424 et
2206 4369 2279 4422 ita
2307 4367 2386 4422 eis
2417 4362 2764 4433 impartiatur
2805 4357 3137 4416 humanitas.

1792 4480 1918 4542 Cui.
1967 4478 2178 4536 XXVII.
2225 4477 2304 4532 De
2334 4472 2695 4548 paenitentiam
2734 4469 3126 4527 conversatione
3167 4477 3216 4521 et
3258 4465 3385 4535 ﬁde.

2236 4569 2317 4625 Ex
2348 4570 2537 4624 eodem
2575 4564 2739 4631 libro,
2762 4580 2881 4636 cap.
2906 4563 2962 4620 6.
3109 4613 3113 4617 .

1869 4672 1987 4741 (vn,
2016 4665 2093 4738 4.)
2126 4659 2480 4719 Conversatio
2501 4657 2883 4727 paenitentiam
2924 4663 2983 4712 et
3006 4650 3140 4707 fides
3182 4661 3399 4721 tempus

1801 4746 2103 4824 abbreviat.

1972 4874 2101 4930 Car.
2132 4866 2371 4923 XXVIII.
2408 4864 2487 4920 De
2507 4863 2870 4934 satisfactione
2891 4854 3238 4937 ptznitentiaz.

2314 4960 2402 5013 .Ex
2427 4955 2645 5020 eodem,
2674 4974 2797 5030 cap.
2817 4962 2908 5016 20.

1879 5064 1999 5136 (vn,
2023 5052 2134 5121 η.)
2158 5049 2475 5107 Satisfactio
2502 5049 2842 5115 paenitentia:
2870 5063 2983 5109 non
3011 5046 3097 5096 est
3130 5045 3430 5107 ωιιιιιειιι-

1807 5128 1958 5235 priris
2000 5144 2359 5214 longitudine,
2401 5153 2564 5210 quam
2600 5143 2789 5202 cordis
2831 5128 3260 5209 compunctioue
3298 5132 3440 5198 pet!-

1810 5249 1999 5304 sandtl.
3204 5286 3205 5289 η
3432 5242 3435 5245 ’
