3904 5304
496 333 638 389 1083

1561 332 1786 389 ISAACI
1827 331 2130 387 EPISCOPI
2171 329 2623 393 LINGONENSIS

3616 345 3738 406 1W

491 450 550 498 et
597 441 824 498 arbitrio
869 449 997 497 sunt
1028 440 1426 504 constituenda,
1476 451 1635 511 prout
1683 457 2066 498 conversorum
2096 443 2144 500 A
2173 420 2370 499 lientur
2407 454 2570 516 atque
2607 447 2988 518 dijudicentur,
3019 451 3485 522 consolenturque
3528 462 3586 507 et
3619 470 3744 524 νω-

492 535 705 590 animos
749 534 1060 590 sacerdotes
1105 533 1341 589 viderint
1377 549 1495 590 esse
1542 536 1763 590 devotos
1805 552 1817 589 :
1867 536 2072 605 pariter

491 626 658 680 etiam
695 625 954 680 habentes
993 625 1170 680 uitatis
1209 624 1395 680 senilis
1421 626 1694 691 intuitum,
1724 635 1779 680 et
1807 626 2073 695 periculo-

491 730 611 770 rum
647 729 987 785 quorumque
1036 721 1132 769 aut
1167 713 1546 785 aegritudinum
1584 714 1940 784 reSpicientes
1979 727 2072 768 ne-

488 805 797 862 oessitates.

561 920 692 978 (ΞΔΡ.
721 919 895 976 XXX.
928 919 1252 1009 De‘arbitrio
1277 919 1503 990 episcopi
1530 936 1652 990 erga
1678 919 1976 990 penitentes

916 1012 999 1068 Ex
1020 1013 1210 1069 eodem
1231 1011 1388 1077 libro,
1405 1027 1524 1080 cap.
1551 1011 1642 1067 '50.

563 1127 691 1200 (vn,
734 1126 846 1198 18.)
905 1125 1301 1182 Pmnitentibus
1349 1126 1644 1181 secundum
1713 1124 2070 1179 dill'erentiam

490 1227 834 1290 peccatorum
885 1217 1125 1292 episcopi
1173 1215 1402 1273 arbitrio
1443 1215 1777 1285 poenitentiae
1830 1225 2070 1287 tempora

493 1312 872 1369 decernuntur.
1135 1321 1140 1326 ‘
1669 1327 1672 1330 ’

702 1421 832 1479 CAP.
861 1419 1054 1477 XXXI.
1101 1420 1181 1477 De
1202 1421 1505 1476 remissione
1529 1420 1860 1490 paenitentia.

987 1513 1068 1569 Ex
1095 1513 1312 1578 eodem,
1341 1527 1460 1582 cap.
1486 1512 1576 1568 56.

561 1609 640 1681 (v,
684 1607 797 1679 67.)
841 1607 1195 1674 Pmnitentes,
1247 1607 1556 1678 quicunque
1620 1621 1687 1661 ex
1737 1605 2072 1678 gravioribus

489 1697 608 1754 sive
654 1713 723 1753 ex
775 1698 1066 1754 levioribus
1109 1698 1280 1768 culpis
1324 1697 1700 1768 pcenitentiam
1738 1704 1974 1769 gerunt,
2025 1696 2070 1750 si

490 1787 638 1842 nulla
667 1787 957 1843 intervenit
1000 1789 1280 1860 aegritudo,
1309 1789 1496 1859 quinta
1528 1787 1662 1843 feria
1697 1796 1826 1843 ante
1864 1787 2071 1842 Pascha
2102 1804 2150 1862 Β

489 1877 574 1933 eis
597 1887 681 1934 est
700 1878 1103 1934 remittendum.
1131 1877 1395 1934 Caeterum
1415 1879 1481 1934 de
1500 1879 1738 1948 pondere
1757 1879 2072 1935 aestimando

491 1969 812 2026 delictorum
846 1970 1140 2026 sacerdotis
1159 1979 1242 2024 est
1257 1969 1521 2038 judicare.

489 2079 619 2136 CAP.
659 2077 873 2134 XXXII.
906 2079 1058 2161 Quod
1082 2079 1444 2148 paenitentibus
1496 2078 1644 2161 nulla
1669 2077 1816 2134 lucra
1849 2079 2075 2150 negotia-

922 2158 1080 2202 tionis
1101 2164 1337 2203 exercere
1365 2158 1651 2204 conveniat.

1001 2237 1080 2291 Ex
1107 2237 1316 2304 eodem,
1341 2253 1459 2308 cap.
1485 2237 1574 2295 68.

561 2355 681 2427 (vn,
713 2354 830 2426 41.)
877 2352 1034 2409 Nulla
1086 2353 1237 2410 lucra
1280 2354 1662 2426 negotiationis
1687 2353 2073 2424 pmnttenlibus

490 2459 748 2500 exercere
794 2443 1070 2509 convenit,
1111 2444 1236 2512 quia
1269 2441 1479 2498 dilIieile
1503 2451 1589 2497 est
1613 2445 1756 2498 inter
1792 2443 2073 2496 vendentis

488 2537 832 2605 ementisque
881 2535 1270 2591 commercium
1325 2549 1432 2588 non
1487 2534 1816 2589 intervenire
1879 2548 2071 2604 pecca-

493 2634 631 2680 tum.

488 2739 618 2796 CAP.
649 2738 884 2795 XXXIII.
927 2738 997 2795 Ut
1027 2757 1175 2796 nemo
1195 2741 1520 2808 pwnitentem
1561 2739 1778 2794 alterius
1803 2739 2070 2811 parochias

1153 2811 1405 2865 absolvat.

995 2900 1070 2955 Ex
1097 2901 1310 2968 eodem,
1341 2917 1458 2972 cap.
1485 2901 1571 2955 77.

561 3013 683 3092 (vn,
708 2993 822 3084 49.)
857 3012 1046 3069 Nullus
1073 3016 1324 3070 sacerdos
1368 3015 1422 3070 in
1447 3015 1669 3070 alterius
1706 3015 1948 3082 civitate,
1984 3015 2070 3069 vel

490 3108 732 3172 dimcesi,
767 3108 1139 3177 paenitentem,
1179 3107 1264 3162 vel
1286 3107 1385 3162 sub
1423 3123 1586 3161 manu
1616 3107 1848 3176 positum
1886 3121 2069 3162 sacer-

490 3199 654 3263 dotis,
704 3198 791 3252 vel
836 3200 928 3269 qui
978 3198 1387 3254 reconciliatum
1436 3214 1496 3253 se
1541 3213 1661 3253 esse
1703 3198 1919 3264 dixerit,
1953 3198 2068 3253 sine

488 3307 757 3348 consensu
802 3302 856 3347 et
884 3293 1080 3350 litteris
1109 3295 1368 3366 episcopi,
1411 3293 1494 3349 vel
1518 3294 1836 3364 presbyteri,
1871 3294 1925 3348 in
1971 3308 2070 3362 pa-

489 3383 677 3438 rochia
727 3382 1032 3456 presbyter,
1081 3395 1176 3440 aut
1217 3385 1498 3456 episcopus
1532 3385 1586 3438 in
1632 3385 1850 3440 civitate
1899 3385 2072 3440 susci-

491 3475 620 3544 piat.

488 3585 618 3639 Csr.
667 3583 905 3640 XXXIV.
936 3585 1014 3640 De
1062 3587 1144 3641 liis
1172 3587 1282 3658 qui,
1328 3588 1626 3653 paenitentia
1669 3597 1914 3659 accepta,
1957 3605 2070 3643 mo-

1169 3676 1396 3730 riunlur.

973 3762 1051 3818 Ex
1081 3765 1293 3829 eodem,
1319 3781 1438 3835 cap.
1468 3765 1588 3821 158.

560 3872 682 3943 (vn,
713 3872 859 3944 101.)
900 3872 977 3928 De
1003 3874 1087 3928 his
1131 3875 1224 3943 qui
1251 3876 1506 3930 recedunt
1533 3877 1598 3930 dc
1626 3892 1854 3948 corpore
1896 3892 2072 3947 pom.-

493 3964 664 4019 'tentia
713 3974 956 4034 accepta,
984 3965 1185 4034 placuit
1237 3965 1354 4021 sine
1402 3968 1830 4023 reconciliatoria
1877 3985 2070 4024 uulnus

497 4053 841 4123 impositione
868 4055 948 4110 eis
979 4056 1395 4122 communicare,
1429 4059 1571 4127 quod
1617 4059 1895 4114 morientis
1920 4059 2066 4115 sulli-

493 4144 570 4199 cit
607 4143 982 4211 consolationi,
1008 4146 1300 4200 secundum
1329 4145 1666 4204 deﬁnitiones
1691 4147 1911 4203 Patrum
1930 4190 1945 4216 ,
1976 4149 2069 4218 qui

490 4232 794 4302 huiusmodi
823 4237 1257 4292 communionem
1297 4249 1657 4308 congruenter
1683 4241 1939 4296 viaticum
1968 4257 2067 4296 no-

489 4325 785 4379 minarunt.
830 4324 981 4392 Quod
1024 4327 1070 4382 si
1112 4329 1530 4397 supervixerint,
1579 4341 1722 4385 stent
1777 4331 1828 4384 in
1883 4332 2072 4386 ordine

490 4413 891 4483 pmnitentium,
942 4423 1040 4482 ut,
1085 4418 1317 4472 ostensis
1371 4420 1694 4474 necessariis
1737 4420 2069 4491 poenitentiae

2176 537 2424 593 dicentur
2441 541 2571 609 quid
2618 543 2868 612 deinceps
2889 559 3065 616 agere,
3098 546 3296 614 quidve
3330 548 3508 600 vitare
3533 548 3742 608 debeant

2175 630 2519 684 instruantur
2543 648 2557 684 :
2590 641 2752 703 atque
2779 635 2996 705 insuper
3015 636 3212 691 divinis
3239 637 3503 707 precibus
3527 652 3742 708 perma-

2174 736 2278 776 nus
2312 723 2707 792 impositionem
2739 727 2804 779 ab
2829 727 3082 795 episcopo
3110 736 3391 781 sanentur.
3425 726 3586 782 Nullo
3609 743 3743 782 nam-

2175 827 2281 882 que
2335 822 2576 885 tempore
2626 817 2947 888 presbytero
2995 819 3048 873 in
3096 818 3313 889 publica
3365 821 3538 874 missa
3588 820 3746 889 pani-

2174 912 2377 959 tentem
2425 907 2774 963 reconciliare
2822 909 2939 963 sine
2977 908 3193 964 licentia
3240 909 3491 979 episcopi
3539 923 3747 964 conoes-

2170 1009 2293 1050 sum
2319 1003 2421 1051 est.
2448 995 2505 1052 Si
2535 999 2656 1068 quis
2685 999 2789 1054 hoc
2827 999 3006 1056 facere
3034 1000 3468 1071 praesumpserit,
3498 1000 3746 1056 cannula

2174 1089 2513 1144 correctione
2540 1090 2850 1146 mulctetur.

2245 1202 2372 1257 CAP.
2425 1203 2663 1258 XXXVI.
2702 1205 2806 1269 Qui
2837 1203 3264 1286 lugetabstinere
3287 1205 3473 1260 debeat
3503 1221 3539 1258 α
3563 1221 3686 1259 coll-

2877 1293 3040 1328 vivus.

2647 1366 2727 1420 Ex
2757 1368 2968 1432 eodem,
2996 1381 3118 1436 cap.
3147 1365 3274 1421 245.

2246 1473 2364 1545 (vn,
2393 1473 2538 1539 145.)
2585 1472 2686 1540 Qui
2722 1473 2869 1544 luget
2895 1474 3169 1530 abstinere
3198 1489 3232 1528 a
3259 1473 3558 1538 conviviis,
3583 1484 3750 1530 aea-

2176 1569 2444 1623 namentis
2471 1579 2525 1623 et
2550 1568 2669 1623 alba
2697 1580 2866 1624 veste.
2915 1557 2928 1569 ’
3379 1641 3384 1645 _

2181 1682 2309 1739 CAP.
2344 1683 2603 1739 XXXVII.
2630 1684 2706 1738 De
2734 1685 3113 1755 pwniteutibus,
3147 1683 3382 1755 qualiter
3404 1682 3751 1754 paenitentia

2567 1813 2574 1829 ,
2703 1757 2920 1808 debeant
2965 1757 3216 1823 accipere.

2660 1847 2740 1902 Ex
2775 1847 2984 1912 eodem,
3017 1862 3136 1916 cap.
3166 1846 3296 1901 3l0.

2248 1956 2364 2027 (vn,
2393 1956 2543 2028 23L)
2582 1957 2932 2021 Pmnitentes,
2975 1965 3218 2025 tempore
3242 1971 3354 2026 quo
3383 1953 3752 2024 penitentiam

2175 2056 2384 2119 petunt,
2411 2048 2808 2117 impositionem
2841 2063 3032 2102 manus
3061 2054 3117 2101 et
3143 2046 3390 2101 cilicium
3423 2061 3457 2099 a
3483 2045 3750 2100 sacerdote

2175 2147 2610 2207 consequantur;
2640 2148 2696 2193 et
2722 2139 2767 2192 si
2797 2147 2892 2191 aut
2919 2153 3103 2194 comas
3122 2152 3230 2192 non
3258 2137 3640 2207 deposuerint,
3669 2145 3748 2189 aut

2175 2229 2496 2282 vestimenta
2522 2244 2626 2282 non
2651 2228 2997 2291 mutaverint,
3023 2227 3384 2296 abjiciantur:
3403 2237 3463 2280 et
3486 2225 3752 2294 uisidigue

2176 2318 2552 2387 pmnituerint,
2603 2333 2709 2371 non
2753 2317 3098 2386 recipiantur.
3130 2315 3437 2371 Juvenibus
3461 2315 3625 2370 etiam
3655 2327 3747 2368 nm

2173 2409 2330 2462 facile
2353 2409 2665 2479 pmnitcntia
2686 2408 3064 2464 committenda
3089 2417 3193 2473 est,
3211 2418 3445 2477 propter
3463 2406 3641 2462 aetatis
3657 2404 3750 2459 fra-

2175 2498 2458 2568 gilitatem.
2498 2497 2765 2553 Viaticum
2794 2508 2973 2554 tamen
2998 2498 3249 2554 omnibus
3279 2499 3338 2553 in
3370 2506 3557 2554 morte
3574 2495 3749 2569 positis

2174 2603 2281 2642 non
2310 2589 2702 2660 denegandum.

2173 2700 2303 2757 Car.
2340 2701 2617 2758 XXXVIII.
2646 2702 2726 2774 De
2751 2702 3110 2774 penitentibus
3142 2719 3284 2773 quae,
3315 2703 3594 2774 defunctis
3613 2701 3728 2758 ciris

2601 2772 2722 2827 aliis
2753 2772 2950 2827 nubere
2975 2772 3322 2844 praesumunt.

2652 2864 2732 2920 Ex
2759 2865 2970 2931 eodem,
2999 2879 3119 2934 cap.
3149 2864 3274 2919 517.

2245 2981 2364 3052 (vn,
2393 2977 2546 3048 257.)
2577 2978 2852 3034 Pmnitens
2885 2993 3024 3048 quae,
3056 2976 3314 3033 defuncto
3342 2976 3492 3042 viro,
3527 2974 3635 3031 alio
3661 2990 3750 3029 ue-

2173 3072 2306 3128 bere
2347 3069 2767 3142 praesumpserit,
2795 3078 2852 3125 et
2879 3084 2998 3141 quae
3020 3068 3104 3125 vel
3144 3075 3431 3140 suSpecta,
3476 3066 3566 3124 vel
3604 3067 3748 3122 inter-

2097 3150 2142 3212 C
2175 3161 2316 3216 dicta
2368 3160 2736 3217 familiaritate
2783 3177 2905 3215 cum
2961 3169 3220 3215 extraneo
3270 3172 3334 3214 se
3380 3158 3746 3227 conjunxcrit,

2174 3269 2300 3308 cum
2359 3252 2550 3308 eodem
2593 3267 2625 3307 a
2673 3252 2948 3308 liminibus
2998 3250 3244 3308 ecclesiae
3297 3259 3589 3306 arceatur.
3637 3246 3747 3302 Hac

2174 3346 2339 3401 etiam
2387 3355 2442 3401 et
2480 3344 2548 3400 de
2597 3345 2716 3399 viro
2753 3345 2807 3399 in
2845 3343 3160 3415 put-nitentia
3199 3343 3386 3414 posito
3423 3342 3634 3414 placuit
3662 3341 3747 3398 ob-

2175 3438 2402 3493 servari.

2173 3555 2300 3610 CAP.
2330 3553 2574 3610 XXXIX.
2614 3554 2692 3608 De
2716 3553 3126 3623 confessionibus
3147 3552 3391 3621 ﬁdelium
3412 3551 3746 3621 accipiendis,

2241 3627 2467 3707 qualiter
2493 3641 2604 3707 pro,
2617 3623 2828 3706 modulo
2850 3634 2897 3678 et
2921 3623 3172 3694 qualitate
3192 3623 3259 3677 sit
3287 3623 3614 3694 pcnitentic
3631 3631 3745 3675 ten-

2240 3705 2381 3765 ports
2402 3705 2682 3750 institutio.

2665 3785 2744 3840 Ex
2773 3785 2980 3850 eodem,
3008 3797 3128 3853 cap.
3157 3781 3248 3838 78.

2243 3897 2358 3968 (vn,
2386 3896 2537 3966 294.)
2579 3895 2932 3962 ρυωιιεηὰυηι
2963 3907 3196 3964 namque
3237 3899 3343 3956 est,
3382 3905 3514 3946 cum
3561 3887 3745 3957 accipit

2171 3989 2457 4057 cujuslibet
2485 3988 2658 4044 ﬁdelis
2685 3975 3078 4043 confessionem
3112 3994 3490 4056 peccatorum,
3522 3981 3743 4053 qualiter

2171 4079 2347 4149 primo
2389 4085 2667 4147 peccatum
2705 4084 3095 4146 perpetratum,
3138 4083 3236 4128 aut
3275 4074 3322 4128 si
3362 4084 3555 4144 postea
3590 4073 3743 4128 itera-

2173 4178 2309 4235 tum,
2341 4177 2436 4224 aut
2465 4168 2774 4238 frequenter
2797 4173 2974 4220 actum
3000 4167 3105 4221 sit:
3130 4165 3174 4221 si
3200 4174 3418 4236 sponte,
3460 4166 3511 4220 si
3540 4173 3742 4225 coacte,

2170 4260 2216 4316 si
2237 4275 2332 4330 per
2351 4259 2690 4325 ebrietatem,
2715 4265 2805 4312 aut
2829 4256 3104 4326 quodlibet
3127 4256 3402 4324 ingenium
3429 4254 3628 4310 factum
3659 4253 3743 4313 sit.

2171 4360 2227 4406 et
2255 4366 2376 4405 cum
2409 4349 2674 4404 invenerit
2700 4349 2842 4403 unde
2868 4347 3023 4402 radix
3051 4346 3193 4400 illius
3217 4347 3433 4416 peccati
3459 4344 3740 4416 processit,

2178 4448 2306 4494 tunc
2351 4453 2646 4510 congruam
2688 4437 2945 4493 adhibeat
2989 4435 3341 4490 medicinam.
3387 4435 3576 4502 Qualis
3619 4446 3740 4486 vero

489 4501 778 4602 fructibus,
807 4504 1103 4602 legitimam
1127 4507 1559 4602 communionem
1587 4525 1709 4564 cum
1738 4489 2068 4566 ireconcilia-
2095 4489 2152 4550 Ῑ)
2174 4489 3190 4602 bgggaﬁ'QZ'gigggg’s’i;'"ﬁdicina,
3244 4489 3548 4582 secturdum
3595 4538 3742 4579 cano.

490 4594 629 4648 toria
657 4610 847 4650 manus
871 4597 1213 4666 impositione
1241 4599 1487 4653 recitant.

492 4701 620 4758 Car.
673 4703 890 4779 XXXV.
925 4703 990 4760 Ut
1011 4706 1200 4779 nullus
1242 4708 1506 4778 presbyter
1537 4711 1836 4779 pmnitentes
1884 4674 2069 4766 inclm-

773 4775 911 4829 sulto
939 4777 1175 4846 episcopo
1204 4775 1546 4832 reconciliare
1567 4781 1780 4834 audeat.

905 4869 985 4922 Ex
1013 4870 1197 4924 eodem
1229 4870 1346 4937 lib.,
1375 4888 1493 4942 cap.
1525 4873 1652 4927 202.

560 4978 686 5047 (νη,
718 4977 864 5047 145.)
907 4979 1180 5034 Statutum
1206 4991 1307 5046 est,
1345 4991 1400 5035 et
1431 4983 1484 5036 in
1528 4985 1731 5039 sanctis
1766 4986 2064 5042 canonibus

493 5069 844 5118 nrohibitum.
871 5080 931 5118 nt
950 5072 1127 5118 nullus
1151 5076 1429 5118 nmslwmr
1454 5077 1800 5118 nmnimnmm
1828 5080 2040 5118 nnhlinn

2175 4637 2304 4677 num
2351 4621 2785 4675 authenticorum
2809 4628 2865 4674 et
2891 4629 3198 4674 sanctorum
3227 4617 3455 4672 Patrum
3503 4631 3619 4671 esse
3649 4614 3737 4668 de-

2174 4711 2267 4765 bet
2296 4710 2711 4774 institutionem,
2757 4720 2813 4764 et
2856 4724 2962 4763 non
3009 4708 3303 4763 secundum
3344 4707 3602 4778 placitum
3644 4705 3737 4759 ho-

2174 4801 2356 4866 minis,
2401 4800 2494 4855 sed
2521 4800 2814 4856 secundum
2843 4800 2938 4854 Dei
2964 4799 3298 4854 voluntatem
3333 4813 3349 4851 :
3393 4812 3496 4852 nec
3539 4797 3592 4850 in
3646 4795 3740 4848 hac

2174 4903 2325 4962 parte
2369 4893 2619 4948 voluntas
2643 4903 2736 4948 aut
2765 4892 2934 4962 gratia
2965 4893 3200 4947 hominis
3236 4890 3494 4946 sectanda
3523 4897 3620 4951 est,
3652 4883 3738 4940 sed

2172 4983 2420 5038 voluntas
2447 4983 2538 5037 Dei
2571 4983 2625 5038 in
2654 4983 2903 5038 omnibus
2945 4982 3300 5053 exquirenda,
3347 4989 3613 5050 quatenus
3657 4973 3737 5028 di-

2173 5073 2291 5118 onis
2342 5074 2594 5118 nronilms
2631 5085 2686 5118 et
2728 5073 3062 5118 remniltrdine
3107 5071 3264 5118 diurna
3313 5070 3531 5118 nlacare
3576 5061 3737 5118 ωεεᾶ
