3904 5304
59 149 237 206 {085

1582 151 1922 216 canones.

3235 180 3258 234 1
3267 179 3374 238 086

56 264 382 335 episcopo,
420 265 488 320 ad
529 267 682 338 cujus
716 269 1031 339 parochiam
1071 274 1366 342 pertinent,
1410 275 1691 330 solvantur
1717 276 1768 338 A
1794 282 1993 366 terum,
2016 294 2080 335 oc
2103 281 2302 340 solidos
2328 303 2342 340 :
2365 287 2458 357 qui
2477 289 2810 363 episcopum,
2834 308 3037 351 occec:
3069 295 3160 366 qui
3185 310 3377 353 mona-

57 354 402 408 secundum
429 355 726 426 capitulare
753 358 970 429 gloriosi
997 360 1172 418 Caroli
1201 365 1461 435 genitoris
1490 365 1685 432 nostri,

57 440 146 494 ita
178 441 456 498 videlicet
488 454 548 499 ut
589 446 934 503 medietatem
969 451 1201 522 wirgildi
1236 455 1355 524 ejus
1405 456 1689 526 episcopus

59 531 432 589 utilitatibus
467 535 710 591 ecclesia
736 538 823 592 cui
850 539 1067 608 prafuit
1098 542 1332 610 tribuat,
1367 553 1424 601 et
1461 546 1687 603 alteram

52 621 446 679 medietatem
470 625 524 680 in
545 626 887 700 eleemosyna
912 631 1055 687 illius
1070 630 1220 698 juste
1241 635 1534 705 dispenset,
1558 640 1687 708 quia

53 712 270 769 nullus
306 715 465 771 nobis
489 715 606 784 ejus
633 719 806 774 hares
828 721 1124 789 proximior
1149 724 1383 795 videtur,
1406 742 1571 799 quam
1596 729 1687 786 ille

51 803 157 872 qui
191 803 392 874 ipsum
416 807 642 863 Domino
669 809 913 865 sociavit.

53 894 203 950 CAP.
253 894 329 950 ll.
371 896 450 951 De
477 898 771 955 homicidiis
801 902 854 954 in
881 903 1110 986 ecclesiis
1138 906 1214 961 vel
1239 908 1295 963 in
1321 911 1474 967 atriis
1501 928 1684 968 eorum

723 983 1051 1041 perpetratis.

572 1060 653 1116 Ex
680 1064 892 1130 eodem,
918 1081 1037 1135 cap.
1064 1067 1192 1124 220.

127 1151 245 1224 (tv,
282 1152 405 1225 l5.)
441 1154 498 1209 Si
524 1156 645 1224 quis
670 1165 762 1211 aut
790 1173 858 1213 ex
888 1158 987 1214 levi
1016 1176 1200 1227 causa,
1225 1175 1319 1220 aut
1341 1167 1461 1222 sine
1487 1183 1676 1237 causa,

48 1243 368 1299 hominem
398 1245 732 1319 interfecerit
759 1249 813 1304 in
839 1250 1068 1317 ecclesia
1089 1293 1104 1320 ,
1135 1255 1203 1308 de
1230 1257 1339 1312 vita
1366 1269 1675 1328 componat.

47 1333 112 1387 Si
141 1347 294 1388 vero
317 1332 456 1390 foris
477 1336 638 1391 rixati
665 1337 887 1403 fuerint,
917 1349 974 1395 et
1005 1358 1143 1399 unus
1167 1344 1395 1402 alterum
1422 1349 1476 1402 in
1506 1350 1678 1406 eccle-

49 1422 201 1478 siam
234 1422 473 1495 fugerit,
506 1435 560 1480 et
586 1426 658 1481 ibi
692 1443 750 1482 se
780 1428 1117 1487 defendendo
1157 1448 1280 1488 eum
1320 1436 1673 1505 interfecerit,

49 1514 100 1568 si
147 1513 339 1582 hujus
379 1515 507 1571 facti
550 1525 716 1574 testes
761 1535 866 1574 non
903 1522 1178 1590 habuerit,
1223 1541 1345 1580 cum
1392 1528 1674 1584 duodecim

1791 365 1972 432 chum,
2002 385 2148 428 cccc.
2176 373 2376 432 solidos
2400 378 2682 449 culpabilis
2697 381 2990 451 iudicetur.

1833 477 1962 534 CAP.
2004 482 2106 564 VI._
2131 484 2209 540 De
2235 502 2296 566 eo
2320 490 2410 566 qu_i
2433 492 2699 566 propriam
2731 494 2942 566 reliquit
2969 496 3208 566 uxorem,
3241 501 3322 556 ut

2059 554 2171 610 sine
2195 554 2348 626 culpa
2373 554 2639 629 interﬁcit,
2668 573 2717 618 et
2745 554 2909 620 aliam
2931 566 3097 624 ducit.

2269 646 2352 702 Ex
2377 649 2590 718 eodem,
2618 667 2740 724 cap.
2764 652 2889 710 500.

1855 754 1932 826 (ν,
1962 754 2110 824 M9.)
2149 755 2488 830 Quicunque,
2515 765 2734 834 propria
2763 779 2936 822 uxore
2969 767 3251 836 derelicta,
3276 769 3368 826 vel

1783 843 1900 900 sine
1926 847 2083 916 culpa
2117 848 2428 919 interfecta,
2455 853 2618 910 aliam
2644 850 3080 924 duxerit,'armis
3104 860 3368 931 depositis

1782 935 2050 1006 publicam
2080 950 2206 1012 agat
2231 944 2604 1012 paenitentiam
2633 965 2648 1003 :
2679 957 2736 1003 et
2767 950 2815 1006 si
2855 961 3147 1007 contumax
3177 951 3368 1020 fuerit,

1781 1029 2267 1098 comprehendatur
2292 1049 2326 1088 a
2354 1035 2585 1106 comite,
2623 1044 2680 1092 et
2708 1036 2854 1096 ferro
2883 1038 3173 1107 vinciatur,
3216 1051 3273 1096 et
3308 1041 3367 1098 in

1779 1119 2077 1174 custodiam
2107 1122 2377 1190 mittatur,
2425 1125 2598 1182 donec
2633 1143 2724 1184 res
2748 1129 2818 1184 ad
2845 1140 3090 1188 nostram
3114 1130 3362 1190 notitiam

1779 1207 2099 1265 deducatur.

1881 1317 2012 1374 CAP.
2055 1320 2161 1376 Vll.
2203 1321 2269 1377 Ut
2305 1342 2409 1379 non
2436 1326 2501 1380 sit
2532 1329 2804 1398 sanguinis
2835 1327 3260 1386 Christianorum

2315 1398 2595 1450 temeraria
2616 1399 2825 1467 e/I’usio.

2231 1483 2311 1538 Ex
2349 1485 2559 1552 eodem,
2610 1499 2730 1557 cap.
2776 1486 2902 1543 ὅδὲ.

46 1606 522 1676 conjuratoribus
551 1609 828 1681 legitimis,
877 1628 975 1683 per
1009 1626 1409 1673 sacramentum
1445 1619 1674 1678 aﬂirmet
1701 1630 1750 1690 B
1848 1593 1926 1690 (vf
1960 1596 2108 1690 ίδθῖ)
2146 1597 2409 1654 vommus
2449 1612 2611 1671 atque
2651 1603 2996 1673 meipimus
3036 1611 3220 1658 "05"“
3268 1618 3364 1658 ³¹¹⁴

48 1709 112 1750 se
142 1694 510 1752 defendendo
538 1713 660 1754 eum
700 1701 1077 1758 interfecisse:
1122 1714 1177 1760 et
1203 1709 1444 1778 posthac
1471 1726 1536 1766 nc
1577 1727 1669 1767 so-

44 1790 198 1846 lidos
229 1793 308 1848 ad
355 1802 566 1863 partem
602 1795 847 1850 ecclesia
890 1813 1052 1866 quam
1098 1799 1190 1855 illo
1230 1802 1521 1858 homicidio
1555 1805 1672 1875 pol-

45 1878 259 1939 luerat.
293 1889 360 1936 et
386 1882 608 1953 insuper
635 1883 873 1938 bannum
899 1893 1142 1942 nostrum
1170 1889 1379 1946 solvere
1403 1903 1666 1962 cogatur:

43 1970 92 2024 is
125 1985 274 2025 vero
308 1971 410 2040 qui
440 1971 760 2027 interfectus
796 1982 881 2029 est
919 1975 1122 2044 absque
1162 1981 1551 2048 compositione
1580 1983 1667 2053 ja-

41 2070 193 2126 ceat,
222 2078 297 2118 ac
325 2063 525 2118 deinde
551 2065 870 2121 interfector
899 2070 1195 2124 secundum
1215 2070 1478 2140 judicium
1505 2090 1671 2133 cano-

39 2152 240 2207 nicum
308 2168 613 2224 congruam
649 2154 908 2212 facinoris
958 2160 1101 2229 quod
1147 2162 1396 2230 admisit,
1437 2168 1670 2236 accipiat

33 2243 482 2312 paenitentiam.
517 2243 575 2299 Si
605 2260 794 2301 servus
823 2248 928 2304 hoc
955 2250 1254 2316 admiserit,
1281 2254 1488 2324 judicio
1517 2272 1670 2327 aqua

34 2334 320 2388 ferventis
352 2335 725 2400 examinetur,
757 2347 938 2393 utrum
968 2340 1072 2396 hoc
1100 2352 1312 2411 sponte,
1360 2360 1429 2399 an
1474 2362 1534 2402 se
1575 2350 1669 2404 de-

40 2422 336 2479 fendendo
359 2423 516 2490 fecit,
547 2435 603 2480 et
633 2427 676 2480 si
707 2443 899 2484 manus
923 2431 1040 2501 ejus
1068 2442 1262 2489 exusta
1290 2428 1473 2502 fuerit,
1500 2438 1668 2494 inter-

45 2512 276 2566 ﬁciatur
314 2529 329 2566 :
377 2513 423 2566 si
460 2521 642 2568 autem
668 2532 777 2571 non
804 2515 988 2584 fuerit,
1034 2522 1283 2579 dominus
1327 2525 1472 2582 illius
1509 2527 1665 2597 juxta

46 2603 195 2670 quod
227 2601 529 2670 wirgildus
555 2603 699 2659 illius
725 2613 810 2660 est
837 2607 904 2661 ad
933 2608 1220 2664 ecclesiam
1248 2615 1542 2682 persolvat,
1571 2627 1667 2673 aut

49 2705 173 2744 eum
212 2691 264 2745 si
289 2690 534 2746 voluerit
565 2693 741 2748 eidem
767 2695 1016 2751 ecclesia
1045 2700 1244 2754 tradat.
1286 2701 1364 2758 De
1404 2705 1662 2761 ecclesia-

46 2782 206 2848 stico,
238 2790 300 2837 et
328 2781 599 2850 fiscalino,
633 2793 688 2840 et
717 2785 1069 2845 beneficiario
1096 2807 1276 2859 servo,
1315 2795 1565 2854 volumus
1602 2808 1663 2854 ut

48 2891 148 2946 pro
169 2890 286 2931 una
304 2877 434 2932 vice
451 2878 730 2949 wirgildus
747 2880 864 2949 ejus
883 2897 980 2952 pro
1001 2899 1066 2956 eo
1087 2899 1460 2958 componatur,
1486 2890 1655 2948 altera

47 2966 167 3022 vice
205 2967 332 3035 ipse
371 2982 566 3023 servus
602 2969 671 3023 ad
708 2971 1026 3041 supplicium
1059 2975 1336 3044 tradatur,
1367 2979 1656 3038 hareditas
1684 2973 1728 3034 C

49 3065 234 3113 tamen
283 3057 451 3114 liberi
502 3059 756 3125 hominis,
809 3062 901 3130 qui
946 3074 1168 3134 propter
1200 3066 1306 3123 tale
1342 3067 1553 3126 facinus
1587 3073 1657 3127 ad

48 3160 282 3205 mortem
313 3148 492 3204 fuerit
512 3150 815 3221 judicatus,
847 3154 915 3208 ad
943 3154 1214 3226 legitimos
1240 3159 1484 3215 haeredes
1513 3162 1657 3218 illius

49 3238 360 3305 perveniat.
401 3237 461 3294 Si
494 3239 548 3292 in
579 3240 720 3294 atrio
749 3241 1013 3307 ecclesia,
1044 3243 1196 3313 cujus
1225 3257 1378 3316 porta
1413 3249 1656 3318 reliquiis

51 3336 372 3384 sanctorum
402 3339 717 3386 consecrata
747 3340 864 3398 est,
900 3331 1272 3401 hujuscemodi
1303 3339 1653 3395 homicidium

50 3430 432 3490 perpetratum
461 3421 641 3487 fuerit,
676 3423 839 3478 simili
866 3427 1025 3481 modo
1051 3428 1368 3483 emendetur
1395 3431 1478 3485 vel
1504 3447 1652 3486 com-

51 3527 302 3581 ponatur.
342 3512 405 3568 Si
438 3529 566 3568 vero
589 3523 746 3585 porta
773 3517 1018 3574 ecclesia
1047 3535 1151 3575 non
1188 3528 1272 3575 est
1308 3534 1646 3590 consecrata,

51 3615 114 3655 eo
136 3607 298 3658 modo
323 3615 686 3674 componatur
712 3609 854 3677 quod
887 3609 938 3662 in
971 3612 1111 3666 atrio
1138 3613 1514 3678 committitur,
1537 3616 1647 3670 sic-

51 3701 109 3746 ut
143 3697 404 3765 componi
444 3695 604 3752 debet
641 3698 783 3767 quod
820 3701 1118 3756 emunitate
1161 3703 1359 3757 violata
1399 3705 1650 3759 commit-

55 3785 199 3842 titur.

102 3877 228 3934 CAP.
270 3881 361 3936 Ill.
400 3881 484 3935 De
508 3882 724 3964 homine.
748 3882 1008 4021 pubfﬁcam
1038 3886 1390 3954 paenitentiam
1415 3895 1603 3964 agente

705 3963 842 4006 mter
867 3963 997 4006 eclo.

705 3963 997 4006 interfecto.

545 4045 622 4098 Ex
643 4045 857 4109 eodem,
888 4061 1005 4114 cap.
1031 4045 1156 4101 254.

120 4131 225 4204 (v,
273 4136 400 4208 18.)
465 4136 566 4204 Qui
612 4137 883 4191 hominem
941 4137 1210 4206 publicam
1263 4140 1638 4209 paenitentiam

52 4233 296 4290 agentem
346 4227 719 4291 interfecerit,
775 4227 1009 4281 bannum
1066 4237 1312 4282 nostrum
1365 4231 1418 4284 in
1478 4231 1637 4302 triplo

55 4326 358 4384 componat,
399 4327 458 4373 et
498 4319 803 4389 wirgildum
842 4320 1104 4388 proximis
1142 4321 1258 4390 ejus
1295 4322 1585 4392 persolvat.
1661 4329 1720 4388 D

290 4426 424 4483 CAP.
466 4427 556 4483 ιν.
596 4427 674 4482 De
701 4429 997 4484 homicidiis
1025 4431 1378 4493 prohibendis.

532 4518 611 4572 Ex
639 4519 847 4583 eodem,
879 4536 1000 4590 cap.
1027 4522 1156 4576 236.

119 4625 216 4692 (tv,
245 4628 363 4698 20.)
405 4630 725 4700 Quicunque
765 4633 1037 4687 hominem
1065 4645 1159 4688 aut
1186 4651 1252 4691 ex
1292 4638 1395 4691 levi
1434 4653 1630 4703 causa,

54 4725 141 4770 aut
181 4720 296 4775 sine
347 4737 511 4776 causa
554 4722 904 4788 interfecerit,
955 4726 1260 4796 wirgildum
1301 4729 1416 4798 ejus
1458 4731 1522 4784 iis
1561 4731 1632 4785 ad

55 4821 181 4873 quos
227 4811 314 4866 ille
369 4815 630 4882 pertinet,
685 4826 970 4884 componat
1016 4835 1028 4869 :
1075 4818 1190 4887 ipse
1240 4835 1368 4876 vero
1413 4827 1633 4890 propter

55 4894 205 4951 talem
233 4902 708 4972 prasumptionem
733 4904 785 4956 in
811 4907 1060 4961 exsilium
1094 4907 1341 4967 mittatur
1365 4912 1431 4965 ad
1461 4926 1602 4980 quan

59 4991 160 5039 tum
204 4996 416 5061 tempus
457 4994 613 5048 nobis
654 4993 959 5065 placuerit,
1004 5015 1092 5055 res
1137 5010 1312 5059 tamen
1354 5018 1483 5058 suas
1521 5017 1626 5057 non

56 5075 276 5132 amittat.

116 5187 239 5246 CAP.
276 5191 340 5249 V.
380 5195 460 5251 De
485 5198 747 5254 occisione
767 5201 1102 5269 clericorum,
1123 5215 1171 5259 et
1195 5208 1550 5272 sacerdotum,

530 5279 684 5304 nlnun
709 5275 1086 5304 Μηκηριιηυιιοιι

1776 1687 2029 1740 ctoritate
2056 1688 2360 1743 denuntiari
2391 1693 2660 1757 omnibus,
2700 1693 2811 1748 imo
2835 1702 2890 1748 et
2922 1709 2953 1746 a
2988 1693 3364 1748 sacerdotibus

1773 1777 2079 1846 pradicari,
2124 1791 2192 1831 ne
2219 1787 2330 1833 tam
2359 1781 2650 1836 temeraria
2687 1780 3118 1838 Christianorum
3146 1783 3365 1853 sangui-

1774 1865 1859 1919 nis
1899 1864 2090 1921 eli‘usio
2135 1867 2192 1922 in
2235 1883 2402 1938 regno
2447 1879 2634 1926 nostro
2688 1871 2806 1928 fieri
2861 1873 3099 1938 sinatur;
3148 1886 3365 1942 semper

1775 1957 1905 2012 illud
1935 1959 2276 2014 attendentes
2304 1961 2448 2029 quod
2485 1962 2744 2018 Dominus
2780 1972 2903 2034 post
2933 1963 3193 2018 diluvium
3224 1962 3363 2018 dixit

1773 2043 1976 2101 famulo
2007 2061 2106 2100 suo
2139 2045 2291 2101 Noe:
2320 2047 2398 2101 De
2425 2065 2586 2103 manu
2616 2051 2860 2118 hominis,
2887 2060 2936 2105 et
2964 2051 3030 2105 de
3061 2065 3224 2104 manu
3259 2051 3362 2104 viri

1771 2145 1818 2186 et
1865 2134 2047 2201 fratris
2089 2135 2240 2205 ejus,
2292 2137 2554 2206 requiram
2595 2138 2829 2192 animam
2870 2139 3004 2208 ejus.
3052 2138 3362 2209 Quicunque

1771 2223 2014 2291 effuderit
2047 2224 2334 2278 humanum
2367 2227 2710 2296 sanguinem,
2752 2227 3004 2298 fundetur
3039 2229 3255 2300 sanguis
3291 2228 3362 2284 il-

1770 2311 1893 2376 lius,
1925 2313 1994 2364 ad
2021 2313 2300 2383 imaginem
2328 2316 2515 2385 quippe
2554 2315 2651 2371 Dei
2688 2316 2863 2386 factus
2897 2333 2972 2372 est
3004 2323 3160 2372 homo
3199 2316 3356 2391 (Gen.

1769 2418 1823 2456 ιχ
1846 2401 1888 2468 ).
1930 2402 1998 2457 Et
2026 2403 2079 2457 in
2108 2403 2262 2474 lege:
2299 2403 2403 2470 Qui
2445 2405 2695 2461 occiderit
2735 2409 2998 2464 hominem
3036 2419 3205 2464 morte
3246 2426 3358 2464 mo-

1769 2495 1938 2547 riatur
1958 2493 2146 2566 (Levii.
2172 2497 2341 2567 xxiv).
2367 2497 2433 2551 Et
2449 2497 2741 2569 Apostolus
2766 2517 2780 2555 :
2805 2500 2950 2555 Nam
2972 2502 3230 2574 principes
3251 2518 3357 2558 non

1766 2594 1886 2638 sunt
1915 2586 2091 2640 timori
2117 2587 2237 2640 boni
2267 2589 2436 2656 operis
2454 2629 2470 2655 ,
2505 2589 2597 2644 sed
2624 2589 2772 2644 mali.
2820 2588 2910 2646 Vis
2950 2601 3125 2646 autem
3155 2608 3262 2647 non
3289 2594 3357 2647 ti-

1763 2690 1903 2729 mere
1935 2678 2281 2744 potestatem?
2320 2677 2512 2733 bonum
2551 2679 2658 2749 fac,
2705 2692 2754 2736 et
2787 2681 3000 2736 habebis
3040 2682 3252 2737 laudem
3287 2699 3356 2738 ea:

1761 2765 1876 2819 illa.
1909 2765 2006 2820 Dei
2031 2768 2170 2820 enim
2197 2767 2437 2822 minister
2460 2779 2535 2823 est
2558 2770 2652 2824 tibi
2680 2771 2738 2825 in
2763 2771 2916 2826 bono.
2948 2771 3012 2827 Si
3037 2781 3214 2827 autem
3243 2789 3354 2827 ma-

1761 2853 1870 2907 lum
1890 2855 2099 2924 feceris,
2122 2857 2264 2923 time,
2290 2873 2395 2912 non
2418 2859 2553 2912 enim
2579 2859 2692 2914 sine
2713 2876 2876 2914 causa
2897 2859 3130 2931 gladium
3152 2870 3348 2932 portat.

1759 2946 1859 2999 Dei
1884 2947 2020 3001 enim
2048 2949 2286 3003 minister
2311 2958 2410 3015 est,
2446 2950 2634 3006 vindex
2667 2953 2723 3006 in
2759 2952 2897 3006 iram
2935 2953 2984 3007 ei
3009 2953 3114 3024 qui
3147 2952 3350 3009 malum

1760 3035 1868 3104 agit
1895 3034 2073 3105 (Rom.
2101 3038 2216 3107 xv).
2246 3037 2323 3092 De
2343 3037 2433 3093 illo
2454 3039 2598 3095 enim
2621 3041 2930 3110 specialiter
2954 3042 3136 3097 divina
3161 3052 3350 3102 aucto-

1759 3126 1894 3179 ritas
1918 3125 2085 3180 dicit:
2115 3124 2366 3183 Gladium
2409 3129 2509 3184 Dei
2543 3140 2715 3201 portat
2750 3132 2820 3186 atl
2854 3133 3140 3188 vindictam
3173 3135 3349 3190 malo-

1757 3232 1905 3279 rum,
1950 3231 2056 3270 non
2085 3217 2152 3271 de
2181 3218 2419 3286 quolibet
2444 3219 2571 3274 alio.
2621 3219 2858 3279 Ecuntra
2901 3236 3033 3278 vero
3071 3224 3350 3280 nescimus

1755 3319 1860 3373 qua
1889 3305 2201 3360 inventione
2227 3323 2258 3360 a
2290 3307 2559 3362 nonnullis
2587 3319 2906 3379 usurpatum
2933 3319 3040 3376 est,
3063 3319 3127 3366 ut
3157 3312 3216 3368 hi
3249 3313 3345 3382 qui

1754 3397 1902 3452 nullo
1924 3397 2227 3454 ministerio
2247 3399 2462 3469 publico
2483 3399 2800 3468 fulciuntur,
2825 3410 3049 3472 propter
3071 3418 3168 3458 sua
3190 3403 3343 3469 odia,

1755 3497 1810 3542 et
1843 3489 2238 3546 diversissimas
2265 3491 2571 3552 voluntates
2595 3493 2880 3562 pessimas,
2910 3493 3209 3549 indebitum
3237 3494 3344 3550 sibi

1753 3581 2068 3650 usurparint
2092 3582 2145 3636 in
2184 3583 2524 3641 vindicandis
2558 3585 2824 3654 proximis
2859 3593 2915 3640 et
2953 3585 3342 3642 interficiendis

1752 3673 2061 3728 hominibus
2083 3674 2335 3731 vindicta
2355 3677 2734 3733 ministerium.
2762 3677 2833 3732 Et
2857 3678 3000 3748 quod
3024 3692 3122 3733 rex
3145 3677 3338 3733 saltem

1750 3767 1804 3821 in
1837 3781 1943 3821 uno
1967 3783 2226 3833 exercere
2267 3770 2528 3825 debuerat
2563 3779 2785 3841 propter
2821 3779 3092 3826 terrorem
3135 3768 3337 3825 multo-

1748 3873 1899 3921 rum,
1940 3859 2041 3927 ipsi
2083 3859 2424 3928 impudenter
2451 3861 2507 3915 in
2535 3861 2720 3916 multis
2746 3869 3062 3932 perpetrare
3088 3876 3194 3916 non
3221 3875 3336 3916 me-

1749 3957 1907 4003 tuunt
1932 3959 2152 4020 propter
2177 3951 2357 4006 odium
2385 3970 2397 4005 :
2431 3961 2486 4007 et
2513 3960 2707 4022 putant
2735 3953 2838 4008 sibi
2866 3953 3032 4009 licere
3056 3953 3126 4009 ob
3155 3953 3342 4008 inimi-

1746 4043 1996 4096 citiarum
2026 4043 2318 4109 vindictas,
2345 4046 2488 4114 quod
2514 4045 2702 4101 nolunt
2723 4055 2782 4100 ut
2804 4061 2902 4102 rex
2925 4045 3090 4102 faciat
3111 4054 3336 4118 propter

1747 4134 1838 4188 Dei
1873 4135 2182 4190 vindictam.

1779 4244 1908 4299 CAP.
1948 4244 2081 4301 VIII.
2120 4245 2198 4301 De
2223 4262 2284 4299 eo
2310 4263 2397 4317 qui
2433 4248 2680 4302 occiderit
2704 4249 2973 4316 clericum,
2999 4259 3093 4303 aut
3115 4266 3306 4305 manus

2161 4317 2337 4384 chum,
2367 4328 2423 4371 ut
2450 4335 2599 4372 arma
2629 4319 2912 4392 relinquat.

2238 4407 2316 4462 Ex
2350 4408 2442 4464 lib.
2471 4425 2547 4473 vi,
2576 4425 2698 4480 cap.
2731 4411 2821 4466 90.

1812 4523 1917 4593 (vi,
1951 4522 2066 4594 90.)
2101 4522 2205 4590 Qui
2235 4525 2498 4582 occiderit
2537 4529 2862 4584 monachum
2908 4537 3001 4582 aut
3037 4527 3333 4594 clericum,

1739 4629 1888 4670 arma
1918 4615 2206 4686 relinquat,
2233 4627 2289 4674 et
2312 4619 2423 4674 Deo
2449 4619 2502 4671 in
2529 4622 2860 4677 monasterio
2883 4620 3088 4676 serviat
3111 4623 3334 4677 cunctis

1739 4709 1930 4766 diebus
1954 4710 2079 4763 vita
2106 4725 2249 4779 sua,
2289 4726 2565 4781 nunquam
2597 4713 2664 4768 ad
2693 4714 2948 4772 saculum
2979 4727 3336 4778 reversurus,

1738 4809 1792 4856 et
1836 4807 2042 4870 septem
2087 4815 2356 4862 annorum
2414 4801 2594 4872 spatio
2646 4807 2917 4875 publicam
2960 4803 3339 4873 paenitentiam

1738 4903 1913 4965 gerat.

1736 5007 1867 5065 CAP.
1907 5004 2000 5061 IX.
2039 5003 2117 5060 De
2153 5007 2532 5076 sacerdotibus
2570 5017 2624 5079 et
2656 4977 2848 5071 ιξυξείς
2889 5016 3038 5079 atque
3078 5002 3354 5061 monachis

2170 5075 2472 5158 interfectis
2506 5075 2583 5130 vel
2622 5081 2932 5142 debilitatis.
