3904 5304
572 263 712 331 1087

1668 270 1889 328 ISAACI
1929 250 2237 325 EPtsdort
2278 264 2738 322 LINGONENSIS

3644 272 3736 327 {03

568 388 793 448 solidos,
833 382 994 443 nobis
1032 386 1323 457 persolvat,
1377 380 1541 441 arma"
1571 380 1858 454 rednquat,
1902 391 2064 452 atque
2098 381 2152 434 in
2181 384 2227 442 Α
2258 378 2537 434 mulierem
2598 379 2926 450 legitimam,
2977 379 3020 433 si
3068 378 3236 434 frater
3277 379 3393 449 ejus
3440 384 3738 444 adulleraverit

572 480 902 533 monasterio
942 478 1132 533 diebus
1169 478 1293 535 vitm
1335 492 1445 531 sua:
1487 476 1588 530 sub
1632 474 1800 528 ardua
1840 471 2155 544 poenitentia

573 568 688 622 lleo
714 569 938 631 serviat,
971 583 1244 637 nunquam
1278 565 1618 637 postmodum
1651 564 1849 621 saeculo
1876 562 1963 619 vel
1992 576 2159 617 saecu-

573 658 778 713 laribus
806 659 1152 735 militaturus,
1184 673 1361 729 neque
1391 657 1545 713 uxori
1575 657 1941 727 copulatnrns.

573 769 703 825 CAP.
744 769 811 824 Χ.
856 771 1009 837 Quod
1043 772 1323 826 homicida:
1351 780 1471 825 ante
1504 770 1669 825 Deum
1698 770 2032 841 deputentur,
2066 767 2158 838 qui

618 854 625 867 ‘
1074 860 1155 895 res
1179 842 1410 897 ecclesiae
1435 852 1657 896 vastant.

1035 932 1114 987 Et
1149 933 1356 998 eodem,
1396 947 1518 1003 cap.
1558 931 1689 997 λεί.

645 1045 746 1114 (Vl,
775 1043 927 1115 524.)
969 1043 1223 1100 Volumus
1251 1058 1443 1099 omnes
1477 1044 1617 1099 scire
1645 1043 1788 1113 quod
1828 1043 1917 1112 qui
1960 1042 2159 1101 Christi

575 1143 632 1191 et
651 1135 904 1193 Ecclesia:
932 1137 1189 1207 pecunias
1215 1136 1498 1201 auferunt,
1526 1150 1723 1205 resque
1745 1134 1861 1203 ejus
1889 1135 2162 1201 fraudant,

575 1225 816 1295 rapiunt,
842 1234 1076 1291 vastant,
1098 1225 1183 1280 vel
1204 1225 1483 1296 diripiunt,
1519 1224 1801 1280 homicidae
1826 1224 1967 1293 apud
1993 1224 2162 1280 Deum

549 1328 698 1369 .esse
726 1314 1072 1385 deputantur,
1114 1316 1242 1386 quia
1283 1331 1370 1371 res
1406 1329 1724 1387 pauperum,
1763 1329 1901 1385 quos
1925 1315 2162 1371 Ecclesia

516 1414 529 1422 ‘
580 1410 1017 1481 pascere‘debet,
1045 1409 1306 1480 diripiunt
1562 1394 1566 1399 ’

860 1520 988 1578 CAP.
1027 1520 1117 1577 XI.
1162 1521 1239 1576 De
1266 1521 1571 1575 homicidii:
1593 1520 1879 1590 infantum.

1043 1611 1124 1667 Ex
1151 1611 1288 1667 libro
1311 1627 1387 1676 vt,
1416 1625 1535 1682 cap.
1562 1612 1685 1665 l66.

2257 485 2381 525 cum
2406 484 2490 529 ea,
2525 468 2614 523 ille
2640 469 2831 530 frater,
2863 468 2948 523 vel
2977 468 3064 522 illa
3108 469 3328 533 femina,
3370 472 3457 540 qui
3500 474 3737 534 adulterium

2257 572 2744 635 perpetraverunt,
2800 563 3016 619 interim
3078 565 3221 634 quod
3276 566 3492 632 vivunt,
3543 585 3738 640 nunquam

2258 657 2498 711 habeant
2531 655 2762 725 amplius
2796 655 3103 726 conjugium
3139 673 3153 708 :
3197 655 3285 711 ille
3331 672 3457 711 vero
3500 659 3628 728 cujus
3652 678 3741 715 uxor

2259 746 2385 810 fuit,
2438 748 2485 804 si
2530 747 2665 814 vult,
2721 756 3039 817 potestatem
3097 747 3262 805 habet
3318 763 3527 804 uxorem
3573 753 3740 822 arm

2260 837 2441 892 aliam.

2262 974 2392 1031 CAP.
2424 974 2486 1030 ll.
2531 974 2608 1030 De
2645 976 2726 1031 his
2764 976 2852 1045 qui
2896 974 3178 1046 virginibus
3210 973 3318 1028 Deo
3344 991 3502 1029 sacris
3524 992 3572 1030 se
3592 977 3740 1031 sociant.

2719 1087 2798 1141 Ex
2834 1086 2972 1140 libro
3002 1102 3075 1150 vi,
3111 1101 3231 1157 cap.
3260 1086 3391 1139 402.

2336 1199 2414 1255 De
2460 1200 2545 1256 his
2571 1200 2661 1270 qui
2693 1200 2864 1255 sacris
2889 1198 3188 1270 virginibus
3214 1215 3276 1253 se
3299 1198 3521 1262 sociant,
3547 1199 3607 1253 ita
3629 1200 3668 1252 in
3687 1201 3743 1254 de-

2266 1290 2430 1345 cretis
2458 1305 2609 1361 papa:
2650 1289 2849 1346 Gelasii
2890 1305 3009 1359 cap.
3051 1288 3122 1343 20
3159 1288 3745 1359 coritineturﬂirginibu

2268 1381 2443 1435 sacris
2467 1390 2671 1435 temere
2709 1394 2768 1435 se
2814 1380 3075 1450 quosdam
3123 1379 3339 1434 sociare
3383 1380 3745 1450 cognovimus

2266 1479 2389 1545 post
2416 1472 2649 1527 dicatum
2694 1472 2802 1526 Deo
2846 1471 3179 1540 propositum
3208 1470 3420 1524 incesta
3446 1468 3745 1524 fmderasacri-

2268 1562 2492 1634 legaque
2532 1562 2781 1617 miscere.
2825 1562 2971 1628 Quos
3006 1561 3256 1631 protinus
3281 1574 3494 1628 aequum
3519 1568 3589 1613 est
3608 1574 3745 1613 asacn

2268 1652 2647 1708 communione
2672 1650 2910 1716 detrudi,
2937 1659 2992 1706 et
3021 1651 3123 1706 nisi
3149 1650 3427 1721 publicam
3451 1651 3747 1721 probatusque

614 1716 622 1813 ξ
652 1724 773 1797 (vn,
813 1724 961 1795 l2l.)
999 1722 1058 1781 Si
1087 1724 1210 1795 quis
1245 1722 1504 1779 infantem
1536 1722 1840 1788 necaverit,
1884 1732 1945 1777 ut
1984 1722 2163 1779 homi-
2192 1737 2240 1798 Β
2267 1742 2475 1813 egerim
2502 1742 2899 1812 paenitentiam,
2950 1716 3173 1795 omnim;
3220 1756 3333 1795 ηοη
3385 1716 3561 1809 ηξίρί,
3597 1750 3665 1792 ,ιη
3690 1716 3749 1792 ως

581 1806 703 1901 cida
730 1825 995 1872 teneatur.

747 1925 878 1982 CAP.
912 1925 1026 1980 ΧΠ.
1063 1924 1141 1979 De
1172 1926 1448 1980 homicidis
1473 1924 1599 1997 quid
1617 1925 1874 1992 agendum
1897 1926 1987 1980 sit.

984 2016 1065 2071 Ex
1091 2017 1281 2072 eodem
1312 2016 1470 2082 libro,
1500 2031 1620 2087 cap.
1648 2015 1775 2070 255.

653 2128 771 2200 (vn,
804 2127 952 2199 185.)
997 2129 1073 2184 De
1118 2129 1404 2185 homicidis
1443 2128 1517 2183 ita
1554 2127 1817 2197 iussimus
1853 2130 2168 2197 observare,

581 2229 648 2275 ut
698 2218 1007 2289 quicunque
1071 2234 1205 2274 ausu
1263 2219 1552 2274 temerario
1613 2218 1778 2274 aliutn
1833 2220 1952 2274 sine
2005 2235 2171 2275 causa

586 2311 868 2376 occiderit,
908 2312 1033 2366 vitae
1069 2310 1310 2381 periculo
1347 2309 1604 2375 feriatur,
1663 2319 1720 2365 et
1765 2311 1941 2380 pretio
1984 2326 2044 2367 se
2079 2327 2169 2367 re-

588 2403 794 2460 dimere
844 2418 1121 2472 nunquam
1173 2402 1351 2457 valeat
1384 2421 1407 2456 εκ
1432 2411 1487 2456 et
1531 2402 1574 2456 si
1622 2402 1957 2469 convenerit,
2005 2413 2065 2457 ut
2102 2402 2172 2456 ad

585 2493 1029 2563 compositionem
1069 2492 1302 2563 quisque
1348 2493 1677 2558 descendat,
1731 2494 1909 2549 nullus
1958 2496 2025 2549 de
2072 2509 2169 2564 pa-

584 2583 830 2645 rentibus
875 2591 971 2637 aut
1020 2582 1212 2637 amicis
1249 2596 1371 2636 eum
1412 2582 1705 2652 quidquam
1743 2581 1976 2651 adjuvet.
2016 2582 2172 2650 Quod
2228 2658 2235 2663 _

585 2673 634 2728 si
663 2664 875 2735 fecerit,
901 2688 1058 2729 suum
1085 2670 1391 2761 wirgildum
1414 2674 1634 2728 omnino
1663 2683 1969 2743 componat.

586 2783 715 2841 CAP.
740 2786 877 2842 XIII.
907 2785 982 2840 De
1010 2785 1091 2839 Itis
1114 2783 1205 2855 qui
1237 2786 1383 2855 prius
1424 2802 1526 2839 non
1562 2787 1808 2840 habentes
1849 2786 2051 2850 odium,
2081 2785 2172 2839 sed

604 2888 613 2893 υ
655 2854 1378 2981 κᾶςίιῃιίεηιεε,αιὲιιιιεηι
1412 2857 1718 2922 occiderint,
1761 2858 1986 2928 qualiter
2009 2858 2175 2911 corri-

659 2942 722 2997 ge
799 2943 923 2981 t8"!
952 2963 968 2981 .

1032 3006 1037 3011 ⁷
1077 3018 1157 3073 Ex
1185 3018 1394 3083 eodem,
1421 3032 1540 3088 cap.
1567 3017 1691 3071 570.

661 3127 782 3199 (vn,
806 3126 960 3197 295.)
1001 3126 1058 3183 Si
1096 3128 1221 3199 quis
1259 3128 1441 3196 quiete
1468 3128 1722 3199 gradiens
1752 3142 1850 3198 per
1876 3128 2038 3195 viam,
2077 3138 2170 3185 aut

590 3218 635 3274 si
663 3218 914 3295 etiamin
941 3220 1105 3274 domo
1132 3234 1239 3275 sua
1280 3218 1463 3284 fuerit,
1504 3227 1599 3273 aut
1626 3220 1680 3274 in
1705 3219 1881 3289 platea
1911 3220 2168 3287 civitatis,

590 3315 691 3362 aut
714 3307 768 3362 in
794 3306 944 3373 villa,
989 3308 1168 3363 subito
1195 3312 1264 3372 ab
1298 3308 1406 3363 alio
1427 3309 1497 3363 sit
1518 3318 1899 3379 superventus,
1940 3319 2034 3364 aut
2061 3310 2173 3367 litis

591 3401 973 3469 commotione,
999 3404 1183 3460 volens
1205 3419 1266 3460 se
1284 3404 1591 3470 defendere,
1621 3419 1727 3459 non
1751 3405 1956 3460 habens
1978 3415 2171 3460 contra

593 3495 744 3551 illum
790 3504 916 3551 ante
957 3497 1165 3561 odium,
1216 3494 1552 3552 interfecerit
1602 3496 1911 3560 hominem,
1964 3507 2170 3567 septem

592 3586 750 3641 annis
776 3588 1071 3643 secundum
1095 3586 1415 3643 canonicam
1448 3586 1839 3641 institutionem
1870 3587 2168 3655 poeniteat:

590 3687 705 3734 tres
730 3693 863 3733 vero
883 3688 913 3732 a
939 3679 1316 3733 communione
1344 3678 1606 3747 privetur,
1643 3685 1873 3747 quatuor
1905 3685 2086 3730 autem
2117 3676 2171 3731 in
2201 3679 2204 3683 ’

593 3769 974 3824 communione
1013 3770 1318 3824 orationum
1372 3778 1429 3823 et
1473 3767 1804 3822 oblationum
1870 3776 2170 3837 susceptus,

594 3858 652 3913 in
682 3858 978 3913 sacerdotis
999 3859 1231 3929 pendeat
1259 3858 1506 3921 arbitrio,
1536 3866 1713 3912 utrum
1745 3857 2037 3929 dignus_sit
2061 3872 2174 3911 cor-

593 3963 696 4018 pus
741 3948 944 4004 Christi
994 3950 1260 4019 accipere,
1311 3958 1406 4003 aut
1449 3964 1620 4018 usque
1665 3948 1732 4001 ad
1781 3947 2171 4016 plenitudinem

594 4030 932 4111 panitentite
965 4040 1034 4095 ab
1066 4057 1135 4096 eo
1173 4042 1435 4111 separari.
1474 4041 1817 4096 Abstinentia
1845 4040 2088 4094 ciborum
2118 4040 2172 4093 in

591 4129 930 4201 providentia
958 4131 1256 4186 sacerdotis
1280 4132 1403 4196 erit,
1437 4130 1730 4185 secundum
1763 4128 2174 4199 possibilitatem

593 4220 930 4290 paenitentis,
953 4231 1008 4277 et
1036 4222 1399 4286 devotionem,
1429 4229 1484 4274 et
1509 4219 1780 4275 affectum.

642 4328 795 4385 ιϐιι».
827 4328 966 4386 XIV.
1006 4330 1085 4386 De
1128 4331 1434 4385 mulieribus
1472 4340 1520 4383 et
1566 4332 1689 4384 viris
1726 4330 1954 4399 infantes
2003 4331 2177 4401 oppri-

1032 4456 1037 4461 .
1246 4402 1519 4454 mentibus.

991 4492 1152 4546 Juxta
1180 4491 1566 4562 przetitulatum
1599 4498 1779 4560 caput.

666 4597 787 4679 (vn,
820 4604 970 4675 297.)
1012 4604 1202 4659 Mulier
1236 4619 1357 4674 quae
1390 4604 1662 4657 dormiens
1690 4602 1857 4657 filium
1884 4618 2039 4658 suum
2070 4619 2170 4673 op-

593 4696 886 4768 presserit,
933 4703 988 4750 et
1028 4705 1273 4750 mortuus
1309 4694 1495 4756 fuerit,
1541 4709 1636 4748 sex
1682 4694 1838 4747 annis
1869 4694 2168 4764 paeniteat:

596 4789 682 4843 vir
719 4786 861 4855 ejus,
900 4786 945 4841 si
995 4786 1048 4840 in
1092 4786 1251 4840 domo
1297 4785 1443 4840 illius
1488 4785 1608 4847 fuit,
1660 4794 1923 4855 quatuor;
1971 4786 2014 4839 si
2047 4801 2175 4839 vero

595 4877 653 4931 in
682 4891 789 4930 uno
817 4878 978 4941 lecto,
1025 4875 1187 4930 simili
1236 4876 1396 4929 modo
1437 4875 1717 4944 pteniteat,
1768 4875 1904 4928 duos
1952 4874 2005 4927 in
2039 4890 2177 4941 pane

598 4974 655 5020 et
682 4981 845 5034 aqua,
882 4966 1119 5033 reliquos
1164 4972 1414 5033 quatuor,
1463 4965 1758 5019 secundmn
1810 4964 1952 5032 quod
1996 4978 2179 5018 sacer-

598 5054 700 5109 dos
720 5055 937 5120 viderit,
962 5054 1343 5108 abstinentiam
1374 5054 1613 5123 imponat
1638 5055 1901 5109 ciborum.

1178 5162 1475 5217 TITULUS
1512 5164 1596 5217 Ill.

1163 5266 1230 5304 DE
1280 5267 1616 5304 ADULTERIIS.

2198 3087 2246 3151 C

2270 1843 2418 1889 certe
2445 1833 2703 1887 viaticum
2738 1832 2806 1888 de
2844 1833 3042 1887 saeculo
3077 1832 3488 1887 transeuntibus
3513 1830 3744 1901 negatur.Si

2269 1938 2401 1979 vero
2430 1923 2497 1979 de
2524 1923 2863 1993 copulatione
2901 1937 3178 1977 sacrarum
3216 1923 3489 1994 virginum
3515 1931 3603 1976 tam
3629 1937 3749 1977 serere

2270 2012 2558 2077 feriuntur,
2588 2022 2791 2081 quanto
2821 2013 3063 2067 severius
3096 2011 3330 2066 feriendi
3363 2021 3485 2067 sunt
3511 2011 3587 2079 qui
3613 2024 3748 2065 easn-

2269 2103 2462 2173 piunt?
2512 2103 2658 2167 ldeo,
2687 2103 2828 2157 sicut
2869 2103 3207 2173 praemissum
3257 2111 3366 2165 est,
3414 2102 3746 2157 necesseesttb

2270 2193 2523 2248 omnibus
2546 2192 2594 2249 in
2620 2192 2926 2248 Christiana
2950 2191 3211 2263 religione
3231 2192 3623 2247 consistentibus
3636 2191 3742 2258 rigore

2271 2283 2610 2339 auctoritatis
2636 2284 2831 2340 divinae
2856 2282 2938 2338 vel
2960 2282 3207 2337 humana:
3232 2282 3344 2338 hoc
3372 2281 3557 2337 malum
3574 2280 3741 2336 radiant

2272 2376 2562 2447 amputari.

2271 2486 2400 2571 CAP.
2430 2514 2516 2569 Ill.
2550 2513 2704 2581 Quod
2735 2512 3109 2583 blasphemiam
3145 2512 3254 2566 Deo
3294 2511 3504 2578 inferat,
3531 2512 3744 2580 quina:

2730 2584 2838 2638 Deo
2880 2594 3088 2641 sacrata
3117 2584 3416 2636 miscuerit.

2673 2697 2749 2752 Ex
2776 2697 2963 2752 eodem
2995 2695 3152 2759 libro,
3180 2709 3305 2763 cap.
3339 2694 3465 2748 405.

2344 2812 2445 2883 (vt,
2477 2811 2627 2881 309.)
2668 2811 2822 2867 Scire
2861 2826 2958 2865 vos
3005 2809 3261 2864 convenit
3313 2806 3439 2876 quia
3454 2788 3745 2873 blasphemiam

2274 2904 2385 2959 Deo
2414 2904 2637 2974 irrogat,
2669 2902 2760 2971 qui
2791 2918 2912 2956 cum
2956 2901 3065 2955 Deo
3101 2907 3344 2963 sacrata,
3386 2897 3467 2951 vel
3504 2911 3606 2949 cum
3637 2891 3745 2944 vein:

2275 2998 2475 3053 femina
2498 3012 2557 3052 se
2578 2994 3073 3052 commaculaverit.

2277 3132 2405 3190 CAP.
2466 3130 2557 3187 ιν.
2608 3130 2666 3186 Si
2720 3130 2938 3185 clericus
2980 3126 3252 3209 cum.Deo
3292 3115 3507 3180 sacrata
3537 3138 3583 3177 se
3611 3128 3746 3172 mult-

2962 3208 3170 3251 scuertt.
3376 3214 3379 3217 ‘

2662 3314 2741 3369 Ex
2770 3313 2956 3369 eodem
2984 3312 3156 3376 libro,
3194 3324 3317 3378 cap.
3351 3307 3475 3362 ἱοξ

2346 3424 2442 3494 (Vt,
2466 3422 2616 3485 310.)
2657 3422 2713 3477 Si
2743 3422 2973 3477 clericus
3002 3435 3123 3475 cum
3157 3419 3336 3473 velata
3370 3414 3574 3475 femina,
3594 3406 3657 3463 vel
3676 3417 3748 3497 (illi

2274 3512 2385 3568 Deo
2436 3521 2649 3568 sacrata
2690 3526 2749 3566 se
2789 3506 3171 3571 maculaverit,
3223 3506 3447 3576 proprio
3487 3504 3651 3556 honore
3684 3510 3749 3560 pn'

2272 3616 2455 3660 “3101‘.

2274 3736 2404 3792 CAP.
2443 3738 2505 3793 Υ.
2546 3736 2700 3802 Quod
2727 3734 2966 3805 sacrilegi
2991 3730 3341 3805 et-oiolatares
3376 3730 3526 3800 juxta
3546 3716 3751 3805 Apamia!

2344 3818 2487 3874 sunt,
2511 3801 2598 3877 qui
2624 3807 2818 3862 violant
2845 3801 3174 3859 sacratorum
3200 3801 3515 3868 feminarum
3536 3804 3710 3860 corpora-

2773 3918 2850 3971 Ex
2884 3917 3095 3977 eodem,
3127 3928 3248 3983 cap.
3277 3910 3407 3965 405.

2346 4033 2444 4103 (νι,
2476 4032 2625 4102 515.)
2664 4030 2954 4086 Sciendum
2983 4037 3068 4083 est
3092 4026 3348 4081 omnibus
3386 4022 3505 4092 quia
3531 4020 3617 4073 Deo
3636 4024 3752 4066 επη-

2275 4132 2451 4177 tarum
2482 4123 3056 4188 femiuarumcorpora
3088 4132 3185 4187 per
3206 4126 3394 4170 votum
3430 4108 3629 4183 propria?
3646 4115 3748 4169 Si”

2276 4217 2466 4280 sionis,
2492 4225 2545 4270 et
2586 4214 2745 4268 verba
2775 4212 3094 4277 sacerdotis,
3127 4210 3238 4263 Deo
3261 4216 3471 4264 sacrata
3507 4198 3657 4270 templa
3678 4204 3749 4244 δεῖ

2277 4306 2681 4376 Scripturarnm
2729 4302 3051 4359 testimoniis
3099 4300 3515 4368 comprobantur
3554 4295 3649 4379 γει

2280 4368 2569 4453 violatores
2598 4411 2782 4450 carum
2814 4392 3091 4470 sacrilegi,
3116 4405 3181 4445 ac
3220 4390 3370 4459 juxta
3414 4378 3672 4454 Apostolum
3691 4368 3747 4422 [illi

2279 4487 2593 4559 perditionis
2614 4501 2733 4541 esse
2758 4494 3054 4539 noscuntur

2274 4621 2404 4677 CAP.
2442 4619 2529 4675 Vl.
2566 4619 2717 4684 Quod
2756 4616 3035 4687 [ornt'calio
3077 4613 3314 4687 omnibus
3339 4605 3551 4681 pereatis
3573 4592 3730 4669 perit?!“

2776 4689 2884 4742 sior
2905 4703 3013 4741 esse
3039 4686 3352 4755 perhibetur.

2732 4801 2813 4857 Ex
2845 4801 3058 4866 eodem,
3091 4814 3211 4867 cap.
3263 4794 3386 4849 406.

2349 4919 2445 4989 (Ἦ)
2476 4916 2624 4988 512-)
2657 4912 2809 4982 Ουοά
2848 4928 2988 4983 pene
3011 4910 3262 4966 omnibus
3290 4902 3513 4978 peccatis
3543 4891 3742 4989 graviora

2275 4977 2515 5067 deterior
2549 4977 2622 5061 sit
2668 5005 2978 5068 fornicatio,
3017 5012 3073 5056 et
3122 5001 3386 5056 veraciter
3415 4994 3509 5051 dici
3542 4990 3674 5059 ροίεδί

2275 5116 2447 5171 quens
2485 5098 2694 5160 mortis,
2737 5104 2792 5151 et
2833 5105 3027 5164 puteus
3052 5091 3282 5154 inferni,
3333 5103 3395 5141 ac
3430 5094 3599 5150 vorago

2285 5155 2469 5253 t-ionis,
2504 5205 2569 5244 eo
2589 5187 2730 5256 quod
2759 5184 2989 5239 adulteri
3015 5183 3098 5237 vel
3127 5179 3385 5235 luxuriosi
3419 5180 3606 5246 propter
3630 5155 3743 5216 ωῐάιξ

2284 5285 2322 5304 _-_
2350 5282 2517 5304 __.:---.
2550 5255 2772 5304 ...ζωιηηι
2800 5277 3007 5304 nnznuna
3031 5288 3152 5304 anno
3192 5270 3318 5304 Νειηι
3371 5277 3422 5304 nl
3446 5267 3508 5304 nil
3531 5255 3744 5304 Scrinium

2438 5297 2517 5304 ---ι
2550 5279 2772 5304 ηη.ι,Ι..-ι1
2800 5279 3007 5304 Anz-nunt!
3031 5289 3089 5304 an
