3904 5304
80 337 224 394 1089

770 525 955 586 quum.

537 627 615 681 Ex
643 626 781 682 libro
801 641 898 689 vn,
926 639 1048 693 cap.
1080 622 1206 678 505.

155 746 251 815 (vt,
271 742 426 813 29.6.)
458 740 526 796 lli
567 755 698 795 vero
747 737 1058 799 saeculares.
1087 736 1181 807 qui
1212 730 1442 804 coniuga
1464 746 1495 786 c
1533 746 1664 786 con-

81 813 313 893 soriium
342 834 547 903 absque
576 830 731 902 culpa
769 829 1021 900 graviore
1051 826 1349 890 dimittunt,
1388 824 1469 879 vel
1498 824 1662 877 etiam

81 927 428 992 dimiserunt,
474 925 649 981 nullas
695 923 881 993 culpas
911 919 1125 977 discidii
1159 916 1512 989 probabiliter
1539 928 1665 985 pro-

78 1027 377 1093 ponentes,
424 1026 480 1073 et
508 1026 794 1089 propterea
838 1030 935 1070 sua
981 1011 1327 1068 matrimonia
1366 1008 1662 1071 dimittunt,

80 1120 149 1166 ut
175 1120 266 1166 aut
306 1109 492 1165 illicita
529 1116 624 1164 aut
651 1107 828 1162 aliena
869 1110 1246 1176 praesumant,
1284 1100 1328 1155 si
1375 1105 1664 1166 antequam

81 1203 229 1275 apud
246 1202 525 1273 episcopos
547 1196 1027 1271 comprovinciales
1052 1193 1264 1275 discidii
1293 1204 1488 1247 causas
1514 1189 1639 1243 dixe

80 1268 227 1360 rint,
262 1268 318 1349 et
354 1268 899 1365 pri—'usquamuxores
920 1268 1481 1358 judicio'damnentur
1515 1279 1656 1348 abje«

82 1386 277 1447 cerint,
328 1399 359 1438 a
412 1381 791 1439 communione
840 1376 1115 1441 Ecclesite,
1162 1382 1217 1430 et
1264 1371 1438 1429 sancti
1482 1367 1666 1440 populi

84 1480 254 1542 coetu,
279 1491 378 1546 pro
419 1491 486 1530 eo
524 1473 669 1544 quod
711 1488 822 1543 quo
850 1467 1159 1540 coniugium
1192 1473 1250 1522 et
1288 1463 1450 1519 fidem
1483 1476 1643 1518 macu

84 1568 222 1634 lant,
247 1567 626 1638 praecidantur.

86 1682 220 1740 Car.
250 1681 382 1739 Vlll.
415 1681 495 1737 De
519 1679 736 1759 muliere
756 1674 1101 1759 qam-duabus
1137 1668 1388 1743 fratribus
1415 1668 1669 1739 nupserit,

664 1758 714 1803 et
739 1758 805 1802 de
833 1758 941 1802 viro
965 1762 1100 1815 eius.

478 1861 560 1917 Ex
595 1860 787 1917 eodem
818 1859 974 1923 libro,
1000 1873 1120 1928 cap.
1148 1826 1275 1912 37L

167 1973 285 2046 (vn,
323 1972 478 2039 296.)
505 1971 697 2027 Mulier
730 1986 851 2041 qua:
880 1969 1091 2025 duobus
1122 1966 1383 2023 fratribus
1406 1964 1670 2037 nupserit,

90 2064 257 2135 adiici
284 2064 443 2119 debet
472 2075 645 2131 usque
677 2061 745 2116 ad
769 2060 913 2115 diem
946 2057 1169 2123 mortis,
1201 2057 1296 2113 sed
1327 2064 1550 2126 propter
1567 2055 1675 2109 hu-

89 2155 412 2209 manitatem
444 2153 499 2207 in
519 2152 781 2206 extremis
811 2149 926 2205 suis
952 2148 1309 2204 sacramentis
1336 2144 1675 2202 reconciliari

89 2252 348 2316 Oportet:
381 2242 456 2297 ita
495 2251 675 2296 tamen
703 2248 764 2294 ut
800 2239 954 2309 prius
982 2237 1224 2295 solvatur
1260 2233 1589 2307 coniugium,
1621 2241 1678 2289 et

88 2342 319 2390 maneat
344 2333 592 2401 innupta,
619 2330 788 2384 et'vir
810 2330 932 2401 ejus
951 2329 1155 2398 absque
1176 2341 1347 2382 uxore
1372 2325 1534 2382 simili
1557 2337 1677 2395 pte-

87 2423 341 2480 nitentiat
373 2422 445 2477 sit
474 2420 742 2476 subditus.
775 2419 931 2487 Quod
971 2418 1018 2472 si
1056 2417 1161 2473 duo
1195 2415 1395 2470 fratres
1420 2428 1544 2468 cum
1572 2426 1680 2467 una

92 2515 301 2572 femina
356 2513 605 2569 fornicati
647 2511 847 2567 fuerint
885 2511 1192 2566 nescientes
1244 2507 1314 2564 ad
1358 2506 1680 2561 alterutrum

94 2607 545 2670 fornicationem,
595 2605 780 2661 statim
826 2613 887 2659 ut
933 2602 1286 2675 cognoverint
1330 2599 1679 2664 adulterium,

92 2701 194 2770 qui
214 2714 337 2754 eam
367 2698 530 2753 habet
557 2711 780 2755 uxorem
809 2695 1067 2750 dimittat.
1096 2694 1165 2748 Et
1195 2692 1286 2747 ille
1318 2691 1536 2762 quidem
1560 2698 1684 2760 post

91 2802 279 2848 actam
304 2790 710 2862 pmnitentiam,
741 2789 787 2843 si
817 2803 957 2843 uxor
979 2770 1231 2842 defuncta
1274 2782 1454 2845 fuerit,
1502 2788 1684 2851 potest

94 2883 260 2939 alteri
314 2882 540 2946 sociari;
597 2880 688 2935 illa
727 2879 964 2942 vivente,
1007 2888 1371 2946 nequaquam.
1411 2872 1505 2926 Illa
1552 2874 1683 2926 vero

95 2988 382 3044 nunquam
410 2971 636 3026 ulterius
678 2969 880 3039 poterit
919 2968 973 3022 in
1010 2965 1319 3037 coniugium
1349 2962 1593 3027 assumi,
1629 2970 1686 3018 et

91 3065 216 3136 iugi
260 3064 596 3134 pcenitentia:
631 3061 920 3116 summissa
959 3060 1030 3114 ad
1058 3059 1264 3113 exitum
1291 3056 1417 3111 vita:
1442 3069 1685 3111 comnm-

97 3154 287 3209 niotjs
311 3153 538 3223 gratiam
569 3149 846 3222 percipiat.

98 3286 236 3343 CAP.
281 3285 370 3340 lX.
407 3284 485 3339 De
523 3282 740 3337 muliere
776 3297 893 3353 qua:
933 3279 1245 3334 adulteratn't
1284 3278 1449 3332 virum
1481 3292 1641 3353 situm
1667 3290 1688 3329 :

96 3382 99 3385 ν
175 3357 513 3437 similiter'et
562 3355 628 3409 de
672 3348 798 3408 viro’
831 3353 922 3423 qni
963 3366 1180 3405 uxorem
1221 3364 1376 3403 suam
1420 3348 1690 3402 adultera-

176 3436 323 3481 verit.

614 3516 698 3571 Ex
723 3515 932 3579 eodem,
964 3527 1082 3582 cap.
1105 3510 1231 3566 585.

174 3636 301 3708 (vn,
326 3632 481 3704 298.)
523 3631 716 3688 Mulier
760 3632 969 3687 habens
1012 3630 1220 3693 virum,
1276 3626 1323 3683 si
1370 3623 1692 3681 adulterium

97 3725 545 3800 perpetraverit,‘
566 3732 627 3778 et
663 3720 875 3779 occulte
913 3720 980 3775 ad
1019 3716 1415 3775 confessionem
1462 3714 1692 3780 venerit,

101 3829 320 3890 septem
357 3818 514 3873 annis
536 3817 837 3888 pmniteat;
872 3823 985 3868 tres
1013 3813 1065 3867 in
1088 3827 1226 3882 pane
1254 3820 1306 3867 et
1335 3826 1496 3881 aqua,
1536 3817 1697 3863 caete-
1794 3864 1797 3867 Α

102 3923 206 3964 ros
233 3915 468 3977 quatuor
511 3905 567 3960 in
596 3903 936 3974 providentia
978 3901 1084 3956 erit
1110 3900 1434 3962 sacerdotis,
1464 3897 1697 3968 qualiter

102 4014 237 4055 eam
263 3998 459 4053 viderit
487 4010 665 4066 posse,
695 4003 752 4050 et
780 3993 852 4048 ita
876 3993 933 4048 ei
961 3993 1205 4048 ciborum
1235 3989 1559 4045 abstinentia
1595 3989 1696 4043 im-

102 4098 370 4178 ponatur.
403 4087 670 4144 Similiter
695 4094 754 4141 et
779 4085 864 4139 vir
904 4084 1111 4139 habens
1138 4096 1387 4146 uxorem,
1415 4081 1463 4136 si
1491 4078 1699 4134 adultes

106 4172 259 4239 rium
289 4176 707 4252 perpetraverit,
731 4174 929 4240 faciat,
956 4174 1010 4229 id
1049 4181 1166 4240 est,
1196 4187 1292 4243 per
1322 4172 1610 4228 triennium
1637 4177 1700 4225 ut
1746 4218 1749 4221 Α

105 4289 225 4331 non
256 4271 659 4328 communicet.
690 4267 751 4323 Si
792 4266 949 4337 cuius
977 4280 1116 4321 uxor
1153 4263 1479 4319 adulterium
1508 4275 1697 4332 perpe-

106 4362 366 4428 traverit,
394 4360 578 4416 ethoc
608 4374 642 4413 a
664 4359 783 4412 viro
810 4356 1202 4426 deprehensum
1235 4351 1396 4407 fuerit
1427 4359 1484 4405 et
1518 4348 1698 4420 publi-

107 4458 332 4521 catum,
367 4452 602 4509 dimittat
627 4463 851 4505 uxorem
879 4448 924 4503 si
945 4444 1177 4501 voluerit
1216 4450 1437 4514 propter
1457 4439 1696 4496 fornica-
1725 4477 1780 4538 Β
1843 4443 1855 4453 '

108 4548 324 4602 tionem
352 4562 368 4600 :
401 4543 492 4600 illa
525 4557 691 4608 vero,
740 4536 1036 4596 secundum
1066 4538 1209 4608 quod
1237 4534 1487 4606 superius
1524 4534 1699 4589 inser-

108 4644 233 4693 tum
262 4644 378 4701 est,
419 4634 635 4705 publice
675 4644 801 4704 agat
825 4628 1242 4702 paenitentiam:
1280 4626 1364 4681 vir
1388 4639 1519 4680 vero
1555 4623 1697 4693 eius,

107 4729 212 4787 illa
238 4729 473 4793 “vivente,
514 4725 819 4781 nullatenus
856 4721 1052 4778 habeat
1095 4719 1367 4776 licentiam
1411 4717 1571 4772 aliam
1603 4715 1701 4769 du-

1535 316 1876 377 CANONES.

77 451 211 508 Car.
242 448 351 506 νη.
411 446 490 503 De
534 445 877 502 swcutaribus
913 443 1004 514 qui
1049 458 1172 497 suas
1212 455 1402 495 uxores
1439 435 1660 492 aereliu—
1689 434 1737 490 Α

1708 3124 1756 3187 C

3204 316 3349 375 £090

2349 436 2647 494 TlTULUS
2679 435 2768 492 ιν.

2382 544 2448 582 ηε
2473 544 2729 583 ικοεετιδ.

2267 620 2397 676 Cn.
2426 622 2467 676 ι.
2507 621 2583 674 De
2606 620 2839 675 incestis.

2262 714 2342 768 Ex
2386 712 2602 777 libro'v,
2639 726 2758 781 cap.
2801 709 2857 764 9.

1835 827 1976 899 (Lib.
1999 844 2033 881 v
2054 825 2373 897 Capitular.,
2398 842 2520 897 cap.
2549 825 2627 896 7.)
2656 825 2714 879 Si
2741 825 2902 878 homo
2926 823 3190 878 incestum
3208 837 3360 877 com-

1765 920 1975 976 miserit
1998 935 2120 974 cum
2146 920 2257 974 Deo
2278 928 2508 981 sacrata,
2530 926 2622 971 aut
2643 932 2764 971 cum
2787 923 2960 969 matre
2980 928 3099 978 sua,
3122 922 3355 968 autcum

1766 1012 1998 1089 matrina
2026 1028 2123 1067 sua
2171 1012 2237 1066 de
2280 1011 2424 1066 fonte
2463 1017 2557 1063 aut
2608 1006 3043 1070 confirmatione,
3082 1013 3177 1059 aut
3226 1019 3353 1059 cum

1767 1112 1942 1158 matre
1965 1111 2020 1157 et
2052 1101 2179 1167 lilia,
2212 1109 2305 1154 aut
2332 1115 2456 1154 cum
2497 1098 2707 1152 duabus
2739 1094 3042 1156 sororibus,
3080 1108 3204 1147 cum
3244 1106 3361 1145 mav

1768 1193 1869 1248 tris
1897 1192 2025 1255 ﬁlia,
2068 1198 2306 1245 autcum
2332 1189 2537 1245 sororis
2566 1187 2694 1252 filia,
2742 1194 2834 1239 aut
2859 1199 2982 1240 cum
3026 1190 3212 1252 nepta,
3264 1189 3361 1236 aut

1768 1299 1892 1338 cum
1942 1283 2266 1338 consobrina
2323 1288 2418 1334 aut
2467 1278 2708 1341 sobrina,
2762 1284 2857 1331 aut
2889 1290 3013 1331 cum
3056 1274 3221 1328 amita
3273 1271 3361 1326 vel

1760 1383 2090 1439 matertera,
2151 1381 2245 1428 aut
2293 1384 2417 1427 cum
2447 1366 2533 1426 his
2561 1368 2757 1439 quibus
2801 1380 3038 1426 canones
3068 1364 3363 1435 prohibent

1759 1453 2037 1543 icopulari,
2067 1464 2135 1519 de
2160 1463 2281 1519 istis
2317 1460 2635 1519 criminibus
2660 1458 2946 1530 pecuniam
2969 1472 3122 1512 suam
3149 1456 3359 1527 perdat,
3438 1452 3443 1462 '

1761 1556 1818 1611 si
1846 1554 2114 1610 habuerit.
2170 1553 2241 1608 Et
2285 1553 2334 1608 si
2379 1553 2488 1610 hoc
2532 1550 2822 1606 emendare
2878 1547 3136 1611 noluerit,
3181 1544 3362 1600 nullus

1761 1658 1895 1723 zeum
1927 1642 2194 1712 recipiat,
2232 1656 2337 1697 nec
2370 1641 2549 1697 cibum
2587 1640 2793 1705 donet,
2841 1646 2898 1693 et
2938 1637 2983 1692 si
3031 1635 3252 1699 fecerit,
3293 1647 3365 1688 ιχ

1774 1733 1976 1789 solidos
2013 1732 2210 1788 domno
2233 1732 2347 1802 regi
2389 1737 2697 1801 componat,
2728 1727 3026 1798 usquedum
3051 1726 3169 1796 ipse
3200 1725 3367 1779 homo

1775 1841 1837 1883 se
1880 1824 2200 1883 correxerit.
2228 1824 2298 1878 Et
2325 1824 2371 1878 si
2395 1821 2681 1892 pecuniam
2719 1834 2827 1875 non
2862 1817 3136 1881 habuerit,
3156 1815 3203 1871 si
3229 1814 3369 1869 liber

1773 1924 1878 1981 est,
1915 1914 2162 1970 mittatur
2194 1913 2250 1968 in
2290 1925 2565 1968 carcerem
2594 1922 2767 1978 usque
2799 1907 2869 1963 ad
2892 1903 3315 1960 satisfactionem
3348 1917 3364 1954 :

1774 2006 2028 2063 siautem
2079 2018 2271 2059 servus
2321 2010 2416 2057 aut
2439 2001 2668 2056 libertus
2709 2007 2831 2063 est,
2872 1995 3155 2067 vapuletur
3194 1991 3367 2064 plagis

1775 2096 1980 2152 multis.
2013 2095 2081 2149 Et
2105 2094 2152 2149 si
2179 2093 2429 2150 dominus
2452 2105 2584 2146 suus
2631 2104 2754 2145 eum
2793 2086 3103 2158 permiserit
3136 2083 3370 2153 amplius

1776 2185 1833 2242 in
1855 2185 2013 2240 talem
2032 2184 2244 2254 lapsum
2265 2183 2524 2247 incidere,
2564 2181 2679 2250 ipse
2700 2194 2769 2234 ιι
2794 2177 2997 2233 solidos
3024 2177 3222 2232 domno
3251 2173 3368 2245 regi

1777 2284 2083 2347 componat.
2125 2276 2203 2331 De
2225 2273 2448 2344 reliquis
2471 2287 2602 2328 vero
2626 2269 2967 2341 propinquis,
2981 2269 3141 2340 juxta
3161 2266 3371 2323 constia

1780 2375 1893 2422 tuta
1936 2376 2249 2422 sanctorum
2298 2364 2519 2421 Patrum
2557 2372 2621 2419 et
2650 2363 2808 2434 juxta
2846 2362 3063 2419 decreta
3099 2356 3372 2418 canonum

1774 2456 2065 2530 iudicetur.
2204 2480 2209 2485 ·
3274 2466 3277 2467 ⁷

2228 2571 2358 2629 CAP.
2378 2570 2444 2627 ll.
2473 2570 2553 2626 De
2584 2568 2912 2626 incestuosis.

2202 2667 2283 2722 Ex
2309 2666 2499 2723 eodem
2535 2664 2654 2730 lib.,
2699 2678 2816 2733 cap.
2858 2662 2947 2718 91.

1851 2781 1928 2836 De
1956 2780 2279 2835 incestuosis
2300 2820 2317 2843 ,
2357 2786 2417 2833 ut
2451 2758 2711 2833 canonice
2749 2774 3148 2838 examinentur,
3180 2779 3236 2828 et
3272 2786 3374 2826 nec

1780 2878 2009 2943 propter;
2028 2869 2258 2940 alicujus
2289 2867 2584 2922 amicitiam
2607 2866 2828 2936 quidam
2872 2864 3209 2929 relaxentur,
3250 2861 3371 2933 dui-

1783 2964 1909 3017 dam
1943 2975 2074 3016 vero
2097 2959 2564 3029 constringantur.

2162 3068 2292 3126 CAP.
2321 3067 2408 3123 lll.
2438 3066 2573 3121 Item
2593 3065 2660 3120 de
2685 3064 3018 3119 incestuosis.

2196 3158 2274 3214 Ex
2302 3158 2491 3213 eodem
2515 3155 2676 3220 libro,
2711 3168 2834 3224 cap.
2862 3152 2985 3207 165.

1863 3273 1937 3345 (v,
1965 3271 2082 3341 98.)
2111 3268 2183 3325 Ut
2208 3268 2444 3339 episcopi
2467 3266 2802 3321 incestuosos
2829 3262 3037 3333 puriter
3056 3256 3383 3332 investigare

1792 3365 2044 3421 studeant
2069 3360 2291 3416 omnino
2320 3357 2683 3428 praecipimus.
2731 3353 2800 3408 Et
2827 3353 2874 3407 si
2897 3352 3164 3423 ptenitcre
3190 3352 3382 3416 nolite,-

1794 3455 1927 3517 rint,
1966 3455 2031 3507 dc
2054 3449 2282 3505 ecclesia
2311 3446 2669 3519 expellantur,
2709 3443 2882 3499 donec
2913 3444 2982 3498 ad
3009 3443 3384 3512 paenitentiam

1794 3548 2161 3601 revertantur.
2478 3561 2481 3564 ν

1796 3656 1925 3714 Car.
1955 3652 2064 3710 ιγ.
2111 3650 2183 3708 Ut
2223 3650 2448 3723 episcopi
2499 3650 2819 3770 incest‘uosos
2859 3644 3131 3701 emendem
3178 3652 3231 3698 et
3268 3657 3388 3697 cor-

2499 3735 2650 3770 rtaan
2678 3755 2694 3770 ο

2499 3735 2694 3790 rigant.

2280 3811 2363 3869 Ex
2380 3811 2593 3876 eodem,
2610 3822 2728 3879 cap.
2760 3805 2886 3862 505.

1873 3936 1948 4005 (v,
1992 3928 2137 4000 [52.)
2175 3927 2250 3984 Ut
2272 3926 2511 3998 episcopi
2549 3925 2885 3979 incestuosos
2912 3920 3158 3975 homines
3196 3931 3388 3973 emen-

1801 4024 1950 4087 dent,
1978 4031 2033 4076 et
2057 4033 2308 4090 magnam
2352 4013 2686 4086 diligentiam
2712 4013 2950 4067 habeant
2974 4025 3043 4064 ex
3072 4008 3175 4073 eis,
3210 4022 3306 4063 seu
3333 4014 3393 4063 et

1803 4118 1870 4173 dc
1897 4115 2072 4171 viduis
2098 4112 2237 4168 infra
2277 4124 2432 4167 suam
2454 4105 2768 4179 parochiam
2803 4109 3125 4174 potestatem
3152 4099 3394 4155 habeant

1803 4206 1871 4261 ad
1900 4204 2301 4274 corrigendum.

1804 4317 1933 4373 CAP.
1962 4314 2029 4370 ν.
2063 4311 2132 4367 Ut
2163 4311 2346 4366 incesti
2373 4319 2420 4364 et
2448 4306 2728 4379 parricidae
2758 4303 3004 4359 canonice
3032 4308 3392 4357 coerceantur.

2304 4398 2386 4453 Ex
2413 4397 2509 4451 lib.
2534 4411 2624 4462 v1,
2655 4392 2890 4464 cap.'7l.

1876 4522 1974 4593 (Vl,
2004 4517 2117 4589 7i.)
2155 4515 2234 4571 De
2258 4511 2600 4574 incestuosis,
2623 4518 2679 4565 et
2704 4504 2988 4578 parricidis
3023 4513 3085 4559 ut
3126 4494 3394 4589 canonice

1806 4618 2181 4671 coerceantur,
2212 4607 2353 4661 sicut
2389 4604 2456 4659 de
2495 4601 2586 4656 illo
2604 4600 2905 4671 iudicatum
2935 4603 3043 4661 est,
3081 4595 3174 4665 qui
3195 4602 3398 4648 mater-

1807 4718 1939 4765 tera:
1988 4718 2101 4758 sua:
2131 4699 2297 4754 filiam
2327 4693 2613 4766 stupravit,
2650 4703 2711 4747 ut
2760 4689 3067 4761 coniugium
3102 4685 3255 4746 .ultra
3293 4699 3401 4738 non

1810 4804 2042 4871 repetat,
2075 4801 2132 4847 et
2159 4790 2363 4845 militia:
2388 4783 2662 4857 cingulum
2689 4783 3055 4852 derelinquat,
3087 4787 3143 4833 et
3166 4785 3259 4851 aut
3289 4768 3404 4857 mo}

1814 4862 2109 4947 nasterium
2145 4887 2340 4949 petat,
2385 4884 2481 4931 aut
2531 4873 2578 4927 si
2643 4872 2779 4930 foris
2814 4882 3100 4930 remanere
3152 4862 3414 4924 voluerit,

1809 4988 2060 5049 tempora
2104 4968 2445 5041 paenitentia:
2483 4963 2783 5020 secundum
2830 4971 3070 5022 canones
3112 4956 3271 5026 plene
3315 4967 3422 5008 ex~

1809 5075 2016 5138 solvat.

1980 5175 2049 5196 ετ.
2128 5172 2192 5196 h-
2221 5174 2257 5196 2,
2306 5194 2309 5195 ν
2374 5174 2437 5196 ιε-
2484 5175 2527 5196 Α.

110 4833 253 4875 cere
274 4829 528 4874 uxorem.
570 4816 724 4883 Quod
771 4813 818 4868 si
850 4810 1082 4868 voluerit
1126 4809 1425 4865 adulteram
1464 4806 1569 4863 sibi
1611 4821 1699 4861 re-

108 4909 446 4973 conciliare,
475 4905 749 4961 licentiam
791 4904 989 4958 habeat
1018 4919 1033 4956 :
1062 4900 1140 4956 ita
1174 4910 1355 4973 tamen
1394 4906 1456 4953 ut
1498 4896 1703 4966 pariter

110 5016 250 5058 cum
274 4999 364 5054 illa
392 4993 773 5069 pamitentiam
799 4999 942 5064 agat,
981 4999 1037 5047 et
1068 4972 1612 5059 exacta'pmnitentia
1634 4984 1700 5040 ad

110 5091 590 5152 communionem,
633 5086 775 5142 sicut
807 5082 1056 5156 superius
1086 5081 1396 5139 continetur
1417 5078 1700 5141 insertum,

615 5188 627 5196 ι
678 5176 879 5196 Πονηὲιδ-
907 5175 1071 5196 Px--,---
1123 5184 1166 5196 -4
1195 5175 1244 5196 2..
1277 5173 1501 5196 μ--ιεΑ-Α
1522 5183 1672 5196 ..Α-ηερ

2949 5179 3010 5196 ηρ
3036 5159 3098 5196 Α,
3120 5171 3352 5196 anns-mel
3387 5157 3441 5196 ρι

2566 5169 2893 5196 A-:_.:..--!-‘
