3904 5304
124 318 256 375 1095

122 538 228 578 non
269 527 540 590 optamus,
587 517 702 586 ipse
743 529 943 576 comes,
971 521 1064 566 aut
1091 511 1157 565 de
1183 509 1454 578 praedictis
1490 508 1690 569 causis,

122 624 218 670 aut
246 613 312 668 de
343 611 458 680 ipsa
487 605 1043 664 excommunicatione
1082 599 1420 655 inobediens.
1474 608 1566 650 aut
1594 613 1693 651 ue-

121 704 325 778 gligens
367 716 465 758 suo
507 699 758 768 episcopo
796 694 1125 766 apparuerit,
1174 692 1380 746 honore
1408 688 1696 744 comitatus

121 777 323 866 pariter
353 801 410 847 et
437 789 812 844 communione
856 791 1058 845 careat,
1099 796 1268 849 usque
1304 780 1429 834 dum
1462 777 1694 832 amboin

124 894 362 942 nostram
415 879 756 952 praesentiam
798 876 1034 936 veniant,
1070 881 1128 926 ut
1165 886 1263 925 nos
1309 869 1456 924 illum
1489 868 1697 936 episco-

119 975 229 1047 pali
257 972 598 1034 auctoritate,
644 977 804 1036 atque
839 962 1100 1034 imperiali
1136 969 1306 1023 metu,
1349 959 1420 1012 ita
1453 957 1696 1027 corriga-

123 1046 267 1129 mus,
295 1071 355 1116 ut
385 1059 565 1116 caeteri
598 1057 850 1111 timorem
879 1055 1130 1116 habeant,
1156 1065 1259 1104 nec
1283 1049 1537 1117 deinceps
1569 1046 1696 1100 talia

123 1152 461 1209 committere
481 1147 748 1202 ullatenus
769 1143 1020 1198 audeant.

119 1313 251 1369 Car.
291 1310 432 1368 XIV.
485 1307 552 1362 Ut
598 1305 798 1368 incesti,
841 1299 1078 1372 quandiu
1115 1298 1173 1372 in
1219 1285 1407 1349 scelere
1447 1299 1696 1372 manent,

193 1367 550 1451 naniﬁdelium
571 1367 993 1451 Christianorum
1016 1409 1032 1434 ,
1059 1367 1150 1422 sed
1177 1367 1699 1451 tanturujautugenti:

195 1435 328 1507 tias;
351 1491 368 1516 ,
413 1460 504 1503 aut
553 1446 1043 1501 catechumenorum
1066 1478 1082 1504 ,
1113 1435 1191 1490 vel
1233 1446 1699 1504 energumenorum

194 1523 366 1578 locum
389 1526 616 1574 teneant.

534 1626 830 1684 Exeodem
858 1622 1019 1687 libro,
1044 1635 1163 1688 cap.
1187 1616 1312 1671 404.

195 1747 313 1818 (vn,
341 1743 490 1814 336.)
532 1734 727 1797 incesti
747 1779 762 1803 ,
789 1739 916 1794 dum
959 1736 1011 1789 in
1042 1734 1158 1804 ipso
1189 1728 1508 1785 detestando
1538 1735 1698 1794 atque
1728 1757 1774 1816 Β

120 1817 358 1897 nefando
385 1837 590 1892 scelere
627 1839 871 1894 manent,
903 1842 1008 1883 non
1036 1826 1180 1878 inter
1217 1821 1402 1876 ﬁdeles
1438 1817 1702 1874 Christia-

123 1945 247 1996 nos,
277 1926 373 1983 sed
395 1926 537 1980 inter
563 1920 811 1994 gentiles,
835 1926 928 1972 aut
957 1914 1400 1976 catechumenos,
1430 1907 1516 1962 vel
1545 1920 1702 1960 ener-

120 2034 386 2093 gumenos
435 2018 758 2092 habeantur,
800 2011 854 2065 id
893 2017 998 2072 est,
1049 2022 1170 2062 cum
1220 1999 1544 2058 Christianis
1596 2013 1705 2052 non

122 2091 306 2172 cibum
335 2116 593 2173 sumant,
623 2121 730 2161 non
777 2112 992 2173 potum;
1026 2115 1132 2154 non
1170 2098 1225 2152 in
1268 2095 1457 2150 eodem
1482 2091 1706 2147 vasculo

119 2206 289 2261 edant
315 2212 409 2257 aut
432 2201 639 2262 bibant,
667 2195 760 2251 sed
783 2193 880 2250 soli
910 2193 1016 2246 hoc
1037 2190 1240 2246 faciant
1268 2204 1283 2240 :
1324 2201 1430 2241 non
1458 2183 1708 2240 osculen-

123 2307 244 2362 tur,
272 2302 367 2348 aut
395 2291 698 2347 salutentur
741 2287 808 2341 ab
833 2286 932 2340 eis.
969 2283 1037 2337 Et
1083 2282 1128 2336 si
1179 2280 1292 2335 suis
1338 2274 1706 2332 sacerdotibus

119 2383 498 2442 inobedientes
527 2377 852 2440 exstiterint,
879 2383 936 2428 et
971 2389 1000 2426 a
1031 2381 1142 2425 tam
1178 2365 1563 2424 nefandissimo
1589 2378 1708 2419 sce-

120 2476 244 2531 lere
272 2470 565 2543 segregari,
591 2477 752 2537 atque
783 2465 849 2520 ad
892 2462 1164 2533 publicam
1206 2456 1581 2528 paenitentiam
1621 2469 1709 2508 re-

120 2565 246 2622 dire
268 2561 558 2622 noluerint,
585 2559 728 2613 inter
755 2570 850 2610 eos
884 2554 1189 2607 habeantur
1228 2548 1318 2616 qui
1351 2545 1541 2616 spiritu
1570 2544 1709 2613 peri-

123 2651 388 2709 clitantur
432 2645 733 2710 immundo,
774 2643 860 2697 vel
903 2642 1067 2697 etiam
1099 2639 1243 2693 inter
1285 2649 1381 2691 eos
1411 2634 1477 2689 de
1510 2633 1707 2702 quibus

123 2745 246 2815 ipsa
270 2739 486 2797 Veritas
511 2737 643 2794 dicit
671 2752 687 2792 :
721 2733 781 2790 Si
808 2743 856 2788 te
894 2749 997 2786 non
1040 2729 1266 2784 audierit
1332 2728 1400 2778 sit
1437 2726 1530 2778 tibi
1573 2723 1707 2778 sicut

123 2834 362 2890 ethnicus
403 2839 454 2886 et
497 2827 804 2899 publicanus
859 2823 1086 2894 (Matth.
1137 2819 1329 2888 xvm).
1387 2817 1522 2871 Nam
1580 2829 1706 2870 cum

126 2925 378 2984 ﬁdelibus
407 2938 515 2978 non
539 2921 734 2977 debent
757 2932 933 2980 orare,
956 2928 1058 2971 nec
1092 2914 1146 2968 in
1167 2911 1450 2966 ecclesiam
1479 2907 1706 2970 intrare,

123 3017 227 3076 sed
266 3017 333 3072 ad
381 3013 601 3084 januam
648 3009 891 3067 ecclesiae
942 3003 1242 3068 excubare,
1283 3009 1340 3056 et
1382 2996 1707 3053 intrantibus

1551 303 1886 356 liANUNbS.

121 435 241 489 nius
258 411 386 501 erga
414 441 536 484 eum
560 424 757 495 aliquid
779 437 938 495 agere
967 419 1249 492 placuerit.
1282 417 1337 472 Si
1368 430 1516 478 vero,
1544 414 1685 484 quod
1713 415 1767 474 Α

3233 309 3373 370 ιοθι

2013 416 2141 472 CAP.
2170 417 2232 472 ll.
2269 419 2342 472 De
2371 422 2533 491 raptis
2563 429 2609 475 et
2638 437 2818 475 earum
2845 423 3156 493 raptoribus.

2203 511 2282 565 Ex
2313 511 2500 566 eodem
2529 513 2687 577 tibro,
2718 529 2837 583 cap.
2868 513 2994 568 223.

1831 602 1928 672 ·(ι,
1959 601 2102 673 105.)
2139 602 2216 658 De
2265 603 2431 674 raptis
2472 613 2528 659 et
2565 606 2630 660 de
2675 606 3012 675 raptoribus,
3064 622 3372 678 quanquam

1796 692 2099 762 specialiter
2145 694 2482 750 decrevimus
2527 696 2655 765 quid
2702 697 2810 764 pati
2861 696 3090 752 debeant
3137 699 3227 770 qui
3271 701 3376 755 hoc

1797 783 1947 839 nefas
1972 785 2223 861 deinceps
2249 786 2429 841 facere
2455 788 2808 864 tentaverint;
2838 789 2964 858 quid
2995 799 3174 845 tamen
3201 791 3267 846 de
3293 791 3378 848 bis

1797 875 1937 930 sacri
1985 891 2219 932 canones
2265 878 2582 947 praecipiant
2621 878 2710 932 hic
2754 879 3096 934 inserendum
3129 873 3380 949 necessa-

1798 968 1936 1020 rium
1975 967 2254 1032 duximus,
2297 979 2561 1037 quatenus
2602 969 2850 1024 omnibus
2893 979 3075 1040 pateat
3116 980 3378 1042 quantum

1800 1057 1996 1110 malum
2034 1057 2142 1123 sit,
2187 1068 2242 1113 et
2285 1075 2389 1114 non
2436 1060 2610 1115 solum
2657 1061 2923 1127 humana,
2963 1062 3055 1116 sed
3099 1070 3154 1116 et
3197 1062 3379 1117 divina

1799 1146 2121 1200 auctoritate
2164 1149 2470 1211 constricti,
2505 1149 2701 1203 abhinc
2735 1150 2836 1203 hoc
2872 1149 3071 1204 malum
3104 1159 3380 1206 caveatur.

1897 1255 2023 1311 CAP.
2052 1255 2138 1310 ΙΙΙ.
2178 1257 2256 1312 De
2278 1259 2464 1327 puellis
2496 1260 2657 1329 raptis
2689 1261 2906 1315 necdum
2933 1261 3278 1332 desponsatis.

2276 1346 2355 1400 Ex
2381 1348 2590 1414 eodem,
2620 1364 2740 1418 cap.
2769 1349 2898 1404 224.
2951 1384 2960 1388 —

1871 1434 1933 1506 (ι.
1965 1435 2110 1506 104.)
2148 1437 2222 1492 De
2263 1439 2452 1507 puellis
2492 1440 2660 1509 raptis
2697 1441 2926 1495 necdum
2954 1441 3290 1512 desponsatis
3321 1443 3379 1500 in

1801 1529 2029 1583 concilio
2057 1527 2475 1584 Chalcedonensi
2497 1570 2512 1594 ,
2537 1531 2626 1584 ubi
2653 1546 2830 1585 bcxxx
2855 1532 3040 1587 Patres
3069 1533 3380 1600 adfuerunt,

1802 1618 2039 1686 capitulo
2063 1617 2152 1681 28,
2175 1618 2250 1671 ita
2279 1619 2508 1673 habetur
2530 1637 2543 1673 :
2568 1619 2674 1675 Eos
2697 1620 2787 1690 qui
2816 1621 3031 1690 rapiunt
3054 1622 3257 1691 puellas
3279 1624 3382 1679 sub

1803 1709 2022 1762 nomine
2054 1708 2214 1762 simul
2243 1709 2548 1772 habitandi,
2578 1718 2930 1779 cooperantes
2955 1720 3011 1766 et
3034 1712 3383 1766 conniventes

1807 1797 2134 1867 raptoribus,
2163 1799 2400 1853 decrevit
2425 1809 2607 1855 sancta
2632 1802 2884 1872 synodus,
2915 1803 3179 1872 siquidem
3202 1803 3387 1859 clerici

1806 1896 1964 1952 sunt,
1990 1888 2241 1942 decidant
2271 1890 2439 1958 gradu
2469 1891 2717 1959 proprio;
2760 1892 2806 1945 si
2835 1906 2963 1946 vero
2986 1891 3129 1956 laici,
3157 1893 3388 1948 anathe-

1805 1979 2128 2033 matizentur
2154 1979 2369 2048 (quibus
2396 1980 2575 2034 verbis
2603 1989 2788 2050 aperte
2813 1981 2972 2036 datur
3000 1981 3222 2052 intelligi
3249 1997 3387 2052 qua—

1803 2068 1931 2123 liter
1970 2069 2130 2138 hujus
2174 2068 2301 2122 mali
2351 2079 2600 2124 auctores
2646 2071 2932 2126 damnandi
2981 2080 3143 2137 sunt,
3170 2073 3389 2141 quando

1804 2163 2094 2232 participes
2132 2171 2188 2218 et
2227 2164 2577 2220 conniventcs
2616 2173 2764 2220 tanto
2807 2167 3154 2222 anathemate
3185 2165 3390 2220 feriun-

1807 2252 1958 2322 tur),
1995 2259 2050 2307 et
2076 2251 2233 2321 juxta
2273 2253 2589 2308 canonicam
2629 2255 3004 2310 auctoritatem
3043 2256 3112 2311 ad
3141 2255 3389 2326 conjugia

1806 2343 2040 2414 legitima
2066 2350 2250 2410 raptas
2275 2342 2376 2396 sibi
2399 2343 2523 2413 jure
2538 2343 2813 2400 vindicare
2835 2345 3142 2402 nullatenus
3159 2347 3389 2416 possint,

1982 2454 2111 2510 Car.
2140 2453 2230 2510 IV.
2267 2453 2347 2508 De
2374 2455 2697 2525 desponsatis
2718 2464 2767 2510 et
2795 2457 2860 2510 ab
2887 2455 3007 2511 aliis
3036 2459 3218 2528 raptis.

2293 2547 2373 2602 Ex
2399 2549 2612 2616 eodem,
2645 2564 2764 2620 cap.
2794 2549 2921 2604 225.

1879 2663 1940 2734 (ι,
1969 2661 2115 2733 105.)
2147 2662 2221 2716 De
2249 2663 2587 2732 desponsatis
2616 2663 2806 2733 puellis
2826 2703 2841 2729 ,
2867 2670 2921 2718 et
2948 2664 3017 2719 ab
3041 2663 3162 2718 aliis
3197 2663 3390 2733 raptis,

1814 2751 1888 2806 ita
1910 2755 1964 2807 in
1985 2751 2213 2808 concilio
2235 2752 2544 2823 Ancyrano,
2571 2767 2691 2822 cap.
2722 2752 2809 2818 lO,
2839 2753 3071 2824 legitur:
3097 2753 3397 2823 Desponsa-

1807 2857 1892 2902 tas
1915 2845 2144 2916 puellas,
2166 2853 2223 2901 et
2250 2856 2371 2904 post
2392 2847 2459 2900 ab
2484 2845 2604 2900 aliis
2627 2857 2828 2916 raptas,
2851 2847 3051 2917 placuit
3075 2863 3212 2913 erui,
3235 2857 3290 2904 et
3314 2847 3396 2903 eis

1810 2929 2182 3005 reddiquibus
2211 2943 2336 2990 ante
2365 2935 2580 2991 fuerant
2615 2937 2974 3006 desponsatas,
3005 2937 3216 2991 etiamsi
3247 2937 3327 2992 eis
3361 2951 3394 2991 a

1810 3027 2117 3096 raptoribus
2138 3025 2222 3080 vis
2248 3025 2392 3079 illata
2417 3027 2737 3080 constiterit.
2763 3025 2998 3080 Proinde
3021 3033 3283 3080 statutum
3310 3032 3397 3080 est

124 3110 186 3166 in
220 3105 484 3170 eamdem’
509 3111 671 3172 atque
698 3097 1020 3154 exeuntibus
1044 3108 1112 3147 ex
1136 3106 1222 3156 ca’
1244 3089 1392 3144 wn"
1418 3088 1471 3142 in
1503 3097 1702 3141 terram
1731 3105 1776 3167 Ο
1809 3135 1839 3174 a
1871 3088 2056 3174 sancto
2081 3127 2344 3173 conventu
2376 3125 2433 3172 ut
2462 3126 2644 3188 raptor
2668 3116 2881 3186 publica
2909 3117 3225 3186 poenitentia
3256 3115 3396 3169 mul-

123 3206 400 3272 prostrato
425 3195 636 3251 veniam
663 3188 955 3261 postulare,
985 3193 1042 3239 et
1077 3192 1138 3237 ut
1166 3195 1266 3252 pro
1303 3195 1362 3234 se
1382 3192 1560 3272 Aorare
1597 3191 1714 3272 non

124 3266 486 3363 dedignentur
541 3285 816 3356 flagitare,
860 3288 915 3335 et
961 3275 1216 3348 lacrymis
1273 3269 1492 3363 perfuso
1533 3266 1706 3363 vultu,

125 3357 376 3439 contrito
414 3377 614 3440 corde,
662 3380 826 3442 atque
879 3367 1161 3423 humiliato
1210 3362 1403 3433 spiritu
1457 3357 1709 3412 omnibus

127 3483 417 3545 apparere,
447 3480 618 3536 usque
642 3464 710 3518 ad
739 3449 1445 3545 satisfactionem‘Eeclesiae
1463 3487 1480 3514 ,
1507 3456 1561 3502 et
1585 3459 1710 3517 pro-

127 3541 238 3634 prii
284 3555 522 3630 episcopi
573 3550 890 3609 canonicam
935 3541 1425 3601 reconciliationem
1466 3550 1710 3601 manere,

124 3631 190 3709 et
235 3651 304 3706 ad
352 3647 644 3720 pristinum
684 3643 952 3698 incestum
993 3649 1268 3704 nunquam
1321 3631 1498 3687 redire
1544 3647 1558 3684 :
1610 3643 1713 3683 nec

127 3741 415 3800 saecularia
451 3735 664 3808 negotia
699 3744 978 3794 exercere,
1005 3741 1106 3782 nec
1129 3723 1344 3796 placitis
1368 3729 1462 3776 aut
1489 3732 1713 3775 accusa-

128 3833 374 3890 tionibus
420 3828 507 3884 vel
555 3821 878 3881 testimoniis
917 3820 1182 3874 interesse
1212 3830 1228 3870 :
1257 3815 1352 3870 sed
1381 3811 1590 3868 crebris
1625 3824 1714 3865 sa-

126 3924 418 3982 cerdotum
443 3916 713 3989 precibus,
754 3923 1058 3979 manusque
1082 3905 1351 3977 pontiﬁcis
1378 3901 1581 3974 proprii
1612 3901 1712 3954 im-

126 4011 524 4088 positionibus,
567 4006 1034 4073 eleemosynarum
1085 3993 1495 4088 largitionibus,
1550 3999 1714 4058 atque

127 4081 459 4160 caterorum
508 4097 776 4152 bonorum
821 4089 1064 4146 omnium
1108 4081 1563 4147 exbibitionibus,
1618 4093 1715 4134 eos

128 4191 358 4266 purgari
385 4187 675 4256 sanarique
699 4189 931 4254 oportet.

506 4319 637 4378 Car.
675 4316 793 4374 XV.
827 4315 996 4381 Item,
1033 4312 1098 4367 de
1132 4312 1364 4366 incestis.

550 4429 631 4487 Ex
651 4427 842 4484 eodem
865 4425 1025 4489 libro,
1053 4436 1174 4492 cap.
1199 4419 1327 4476 454.

205 4548 330 4620 (vn,
357 4544 508 4616 3‘57.)
545 4543 786 4600 lncestos
822 4537 970 4594 nullo
1003 4532 1239 4606 coniugii
1271 4530 1489 4588 nomine
1516 4541 1720 4610 praeve-

125 4640 329 4697 landos
352 4651 474 4695 esse
500 4646 802 4692 censemus.

1810 3219 1972 3266 tetur.
1994 3209 2193 3279 Rapta:
2215 3225 2367 3274 vero,
2398 3209 2444 3263 si
2472 3223 2700 3278 sponsus
2724 3223 2843 3262 eam
2872 3209 3114 3278 recipere
3139 3207 3395 3272 noluerit,

1809 3309 1866 3354 et
1908 3300 2024 3368 ipse
2069 3296 2308 3366 ejusdem
2356 3299 2601 3353 criminis
2651 3299 2997 3352 consentiens
3050 3313 3158 3352 non
3209 3296 3394 3362 fuerit,

1811 3389 2026 3443 licentia
2049 3388 2284 3443 nubendi
2311 3387 2401 3440 alii
2429 3403 2534 3442 non
2559 3396 2800 3457 negetur.
2830 3387 2981 3454 Quod
3007 3388 3050 3441 si
3072 3397 3128 3441 et
3156 3387 3245 3441 illa
3267 3402 3399 3441 eon-

1811 3478 2015 3543 sensit,
2047 3476 2209 3531 simili
2243 3476 2506 3530 sententia
2538 3474 2834 3542 subjaceat.
2871 3474 3025 3540 Quod
3051 3475 3095 3530 si
3135 3485 3255 3545 post
3280 3477 3400 3530 haec

1811 3583 1871 3623 se
1910 3565 2236 3636 conjungere
2272 3565 2746 3636 praesumpserint,
2781 3565 3000 3635 utrique
3039 3565 3399 3620 anathemati-

1812 3671 1911 3712 zen
1918 3666 2007 3711 ιιιι·

1999 3747 2126 3805 CAP.
2157 3748 2223 3804 ν.
2259 3747 2339 3803 De
2375 3757 2529 3818 raptu
2559 3747 2852 3802 alienarum
2888 3765 3220 3819 sponsarum.

2202 3839 2280 3893 Ex
2307 3839 2496 3894 eodem
2523 3837 2678 3903 libro,
2708 3853 2828 3908 cap.
2854 3837 2982 3894 238.

1885 3930 1981 4004 (tv,
2010 3929 2126 4001 22.)
2166 3929 2224 3986 Si
2264 3931 2385 4000 quis
2421 3945 2676 4000 sponsam
2721 3929 2952 3984 alienam
2983 3929 3262 3999 rapuerit,
3303 3937 3400 3985 aut

1813 4022 1958 4094 patri
2002 4021 2142 4091 ejus,
2185 4029 2279 4075 aut
2318 4020 2369 4074 ei
2400 4020 2490 4090 qui
2535 4020 2806 4091 legitimus
2848 4019 2964 4087 ejus
3002 4018 3256 4076 defensor
3279 4035 3402 4078 esse

1813 4112 1995 4176 debet,
2025 4126 2146 4166 cum
2172 4125 2268 4165 sua
2297 4109 2414 4180 lege
2434 4123 2556 4163 eam
2580 4108 2789 4166 reddat.
2815 4108 2881 4164 Et
2903 4109 3161 4178 quidquid
3184 4123 3308 4164 cum
3331 4124 3398 4164 ea

1814 4200 2019 4263 tulerit,
2041 4199 2297 4254 semotim
2311 4212 2746 4267 unamquamque
2769 4211 2884 4251 rem
2909 4197 3203 4252 secundum
3226 4195 3400 4267 legem

1817 4289 2032 4345 reddat.
2062 4289 2130 4342 Et
2152 4288 2197 4342 si
2228 4287 2332 4342 hoc
2358 4286 2609 4342 defensor
2636 4284 2755 4356 ejus
2777 4284 3077 4356 perpetrari
3101 4284 3397 4350 consensit,

1817 4389 1873 4436 et
1900 4379 2020 4435 ideo
2049 4379 2251 4448 raptori
2281 4377 2414 4432 nihil
2435 4391 2679 4446 quaerere
2697 4374 2951 4438 voluerit,
2979 4389 3163 4429 comes
3188 4373 3396 4442 singula

1739 4452 1795 4514 Ῑ)
1821 4471 1889 4526 de
1917 4483 2238 4539 unaquaque
2265 4483 2324 4524 re
2348 4468 2497 4524 freda
2521 4475 2704 4522 nostra
2738 4464 2808 4520 ab
2843 4479 2908 4520 eo
2933 4471 3188 4518 exactare
3215 4461 3400 4526 faciat,

1821 4569 1877 4616 et
1901 4569 2105 4631 quanto
2132 4568 2374 4629 tempore
2399 4558 2551 4614 nobis
2583 4555 2848 4627 placuerit
2874 4555 2926 4610 in
2953 4553 3142 4608 exsilio
3165 4560 3404 4618 maneat,

1821 4660 1878 4708 et
1921 4652 2066 4708 illam
2113 4652 2370 4708 feminam
2415 4653 2465 4707 ei
2512 4652 2714 4706 habere
2759 4666 2868 4706 non
2902 4648 3085 4703 liceat.

733 4757 1030 4818 TITULUS
1058 4747 1126 4812 ν.

695 4889 764 4931 DE
802 4884 1148 4928 RAPTOBIBUS.

513 4989 644 5046 CAP.
680 4987 721 5042 l.
761 4985 840 5040 De
863 4994 1017 5056 raptu
1043 4981 1344 5039 viduarum.

1822 4775 1951 4833 CAP.
1987 4770 2066 4827 Vl.
2111 4765 2177 4820 Ut
2213 4767 2392 4821 nullus
2429 4763 2657 4819 occultas
2693 4765 2904 4826 nuptias
2942 4767 3034 4833 aut
3073 4765 3280 4828 raptum
3320 4754 3409 4824 fa-

1897 4845 2033 4905 ciat,
2075 4837 2153 4892 vel
2191 4854 2351 4906 quam
2392 4836 2708 4906 propinquus
2751 4833 2931 4906 habuit
2970 4832 3129 4883 ducat
3169 4839 3412 4906 niterent,

1897 4893 1990 4971 sed
2020 4893 2254 4964 dotata'm
2283 4918 2332 4960 et
2373 4893 2405 4960 ἁ
2433 4893 2734 4975 parentibus
2762 4903 3047 4975 traditam_,
3081 4913 3178 4975 per
3204 4893 3418 4948 benedi-

1901 4966 2120 5042 ctionem
2153 4966 2484 5032 sacerdotum
2509 4973 2730 5041 accipiat
2753 4973 2914 5045 quam
2938 4968 3046 5024 vult
3073 4966 3258 5021 habere
3281 4977 3426 5017 uxo-

1901 5070 2030 5111 rem.

593 5139 611 5157 .
637 5101 715 5155 Ex
752 5099 891 5154 libro
923 5113 978 5164 v,
1017 5113 1136 5168 cap.
1177 5095 1232 5149 6.

2301 5117 2388 5173 Ex
2415 5113 2553 5168 libro
2578 5126 2676 5177 vu,
2706 5129 2835 5188 cap.
2861 5110 2950 5166 70.

1911 5242 1926 5256 I
1969 5252 2002 5256 Α-
2069 5227 2166 5256 10'!
2191 5227 2210 5256 \
2249 5227 2529 5256 οΑ-Αξιιοινι
2553 5234 2632 5256 nol
2658 5233 2716 5256 II.

809 5251 895 5256 --..
949 5238 1008 5256 Ι,
1036 5236 1050 5256 \
1081 5235 1177 5256 n--2
1197 5235 1407 5256 --εΔ---...
1442 5233 1576 5256 2-1..-
1602 5232 1684 5256 α-..ἔ

1911 5242 1926 5256 ι
1969 5252 2002 5256 Α-
2069 5227 2166 5256 sta-1
2191 5227 2210 5256 \
2249 5227 2529 5256 eumn...»
2553 5234 2632 5256 ηοι
2658 5233 2716 5256 ..ο
2754 5227 2982 5256 “unum.
3007 5217 3208 5256 nnnlim
3237 5213 3306 5256 ah
3339 5207 3437 5256 his

1331 5251 1407 5256 -..Α
1442 5233 1576 5256 2-1--
1602 5233 1682 5256 caua:
