  <div class='ocr_page' id='page_1' title='image "/cluster/home/n/w/nwhite01/storage/ocr_20150623/124/hvd.32044011218096/553.png"; bbox 0 0 3904 5304; ppageno 0'>
   <div class='ocr_carea' id='block_1_1' title="bbox 481 306 620 361">
    <p class='ocr_par' dir='ltr' id='par_1_1' title="bbox 481 306 620 361">
     <span class='ocr_line' id='line_1_1' title="bbox 481 306 620 361; baseline 0.014 -2"><span class='ocrx_word' id='word_1_1' title='bbox 481 306 620 361; x_wconf 66' lang='grc' dir='ltr'><strong>ἰυθό</strong></span> 
     </span>
    </p>
   </div>
   <div class='ocr_carea' id='block_1_2' title="bbox 1592 297 2648 356">
    <p class='ocr_par' dir='ltr' id='par_1_2' title="bbox 1592 297 2648 356">
     <span class='ocr_line' id='line_1_2' title="bbox 1592 297 2648 356; baseline -0.004 0"><span class='ocrx_word' id='word_1_2' title='bbox 1592 299 1813 356; x_wconf 72' lang='lat' dir='ltr'><strong>ISAACI</strong></span> <span class='ocrx_word' id='word_1_3' title='bbox 1851 297 2155 354; x_wconf 78' lang='lat' dir='ltr'><strong>EPlSCOPl</strong></span> <span class='ocrx_word' id='word_1_4' title='bbox 2194 298 2648 353; x_wconf 63' lang='lat' dir='ltr'><strong>LINGONENSIS</strong></span> 
     </span>
    </p>
   </div>
   <div class='ocr_carea' id='block_1_3' title="bbox 3615 296 3739 354">
    <p class='ocr_par' dir='ltr' id='par_1_3' title="bbox 3615 296 3739 354">
     <span class='ocr_line' id='line_1_3' title="bbox 3615 296 3739 354; baseline 0.016 -2"><span class='ocrx_word' id='word_1_5' title='bbox 3615 296 3739 354; x_wconf 69' lang='lat'><strong>1096</strong></span> 
     </span>
    </p>
   </div>
   <div class='ocr_carea' id='block_1_4' title="bbox 477 404 3741 491">
    <p class='ocr_par' dir='ltr' id='par_1_4' title="bbox 477 404 3741 491">
     <span class='ocr_line' id='line_1_4' title="bbox 477 404 3741 491; baseline -0.006 -13"><span class='ocrx_word' id='word_1_6' title='bbox 477 422 674 482; x_wconf 85' lang='lat' dir='ltr'><strong>claudi,</strong></span> <span class='ocrx_word' id='word_1_7' title='bbox 718 417 886 491; x_wconf 88' lang='lat' dir='ltr'><strong>gibbi,</strong></span> <span class='ocrx_word' id='word_1_8' title='bbox 925 425 982 473; x_wconf 89' lang='lat' dir='ltr'><strong>et</strong></span> <span class='ocrx_word' id='word_1_9' title='bbox 1027 416 1178 487; x_wconf 82' lang='lat' dir='ltr'><strong>lippi,</strong></span> <span class='ocrx_word' id='word_1_10' title='bbox 1221 415 1337 470; x_wconf 83' lang='lat' dir='ltr'><strong>sive</strong></span> <span class='ocrx_word' id='word_1_11' title='bbox 1377 413 1498 468; x_wconf 87' lang='lat' dir='ltr'><strong>aliis</strong></span> <span class='ocrx_word' id='word_1_12' title='bbox 1539 416 1785 483; x_wconf 85' lang='lat' dir='ltr'><strong>turpibus</strong></span> <span class='ocrx_word' id='word_1_13' title='bbox 1831 412 2057 467; x_wconf 76' lang='lat' dir='ltr'><strong>maculis</strong></span> <span class='ocrx_word' id='word_1_14' title='bbox 2084 418 2133 474; x_wconf 75' lang='grc' dir='ltr'>Α</span> <span class='ocrx_word' id='word_1_15' title='bbox 2158 408 2288 479; x_wconf 87' lang='lat' dir='ltr'><strong>quid</strong></span> <span class='ocrx_word' id='word_1_16' title='bbox 2316 424 2383 463; x_wconf 79' lang='lat' dir='ltr'><strong>ex</strong></span> <span class='ocrx_word' id='word_1_17' title='bbox 2414 408 2499 463; x_wconf 87' lang='lat' dir='ltr'><strong>his</strong></span> <span class='ocrx_word' id='word_1_18' title='bbox 2526 424 2647 478; x_wconf 79' lang='lat' dir='ltr'><strong>qua:</strong></span> <span class='ocrx_word' id='word_1_19' title='bbox 2674 407 2915 464; x_wconf 86' lang='lat' dir='ltr'><strong>virorum</strong></span> <span class='ocrx_word' id='word_1_20' title='bbox 2949 415 3077 462; x_wconf 89' lang='lat' dir='ltr'><strong>sunt</strong></span> <span class='ocrx_word' id='word_1_21' title='bbox 3105 404 3309 471; x_wconf 73' lang='lat' dir='ltr'><strong>ciliciis</strong></span> <span class='ocrx_word' id='word_1_22' title='bbox 3338 405 3595 476; x_wconf 74' lang='lat' dir='ltr'><strong>deputata</strong></span> <span class='ocrx_word' id='word_1_23' title='bbox 3618 424 3741 478; x_wconf 61' lang='lat' dir='ltr'><strong>pra.</strong></span> 
     </span>
    </p>
   </div>
   <div class='ocr_carea' id='block_1_5' title="bbox 476 503 2058 589">
    <p class='ocr_par' dir='ltr' id='par_1_5' title="bbox 476 503 2058 589">
     <span class='ocr_line' id='line_1_5' title="bbox 476 503 2058 589; baseline -0.008 -21"><span class='ocrx_word' id='word_1_24' title='bbox 476 512 702 582; x_wconf 82' lang='lat' dir='ltr'><strong>aspersi.</strong></span> <span class='ocrx_word' id='word_1_25' title='bbox 745 510 811 564; x_wconf 86' lang='lat' dir='ltr'><strong>Et</strong></span> <span class='ocrx_word' id='word_1_26' title='bbox 841 510 944 563; x_wconf 87' lang='lat' dir='ltr'><strong>hoc</strong></span> <span class='ocrx_word' id='word_1_27' title='bbox 980 522 1048 562; x_wconf 90' lang='lat' dir='ltr'><strong>ne</strong></span> <span class='ocrx_word' id='word_1_28' title='bbox 1076 507 1327 574; x_wconf 84' lang='lat' dir='ltr'><strong>deinceps</strong></span> <span class='ocrx_word' id='word_1_29' title='bbox 1352 505 1446 559; x_wconf 84' lang='lat' dir='ltr'><strong>liat</strong></span> <span class='ocrx_word' id='word_1_30' title='bbox 1472 503 1722 589; x_wconf 86' lang='lat' dir='ltr'><strong>omnibus</strong></span> <span class='ocrx_word' id='word_1_31' title='bbox 1760 503 2058 558; x_wconf 90' lang='lat' dir='ltr'><strong>cavendum</strong></span> 
     </span>
    </p>
   </div>
   <div class='ocr_carea' id='block_1_6' title="bbox 477 595 2060 669">
    <p class='ocr_par' dir='ltr' id='par_1_6' title="bbox 477 595 2060 669">
     <span class='ocr_line' id='line_1_6' title="bbox 477 595 2060 669; baseline -0.004 -12"><span class='ocrx_word' id='word_1_32' title='bbox 477 613 578 658; x_wconf 87' lang='lat' dir='ltr'><strong>est.</strong></span> <span class='ocrx_word' id='word_1_33' title='bbox 613 601 720 656; x_wconf 88' lang='lat' dir='ltr'><strong>Sed</strong></span> <span class='ocrx_word' id='word_1_34' title='bbox 750 601 898 669; x_wconf 90' lang='lat' dir='ltr'><strong>prius</strong></span> <span class='ocrx_word' id='word_1_35' title='bbox 937 597 1336 654; x_wconf 83' lang='lat' dir='ltr'><strong>conveniendus</strong></span> <span class='ocrx_word' id='word_1_36' title='bbox 1363 605 1447 652; x_wconf 90' lang='lat' dir='ltr'><strong>est</strong></span> <span class='ocrx_word' id='word_1_37' title='bbox 1493 597 1779 661; x_wconf 80' lang='lat' dir='ltr'><strong>sacerdos,</strong></span> <span class='ocrx_word' id='word_1_38' title='bbox 1825 595 1878 649; x_wconf 88' lang='lat' dir='ltr'><strong>in</strong></span> <span class='ocrx_word' id='word_1_39' title='bbox 1905 595 2060 665; x_wconf 85' lang='lat' dir='ltr'><strong>cujus</strong></span> 
     </span>
    </p>
   </div>
   <div class='ocr_carea' id='block_1_7' title="bbox 476 687 2062 763">
    <p class='ocr_par' dir='ltr' id='par_1_7' title="bbox 476 687 2062 763">
     <span class='ocr_line' id='line_1_7' title="bbox 476 687 2062 763; baseline -0.005 -16"><span class='ocrx_word' id='word_1_40' title='bbox 476 692 732 763; x_wconf 90' lang='lat' dir='ltr'><strong>parochia</strong></span> <span class='ocrx_word' id='word_1_41' title='bbox 770 691 970 760; x_wconf 57' lang='lat' dir='ltr'><strong>nuptiae</strong></span> <span class='ocrx_word' id='word_1_42' title='bbox 998 690 1116 743; x_wconf 80' lang='lat' dir='ltr'><strong>fieri</strong></span> <span class='ocrx_word' id='word_1_43' title='bbox 1142 689 1370 753; x_wconf 89' lang='lat' dir='ltr'><strong>debent,</strong></span> <span class='ocrx_word' id='word_1_44' title='bbox 1409 687 1462 741; x_wconf 89' lang='lat' dir='ltr'><strong>in</strong></span> <span class='ocrx_word' id='word_1_45' title='bbox 1489 687 1716 741; x_wconf 84' lang='lat' dir='ltr'><strong>ecclesia</strong></span> <span class='ocrx_word' id='word_1_46' title='bbox 1746 701 1930 740; x_wconf 89' lang='lat' dir='ltr'><strong>coram</strong></span> <span class='ocrx_word' id='word_1_47' title='bbox 1965 702 2062 756; x_wconf 89' lang='lat' dir='ltr'><strong>po-</strong></span> 
     </span>
    </p>
   </div>
   <div class='ocr_carea' id='block_1_8' title="bbox 478 776 2061 851">
    <p class='ocr_par' dir='ltr' id='par_1_8' title="bbox 478 776 2061 851">
     <span class='ocr_line' id='line_1_8' title="bbox 478 776 2061 851; baseline -0.003 -16"><span class='ocrx_word' id='word_1_48' title='bbox 478 783 640 851; x_wconf 90' lang='lat' dir='ltr'><strong>pulo:</strong></span> <span class='ocrx_word' id='word_1_49' title='bbox 671 790 724 835; x_wconf 86' lang='lat' dir='ltr'><strong>et</strong></span> <span class='ocrx_word' id='word_1_50' title='bbox 746 780 828 835; x_wconf 79' lang='lat' dir='ltr'><strong>ibi</strong></span> <span class='ocrx_word' id='word_1_51' title='bbox 867 780 1137 848; x_wconf 83' lang='lat' dir='ltr'><strong>inquirere</strong></span> <span class='ocrx_word' id='word_1_52' title='bbox 1163 794 1267 831; x_wconf 89' lang='lat' dir='ltr'><strong>una</strong></span> <span class='ocrx_word' id='word_1_53' title='bbox 1300 792 1421 832; x_wconf 90' lang='lat' dir='ltr'><strong>cum</strong></span> <span class='ocrx_word' id='word_1_54' title='bbox 1446 776 1642 846; x_wconf 90' lang='lat' dir='ltr'><strong>populo</strong></span> <span class='ocrx_word' id='word_1_55' title='bbox 1669 776 1795 845; x_wconf 81' lang='lat' dir='ltr'><strong>ipse</strong></span> <span class='ocrx_word' id='word_1_56' title='bbox 1808 777 2061 831; x_wconf 84' lang='lat' dir='ltr'><strong>sacerdos</strong></span> 
     </span>
    </p>
   </div>
   <div class='ocr_carea' id='block_1_9' title="bbox 479 868 2062 942">
    <p class='ocr_par' dir='ltr' id='par_1_9' title="bbox 479 868 2062 942">
     <span class='ocr_line' id='line_1_9' title="bbox 479 868 2062 942; baseline -0.003 -15"><span class='ocrx_word' id='word_1_57' title='bbox 479 872 670 937; x_wconf 87' lang='lat' dir='ltr'><strong>debet,</strong></span> <span class='ocrx_word' id='word_1_58' title='bbox 714 872 760 926; x_wconf 92' lang='lat' dir='ltr'><strong>si</strong></span> <span class='ocrx_word' id='word_1_59' title='bbox 807 871 923 942; x_wconf 90' lang='lat' dir='ltr'><strong>ejus</strong></span> <span class='ocrx_word' id='word_1_60' title='bbox 964 870 1266 939; x_wconf 86' lang='lat' dir='ltr'><strong>propinqua</strong></span> <span class='ocrx_word' id='word_1_61' title='bbox 1313 869 1384 923; x_wconf 91' lang='lat' dir='ltr'><strong>sit</strong></span> <span class='ocrx_word' id='word_1_62' title='bbox 1419 885 1487 923; x_wconf 90' lang='lat' dir='ltr'><strong>an</strong></span> <span class='ocrx_word' id='word_1_63' title='bbox 1526 885 1655 933; x_wconf 91' lang='lat' dir='ltr'><strong>non,</strong></span> <span class='ocrx_word' id='word_1_64' title='bbox 1699 879 1794 922; x_wconf 89' lang='lat' dir='ltr'><strong>aut</strong></span> <span class='ocrx_word' id='word_1_65' title='bbox 1840 868 2062 922; x_wconf 89' lang='lat' dir='ltr'><strong>alterius</strong></span> 
     </span>
    </p>
   </div>
   <div class='ocr_carea' id='block_1_10' title="bbox 477 960 2060 1033">
    <p class='ocr_par' dir='ltr' id='par_1_10' title="bbox 477 960 2060 1033">
     <span class='ocr_line' id='line_1_10' title="bbox 477 960 2060 1033; baseline -0.003 -14"><span class='ocrx_word' id='word_1_66' title='bbox 477 979 637 1028; x_wconf 81' lang='lat' dir='ltr'><strong>uxor,</strong></span> <span class='ocrx_word' id='word_1_67' title='bbox 658 962 744 1018; x_wconf 89' lang='lat' dir='ltr'><strong>vel</strong></span> <span class='ocrx_word' id='word_1_68' title='bbox 769 977 989 1033; x_wconf 89' lang='lat' dir='ltr'><strong>sponsa,</strong></span> <span class='ocrx_word' id='word_1_69' title='bbox 1014 962 1096 1015; x_wconf 89' lang='lat' dir='ltr'><strong>vel</strong></span> <span class='ocrx_word' id='word_1_70' title='bbox 1123 960 1384 1015; x_wconf 90' lang='lat' dir='ltr'><strong>adultera.</strong></span> <span class='ocrx_word' id='word_1_71' title='bbox 1416 961 1481 1014; x_wconf 85' lang='lat' dir='ltr'><strong>Et</strong></span> <span class='ocrx_word' id='word_1_72' title='bbox 1507 961 1552 1014; x_wconf 91' lang='lat' dir='ltr'><strong>si</strong></span> <span class='ocrx_word' id='word_1_73' title='bbox 1582 961 1729 1015; x_wconf 90' lang='lat' dir='ltr'><strong>licita</strong></span> <span class='ocrx_word' id='word_1_74' title='bbox 1752 968 1808 1015; x_wconf 91' lang='lat' dir='ltr'><strong>et</strong></span> <span class='ocrx_word' id='word_1_75' title='bbox 1834 960 2060 1015; x_wconf 90' lang='lat' dir='ltr'><strong>honesta</strong></span> 
     </span>
    </p>
   </div>
   <div class='ocr_carea' id='block_1_11' title="bbox 478 1051 2064 1124">
    <p class='ocr_par' dir='ltr' id='par_1_11' title="bbox 478 1051 2064 1124">
     <span class='ocr_line' id='line_1_11' title="bbox 478 1051 2064 1124; baseline -0.004 -14"><span class='ocrx_word' id='word_1_76' title='bbox 478 1055 660 1110; x_wconf 87' lang='lat' dir='ltr'><strong>omnia</strong></span> <span class='ocrx_word' id='word_1_77' title='bbox 690 1054 893 1124; x_wconf 88' lang='lat' dir='ltr'><strong>pariter</strong></span> <span class='ocrx_word' id='word_1_78' title='bbox 922 1052 1208 1118; x_wconf 78' lang='lat' dir='ltr'><strong>invenerit,</strong></span> <span class='ocrx_word' id='word_1_79' title='bbox 1239 1062 1366 1106; x_wconf 90' lang='lat' dir='ltr'><strong>tunc</strong></span> <span class='ocrx_word' id='word_1_80' title='bbox 1388 1068 1488 1121; x_wconf 86' lang='lat' dir='ltr'><strong>per</strong></span> <span class='ocrx_word' id='word_1_81' title='bbox 1510 1052 1790 1107; x_wconf 90' lang='lat' dir='ltr'><strong>consilium</strong></span> <span class='ocrx_word' id='word_1_82' title='bbox 1818 1060 1873 1105; x_wconf 92' lang='lat' dir='ltr'><strong>et</strong></span> <span class='ocrx_word' id='word_1_83' title='bbox 1899 1051 2064 1105; x_wconf 84' lang='lat' dir='ltr'><strong>bene-</strong></span> 
     </span>
    </p>
   </div>
   <div class='ocr_carea' id='block_1_12' title="bbox 479 1142 2061 1209">
    <p class='ocr_par' dir='ltr' id='par_1_12' title="bbox 479 1142 2061 1209">
     <span class='ocr_line' id='line_1_12' title="bbox 479 1142 2061 1209; baseline -0.004 -8"><span class='ocrx_word' id='word_1_84' title='bbox 479 1147 769 1202; x_wconf 75' lang='lat' dir='ltr'><strong>dictionem</strong></span> <span class='ocrx_word' id='word_1_85' title='bbox 810 1144 1137 1209; x_wconf 75' lang='lat' dir='ltr'><strong>sacerdotis,</strong></span> <span class='ocrx_word' id='word_1_86' title='bbox 1175 1150 1230 1198; x_wconf 90' lang='lat' dir='ltr'><strong>et</strong></span> <span class='ocrx_word' id='word_1_87' title='bbox 1257 1143 1501 1198; x_wconf 83' lang='lat' dir='ltr'><strong>consultu</strong></span> <span class='ocrx_word' id='word_1_88' title='bbox 1530 1142 1757 1196; x_wconf 88' lang='lat' dir='ltr'><strong>aliorum</strong></span> <span class='ocrx_word' id='word_1_89' title='bbox 1797 1142 2061 1196; x_wconf 91' lang='lat' dir='ltr'><strong>bonorum</strong></span> 
     </span>
    </p>
   </div>
   <div class='ocr_carea' id='block_1_13' title="bbox 484 1231 2055 1303">
    <p class='ocr_par' dir='ltr' id='par_1_13' title="bbox 484 1231 2055 1303">
     <span class='ocr_line' id='line_1_13' title="bbox 484 1231 2055 1303; baseline -0.004 -13"><span class='ocrx_word' id='word_1_90' title='bbox 484 1235 792 1300; x_wconf 84' lang='lat' dir='ltr'><strong>hominum,</strong></span> <span class='ocrx_word' id='word_1_91' title='bbox 837 1248 957 1289; x_wconf 89' lang='lat' dir='ltr'><strong>eam</strong></span> <span class='ocrx_word' id='word_1_92' title='bbox 1001 1247 1259 1303; x_wconf 88' lang='lat' dir='ltr'><strong>sponsare</strong></span> <span class='ocrx_word' id='word_1_93' title='bbox 1298 1241 1355 1287; x_wconf 90' lang='lat' dir='ltr'><strong>et</strong></span> <span class='ocrx_word' id='word_1_94' title='bbox 1396 1231 1635 1302; x_wconf 80' lang='lat' dir='ltr'><strong>legitime</strong></span> <span class='ocrx_word' id='word_1_95' title='bbox 1662 1232 1851 1286; x_wconf 89' lang='lat' dir='ltr'><strong>dotare</strong></span> <span class='ocrx_word' id='word_1_96' title='bbox 1881 1231 2055 1286; x_wconf 86' lang='lat' dir='ltr'><strong>debet.</strong></span> 
     </span>
    </p>
   </div>
   <div class='ocr_carea' id='block_1_14' title="bbox 487 1308 2062 1395">
    <p class='ocr_par' dir='ltr' id='par_1_14' title="bbox 487 1308 2062 1395">
     <span class='ocr_line' id='line_1_14' title="bbox 487 1308 2062 1395; baseline -0.005 -14"><span class='ocrx_word' id='word_1_97' title='bbox 487 1325 690 1381; x_wconf 86' lang='lat' dir='ltr'><strong>Scribit</strong></span> <span class='ocrx_word' id='word_1_98' title='bbox 721 1338 953 1395; x_wconf 86' lang='lat' dir='ltr'><strong>namque</strong></span> <span class='ocrx_word' id='word_1_99' title='bbox 979 1325 1045 1379; x_wconf 91' lang='lat' dir='ltr'><strong>de</strong></span> <span class='ocrx_word' id='word_1_100' title='bbox 1072 1323 1308 1395; x_wconf 87' lang='lat' dir='ltr'><strong>legitimo</strong></span> <span class='ocrx_word' id='word_1_101' title='bbox 1342 1308 1684 1377; x_wconf 80' lang='lat' dir='ltr'><strong>matrimonio</strong></span> <span class='ocrx_word' id='word_1_102' title='bbox 1720 1320 1912 1375; x_wconf 90' lang='lat' dir='ltr'><strong>beatus</strong></span> <span class='ocrx_word' id='word_1_103' title='bbox 1946 1321 2062 1374; x_wconf 84' lang='lat' dir='ltr'><strong>Au-</strong></span> 
     </span>
    </p>
   </div>
   <div class='ocr_carea' id='block_1_15' title="bbox 483 1409 2063 1484">
    <p class='ocr_par' dir='ltr' id='par_1_15' title="bbox 483 1409 2063 1484">
     <span class='ocr_line' id='line_1_15' title="bbox 483 1409 2063 1484; baseline -0.003 -17"><span class='ocrx_word' id='word_1_104' title='bbox 483 1414 732 1484; x_wconf 88' lang='lat' dir='ltr'><strong>gustinus</strong></span> <span class='ocrx_word' id='word_1_105' title='bbox 756 1413 831 1467; x_wconf 89' lang='lat' dir='ltr'><strong>ita</strong></span> <span class='ocrx_word' id='word_1_106' title='bbox 862 1431 874 1465; x_wconf 92' lang='lat'>:</span> <span class='ocrx_word' id='word_1_107' title='bbox 909 1410 992 1466; x_wconf 92' lang='lat' dir='ltr'><strong>Sit</strong></span> <span class='ocrx_word' id='word_1_108' title='bbox 1022 1420 1172 1466; x_wconf 87' lang='lat' dir='ltr'><strong>casta</strong></span> <span class='ocrx_word' id='word_1_109' title='bbox 1203 1412 1255 1465; x_wconf 93' lang='lat' dir='ltr'><strong>in</strong></span> <span class='ocrx_word' id='word_1_110' title='bbox 1284 1410 1617 1481; x_wconf 81' lang='lat' dir='ltr'><strong>virginitate,</strong></span> <span class='ocrx_word' id='word_1_111' title='bbox 1648 1419 1703 1465; x_wconf 90' lang='lat' dir='ltr'><strong>et</strong></span> <span class='ocrx_word' id='word_1_112' title='bbox 1726 1411 1909 1466; x_wconf 86' lang='lat' dir='ltr'><strong>dotata</strong></span> <span class='ocrx_word' id='word_1_113' title='bbox 1931 1409 2063 1482; x_wconf 86' lang='lat' dir='ltr'><strong>legi—</strong></span> 
     </span>
    </p>
   </div>
   <div class='ocr_carea' id='block_1_16' title="bbox 481 1501 2064 1573">
    <p class='ocr_par' dir='ltr' id='par_1_16' title="bbox 481 1501 2064 1573">
     <span class='ocr_line' id='line_1_16' title="bbox 481 1501 2064 1573; baseline -0.003 -16"><span class='ocrx_word' id='word_1_114' title='bbox 481 1503 642 1566; x_wconf 88' lang='lat' dir='ltr'><strong>time,</strong></span> <span class='ocrx_word' id='word_1_115' title='bbox 672 1512 727 1557; x_wconf 91' lang='lat' dir='ltr'><strong>et</strong></span> <span class='ocrx_word' id='word_1_116' title='bbox 763 1517 793 1555; x_wconf 91' lang='lat' dir='ltr'><strong>a</strong></span> <span class='ocrx_word' id='word_1_117' title='bbox 819 1501 1132 1573; x_wconf 88' lang='lat' dir='ltr'><strong>parentibus</strong></span> <span class='ocrx_word' id='word_1_118' title='bbox 1156 1501 1350 1555; x_wconf 87' lang='lat' dir='ltr'><strong>tradita</strong></span> <span class='ocrx_word' id='word_1_119' title='bbox 1382 1517 1600 1571; x_wconf 89' lang='lat' dir='ltr'><strong>sponso,</strong></span> <span class='ocrx_word' id='word_1_120' title='bbox 1630 1512 1687 1556; x_wconf 89' lang='lat' dir='ltr'><strong>et</strong></span> <span class='ocrx_word' id='word_1_121' title='bbox 1710 1516 1741 1555; x_wconf 87' lang='lat' dir='ltr'><strong>a</strong></span> <span class='ocrx_word' id='word_1_122' title='bbox 1772 1515 2064 1572; x_wconf 82' lang='lat' dir='ltr'><strong>paranym-</strong></span> 
     </span>
    </p>
   </div>
   <div class='ocr_carea' id='block_1_17' title="bbox 476 1591 2063 1662">
    <p class='ocr_par' dir='ltr' id='par_1_17' title="bbox 476 1591 2063 1662">
     <span class='ocr_line' id='line_1_17' title="bbox 476 1591 2063 1662; baseline 0 -17"><span class='ocrx_word' id='word_1_123' title='bbox 476 1591 600 1660; x_wconf 84' lang='lat' dir='ltr'><strong>phis</strong></span> <span class='ocrx_word' id='word_1_124' title='bbox 629 1591 969 1659; x_wconf 87' lang='lat' dir='ltr'><strong>accipienda,</strong></span> <span class='ocrx_word' id='word_1_125' title='bbox 999 1599 1054 1645; x_wconf 90' lang='lat' dir='ltr'><strong>et</strong></span> <span class='ocrx_word' id='word_1_126' title='bbox 1096 1591 1167 1645; x_wconf 90' lang='lat' dir='ltr'><strong>ita</strong></span> <span class='ocrx_word' id='word_1_127' title='bbox 1199 1591 1495 1647; x_wconf 90' lang='lat' dir='ltr'><strong>secundum</strong></span> <span class='ocrx_word' id='word_1_128' title='bbox 1539 1591 1711 1662; x_wconf 90' lang='lat' dir='ltr'><strong>legem</strong></span> <span class='ocrx_word' id='word_1_129' title='bbox 1736 1602 1792 1646; x_wconf 91' lang='lat' dir='ltr'><strong>et</strong></span> <span class='ocrx_word' id='word_1_130' title='bbox 1821 1592 2063 1662; x_wconf 79' lang='lat' dir='ltr'><strong>Evange-</strong></span> 
     </span>
    </p>
   </div>
   <div class='ocr_carea' id='block_1_18' title="bbox 475 1681 2063 1753">
    <p class='ocr_par' dir='ltr' id='par_1_18' title="bbox 475 1681 2063 1753">
     <span class='ocr_line' id='line_1_18' title="bbox 475 1681 2063 1753; baseline 0.001 -18"><span class='ocrx_word' id='word_1_131' title='bbox 475 1682 607 1736; x_wconf 89' lang='lat' dir='ltr'><strong>lium</strong></span> <span class='ocrx_word' id='word_1_132' title='bbox 633 1682 862 1752; x_wconf 86' lang='lat' dir='ltr'><strong>publicis</strong></span> <span class='ocrx_word' id='word_1_133' title='bbox 887 1682 1087 1752; x_wconf 89' lang='lat' dir='ltr'><strong>nuptiis</strong></span> <span class='ocrx_word' id='word_1_134' title='bbox 1110 1682 1413 1746; x_wconf 87' lang='lat' dir='ltr'><strong>honestata,</strong></span> <span class='ocrx_word' id='word_1_135' title='bbox 1436 1683 1491 1736; x_wconf 91' lang='lat' dir='ltr'><strong>in</strong></span> <span class='ocrx_word' id='word_1_136' title='bbox 1519 1681 1769 1753; x_wconf 90' lang='lat' dir='ltr'><strong>conjugio</strong></span> <span class='ocrx_word' id='word_1_137' title='bbox 1799 1682 1943 1737; x_wconf 91' lang='lat' dir='ltr'><strong>licite</strong></span> <span class='ocrx_word' id='word_1_138' title='bbox 1971 1698 2063 1737; x_wconf 89' lang='lat' dir='ltr'><strong>su-</strong></span> 
     </span>
    </p>
   </div>
   <div class='ocr_carea' id='block_1_19' title="bbox 477 1762 2138 1857">
    <p class='ocr_par' dir='ltr' id='par_1_19' title="bbox 477 1762 2138 1857">
     <span class='ocr_line' id='line_1_19' title="bbox 477 1762 2138 1857; baseline 0 -33"><span class='ocrx_word' id='word_1_139' title='bbox 477 1771 708 1835; x_wconf 87' lang='lat' dir='ltr'><strong>menda,</strong></span> <span class='ocrx_word' id='word_1_140' title='bbox 739 1782 796 1826; x_wconf 85' lang='lat' dir='ltr'><strong>et</strong></span> <span class='ocrx_word' id='word_1_141' title='bbox 829 1769 1080 1857; x_wconf 70' lang='lat' dir='ltr'><strong>omnibus</strong></span> <span class='ocrx_word' id='word_1_142' title='bbox 1111 1771 1300 1826; x_wconf 92' lang='lat' dir='ltr'><strong>diebus</strong></span> <span class='ocrx_word' id='word_1_143' title='bbox 1323 1772 1447 1825; x_wconf 78' lang='lat' dir='ltr'><strong>vitae</strong></span> <span class='ocrx_word' id='word_1_144' title='bbox 1488 1785 1632 1834; x_wconf 70' lang='lat' dir='ltr'><strong>sate,</strong></span> <span class='ocrx_word' id='word_1_145' title='bbox 1670 1771 1775 1826; x_wconf 88' lang='lat' dir='ltr'><strong>nisi</strong></span> <span class='ocrx_word' id='word_1_146' title='bbox 1819 1786 1887 1826; x_wconf 80' lang='lat' dir='ltr'><strong>ex</strong></span> <span class='ocrx_word' id='word_1_147' title='bbox 1931 1785 2059 1826; x_wconf 80' lang='lat' dir='ltr'><strong>con-</strong></span> <span class='ocrx_word' id='word_1_148' title='bbox 2087 1762 2138 1824; x_wconf 84' lang='grc' dir='ltr'><strong><em>Β</em></strong></span> 
     </span>
    </p>
   </div>
   <div class='ocr_carea' id='block_1_20' title="bbox 475 1860 2062 1930">
    <p class='ocr_par' dir='ltr' id='par_1_20' title="bbox 475 1860 2062 1930">
     <span class='ocr_line' id='line_1_20' title="bbox 475 1860 2062 1930; baseline -0.001 -15"><span class='ocrx_word' id='word_1_149' title='bbox 475 1874 638 1915; x_wconf 85' lang='lat' dir='ltr'><strong>sensu</strong></span> <span class='ocrx_word' id='word_1_150' title='bbox 676 1869 731 1915; x_wconf 88' lang='lat' dir='ltr'><strong>et</strong></span> <span class='ocrx_word' id='word_1_151' title='bbox 768 1874 933 1915; x_wconf 88' lang='lat' dir='ltr'><strong>causa</strong></span> <span class='ocrx_word' id='word_1_152' title='bbox 964 1860 1190 1915; x_wconf 90' lang='lat' dir='ltr'><strong>vacandi</strong></span> <span class='ocrx_word' id='word_1_153' title='bbox 1228 1860 1491 1925; x_wconf 89' lang='lat' dir='ltr'><strong>Domino,</strong></span> <span class='ocrx_word' id='word_1_154' title='bbox 1530 1875 1803 1930; x_wconf 85' lang='lat' dir='ltr'><strong>nunquam</strong></span> <span class='ocrx_word' id='word_1_155' title='bbox 1841 1870 2062 1930; x_wconf 85' lang='lat' dir='ltr'><strong>propter</strong></span> 
     </span>
    </p>
   </div>
   <div class='ocr_carea' id='block_1_21' title="bbox 476 1952 2061 2024">
    <p class='ocr_par' dir='ltr' id='par_1_21' title="bbox 476 1952 2061 2024">
     <span class='ocr_line' id='line_1_21' title="bbox 476 1952 2061 2024; baseline 0 -15"><span class='ocrx_word' id='word_1_156' title='bbox 476 1953 753 2010; x_wconf 80' lang='lat' dir='ltr'><strong>hominem</strong></span> <span class='ocrx_word' id='word_1_157' title='bbox 780 1954 1100 2024; x_wconf 88' lang='lat' dir='ltr'><strong>separanda.</strong></span> <span class='ocrx_word' id='word_1_158' title='bbox 1138 1954 1208 2008; x_wconf 86' lang='lat' dir='ltr'><strong>Et</strong></span> <span class='ocrx_word' id='word_1_159' title='bbox 1250 1955 1298 2009; x_wconf 89' lang='lat' dir='ltr'><strong>si</strong></span> <span class='ocrx_word' id='word_1_160' title='bbox 1340 1954 1604 2009; x_wconf 80' lang='lat' dir='ltr'><strong>fornicata</strong></span> <span class='ocrx_word' id='word_1_161' title='bbox 1641 1952 1842 2020; x_wconf 82' lang='lat' dir='ltr'><strong>fuerit,</strong></span> <span class='ocrx_word' id='word_1_162' title='bbox 1883 1964 1938 2009; x_wconf 88' lang='lat' dir='ltr'><strong>et</strong></span> <span class='ocrx_word' id='word_1_163' title='bbox 1977 1954 2061 2009; x_wconf 88' lang='lat' dir='ltr'><strong>vir</strong></span> 
     </span>
    </p>
   </div>
   <div class='ocr_carea' id='block_1_22' title="bbox 474 2045 2059 2114">
    <p class='ocr_par' dir='ltr' id='par_1_22' title="bbox 474 2045 2059 2114">
     <span class='ocr_line' id='line_1_22' title="bbox 474 2045 2059 2114; baseline 0 -12"><span class='ocrx_word' id='word_1_164' title='bbox 474 2045 594 2114; x_wconf 82' lang='lat' dir='ltr'><strong>ejus</strong></span> <span class='ocrx_word' id='word_1_165' title='bbox 616 2046 867 2112; x_wconf 88' lang='lat' dir='ltr'><strong>voluerit,</strong></span> <span class='ocrx_word' id='word_1_166' title='bbox 894 2047 1210 2103; x_wconf 78' lang='lat' dir='ltr'><strong>dimittenda</strong></span> <span class='ocrx_word' id='word_1_167' title='bbox 1227 2087 1243 2113; x_wconf 90' lang='lat'><strong>,</strong></span> <span class='ocrx_word' id='word_1_168' title='bbox 1274 2048 1370 2104; x_wconf 87' lang='lat' dir='ltr'><strong>sed</strong></span> <span class='ocrx_word' id='word_1_169' title='bbox 1398 2047 1487 2103; x_wconf 74' lang='lat' dir='ltr'><strong>illa</strong></span> <span class='ocrx_word' id='word_1_170' title='bbox 1514 2048 1730 2104; x_wconf 88' lang='lat' dir='ltr'><strong>vivente</strong></span> <span class='ocrx_word' id='word_1_171' title='bbox 1753 2047 1923 2104; x_wconf 86' lang='lat' dir='ltr'><strong>altera</strong></span> <span class='ocrx_word' id='word_1_172' title='bbox 1948 2063 2059 2102; x_wconf 90' lang='lat' dir='ltr'><strong>non</strong></span> 
     </span>
    </p>
   </div>
   <div class='ocr_carea' id='block_1_23' title="bbox 474 2134 2151 2208">
    <p class='ocr_par' dir='ltr' id='par_1_23' title="bbox 474 2134 2151 2208">
     <span class='ocr_line' id='line_1_23' title="bbox 474 2134 2151 2208; baseline 0.002 -19"><span class='ocrx_word' id='word_1_173' title='bbox 474 2134 743 2202; x_wconf 87' lang='lat' dir='ltr'><strong>ducenda,</strong></span> <span class='ocrx_word' id='word_1_174' title='bbox 771 2137 898 2206; x_wconf 89' lang='lat' dir='ltr'><strong>quia</strong></span> <span class='ocrx_word' id='word_1_175' title='bbox 926 2135 1155 2191; x_wconf 88' lang='lat' dir='ltr'><strong>adulteri</strong></span> <span class='ocrx_word' id='word_1_176' title='bbox 1182 2152 1406 2208; x_wconf 88' lang='lat' dir='ltr'><strong>regnum</strong></span> <span class='ocrx_word' id='word_1_177' title='bbox 1435 2138 1528 2192; x_wconf 88' lang='lat' dir='ltr'><strong>Dei</strong></span> <span class='ocrx_word' id='word_1_178' title='bbox 1556 2153 1662 2193; x_wconf 91' lang='lat' dir='ltr'><strong>non</strong></span> <span class='ocrx_word' id='word_1_179' title='bbox 1688 2136 2058 2208; x_wconf 85' lang='lat' dir='ltr'><strong>possidebunt,</strong></span> <span class='ocrx_word' id='word_1_180' title='bbox 2148 2174 2151 2177; x_wconf 52' lang='grc' dir='ltr'>ν</span> 
     </span>
    </p>
   </div>
   <div class='ocr_carea' id='block_1_24' title="bbox 473 2226 2061 2297">
    <p class='ocr_par' dir='ltr' id='par_1_24' title="bbox 473 2226 2061 2297">
     <span class='ocr_line' id='line_1_24' title="bbox 473 2226 2061 2297; baseline 0.002 -18"><span class='ocrx_word' id='word_1_181' title='bbox 473 2234 529 2280; x_wconf 92' lang='lat' dir='ltr'><strong>et</strong></span> <span class='ocrx_word' id='word_1_182' title='bbox 557 2226 874 2295; x_wconf 85' lang='lat' dir='ltr'><strong>poenitentia</strong></span> <span class='ocrx_word' id='word_1_183' title='bbox 902 2227 979 2281; x_wconf 90' lang='lat' dir='ltr'><strong>illi</strong></span> <span class='ocrx_word' id='word_1_184' title='bbox 1004 2227 1339 2297; x_wconf 88' lang='lat' dir='ltr'><strong>accipienda.</strong></span> <span class='ocrx_word' id='word_1_185' title='bbox 1365 2227 1541 2283; x_wconf 83' lang='lat' dir='ltr'><strong>Nolite</strong></span> <span class='ocrx_word' id='word_1_186' title='bbox 1565 2243 1680 2294; x_wconf 87' lang='lat' dir='ltr'><strong>vos,</strong></span> <span class='ocrx_word' id='word_1_187' title='bbox 1708 2228 1827 2289; x_wconf 86' lang='lat' dir='ltr'><strong>viri,</strong></span> <span class='ocrx_word' id='word_1_188' title='bbox 1860 2227 2061 2282; x_wconf 84' lang='lat' dir='ltr'><strong>habere</strong></span> 
     </span>
    </p>
   </div>
   <div class='ocr_carea' id='block_1_25' title="bbox 473 2318 2059 2387">
    <p class='ocr_par' dir='ltr' id='par_1_25' title="bbox 473 2318 2059 2387">
     <span class='ocr_line' id='line_1_25' title="bbox 473 2318 2059 2387; baseline 0.001 -17"><span class='ocrx_word' id='word_1_189' title='bbox 473 2331 671 2372; x_wconf 77' lang='lat' dir='ltr'><strong>uxores</strong></span> <span class='ocrx_word' id='word_1_190' title='bbox 713 2332 943 2386; x_wconf 89' lang='lat' dir='ltr'><strong>quarum</strong></span> <span class='ocrx_word' id='word_1_191' title='bbox 993 2318 1205 2387; x_wconf 89' lang='lat' dir='ltr'><strong>priores</strong></span> <span class='ocrx_word' id='word_1_192' title='bbox 1250 2319 1432 2373; x_wconf 88' lang='lat' dir='ltr'><strong>mariti</strong></span> <span class='ocrx_word' id='word_1_193' title='bbox 1479 2318 1715 2374; x_wconf 90' lang='lat' dir='ltr'><strong>vivunt:</strong></span> <span class='ocrx_word' id='word_1_194' title='bbox 1756 2319 2059 2374; x_wconf 87' lang='lat' dir='ltr'><strong>adulterina</strong></span> 
     </span>
    </p>
   </div>
   <div class='ocr_carea' id='block_1_26' title="bbox 472 2404 2060 2478">
    <p class='ocr_par' dir='ltr' id='par_1_26' title="bbox 472 2404 2060 2478">
     <span class='ocr_line' id='line_1_26' title="bbox 472 2404 2060 2478; baseline 0 -17"><span class='ocrx_word' id='word_1_195' title='bbox 472 2404 619 2461; x_wconf 89' lang='lat' dir='ltr'><strong>enim</strong></span> <span class='ocrx_word' id='word_1_196' title='bbox 647 2415 774 2460; x_wconf 90' lang='lat' dir='ltr'><strong>sunt</strong></span> <span class='ocrx_word' id='word_1_197' title='bbox 802 2407 907 2460; x_wconf 89' lang='lat' dir='ltr'><strong>ista</strong></span> <span class='ocrx_word' id='word_1_198' title='bbox 936 2405 1201 2478; x_wconf 84' lang='lat' dir='ltr'><strong>conjugia.</strong></span> <span class='ocrx_word' id='word_1_199' title='bbox 1226 2406 1297 2461; x_wconf 86' lang='lat' dir='ltr'><strong>Et</strong></span> <span class='ocrx_word' id='word_1_200' title='bbox 1320 2408 1443 2472; x_wconf 89' lang='lat' dir='ltr'><strong>hoc,</strong></span> <span class='ocrx_word' id='word_1_201' title='bbox 1471 2417 1531 2461; x_wconf 89' lang='lat' dir='ltr'><strong>ut</strong></span> <span class='ocrx_word' id='word_1_202' title='bbox 1554 2408 1811 2472; x_wconf 81' lang='lat' dir='ltr'><strong>diximus,</strong></span> <span class='ocrx_word' id='word_1_203' title='bbox 1838 2408 2060 2462; x_wconf 87' lang='lat' dir='ltr'><strong>omnino</strong></span> 
     </span>
    </p>
   </div>
   <div class='ocr_carea' id='block_1_27' title="bbox 473 2496 2058 2569">
    <p class='ocr_par' dir='ltr' id='par_1_27' title="bbox 473 2496 2058 2569">
     <span class='ocr_line' id='line_1_27' title="bbox 473 2496 2058 2569; baseline 0.001 -19"><span class='ocrx_word' id='word_1_204' title='bbox 473 2496 860 2566; x_wconf 88' lang='lat' dir='ltr'><strong>providendum</strong></span> <span class='ocrx_word' id='word_1_205' title='bbox 890 2506 1007 2561; x_wconf 89' lang='lat' dir='ltr'><strong>est,</strong></span> <span class='ocrx_word' id='word_1_206' title='bbox 1041 2512 1111 2552; x_wconf 93' lang='lat' dir='ltr'><strong>ne</strong></span> <span class='ocrx_word' id='word_1_207' title='bbox 1138 2497 1254 2568; x_wconf 85' lang='lat' dir='ltr'><strong>ejus</strong></span> <span class='ocrx_word' id='word_1_208' title='bbox 1295 2499 1366 2553; x_wconf 87' lang='lat' dir='ltr'><strong>sit</strong></span> <span class='ocrx_word' id='word_1_209' title='bbox 1410 2499 1730 2569; x_wconf 87' lang='lat' dir='ltr'><strong>pr0pinqua,</strong></span> <span class='ocrx_word' id='word_1_210' title='bbox 1761 2499 1886 2568; x_wconf 84' lang='lat' dir='ltr'><strong>quia</strong></span> <span class='ocrx_word' id='word_1_211' title='bbox 1917 2499 2058 2553; x_wconf 89' lang='lat' dir='ltr'><strong>scri-</strong></span> 
     </span>
    </p>
   </div>
   <div class='ocr_carea' id='block_1_28' title="bbox 471 2584 2058 2660">
    <p class='ocr_par' dir='ltr' id='par_1_28' title="bbox 471 2584 2058 2660">
     <span class='ocr_line' id='line_1_28' title="bbox 471 2584 2058 2660; baseline 0.003 -22"><span class='ocrx_word' id='word_1_212' title='bbox 471 2594 621 2653; x_wconf 86' lang='lat' dir='ltr'><strong>ptum</strong></span> <span class='ocrx_word' id='word_1_213' title='bbox 648 2593 729 2639; x_wconf 86' lang='lat' dir='ltr'><strong>est</strong></span> <span class='ocrx_word' id='word_1_214' title='bbox 762 2599 778 2639; x_wconf 90' lang='lat'><strong>:</strong></span> <span class='ocrx_word' id='word_1_215' title='bbox 811 2584 992 2640; x_wconf 80' lang='lat' dir='ltr'><strong>Omnis</strong></span> <span class='ocrx_word' id='word_1_216' title='bbox 1032 2587 1187 2641; x_wconf 84' lang='lat' dir='ltr'><strong>homo</strong></span> <span class='ocrx_word' id='word_1_217' title='bbox 1228 2588 1297 2641; x_wconf 89' lang='lat' dir='ltr'><strong>ad</strong></span> <span class='ocrx_word' id='word_1_218' title='bbox 1331 2592 1625 2658; x_wconf 74' lang='lat' dir='ltr'><strong>proximam</strong></span> <span class='ocrx_word' id='word_1_219' title='bbox 1664 2590 1935 2660; x_wconf 85' lang='lat' dir='ltr'><strong>sanguinis</strong></span> <span class='ocrx_word' id='word_1_220' title='bbox 1974 2591 2058 2643; x_wconf 87' lang='lat' dir='ltr'><strong>sui</strong></span> 
     </span>
    </p>
   </div>
   <div class='ocr_carea' id='block_1_29' title="bbox 473 2675 2054 2752">
    <p class='ocr_par' dir='ltr' id='par_1_29' title="bbox 473 2675 2054 2752">
     <span class='ocr_line' id='line_1_29' title="bbox 473 2675 2054 2752; baseline 0.004 -24"><span class='ocrx_word' id='word_1_221' title='bbox 473 2692 575 2729; x_wconf 80' lang='lat' dir='ltr'><strong>non</strong></span> <span class='ocrx_word' id='word_1_222' title='bbox 597 2675 830 2743; x_wconf 79' lang='lat' dir='ltr'><strong>accedat,</strong></span> <span class='ocrx_word' id='word_1_223' title='bbox 853 2687 909 2731; x_wconf 91' lang='lat' dir='ltr'><strong>ut</strong></span> <span class='ocrx_word' id='word_1_224' title='bbox 936 2678 1118 2732; x_wconf 82' lang='lat' dir='ltr'><strong>revelet</strong></span> <span class='ocrx_word' id='word_1_225' title='bbox 1139 2679 1511 2749; x_wconf 75' lang='lat' dir='ltr'><strong>turpitudinem</strong></span> <span class='ocrx_word' id='word_1_226' title='bbox 1533 2684 1646 2751; x_wconf 83' lang='lat' dir='ltr'><strong>ejus</strong></span> <span class='ocrx_word' id='word_1_227' title='bbox 1669 2680 1855 2752; x_wconf 82' lang='lat' dir='ltr'><strong>(Leuit.</strong></span> <span class='ocrx_word' id='word_1_228' title='bbox 1878 2685 2054 2751; x_wconf 79' lang='lat' dir='ltr'><strong>xvnt).</strong></span> 
     </span>
    </p>
   </div>
   <div class='ocr_carea' id='block_1_30' title="bbox 473 2763 2059 2842">
    <p class='ocr_par' dir='ltr' id='par_1_30' title="bbox 473 2763 2059 2842">
     <span class='ocr_line' id='line_1_30' title="bbox 473 2763 2059 2842; baseline 0.008 -23"><span class='ocrx_word' id='word_1_229' title='bbox 473 2763 735 2819; x_wconf 89' lang='lat' dir='ltr'><strong>Similiter</strong></span> <span class='ocrx_word' id='word_1_230' title='bbox 764 2767 1024 2836; x_wconf 90' lang='lat' dir='ltr'><strong>scriptum</strong></span> <span class='ocrx_word' id='word_1_231' title='bbox 1060 2775 1146 2822; x_wconf 81' lang='lat' dir='ltr'><strong>est</strong></span> <span class='ocrx_word' id='word_1_232' title='bbox 1173 2783 1188 2822; x_wconf 90' lang='lat'><strong>:</strong></span> <span class='ocrx_word' id='word_1_233' title='bbox 1219 2766 1351 2823; x_wconf 86' lang='lat' dir='ltr'><strong>Cum</strong></span> <span class='ocrx_word' id='word_1_234' title='bbox 1389 2787 1552 2825; x_wconf 78' lang='lat' dir='ltr'><strong>uxore</strong></span> <span class='ocrx_word' id='word_1_235' title='bbox 1581 2773 1806 2842; x_wconf 72' lang='lat' dir='ltr'><strong>proximi</strong></span> <span class='ocrx_word' id='word_1_236' title='bbox 1843 2778 1918 2828; x_wconf 86' lang='lat' dir='ltr'><strong>tui</strong></span> <span class='ocrx_word' id='word_1_237' title='bbox 1955 2793 2059 2831; x_wconf 85' lang='lat' dir='ltr'><strong>non</strong></span> 
     </span>
    </p>
   </div>
   <div class='ocr_carea' id='block_1_31' title="bbox 471 2854 2057 2927">
    <p class='ocr_par' dir='ltr' id='par_1_31' title="bbox 471 2854 2057 2927">
     <span class='ocr_line' id='line_1_31' title="bbox 471 2854 2057 2927; baseline 0.009 -21"><span class='ocrx_word' id='word_1_238' title='bbox 471 2854 669 2918; x_wconf 84' lang='lat' dir='ltr'><strong>coibis,</strong></span> <span class='ocrx_word' id='word_1_239' title='bbox 735 2872 826 2908; x_wconf 83' lang='lat' dir='ltr'><strong>nec</strong></span> <span class='ocrx_word' id='word_1_240' title='bbox 874 2856 1085 2910; x_wconf 76' lang='lat' dir='ltr'><strong>seminis</strong></span> <span class='ocrx_word' id='word_1_241' title='bbox 1132 2856 1244 2927; x_wconf 82' lang='lat' dir='ltr'><strong>ejus</strong></span> <span class='ocrx_word' id='word_1_242' title='bbox 1288 2861 1644 2915; x_wconf 76' lang='lat' dir='ltr'><strong>commistione</strong></span> <span class='ocrx_word' id='word_1_243' title='bbox 1711 2863 2057 2920; x_wconf 72' lang='lat' dir='ltr'><strong>maculaberis</strong></span> 
     </span>
    </p>
   </div>
   <div class='ocr_carea' id='block_1_32' title="bbox 473 2943 2059 3027">
    <p class='ocr_par' dir='ltr' id='par_1_32' title="bbox 473 2943 2059 3027">
     <span class='ocr_line' id='line_1_32' title="bbox 473 2943 2059 3027; baseline 0.01 -32"><span class='ocrx_word' id='word_1_244' title='bbox 473 2943 659 3012; x_wconf 74' lang='lat' dir='ltr'><strong>(Lavit.</strong></span> <span class='ocrx_word' id='word_1_245' title='bbox 698 2944 813 3015; x_wconf 79' lang='lat' dir='ltr'><strong>xx).</strong></span> <span class='ocrx_word' id='word_1_246' title='bbox 853 2945 920 2999; x_wconf 88' lang='lat' dir='ltr'><strong>Et</strong></span> <span class='ocrx_word' id='word_1_247' title='bbox 949 2946 1002 2999; x_wconf 92' lang='lat' dir='ltr'><strong>in</strong></span> <span class='ocrx_word' id='word_1_248' title='bbox 1036 2946 1395 3004; x_wconf 83' lang='lat' dir='ltr'><strong>decretalibus</strong></span> <span class='ocrx_word' id='word_1_249' title='bbox 1440 2962 1592 3019; x_wconf 70' lang='lat' dir='ltr'><strong>papae</strong></span> <span class='ocrx_word' id='word_1_250' title='bbox 1635 2951 1879 3024; x_wconf 77' lang='lat' dir='ltr'><strong>Gregorii</strong></span> <span class='ocrx_word' id='word_1_251' title='bbox 1927 2955 2059 3027; x_wconf 80' lang='lat' dir='ltr'><strong>legi-</strong></span> 
     </span>
    </p>
   </div>
   <div class='ocr_carea' id='block_1_33' title="bbox 471 3032 2055 3108">
    <p class='ocr_par' dir='ltr' id='par_1_33' title="bbox 471 3032 2055 3108">
     <span class='ocr_line' id='line_1_33' title="bbox 471 3032 2055 3108; baseline 0.009 -22"><span class='ocrx_word' id='word_1_252' title='bbox 471 3039 603 3087; x_wconf 86' lang='lat' dir='ltr'><strong>tur:</strong></span> <span class='ocrx_word' id='word_1_253' title='bbox 636 3032 691 3086; x_wconf 71' lang='lat' dir='ltr'><strong>E‘vi</strong></span> <span class='ocrx_word' id='word_1_254' title='bbox 735 3035 857 3103; x_wconf 91' lang='lat' dir='ltr'><strong>quis</strong></span> <span class='ocrx_word' id='word_1_255' title='bbox 905 3035 1218 3101; x_wconf 89' lang='lat' dir='ltr'><strong>diaconam,</strong></span> <span class='ocrx_word' id='word_1_256' title='bbox 1261 3046 1354 3092; x_wconf 90' lang='lat' dir='ltr'><strong>aut</strong></span> <span class='ocrx_word' id='word_1_257' title='bbox 1392 3042 1713 3096; x_wconf 88' lang='lat' dir='ltr'><strong>monacham</strong></span> <span class='ocrx_word' id='word_1_258' title='bbox 1738 3083 1753 3108; x_wconf 95' lang='lat'><strong>,</strong></span> <span class='ocrx_word' id='word_1_259' title='bbox 1787 3052 1881 3098; x_wconf 91' lang='lat' dir='ltr'><strong>aut</strong></span> <span class='ocrx_word' id='word_1_260' title='bbox 1908 3060 2055 3101; x_wconf 90' lang='lat' dir='ltr'><strong>com-</strong></span> 
     </span>
    </p>
   </div>
   <div class='ocr_carea' id='block_1_34' title="bbox 471 3121 2055 3204">
    <p class='ocr_par' dir='ltr' id='par_1_34' title="bbox 471 3121 2055 3204">
     <span class='ocr_line' id='line_1_34' title="bbox 471 3121 2055 3204; baseline 0.011 -32"><span class='ocrx_word' id='word_1_261' title='bbox 471 3127 701 3174; x_wconf 71' lang='lat' dir='ltr'><strong>matrenn</strong></span> <span class='ocrx_word' id='word_1_262' title='bbox 741 3121 1061 3190; x_wconf 85' lang='lat' dir='ltr'><strong>spiritalem,</strong></span> <span class='ocrx_word' id='word_1_263' title='bbox 1090 3135 1183 3178; x_wconf 89' lang='lat' dir='ltr'><strong>aut</strong></span> <span class='ocrx_word' id='word_1_264' title='bbox 1207 3124 1394 3182; x_wconf 85' lang='lat' dir='ltr'><strong>fratris</strong></span> <span class='ocrx_word' id='word_1_265' title='bbox 1421 3122 1664 3194; x_wconf 80' lang='lat' dir='ltr'><strong>uxOrem,</strong></span> <span class='ocrx_word' id='word_1_266' title='bbox 1692 3140 1787 3186; x_wconf 88' lang='lat' dir='ltr'><strong>aut</strong></span> <span class='ocrx_word' id='word_1_267' title='bbox 1814 3143 2055 3204; x_wconf 77' lang='lat' dir='ltr'><strong>neptam,</strong></span> 
     </span>
    </p>
   </div>
   <div class='ocr_carea' id='block_1_35' title="bbox 472 3217 2055 3292">
    <p class='ocr_par' dir='ltr' id='par_1_35' title="bbox 472 3217 2055 3292">
     <span class='ocr_line' id='line_1_35' title="bbox 472 3217 2055 3292; baseline 0.011 -29"><span class='ocrx_word' id='word_1_268' title='bbox 472 3217 567 3264; x_wconf 88' lang='lat' dir='ltr'><strong>aut</strong></span> <span class='ocrx_word' id='word_1_269' title='bbox 615 3224 925 3276; x_wconf 84' lang='lat' dir='ltr'><strong>novercam,</strong></span> <span class='ocrx_word' id='word_1_270' title='bbox 955 3223 1049 3267; x_wconf 89' lang='lat' dir='ltr'><strong>aut</strong></span> <span class='ocrx_word' id='word_1_271' title='bbox 1090 3230 1285 3270; x_wconf 89' lang='lat' dir='ltr'><strong>nurum</strong></span> <span class='ocrx_word' id='word_1_272' title='bbox 1318 3232 1493 3284; x_wconf 89' lang='lat' dir='ltr'><strong>suam,</strong></span> <span class='ocrx_word' id='word_1_273' title='bbox 1527 3233 1620 3275; x_wconf 88' lang='lat' dir='ltr'><strong>aut</strong></span> <span class='ocrx_word' id='word_1_274' title='bbox 1650 3224 2055 3292; x_wconf 85' lang='lat' dir='ltr'><strong>consobrinam,</strong></span> 
     </span>
    </p>
   </div>
   <div class='ocr_carea' id='block_1_36' title="bbox 472 3299 2056 3386">
    <p class='ocr_par' dir='ltr' id='par_1_36' title="bbox 472 3299 2056 3386">
     <span class='ocr_line' id='line_1_36' title="bbox 472 3299 2056 3386; baseline 0.012 -31"><span class='ocrx_word' id='word_1_275' title='bbox 472 3307 567 3355; x_wconf 89' lang='lat' dir='ltr'><strong>aut</strong></span> <span class='ocrx_word' id='word_1_276' title='bbox 593 3299 661 3356; x_wconf 92' lang='lat' dir='ltr'><strong>de</strong></span> <span class='ocrx_word' id='word_1_277' title='bbox 688 3304 906 3372; x_wconf 87' lang='lat' dir='ltr'><strong>propria</strong></span> <span class='ocrx_word' id='word_1_278' title='bbox 944 3308 1296 3376; x_wconf 83' lang='lat' dir='ltr'><strong>cognatione,</strong></span> <span class='ocrx_word' id='word_1_279' title='bbox 1335 3309 1419 3365; x_wconf 92' lang='lat' dir='ltr'><strong>vel</strong></span> <span class='ocrx_word' id='word_1_280' title='bbox 1454 3327 1616 3381; x_wconf 90' lang='lat' dir='ltr'><strong>quam</strong></span> <span class='ocrx_word' id='word_1_281' title='bbox 1659 3325 1919 3386; x_wconf 90' lang='lat' dir='ltr'><strong>cognatus</strong></span> <span class='ocrx_word' id='word_1_282' title='bbox 1960 3319 2056 3373; x_wconf 87' lang='lat' dir='ltr'><strong>ha-</strong></span> 
     </span>
    </p>
   </div>
   <div class='ocr_carea' id='block_1_37' title="bbox 460 3391 2054 3478">
    <p class='ocr_par' dir='ltr' id='par_1_37' title="bbox 460 3391 2054 3478">
     <span class='ocr_line' id='line_1_37' title="bbox 460 3391 2054 3478; baseline 0.013 -32"><span class='ocrx_word' id='word_1_283' title='bbox 460 3391 671 3471; x_wconf 81' lang='lat' dir='ltr'><strong>buerit,</strong></span> <span class='ocrx_word' id='word_1_284' title='bbox 704 3394 919 3450; x_wconf 77' lang='lat' dir='ltr'><strong>duxerit</strong></span> <span class='ocrx_word' id='word_1_285' title='bbox 951 3412 1196 3463; x_wconf 80' lang='lat' dir='ltr'><strong>uxorem,</strong></span> <span class='ocrx_word' id='word_1_286' title='bbox 1227 3402 1514 3457; x_wconf 86' lang='lat' dir='ltr'><strong>anathema</strong></span> <span class='ocrx_word' id='word_1_287' title='bbox 1542 3403 1645 3470; x_wconf 86' lang='lat' dir='ltr'><strong>sit;</strong></span> <span class='ocrx_word' id='word_1_288' title='bbox 1677 3415 1732 3459; x_wconf 90' lang='lat' dir='ltr'><strong>et</strong></span> <span class='ocrx_word' id='word_1_289' title='bbox 1760 3412 2054 3478; x_wconf 90' lang='lat' dir='ltr'><strong>responde-</strong></span> 
     </span>
    </p>
   </div>
   <div class='ocr_carea' id='block_1_38' title="bbox 468 3487 2056 3565">
    <p class='ocr_par' dir='ltr' id='par_1_38' title="bbox 468 3487 2056 3565">
     <span class='ocr_line' id='line_1_38' title="bbox 468 3487 2056 3565; baseline 0.013 -30"><span class='ocrx_word' id='word_1_290' title='bbox 468 3491 597 3537; x_wconf 88' lang='lat' dir='ltr'><strong>runt</strong></span> <span class='ocrx_word' id='word_1_291' title='bbox 617 3497 806 3539; x_wconf 91' lang='lat' dir='ltr'><strong>omnes</strong></span> <span class='ocrx_word' id='word_1_292' title='bbox 832 3487 990 3542; x_wconf 89' lang='lat' dir='ltr'><strong>tertio</strong></span> <span class='ocrx_word' id='word_1_293' title='bbox 1015 3504 1029 3541; x_wconf 89' lang='lat'><strong>:</strong></span> <span class='ocrx_word' id='word_1_294' title='bbox 1059 3490 1360 3546; x_wconf 80' lang='lat' dir='ltr'><strong>Anatliema</strong></span> <span class='ocrx_word' id='word_1_295' title='bbox 1387 3493 1475 3548; x_wconf 91' lang='lat' dir='ltr'><strong>sit.</strong></span> <span class='ocrx_word' id='word_1_296' title='bbox 1501 3495 1558 3549; x_wconf 84' lang='lat' dir='ltr'><strong>Si</strong></span> <span class='ocrx_word' id='word_1_297' title='bbox 1586 3498 1706 3565; x_wconf 89' lang='lat' dir='ltr'><strong>quis</strong></span> <span class='ocrx_word' id='word_1_298' title='bbox 1727 3500 1943 3553; x_wconf 89' lang='lat' dir='ltr'><strong>viduam</strong></span> <span class='ocrx_word' id='word_1_299' title='bbox 1970 3516 2056 3555; x_wconf 87' lang='lat' dir='ltr'><strong>ra-</strong></span> 
     </span>
    </p>
   </div>
   <div class='ocr_carea' id='block_1_39' title="bbox 473 3574 2056 3651">
    <p class='ocr_par' dir='ltr' id='par_1_39' title="bbox 473 3574 2056 3651">
     <span class='ocr_line' id='line_1_39' title="bbox 473 3574 2056 3651; baseline 0.014 -26"><span class='ocrx_word' id='word_1_300' title='bbox 473 3574 675 3642; x_wconf 89' lang='lat' dir='ltr'><strong>puerit,</strong></span> <span class='ocrx_word' id='word_1_301' title='bbox 708 3575 794 3629; x_wconf 90' lang='lat' dir='ltr'><strong>vel</strong></span> <span class='ocrx_word' id='word_1_302' title='bbox 822 3576 1031 3632; x_wconf 86' lang='lat' dir='ltr'><strong>furatus</strong></span> <span class='ocrx_word' id='word_1_303' title='bbox 1061 3578 1222 3635; x_wconf 87' lang='lat' dir='ltr'><strong>fuerit</strong></span> <span class='ocrx_word' id='word_1_304' title='bbox 1250 3582 1303 3636; x_wconf 91' lang='lat' dir='ltr'><strong>in</strong></span> <span class='ocrx_word' id='word_1_305' title='bbox 1332 3600 1576 3651; x_wconf 79' lang='lat' dir='ltr'><strong>uxorem,</strong></span> <span class='ocrx_word' id='word_1_306' title='bbox 1602 3588 1687 3647; x_wconf 87' lang='lat' dir='ltr'><strong>vel</strong></span> <span class='ocrx_word' id='word_1_307' title='bbox 1717 3592 2056 3647; x_wconf 64' lang='lat' dir='ltr'><strong>consentiem</strong></span> 
     </span>
    </p>
   </div>
   <div class='ocr_carea' id='block_1_40' title="bbox 472 3662 2048 3740">
    <p class='ocr_par' dir='ltr' id='par_1_40' title="bbox 472 3662 2048 3740">
     <span class='ocr_line' id='line_1_40' title="bbox 472 3662 2048 3740; baseline 0.015 -26"><span class='ocrx_word' id='word_1_308' title='bbox 472 3669 556 3716; x_wconf 87' lang='lat' dir='ltr'><strong>tes</strong></span> <span class='ocrx_word' id='word_1_309' title='bbox 584 3662 657 3727; x_wconf 91' lang='lat' dir='ltr'><strong>ei,</strong></span> <span class='ocrx_word' id='word_1_310' title='bbox 687 3665 975 3721; x_wconf 89' lang='lat' dir='ltr'><strong>anathema</strong></span> <span class='ocrx_word' id='word_1_311' title='bbox 1006 3668 1107 3735; x_wconf 89' lang='lat' dir='ltr'><strong>sit;</strong></span> <span class='ocrx_word' id='word_1_312' title='bbox 1132 3678 1187 3723; x_wconf 91' lang='lat' dir='ltr'><strong>et</strong></span> <span class='ocrx_word' id='word_1_313' title='bbox 1217 3669 1608 3740; x_wconf 81' lang='lat' dir='ltr'><strong>responderunt</strong></span> <span class='ocrx_word' id='word_1_314' title='bbox 1632 3692 1820 3734; x_wconf 89' lang='lat' dir='ltr'><strong>omnes</strong></span> <span class='ocrx_word' id='word_1_315' title='bbox 1850 3682 2008 3737; x_wconf 87' lang='lat' dir='ltr'><strong>tertio</strong></span> <span class='ocrx_word' id='word_1_316' title='bbox 2035 3701 2048 3737; x_wconf 88' lang='lat'><strong>:</strong></span> 
     </span>
    </p>
   </div>
   <div class='ocr_carea' id='block_1_41' title="bbox 467 3752 2055 3841">
    <p class='ocr_par' dir='ltr' id='par_1_41' title="bbox 467 3752 2055 3841">
     <span class='ocr_line' id='line_1_41' title="bbox 467 3752 2055 3841; baseline 0.015 -35"><span class='ocrx_word' id='word_1_317' title='bbox 467 3752 773 3810; x_wconf 80' lang='lat' dir='ltr'><strong>Anathema</strong></span> <span class='ocrx_word' id='word_1_318' title='bbox 800 3762 889 3812; x_wconf 90' lang='lat' dir='ltr'><strong>sit.</strong></span> <span class='ocrx_word' id='word_1_319' title='bbox 924 3758 989 3812; x_wconf 89' lang='lat' dir='ltr'><strong>Et</strong></span> <span class='ocrx_word' id='word_1_320' title='bbox 1014 3761 1059 3815; x_wconf 88' lang='lat' dir='ltr'><strong>si</strong></span> <span class='ocrx_word' id='word_1_321' title='bbox 1094 3762 1216 3831; x_wconf 91' lang='lat' dir='ltr'><strong>quis</strong></span> <span class='ocrx_word' id='word_1_322' title='bbox 1244 3765 1525 3836; x_wconf 85' lang='lat' dir='ltr'><strong>virginem,</strong></span> <span class='ocrx_word' id='word_1_323' title='bbox 1561 3770 1665 3824; x_wconf 90' lang='lat' dir='ltr'><strong>nisi</strong></span> <span class='ocrx_word' id='word_1_324' title='bbox 1696 3772 2055 3841; x_wconf 85' lang='lat' dir='ltr'><strong>desponsave-</strong></span> 
     </span>
    </p>
   </div>
   <div class='ocr_carea' id='block_1_42' title="bbox 470 3844 2052 3930">
    <p class='ocr_par' dir='ltr' id='par_1_42' title="bbox 470 3844 2052 3930">
     <span class='ocr_line' id='line_1_42' title="bbox 470 3844 2052 3930; baseline 0.013 -32"><span class='ocrx_word' id='word_1_325' title='bbox 470 3844 547 3899; x_wconf 87' lang='lat' dir='ltr'><strong>rit</strong></span> <span class='ocrx_word' id='word_1_326' title='bbox 572 3861 716 3912; x_wconf 88' lang='lat' dir='ltr'><strong>eam,</strong></span> <span class='ocrx_word' id='word_1_327' title='bbox 753 3851 992 3918; x_wconf 89' lang='lat' dir='ltr'><strong>rapuerit</strong></span> <span class='ocrx_word' id='word_1_328' title='bbox 1019 3851 1101 3905; x_wconf 90' lang='lat' dir='ltr'><strong>vel</strong></span> <span class='ocrx_word' id='word_1_329' title='bbox 1139 3852 1348 3911; x_wconf 87' lang='lat' dir='ltr'><strong>furatus</strong></span> <span class='ocrx_word' id='word_1_330' title='bbox 1388 3856 1552 3913; x_wconf 87' lang='lat' dir='ltr'><strong>fuerit</strong></span> <span class='ocrx_word' id='word_1_331' title='bbox 1594 3860 1649 3914; x_wconf 91' lang='lat' dir='ltr'><strong>in</strong></span> <span class='ocrx_word' id='word_1_332' title='bbox 1691 3877 1935 3930; x_wconf 76' lang='lat' dir='ltr'><strong>uxorem,</strong></span> <span class='ocrx_word' id='word_1_333' title='bbox 1966 3865 2052 3921; x_wconf 85' lang='lat' dir='ltr'><strong>vel</strong></span> 
     </span>
    </p>
   </div>
   <div class='ocr_carea' id='block_1_43' title="bbox 471 3938 2054 4022">
    <p class='ocr_par' dir='ltr' id='par_1_43' title="bbox 471 3938 2054 4022">
     <span class='ocr_line' id='line_1_43' title="bbox 471 3938 2054 4022; baseline 0.014 -33"><span class='ocrx_word' id='word_1_334' title='bbox 471 3938 871 3993; x_wconf 87' lang='lat' dir='ltr'><strong>consentientes</strong></span> <span class='ocrx_word' id='word_1_335' title='bbox 891 3940 961 4005; x_wconf 90' lang='lat' dir='ltr'><strong>ei,</strong></span> <span class='ocrx_word' id='word_1_336' title='bbox 987 3944 1273 4000; x_wconf 86' lang='lat' dir='ltr'><strong>anathema</strong></span> <span class='ocrx_word' id='word_1_337' title='bbox 1301 3947 1403 4014; x_wconf 89' lang='lat' dir='ltr'><strong>sit;</strong></span> <span class='ocrx_word' id='word_1_338' title='bbox 1435 3959 1489 4004; x_wconf 89' lang='lat' dir='ltr'><strong>et</strong></span> <span class='ocrx_word' id='word_1_339' title='bbox 1517 3953 1912 4022; x_wconf 85' lang='lat' dir='ltr'><strong>responderunt</strong></span> <span class='ocrx_word' id='word_1_340' title='bbox 1938 3973 2054 4013; x_wconf 92' lang='lat' dir='ltr'><strong>om-</strong></span> 
     </span>
    </p>
   </div>
   <div class='ocr_carea' id='block_1_44' title="bbox 472 4029 2054 4119">
    <p class='ocr_par' dir='ltr' id='par_1_44' title="bbox 472 4029 2054 4119">
     <span class='ocr_line' id='line_1_44' title="bbox 472 4029 2054 4119; baseline 0.018 -40"><span class='ocrx_word' id='word_1_341' title='bbox 472 4041 570 4081; x_wconf 88' lang='lat' dir='ltr'><strong>nes</strong></span> <span class='ocrx_word' id='word_1_342' title='bbox 596 4029 753 4084; x_wconf 90' lang='lat' dir='ltr'><strong>tertio</strong></span> <span class='ocrx_word' id='word_1_343' title='bbox 778 4046 792 4083; x_wconf 88' lang='lat'><strong>:</strong></span> <span class='ocrx_word' id='word_1_344' title='bbox 817 4031 1117 4088; x_wconf 85' lang='lat' dir='ltr'><strong>Anathema</strong></span> <span class='ocrx_word' id='word_1_345' title='bbox 1142 4037 1241 4103; x_wconf 90' lang='lat' dir='ltr'><strong>sit;</strong></span> <span class='ocrx_word' id='word_1_346' title='bbox 1272 4038 1337 4093; x_wconf 89' lang='lat' dir='ltr'><strong>Et</strong></span> <span class='ocrx_word' id='word_1_347' title='bbox 1362 4041 1487 4097; x_wconf 86' lang='lat' dir='ltr'><strong>alibi</strong></span> <span class='ocrx_word' id='word_1_348' title='bbox 1518 4043 1572 4097; x_wconf 91' lang='lat' dir='ltr'><strong>in</strong></span> <span class='ocrx_word' id='word_1_349' title='bbox 1596 4047 1892 4103; x_wconf 89' lang='lat' dir='ltr'><strong>canonibus</strong></span> <span class='ocrx_word' id='word_1_350' title='bbox 1916 4065 2054 4119; x_wconf 69' lang='lat' dir='ltr'><strong>pra:—</strong></span> 
     </span>
    </p>
   </div>
   <div class='ocr_carea' id='block_1_45' title="bbox 472 4124 2050 4198">
    <p class='ocr_par' dir='ltr' id='par_1_45' title="bbox 472 4124 2050 4198">
     <span class='ocr_line' id='line_1_45' title="bbox 472 4124 2050 4198; baseline 0.017 -29"><span class='ocrx_word' id='word_1_351' title='bbox 472 4124 685 4187; x_wconf 89' lang='lat' dir='ltr'><strong>ceptum</strong></span> <span class='ocrx_word' id='word_1_352' title='bbox 714 4130 798 4175; x_wconf 89' lang='lat' dir='ltr'><strong>est</strong></span> <span class='ocrx_word' id='word_1_353' title='bbox 844 4133 902 4176; x_wconf 91' lang='lat' dir='ltr'><strong>ut</strong></span> <span class='ocrx_word' id='word_1_354' title='bbox 933 4138 1091 4180; x_wconf 91' lang='lat' dir='ltr'><strong>nemo</strong></span> <span class='ocrx_word' id='word_1_355' title='bbox 1129 4143 1299 4198; x_wconf 87' lang='lat' dir='ltr'><strong>usque</strong></span> <span class='ocrx_word' id='word_1_356' title='bbox 1339 4134 1407 4186; x_wconf 89' lang='lat' dir='ltr'><strong>ad</strong></span> <span class='ocrx_word' id='word_1_357' title='bbox 1446 4133 1722 4191; x_wconf 75' lang='lat' dir='ltr'><strong>afﬁnitatis</strong></span> <span class='ocrx_word' id='word_1_358' title='bbox 1750 4136 1942 4194; x_wconf 90' lang='lat' dir='ltr'><strong>lineam</strong></span> <span class='ocrx_word' id='word_1_359' title='bbox 1982 4159 2050 4197; x_wconf 82' lang='lat' dir='ltr'><strong>ex</strong></span> 
     </span>
    </p>
   </div>
   <div class='ocr_carea' id='block_1_46' title="bbox 468 4206 2051 4301">
    <p class='ocr_par' dir='ltr' id='par_1_46' title="bbox 468 4206 2051 4301">
     <span class='ocr_line' id='line_1_46' title="bbox 468 4206 2051 4301; baseline 0.019 -45"><span class='ocrx_word' id='word_1_360' title='bbox 468 4206 868 4301; x_wconf 72' lang='lat' dir='ltr'><strong>propinquitate</strong></span> <span class='ocrx_word' id='word_1_361' title='bbox 909 4214 993 4268; x_wconf 91' lang='lat' dir='ltr'><strong>sui</strong></span> <span class='ocrx_word' id='word_1_362' title='bbox 1035 4218 1314 4287; x_wconf 84' lang='lat' dir='ltr'><strong>sanguinis</strong></span> <span class='ocrx_word' id='word_1_363' title='bbox 1342 4225 1610 4279; x_wconf 89' lang='lat' dir='ltr'><strong>connubia</strong></span> <span class='ocrx_word' id='word_1_364' title='bbox 1640 4227 1837 4294; x_wconf 90' lang='lat' dir='ltr'><strong>ducat,</strong></span> <span class='ocrx_word' id='word_1_365' title='bbox 1875 4246 2051 4301; x_wconf 89' lang='lat' dir='ltr'><strong>neque</strong></span> 
     </span>
    </p>
   </div>
   <div class='ocr_carea' id='block_1_47' title="bbox 465 4293 2049 4388">
    <p class='ocr_par' dir='ltr' id='par_1_47' title="bbox 465 4293 2049 4388">
     <span class='ocr_line' id='line_1_47' title="bbox 465 4293 2049 4388; baseline 0.021 -43"><span class='ocrx_word' id='word_1_366' title='bbox 465 4293 766 4364; x_wconf 83' lang='lat' dir='ltr'><strong>virginibus</strong></span> <span class='ocrx_word' id='word_1_367' title='bbox 807 4300 927 4356; x_wconf 89' lang='lat' dir='ltr'><strong>sine</strong></span> <span class='ocrx_word' id='word_1_368' title='bbox 964 4303 1338 4366; x_wconf 88' lang='lat' dir='ltr'><strong>benedictione</strong></span> <span class='ocrx_word' id='word_1_369' title='bbox 1376 4316 1671 4371; x_wconf 87' lang='lat' dir='ltr'><strong>sacerdotis</strong></span> <span class='ocrx_word' id='word_1_370' title='bbox 1694 4293 2049 4388; x_wconf 49' lang='lat' dir='ltr'><strong>quisnubt-He</strong></span> 
     </span>
    </p>
   </div>
   <div class='ocr_carea' id='block_1_48' title="bbox 465 4387 2047 4465">
    <p class='ocr_par' dir='ltr' id='par_1_48' title="bbox 465 4387 2047 4465">
     <span class='ocr_line' id='line_1_48' title="bbox 465 4387 2047 4465; baseline 0.02 -31"><span class='ocrx_word' id='word_1_371' title='bbox 465 4397 776 4452; x_wconf 64' lang='lat' dir='ltr'><strong>praesumat.</strong></span> <span class='ocrx_word' id='word_1_372' title='bbox 805 4387 1012 4460; x_wconf 89' lang='lat' dir='ltr'><strong>Oppido</strong></span> <span class='ocrx_word' id='word_1_373' title='bbox 1037 4394 1181 4448; x_wconf 91' lang='lat' dir='ltr'><strong>enim</strong></span> <span class='ocrx_word' id='word_1_374' title='bbox 1211 4397 1312 4452; x_wconf 91' lang='lat' dir='ltr'><strong>ista</strong></span> <span class='ocrx_word' id='word_1_375' title='bbox 1341 4401 1519 4456; x_wconf 90' lang='lat' dir='ltr'><strong>omnia</strong></span> <span class='ocrx_word' id='word_1_376' title='bbox 1550 4387 1785 4460; x_wconf 77' lang='lat' dir='ltr'><strong>cavenda</strong></span> <span class='ocrx_word' id='word_1_377' title='bbox 1824 4418 1951 4463; x_wconf 91' lang='lat' dir='ltr'><strong>sunt</strong></span> <span class='ocrx_word' id='word_1_378' title='bbox 1979 4426 2047 4465; x_wconf 88' lang='lat' dir='ltr'><strong>ne</strong></span> 
     </span>
    </p>
   </div>
   <div class='ocr_carea' id='block_1_49' title="bbox 408 4473 2049 4569">
    <p class='ocr_par' dir='ltr' id='par_1_49' title="bbox 408 4473 2049 4569">
     <span class='ocr_line' id='line_1_49' title="bbox 408 4473 2049 4569; baseline 0.021 -45"><span class='ocrx_word' id='word_1_379' title='bbox 408 4548 411 4555; x_wconf 10' lang='grc' dir='ltr'><strong><em>ἴ</em></strong></span> <span class='ocrx_word' id='word_1_380' title='bbox 467 4473 762 4569; x_wconf 51' lang='lat' dir='ltr'><strong>flant._Sed</strong></span> <span class='ocrx_word' id='word_1_381' title='bbox 806 4490 1086 4551; x_wconf 85' lang='lat' dir='ltr'><strong>postquam</strong></span> <span class='ocrx_word' id='word_1_382' title='bbox 1118 4486 1219 4541; x_wconf 88' lang='lat' dir='ltr'><strong>ista</strong></span> <span class='ocrx_word' id='word_1_383' title='bbox 1261 4490 1440 4545; x_wconf 90' lang='lat' dir='ltr'><strong>omnia</strong></span> <span class='ocrx_word' id='word_1_384' title='bbox 1478 4495 1700 4562; x_wconf 88' lang='lat' dir='ltr'><strong>probata</strong></span> <span class='ocrx_word' id='word_1_385' title='bbox 1743 4498 1966 4569; x_wconf 80' lang='lat' dir='ltr'><strong>fuerint,</strong></span> <span class='ocrx_word' id='word_1_386' title='bbox 1994 4514 2049 4559; x_wconf 93' lang='lat' dir='ltr'><strong>et</strong></span> 
     </span>
    </p>
   </div>
   <div class='ocr_carea' id='block_1_50' title="bbox 466 4564 2049 4653">
    <p class='ocr_par' dir='ltr' id='par_1_50' title="bbox 466 4564 2049 4653">
     <span class='ocr_line' id='line_1_50' title="bbox 466 4564 2049 4653; baseline 0.021 -37"><span class='ocrx_word' id='word_1_387' title='bbox 466 4564 602 4618; x_wconf 88' lang='lat' dir='ltr'><strong>nihil</strong></span> <span class='ocrx_word' id='word_1_388' title='bbox 632 4566 973 4637; x_wconf 88' lang='lat' dir='ltr'><strong>impedierint</strong></span> <span class='ocrx_word' id='word_1_389' title='bbox 993 4613 1006 4637; x_wconf 95' lang='lat'><strong>,</strong></span> <span class='ocrx_word' id='word_1_390' title='bbox 1052 4583 1177 4631; x_wconf 90' lang='lat' dir='ltr'><strong>tunc</strong></span> <span class='ocrx_word' id='word_1_391' title='bbox 1204 4576 1247 4632; x_wconf 91' lang='lat' dir='ltr'><strong>si</strong></span> <span class='ocrx_word' id='word_1_392' title='bbox 1281 4580 1431 4649; x_wconf 87' lang='lat' dir='ltr'><strong>virgo</strong></span> <span class='ocrx_word' id='word_1_393' title='bbox 1460 4582 1651 4653; x_wconf 89' lang='lat' dir='ltr'><strong>fuerit,</strong></span> <span class='ocrx_word' id='word_1_394' title='bbox 1680 4604 1800 4644; x_wconf 89' lang='lat' dir='ltr'><strong>cum</strong></span> <span class='ocrx_word' id='word_1_395' title='bbox 1830 4564 2049 4649; x_wconf 82' lang='lat' dir='ltr'><strong>benedi-</strong></span> 
     </span>
    </p>
   </div>
   <div class='ocr_carea' id='block_1_51' title="bbox 378 4656 2048 4739">
    <p class='ocr_par' dir='ltr' id='par_1_51' title="bbox 378 4656 2048 4739">
     <span class='ocr_line' id='line_1_51' title="bbox 378 4656 2048 4739; baseline 0.019 -32"><span class='ocrx_word' id='word_1_396' title='bbox 378 4734 381 4737; x_wconf 17' lang='grc' dir='ltr'><em>Α</em></span> <span class='ocrx_word' id='word_1_397' title='bbox 466 4656 650 4711; x_wconf 87' lang='lat' dir='ltr'><strong>ctione</strong></span> <span class='ocrx_word' id='word_1_398' title='bbox 693 4662 1021 4729; x_wconf 86' lang='lat' dir='ltr'><strong>sacerdotis,</strong></span> <span class='ocrx_word' id='word_1_399' title='bbox 1066 4668 1207 4721; x_wconf 92' lang='lat' dir='ltr'><strong>sicut</strong></span> <span class='ocrx_word' id='word_1_400' title='bbox 1247 4669 1299 4724; x_wconf 93' lang='lat' dir='ltr'><strong>in</strong></span> <span class='ocrx_word' id='word_1_401' title='bbox 1349 4680 1773 4733; x_wconf 89' lang='lat' dir='ltr'><strong>sacramentario</strong></span> <span class='ocrx_word' id='word_1_402' title='bbox 1805 4684 2048 4739; x_wconf 88' lang='lat' dir='ltr'><strong>contine-</strong></span> 
     </span>
    </p>
   </div>
   <div class='ocr_carea' id='block_1_52' title="bbox 465 4755 2067 4841">
    <p class='ocr_par' dir='ltr' id='par_1_52' title="bbox 465 4755 2067 4841">
     <span class='ocr_line' id='line_1_52' title="bbox 465 4755 2067 4841; baseline 0.019 -42"><span class='ocrx_word' id='word_1_403' title='bbox 465 4755 585 4810; x_wconf 91' lang='lat' dir='ltr'><strong>tur,</strong></span> <span class='ocrx_word' id='word_1_404' title='bbox 626 4757 681 4803; x_wconf 89' lang='lat' dir='ltr'><strong>et</strong></span> <span class='ocrx_word' id='word_1_405' title='bbox 715 4767 837 4806; x_wconf 92' lang='lat' dir='ltr'><strong>cum</strong></span> <span class='ocrx_word' id='word_1_406' title='bbox 875 4755 1099 4811; x_wconf 90' lang='lat' dir='ltr'><strong>consilio</strong></span> <span class='ocrx_word' id='word_1_407' title='bbox 1134 4760 1426 4834; x_wconf 82' lang='lat' dir='ltr'><strong>multorum</strong></span> <span class='ocrx_word' id='word_1_408' title='bbox 1452 4765 1716 4823; x_wconf 90' lang='lat' dir='ltr'><strong>bonorum</strong></span> <span class='ocrx_word' id='word_1_409' title='bbox 1744 4770 2067 4841; x_wconf 56' lang='lat' dir='ltr'><strong>hominum”</strong></span> 
     </span>
    </p>
   </div>
   <div class='ocr_carea' id='block_1_53' title="bbox 466 4840 2044 4925">
    <p class='ocr_par' dir='ltr' id='par_1_53' title="bbox 466 4840 2044 4925">
     <span class='ocr_line' id='line_1_53' title="bbox 466 4840 2044 4925; baseline 0.018 -33"><span class='ocrx_word' id='word_1_410' title='bbox 466 4840 677 4909; x_wconf 88' lang='lat' dir='ltr'><strong>publice</strong></span> <span class='ocrx_word' id='word_1_411' title='bbox 705 4854 760 4897; x_wconf 92' lang='lat' dir='ltr'><strong>et</strong></span> <span class='ocrx_word' id='word_1_412' title='bbox 795 4860 899 4899; x_wconf 89' lang='lat' dir='ltr'><strong>non</strong></span> <span class='ocrx_word' id='word_1_413' title='bbox 927 4847 1136 4903; x_wconf 90' lang='lat' dir='ltr'><strong>occulte</strong></span> <span class='ocrx_word' id='word_1_414' title='bbox 1163 4852 1407 4909; x_wconf 90' lang='lat' dir='ltr'><strong>ducenda</strong></span> <span class='ocrx_word' id='word_1_415' title='bbox 1435 4866 1516 4910; x_wconf 88' lang='lat' dir='ltr'><strong>est</strong></span> <span class='ocrx_word' id='word_1_416' title='bbox 1545 4874 1709 4925; x_wconf 81' lang='lat' dir='ltr'><strong>uxor,</strong></span> <span class='ocrx_word' id='word_1_417' title='bbox 1738 4871 1797 4915; x_wconf 89' lang='lat' dir='ltr'><strong>ut</strong></span> <span class='ocrx_word' id='word_1_418' title='bbox 1824 4862 1951 4919; x_wconf 89' lang='lat' dir='ltr'><strong>boni</strong></span> <span class='ocrx_word' id='word_1_419' title='bbox 1976 4840 2044 4922; x_wconf 88' lang='lat' dir='ltr'><strong>ab</strong></span> 
     </span>
    </p>
   </div>
   <div class='ocr_carea' id='block_1_54' title="bbox 464 4929 2044 5025">
    <p class='ocr_par' dir='ltr' id='par_1_54' title="bbox 464 4929 2044 5025">
     <span class='ocr_line' id='line_1_54' title="bbox 464 4929 2044 5025; baseline 0.019 -43"><span class='ocrx_word' id='word_1_420' title='bbox 464 4929 551 5025; x_wconf 78' lang='lat' dir='ltr'><strong>his</strong></span> <span class='ocrx_word' id='word_1_421' title='bbox 574 4932 683 4996; x_wconf 82' lang='lat' dir='ltr'><strong>filii,</strong></span> <span class='ocrx_word' id='word_1_422' title='bbox 712 4933 938 4991; x_wconf 87' lang='lat' dir='ltr'><strong>Domino</strong></span> <span class='ocrx_word' id='word_1_423' title='bbox 963 4940 1273 5010; x_wconf 87' lang='lat' dir='ltr'><strong>miserante,</strong></span> <span class='ocrx_word' id='word_1_424' title='bbox 1296 4959 1669 5019; x_wconf 75' lang='lat' dir='ltr'><strong>procreantur,</strong></span> <span class='ocrx_word' id='word_1_425' title='bbox 1682 4960 1736 5007; x_wconf 90' lang='lat' dir='ltr'><strong>et</strong></span> <span class='ocrx_word' id='word_1_426' title='bbox 1758 4969 1865 5009; x_wconf 90' lang='lat' dir='ltr'><strong>non</strong></span> <span class='ocrx_word' id='word_1_427' title='bbox 1887 4955 2044 5025; x_wconf 90' lang='lat' dir='ltr'><strong>tales,</strong></span> 
     </span>
    </p>
   </div>
   <div class='ocr_carea' id='block_1_55' title="bbox 466 5020 1250 5103">
    <p class='ocr_par' dir='ltr' id='par_1_55' title="bbox 466 5020 1250 5103">
     <span class='ocr_line' id='line_1_55' title="bbox 466 5020 1250 5103; baseline 0.018 -30"><span class='ocrx_word' id='word_1_428' title='bbox 466 5020 608 5073; x_wconf 83' lang='lat' dir='ltr'><strong>sicut</strong></span> <span class='ocrx_word' id='word_1_429' title='bbox 643 5024 888 5103; x_wconf 80' lang='lat' dir='ltr'><strong>superius</strong></span> <span class='ocrx_word' id='word_1_430' title='bbox 916 5028 1118 5081; x_wconf 88' lang='lat' dir='ltr'><strong>dictum</strong></span> <span class='ocrx_word' id='word_1_431' title='bbox 1147 5042 1250 5087; x_wconf 90' lang='lat' dir='ltr'><strong>est.</strong></span> 
     </span>
    </p>
   </div>
   <div class='ocr_carea' id='block_1_56' title="bbox 465 5145 2041 5241">
    <p class='ocr_par' dir='ltr' id='par_1_56' title="bbox 465 5145 2041 5241">
     <span class='ocr_line' id='line_1_56' title="bbox 465 5145 2041 5241; baseline 0.02 -40"><span class='ocrx_word' id='word_1_432' title='bbox 465 5145 595 5201; x_wconf 75' lang='grc' dir='ltr'><strong>ΟΑΡ.</strong></span> <span class='ocrx_word' id='word_1_433' title='bbox 630 5148 1180 5241; x_wconf 31' lang='grc' dir='ltr'><strong>νιιξῃᾈρίγᾳρςοῂὁῳ</strong></span> <span class='ocrx_word' id='word_1_434' title='bbox 1202 5159 1477 5241; x_wconf 72' lang='lat' dir='ltr'><strong>viduarum</strong></span> <span class='ocrx_word' id='word_1_435' title='bbox 1505 5167 1582 5241; x_wconf 85' lang='lat' dir='ltr'><strong>vel</strong></span> <span class='ocrx_word' id='word_1_436' title='bbox 1604 5170 1884 5241; x_wconf 75' lang='lat' dir='ltr'><strong>virginum,</strong></span> <span class='ocrx_word' id='word_1_437' title='bbox 1909 5185 1957 5230; x_wconf 86' lang='lat' dir='ltr'><strong>et</strong></span> <span class='ocrx_word' id='word_1_438' title='bbox 1985 5186 2041 5231; x_wconf 83' lang='lat' dir='ltr'><strong>ut</strong></span> 
     </span>
    </p>
   </div>
   <div class='ocr_carea' id='block_1_57' title="bbox 681 5218 1826 5300">
    <p class='ocr_par' dir='ltr' id='par_1_57' title="bbox 681 5218 1826 5300">
     <span class='ocr_line' id='line_1_57' title="bbox 681 5218 1826 5300; baseline 0.027 -33"><span class='ocrx_word' id='word_1_439' title='bbox 681 5218 887 5285; x_wconf 80' lang='lat' dir='ltr'><strong>femina:</strong></span> <span class='ocrx_word' id='word_1_440' title='bbox 911 5218 1075 5275; x_wconf 69' lang='lat' dir='ltr'><strong>sueris</strong></span> <span class='ocrx_word' id='word_1_441' title='bbox 1101 5228 1357 5283; x_wconf 79' lang='lat' dir='ltr'><strong>altaribus</strong></span> <span class='ocrx_word' id='word_1_442' title='bbox 1386 5218 1489 5289; x_wconf 82' lang='lat' dir='ltr'><strong>non</strong></span> 
     </span>
    </p>
   </div>
   <div class='ocr_carea' id='block_1_58' title="bbox 2076 4450 2127 4509">
    <p class='ocr_par' dir='ltr' id='par_1_58' title="bbox 2076 4450 2127 4509">
     <span class='ocr_line' id='line_1_58' title="bbox 2076 4450 2127 4509; baseline 0 0"><span class='ocrx_word' id='word_1_443' title='bbox 2076 4450 2127 4509; x_wconf 91' lang='lat' dir='ltr'><strong>D</strong></span> 
     </span>
    </p>
   </div>
   <div class='ocr_carea' id='block_1_59' title="bbox 2161 508 2398 555">
    <p class='ocr_par' dir='ltr' id='par_1_59' title="bbox 2161 508 2398 555">
     <span class='ocr_line' id='line_1_59' title="bbox 2161 508 2398 555; baseline 0 0"><span class='ocrx_word' id='word_1_444' title='bbox 2161 508 2398 555; x_wconf 87' lang='lat' dir='ltr'><strong>sumant.</strong></span> 
     </span>
    </p>
   </div>
   <div class='ocr_carea' id='block_1_60' title="bbox 2160 612 3741 684">
    <p class='ocr_par' dir='ltr' id='par_1_60' title="bbox 2160 612 3741 684">
     <span class='ocr_line' id='line_1_60' title="bbox 2160 612 3741 684; baseline -0.001 -14"><span class='ocrx_word' id='word_1_445' title='bbox 2160 615 2289 671; x_wconf 77' lang='lat' dir='ltr'><strong>CAP.</strong></span> <span class='ocrx_word' id='word_1_446' title='bbox 2325 614 2455 668; x_wconf 86' lang='lat' dir='ltr'><strong>Vlll.</strong></span> <span class='ocrx_word' id='word_1_447' title='bbox 2497 612 2575 668; x_wconf 82' lang='lat' dir='ltr'><strong>De</strong></span> <span class='ocrx_word' id='word_1_448' title='bbox 2599 613 2693 668; x_wconf 78' lang='lat' dir='ltr'><strong>&#39;Itis</strong></span> <span class='ocrx_word' id='word_1_449' title='bbox 2734 614 2826 684; x_wconf 85' lang='lat' dir='ltr'><strong>qui</strong></span> <span class='ocrx_word' id='word_1_450' title='bbox 2870 615 3079 678; x_wconf 85' lang='lat' dir='ltr'><strong>rapiunt</strong></span> <span class='ocrx_word' id='word_1_451' title='bbox 3120 614 3386 683; x_wconf 82' lang='lat' dir='ltr'><strong>feminas,</strong></span> <span class='ocrx_word' id='word_1_452' title='bbox 3427 622 3488 684; x_wconf 85' lang='lat' dir='ltr'><strong>ut</strong></span> <span class='ocrx_word' id='word_1_453' title='bbox 3526 630 3615 666; x_wconf 83' lang='lat' dir='ltr'><strong>eas</strong></span> <span class='ocrx_word' id='word_1_454' title='bbox 3652 630 3741 668; x_wconf 68' lang='lat' dir='ltr'><strong>non</strong></span> 
     </span>
    </p>
   </div>
   <div class='ocr_carea' id='block_1_61' title="bbox 2230 683 3683 755">
    <p class='ocr_par' dir='ltr' id='par_1_61' title="bbox 2230 683 3683 755">
     <span class='ocr_line' id='line_1_61' title="bbox 2230 683 3683 755; baseline -0.001 -16"><span class='ocrx_word' id='word_1_455' title='bbox 2230 685 2455 739; x_wconf 82' lang='lat' dir='ltr'><strong>habeant</strong></span> <span class='ocrx_word' id='word_1_456' title='bbox 2481 700 2694 748; x_wconf 68' lang='lat' dir='ltr'><strong>uxores,</strong></span> <span class='ocrx_word' id='word_1_457' title='bbox 2716 683 2763 738; x_wconf 83' lang='lat' dir='ltr'><strong>et</strong></span> <span class='ocrx_word' id='word_1_458' title='bbox 2787 685 3011 755; x_wconf 82' lang='lat' dir='ltr'><strong>qualiter</strong></span> <span class='ocrx_word' id='word_1_459' title='bbox 3030 685 3095 738; x_wconf 87' lang='lat' dir='ltr'><strong>de</strong></span> <span class='ocrx_word' id='word_1_460' title='bbox 3120 685 3286 753; x_wconf 85' lang='lat' dir='ltr'><strong>raptis</strong></span> <span class='ocrx_word' id='word_1_461' title='bbox 3306 683 3580 753; x_wconf 77' lang='lat' dir='ltr'><strong>agendum</strong></span> <span class='ocrx_word' id='word_1_462' title='bbox 3601 685 3683 737; x_wconf 84' lang='lat' dir='ltr'><strong>sit.</strong></span> 
     </span>
    </p>
   </div>
   <div class='ocr_carea' id='block_1_62' title="bbox 2630 773 3285 843">
    <p class='ocr_par' dir='ltr' id='par_1_62' title="bbox 2630 773 3285 843">
     <span class='ocr_line' id='line_1_62' title="bbox 2630 773 3285 843; baseline -0.003 -15"><span class='ocrx_word' id='word_1_463' title='bbox 2630 774 2725 828; x_wconf 72' lang='lat' dir='ltr'><strong>Ex-</strong></span> <span class='ocrx_word' id='word_1_464' title='bbox 2746 776 2959 839; x_wconf 90' lang='lat' dir='ltr'><strong>eodem,</strong></span> <span class='ocrx_word' id='word_1_465' title='bbox 2997 788 3121 843; x_wconf 90' lang='lat' dir='ltr'><strong>cap.</strong></span> <span class='ocrx_word' id='word_1_466' title='bbox 3156 773 3285 828; x_wconf 80' lang='lat'><strong>595.</strong></span> 
     </span>
    </p>
   </div>
   <div class='ocr_carea' id='block_1_63' title="bbox 2233 884 3745 959">
    <p class='ocr_par' dir='ltr' id='par_1_63' title="bbox 2233 884 3745 959">
     <span class='ocr_line' id='line_1_63' title="bbox 2233 884 3745 959; baseline -0.001 -18"><span class='ocrx_word' id='word_1_467' title='bbox 2233 888 2354 959; x_wconf 84' lang='lat' dir='ltr'><strong>(vn,</strong></span> <span class='ocrx_word' id='word_1_468' title='bbox 2382 886 2533 957; x_wconf 78' lang='lat' dir='ltr'><strong>5H.)</strong></span> <span class='ocrx_word' id='word_1_469' title='bbox 2568 885 2781 942; x_wconf 90' lang='lat' dir='ltr'><strong>Placuit</strong></span> <span class='ocrx_word' id='word_1_470' title='bbox 2808 894 2868 940; x_wconf 91' lang='lat' dir='ltr'><strong>ut</strong></span> <span class='ocrx_word' id='word_1_471' title='bbox 2909 887 2965 940; x_wconf 93' lang='lat' dir='ltr'><strong>hi</strong></span> <span class='ocrx_word' id='word_1_472' title='bbox 2998 886 3091 955; x_wconf 87' lang='lat' dir='ltr'><strong>qui</strong></span> <span class='ocrx_word' id='word_1_473' title='bbox 3136 886 3365 955; x_wconf 88' lang='lat' dir='ltr'><strong>rapiunt</strong></span> <span class='ocrx_word' id='word_1_474' title='bbox 3400 884 3649 946; x_wconf 82' lang='lat' dir='ltr'><strong>feminas,</strong></span> <span class='ocrx_word' id='word_1_475' title='bbox 3674 888 3745 940; x_wconf 74' lang='lat' dir='ltr'><strong>vel</strong></span> 
     </span>
    </p>
   </div>
   <div class='ocr_carea' id='block_1_64' title="bbox 2160 968 3745 1044">
    <p class='ocr_par' dir='ltr' id='par_1_64' title="bbox 2160 968 3745 1044">
     <span class='ocr_line' id='line_1_64' title="bbox 2160 968 3745 1044; baseline -0.002 -10"><span class='ocrx_word' id='word_1_476' title='bbox 2160 979 2429 1044; x_wconf 87' lang='lat' dir='ltr'><strong>furantur,</strong></span> <span class='ocrx_word' id='word_1_477' title='bbox 2462 987 2557 1034; x_wconf 89' lang='lat' dir='ltr'><strong>aut</strong></span> <span class='ocrx_word' id='word_1_478' title='bbox 2599 968 2897 1043; x_wconf 87' lang='lat' dir='ltr'><strong>seducunt,</strong></span> <span class='ocrx_word' id='word_1_479' title='bbox 2935 988 2995 1033; x_wconf 89' lang='lat' dir='ltr'><strong>ut</strong></span> <span class='ocrx_word' id='word_1_480' title='bbox 3036 994 3131 1034; x_wconf 89' lang='lat' dir='ltr'><strong>eas</strong></span> <span class='ocrx_word' id='word_1_481' title='bbox 3163 979 3490 1032; x_wconf 84' lang='lat' dir='ltr'><strong>nullatenus</strong></span> <span class='ocrx_word' id='word_1_482' title='bbox 3535 978 3745 1031; x_wconf 81' lang='lat' dir='ltr'><strong>habeant</strong></span> 
     </span>
    </p>
   </div>
   <div class='ocr_carea' id='block_1_65' title="bbox 2163 1069 3745 1141">
    <p class='ocr_par' dir='ltr' id='par_1_65' title="bbox 2163 1069 3745 1141">
     <span class='ocr_line' id='line_1_65' title="bbox 2163 1069 3745 1141; baseline -0.003 -14"><span class='ocrx_word' id='word_1_483' title='bbox 2163 1087 2396 1136; x_wconf 83' lang='lat' dir='ltr'><strong>uxores,</strong></span> <span class='ocrx_word' id='word_1_484' title='bbox 2435 1071 2685 1141; x_wconf 85' lang='lat' dir='ltr'><strong>quamvis</strong></span> <span class='ocrx_word' id='word_1_485' title='bbox 2727 1070 2808 1125; x_wconf 89' lang='lat' dir='ltr'><strong>eis</strong></span> <span class='ocrx_word' id='word_1_486' title='bbox 2846 1072 3189 1140; x_wconf 87' lang='lat' dir='ltr'><strong>postmodum</strong></span> <span class='ocrx_word' id='word_1_487' title='bbox 3234 1069 3569 1131; x_wconf 87' lang='lat' dir='ltr'><strong>conveniat,</strong></span> <span class='ocrx_word' id='word_1_488' title='bbox 3597 1079 3646 1123; x_wconf 89' lang='lat' dir='ltr'><strong>et</strong></span> <span class='ocrx_word' id='word_1_489' title='bbox 3670 1085 3745 1123; x_wconf 84' lang='lat' dir='ltr'><strong>eas</strong></span> 
     </span>
    </p>
   </div>
   <div class='ocr_carea' id='block_1_66' title="bbox 2164 1162 3744 1231">
    <p class='ocr_par' dir='ltr' id='par_1_66' title="bbox 2164 1162 3744 1231">
     <span class='ocr_line' id='line_1_66' title="bbox 2164 1162 3744 1231; baseline -0.003 -12"><span class='ocrx_word' id='word_1_490' title='bbox 2164 1163 2469 1219; x_wconf 89' lang='lat' dir='ltr'><strong>dotaverint</strong></span> <span class='ocrx_word' id='word_1_491' title='bbox 2491 1203 2507 1227; x_wconf 93' lang='lat'><strong>,</strong></span> <span class='ocrx_word' id='word_1_492' title='bbox 2535 1162 2621 1218; x_wconf 89' lang='lat' dir='ltr'><strong>vel</strong></span> <span class='ocrx_word' id='word_1_493' title='bbox 2665 1162 2976 1231; x_wconf 86' lang='lat' dir='ltr'><strong>nnptialiter</strong></span> <span class='ocrx_word' id='word_1_494' title='bbox 3002 1177 3125 1217; x_wconf 91' lang='lat' dir='ltr'><strong>cum</strong></span> <span class='ocrx_word' id='word_1_495' title='bbox 3169 1176 3454 1216; x_wconf 85' lang='lat' dir='ltr'><strong>consensu</strong></span> <span class='ocrx_word' id='word_1_496' title='bbox 3485 1171 3744 1229; x_wconf 70' lang='lat' dir='ltr'><strong>parentum</strong></span> 
     </span>
    </p>
   </div>
   <div class='ocr_carea' id='block_1_67' title="bbox 2164 1249 3745 1321">
    <p class='ocr_par' dir='ltr' id='par_1_67' title="bbox 2164 1249 3745 1321">
     <span class='ocr_line' id='line_1_67' title="bbox 2164 1249 3745 1321; baseline -0.003 -14"><span class='ocrx_word' id='word_1_497' title='bbox 2164 1267 2385 1307; x_wconf 87' lang='lat' dir='ltr'><strong>suorum</strong></span> <span class='ocrx_word' id='word_1_498' title='bbox 2430 1251 2758 1321; x_wconf 90' lang='lat' dir='ltr'><strong>acceperint.</strong></span> <span class='ocrx_word' id='word_1_499' title='bbox 2815 1250 2873 1305; x_wconf 89' lang='lat' dir='ltr'><strong>Si</strong></span> <span class='ocrx_word' id='word_1_500' title='bbox 2920 1251 3043 1321; x_wconf 89' lang='lat' dir='ltr'><strong>quis</strong></span> <span class='ocrx_word' id='word_1_501' title='bbox 3084 1258 3268 1304; x_wconf 86' lang='lat' dir='ltr'><strong>autem</strong></span> <span class='ocrx_word' id='word_1_502' title='bbox 3301 1262 3546 1303; x_wconf 77' lang='lat' dir='ltr'><strong>uxorem</strong></span> <span class='ocrx_word' id='word_1_503' title='bbox 3577 1249 3745 1304; x_wconf 68' lang='lat' dir='ltr'><strong>habet:</strong></span> 
     </span>
    </p>
   </div>
   <div class='ocr_carea' id='block_1_68' title="bbox 2163 1340 3745 1411">
    <p class='ocr_par' dir='ltr' id='par_1_68' title="bbox 2163 1340 3745 1411">
     <span class='ocr_line' id='line_1_68' title="bbox 2163 1340 3745 1411; baseline -0.002 -14"><span class='ocrx_word' id='word_1_504' title='bbox 2163 1343 2423 1407; x_wconf 88' lang='lat' dir='ltr'><strong>voluerit,</strong></span> <span class='ocrx_word' id='word_1_505' title='bbox 2449 1342 2709 1397; x_wconf 90' lang='lat' dir='ltr'><strong>canonice</strong></span> <span class='ocrx_word' id='word_1_506' title='bbox 2737 1350 2792 1396; x_wconf 90' lang='lat' dir='ltr'><strong>et</strong></span> <span class='ocrx_word' id='word_1_507' title='bbox 2819 1341 3064 1411; x_wconf 88' lang='lat' dir='ltr'><strong>legaliter</strong></span> <span class='ocrx_word' id='word_1_508' title='bbox 3088 1356 3212 1396; x_wconf 87' lang='lat' dir='ltr'><strong>eam</strong></span> <span class='ocrx_word' id='word_1_509' title='bbox 3256 1340 3541 1409; x_wconf 84' lang='lat' dir='ltr'><strong>accipiat,</strong></span> <span class='ocrx_word' id='word_1_510' title='bbox 3568 1348 3623 1393; x_wconf 86' lang='lat' dir='ltr'><strong>et</strong></span> <span class='ocrx_word' id='word_1_511' title='bbox 3658 1354 3745 1394; x_wconf 74' lang='lat' dir='ltr'><strong>nea</strong></span> 
     </span>
    </p>
   </div>
   <div class='ocr_carea' id='block_1_69' title="bbox 2165 1430 3747 1505">
    <p class='ocr_par' dir='ltr' id='par_1_69' title="bbox 2165 1430 3747 1505">
     <span class='ocr_line' id='line_1_69' title="bbox 2165 1430 3747 1505; baseline -0.003 -15"><span class='ocrx_word' id='word_1_512' title='bbox 2165 1434 2360 1505; x_wconf 83' lang='lat' dir='ltr'><strong>rapiat.</strong></span> <span class='ocrx_word' id='word_1_513' title='bbox 2387 1434 2488 1501; x_wconf 89' lang='lat' dir='ltr'><strong>Qui</strong></span> <span class='ocrx_word' id='word_1_514' title='bbox 2515 1449 2644 1488; x_wconf 91' lang='lat' dir='ltr'><strong>vero</strong></span> <span class='ocrx_word' id='word_1_515' title='bbox 2669 1448 2789 1489; x_wconf 89' lang='lat' dir='ltr'><strong>eam</strong></span> <span class='ocrx_word' id='word_1_516' title='bbox 2814 1434 3075 1503; x_wconf 85' lang='lat' dir='ltr'><strong>rapuerit,</strong></span> <span class='ocrx_word' id='word_1_517' title='bbox 3101 1432 3191 1487; x_wconf 89' lang='lat' dir='ltr'><strong>vel</strong></span> <span class='ocrx_word' id='word_1_518' title='bbox 3219 1432 3447 1486; x_wconf 87' lang='lat' dir='ltr'><strong>furatus</strong></span> <span class='ocrx_word' id='word_1_519' title='bbox 3474 1430 3659 1495; x_wconf 85' lang='lat' dir='ltr'><strong>fuerit,</strong></span> <span class='ocrx_word' id='word_1_520' title='bbox 3673 1442 3747 1486; x_wconf 77' lang='lat' dir='ltr'><strong>ast</strong></span> 
     </span>
    </p>
   </div>
   <div class='ocr_carea' id='block_1_70' title="bbox 2165 1524 3749 1598">
    <p class='ocr_par' dir='ltr' id='par_1_70' title="bbox 2165 1524 3749 1598">
     <span class='ocr_line' id='line_1_70' title="bbox 2165 1524 3749 1598; baseline -0.004 -14"><span class='ocrx_word' id='word_1_521' title='bbox 2165 1528 2475 1594; x_wconf 77' lang='lat' dir='ltr'><strong>seduxerit,</strong></span> <span class='ocrx_word' id='word_1_522' title='bbox 2507 1543 2783 1598; x_wconf 88' lang='lat' dir='ltr'><strong>nunquam</strong></span> <span class='ocrx_word' id='word_1_523' title='bbox 2812 1542 2932 1582; x_wconf 90' lang='lat' dir='ltr'><strong>eam</strong></span> <span class='ocrx_word' id='word_1_524' title='bbox 2959 1542 3184 1583; x_wconf 79' lang='lat' dir='ltr'><strong>uxorem</strong></span> <span class='ocrx_word' id='word_1_525' title='bbox 3223 1526 3438 1581; x_wconf 86' lang='lat' dir='ltr'><strong>habeat</strong></span> <span class='ocrx_word' id='word_1_526' title='bbox 3460 1565 3477 1589; x_wconf 86' lang='lat'><strong>,</strong></span> <span class='ocrx_word' id='word_1_527' title='bbox 3520 1524 3614 1578; x_wconf 85' lang='lat' dir='ltr'><strong>sed</strong></span> <span class='ocrx_word' id='word_1_528' title='bbox 3651 1540 3749 1593; x_wconf 74' lang='grc' dir='ltr'><strong>βω-</strong></span> 
     </span>
    </p>
   </div>
   <div class='ocr_carea' id='block_1_71' title="bbox 2164 1616 3746 1690">
    <p class='ocr_par' dir='ltr' id='par_1_71' title="bbox 2164 1616 3746 1690">
     <span class='ocr_line' id='line_1_71' title="bbox 2164 1616 3746 1690; baseline -0.003 -15"><span class='ocrx_word' id='word_1_529' title='bbox 2164 1620 2381 1690; x_wconf 90' lang='lat' dir='ltr'><strong>pinquis</strong></span> <span class='ocrx_word' id='word_1_530' title='bbox 2404 1620 2516 1676; x_wconf 88' lang='lat' dir='ltr'><strong>suis</strong></span> <span class='ocrx_word' id='word_1_531' title='bbox 2541 1635 2661 1674; x_wconf 90' lang='lat' dir='ltr'><strong>eam</strong></span> <span class='ocrx_word' id='word_1_532' title='bbox 2691 1618 2898 1690; x_wconf 82' lang='lat' dir='ltr'><strong>legibus</strong></span> <span class='ocrx_word' id='word_1_533' title='bbox 2926 1619 3148 1683; x_wconf 90' lang='lat' dir='ltr'><strong>reddat,</strong></span> <span class='ocrx_word' id='word_1_534' title='bbox 3180 1627 3239 1673; x_wconf 89' lang='lat' dir='ltr'><strong>et</strong></span> <span class='ocrx_word' id='word_1_535' title='bbox 3267 1619 3324 1672; x_wconf 90' lang='lat' dir='ltr'><strong>in</strong></span> <span class='ocrx_word' id='word_1_536' title='bbox 3358 1617 3535 1687; x_wconf 86' lang='lat' dir='ltr'><strong>triplo</strong></span> <span class='ocrx_word' id='word_1_537' title='bbox 3557 1616 3746 1686; x_wconf 78' lang='lat' dir='ltr'><strong>plenum</strong></span> 
     </span>
    </p>
   </div>
   <div class='ocr_carea' id='block_1_72' title="bbox 2164 1708 3747 1780">
    <p class='ocr_par' dir='ltr' id='par_1_72' title="bbox 2164 1708 3747 1780">
     <span class='ocr_line' id='line_1_72' title="bbox 2164 1708 3747 1780; baseline -0.003 -15"><span class='ocrx_word' id='word_1_538' title='bbox 2164 1710 2400 1765; x_wconf 89' lang='lat' dir='ltr'><strong>bannum</strong></span> <span class='ocrx_word' id='word_1_539' title='bbox 2439 1709 2770 1766; x_wconf 89' lang='lat' dir='ltr'><strong>dominicum</strong></span> <span class='ocrx_word' id='word_1_540' title='bbox 2802 1718 3121 1780; x_wconf 88' lang='lat' dir='ltr'><strong>componat,</strong></span> <span class='ocrx_word' id='word_1_541' title='bbox 3150 1717 3204 1763; x_wconf 91' lang='lat' dir='ltr'><strong>et</strong></span> <span class='ocrx_word' id='word_1_542' title='bbox 3244 1708 3487 1777; x_wconf 87' lang='lat' dir='ltr'><strong>insuper</strong></span> <span class='ocrx_word' id='word_1_543' title='bbox 3515 1708 3747 1762; x_wconf 72' lang='lat' dir='ltr'><strong>canonice</strong></span> 
     </span>
    </p>
   </div>
   <div class='ocr_carea' id='block_1_73' title="bbox 2162 1798 3744 1871">
    <p class='ocr_par' dir='ltr' id='par_1_73' title="bbox 2162 1798 3744 1871">
     <span class='ocr_line' id='line_1_73' title="bbox 2162 1798 3744 1871; baseline -0.003 -16"><span class='ocrx_word' id='word_1_544' title='bbox 2162 1800 2433 1871; x_wconf 81' lang='lat' dir='ltr'><strong>publicam</strong></span> <span class='ocrx_word' id='word_1_545' title='bbox 2481 1799 2855 1870; x_wconf 78' lang='lat' dir='ltr'><strong>ptenitentiam</strong></span> <span class='ocrx_word' id='word_1_546' title='bbox 2884 1808 3055 1871; x_wconf 89' lang='lat' dir='ltr'><strong>gerat.</strong></span> <span class='ocrx_word' id='word_1_547' title='bbox 3099 1799 3182 1853; x_wconf 82' lang='lat' dir='ltr'><strong>Ad</strong></span> <span class='ocrx_word' id='word_1_548' title='bbox 3230 1798 3386 1869; x_wconf 88' lang='lat' dir='ltr'><strong>quod</strong></span> <span class='ocrx_word' id='word_1_549' title='bbox 3428 1811 3625 1853; x_wconf 87' lang='lat' dir='ltr'><strong>omnes</strong></span> <span class='ocrx_word' id='word_1_550' title='bbox 3661 1811 3744 1850; x_wconf 74' lang='lat' dir='ltr'><strong>an</strong></span> 
     </span>
    </p>
   </div>
   <div class='ocr_carea' id='block_1_74' title="bbox 2162 1886 3744 1947">
    <p class='ocr_par' dir='ltr' id='par_1_74' title="bbox 2162 1886 3744 1947">
     <span class='ocr_line' id='line_1_74' title="bbox 2162 1886 3744 1947; baseline -0.003 -3"><span class='ocrx_word' id='word_1_551' title='bbox 2162 1905 2295 1947; x_wconf 89' lang='lat' dir='ltr'><strong>voce</strong></span> <span class='ocrx_word' id='word_1_552' title='bbox 2336 1891 2710 1946; x_wconf 89' lang='lat' dir='ltr'><strong>clamaverunt</strong></span> <span class='ocrx_word' id='word_1_553' title='bbox 2750 1891 2992 1945; x_wconf 88' lang='lat' dir='ltr'><strong>dicentes</strong></span> <span class='ocrx_word' id='word_1_554' title='bbox 3030 1908 3044 1944; x_wconf 93' lang='lat'>:</span> <span class='ocrx_word' id='word_1_555' title='bbox 3083 1889 3193 1945; x_wconf 86' lang='lat' dir='ltr'><strong>Ista</strong></span> <span class='ocrx_word' id='word_1_556' title='bbox 3224 1904 3431 1944; x_wconf 88' lang='lat' dir='ltr'><strong>omnes</strong></span> <span class='ocrx_word' id='word_1_557' title='bbox 3465 1897 3650 1943; x_wconf 85' lang='lat' dir='ltr'><strong>tenere</strong></span> <span class='ocrx_word' id='word_1_558' title='bbox 3673 1886 3744 1940; x_wconf 73' lang='lat' dir='ltr'><strong>ﬁr-</strong></span> 
     </span>
    </p>
   </div>
   <div class='ocr_carea' id='block_1_75' title="bbox 2162 1978 3744 2050">
    <p class='ocr_par' dir='ltr' id='par_1_75' title="bbox 2162 1978 3744 2050">
     <span class='ocr_line' id='line_1_75' title="bbox 2162 1978 3744 2050; baseline -0.002 -14"><span class='ocrx_word' id='word_1_559' title='bbox 2162 1981 2325 2036; x_wconf 88' lang='lat' dir='ltr'><strong>miter</strong></span> <span class='ocrx_word' id='word_1_560' title='bbox 2345 1980 2614 2046; x_wconf 89' lang='lat' dir='ltr'><strong>volumus,</strong></span> <span class='ocrx_word' id='word_1_561' title='bbox 2637 1988 2693 2036; x_wconf 92' lang='lat' dir='ltr'><strong>et</strong></span> <span class='ocrx_word' id='word_1_562' title='bbox 2721 1981 2775 2036; x_wconf 91' lang='lat' dir='ltr'><strong>in</strong></span> <span class='ocrx_word' id='word_1_563' title='bbox 2803 1989 3124 2050; x_wconf 87' lang='lat' dir='ltr'><strong>perpetuum</strong></span> <span class='ocrx_word' id='word_1_564' title='bbox 3161 1980 3232 2035; x_wconf 88' lang='lat' dir='ltr'><strong>ab</strong></span> <span class='ocrx_word' id='word_1_565' title='bbox 3260 1978 3533 2035; x_wconf 81' lang='lat' dir='ltr'><strong>omnibus</strong></span> <span class='ocrx_word' id='word_1_566' title='bbox 3556 1992 3744 2033; x_wconf 79' lang='lat' dir='ltr'><strong>conser-</strong></span> 
     </span>
    </p>
   </div>
   <div class='ocr_carea' id='block_1_76' title="bbox 2160 2071 2578 2143">
    <p class='ocr_par' dir='ltr' id='par_1_76' title="bbox 2160 2071 2578 2143">
     <span class='ocr_line' id='line_1_76' title="bbox 2160 2071 2578 2143; baseline 0.005 -19"><span class='ocrx_word' id='word_1_567' title='bbox 2160 2071 2277 2126; x_wconf 88' lang='lat' dir='ltr'><strong>vari</strong></span> <span class='ocrx_word' id='word_1_568' title='bbox 2307 2079 2578 2143; x_wconf 88' lang='lat' dir='ltr'><strong>optamus.</strong></span> 
     </span>
    </p>
   </div>
   <div class='ocr_carea' id='block_1_77' title="bbox 2684 2181 3206 2239">
    <p class='ocr_par' dir='ltr' id='par_1_77' title="bbox 2684 2181 3206 2239">
     <span class='ocr_line' id='line_1_77' title="bbox 2684 2181 3206 2239; baseline 0.004 -3"><span class='ocrx_word' id='word_1_569' title='bbox 2684 2181 2816 2237; x_wconf 84' lang='lat' dir='ltr'><strong>TIT</strong></span> <span class='ocrx_word' id='word_1_570' title='bbox 2842 2182 3059 2239; x_wconf 85' lang='lat' dir='ltr'><strong>ULUS</strong></span> <span class='ocrx_word' id='word_1_571' title='bbox 3107 2182 3206 2239; x_wconf 78' lang='lat' dir='ltr'><strong>Vl.</strong></span> 
     </span>
    </p>
   </div>
   <div class='ocr_carea' id='block_1_78' title="bbox 2745 2312 3154 2354">
    <p class='ocr_par' dir='ltr' id='par_1_78' title="bbox 2745 2312 3154 2354">
     <span class='ocr_line' id='line_1_78' title="bbox 2745 2312 3154 2354; baseline 0.01 -4"><span class='ocrx_word' id='word_1_572' title='bbox 2745 2312 2811 2351; x_wconf 78' lang='grc' dir='ltr'>υε</span> <span class='ocrx_word' id='word_1_573' title='bbox 2846 2312 3011 2353; x_wconf 70' lang='grc' dir='ltr'><strong>ΒΑΡΔΕ</strong></span> <span class='ocrx_word' id='word_1_574' title='bbox 3017 2313 3154 2354; x_wconf 74' lang='lat' dir='ltr'><strong>IBUS.</strong></span> 
     </span>
    </p>
   </div>
   <div class='ocr_carea' id='block_1_79' title="bbox 2196 2385 3710 2471">
    <p class='ocr_par' dir='ltr' id='par_1_79' title="bbox 2196 2385 3710 2471">
     <span class='ocr_line' id='line_1_79' title="bbox 2196 2385 3710 2471; baseline 0.003 -29"><span class='ocrx_word' id='word_1_575' title='bbox 2196 2385 2328 2443; x_wconf 71' lang='lat' dir='ltr'><strong>CAP.</strong></span> <span class='ocrx_word' id='word_1_576' title='bbox 2363 2385 2407 2443; x_wconf 85' lang='grc' dir='ltr'><strong>Ι.</strong></span> <span class='ocrx_word' id='word_1_577' title='bbox 2443 2385 2522 2443; x_wconf 78' lang='lat' dir='ltr'><strong>De</strong></span> <span class='ocrx_word' id='word_1_578' title='bbox 2557 2388 2639 2444; x_wconf 78' lang='lat' dir='ltr'><strong>Itis</strong></span> <span class='ocrx_word' id='word_1_579' title='bbox 2674 2390 2765 2461; x_wconf 85' lang='lat' dir='ltr'><strong>qui</strong></span> <span class='ocrx_word' id='word_1_580' title='bbox 2800 2390 2946 2459; x_wconf 77' lang='lat' dir='ltr'><strong>infra</strong></span> <span class='ocrx_word' id='word_1_581' title='bbox 2987 2407 3204 2471; x_wconf 61' lang='lat' dir='ltr'><strong>regnum</strong></span> <span class='ocrx_word' id='word_1_582' title='bbox 3249 2407 3349 2460; x_wconf 81' lang='lat' dir='ltr'><strong>per</strong></span> <span class='ocrx_word' id='word_1_583' title='bbox 3383 2390 3497 2446; x_wconf 73' lang='lat' dir='ltr'><strong>vim</strong></span> <span class='ocrx_word' id='word_1_584' title='bbox 3531 2391 3710 2462; x_wconf 56' lang='lat' dir='ltr'><strong>aliqui</strong></span> 
     </span>
    </p>
   </div>
   <div class='ocr_carea' id='block_1_80' title="bbox 2814 2472 3105 2530">
    <p class='ocr_par' dir='ltr' id='par_1_80' title="bbox 2814 2472 3105 2530">
     <span class='ocr_line' id='line_1_80' title="bbox 2814 2472 3105 2530; baseline 0.003 -17"><span class='ocrx_word' id='word_1_585' title='bbox 2814 2472 3105 2530; x_wconf 81' lang='lat' dir='ltr'><strong>rapuermt.</strong></span> 
     </span>
    </p>
   </div>
   <div class='ocr_carea' id='block_1_81' title="bbox 2574 2546 3364 2621">
    <p class='ocr_par' dir='ltr' id='par_1_81' title="bbox 2574 2546 3364 2621">
     <span class='ocr_line' id='line_1_81' title="bbox 2574 2546 3364 2621; baseline 0.005 -20"><span class='ocrx_word' id='word_1_586' title='bbox 2574 2547 2653 2602; x_wconf 78' lang='lat' dir='ltr'><strong>Ex</strong></span> <span class='ocrx_word' id='word_1_587' title='bbox 2693 2546 2832 2604; x_wconf 87' lang='lat' dir='ltr'><strong>libro</strong></span> <span class='ocrx_word' id='word_1_588' title='bbox 2865 2564 2917 2615; x_wconf 92' lang='lat' dir='ltr'><strong>v,</strong></span> <span class='ocrx_word' id='word_1_589' title='bbox 2958 2549 3196 2621; x_wconf 87' lang='lat' dir='ltr'><strong>capitulo</strong></span> <span class='ocrx_word' id='word_1_590' title='bbox 3232 2550 3364 2605; x_wconf 72' lang='lat' dir='ltr'><strong>5H.</strong></span> 
     </span>
    </p>
   </div>
   <div class='ocr_carea' id='block_1_82' title="bbox 2232 2659 3736 2736">
    <p class='ocr_par' dir='ltr' id='par_1_82' title="bbox 2232 2659 3736 2736">
     <span class='ocr_line' id='line_1_82' title="bbox 2232 2659 3736 2736; baseline 0.003 -20"><span class='ocrx_word' id='word_1_591' title='bbox 2232 2660 2375 2731; x_wconf 88' lang='lat' dir='ltr'><strong>(Lib.</strong></span> <span class='ocrx_word' id='word_1_592' title='bbox 2405 2677 2440 2715; x_wconf 83' lang='lat' dir='ltr'><strong>v</strong></span> <span class='ocrx_word' id='word_1_593' title='bbox 2464 2659 2783 2733; x_wconf 82' lang='lat' dir='ltr'><strong>Capitular.,</strong></span> <span class='ocrx_word' id='word_1_594' title='bbox 2825 2678 2945 2732; x_wconf 89' lang='lat' dir='ltr'><strong>cap.</strong></span> <span class='ocrx_word' id='word_1_595' title='bbox 2976 2664 3124 2736; x_wconf 77' lang='grc'><strong>189.)</strong></span> <span class='ocrx_word' id='word_1_596' title='bbox 3164 2663 3222 2719; x_wconf 92' lang='lat' dir='ltr'><strong>Si</strong></span> <span class='ocrx_word' id='word_1_597' title='bbox 3255 2666 3382 2735; x_wconf 88' lang='lat' dir='ltr'><strong>quis</strong></span> <span class='ocrx_word' id='word_1_598' title='bbox 3419 2666 3478 2720; x_wconf 88' lang='lat' dir='ltr'><strong>in</strong></span> <span class='ocrx_word' id='word_1_599' title='bbox 3519 2665 3736 2721; x_wconf 62' lang='lat' dir='ltr'><strong>eserdﬂ</strong></span> 
     </span>
    </p>
   </div>
   <div class='ocr_carea' id='block_1_83' title="bbox 2160 2751 3739 2831">
    <p class='ocr_par' dir='ltr' id='par_1_83' title="bbox 2160 2751 3739 2831">
     <span class='ocr_line' id='line_1_83' title="bbox 2160 2751 3739 2831; baseline 0.004 -26"><span class='ocrx_word' id='word_1_600' title='bbox 2160 2751 2303 2806; x_wconf 88' lang='lat' dir='ltr'><strong>infra</strong></span> <span class='ocrx_word' id='word_1_601' title='bbox 2328 2754 2593 2822; x_wconf 88' lang='lat' dir='ltr'><strong>‘regnum,</strong></span> <span class='ocrx_word' id='word_1_602' title='bbox 2621 2753 2740 2808; x_wconf 89' lang='lat' dir='ltr'><strong>sine</strong></span> <span class='ocrx_word' id='word_1_603' title='bbox 2773 2752 3017 2831; x_wconf 77' lang='lat' dir='ltr'><strong>iussione</strong></span> <span class='ocrx_word' id='word_1_604' title='bbox 3055 2755 3353 2818; x_wconf 87' lang='lat' dir='ltr'><strong>dominica,</strong></span> <span class='ocrx_word' id='word_1_605' title='bbox 3396 2772 3501 2827; x_wconf 87' lang='lat' dir='ltr'><strong>per</strong></span> <span class='ocrx_word' id='word_1_606' title='bbox 3536 2758 3638 2811; x_wconf 87' lang='lat' dir='ltr'><strong>vim</strong></span> <span class='ocrx_word' id='word_1_607' title='bbox 3660 2758 3739 2812; x_wconf 77' lang='lat' dir='ltr'><strong>bo-</strong></span> 
     </span>
    </p>
   </div>
   <div class='ocr_carea' id='block_1_84' title="bbox 2161 2844 3734 2914">
    <p class='ocr_par' dir='ltr' id='par_1_84' title="bbox 2161 2844 3734 2914">
     <span class='ocr_line' id='line_1_84' title="bbox 2161 2844 3734 2914; baseline 0.005 -15"><span class='ocrx_word' id='word_1_608' title='bbox 2161 2844 2336 2899; x_wconf 91' lang='lat' dir='ltr'><strong>stilem</strong></span> <span class='ocrx_word' id='word_1_609' title='bbox 2367 2844 2571 2914; x_wconf 89' lang='lat' dir='ltr'><strong>aliquid</strong></span> <span class='ocrx_word' id='word_1_610' title='bbox 2608 2845 2841 2914; x_wconf 71' lang='lat' dir='ltr'><strong>praedari</strong></span> <span class='ocrx_word' id='word_1_611' title='bbox 2869 2846 3129 2912; x_wconf 88' lang='lat' dir='ltr'><strong>voluerit,</strong></span> <span class='ocrx_word' id='word_1_612' title='bbox 3169 2855 3267 2901; x_wconf 88' lang='lat' dir='ltr'><strong>aut</strong></span> <span class='ocrx_word' id='word_1_613' title='bbox 3313 2848 3507 2902; x_wconf 87' lang='lat' dir='ltr'><strong>fenum</strong></span> <span class='ocrx_word' id='word_1_614' title='bbox 3554 2849 3734 2907; x_wconf 69' lang='lat' dir='ltr'><strong>tollere.</strong></span> 
     </span>
    </p>
   </div>
   <div class='ocr_carea' id='block_1_85' title="bbox 2158 2936 3739 3008">
    <p class='ocr_par' dir='ltr' id='par_1_85' title="bbox 2158 2936 3739 3008">
     <span class='ocr_line' id='line_1_85' title="bbox 2158 2936 3739 3008; baseline 0.004 -18"><span class='ocrx_word' id='word_1_615' title='bbox 2158 2946 2253 2990; x_wconf 88' lang='lat' dir='ltr'><strong>aut</strong></span> <span class='ocrx_word' id='word_1_616' title='bbox 2278 2950 2506 3008; x_wconf 87' lang='lat' dir='ltr'><strong>granum</strong></span> <span class='ocrx_word' id='word_1_617' title='bbox 2525 2976 2541 3001; x_wconf 88' lang='lat'><strong>,</strong></span> <span class='ocrx_word' id='word_1_618' title='bbox 2568 2936 2682 2991; x_wconf 90' lang='lat' dir='ltr'><strong>sive</strong></span> <span class='ocrx_word' id='word_1_619' title='bbox 2705 2950 2903 3006; x_wconf 87' lang='lat' dir='ltr'><strong>pecora</strong></span> <span class='ocrx_word' id='word_1_620' title='bbox 2932 2936 3138 3006; x_wconf 87' lang='lat' dir='ltr'><strong>majora</strong></span> <span class='ocrx_word' id='word_1_621' title='bbox 3163 2938 3253 2994; x_wconf 85' lang='lat' dir='ltr'><strong>vel</strong></span> <span class='ocrx_word' id='word_1_622' title='bbox 3276 2939 3524 3004; x_wconf 85' lang='lat' dir='ltr'><strong>minora,</strong></span> <span class='ocrx_word' id='word_1_623' title='bbox 3546 2941 3739 2997; x_wconf 72' lang='lat' dir='ltr'><strong>donius-</strong></span> 
     </span>
    </p>
   </div>
   <div class='ocr_carea' id='block_1_86' title="bbox 2159 3028 3738 3099">
    <p class='ocr_par' dir='ltr' id='par_1_86' title="bbox 2159 3028 3738 3099">
     <span class='ocr_line' id='line_1_86' title="bbox 2159 3028 3738 3099; baseline 0.006 -18"><span class='ocrx_word' id='word_1_624' title='bbox 2159 3042 2265 3098; x_wconf 89' lang='lat' dir='ltr'><strong>que</strong></span> <span class='ocrx_word' id='word_1_625' title='bbox 2290 3028 2586 3099; x_wconf 83' lang='lat' dir='ltr'><strong>infringere</strong></span> <span class='ocrx_word' id='word_1_626' title='bbox 2615 3029 2699 3084; x_wconf 89' lang='lat' dir='ltr'><strong>vel</strong></span> <span class='ocrx_word' id='word_1_627' title='bbox 2745 3031 3054 3096; x_wconf 87' lang='lat' dir='ltr'><strong>incendere,</strong></span> <span class='ocrx_word' id='word_1_628' title='bbox 3086 3033 3205 3088; x_wconf 73' lang='lat' dir='ltr'><strong>haec</strong></span> <span class='ocrx_word' id='word_1_629' title='bbox 3249 3048 3321 3088; x_wconf 89' lang='lat' dir='ltr'><strong>ne</strong></span> <span class='ocrx_word' id='word_1_630' title='bbox 3361 3034 3503 3088; x_wconf 83' lang='lat' dir='ltr'><strong>ﬁant</strong></span> <span class='ocrx_word' id='word_1_631' title='bbox 3540 3037 3738 3090; x_wconf 64' lang='lat' dir='ltr'><strong>omnia</strong></span> 
     </span>
    </p>
   </div>
   <div class='ocr_carea' id='block_1_87' title="bbox 2085 3105 3735 3193">
    <p class='ocr_par' dir='ltr' id='par_1_87' title="bbox 2085 3105 3735 3193">
     <span class='ocr_line' id='line_1_87' title="bbox 2085 3105 3735 3193; baseline 0.005 -23"><span class='ocrx_word' id='word_1_632' title='bbox 2085 3105 2130 3170; x_wconf 88' lang='lat' dir='ltr'><strong><em>C</em></strong></span> <span class='ocrx_word' id='word_1_633' title='bbox 2160 3119 2529 3186; x_wconf 88' lang='lat' dir='ltr'><strong>prohibemus.</strong></span> <span class='ocrx_word' id='word_1_634' title='bbox 2555 3118 2707 3185; x_wconf 84' lang='lat' dir='ltr'><strong>Quod</strong></span> <span class='ocrx_word' id='word_1_635' title='bbox 2734 3120 2779 3174; x_wconf 90' lang='lat' dir='ltr'><strong>si</strong></span> <span class='ocrx_word' id='word_1_636' title='bbox 2806 3119 2881 3175; x_wconf 79' lang='lat' dir='ltr'><strong>alt</strong></span> <span class='ocrx_word' id='word_1_637' title='bbox 2902 3120 3083 3191; x_wconf 89' lang='lat' dir='ltr'><strong>aliquo</strong></span> <span class='ocrx_word' id='word_1_638' title='bbox 3108 3125 3531 3193; x_wconf 66' lang='lat' dir='ltr'><strong>praesumptiose</strong></span> <span class='ocrx_word' id='word_1_639' title='bbox 3556 3124 3735 3179; x_wconf 63' lang='lat' dir='ltr'><strong>facta:</strong></span> 
     </span>
    </p>
   </div>
   <div class='ocr_carea' id='block_1_88' title="bbox 2159 3204 3737 3282">
    <p class='ocr_par' dir='ltr' id='par_1_88' title="bbox 2159 3204 3737 3282">
     <span class='ocr_line' id='line_1_88' title="bbox 2159 3204 3737 3282; baseline 0.006 -22"><span class='ocrx_word' id='word_1_640' title='bbox 2159 3204 2341 3271; x_wconf 88' lang='lat' dir='ltr'><strong>fuerit,</strong></span> <span class='ocrx_word' id='word_1_641' title='bbox 2369 3222 2438 3261; x_wconf 74' lang='lat' dir='ltr'><strong>Ls</strong></span> <span class='ocrx_word' id='word_1_642' title='bbox 2471 3206 2694 3273; x_wconf 88' lang='lat' dir='ltr'><strong>solidos,</strong></span> <span class='ocrx_word' id='word_1_643' title='bbox 2727 3209 2774 3264; x_wconf 90' lang='lat' dir='ltr'><strong>si</strong></span> <span class='ocrx_word' id='word_1_644' title='bbox 2801 3209 2938 3265; x_wconf 90' lang='lat' dir='ltr'><strong>liber</strong></span> <span class='ocrx_word' id='word_1_645' title='bbox 2960 3220 3074 3277; x_wconf 89' lang='lat' dir='ltr'><strong>est,</strong></span> <span class='ocrx_word' id='word_1_646' title='bbox 3105 3213 3177 3266; x_wconf 91' lang='lat' dir='ltr'><strong>sit</strong></span> <span class='ocrx_word' id='word_1_647' title='bbox 3203 3212 3530 3282; x_wconf 88' lang='lat' dir='ltr'><strong>culpabilis,</strong></span> <span class='ocrx_word' id='word_1_648' title='bbox 3554 3226 3608 3270; x_wconf 88' lang='lat' dir='ltr'><strong>et</strong></span> <span class='ocrx_word' id='word_1_649' title='bbox 3638 3230 3737 3269; x_wconf 78' lang='lat' dir='ltr'><strong>om-</strong></span> 
     </span>
    </p>
   </div>
   <div class='ocr_carea' id='block_1_89' title="bbox 2157 3297 3733 3374">
    <p class='ocr_par' dir='ltr' id='par_1_89' title="bbox 2157 3297 3733 3374">
     <span class='ocr_line' id='line_1_89' title="bbox 2157 3297 3733 3374; baseline 0.006 -23"><span class='ocrx_word' id='word_1_650' title='bbox 2157 3297 2247 3352; x_wconf 88' lang='lat' dir='ltr'><strong>nia</strong></span> <span class='ocrx_word' id='word_1_651' title='bbox 2277 3298 2476 3352; x_wconf 90' lang='lat' dir='ltr'><strong>similia</strong></span> <span class='ocrx_word' id='word_1_652' title='bbox 2505 3299 2799 3365; x_wconf 87' lang='lat' dir='ltr'><strong>restituat,</strong></span> <span class='ocrx_word' id='word_1_653' title='bbox 2836 3308 2931 3355; x_wconf 89' lang='lat' dir='ltr'><strong>aut</strong></span> <span class='ocrx_word' id='word_1_654' title='bbox 2956 3301 3242 3357; x_wconf 86' lang='lat' dir='ltr'><strong>duodecim</strong></span> <span class='ocrx_word' id='word_1_655' title='bbox 3269 3304 3504 3359; x_wconf 87' lang='lat' dir='ltr'><strong>testibus</strong></span> <span class='ocrx_word' id='word_1_656' title='bbox 3537 3319 3596 3359; x_wconf 87' lang='lat' dir='ltr'><strong>se</strong></span> <span class='ocrx_word' id='word_1_657' title='bbox 3621 3319 3733 3374; x_wconf 85' lang='lat' dir='ltr'><strong>pur-</strong></span> 
     </span>
    </p>
   </div>
   <div class='ocr_carea' id='block_1_90' title="bbox 2156 3390 3734 3464">
    <p class='ocr_par' dir='ltr' id='par_1_90' title="bbox 2156 3390 3734 3464">
     <span class='ocr_line' id='line_1_90' title="bbox 2156 3390 3734 3464; baseline 0.004 -19"><span class='ocrx_word' id='word_1_658' title='bbox 2156 3400 2263 3462; x_wconf 88' lang='lat' dir='ltr'><strong>get.</strong></span> <span class='ocrx_word' id='word_1_659' title='bbox 2290 3390 2348 3447; x_wconf 91' lang='lat' dir='ltr'><strong>Si</strong></span> <span class='ocrx_word' id='word_1_660' title='bbox 2373 3406 2501 3446; x_wconf 90' lang='lat' dir='ltr'><strong>vero</strong></span> <span class='ocrx_word' id='word_1_661' title='bbox 2530 3407 2721 3447; x_wconf 86' lang='lat' dir='ltr'><strong>servus</strong></span> <span class='ocrx_word' id='word_1_662' title='bbox 2748 3392 2852 3447; x_wconf 89' lang='lat' dir='ltr'><strong>hoc</strong></span> <span class='ocrx_word' id='word_1_663' title='bbox 2881 3392 3071 3450; x_wconf 80' lang='lat' dir='ltr'><strong>fecerit</strong></span> <span class='ocrx_word' id='word_1_664' title='bbox 3092 3435 3106 3458; x_wconf 91' lang='lat'><strong>,</strong></span> <span class='ocrx_word' id='word_1_665' title='bbox 3139 3395 3359 3464; x_wconf 89' lang='lat' dir='ltr'><strong>capitali</strong></span> <span class='ocrx_word' id='word_1_666' title='bbox 3384 3396 3603 3451; x_wconf 86' lang='lat' dir='ltr'><strong>crimini</strong></span> <span class='ocrx_word' id='word_1_667' title='bbox 3628 3396 3734 3450; x_wconf 81' lang='lat' dir='ltr'><strong>sub-</strong></span> 
     </span>
    </p>
   </div>
   <div class='ocr_carea' id='block_1_91' title="bbox 2150 3482 3734 3560">
    <p class='ocr_par' dir='ltr' id='par_1_91' title="bbox 2150 3482 3734 3560">
     <span class='ocr_line' id='line_1_91' title="bbox 2150 3482 3734 3560; baseline 0.005 -23"><span class='ocrx_word' id='word_1_668' title='bbox 2150 3482 2354 3553; x_wconf 89' lang='lat' dir='ltr'><strong>jaceat,</strong></span> <span class='ocrx_word' id='word_1_669' title='bbox 2381 3492 2438 3538; x_wconf 90' lang='lat' dir='ltr'><strong>et</strong></span> <span class='ocrx_word' id='word_1_670' title='bbox 2460 3484 2712 3539; x_wconf 90' lang='lat' dir='ltr'><strong>dominus</strong></span> <span class='ocrx_word' id='word_1_671' title='bbox 2744 3487 2926 3541; x_wconf 89' lang='lat' dir='ltr'><strong>omnia</strong></span> <span class='ocrx_word' id='word_1_672' title='bbox 2949 3487 3145 3542; x_wconf 87' lang='lat' dir='ltr'><strong>similia</strong></span> <span class='ocrx_word' id='word_1_673' title='bbox 3175 3489 3452 3553; x_wconf 85' lang='lat' dir='ltr'><strong>restituat,</strong></span> <span class='ocrx_word' id='word_1_674' title='bbox 3484 3491 3613 3560; x_wconf 82' lang='lat' dir='ltr'><strong>quia</strong></span> <span class='ocrx_word' id='word_1_675' title='bbox 3636 3504 3734 3544; x_wconf 79' lang='lat' dir='ltr'><strong>ser-</strong></span> 
     </span>
    </p>
   </div>
   <div class='ocr_carea' id='block_1_92' title="bbox 2155 3578 3731 3646">
    <p class='ocr_par' dir='ltr' id='par_1_92' title="bbox 2155 3578 3731 3646">
     <span class='ocr_line' id='line_1_92' title="bbox 2155 3578 3731 3646; baseline 0.006 -19"><span class='ocrx_word' id='word_1_676' title='bbox 2155 3589 2283 3628; x_wconf 90' lang='lat' dir='ltr'><strong>vum</strong></span> <span class='ocrx_word' id='word_1_677' title='bbox 2312 3590 2468 3630; x_wconf 89' lang='lat' dir='ltr'><strong>suum</strong></span> <span class='ocrx_word' id='word_1_678' title='bbox 2498 3589 2605 3630; x_wconf 90' lang='lat' dir='ltr'><strong>non</strong></span> <span class='ocrx_word' id='word_1_679' title='bbox 2635 3578 2893 3643; x_wconf 82' lang='lat' dir='ltr'><strong>correxit,</strong></span> <span class='ocrx_word' id='word_1_680' title='bbox 2921 3593 3021 3634; x_wconf 92' lang='lat' dir='ltr'><strong>nec</strong></span> <span class='ocrx_word' id='word_1_681' title='bbox 3048 3579 3369 3646; x_wconf 87' lang='lat' dir='ltr'><strong>custodivit,</strong></span> <span class='ocrx_word' id='word_1_682' title='bbox 3402 3591 3464 3636; x_wconf 91' lang='lat' dir='ltr'><strong>ut</strong></span> <span class='ocrx_word' id='word_1_683' title='bbox 3491 3582 3616 3637; x_wconf 85' lang='lat' dir='ltr'><strong>talia</strong></span> <span class='ocrx_word' id='word_1_684' title='bbox 3641 3597 3731 3636; x_wconf 69' lang='lat' dir='ltr'><strong>nm</strong></span> 
     </span>
    </p>
   </div>
   <div class='ocr_carea' id='block_1_93' title="bbox 2154 3667 3735 3740">
    <p class='ocr_par' dir='ltr' id='par_1_93' title="bbox 2154 3667 3735 3740">
     <span class='ocr_line' id='line_1_93' title="bbox 2154 3667 3735 3740; baseline 0.005 -21"><span class='ocrx_word' id='word_1_685' title='bbox 2154 3674 2510 3737; x_wconf 88' lang='lat' dir='ltr'><strong>perpetraret.</strong></span> <span class='ocrx_word' id='word_1_686' title='bbox 2561 3667 2715 3730; x_wconf 87' lang='lat' dir='ltr'><strong>Ouod</strong></span> <span class='ocrx_word' id='word_1_687' title='bbox 2765 3668 2827 3722; x_wconf 75' lang='lat' dir='ltr'><strong>si“</strong></span> <span class='ocrx_word' id='word_1_688' title='bbox 2862 3682 2962 3724; x_wconf 89' lang='lat' dir='ltr'><strong>nos</strong></span> <span class='ocrx_word' id='word_1_689' title='bbox 3016 3670 3166 3740; x_wconf 86' lang='lat' dir='ltr'><strong>ipsos</strong></span> <span class='ocrx_word' id='word_1_690' title='bbox 3218 3673 3599 3737; x_wconf 87' lang='lat' dir='ltr'><strong>comedimus,</strong></span> <span class='ocrx_word' id='word_1_691' title='bbox 3641 3674 3735 3727; x_wconf 82' lang='lat' dir='ltr'><strong>cito</strong></span> 
     </span>
    </p>
   </div>
   <div class='ocr_carea' id='block_1_94' title="bbox 2155 3756 3735 3829">
    <p class='ocr_par' dir='ltr' id='par_1_94' title="bbox 2155 3756 3735 3829">
     <span class='ocr_line' id='line_1_94' title="bbox 2155 3756 3735 3829; baseline 0.004 -17"><span class='ocrx_word' id='word_1_692' title='bbox 2155 3756 2490 3813; x_wconf 78' lang='lat' dir='ltr'><strong>deﬁciemus.</strong></span> <span class='ocrx_word' id='word_1_693' title='bbox 2542 3756 2925 3829; x_wconf 90' lang='lat' dir='ltr'><strong>Unusquisque</strong></span> <span class='ocrx_word' id='word_1_694' title='bbox 2985 3770 3166 3816; x_wconf 90' lang='lat' dir='ltr'><strong>tamen</strong></span> <span class='ocrx_word' id='word_1_695' title='bbox 3222 3764 3503 3819; x_wconf 84' lang='lat' dir='ltr'><strong>custodiat</strong></span> <span class='ocrx_word' id='word_1_696' title='bbox 3550 3765 3735 3818; x_wconf 75' lang='lat' dir='ltr'><strong>exerci-</strong></span> 
     </span>
    </p>
   </div>
   <div class='ocr_carea' id='block_1_95' title="bbox 2158 3848 3732 3926">
    <p class='ocr_par' dir='ltr' id='par_1_95' title="bbox 2158 3848 3732 3926">
     <span class='ocr_line' id='line_1_95' title="bbox 2158 3848 3732 3926; baseline 0.006 -26"><span class='ocrx_word' id='word_1_697' title='bbox 2158 3855 2270 3901; x_wconf 90' lang='lat' dir='ltr'><strong>tum</strong></span> <span class='ocrx_word' id='word_1_698' title='bbox 2329 3862 2484 3902; x_wconf 89' lang='lat' dir='ltr'><strong>suum</strong></span> <span class='ocrx_word' id='word_1_699' title='bbox 2510 3886 2526 3914; x_wconf 93' lang='lat'><strong>,</strong></span> <span class='ocrx_word' id='word_1_700' title='bbox 2580 3865 2650 3904; x_wconf 85' lang='lat' dir='ltr'><strong>ne</strong></span> <span class='ocrx_word' id='word_1_701' title='bbox 2702 3848 2882 3919; x_wconf 83' lang='lat' dir='ltr'><strong>aliqua</strong></span> <span class='ocrx_word' id='word_1_702' title='bbox 2938 3850 3270 3921; x_wconf 63' lang='lat' dir='ltr'><strong>depraedatio</strong></span> <span class='ocrx_word' id='word_1_703' title='bbox 3323 3853 3469 3908; x_wconf 78' lang='lat' dir='ltr'><strong>intra</strong></span> <span class='ocrx_word' id='word_1_704' title='bbox 3524 3870 3732 3926; x_wconf 76' lang='lat' dir='ltr'><strong>regnum</strong></span> 
     </span>
    </p>
   </div>
   <div class='ocr_carea' id='block_1_96' title="bbox 2154 3936 2270 3993">
    <p class='ocr_par' dir='ltr' id='par_1_96' title="bbox 2154 3936 2270 3993">
     <span class='ocr_line' id='line_1_96' title="bbox 2154 3936 2270 3993; baseline 0.009 -2"><span class='ocrx_word' id='word_1_705' title='bbox 2154 3936 2270 3993; x_wconf 87' lang='lat' dir='ltr'><strong>ﬁat.</strong></span> 
     </span>
    </p>
   </div>
   <div class='ocr_carea' id='block_1_97' title="bbox 2154 4070 3730 4150">
    <p class='ocr_par' dir='ltr' id='par_1_97' title="bbox 2154 4070 3730 4150">
     <span class='ocr_line' id='line_1_97' title="bbox 2154 4070 3730 4150; baseline 0.004 -23"><span class='ocrx_word' id='word_1_706' title='bbox 2154 4070 2281 4127; x_wconf 75' lang='lat' dir='ltr'><strong>Car.</strong></span> <span class='ocrx_word' id='word_1_707' title='bbox 2320 4071 2391 4126; x_wconf 86' lang='lat' dir='ltr'><strong>ll.</strong></span> <span class='ocrx_word' id='word_1_708' title='bbox 2428 4071 2507 4127; x_wconf 87' lang='lat' dir='ltr'><strong>De</strong></span> <span class='ocrx_word' id='word_1_709' title='bbox 2542 4073 2624 4127; x_wconf 83' lang='lat' dir='ltr'><strong>his</strong></span> <span class='ocrx_word' id='word_1_710' title='bbox 2661 4074 2751 4143; x_wconf 83' lang='lat' dir='ltr'><strong>qui</strong></span> <span class='ocrx_word' id='word_1_711' title='bbox 2790 4075 3002 4145; x_wconf 75' lang='lat' dir='ltr'><strong>rapinas</strong></span> <span class='ocrx_word' id='word_1_712' title='bbox 3054 4076 3199 4147; x_wconf 77' lang='lat' dir='ltr'><strong>infra</strong></span> <span class='ocrx_word' id='word_1_713' title='bbox 3256 4093 3479 4149; x_wconf 77' lang='lat' dir='ltr'><strong>regnum</strong></span> <span class='ocrx_word' id='word_1_714' title='bbox 3524 4080 3730 4150; x_wconf 71' lang='grc' dir='ltr'><strong>[αεὶιιι.</strong></span> 
     </span>
    </p>
   </div>
   <div class='ocr_carea' id='block_1_98' title="bbox 2621 4185 3278 4259">
    <p class='ocr_par' dir='ltr' id='par_1_98' title="bbox 2621 4185 3278 4259">
     <span class='ocr_line' id='line_1_98' title="bbox 2621 4185 3278 4259; baseline 0.008 -20"><span class='ocrx_word' id='word_1_715' title='bbox 2621 4185 2700 4240; x_wconf 86' lang='lat' dir='ltr'><strong>Ex</strong></span> <span class='ocrx_word' id='word_1_716' title='bbox 2735 4185 2873 4243; x_wconf 90' lang='lat' dir='ltr'><strong>libro</strong></span> <span class='ocrx_word' id='word_1_717' title='bbox 2908 4202 2987 4253; x_wconf 88' lang='lat' dir='ltr'><strong>vt,</strong></span> <span class='ocrx_word' id='word_1_718' title='bbox 3021 4204 3146 4259; x_wconf 87' lang='lat' dir='ltr'><strong>cap.</strong></span> <span class='ocrx_word' id='word_1_719' title='bbox 3188 4189 3278 4244; x_wconf 81' lang='lat'><strong>97.</strong></span> 
     </span>
    </p>
   </div>
   <div class='ocr_carea' id='block_1_99' title="bbox 2224 4296 3730 4372">
    <p class='ocr_par' dir='ltr' id='par_1_99' title="bbox 2224 4296 3730 4372">
     <span class='ocr_line' id='line_1_99' title="bbox 2224 4296 3730 4372; baseline 0.006 -21"><span class='ocrx_word' id='word_1_720' title='bbox 2224 4297 2322 4366; x_wconf 82' lang='lat' dir='ltr'><strong>(vt,</strong></span> <span class='ocrx_word' id='word_1_721' title='bbox 2360 4296 2478 4367; x_wconf 85' lang='lat'><strong>96.)</strong></span> <span class='ocrx_word' id='word_1_722' title='bbox 2516 4297 2573 4353; x_wconf 93' lang='lat' dir='ltr'><strong>Si</strong></span> <span class='ocrx_word' id='word_1_723' title='bbox 2624 4298 2746 4367; x_wconf 88' lang='lat' dir='ltr'><strong>quis</strong></span> <span class='ocrx_word' id='word_1_724' title='bbox 2785 4298 2923 4354; x_wconf 85' lang='lat' dir='ltr'><strong>infra</strong></span> <span class='ocrx_word' id='word_1_725' title='bbox 2965 4315 3192 4372; x_wconf 83' lang='lat' dir='ltr'><strong>regnum</strong></span> <span class='ocrx_word' id='word_1_726' title='bbox 3241 4317 3490 4372; x_wconf 79' lang='lat' dir='ltr'><strong>rapinam</strong></span> <span class='ocrx_word' id='word_1_727' title='bbox 3534 4304 3730 4369; x_wconf 58' lang='lat' dir='ltr'><strong>facit,</strong></span> 
     </span>
    </p>
   </div>
   <div class='ocr_carea' id='block_1_100' title="bbox 2153 4389 3729 4466">
    <p class='ocr_par' dir='ltr' id='par_1_100' title="bbox 2153 4389 3729 4466">
     <span class='ocr_line' id='line_1_100' title="bbox 2153 4389 3729 4466; baseline 0.006 -26"><span class='ocrx_word' id='word_1_728' title='bbox 2153 4397 2250 4441; x_wconf 88' lang='lat' dir='ltr'><strong>aut</strong></span> <span class='ocrx_word' id='word_1_729' title='bbox 2274 4389 2522 4457; x_wconf 88' lang='lat' dir='ltr'><strong>cuiquam</strong></span> <span class='ocrx_word' id='word_1_730' title='bbox 2555 4400 2743 4446; x_wconf 88' lang='lat' dir='ltr'><strong>nostro</strong></span> <span class='ocrx_word' id='word_1_731' title='bbox 2774 4390 2917 4446; x_wconf 82' lang='lat' dir='ltr'><strong>fideli</strong></span> <span class='ocrx_word' id='word_1_732' title='bbox 2949 4391 3176 4463; x_wconf 87' lang='lat' dir='ltr'><strong>ejusque</strong></span> <span class='ocrx_word' id='word_1_733' title='bbox 3207 4394 3419 4450; x_wconf 86' lang='lat' dir='ltr'><strong>homini</strong></span> <span class='ocrx_word' id='word_1_734' title='bbox 3459 4396 3657 4466; x_wconf 85' lang='lat' dir='ltr'><strong>aliquid</strong></span> <span class='ocrx_word' id='word_1_735' title='bbox 3684 4398 3729 4450; x_wconf 75' lang='lat' dir='ltr'><strong>vi</strong></span> 
     </span>
    </p>
   </div>
   <div class='ocr_carea' id='block_1_101' title="bbox 2153 4478 3732 4555">
    <p class='ocr_par' dir='ltr' id='par_1_101' title="bbox 2153 4478 3732 4555">
     <span class='ocr_line' id='line_1_101' title="bbox 2153 4478 3732 4555; baseline 0.007 -24"><span class='ocrx_word' id='word_1_736' title='bbox 2153 4478 2459 4543; x_wconf 83' lang='lat' dir='ltr'><strong>abstulerit,</strong></span> <span class='ocrx_word' id='word_1_737' title='bbox 2492 4478 2546 4532; x_wconf 90' lang='lat' dir='ltr'><strong>in</strong></span> <span class='ocrx_word' id='word_1_738' title='bbox 2577 4479 2738 4553; x_wconf 81' lang='lat' dir='ltr'><strong>triplo</strong></span> <span class='ocrx_word' id='word_1_739' title='bbox 2767 4482 2852 4535; x_wconf 92' lang='lat' dir='ltr'><strong>cui</strong></span> <span class='ocrx_word' id='word_1_740' title='bbox 2881 4481 3086 4551; x_wconf 89' lang='lat' dir='ltr'><strong>aliquid</strong></span> <span class='ocrx_word' id='word_1_741' title='bbox 3112 4483 3345 4538; x_wconf 89' lang='lat' dir='ltr'><strong>abstulit</strong></span> <span class='ocrx_word' id='word_1_742' title='bbox 3370 4485 3732 4555; x_wconf 79' lang='lat' dir='ltr'><strong>legibusoom-</strong></span> 
     </span>
    </p>
   </div>
   <div class='ocr_carea' id='block_1_102' title="bbox 2152 4571 3730 4642">
    <p class='ocr_par' dir='ltr' id='par_1_102' title="bbox 2152 4571 3730 4642">
     <span class='ocr_line' id='line_1_102' title="bbox 2152 4571 3730 4642; baseline 0.008 -20"><span class='ocrx_word' id='word_1_743' title='bbox 2152 4578 2355 4640; x_wconf 91' lang='lat' dir='ltr'><strong>ponat,</strong></span> <span class='ocrx_word' id='word_1_744' title='bbox 2392 4579 2449 4624; x_wconf 91' lang='lat' dir='ltr'><strong>et</strong></span> <span class='ocrx_word' id='word_1_745' title='bbox 2476 4571 2699 4640; x_wconf 88' lang='lat' dir='ltr'><strong>insuper</strong></span> <span class='ocrx_word' id='word_1_746' title='bbox 2723 4572 2959 4627; x_wconf 90' lang='lat' dir='ltr'><strong>bannum</strong></span> <span class='ocrx_word' id='word_1_747' title='bbox 2993 4584 3241 4629; x_wconf 88' lang='lat' dir='ltr'><strong>nostrum</strong></span> <span class='ocrx_word' id='word_1_748' title='bbox 3266 4617 3284 4642; x_wconf 94' lang='lat'><strong>,</strong></span> <span class='ocrx_word' id='word_1_749' title='bbox 3321 4577 3377 4633; x_wconf 87' lang='lat' dir='ltr'><strong>id</strong></span> <span class='ocrx_word' id='word_1_750' title='bbox 3405 4588 3496 4633; x_wconf 82' lang='lat' dir='ltr'><strong>est</strong></span> <span class='ocrx_word' id='word_1_751' title='bbox 3526 4594 3595 4633; x_wconf 73' lang='grc' dir='ltr'><strong>ιι</strong></span> <span class='ocrx_word' id='word_1_752' title='bbox 3619 4577 3730 4634; x_wconf 82' lang='lat' dir='ltr'><strong>soli-</strong></span> 
     </span>
    </p>
   </div>
   <div class='ocr_carea' id='block_1_103' title="bbox 2152 4661 3725 4743">
    <p class='ocr_par' dir='ltr' id='par_1_103' title="bbox 2152 4661 3725 4743">
     <span class='ocr_line' id='line_1_103' title="bbox 2152 4661 3725 4743; baseline 0.006 -29"><span class='ocrx_word' id='word_1_753' title='bbox 2152 4661 2278 4725; x_wconf 90' lang='lat' dir='ltr'><strong>dos,</strong></span> <span class='ocrx_word' id='word_1_754' title='bbox 2308 4662 2463 4718; x_wconf 91' lang='lat' dir='ltr'><strong>nobis</strong></span> <span class='ocrx_word' id='word_1_755' title='bbox 2490 4664 2785 4731; x_wconf 87' lang='lat' dir='ltr'><strong>persolvat.</strong></span> <span class='ocrx_word' id='word_1_756' title='bbox 2830 4664 3181 4743; x_wconf 81' lang='lat' dir='ltr'><strong>Postmodum</strong></span> <span class='ocrx_word' id='word_1_757' title='bbox 3218 4684 3355 4725; x_wconf 88' lang='lat' dir='ltr'><strong>vero</strong></span> <span class='ocrx_word' id='word_1_758' title='bbox 3399 4680 3527 4726; x_wconf 87' lang='lat' dir='ltr'><strong>ante</strong></span> <span class='ocrx_word' id='word_1_759' title='bbox 3572 4687 3667 4725; x_wconf 82' lang='lat' dir='ltr'><strong>nos</strong></span> <span class='ocrx_word' id='word_1_760' title='bbox 3700 4686 3725 4723; x_wconf 83' lang='lat' dir='ltr'><strong>a</strong></span> 
     </span>
    </p>
   </div>
   <div class='ocr_carea' id='block_1_104' title="bbox 2148 4751 3726 4830">
    <p class='ocr_par' dir='ltr' id='par_1_104' title="bbox 2148 4751 3726 4830">
     <span class='ocr_line' id='line_1_104' title="bbox 2148 4751 3726 4830; baseline 0.008 -27"><span class='ocrx_word' id='word_1_761' title='bbox 2148 4751 2346 4805; x_wconf 91' lang='lat' dir='ltr'><strong>comite</strong></span> <span class='ocrx_word' id='word_1_762' title='bbox 2382 4752 2713 4819; x_wconf 88' lang='lat' dir='ltr'><strong>adducatur,</strong></span> <span class='ocrx_word' id='word_1_763' title='bbox 2738 4758 2803 4809; x_wconf 86' lang='lat' dir='ltr'><strong>ut</strong></span> <span class='ocrx_word' id='word_1_764' title='bbox 2842 4757 2897 4810; x_wconf 92' lang='lat' dir='ltr'><strong>in</strong></span> <span class='ocrx_word' id='word_1_765' title='bbox 2938 4759 3227 4815; x_wconf 88' lang='lat' dir='ltr'><strong>bastonico</strong></span> <span class='ocrx_word' id='word_1_766' title='bbox 3266 4772 3518 4819; x_wconf 74' lang='lat' dir='ltr'><strong>reti-usus</strong></span> <span class='ocrx_word' id='word_1_767' title='bbox 3551 4780 3726 4830; x_wconf 71' lang='lat' dir='ltr'><strong>usque—</strong></span> 
     </span>
    </p>
   </div>
   <div class='ocr_carea' id='block_1_105' title="bbox 2148 4841 3726 4926">
    <p class='ocr_par' dir='ltr' id='par_1_105' title="bbox 2148 4841 3726 4926">
     <span class='ocr_line' id='line_1_105' title="bbox 2148 4841 3726 4926; baseline 0.011 -33"><span class='ocrx_word' id='word_1_768' title='bbox 2148 4841 2275 4894; x_wconf 90' lang='lat' dir='ltr'><strong>dum</strong></span> <span class='ocrx_word' id='word_1_769' title='bbox 2328 4842 2486 4897; x_wconf 89' lang='lat' dir='ltr'><strong>nobis</strong></span> <span class='ocrx_word' id='word_1_770' title='bbox 2542 4841 3043 4918; x_wconf 61' lang='lat' dir='ltr'><strong>placuerit‘pmnas</strong></span> <span class='ocrx_word' id='word_1_771' title='bbox 3084 4850 3218 4906; x_wconf 89' lang='lat' dir='ltr'><strong>luat.</strong></span> <span class='ocrx_word' id='word_1_772' title='bbox 3267 4851 3409 4908; x_wconf 85' lang='lat' dir='ltr'><strong>Nam</strong></span> <span class='ocrx_word' id='word_1_773' title='bbox 3457 4856 3503 4910; x_wconf 87' lang='lat' dir='ltr'><strong>si</strong></span> <span class='ocrx_word' id='word_1_774' title='bbox 3537 4855 3726 4926; x_wconf 77' lang='lat' dir='ltr'><strong>publice</strong></span> 
     </span>
    </p>
   </div>
   <div class='ocr_carea' id='block_1_106' title="bbox 2150 4931 3721 5016">
    <p class='ocr_par' dir='ltr' id='par_1_106' title="bbox 2150 4931 3721 5016">
     <span class='ocr_line' id='line_1_106' title="bbox 2150 4931 3721 5016; baseline 0.008 -31"><span class='ocrx_word' id='word_1_775' title='bbox 2150 4940 2327 4987; x_wconf 88' lang='lat' dir='ltr'><strong>actum</strong></span> <span class='ocrx_word' id='word_1_776' title='bbox 2353 4931 2540 5001; x_wconf 90' lang='lat' dir='ltr'><strong>fuerit,</strong></span> <span class='ocrx_word' id='word_1_777' title='bbox 2569 4935 2840 5005; x_wconf 87' lang='lat' dir='ltr'><strong>publicam</strong></span> <span class='ocrx_word' id='word_1_778' title='bbox 2868 4939 2992 4995; x_wconf 89' lang='lat' dir='ltr'><strong>inde</strong></span> <span class='ocrx_word' id='word_1_779' title='bbox 3018 4954 3144 5010; x_wconf 86' lang='lat' dir='ltr'><strong>agat</strong></span> <span class='ocrx_word' id='word_1_780' title='bbox 3176 4945 3567 5013; x_wconf 71' lang='lat' dir='ltr'><strong>paenitentiam</strong></span> <span class='ocrx_word' id='word_1_781' title='bbox 3588 4949 3721 5016; x_wconf 71' lang='lat' dir='ltr'><strong>just:</strong></span> 
     </span>
    </p>
   </div>
   <div class='ocr_carea' id='block_1_107' title="bbox 2146 5031 3718 5111">
    <p class='ocr_par' dir='ltr' id='par_1_107' title="bbox 2146 5031 3718 5111">
     <span class='ocr_line' id='line_1_107' title="bbox 2146 5031 3718 5111; baseline 0.013 -34"><span class='ocrx_word' id='word_1_782' title='bbox 2146 5034 2459 5079; x_wconf 88' lang='lat' dir='ltr'><strong>sanctorum</strong></span> <span class='ocrx_word' id='word_1_783' title='bbox 2510 5041 2779 5105; x_wconf 85' lang='lat' dir='ltr'><strong>canonum</strong></span> <span class='ocrx_word' id='word_1_784' title='bbox 2824 5031 3185 5087; x_wconf 89' lang='lat' dir='ltr'><strong>sanctionem.</strong></span> <span class='ocrx_word' id='word_1_785' title='bbox 3234 5033 3291 5111; x_wconf 78' lang='lat' dir='ltr'><strong>Si</strong></span> <span class='ocrx_word' id='word_1_786' title='bbox 3334 5051 3474 5092; x_wconf 83' lang='lat' dir='ltr'><strong>vero</strong></span> <span class='ocrx_word' id='word_1_787' title='bbox 3514 5037 3718 5099; x_wconf 66' lang='lat' dir='ltr'><strong>occulte.</strong></span> 
     </span>
    </p>
   </div>
   <div class='ocr_carea' id='block_1_108' title="bbox 2145 5112 3718 5202">
    <p class='ocr_par' dir='ltr' id='par_1_108' title="bbox 2145 5112 3718 5202">
     <span class='ocr_line' id='line_1_108' title="bbox 2145 5112 3718 5202; baseline 0.008 -29"><span class='ocrx_word' id='word_1_788' title='bbox 2145 5120 2490 5201; x_wconf 86' lang='lat' dir='ltr'><strong>sacerdotum</strong></span> <span class='ocrx_word' id='word_1_789' title='bbox 2518 5123 2747 5179; x_wconf 89' lang='lat' dir='ltr'><strong>consilio</strong></span> <span class='ocrx_word' id='word_1_790' title='bbox 2781 5139 2849 5201; x_wconf 78' lang='lat' dir='ltr'><strong>ex</strong></span> <span class='ocrx_word' id='word_1_791' title='bbox 2886 5125 2990 5181; x_wconf 87' lang='lat' dir='ltr'><strong>hoc</strong></span> <span class='ocrx_word' id='word_1_792' title='bbox 3016 5112 3143 5197; x_wconf 80' lang='lat' dir='ltr'><strong>agat</strong></span> <span class='ocrx_word' id='word_1_793' title='bbox 3169 5130 3587 5199; x_wconf 66' lang='lat' dir='ltr'><strong>paenitentiam;</strong></span> <span class='ocrx_word' id='word_1_794' title='bbox 3608 5146 3718 5202; x_wconf 81' lang='lat' dir='ltr'><strong>quo-</strong></span> 
     </span>
    </p>
   </div>
   <div class='ocr_carea' id='block_1_109' title="bbox 2147 5200 3719 5296">
    <p class='ocr_par' dir='ltr' id='par_1_109' title="bbox 2147 5200 3719 5296">
     <span class='ocr_line' id='line_1_109' title="bbox 2147 5200 3719 5296; baseline 0.012 -35"><span class='ocrx_word' id='word_1_795' title='bbox 2147 5200 2293 5262; x_wconf 87' lang='lat' dir='ltr'><strong>niam</strong></span> <span class='ocrx_word' id='word_1_796' title='bbox 2326 5221 2593 5280; x_wconf 87' lang='lat' dir='ltr'><strong>raptores,</strong></span> <span class='ocrx_word' id='word_1_797' title='bbox 2622 5224 2682 5268; x_wconf 90' lang='lat' dir='ltr'><strong>ut</strong></span> <span class='ocrx_word' id='word_1_798' title='bbox 2717 5215 2793 5268; x_wconf 90' lang='lat' dir='ltr'><strong>ait</strong></span> <span class='ocrx_word' id='word_1_799' title='bbox 2824 5216 3147 5286; x_wconf 87' lang='lat' dir='ltr'><strong>Apostolus,</strong></span> <span class='ocrx_word' id='word_1_800' title='bbox 3176 5221 3283 5275; x_wconf 89' lang='lat' dir='ltr'><strong>nisi</strong></span> <span class='ocrx_word' id='word_1_801' title='bbox 3315 5238 3509 5278; x_wconf 81' lang='lat' dir='ltr'><strong>veram</strong></span> 
     </span>
    </p>
   </div>
  </div>
