3904 5304
108 351 241 409 1097

100 574 262 628 quam
293 558 568 625 lmserunt,
599 570 726 616 sunt
755 563 1034 621 habendze.

133 666 261 723 (ἔμ’.
303 667 388 722 Ill.
426 667 501 723 Ut
540 673 711 748 socios
743 689 868 748 suos
902 677 1131 748 nominet
1160 678 1302 747 apud
1336 693 1488 748 quem
1526 694 1650 748 pars

571 743 771 811 rapina:
804 744 961 813 fuerit
997 743 1222 801 inventa.

578 854 656 909 Ex
694 856 884 912 eodem
922 868 1043 928 cap.
1078 858 1207 915 355.

171 962 268 1034 (Vi,
300 963 448 1036 135.)
487 965 644 1036 Apud
683 983 845 1038 quem
875 970 1054 1027 scelus
1096 973 1437 1044 agnoscitur,
1465 983 1517 1030 et
1561 990 1688 1046 pars

96 1054 300 1122 rapinae
331 1054 494 1110 fuerit
520 1056 769 1124 inventa,
799 1062 980 1117 statim
1022 1064 1201 1121 socios
1240 1081 1366 1122 suos
1407 1068 1688 1124 nominare

94 1152 341 1215 cogatur.
365 1146 520 1214 Quod
544 1150 589 1204 si
614 1152 903 1208 nominare
928 1155 1182 1222 uoluerit,
1212 1144 1460 1214 teneatur
1484 1159 1551 1214 ad
1573 1161 1689 1214 vine

92 1232 320 1290 dictam.
346 1236 499 1304 Quod
528 1240 573 1295 si
604 1241 883 1298 lionestior
910 1259 1139 1314 persona
1165 1244 1285 1312 est,
1313 1262 1414 1318 pro
1440 1264 1498 1305 se
1521 1251 1689 1306 ratio-

91 1338 220 1378 nem
252 1326 458 1392 reddat,
480 1339 531 1383 et
552 1345 681 1400 quae
695 1332 880 1388 abiata
909 1334 992 1389 vel
1017 1350 1208 1393 eversa
1238 1338 1459 1405 fuerint,
1484 1341 1537 1396 in
1559 1358 1690 1412 qua-

91 1414 348 1485 druplum
384 1420 654 1476 restituat.
691 1422 845 1490 Quod
882 1427 928 1481 si
953 1437 1103 1484 certe
1128 1431 1270 1500 apud
1295 1446 1511 1488 servum
1548 1435 1686 1503 rapi-

89 1521 177 1561 na:
228 1522 356 1576 pars
404 1513 739 1582 reperiatur,
784 1527 1002 1573 centum
1042 1523 1432 1594 quinquaginta
1477 1523 1687 1596 ﬂagella

84 1596 308 1665 publice
335 1611 595 1660 extensus
630 1606 896 1678 accipiat,
927 1618 985 1666 et
1018 1611 1196 1668 socios
1237 1627 1365 1669 suos
1403 1615 1712 1672 nominare-

83 1702 201 1743 non
231 1689 463 1748 diﬂ'erat.

247 1799 375 1856 CAP.
425 1803 514 1860 iV.
566 1805 646 1862 De
691 1808 773 1864 his
814 1813 907 1894 qui
954 1813 1251 1885 diripienda
1296 1816 1532 1871 indicare

712 1894 1063 1952 reperiuntur.

522 1992 523 1995 “
585 1991 665 2047 Ex
700 1993 889 2050 eodem
926 2010 1049 2068 cap.
1082 1997 1207 2053 556.

158 2098 427 2172 (",156.)
445 2099 763 2173 Quicunque
780 2103 1043 2179 ingenuus
1057 2107 1139 2162 vel
1166 2124 1356 2165 servus
1383 2111 1585 2189 aliquid
1610 2113 1689 2168 dio

75 2188 397 2260 ripiendum
422 2192 761 2261 indicaverit,
795 2206 854 2252 ut
886 2198 1255 2272 cujuscunque
1280 2219 1366 2259 res
1391 2188 1685 2274 evertatur,

73 2289 180 2334 aut
204 2295 421 2349 pecora,
439 2292 533 2337 aut
555 2285 800 2354 jumenta
814 2289 1159 2360 diripiantur,
1176 2303 1232 2349 et
1249 2295 1352 2351 hoc
1375 2299 1541 2353 certis
1560 2315 1687 2368 pro.

68 2368 404 2427 bationibus
429 2373 644 2442 publice
666 2378 947 2434 convictus
976 2381 1300 2449 inveniatur,
1329 2400 1427 2455 pro
1453 2402 1518 2441 eo
1541 2388 1687 2458 quod

71 2456 382 2526 indicavit,
413 2462 459 2516 si
488 2463 751 2535 ingenuus
778 2476 893 2533 est,
919 2483 981 2524 ea
1008 2484 1128 2540 quae
1164 2472 1343 2529 ablata
1369 2474 1452 2529 vel
1468 2456 1682 2534 "eversa

72 2558 222 2604 sum
265 2552 321 2606 in
368 2554 532 2625 duplo
558 2557 826 2623 restituat,
854 2570 914 2615 et
940 2563 1098 2618 nobis
1128 2564 1368 2621 bannum
1414 2579 1680 2637 nostrum,

74 2644 137 2698 id
171 2652 259 2699 est
287 2659 355 2700 ιχ
392 2648 590 2704 solidos
620 2663 928 2723 componat.
966 2654 1024 2710 Si
1052 2671 1182 2713 vero
1206 2673 1393 2716 servus
1420 2662 1502 2716 vel
1538 2665 1686 2720 colo-

75 2748 196 2788 nus
226 2733 423 2801 fuerit,
467 2754 531 2793 cr.
570 2737 774 2810 ﬂagella
797 2784 811 2807 ,
844 2753 901 2797 ut
939 2759 1137 2815 supra,
1174 2749 1390 2819 publice
1424 2761 1683 2811 extensus

72 2823 230 2880 bene
261 2841 443 2895 pressa
474 2831 734 2900 accipiat,
763 2842 817 2887 et
846 2835 1066 2906 insuper
1090 2852 1155 2894 ea
1183 2854 1305 2909 qua:
1341 2842 1517 2898 ablata
1557 2855 1683 2901 sunt

68 2917 387 2973 secundum
422 2935 581 2976 suam
621 2924 789 2995 legem
827 2928 1098 2985 restituat.

186 3053 325 3111 CAP.
363 3056 430 3113 ν.
480 3057 560 3119 De
595 3076 655 3115 eo
691 3062 811 3185 quid
827 3062 1129 3188 [1116"!!(alem
1167 3068 1573 3139 deprwdationis

814 3150 859 3188 et
880 3151 953 3186 eri
983 3175 996 3188 .

814 3150 996 3188 εαρηι.

479 3242 563 3299 Ex
601 3244 792 3300 eodem
834 3245 992 3313 libro,
1031 3263 1152 3318 cap.
1193 3249 1321 3304 575.

150 3353 266 3425 (vr,
297 3353 451 3429 288.)
504 3355 562 3412 Si
609 3360 733 3429 quis
780 3360 1044 3418 scelerata
1093 3361 1328 3420 factione
1370 3365 1681 3425 facultatem

64 3443 507 3513 depraedationis
545 3449 793 3518 dederit,
828 3453 916 3508 vel
949 3454 995 3508 si
1039 3453 1163 3524 quis
1190 3453 1390 3512 factam
1414 3459 1678 3527 diviserit,

59 3535 440 3595 comburatur
473 3541 645 3598 vivus.

63 3648 215 3733 Cap.
365 3651 434 3708 Ut
461 3654 634 3733 [tiqui
662 3675 740 3713 res
774 3659 1022 3717 Ecclesia?
1046 3664 1321 3733 invadunt,
1350 3678 1574 3732 vastant,
1600 3669 1680 3723 vel

144 3722 423 3807 diripiunt
431 3765 447 3789 ,
484 3727 531 3780 si
555 3722 806 3810 monente
833 3734 1072 3804 episcopo
1113 3750 1216 3791 non
1239 3722 1677 3807 se'correxerint,

143 3808 521 3861 communione
556 3808 756 3867 privent
766 3817 850 3856 ur.
1342 3856 1349 3861 ,
1394 3836 1395 3839 ‘

524 3909 604 3964 Ex
640 3910 780 3968 libro
817 3926 913 3981 vn,
952 3930 1073 3987 cap.
1113 3917 1237 3973 267.

143 4019 255 4090 (vr,
278 4019 426 4090 152.)
455 4017 511 4076 Si
530 4022 657 4093 quis
680 4023 1045 4099 cujuscunque
1073 4032 1393 4088 munuscula
1435 4035 1677 4094 ecclesia:

50 4111 284 4166 sanctis
323 4112 724 4183 Scripturarum
758 4119 929 4176 titulis
967 4121 1191 4189 collata,
1226 4125 1427 4182 nefaria
1465 4128 1674 4186 callidi-

54 4208 188 4255 tate
227 4200 545 4269 abst‘ulerit,
574 4203 908 4264 fraudaverit
929 4211 1265 4280 ,‘invaserit,
1299 4222 1673 4289 retentaverit,

50 4299 246 4360 atque
278 4297 674 4362 suppresserit,
704 4308 763 4353 et
800 4316 905 4356 non
940 4303 1124 4358 statim
1157 4320 1187 4360 a
1218 4308 1499 4365 sacerdote
1526 4326 1674 4367 com-

50 4383 319 4438 monitus
347 4385 456 4441 Deo
482 4388 677 4444 collata
717 4393 1046 4463 reddiderit,
1075 4397 1145 4452 ab
1189 4398 1446 4459 Ecclesiae
1486 4406 1673 4461 catho-

46 4470 193 4526 lica:
221 4475 598 4532 communione
623 4479 876 4549 pellatur.

42 4601 345 4692 CAP.'VII.
383 4606 459 4692 De
482 4609 567 4664 his
605 4613 821 4692 qui-res
855 4616 1106 4692 ecclesitei
1139 4623 1363 4678 traditas
1393 4624 1671 4692 invadunt,

127 4674 460 4759 velovastant
487 4721 502 4746 ,
541 4674 633 4735 aut
673 4683 867 4753 absque
910 4691 1108 4759 proprii
1148 4674 1373 4764 episcopi

127 4757 429 4802 accipiunt.

125 4760 429 4816 accipiunt.

559 4841 638 4898 Ex
676 4846 865 4902 eodem
902 4863 1022 4920 cap.
1062 4851 1188 4907 275.

127 4950 269 5021 (vn,
299 4950 445 5027 199.)
481 4953 541 5012 Si
580 4958 703 5027 quis
741 4976 830 5016 res
870 4963 1115 5020 ecclesiae
1152 4964 1381 5037 debitas,
1412 4971 1493 5027 vel
1539 4989 1667 5044 pro-

30 5042 225 5113 prias
262 5045 590 5114 sacerdotis,
623 5047 908 5107 horrenda:
936 5054 1247 5125 cupiditatis
1274 5042 1667 5121 instinctuiocc

27 5134 375 5178 clrnnverit,
413 5139 699 5178 rnlinunrit
780 5152 869 5178 σιηο
921 5160 948 5178 η
991 5155 1257 5178 ηηιηι-ηηι.
1297 5166 1357 5178 Α..
1409 5160 1635 5178 ...ι-.--μ

1563 357 1908 414 CANONES.

106 469 237 523 tales
284 483 527 539 persona:
577 485 749 541 usque
800 475 868 530 ad
926 472 1351 533 satisfactionem
1399 476 1683 541 ecclesiae,
1714 478 1765 538 Α

1696 4586 1751 4645 D
1847 4569 2123 4626 habeatur.

3232 378 3370 436 {098

1894 477 2021 532 Car.
2059 480 2187 535 Vlll.
2229 483 2307 537 De
2336 483 2418 539 Itis
2453 487 2865 568 qui_oblntiones
2905 491 3272 561 defunctorum

2466 568 2706 612 retinent.

2466 574 2685 612 retinent
2693 600 2706 612 .

2281 648 2359 703 Ex
2400 651 2590 706 eodem
2630 667 2747 724 cap.
2787 654 2876 709 20.

1857 757 1978 828 (vn,
2016 756 2160 831 l99.)
2198 760 2400 818 Similis
2425 764 2588 819 etiam
2620 766 2705 822 his
2729 768 2819 838 qui
2856 769 3162 829 oblationes
3184 773 3380 830 defun-

1785 855 2001 904 ctorum
2036 852 2285 909 ecclesiis
2316 854 2398 910 vel
2437 858 2808 916 sacerdotibus
2844 861 3092 933 legaliter
3122 866 3378 926 dimissos

1786 938 2031 1007 quolibet
2076 942 2239 997 modo
2280 946 2557 1017 assignare
2598 950 2968 1020 tardaverint,
3010 956 3094 1012 vel
3143 960 3380 1018 retinere

1786 1033 2250 1103 praesumpserint,
2267 1036 2622 1097 districtionis
2642 1043 3027 1102 ecclesiasticae
3047 1047 3203 1118 juxta
3231 1052 3380 1122 prio-

1787 1136 1877 1178 res
1922 1138 2159 1181 canones
2196 1125 2372 1183 forma
2420 1141 2685 1188 servetur.
2734 1133 2832 1190 Cui
2881 1137 3045 1193 etiam
3093 1143 3378 1198 sententize

1786 1215 2090 1286 subiacebit
2126 1219 2375 1290 quisquis
2418 1224 2522 1280 sibi
2551 1225 2790 1295 quolibet
2824 1228 3016 1287 ordine
3039 1273 3055 1298 ,
3092 1228 3378 1307 quodpro

1786 1304 2074 1366 devotione
2131 1325 2230 1366 sua
2272 1312 2520 1372 ecclesiis
2563 1317 2749 1385 dedit,
2807 1335 3064 1378 revocare
3115 1304 3378 1394 prtesrim-
3414 1316 3419 1321 ’

1786 1399 1972 1466 pserit.
2726 1428 2727 1433 π

1784 1511 1913 1567 Car.
1945 1513 2156 1606 lX_.‘pe
2193 1517 2488 1606 abbatibus,
2515 1524 2855 1606 presbyteris,
2897 1527 2974 1606 uel
3011 1529 3223 1606 reliquis
3268 1549 3374 1585 mt-

1959 1586 2138 1641 m'stris
2169 1590 2319 1644 rebus
2346 1586 2708 1649 ecclesiasticis
2737 1586 2851 1651 non
2877 1586 3194 1656 alienandis.

2282 1680 2364 1736 Ex
2395 1684 2585 1739 eodem
2616 1700 2736 1756 cap.
2768 1688 2860 1744 56.
2956 1716 2960 1721 -

1856 1789 2190 1856 Abbatibus,
2226 1795 2589 1867 presbyteris,
2623 1790 2963 1872 caeterisquc’
2990 1805 3277 1873 ministris,
3311 1807 3379 1861 de

1796 1880 1957 1936 rebus
2006 1883 2428 1953 ecclesiasticis,
2476 1889 2559 1944 vel
2607 1895 3108 1953 sacro‘ministerio
3140 1898 3401 1964 traditis,"

1792 1973 1929 2027 nihil
1961 1975 2201 2032 alienare
2249 1979 2333 2034 vel
2383 1981 2625 2053 obligare
2672 1986 2879 2057 absque
2920 1989 3281 2059 permissione
3322 2002 3381 2047 et

1791 2063 2188 2135 subscriptione
2218 2069 2457 2142 episcopi
2494 2073 2578 2127 sui
2621 2074 2802 2130 liceat.
2857 2077 3010 2145 Quod
3041 2081 3086 2136 si
3117 2096 3381 2152 praesum-

1788 2154 2018 2225 pseriiit,
2048 2158 2409 2229 degradentur
2437 2168 2817 2224 communione
2844 2180 3120 2237 concessa,
3151 2182 3208 2230 et
3233 2176 3380 2245 quod

1790 2255 1994 2303 temere
2028 2263 2413 2322 praesumptum
2443 2256 2529 2312 vel
2557 2258 2855 2317 alienatum
2882 2273 2997 2331 est,
3031 2264 3378 2324 ordinatione

1785 2339 2023 2410 episcopi
2056 2353 2362 2401 revocetur.

2292 2458 2662 2522 TITULUS
2723 2467 2852 2524 VH.

2365 2566 2434 2629 PE
2464 2568 2790 2617 SACRILEGIS.

1785 2628 1915 2685 CAP.
1944 2631 1987 2687 1.
2027 2628 3014 2723 Qtttod.pradonesrcclesimsacrilegi
3050 2656 3182 2720 sint,
3233 2658 3374 2714 sicut

2070 2705 2361 2778 Scriptum
2386 2716 2682 2772 testimonio
2704 2705 3111 2790 comprobatur:

2246 2801 2327 2856 Ex
2356 2802 2494 2861 libro
2521 2822 2596 2875 vr,
2626 2824 2747 2879 cap.
2777 2811 2902 2867 385.

1857 2905 1998 3003 (Lib.
2025 2927 2077 2967 vt
2109 2910 2429 2986 Capitular.,
2461 2936 2583 2991 cap.
2615 2923 2766 2997 295.)
2820 2926 3083 3003 Sacrilegi
3123 2945 3251 2990 sunt
3276 2951 3370 2991 ec-

1783 2997 1964 3056 clesiae
1989 3007 2293 3074 praedones.
2332 3009 2487 3066 Unde
2510 3023 2566 3069 et
2599 3015 2653 3071 in
2683 3018 2916 3076 concilio
2935 2997 3236 3095 Agathensi
3267 3033 3372 3087 sub

1783 3102 1977 3162 quarto
2008 3097 2244 3167 capitulo
2274 3101 2550 3160 decretum
2578 3107 2809 3166 habetur
2834 3111 2908 3167 ita
2937 3131 2952 3168 :
2992 3114 3184 3175 Amico
3212 3121 3374 3189 quid-

1706 3203 1757 3265 ο
1779 3185 1931 3254 piam
1964 3201 2156 3257 rapere
2182 3191 2386 3248 furtum
2415 3204 2530 3263 est,
2560 3199 2803 3259 ecclesia:
2830 3220 2961 3262 vero
2987 3206 3255 3278 fraudari,
3284 3214 3371 3269 vel

1786 3277 2055 3343 abstrahi,
2081 3281 2414 3355 subripique,
2437 3287 2801 3362 sacrilegium.
2834 3294 3037 3353 Omnes
3060 3301 3206 3356 enim
3233 3277 3335 3358 con
3356 3331 3376 3346 ι

1784 3375 1869 3422 tra
1899 3362 2075 3440 legem
2099 3370 2383 3443 facientes,
2418 3394 2612 3451 resque
2640 3382 2885 3442 ecclesiae
2910 3387 3251 3460 diripientes,
3280 3397 3372 3451 vel

1784 3463 2050 3521 ecclesias
2092 3470 2511 3543 sacerdotesque
2561 3486 2753 3534 contra
2801 3482 3013 3540 divinas
3055 3488 3369 3547 sanctiones

1782 3566 2064 3624 vexantes,
2091 3562 2344 3635 sacrilegi
2372 3576 2656 3636 vocantur,
2694 3582 2859 3644 atque
2886 3575 3257 3636 indubitanter
3285 3582 3369 3638 in-

1783 3646 1955 3705 fames
1984 3652 2340 3725 sacrilegique
2366 3657 2599 3716 habendi
2629 3672 2774 3719 sunt.

1782 3756 1905 3813 Car.
1940 3760 2005 3815 Il.
2063 3759 2218 3827 Quod
2256 3782 2319 3857 ea
2355 3769 2725 3857 δίωξις.ὼωίηο
2755 3791 3132 3857 cpnsecrantur
3165 3786 3237 3839 ad
3267 3787 3367 3857 jus

2208 3836 2617 3895 ecclesiasticum
2658 3847 2935 3916 pertinent.

2274 3928 2355 3983 Ex
2383 3930 2575 3988 eodem
2605 3949 2726 4006 cap.
2755 3937 2882 3994 386.

1851 4038 1949 4108 (vi,
1980 4038 2134 4108 296.)
2180 4042 2260 4099 Ea
2299 4058 2419 4114 quae
2448 4046 2679 4108 Domino
2710 4053 3020 4112 oﬂ‘eruntur
3044 4058 3130 4116 vel
3169 4076 3366 4119 cense.

1779 4139 2002 4185 crantur
2045 4134 2110 4189 ad
2143 4132 2234 4202 jus
2280 4138 2557 4207 pertinent
2599 4145 2968 4216 sacerdotum,
2998 4158 3055 4206 et
3082 4154 3366 4229 sacrilegi

1778 4230 1906 4277 sunt
1932 4238 2122 4281 omnes
2148 4226 2239 4298 qui
2279 4242 2345 4284 ea
2379 4229 2672 4293 auferunt.
2716 4236 2803 4292 vel
2847 4238 2903 4295 in
2945 4238 3091 4298 aliud
3131 4226 3367 4301 transfe-

1777 4322 1922 4369 runt.

1775 4427 1902 4483 CAP.
1931 4429 2016 4485 Ill.
2051 4429 2202 4520 υτ.ξὶ
2244 4436 2362 4519 quis
2411 4437 2718 4520 dignitatern
2751 4454 3172 4520 praesumpserit,
3203 4422 3395 4520 quam.

1846 4517 1950 4596 ’ἔοιέ
1978 4504 2263 4567 meruit..af
2274 4504 2508 4580 principe
2554 4510 2632 4567 vel
2652 4504 2802 4584 justo
2827 4504 3032 4575 seniorlte
3073 4504 3365 4596 εαένίῗᾶᾇκε

2176 4664 2255 4722 Ex
2284 4670 2474 4727 eodem
2503 4671 2663 4743 libro,
2699 4692 2818 4751 cap.
2849 4679 2974 4739 587.

1848 4775 2108 4853 (vr,297.)
2140 4778 2200 4837 Si
2226 4784 2350 4853 quis
2373 4792 2803 4860 praesumpserit,
2819 4810 2982 4866 quam
3010 4813 3119 4855 non
3145 4804 3365 4867 meruit,

1774 4882 1806 4922 a
1835 4869 2079 4942 principe
2101 4873 2186 4928 vel
2216 4878 2435 4934 seniore
2470 4878 2639 4950 justo,
2678 4883 3028 4957 dignitatem,
3065 4892 3367 4967 sacrilegus
3395 4946 3401 4953 .

1772 4959 2059 5021 habeatur.
2112 4963 2433 5034 Homicida,
2465 4970 2721 5040 malellci,
2752 4975 2921 5050 fures,
2949 4968 3241 5053 sacrilegi,
3266 4959 3375 5040 vra-

1770 5059 1974 5120 ptores,
2000 5055 2255 5123 venefici,
2296 5060 2554 5126 adulteri,
2580 5070 2636 5117 et
2657 5065 2749 5133 qui
2773 5082 2990 5144 raptum
3012 5070 3261 5139 fecerint,
3286 5075 3373 5131 vel

1773 5142 1967 5178 falcium
1999 5148 2368 5178 .l‘n.:ml\n:--..-
2409 5154 2639 5178 J2---!..A
2713 5175 2727 5178 -
