3904 5304
431 259 569 316 10:39

1538 232 1761 291 lSAACl
1797 232 2107 291 EPlSCOPl
2142 228 2599 291 LINGONENSIS

3570 222 3699 280 “00

423 370 719 433 invadunt,
749 372 1084 435 vexantque,
1117 368 1211 417 aut
1239 376 1269 416 a
1296 358 1422 430 jure
1458 354 1845 415 ecclesiarum,
1883 350 2008 422 qui-
2036 350 2089 412 Α
2112 347 2326 404 noverit
2360 346 2737 403 vindicandos.
2784 343 2897 402 Nec
2933 348 3277 414 exspectetur
3317 347 3383 396 ut
3425 339 3701 411 episcopus

423 465 526 520 bus
559 460 773 516 tradita:
800 456 1048 520 fuerant,
1090 453 1294 524 injuste
1320 449 1582 506 alienant.
1617 445 1770 503 Unde
1798 454 1853 500 et
1880 443 2012 498 bea-

425 566 512 610 tus
569 550 904 622 Augustinus
963 547 1016 601 in
1070 544 1291 600 humilia
1339 542 1410 597 48
1460 539 1734 611 Evangelii
1784 536 2013 593 Joannis

424 649 500 703 ita
531 645 665 702 dicit
692 663 703 675 ·
736 643 878 699 Ecce
905 641 1048 696 inter
1075 646 1294 695 sanctos
1321 644 1404 691 est
1431 633 1621 697 ludas,
1663 644 1790 686 ecce
1822 628 1907 683 fur
1932 636 2017 683 est

423 737 625 801 Judas,
675 744 732 789 et
776 749 845 788 ne
885 739 1237 789 contemnas,
1292 725 1381 780 fur
1425 732 1481 780 et
1527 721 1867 791 sacrilegus:
1906 733 2014 772 non

312 862 323 873 ε
424 819 824 900 qualiscunque
867 823 976 888 fur,
1039 818 1136 876 sed
1182 819 1270 873 fur
1317 815 1654 880 locuiorutn,
1705 812 1797 867 sed
1839 811 2013 865 domi-

428 920 726 973 nicornvn:
776 913 1116 976 toculorum,
1175 909 1271 965 sed
1316 920 1620 963 sacrorum.
1683 902 1741 958 Si
1788 901 2017 958 crimina

427 1010 812 1065 discernuntur
848 1005 903 1061 in
946 1004 1094 1060 furto
1120 1044 1136 1068 ,
1176 1016 1285 1057 non
1331 998 1725 1070 qualiscunque
1769 992 1877 1049 fur.
1921 992 2019 1048 sed

430 1100 735 1171 peculatus.
801 1097 1090 1155 Pecuiatus
1132 1095 1278 1150 enim
1327 1092 1525 1148 dicitur
1581 1087 1784 1144 furtum
1837 1084 1906 1141 de
1960 1099 2020 1140 re

431 1193 668 1263 publica,
714 1200 770 1247 et
812 1205 919 1246 non
962 1190 1043 1245 sic
1076 1188 1354 1257 judieatttr
1398 1182 1603 1238 furtum
1645 1180 1722 1236 rei
1767 1179 2017 1248 privatae,

432 1285 702 1355 quomodo
757 1282 986 1353 publica:
1026 1299 1039 1335 :
1098 1288 1301 1350 quanto
1347 1273 1724 1331 vehementius
1761 1269 2002 1340 judicano

433 1380 532 1432 dus
571 1386 656 1432 est
699 1375 996 1446 sacrilegus
1035 1372 1120 1427 fur
1145 1413 1159 1435 ,
1222 1364 1327 1425 non
1371 1369 1733 1434 undecunque
1787 1362 1977 1419 tollere
2003 1401 2018 1425 ,

433 1470 527 1524 sed
572 1469 637 1523 dc
682 1462 923 1521 Ecclesia
967 1462 1207 1519 tollere?
1271 1460 1371 1528 Qui
1427 1458 1631 1529 aliquid
1664 1456 1731 1512 de
1778 1454 2019 1510 Ecclesia

436 1562 616 1616 aufert
680 1559 764 1615 vel
833 1556 1086 1622 furatur,
1154 1554 1306 1611 Judm
1370 1552 1584 1623 perdito
1653 1554 2018 1618 comparatur.

2115 439 2326 511 injurias
2380 439 2613 509 propriae
2659 436 2916 492 ultionem
2966 434 3254 509 deposcat,
3310 432 3407 489 cui
3452 434 3704 489 sanctitas

2113 532 2425 605 ignoscendi
2452 532 2624 588 solum
2655 530 2881 603 gloriam
2920 527 3212 600 dereliquit
3244 544 3259 582 :
3290 527 3478 595 sitque
3504 527 3703 581 cunctis

2114 639 2222 679 non
2272 638 2448 679 sctum
2499 621 2772 685 liberum,
2819 620 2915 676 sed
2964 620 3132 675 etiam
3179 616 3500 681 laudabile,
3548 613 3704 669 factas

2115 722 2329 769 atroces
2378 710 2752 767 sacerdotibus
2789 718 2884 764 aut
2924 707 3192 765 ministris
3243 705 3499 774 injurias,
3551 704 3704 758 velati

2113 804 2386 874 publicutn
2410 802 2637 868 crimen,
2667 800 2940 872 persequi,
2969 814 3035 856 ac
3068 799 3137 855 de
3170 796 3376 854 talibus
3412 796 3529 852 reis
3563 795 3707 849 ultio-

2117 912 2242 952 nem
2281 909 2366 951 me
2374 911 2500 951 I‘OI'I.

2117 1010 2250 1067 Car.
2278 1008 2390 1064 V'll.
2429 1006 2583 1074 Quod
2607 1022 2784 1061 omnia
2807 1022 2924 1077 qua:
2957 1003 3182 1059 Domino
3208 1002 3516 1071 offeruntur
3540 998 3705 1069 procul

2593 1077 2753 1131 dubio
2779 1088 2827 1131 et
2852 1084 3244 1131 consecrantur.

2507 1190 2585 1246 Ex
2620 1189 2813 1246 eodem
2845 1188 3006 1255 libro,
3039 1201 3162 1257 cap.
3198 1183 3326 1241 598.

2193 1308 2289 1380 (vt,
2338 1303 2489 1375 303.)
2538 1301 2731 1359 Omnia
2776 1315 2898 1373 quat
2929 1298 3175 1355 Domino-
3196 1294 3511 1352 offeruntur
3539 1292 3705 1364 promi

2123 1401 2285 1456 dubio
2307 1407 2362 1453 et
2395 1403 2781 1453 consecrantur
2807 1411 2823 1448 :
2856 1402 2911 1449 et
2938 1407 3045 1447 non
3076 1391 3249 1447 solum
3277 1388 3578 1453 sacriﬁcia,
3600 1403 3704 1458 qua

2124 1506 2154 1544 a
2196 1487 2568 1545 sacerdotibus
2616 1500 2779 1556 super
2821 1483 2993 1538 altare
3040 1482 3270 1538 Domino
3306 1488 3705 1543 consecrantur,

2123 1578 2423 1635 oblationes
2464 1576 2701 1632 ﬁdelium
2742 1575 3041 1631 dicuntur:
3073 1573 3166 1627 sed
3217 1586 3563 1641 quascunque
3604 1572 3649 1624 ei
3681 1584 3708 1623 ι

436 1653 574 1709 Nota
606 1745 619 1759 I
644 1652 787 1759 quod
853 1648 1192 1759 tilitjttidtle
2051 1699 2095 1759 Β
2126 1670 2373 1727 ﬁdelibus
2413 1667 2731 1729 oﬁ’eruntur,
2761 1665 2875 1720 sive
2901 1663 2955 1719 in
2976 1638 3282 1733 mancipiis,
3315 1667 3441 1715 sive
3476 1638 3535 1713 in
3560 1660 3706 1727 agris,

436 1760 557 1800 esse
606 1745 795 1799 beatus
840 1741 1172 1812 Augustinus
1220 1745 1532 1800 asseverat,
1585 1744 1641 1789 et
1689 1741 2017 1805 patratorem

438 1836 571 1890 tanti
608 1834 736 1891 furti
783 1832 955 1888 furem
1000 1831 1321 1901 sacrilegum
1358 1827 1608 1898 appellet,
1657 1840 1756 1880 nec
1808 1838 1914 1878 non
1971 1830 2026 1877 et

436 1928 588 1983 Judte
635 1928 845 1999 perdito
889 1924 1204 1996 tequiparet.
1263 1922 1330 1976 Et
1382 1928 1505 1992 post
1554 1934 1724 1990 pauca
1770 1934 1783 1971 :
1823 1916 2025 1983 Quare,

438 2018 634 2087 inquit,
682 2016 884 2072 loculus
932 2014 1141 2078 habttit,
1182 2012 1267 2067 cui
1312 2010 1486 2081 angeli
1535 2004 2027 2064 ministraverunt?

442 2108 547 2181 nisi
598 2108 723 2178 quia
775 2104 1016 2161 Ecclesia
1068 2102 1238 2173 ipsius
1289 2100 1492 2157 loculos
1544 2099 1793 2155 habitura
1843 2103 1961 2151 erat
2003 2096 2027 2151 ?

437 2192 575 2254 Ecce
612 2199 807 2269 quibus
845 2196 977 2251 tanti
1025 2195 1263 2251 doctoris
1303 2191 1640 2249 documentis
1688 2190 2025 2252 instruimur,

438 2295 562 2365 quia
588 2294 729 2364 quod
761 2293 813 2347 in
846 2290 1022 2361 capite
1046 2288 1342 2360 praecessit,
1370 2286 1423 2341 in
1450 2298 1676 2354 corpore
1719 2282 1852 2350 ejus,
1886 2280 2027 2351 quod

437 2392 521 2439 est
554 2383 816 2447 Ecclesia,
854 2380 1069 2435 videtur
1094 2376 1393 2448 impletum.
1437 2374 1610 2430 Porro
1651 2371 1929 2427 Christum
1976 2378 2031 2425 ct

438 2474 737 2531 Ecclesium
774 2488 933 2527 unam
965 2485 1249 2540 personam
1302 2482 1424 2523 esse
1475 2482 1581 2523 non
1629 2464 1932 2529 nescimus;
1978 2470 2035 2517 et

372 2578 383 2589 λ·
439 2565 562 2621 ideo
590 2577 708 2633 qum
736 2560 990 2616 Ecclesia:
1018 2567 1160 2621 sunt,
1205 2556 1406 2612 Christi
1451 2564 1598 2621 sunt,
1622 2563 1678 2610 et
1702 2568 1823 2624 qua:
1848 2549 2033 2607 Eccle-

440 2656 534 2711 siae
560 2652 879 2716 oﬂeruntur,
903 2648 1118 2704 Christo
1140 2644 1459 2710 oﬁ'eruntur,
1484 2653 1536 2699 et
1556 2657 1676 2715 quae
1700 2642 1768 2697 ab
1790 2640 2031 2696 Ecclesia

440 2743 727 2805 tolluntur,
762 2739 945 2812 procul
977 2738 1138 2792 dubio
1180 2735 1395 2791 Christo
1438 2734 1717 2790 tolluntur.
1768 2732 1910 2802 Ergo
1956 2732 2034 2785 fu-

441 2844 624 2889 turum
665 2840 787 2888 erat
813 2839 873 2885 ut
901 2828 1136 2884 Ecclesia
1164 2825 1364 2883 Christi
1398 2840 1647 2881 nummos
1674 2822 1900 2878 haberet
1932 2840 1944 2875 :
1987 2821 2033 2877 si

383 2950 387 2954 ·
443 2939 715 2987 nummos,
746 2922 934 2990 utique
962 2928 1018 2974 et
1041 2916 1263 2990 praedia,
1301 2924 1357 2973 et
1388 2914 1679 2985 mancipia,
1713 2922 1767 2969 et
1791 2911 2034 2967 diversa-

443 3032 563 3071 rum
606 3013 911 3084 specierum
958 3010 1240 3064 innumera
1272 3013 1611 3063 ornamenta.
1664 3005 1731 3060 Et
1767 3005 1891 3076 quia
1930 3004 2029 3058 illi-

444 3111 612 3167 citum
642 3108 712 3164 sit
735 3121 797 3161 ea
833 3120 953 3177 qua:
973 3102 1327 3159 conferuntur
1356 3100 1607 3157 Ecclesiae
1635 3097 1860 3163 auferri,
1889 3097 2032 3152 beati

444 3203 757 3275 Hieronymi
785 3199 1072 3256 scribentis
1095 3197 1147 3252 in
1178 3196 1514 3268 expositione
1539 3193 1774 3249 Matthmi
1802 3206 2034 3261 evange-

445 3296 581 3352 listte
604 3296 766 3350 verba
799 3300 1078 3349 testantur.
1121 3288 1343 3355 Omnes,
1375 3287 1565 3358 inquit,
1596 3284 1686 3357 qui
1730 3286 1866 3356 stipe
1904 3293 2037 3339 tem-

446 3389 541 3460 pli,
573 3398 628 3444 et
658 3388 743 3443 his
768 3401 889 3457 quae
915 3383 1271 3440 conferuntur
1310 3381 1365 3436 in
1410 3394 1539 3435 usus
1586 3377 1859 3441 Ecclesiae,
1910 3378 2037 3429 abu-

450 3487 636 3533 tuntur
666 3476 717 3531 in
746 3476 865 3530 aliis
906 3474 1088 3534 rebus,
1130 3468 1328 3541 quibus
1365 3483 1522 3524 suam
1556 3465 1811 3538 expleant
1850 3464 2040 3518 volun-

451 3579 640 3633 tatem,
668 3568 869 3625 similes
903 3575 1029 3622 sunt
1056 3562 1362 3621 scn'barum
1410 3568 1466 3617 et
1508 3559 1848 3616 sacerdotum
1903 3557 2042 3611 redi-

451 3662 714 3718 mentium
757 3657 1095 3715 mendacium
1131 3663 1185 3709 et
1221 3651 1541 3722 sanguinem
1577 3647 1893 3704 Salvatoris.

453 3777 580 3832 CAP.
636 3774 698 3830 V.
763 3772 919 3839 Quod
971 3767 1227 3842 quidquid
1266 3766 1488 3842 offertur
1528 3760 1753 3817 Domino
1790 3770 2041 3842 .snttc'um

524 3833 827 3901 sanctorum
866 3844 929 3896 sit
958 3833 1059 3907 ,ἐι
1103 3833 1174 3893 (id
1201 3833 1585 3909 jus'pertineat
1619 3833 1966 3888 sacci-domm.

933 3952 1012 4011 Ex
1048 3951 1239 4007 eodem
1277 3964 1396 4019 cap.
1436 3944 1557 4004 596.

527 4074 622 4145 (γι,
668 4066 816 4141 503.)
868 4066 1008 4123 Nulli
1053 4065 1213 4121 liceat
1258 4064 1504 4134 ignorare
1538 4056 1683 4130 quod
1713 4072 1873 4112 omne
1901 4055 2043 4126 quod

454 4158 683 4221 Domino
707 4162 1078 4224 consecratur,
1107 4157 1219 4211 sive
1248 4155 1410 4210 homo
1446 4151 1627 4216 fuerit,
1660 4149 1775 4205 sive
1821 4146 2041 4211 animal,

454 4258 571 4312 sive
622 4269 767 4325 ager,
820 4250 903 4306 vel
941 4247 1202 4320 quidquid
1242 4244 1407 4301 semel
1438 4243 1548 4297 Deo
1575 4240 1739 4295 fuerit
1767 4252 2045 4294 consecra-

365 4400 371 4405 .
454 4358 593 4412 tum,
641 4352 888 4401 sanctum
946 4346 1260 4395 sanctorum
1311 4335 1416 4389 erit
1460 4331 1710 4397 Domino,
1744 4334 1799 4383 ct
1842 4328 1909 4381 ad
1954 4325 2044 4395 jus

2122 1763 2319 1828 vineis,
2358 1760 2529 1825 silvis,
2555 1759 2748 1830 pratis,
2774 1757 2949 1828 aquis,
2979 1769 3355 1826 aquarumque
3384 1750 3707 1815 decursibus,

2124 1854 2393 1919 artificiis,
2421 1852 2594 1917 libris,
2625 1842 3197 1918 utensilibus,'petris,
3242 1844 3518 1910 aediﬁciis,
3562 1846 3707 1899 vesti-

2125 1948 2342 2013 mentis,
2369 1945 2614 2017 pellibus.
2645 1942 2916 2006 laniliciis,
2937 1940 3244 2012 pecoribus,
3276 1940 3522 2008 pascuis,
3552 1956 3707 1994 meta-

2126 2036 2347 2102 branis,
2391 2034 2683 2089 mobilibus
2727 2041 2783 2087 et
2825 2029 3214 2093 immobilibus,
3253 2028 3342 2084 vel
3389 2045 3709 2100 qttazcunque

2129 2129 2196 2185 dc
2244 2128 2329 2183 his
2372 2125 2555 2189 rebus,
2600 2139 2719 2195 qua!
2751 2123 2819 2178 ad
2849 2122 3056 2178 laudem
3089 2122 3184 2177 Dei
3213 2121 3372 2186 ﬁunt,
3399 2122 3492 2175 vel
3518 2122 3709 2192 supple-

2132 2228 2371 2273 mentum
2413 2224 2616 2271 sanctte
2642 2213 2736 2268 Dei
2765 2213 3036 2277 Ecclesiae,
3068 2212 3295 2285 ejusque
3326 2214 3705 2277 sacerdotibus,

2131 2318 2293 2380 atque
2325 2316 2576 2381 qrnatum
2602 2315 2863 2376 praestare
2889 2313 3131 2376 possunt,
3167 2305 3400 2360 Domino
3444 2305 3709 2361 Ecclesia-

2130 2419 2238 2475 que
2275 2418 2385 2458 suae
2418 2418 2449 2456 a
2488 2401 2898 2472 quibuscunque
2938 2400 3080 2456 ultro
3113 2399 3459 2465 offeruntur,
3501 2400 3708 2456 Domine

2134 2495 2503 2552 indubitanter
2549 2501 2936 2550 consecrantur
2956 2533 2972 2558 ,
3012 2501 3066 2547 et
3101 2493 3168 2546 ad
3197 2491 3292 2560 jus
3324 2493 3604 2561 pertinent
3630 2507 3705 2546 sa-

2131 2589 2432 2643 cerdotum.
2492 2584 2559 2639 Et
2605 2583 2731 2654 quia
2782 2583 3056 2638 Christum
3102 2592 3158 2637 et
3207 2582 3513 2638 Ecclesiam
3566 2598 3707 2638 una

2134 2692 2423 2751 personam
2468 2691 2589 2732 esse
2634 2675 2895 2731 veraciter
2958 2672 3331 2743 agnoscimus,
3393 2688 3709 2744 quacunque

2135 2770 2390 2828 Ecclesiae
2410 2776 2556 2833 sunt,
2582 2766 2782 2822 Christi
2804 2775 2957 2831 sunt;
2981 2755 3042 2819 'et
3062 2778 3184 2835 quae
3217 2763 3499 2827 Ecclesia‘,
3544 2763 3622 2818 vel
3666 2778 3708 2815 tu

2136 2861 2476 2935 supradictis,
2537 2859 2621 2915 vel
2672 2859 2726 2914 in
2786 2857 3200 2928 quibuscunqne
3252 2856 3571 2926 speciebus,
3615 2856 3709 2909 sive

2136 2952 2634 3026 porlicitationibus,
2667 2950 2782 3005 sive
2820 2948 3156 3020 pignoribus,
3208 2948 3325 3003 sive
3350 2948 3589 3018 scriptis,
3616 2949 3712 3001 sive

2060 3048 2106 3113 C
2135 3042 2507 3114 corporalibus
2535 3040 2696 3095 rebus
2723 3037 3043 3102 olferuntur,
3065 3034 3290 3092 Christo
3313 3035 3636 3092 oﬂ'eruntur.
3658 3037 3712 3090 Et

2137 3151 2258 3207 qua:
2282 3136 2351 3191 ab
2378 3132 2614 3189 Ecclesia
2651 3129 2764 3200 ejus
2803 3144 3125 3201 quocunque
3153 3138 3465 3184 commento
3490 3128 3712 3182 alienati.

2139 3236 2247 3294 tur,
2278 3226 2362 3283 vel
2388 3225 2669 3289 tolluntur,
2697 3224 2812 3278 sive
2834 3222 3136 3284 alienando,
3159 3221 3278 3276 sive
3302 3222 3587 3285 vastando,
3614 3220 3714 3273 site

2140 3318 2467 3382 invadenda,
2495 3317 2608 3372 sive
2643 3315 2982 3380 minorando,
3009 3314 3126 3369 sive
3155 3312 3482 3383 diripienda,
3512 3311 3716 3367 Christo

2140 3409 2418 3465 tolluntur.
2469 3407 2535 3461 Et
2571 3408 2614 3461 si
2644 3407 2711 3462 ab
2753 3406 2926 3461 amico
2966 3405 3246 3476 quidpiam
3295 3417 3490 3475 rapere
3533 3404 3716 3458 furtum

2140 3497 2537 3569 est,prmcipue
2564 3496 2782 3553 Christo
2823 3494 3049 3553 Domino
3100 3504 3311 3562 nostro,
3357 3496 3449 3566 qui
3502 3506 3584 3550 est
3638 3510 3717 3549 rex

2141 3606 2353 3663 regum,
2401 3598 2456 3645 et
2493 3589 2754 3644 Dominus
2788 3587 3204 3654 dominantium,
3255 3587 3460 3657 aliquid
3517 3589 3722 3642 auferre

2142 3683 2222 3737 vel
2253 3682 2511 3745 alienare,
2554 3679 2834 3750 subripere
2862 3678 2943 3734 vel
2974 3686 3186 3734 vastare
3206 3719 3222 3741 ,
3260 3678 3602 3748 sacrilegium
3627 3691 3719 3733 est.

2143 3776 2344 3831 Omnes
2381 3788 2614 3843 namque
2654 3772 2910 3829 Ecclesiae
2966 3774 3247 3844 prtedones
3293 3773 3721 3828 mattifestissime

2143 3878 2270 3925 sunt
2293 3868 2564 3940 sacrilegi,
2594 3876 2649 3923 ct
2686 3868 2866 3925 nullus
2913 3868 3231 3937 sacrilegus,
3274 3869 3379 3924 nisi
3412 3884 3510 3939 per
3548 3883 3722 3937 puram

2144 3960 2532 4031 probatumque
2576 3970 2738 4030 atque
2782 3960 3050 4032 publicam
3095 3961 3502 4031 paenitentiam.
3540 3971 3595 4015 et
3638 3975 3728 4031 per

2144 4052 2397 4109 Ecclesia:
2422 4051 2869 4117 satisfactionem,
2906 4052 3397 4123 episcoporumque
3424 4069 3525 4124 per
3548 4067 3725 4107 manus

2144 4147 2539 4218 impositiottem
2560 4146 2715 4217 juxta
2747 4145 3034 4200 canonicas
3064 4144 3379 4199 sanctiones
3426 4143 3731 4199 reconcilia-

2146 4241 2369 4303 tionem,
2410 4253 2635 4310 regnum
2690 4236 2782 4291 Dei
2839 4236 3154 4307 possidebit.
3205 4235 3273 4289 Et
3323 4251 3436 4291 non
3491 4235 3660 4290 solum
3704 4250 3729 4287 a

2150 4347 2316 4401 regno
2346 4330 2438 4385 Dei
2471 4328 2527 4383 fit
2564 4328 2793 4393 alienus,
2820 4328 2914 4382 sed
2947 4326 3108 4381 etiam
3153 4342 3181 4381 a
3226 4327 3513 4382 liminibus
3543 4337 3730 4382 sancta:

440 4409 690 4512 pertinet
752 4433 1115 4489 sacerdotum.
1186 4428 1412 4495 Propter
1463 4421 1609 4493 quod
1664 4417 2044 4475 inexcusabilis
2079 4409 2123 4466 D
2147 4422 2423 4484 Ecclesiae,
2452 4429 2507 4475 ct
2530 4420 2800 4490 praecipue
2840 4419 2907 4473 ab
2948 4418 3107 4484 illius,
3155 4435 3321 4488 quam
3368 4419 3530 4481 laesit,
3574 4432 3730 4487 usque

454 4532 561 4588 erit
607 4529 785 4585 omnis
833 4525 925 4596 qui
974 4537 1036 4578 ea
1086 4536 1204 4591 qua:
1242 4518 1475 4573 Domino
1507 4524 1562 4570 et
1607 4512 1862 4568 Ecclesiae
1896 4525 2045 4564 com-

459 4628 669 4694 petunt,
708 4614 907 4683 aufert,
941 4622 1141 4677 vastat,
1186 4610 1407 4674 invadit,
1436 4608 1518 4661 vel
1542 4605 1745 4675 diripit,
1772 4617 1943 4672 usque
1977 4601 2043 4655 ad

453 4691 885 4768 emendationem
917 4747 932 4773 ,
987 4702 1347 4771 Ecclesithue
1391 4696 1817 4753 satisfactionem
1844 4734 1857 4757 ,
1903 4691 2043 4760 quod

456 4802 528 4856 sit
580 4799 874 4871 sacrilegus
906 4839 920 4862 ,
981 4803 1037 4849 et
1098 4808 1207 4847 non
1273 4798 1480 4844 tantum
1543 4784 1842 4856 sacrilegus
1874 4823 1890 4850 ,
1952 4783 2045 4835 sed

457 4892 621 4947 etiam
675 4892 764 4944 fur
809 4886 1120 4955 sacrilegus.

458 4994 590 5083 (lar.
620 5023 702 5078 Vl.
748 5023 825 5076 De
864 5022 945 5074 Itis
982 5018 1251 5089 sacrilegis
1292 5018 1383 5088 qui
1424 5016 1675 5089 Ecclesia:
1714 5015 1927 5085 ejusque
1966 5030 2048 5068 sa-

500 5090 509 5103 “
824 5090 1118 5145 cerdotibtts
1165 5088 1388 5158 injurias
1433 5088 1685 5157 inferunt.

816 5204 892 5258 Ex
936 5200 1124 5256 eodem
1175 5200 1332 5267 libro,
1388 5217 1508 5273 cap.
1558 5202 1688 5259 597.

2148 4515 2215 4570 ad
2242 4513 2554 4585 prtedictam
2579 4510 3003 4587 satisfactionem
3046 4510 3283 4566 extorris
3332 4510 3587 4567 cllicitur.
3633 4509 3730 4563 Ta-

2149 4605 2278 4659 lium
2299 4618 2426 4659 vero
2453 4600 2717 4658 scelerum
2740 4598 3123 4671 patratoribus,
3154 4599 3256 4653 nisi
3279 4609 3408 4668 post
3429 4600 3729 4670 praedicunt

2149 4696 2594 4759 satisfactionem,
2633 4708 2735 4748 nec
2765 4693 2920 4758 vivis,
2945 4706 3044 4748 nec
3075 4693 3308 4746 mortuis
3337 4693 3730 4746 communicare

2151 4791 2426 4845 debemus.
2481 4785 2616 4854 Quia
2654 4785 2746 4857 qui
2777 4783 2915 4855 rapit
2950 4783 3233 4854 pecuniam
3261 4782 3503 4852 proximi
3533 4781 3616 4835 sui
3643 4779 3733 4833 iui-

2153 4880 2411 4951 quitatem
2444 4877 2573 4932 facit
2605 4894 2618 4930 :
2646 4876 2737 4945 qui
2768 4892 2874 4932 non
2910 4874 3082 4929 solum
3119 4873 3398 4943 sacrilegi,
3438 4873 3538 4929 sed
3583 4873 3729 4927 etiam

2153 4975 2300 5028 fures
2331 4969 2596 5041 sacrilegi,
2635 4978 2690 5023 rt
2731 4968 2839 5039 lupi
2868 4975 3031 5038 atque
3060 4966 3382 5031 homicida),
3421 4978 3730 5036 pauperum-

2150 5064 2255 5134 qne
2282 5070 2565 5117 necaturas
2597 5068 2742 5125 sunt,
2773 5067 2828 5115 et
2858 5059 3075 5129 insuper
3112 5057 3492 5113 anathematis
3535 5054 3730 5110 vinculo

2151 5152 2388 5209 damnati
2417 5166 2602 5207 coram
2628 5148 2737 5206 Deo
2766 5159 2820 5207 et
2844 5149 3051 5205 sanctis
3080 5147 3194 5218 ejus
3218 5144 3559 5204 etliciuntur.

2156 5287 2193 5304 Π

3151 5297 3210 5304 --α
3226 5292 3402 5304 -..Δ---.Α
3441 5298 3526 5304 -Α-
3553 5295 3636 5304 ..μ
3677 5296 3711 5304 .-
