  <div class='ocr_page' id='page_1' title='image "/cluster/home/n/w/nwhite01/storage/ocr_20150623/124/hvd.32044011218096/556.png"; bbox 0 0 3904 5304; ppageno 0'>
   <div class='ocr_carea' id='block_1_1' title="bbox 168 192 302 249">
    <p class='ocr_par' dir='ltr' id='par_1_1' title="bbox 168 192 302 249">
     <span class='ocr_line' id='line_1_1' title="bbox 168 192 302 249; baseline -0.015 0"><span class='ocrx_word' id='word_1_1' title='bbox 168 192 302 249; x_wconf 81' lang='lat' dir='ltr'><strong>HOI</strong></span> 
     </span>
    </p>
   </div>
   <div class='ocr_carea' id='block_1_2' title="bbox 1614 187 1956 245">
    <p class='ocr_par' dir='ltr' id='par_1_2' title="bbox 1614 187 1956 245">
     <span class='ocr_line' id='line_1_2' title="bbox 1614 187 1956 245; baseline -0.003 -1"><span class='ocrx_word' id='word_1_2' title='bbox 1614 187 1956 245; x_wconf 75' lang='lat' dir='ltr'><strong>CANONES.</strong></span> 
     </span>
    </p>
   </div>
   <div class='ocr_carea' id='block_1_3' title="bbox 3298 199 3439 255">
    <p class='ocr_par' dir='ltr' id='par_1_3' title="bbox 3298 199 3439 255">
     <span class='ocr_line' id='line_1_3' title="bbox 3298 199 3439 255; baseline -0.007 0"><span class='ocrx_word' id='word_1_3' title='bbox 3298 199 3439 255; x_wconf 78' lang='grc'><strong>1102</strong></span> 
     </span>
    </p>
   </div>
   <div class='ocr_carea' id='block_1_4' title="bbox 163 284 3432 385">
    <p class='ocr_par' dir='ltr' id='par_1_4' title="bbox 163 284 3432 385">
     <span class='ocr_line' id='line_1_4' title="bbox 163 284 3432 385; baseline 0.003 -21"><span class='ocrx_word' id='word_1_4' title='bbox 163 325 332 381; x_wconf 86' lang='lat' dir='ltr'><strong>quam</strong></span> <span class='ocrx_word' id='word_1_5' title='bbox 358 308 652 364; x_wconf 83' lang='lat' dir='ltr'><strong>maximum</strong></span> <span class='ocrx_word' id='word_1_6' title='bbox 677 306 934 376; x_wconf 84' lang='lat' dir='ltr'><strong>ﬂagitium</strong></span> <span class='ocrx_word' id='word_1_7' title='bbox 956 305 1046 371; x_wconf 92' lang='lat' dir='ltr'><strong>sit,</strong></span> <span class='ocrx_word' id='word_1_8' title='bbox 1075 320 1197 360; x_wconf 90' lang='lat' dir='ltr'><strong>cum</strong></span> <span class='ocrx_word' id='word_1_9' title='bbox 1227 303 1338 359; x_wconf 85' lang='lat' dir='ltr'><strong>Deo</strong></span> <span class='ocrx_word' id='word_1_10' title='bbox 1362 303 1569 359; x_wconf 88' lang='lat' dir='ltr'><strong>devotis</strong></span> <span class='ocrx_word' id='word_1_11' title='bbox 1596 302 1749 358; x_wconf 89' lang='lat' dir='ltr'><strong>femi-</strong></span> <span class='ocrx_word' id='word_1_12' title='bbox 1776 284 1829 364; x_wconf 65' lang='grc' dir='ltr'><strong>Ᾱ</strong></span> <span class='ocrx_word' id='word_1_13' title='bbox 1854 304 2226 362; x_wconf 83' lang='lat' dir='ltr'><strong>testimonium</strong></span> <span class='ocrx_word' id='word_1_14' title='bbox 2262 307 2601 363; x_wconf 75' lang='lat' dir='ltr'><strong>admittatur.</strong></span> <span class='ocrx_word' id='word_1_15' title='bbox 2654 306 2713 364; x_wconf 99' lang='lat' dir='ltr'><strong>Si</strong></span> <span class='ocrx_word' id='word_1_16' title='bbox 2748 324 2876 366; x_wconf 89' lang='lat' dir='ltr'><strong>vero</strong></span> <span class='ocrx_word' id='word_1_17' title='bbox 2915 311 3108 383; x_wconf 86' lang='lat' dir='ltr'><strong>aliquis</strong></span> <span class='ocrx_word' id='word_1_18' title='bbox 3138 313 3432 385; x_wconf 80' lang='lat' dir='ltr'><strong>refutatur,</strong></span> 
     </span>
    </p>
   </div>
   <div class='ocr_carea' id='block_1_5' title="bbox 165 392 1749 466">
    <p class='ocr_par' dir='ltr' id='par_1_5' title="bbox 165 392 1749 466">
     <span class='ocr_line' id='line_1_5' title="bbox 165 392 1749 466; baseline -0.005 -11"><span class='ocrx_word' id='word_1_19' title='bbox 165 401 252 455; x_wconf 91' lang='lat' dir='ltr'><strong>nis</strong></span> <span class='ocrx_word' id='word_1_20' title='bbox 277 399 454 453; x_wconf 79' lang='lat' dir='ltr'><strong>viduis</strong></span> <span class='ocrx_word' id='word_1_21' title='bbox 475 397 562 452; x_wconf 91' lang='lat' dir='ltr'><strong>vel</strong></span> <span class='ocrx_word' id='word_1_22' title='bbox 588 396 909 466; x_wconf 74' lang='lat' dir='ltr'><strong>virginibus,</strong></span> <span class='ocrx_word' id='word_1_23' title='bbox 931 396 1044 449; x_wconf 86' lang='lat' dir='ltr'><strong>sive</strong></span> <span class='ocrx_word' id='word_1_24' title='bbox 1074 409 1196 449; x_wconf 90' lang='lat' dir='ltr'><strong>cum</strong></span> <span class='ocrx_word' id='word_1_25' title='bbox 1226 392 1419 448; x_wconf 85' lang='lat' dir='ltr'><strong>velatis</strong></span> <span class='ocrx_word' id='word_1_26' title='bbox 1440 433 1455 457; x_wconf 97' lang='lat'><strong>,</strong></span> <span class='ocrx_word' id='word_1_27' title='bbox 1485 393 1599 449; x_wconf 85' lang='lat' dir='ltr'><strong>sive</strong></span> <span class='ocrx_word' id='word_1_28' title='bbox 1624 408 1749 448; x_wconf 90' lang='lat' dir='ltr'><strong>cum</strong></span> 
     </span>
    </p>
   </div>
   <div class='ocr_carea' id='block_1_6' title="bbox 163 483 1753 555">
    <p class='ocr_par' dir='ltr' id='par_1_6' title="bbox 163 483 1753 555">
     <span class='ocr_line' id='line_1_6' title="bbox 163 483 1753 555; baseline -0.004 -11"><span class='ocrx_word' id='word_1_29' title='bbox 163 489 277 546; x_wconf 86' lang='lat' dir='ltr'><strong>Deo</strong></span> <span class='ocrx_word' id='word_1_30' title='bbox 316 489 543 553; x_wconf 85' lang='lat' dir='ltr'><strong>devotis,</strong></span> <span class='ocrx_word' id='word_1_31' title='bbox 584 487 927 555; x_wconf 78' lang='lat' dir='ltr'><strong>maximeque</strong></span> <span class='ocrx_word' id='word_1_32' title='bbox 977 499 1103 540; x_wconf 90' lang='lat' dir='ltr'><strong>cum</strong></span> <span class='ocrx_word' id='word_1_33' title='bbox 1150 483 1649 539; x_wconf 89' lang='lat' dir='ltr'><strong>sanctimonialibus</strong></span> <span class='ocrx_word' id='word_1_34' title='bbox 1695 491 1753 539; x_wconf 91' lang='lat' dir='ltr'><strong>et</strong></span> 
     </span>
    </p>
   </div>
   <div class='ocr_carea' id='block_1_7' title="bbox 158 577 1750 652">
    <p class='ocr_par' dir='ltr' id='par_1_7' title="bbox 158 577 1750 652">
     <span class='ocr_line' id='line_1_7' title="bbox 158 577 1750 652; baseline -0.006 -11"><span class='ocrx_word' id='word_1_35' title='bbox 158 584 395 641; x_wconf 84' lang='lat' dir='ltr'><strong>sacratis</strong></span> <span class='ocrx_word' id='word_1_36' title='bbox 426 582 536 638; x_wconf 89' lang='lat' dir='ltr'><strong>Deo</strong></span> <span class='ocrx_word' id='word_1_37' title='bbox 565 579 864 652; x_wconf 79' lang='lat' dir='ltr'><strong>virginibus</strong></span> <span class='ocrx_word' id='word_1_38' title='bbox 899 577 985 634; x_wconf 90' lang='lat' dir='ltr'><strong>vel</strong></span> <span class='ocrx_word' id='word_1_39' title='bbox 1016 578 1218 641; x_wconf 87' lang='lat' dir='ltr'><strong>viduis,</strong></span> <span class='ocrx_word' id='word_1_40' title='bbox 1252 585 1361 631; x_wconf 89' lang='lat' dir='ltr'><strong>tam</strong></span> <span class='ocrx_word' id='word_1_41' title='bbox 1389 577 1443 631; x_wconf 90' lang='lat' dir='ltr'><strong>in</strong></span> <span class='ocrx_word' id='word_1_42' title='bbox 1478 584 1750 632; x_wconf 88' lang='lat' dir='ltr'><strong>monaste-</strong></span> 
     </span>
    </p>
   </div>
   <div class='ocr_carea' id='block_1_8' title="bbox 159 669 1751 750">
    <p class='ocr_par' dir='ltr' id='par_1_8' title="bbox 159 669 1751 750">
     <span class='ocr_line' id='line_1_8' title="bbox 159 669 1751 750; baseline -0.006 -15"><span class='ocrx_word' id='word_1_43' title='bbox 159 682 280 744; x_wconf 84' lang='lat' dir='ltr'><strong>riis,</strong></span> <span class='ocrx_word' id='word_1_44' title='bbox 312 693 472 750; x_wconf 89' lang='lat' dir='ltr'><strong>quam</strong></span> <span class='ocrx_word' id='word_1_45' title='bbox 504 686 660 732; x_wconf 80' lang='lat' dir='ltr'><strong>extra</strong></span> <span class='ocrx_word' id='word_1_46' title='bbox 689 673 1035 737; x_wconf 89' lang='lat' dir='ltr'><strong>monasteria,</strong></span> <span class='ocrx_word' id='word_1_47' title='bbox 1071 671 1432 728; x_wconf 87' lang='lat' dir='ltr'><strong>commisceri.</strong></span> <span class='ocrx_word' id='word_1_48' title='bbox 1475 669 1610 725; x_wconf 84' lang='lat' dir='ltr'><strong>Nam</strong></span> <span class='ocrx_word' id='word_1_49' title='bbox 1647 670 1751 726; x_wconf 84' lang='lat' dir='ltr'><strong>hoc</strong></span> 
     </span>
    </p>
   </div>
   <div class='ocr_carea' id='block_1_9' title="bbox 152 762 1751 841">
    <p class='ocr_par' dir='ltr' id='par_1_9' title="bbox 152 762 1751 841">
     <span class='ocr_line' id='line_1_9' title="bbox 152 762 1751 841; baseline -0.005 -15"><span class='ocrx_word' id='word_1_50' title='bbox 152 778 444 841; x_wconf 80' lang='lat' dir='ltr'><strong>peccatum</strong></span> <span class='ocrx_word' id='word_1_51' title='bbox 474 767 669 838; x_wconf 84' lang='lat' dir='ltr'><strong>duplex</strong></span> <span class='ocrx_word' id='word_1_52' title='bbox 713 780 835 822; x_wconf 89' lang='lat' dir='ltr'><strong>esse</strong></span> <span class='ocrx_word' id='word_1_53' title='bbox 857 778 965 819; x_wconf 85' lang='lat' dir='ltr'><strong>non</strong></span> <span class='ocrx_word' id='word_1_54' title='bbox 987 764 1206 820; x_wconf 86' lang='lat' dir='ltr'><strong>dubium</strong></span> <span class='ocrx_word' id='word_1_55' title='bbox 1234 770 1338 819; x_wconf 89' lang='lat' dir='ltr'><strong>est.</strong></span> <span class='ocrx_word' id='word_1_56' title='bbox 1380 762 1544 818; x_wconf 91' lang='lat' dir='ltr'><strong>Verbi</strong></span> <span class='ocrx_word' id='word_1_57' title='bbox 1573 763 1751 834; x_wconf 82' lang='lat' dir='ltr'><strong>gratia</strong></span> 
     </span>
    </p>
   </div>
   <div class='ocr_carea' id='block_1_10' title="bbox 154 853 1751 935">
    <p class='ocr_par' dir='ltr' id='par_1_10' title="bbox 154 853 1751 935">
     <span class='ocr_line' id='line_1_10' title="bbox 154 853 1751 935; baseline -0.005 -20"><span class='ocrx_word' id='word_1_58' title='bbox 154 861 430 923; x_wconf 83' lang='lat' dir='ltr'><strong>dicamus,</strong></span> <span class='ocrx_word' id='word_1_59' title='bbox 450 857 606 927; x_wconf 82' lang='lat' dir='ltr'><strong>cujus</strong></span> <span class='ocrx_word' id='word_1_60' title='bbox 639 855 892 911; x_wconf 79' lang='lat' dir='ltr'><strong>vindictae</strong></span> <span class='ocrx_word' id='word_1_61' title='bbox 919 855 1138 935; x_wconf 47' lang='lat' dir='ltr'><strong>reus.sit</strong></span> <span class='ocrx_word' id='word_1_62' title='bbox 1154 869 1290 924; x_wconf 89' lang='lat' dir='ltr'><strong>puer</strong></span> <span class='ocrx_word' id='word_1_63' title='bbox 1315 865 1441 909; x_wconf 83' lang='lat' dir='ltr'><strong>ante</strong></span> <span class='ocrx_word' id='word_1_64' title='bbox 1461 853 1751 909; x_wconf 88' lang='lat' dir='ltr'><strong>Dominum</strong></span> 
     </span>
    </p>
   </div>
   <div class='ocr_carea' id='block_1_11' title="bbox 152 945 1745 1020">
    <p class='ocr_par' dir='ltr' id='par_1_11' title="bbox 152 945 1745 1020">
     <span class='ocr_line' id='line_1_11' title="bbox 152 945 1745 1020; baseline -0.004 -14"><span class='ocrx_word' id='word_1_65' title='bbox 152 967 345 1015; x_wconf 84' lang='lat' dir='ltr'><strong>suum,</strong></span> <span class='ocrx_word' id='word_1_66' title='bbox 372 950 466 1020; x_wconf 89' lang='lat' dir='ltr'><strong>qui</strong></span> <span class='ocrx_word' id='word_1_67' title='bbox 487 963 711 1003; x_wconf 76' lang='lat' dir='ltr'><strong>uxorem</strong></span> <span class='ocrx_word' id='word_1_68' title='bbox 738 947 942 1003; x_wconf 84' lang='lat' dir='ltr'><strong>domini</strong></span> <span class='ocrx_word' id='word_1_69' title='bbox 986 947 1070 1001; x_wconf 87' lang='lat' dir='ltr'><strong>sui</strong></span> <span class='ocrx_word' id='word_1_70' title='bbox 1116 945 1383 1001; x_wconf 86' lang='lat' dir='ltr'><strong>adulterio</strong></span> <span class='ocrx_word' id='word_1_71' title='bbox 1425 945 1745 1001; x_wconf 70' lang='lat' dir='ltr'><strong>violaverit:</strong></span> 
     </span>
    </p>
   </div>
   <div class='ocr_carea' id='block_1_12' title="bbox 151 1035 1751 1111">
    <p class='ocr_par' dir='ltr' id='par_1_12' title="bbox 151 1035 1751 1111">
     <span class='ocr_line' id='line_1_12' title="bbox 151 1035 1751 1111; baseline -0.003 -14"><span class='ocrx_word' id='word_1_72' title='bbox 151 1051 368 1111; x_wconf 85' lang='lat' dir='ltr'><strong>quanto</strong></span> <span class='ocrx_word' id='word_1_73' title='bbox 414 1040 585 1110; x_wconf 86' lang='lat' dir='ltr'><strong>magis</strong></span> <span class='ocrx_word' id='word_1_74' title='bbox 624 1038 732 1102; x_wconf 91' lang='lat' dir='ltr'><strong>ille,</strong></span> <span class='ocrx_word' id='word_1_75' title='bbox 782 1038 875 1107; x_wconf 91' lang='lat' dir='ltr'><strong>qui</strong></span> <span class='ocrx_word' id='word_1_76' title='bbox 925 1052 1182 1107; x_wconf 85' lang='lat' dir='ltr'><strong>sponsam</strong></span> <span class='ocrx_word' id='word_1_77' title='bbox 1232 1036 1429 1092; x_wconf 88' lang='lat' dir='ltr'><strong>Christi</strong></span> <span class='ocrx_word' id='word_1_78' title='bbox 1477 1035 1751 1092; x_wconf 88' lang='lat' dir='ltr'><strong>Creatoris</strong></span> 
     </span>
    </p>
   </div>
   <div class='ocr_carea' id='block_1_13' title="bbox 149 1127 1749 1201">
    <p class='ocr_par' dir='ltr' id='par_1_13' title="bbox 149 1127 1749 1201">
     <span class='ocr_line' id='line_1_13' title="bbox 149 1127 1749 1201; baseline -0.003 -13"><span class='ocrx_word' id='word_1_79' title='bbox 149 1133 287 1189; x_wconf 53' lang='lat' dir='ltr'><strong>caeli</strong></span> <span class='ocrx_word' id='word_1_80' title='bbox 320 1141 374 1187; x_wconf 90' lang='lat' dir='ltr'><strong>et</strong></span> <span class='ocrx_word' id='word_1_81' title='bbox 417 1140 574 1186; x_wconf 63' lang='lat' dir='ltr'><strong>terrae</strong></span> <span class='ocrx_word' id='word_1_82' title='bbox 603 1130 890 1201; x_wconf 89' lang='lat' dir='ltr'><strong>putredine</strong></span> <span class='ocrx_word' id='word_1_83' title='bbox 915 1144 1010 1184; x_wconf 91' lang='lat' dir='ltr'><strong>sua</strong></span> <span class='ocrx_word' id='word_1_84' title='bbox 1034 1128 1274 1184; x_wconf 88' lang='lat' dir='ltr'><strong>libidinis</strong></span> <span class='ocrx_word' id='word_1_85' title='bbox 1319 1127 1749 1184; x_wconf 86' lang='lat' dir='ltr'><strong>commaculave-</strong></span> 
     </span>
    </p>
   </div>
   <div class='ocr_carea' id='block_1_14' title="bbox 152 1218 1748 1289">
    <p class='ocr_par' dir='ltr' id='par_1_14' title="bbox 152 1218 1748 1289">
     <span class='ocr_line' id='line_1_14' title="bbox 152 1218 1748 1289; baseline -0.004 -11"><span class='ocrx_word' id='word_1_86' title='bbox 152 1223 277 1278; x_wconf 78' lang='lat' dir='ltr'><strong>rit?</strong></span> <span class='ocrx_word' id='word_1_87' title='bbox 303 1223 514 1277; x_wconf 86' lang='lat' dir='ltr'><strong>dicente</strong></span> <span class='ocrx_word' id='word_1_88' title='bbox 545 1222 706 1276; x_wconf 90' lang='lat' dir='ltr'><strong>beato</strong></span> <span class='ocrx_word' id='word_1_89' title='bbox 732 1218 902 1275; x_wconf 86' lang='lat' dir='ltr'><strong>Paulo</strong></span> <span class='ocrx_word' id='word_1_90' title='bbox 932 1219 1177 1289; x_wconf 87' lang='lat' dir='ltr'><strong>apostolo</strong></span> <span class='ocrx_word' id='word_1_91' title='bbox 1205 1233 1220 1272; x_wconf 92' lang='lat'><strong>:</strong></span> <span class='ocrx_word' id='word_1_92' title='bbox 1248 1218 1332 1273; x_wconf 84' lang='lat' dir='ltr'><strong>An</strong></span> <span class='ocrx_word' id='word_1_93' title='bbox 1370 1220 1580 1274; x_wconf 76' lang='lat' dir='ltr'><strong>nescitis</strong></span> <span class='ocrx_word' id='word_1_94' title='bbox 1622 1220 1748 1289; x_wconf 86' lang='lat' dir='ltr'><strong>quia</strong></span> 
     </span>
    </p>
   </div>
   <div class='ocr_carea' id='block_1_15' title="bbox 52 1309 1749 1393">
    <p class='ocr_par' dir='ltr' id='par_1_15' title="bbox 52 1309 1749 1393">
     <span class='ocr_line' id='line_1_15' title="bbox 52 1309 1749 1393; baseline -0.002 -26"><span class='ocrx_word' id='word_1_95' title='bbox 52 1310 67 1321; x_wconf 79' lang='grc'><strong>“</strong></span> <span class='ocrx_word' id='word_1_96' title='bbox 148 1314 330 1384; x_wconf 78' lang='lat' dir='ltr'><strong>iniqui</strong></span> <span class='ocrx_word' id='word_1_97' title='bbox 365 1329 579 1383; x_wconf 84' lang='lat' dir='ltr'><strong>regnum</strong></span> <span class='ocrx_word' id='word_1_98' title='bbox 609 1311 707 1366; x_wconf 79' lang='lat' dir='ltr'><strong>Dei</strong></span> <span class='ocrx_word' id='word_1_99' title='bbox 748 1329 850 1393; x_wconf 63' lang='lat' dir='ltr'><strong>non</strong></span> <span class='ocrx_word' id='word_1_100' title='bbox 892 1311 1226 1383; x_wconf 80' lang='lat' dir='ltr'><strong>possidebunt</strong></span> <span class='ocrx_word' id='word_1_101' title='bbox 1253 1311 1279 1364; x_wconf 80' lang='lat'><strong>.’</strong></span> <span class='ocrx_word' id='word_1_102' title='bbox 1321 1309 1500 1365; x_wconf 79' lang='lat' dir='ltr'><strong>Nolite</strong></span> <span class='ocrx_word' id='word_1_103' title='bbox 1545 1326 1749 1377; x_wconf 84' lang='lat' dir='ltr'><strong>errare,</strong></span> 
     </span>
    </p>
   </div>
   <div class='ocr_carea' id='block_1_16' title="bbox 145 1402 1749 1474">
    <p class='ocr_par' dir='ltr' id='par_1_16' title="bbox 145 1402 1749 1474">
     <span class='ocr_line' id='line_1_16' title="bbox 145 1402 1749 1474; baseline -0.001 -17"><span class='ocrx_word' id='word_1_104' title='bbox 145 1404 284 1473; x_wconf 80' lang='lat' dir='ltr'><strong>quia</strong></span> <span class='ocrx_word' id='word_1_105' title='bbox 320 1420 481 1474; x_wconf 83' lang='lat' dir='ltr'><strong>neque</strong></span> <span class='ocrx_word' id='word_1_106' title='bbox 503 1403 799 1473; x_wconf 75' lang='lat' dir='ltr'><strong>fornicarii,</strong></span> <span class='ocrx_word' id='word_1_107' title='bbox 838 1419 999 1471; x_wconf 83' lang='lat' dir='ltr'><strong>neque</strong></span> <span class='ocrx_word' id='word_1_108' title='bbox 1046 1402 1201 1456; x_wconf 83' lang='lat' dir='ltr'><strong>idolis</strong></span> <span class='ocrx_word' id='word_1_109' title='bbox 1248 1402 1543 1467; x_wconf 81' lang='lat' dir='ltr'><strong>servientes,</strong></span> <span class='ocrx_word' id='word_1_110' title='bbox 1586 1418 1749 1472; x_wconf 79' lang='lat' dir='ltr'><strong>neque</strong></span> 
     </span>
    </p>
   </div>
   <div class='ocr_carea' id='block_1_17' title="bbox 146 1492 1750 1565">
    <p class='ocr_par' dir='ltr' id='par_1_17' title="bbox 146 1492 1750 1565">
     <span class='ocr_line' id='line_1_17' title="bbox 146 1492 1750 1565; baseline -0.001 -17"><span class='ocrx_word' id='word_1_111' title='bbox 146 1493 409 1560; x_wconf 85' lang='lat' dir='ltr'><strong>adulteri,</strong></span> <span class='ocrx_word' id='word_1_112' title='bbox 451 1510 613 1565; x_wconf 82' lang='lat' dir='ltr'><strong>neque</strong></span> <span class='ocrx_word' id='word_1_113' title='bbox 646 1492 849 1559; x_wconf 81' lang='lat' dir='ltr'><strong>molles,</strong></span> <span class='ocrx_word' id='word_1_114' title='bbox 878 1509 1040 1565; x_wconf 87' lang='lat' dir='ltr'><strong>neque</strong></span> <span class='ocrx_word' id='word_1_115' title='bbox 1067 1492 1422 1547; x_wconf 78' lang='lat' dir='ltr'><strong>masculorum</strong></span> <span class='ocrx_word' id='word_1_116' title='bbox 1450 1493 1750 1547; x_wconf 86' lang='lat' dir='ltr'><strong>concubito-</strong></span> 
     </span>
    </p>
   </div>
   <div class='ocr_carea' id='block_1_18' title="bbox 149 1583 1745 1656">
    <p class='ocr_par' dir='ltr' id='par_1_18' title="bbox 149 1583 1745 1656">
     <span class='ocr_line' id='line_1_18' title="bbox 149 1583 1745 1656; baseline 0.001 -20"><span class='ocrx_word' id='word_1_117' title='bbox 149 1600 263 1650; x_wconf 77' lang='lat' dir='ltr'><strong>res,</strong></span> <span class='ocrx_word' id='word_1_118' title='bbox 298 1601 459 1655; x_wconf 88' lang='lat' dir='ltr'><strong>neque</strong></span> <span class='ocrx_word' id='word_1_119' title='bbox 487 1583 750 1651; x_wconf 80' lang='lat' dir='ltr'><strong>maledici,</strong></span> <span class='ocrx_word' id='word_1_120' title='bbox 786 1600 949 1656; x_wconf 88' lang='lat' dir='ltr'><strong>neque</strong></span> <span class='ocrx_word' id='word_1_121' title='bbox 986 1600 1219 1656; x_wconf 84' lang='lat' dir='ltr'><strong>rapaces,</strong></span> <span class='ocrx_word' id='word_1_122' title='bbox 1246 1600 1463 1655; x_wconf 83' lang='lat' dir='ltr'><strong>regnum</strong></span> <span class='ocrx_word' id='word_1_123' title='bbox 1493 1583 1591 1638; x_wconf 89' lang='lat' dir='ltr'><strong>Dei</strong></span> <span class='ocrx_word' id='word_1_124' title='bbox 1619 1601 1745 1655; x_wconf 80' lang='lat' dir='ltr'><strong>pos-</strong></span> 
     </span>
    </p>
   </div>
   <div class='ocr_carea' id='block_1_19' title="bbox 142 1673 821 1746">
    <p class='ocr_par' dir='ltr' id='par_1_19' title="bbox 142 1673 821 1746">
     <span class='ocr_line' id='line_1_19' title="bbox 142 1673 821 1746; baseline 0.003 -18"><span class='ocrx_word' id='word_1_125' title='bbox 142 1675 399 1729; x_wconf 75' lang='lat' dir='ltr'><strong>sidebunt</strong></span> <span class='ocrx_word' id='word_1_126' title='bbox 440 1673 524 1745; x_wconf 89' lang='lat' dir='ltr'><strong>(II</strong></span> <span class='ocrx_word' id='word_1_127' title='bbox 566 1673 689 1730; x_wconf 82' lang='lat' dir='ltr'><strong>Cor.</strong></span> <span class='ocrx_word' id='word_1_128' title='bbox 724 1678 821 1746; x_wconf 82' lang='lat' dir='ltr'><strong>vt).</strong></span> 
     </span>
    </p>
   </div>
   <div class='ocr_carea' id='block_1_20' title="bbox 144 1786 1751 1862">
    <p class='ocr_par' dir='ltr' id='par_1_20' title="bbox 144 1786 1751 1862">
     <span class='ocr_line' id='line_1_20' title="bbox 144 1786 1751 1862; baseline 0.002 -20"><span class='ocrx_word' id='word_1_129' title='bbox 144 1786 286 1862; x_wconf 67' lang='lat' dir='ltr'><strong>CAP.</strong></span> <span class='ocrx_word' id='word_1_130' title='bbox 321 1788 409 1843; x_wconf 81' lang='lat' dir='ltr'><strong>IX.</strong></span> <span class='ocrx_word' id='word_1_131' title='bbox 452 1788 519 1862; x_wconf 79' lang='lat' dir='ltr'><strong>Ut</strong></span> <span class='ocrx_word' id='word_1_132' title='bbox 548 1788 764 1860; x_wconf 84' lang='lat' dir='ltr'><strong>capitali</strong></span> <span class='ocrx_word' id='word_1_133' title='bbox 792 1790 1054 1862; x_wconf 72' lang='lat' dir='ltr'><strong>sententia</strong></span> <span class='ocrx_word' id='word_1_134' title='bbox 1091 1789 1380 1862; x_wconf 82' lang='lat' dir='ltr'><strong>multentur</strong></span> <span class='ocrx_word' id='word_1_135' title='bbox 1406 1808 1495 1862; x_wconf 80' lang='lat' dir='ltr'><strong>qut</strong></span> <span class='ocrx_word' id='word_1_136' title='bbox 1532 1791 1751 1845; x_wconf 82' lang='lat' dir='ltr'><strong>sacrile-</strong></span> 
     </span>
    </p>
   </div>
   <div class='ocr_carea' id='block_1_21' title="bbox 227 1860 1746 1941">
    <p class='ocr_par' dir='ltr' id='par_1_21' title="bbox 227 1860 1746 1941">
     <span class='ocr_line' id='line_1_21' title="bbox 227 1860 1746 1941; baseline 0.002 -28"><span class='ocrx_word' id='word_1_137' title='bbox 227 1860 626 1941; x_wconf 76' lang='lat' dir='ltr'><strong>gia,adulteria,</strong></span> <span class='ocrx_word' id='word_1_138' title='bbox 652 1860 1002 1929; x_wconf 78' lang='lat' dir='ltr'><strong>prwdationes</strong></span> <span class='ocrx_word' id='word_1_139' title='bbox 1042 1870 1132 1914; x_wconf 85' lang='lat' dir='ltr'><strong>aut</strong></span> <span class='ocrx_word' id='word_1_140' title='bbox 1174 1860 1553 1917; x_wconf 78' lang='lat' dir='ltr'><strong>devastationea</strong></span> <span class='ocrx_word' id='word_1_141' title='bbox 1593 1877 1746 1916; x_wconf 77' lang='lat' dir='ltr'><strong>exer-</strong></span> 
     </span>
    </p>
   </div>
   <div class='ocr_carea' id='block_1_22' title="bbox 227 1939 449 1985">
    <p class='ocr_par' dir='ltr' id='par_1_22' title="bbox 227 1939 449 1985">
     <span class='ocr_line' id='line_1_22' title="bbox 227 1939 449 1985; baseline 0.005 -2"><span class='ocrx_word' id='word_1_142' title='bbox 227 1939 449 1985; x_wconf 81' lang='lat' dir='ltr'><strong>cuerml.</strong></span> 
     </span>
    </p>
   </div>
   <div class='ocr_carea' id='block_1_23' title="bbox 601 2019 1293 2092">
    <p class='ocr_par' dir='ltr' id='par_1_23' title="bbox 601 2019 1293 2092">
     <span class='ocr_line' id='line_1_23' title="bbox 601 2019 1293 2092; baseline 0.003 -17"><span class='ocrx_word' id='word_1_143' title='bbox 601 2019 680 2075; x_wconf 81' lang='lat' dir='ltr'><strong>Ex</strong></span> <span class='ocrx_word' id='word_1_144' title='bbox 720 2023 909 2076; x_wconf 90' lang='lat' dir='ltr'><strong>eodem</strong></span> <span class='ocrx_word' id='word_1_145' title='bbox 947 2023 1124 2092; x_wconf 87' lang='lat' dir='ltr'><strong>capite</strong></span> <span class='ocrx_word' id='word_1_146' title='bbox 1168 2022 1293 2077; x_wconf 72' lang='grc'><strong>422.</strong></span> 
     </span>
    </p>
   </div>
   <div class='ocr_carea' id='block_1_24' title="bbox 229 2131 1746 2209">
    <p class='ocr_par' dir='ltr' id='par_1_24' title="bbox 229 2131 1746 2209">
     <span class='ocr_line' id='line_1_24' title="bbox 229 2131 1746 2209; baseline 0.008 -25"><span class='ocrx_word' id='word_1_147' title='bbox 229 2132 329 2203; x_wconf 66' lang='grc' dir='ltr'><strong>(τι,</strong></span> <span class='ocrx_word' id='word_1_148' title='bbox 365 2131 517 2203; x_wconf 69' lang='grc'>525.)</span> <span class='ocrx_word' id='word_1_149' title='bbox 551 2132 662 2187; x_wconf 92' lang='lat' dir='ltr'><strong>Sub</strong></span> <span class='ocrx_word' id='word_1_150' title='bbox 690 2147 850 2202; x_wconf 67' lang='lat' dir='ltr'><strong>poena</strong></span> <span class='ocrx_word' id='word_1_151' title='bbox 876 2134 1093 2203; x_wconf 87' lang='lat' dir='ltr'><strong>capitali</strong></span> <span class='ocrx_word' id='word_1_152' title='bbox 1123 2135 1428 2209; x_wconf 88' lang='lat' dir='ltr'><strong>sacrilegia,</strong></span> <span class='ocrx_word' id='word_1_153' title='bbox 1457 2138 1746 2209; x_wconf 90' lang='lat' dir='ltr'><strong>adulteria,</strong></span> 
     </span>
    </p>
   </div>
   <div class='ocr_carea' id='block_1_25' title="bbox 143 2225 1747 2303">
    <p class='ocr_par' dir='ltr' id='par_1_25' title="bbox 143 2225 1747 2303">
     <span class='ocr_line' id='line_1_25' title="bbox 143 2225 1747 2303; baseline 0.007 -26"><span class='ocrx_word' id='word_1_154' title='bbox 143 2225 534 2293; x_wconf 66' lang='lat' dir='ltr'><strong>praedationcs,</strong></span> <span class='ocrx_word' id='word_1_155' title='bbox 563 2227 1002 2297; x_wconf 82' lang='lat' dir='ltr'><strong>vastationesque</strong></span> <span class='ocrx_word' id='word_1_156' title='bbox 1033 2229 1085 2282; x_wconf 92' lang='lat' dir='ltr'><strong>in</strong></span> <span class='ocrx_word' id='word_1_157' title='bbox 1126 2245 1293 2302; x_wconf 84' lang='lat' dir='ltr'><strong>regno</strong></span> <span class='ocrx_word' id='word_1_158' title='bbox 1324 2240 1513 2289; x_wconf 80' lang='lat' dir='ltr'><strong>nostra</strong></span> <span class='ocrx_word' id='word_1_159' title='bbox 1555 2248 1587 2287; x_wconf 88' lang='lat' dir='ltr'><strong>a</strong></span> <span class='ocrx_word' id='word_1_160' title='bbox 1624 2234 1747 2303; x_wconf 90' lang='lat' dir='ltr'><strong>qui-</strong></span> 
     </span>
    </p>
   </div>
   <div class='ocr_carea' id='block_1_26' title="bbox 144 2316 1748 2388">
    <p class='ocr_par' dir='ltr' id='par_1_26' title="bbox 144 2316 1748 2388">
     <span class='ocr_line' id='line_1_26' title="bbox 144 2316 1748 2388; baseline 0.005 -16"><span class='ocrx_word' id='word_1_161' title='bbox 144 2317 476 2387; x_wconf 86' lang='lat' dir='ltr'><strong>buscunque</strong></span> <span class='ocrx_word' id='word_1_162' title='bbox 528 2316 648 2373; x_wconf 86' lang='lat' dir='ltr'><strong>ﬁeri</strong></span> <span class='ocrx_word' id='word_1_163' title='bbox 698 2320 1068 2388; x_wconf 84' lang='lat' dir='ltr'><strong>prohibemus.</strong></span> <span class='ocrx_word' id='word_1_164' title='bbox 1114 2320 1194 2377; x_wconf 89' lang='lat' dir='ltr'><strong>Ita</strong></span> <span class='ocrx_word' id='word_1_165' title='bbox 1242 2331 1300 2377; x_wconf 93' lang='lat' dir='ltr'><strong>ut</strong></span> <span class='ocrx_word' id='word_1_166' title='bbox 1355 2323 1401 2379; x_wconf 88' lang='lat' dir='ltr'><strong>si</strong></span> <span class='ocrx_word' id='word_1_167' title='bbox 1445 2324 1748 2381; x_wconf 88' lang='lat' dir='ltr'><strong>voluntarie</strong></span> 
     </span>
    </p>
   </div>
   <div class='ocr_carea' id='block_1_27' title="bbox 142 2406 1748 2484">
    <p class='ocr_par' dir='ltr' id='par_1_27' title="bbox 142 2406 1748 2484">
     <span class='ocr_line' id='line_1_27' title="bbox 142 2406 1748 2484; baseline 0.007 -24"><span class='ocrx_word' id='word_1_168' title='bbox 142 2406 285 2478; x_wconf 85' lang='lat' dir='ltr'><strong>quis</strong></span> <span class='ocrx_word' id='word_1_169' title='bbox 315 2421 383 2461; x_wconf 77' lang='lat' dir='ltr'><strong>ex</strong></span> <span class='ocrx_word' id='word_1_170' title='bbox 424 2407 509 2463; x_wconf 88' lang='lat' dir='ltr'><strong>bis</strong></span> <span class='ocrx_word' id='word_1_171' title='bbox 539 2425 705 2464; x_wconf 87' lang='lat' dir='ltr'><strong>unum</strong></span> <span class='ocrx_word' id='word_1_172' title='bbox 730 2409 939 2474; x_wconf 79' lang='lat' dir='ltr'><strong>fecerit,</strong></span> <span class='ocrx_word' id='word_1_173' title='bbox 977 2412 1044 2467; x_wconf 89' lang='lat' dir='ltr'><strong>de</strong></span> <span class='ocrx_word' id='word_1_174' title='bbox 1074 2413 1179 2467; x_wconf 89' lang='lat' dir='ltr'><strong>vita</strong></span> <span class='ocrx_word' id='word_1_175' title='bbox 1204 2424 1517 2484; x_wconf 88' lang='lat' dir='ltr'><strong>componat,</strong></span> <span class='ocrx_word' id='word_1_176' title='bbox 1546 2424 1602 2472; x_wconf 89' lang='lat' dir='ltr'><strong>et</strong></span> <span class='ocrx_word' id='word_1_177' title='bbox 1629 2432 1748 2472; x_wconf 87' lang='lat' dir='ltr'><strong>om-</strong></span> 
     </span>
    </p>
   </div>
   <div class='ocr_carea' id='block_1_28' title="bbox 141 2496 1746 2573">
    <p class='ocr_par' dir='ltr' id='par_1_28' title="bbox 141 2496 1746 2573">
     <span class='ocr_line' id='line_1_28' title="bbox 141 2496 1746 2573; baseline 0.009 -21"><span class='ocrx_word' id='word_1_178' title='bbox 141 2511 257 2552; x_wconf 86' lang='lat' dir='ltr'><strong>nes</strong></span> <span class='ocrx_word' id='word_1_179' title='bbox 286 2512 372 2552; x_wconf 91' lang='lat' dir='ltr'><strong>res</strong></span> <span class='ocrx_word' id='word_1_180' title='bbox 409 2496 545 2566; x_wconf 89' lang='lat' dir='ltr'><strong>ejus,</strong></span> <span class='ocrx_word' id='word_1_181' title='bbox 590 2508 697 2554; x_wconf 88' lang='lat' dir='ltr'><strong>tam</strong></span> <span class='ocrx_word' id='word_1_182' title='bbox 744 2501 973 2557; x_wconf 89' lang='lat' dir='ltr'><strong>mobiles</strong></span> <span class='ocrx_word' id='word_1_183' title='bbox 1017 2519 1181 2572; x_wconf 90' lang='lat' dir='ltr'><strong>quam</strong></span> <span class='ocrx_word' id='word_1_184' title='bbox 1231 2505 1559 2573; x_wconf 89' lang='lat' dir='ltr'><strong>immobiles,</strong></span> <span class='ocrx_word' id='word_1_185' title='bbox 1614 2508 1746 2566; x_wconf 88' lang='lat' dir='ltr'><strong>tisco</strong></span> 
     </span>
    </p>
   </div>
   <div class='ocr_carea' id='block_1_29' title="bbox 144 2591 1739 2669">
    <p class='ocr_par' dir='ltr' id='par_1_29' title="bbox 144 2591 1739 2669">
     <span class='ocr_line' id='line_1_29' title="bbox 144 2591 1739 2669; baseline 0.008 -24"><span class='ocrx_word' id='word_1_186' title='bbox 144 2599 344 2645; x_wconf 83' lang='lat' dir='ltr'><strong>nostro</strong></span> <span class='ocrx_word' id='word_1_187' title='bbox 380 2591 677 2657; x_wconf 88' lang='lat' dir='ltr'><strong>socientur,</strong></span> <span class='ocrx_word' id='word_1_188' title='bbox 713 2592 797 2647; x_wconf 88' lang='lat' dir='ltr'><strong>vel</strong></span> <span class='ocrx_word' id='word_1_189' title='bbox 826 2592 1082 2649; x_wconf 54' lang='lat' dir='ltr'><strong>Ecclesiae</strong></span> <span class='ocrx_word' id='word_1_190' title='bbox 1116 2596 1271 2667; x_wconf 88' lang='lat' dir='ltr'><strong>cujus</strong></span> <span class='ocrx_word' id='word_1_191' title='bbox 1304 2613 1393 2654; x_wconf 88' lang='lat' dir='ltr'><strong>res</strong></span> <span class='ocrx_word' id='word_1_192' title='bbox 1425 2602 1739 2669; x_wconf 88' lang='lat' dir='ltr'><strong>vastaverit,</strong></span> 
     </span>
    </p>
   </div>
   <div class='ocr_carea' id='block_1_30' title="bbox 142 2682 1743 2753">
    <p class='ocr_par' dir='ltr' id='par_1_30' title="bbox 142 2682 1743 2753">
     <span class='ocr_line' id='line_1_30' title="bbox 142 2682 1743 2753; baseline 0.007 -15"><span class='ocrx_word' id='word_1_193' title='bbox 142 2682 239 2740; x_wconf 88' lang='lat' dir='ltr'><strong>vel</strong></span> <span class='ocrx_word' id='word_1_194' title='bbox 265 2683 606 2750; x_wconf 84' lang='lat' dir='ltr'><strong>alienaverit,</strong></span> <span class='ocrx_word' id='word_1_195' title='bbox 637 2695 730 2741; x_wconf 91' lang='lat' dir='ltr'><strong>aut</strong></span> <span class='ocrx_word' id='word_1_196' title='bbox 757 2686 1064 2753; x_wconf 81' lang='lat' dir='ltr'><strong>abstulerit,</strong></span> <span class='ocrx_word' id='word_1_197' title='bbox 1100 2691 1400 2745; x_wconf 89' lang='lat' dir='ltr'><strong>tradantur.</strong></span> <span class='ocrx_word' id='word_1_198' title='bbox 1449 2692 1743 2750; x_wconf 83' lang='lat' dir='ltr'><strong>Maximum</strong></span> 
     </span>
    </p>
   </div>
   <div class='ocr_carea' id='block_1_31' title="bbox 139 2774 1751 2855">
    <p class='ocr_par' dir='ltr' id='par_1_31' title="bbox 139 2774 1751 2855">
     <span class='ocr_line' id='line_1_31' title="bbox 139 2774 1751 2855; baseline 0.007 -25"><span class='ocrx_word' id='word_1_199' title='bbox 139 2774 302 2830; x_wconf 89' lang='lat' dir='ltr'><strong>enim</strong></span> <span class='ocrx_word' id='word_1_200' title='bbox 332 2778 676 2849; x_wconf 67' lang='lat' dir='ltr'><strong>sacrilegium</strong></span> <span class='ocrx_word' id='word_1_201' title='bbox 725 2788 809 2833; x_wconf 89' lang='lat' dir='ltr'><strong>est</strong></span> <span class='ocrx_word' id='word_1_202' title='bbox 849 2780 1151 2837; x_wconf 90' lang='lat' dir='ltr'><strong>oblationes</strong></span> <span class='ocrx_word' id='word_1_203' title='bbox 1177 2781 1437 2850; x_wconf 81' lang='lat' dir='ltr'><strong>ﬁdelium,</strong></span> <span class='ocrx_word' id='word_1_204' title='bbox 1468 2800 1589 2855; x_wconf 72' lang='lat' dir='ltr'><strong>qua:</strong></span> <span class='ocrx_word' id='word_1_205' title='bbox 1617 2782 1751 2842; x_wconf 85' lang='lat' dir='ltr'><strong>sunt</strong></span> 
     </span>
    </p>
   </div>
   <div class='ocr_carea' id='block_1_32' title="bbox 139 2867 1742 2946">
    <p class='ocr_par' dir='ltr' id='par_1_32' title="bbox 139 2867 1742 2946">
     <span class='ocr_line' id='line_1_32' title="bbox 139 2867 1742 2946; baseline 0.01 -27"><span class='ocrx_word' id='word_1_206' title='bbox 139 2880 238 2920; x_wconf 85' lang='lat' dir='ltr'><strong>res</strong></span> <span class='ocrx_word' id='word_1_207' title='bbox 265 2867 639 2935; x_wconf 85' lang='lat' dir='ltr'><strong>ecclesiarum,</strong></span> <span class='ocrx_word' id='word_1_208' title='bbox 662 2870 900 2936; x_wconf 86' lang='lat' dir='ltr'><strong>auferre,</strong></span> <span class='ocrx_word' id='word_1_209' title='bbox 921 2884 1160 2940; x_wconf 86' lang='lat' dir='ltr'><strong>vastare,</strong></span> <span class='ocrx_word' id='word_1_210' title='bbox 1182 2874 1438 2942; x_wconf 91' lang='lat' dir='ltr'><strong>alienare,</strong></span> <span class='ocrx_word' id='word_1_211' title='bbox 1466 2878 1742 2946; x_wconf 84' lang='lat' dir='ltr'><strong>invadere,</strong></span> 
     </span>
    </p>
   </div>
   <div class='ocr_carea' id='block_1_33' title="bbox 137 2955 1738 3042">
    <p class='ocr_par' dir='ltr' id='par_1_33' title="bbox 137 2955 1738 3042">
     <span class='ocr_line' id='line_1_33' title="bbox 137 2955 1738 3042; baseline 0.011 -34"><span class='ocrx_word' id='word_1_212' title='bbox 137 2955 233 3012; x_wconf 84' lang='lat' dir='ltr'><strong>vel</strong></span> <span class='ocrx_word' id='word_1_213' title='bbox 263 2957 564 3028; x_wconf 85' lang='lat' dir='ltr'><strong>subripere.</strong></span> <span class='ocrx_word' id='word_1_214' title='bbox 603 2959 760 3027; x_wconf 86' lang='lat' dir='ltr'><strong>Nam,</strong></span> <span class='ocrx_word' id='word_1_215' title='bbox 784 2970 843 3017; x_wconf 94' lang='lat' dir='ltr'><strong>ut</strong></span> <span class='ocrx_word' id='word_1_216' title='bbox 863 2964 940 3017; x_wconf 87' lang='lat' dir='ltr'><strong>ait</strong></span> <span class='ocrx_word' id='word_1_217' title='bbox 959 2962 1266 3035; x_wconf 87' lang='lat' dir='ltr'><strong>Scriptura,</strong></span> <span class='ocrx_word' id='word_1_218' title='bbox 1295 2985 1458 3039; x_wconf 84' lang='lat' dir='ltr'><strong>neque</strong></span> <span class='ocrx_word' id='word_1_219' title='bbox 1478 2970 1738 3042; x_wconf 72' lang='lat' dir='ltr'><strong>sacrilegi,</strong></span> 
     </span>
    </p>
   </div>
   <div class='ocr_carea' id='block_1_34' title="bbox 142 3050 1739 3125">
    <p class='ocr_par' dir='ltr' id='par_1_34' title="bbox 142 3050 1739 3125">
     <span class='ocr_line' id='line_1_34' title="bbox 142 3050 1739 3125; baseline 0.009 -23"><span class='ocrx_word' id='word_1_220' title='bbox 142 3065 319 3120; x_wconf 83' lang='lat' dir='ltr'><strong>neque</strong></span> <span class='ocrx_word' id='word_1_221' title='bbox 348 3050 594 3117; x_wconf 84' lang='lat' dir='ltr'><strong>adulteri,</strong></span> <span class='ocrx_word' id='word_1_222' title='bbox 625 3068 801 3122; x_wconf 88' lang='lat' dir='ltr'><strong>neque</strong></span> <span class='ocrx_word' id='word_1_223' title='bbox 822 3054 1122 3124; x_wconf 85' lang='lat' dir='ltr'><strong>praedones,</strong></span> <span class='ocrx_word' id='word_1_224' title='bbox 1154 3057 1237 3111; x_wconf 88' lang='lat' dir='ltr'><strong>vel</strong></span> <span class='ocrx_word' id='word_1_225' title='bbox 1271 3068 1602 3125; x_wconf 89' lang='lat' dir='ltr'><strong>vastatores,</strong></span> <span class='ocrx_word' id='word_1_226' title='bbox 1655 3077 1739 3117; x_wconf 81' lang='lat' dir='ltr'><strong>re-</strong></span> 
     </span>
    </p>
   </div>
   <div class='ocr_carea' id='block_1_35' title="bbox 143 3140 1741 3218">
    <p class='ocr_par' dir='ltr' id='par_1_35' title="bbox 143 3140 1741 3218">
     <span class='ocr_line' id='line_1_35' title="bbox 143 3140 1741 3218; baseline 0.009 -25"><span class='ocrx_word' id='word_1_227' title='bbox 143 3156 316 3210; x_wconf 84' lang='lat' dir='ltr'><strong>gnum</strong></span> <span class='ocrx_word' id='word_1_228' title='bbox 336 3140 434 3195; x_wconf 82' lang='lat' dir='ltr'><strong>Dei</strong></span> <span class='ocrx_word' id='word_1_229' title='bbox 453 3143 810 3213; x_wconf 80' lang='lat' dir='ltr'><strong>possidebunt.</strong></span> <span class='ocrx_word' id='word_1_230' title='bbox 858 3146 927 3200; x_wconf 87' lang='lat' dir='ltr'><strong>Et</strong></span> <span class='ocrx_word' id='word_1_231' title='bbox 948 3147 995 3201; x_wconf 90' lang='lat' dir='ltr'><strong>si</strong></span> <span class='ocrx_word' id='word_1_232' title='bbox 1024 3149 1078 3203; x_wconf 75' lang='lat' dir='ltr'><strong>lii</strong></span> <span class='ocrx_word' id='word_1_233' title='bbox 1105 3149 1196 3218; x_wconf 87' lang='lat' dir='ltr'><strong>qui</strong></span> <span class='ocrx_word' id='word_1_234' title='bbox 1229 3164 1316 3205; x_wconf 90' lang='lat' dir='ltr'><strong>res</strong></span> <span class='ocrx_word' id='word_1_235' title='bbox 1346 3149 1575 3206; x_wconf 81' lang='lat' dir='ltr'><strong>fratrum</strong></span> <span class='ocrx_word' id='word_1_236' title='bbox 1605 3153 1741 3208; x_wconf 81' lang='lat' dir='ltr'><strong>diri-</strong></span> 
     </span>
    </p>
   </div>
   <div class='ocr_carea' id='block_1_36' title="bbox 144 3232 1794 3314">
    <p class='ocr_par' dir='ltr' id='par_1_36' title="bbox 144 3232 1794 3314">
     <span class='ocr_line' id='line_1_36' title="bbox 144 3232 1794 3314; baseline 0.012 -30"><span class='ocrx_word' id='word_1_237' title='bbox 144 3232 334 3301; x_wconf 87' lang='lat' dir='ltr'><strong>piunt,</strong></span> <span class='ocrx_word' id='word_1_238' title='bbox 363 3249 395 3287; x_wconf 71' lang='grc' dir='ltr'><strong>α</strong></span> <span class='ocrx_word' id='word_1_239' title='bbox 425 3249 591 3305; x_wconf 87' lang='lat' dir='ltr'><strong>regno</strong></span> <span class='ocrx_word' id='word_1_240' title='bbox 632 3234 730 3290; x_wconf 89' lang='lat' dir='ltr'><strong>Dei</strong></span> <span class='ocrx_word' id='word_1_241' title='bbox 776 3236 935 3293; x_wconf 88' lang='lat' dir='ltr'><strong>alieni</strong></span> <span class='ocrx_word' id='word_1_242' title='bbox 984 3249 1133 3307; x_wconf 91' lang='lat' dir='ltr'><strong>sunt,</strong></span> <span class='ocrx_word' id='word_1_243' title='bbox 1164 3242 1296 3311; x_wconf 89' lang='lat' dir='ltr'><strong>quid</strong></span> <span class='ocrx_word' id='word_1_244' title='bbox 1320 3244 1595 3314; x_wconf 86' lang='lat' dir='ltr'><strong>superbis</strong></span> <span class='ocrx_word' id='word_1_245' title='bbox 1624 3244 1740 3302; x_wconf 82' lang='lat' dir='ltr'><strong>ﬁeri</strong></span> <span class='ocrx_word' id='word_1_246' title='bbox 1770 3238 1794 3253; x_wconf 83' lang='grc'><em>’</em></span> 
     </span>
    </p>
   </div>
   <div class='ocr_carea' id='block_1_37' title="bbox 142 3322 1743 3403">
    <p class='ocr_par' dir='ltr' id='par_1_37' title="bbox 142 3322 1743 3403">
     <span class='ocr_line' id='line_1_37' title="bbox 142 3322 1743 3403; baseline 0.011 -28"><span class='ocrx_word' id='word_1_247' title='bbox 142 3322 379 3389; x_wconf 87' lang='lat' dir='ltr'><strong>putatis,</strong></span> <span class='ocrx_word' id='word_1_248' title='bbox 408 3325 501 3394; x_wconf 87' lang='lat' dir='ltr'><strong>qui</strong></span> <span class='ocrx_word' id='word_1_249' title='bbox 531 3340 619 3381; x_wconf 90' lang='lat' dir='ltr'><strong>res</strong></span> <span class='ocrx_word' id='word_1_250' title='bbox 658 3325 770 3383; x_wconf 90' lang='lat' dir='ltr'><strong>Deo</strong></span> <span class='ocrx_word' id='word_1_251' title='bbox 815 3329 1023 3385; x_wconf 87' lang='lat' dir='ltr'><strong>dicatas</strong></span> <span class='ocrx_word' id='word_1_252' title='bbox 1048 3332 1304 3403; x_wconf 88' lang='lat' dir='ltr'><strong>diripiunt</strong></span> <span class='ocrx_word' id='word_1_253' title='bbox 1336 3335 1419 3390; x_wconf 90' lang='lat' dir='ltr'><strong>vel</strong></span> <span class='ocrx_word' id='word_1_254' title='bbox 1444 3336 1743 3393; x_wconf 84' lang='lat' dir='ltr'><strong>auferunt?</strong></span> 
     </span>
    </p>
   </div>
   <div class='ocr_carea' id='block_1_38' title="bbox 144 3411 1738 3499">
    <p class='ocr_par' dir='ltr' id='par_1_38' title="bbox 144 3411 1738 3499">
     <span class='ocr_line' id='line_1_38' title="bbox 144 3411 1738 3499; baseline 0.012 -33"><span class='ocrx_word' id='word_1_255' title='bbox 144 3411 289 3468; x_wconf 79' lang='lat' dir='ltr'><strong>Nam</strong></span> <span class='ocrx_word' id='word_1_256' title='bbox 338 3422 542 3485; x_wconf 76' lang='lat' dir='ltr'><strong>quanto</strong></span> <span class='ocrx_word' id='word_1_257' title='bbox 587 3419 806 3490; x_wconf 79' lang='lat' dir='ltr'><strong>gravius</strong></span> <span class='ocrx_word' id='word_1_258' title='bbox 855 3422 977 3492; x_wconf 91' lang='lat' dir='ltr'><strong>quis</strong></span> <span class='ocrx_word' id='word_1_259' title='bbox 1019 3423 1073 3479; x_wconf 89' lang='lat' dir='ltr'><strong>in</strong></span> <span class='ocrx_word' id='word_1_260' title='bbox 1122 3426 1225 3482; x_wconf 85' lang='lat' dir='ltr'><strong>hoc</strong></span> <span class='ocrx_word' id='word_1_261' title='bbox 1276 3427 1473 3482; x_wconf 53' lang='lat' dir='ltr'><strong>saeculo</strong></span> <span class='ocrx_word' id='word_1_262' title='bbox 1517 3438 1738 3499; x_wconf 86' lang='lat' dir='ltr'><strong>peccat,</strong></span> 
     </span>
    </p>
   </div>
   <div class='ocr_carea' id='block_1_39' title="bbox 146 3509 1348 3589">
    <p class='ocr_par' dir='ltr' id='par_1_39' title="bbox 146 3509 1348 3589">
     <span class='ocr_line' id='line_1_39' title="bbox 146 3509 1348 3589; baseline 0.012 -30"><span class='ocrx_word' id='word_1_263' title='bbox 146 3513 312 3563; x_wconf 85' lang='lat' dir='ltr'><strong>tanto</strong></span> <span class='ocrx_word' id='word_1_264' title='bbox 356 3509 576 3579; x_wconf 82' lang='lat' dir='ltr'><strong>gravius</strong></span> <span class='ocrx_word' id='word_1_265' title='bbox 628 3512 683 3566; x_wconf 91' lang='lat' dir='ltr'><strong>in</strong></span> <span class='ocrx_word' id='word_1_266' title='bbox 728 3513 944 3570; x_wconf 89' lang='lat' dir='ltr'><strong>inferno</strong></span> <span class='ocrx_word' id='word_1_267' title='bbox 992 3519 1348 3589; x_wconf 89' lang='lat' dir='ltr'><strong>torquebitur.</strong></span> 
     </span>
    </p>
   </div>
   <div class='ocr_carea' id='block_1_40' title="bbox 182 3586 1699 3699">
    <p class='ocr_par' dir='ltr' id='par_1_40' title="bbox 182 3586 1699 3699">
     <span class='ocr_line' id='line_1_40' title="bbox 182 3586 1699 3699; baseline 0.012 -28"><span class='ocrx_word' id='word_1_268' title='bbox 182 3615 321 3673; x_wconf 72' lang='lat' dir='ltr'><strong>Car.</strong></span> <span class='ocrx_word' id='word_1_269' title='bbox 351 3616 419 3672; x_wconf 82' lang='lat' dir='ltr'><strong>X.</strong></span> <span class='ocrx_word' id='word_1_270' title='bbox 462 3617 542 3674; x_wconf 86' lang='lat' dir='ltr'><strong>De</strong></span> <span class='ocrx_word' id='word_1_271' title='bbox 566 3620 713 3691; x_wconf 85' lang='lat' dir='ltr'><strong>plebe</strong></span> <span class='ocrx_word' id='word_1_272' title='bbox 742 3624 993 3679; x_wconf 78' lang='lat' dir='ltr'><strong>adversus</strong></span> <span class='ocrx_word' id='word_1_273' title='bbox 1021 3586 1303 3699; x_wconf 71' lang='lat' dir='ltr'><strong>sacrilegos</strong></span> <span class='ocrx_word' id='word_1_274' title='bbox 1335 3586 1699 3689; x_wconf 33' lang='lat' dir='ltr'><strong>custodienda.</strong></span> 
     </span>
    </p>
   </div>
   <div class='ocr_carea' id='block_1_41' title="bbox 617 3715 1281 3792">
    <p class='ocr_par' dir='ltr' id='par_1_41' title="bbox 617 3715 1281 3792">
     <span class='ocr_line' id='line_1_41' title="bbox 617 3715 1281 3792; baseline 0.012 -23"><span class='ocrx_word' id='word_1_275' title='bbox 617 3715 697 3770; x_wconf 81' lang='lat' dir='ltr'><strong>Ex</strong></span> <span class='ocrx_word' id='word_1_276' title='bbox 727 3716 867 3774; x_wconf 90' lang='lat' dir='ltr'><strong>libro</strong></span> <span class='ocrx_word' id='word_1_277' title='bbox 897 3735 1000 3785; x_wconf 85' lang='lat' dir='ltr'><strong>vu,</strong></span> <span class='ocrx_word' id='word_1_278' title='bbox 1040 3737 1158 3792; x_wconf 91' lang='lat' dir='ltr'><strong>cap.</strong></span> <span class='ocrx_word' id='word_1_279' title='bbox 1192 3722 1281 3777; x_wconf 81' lang='grc'>55.</span> 
     </span>
    </p>
   </div>
   <div class='ocr_carea' id='block_1_42' title="bbox 222 3823 1740 3910">
    <p class='ocr_par' dir='ltr' id='par_1_42' title="bbox 222 3823 1740 3910">
     <span class='ocr_line' id='line_1_42' title="bbox 222 3823 1740 3910; baseline 0.014 -35"><span class='ocrx_word' id='word_1_280' title='bbox 222 3823 344 3893; x_wconf 86' lang='lat' dir='ltr'><strong>(vn,</strong></span> <span class='ocrx_word' id='word_1_281' title='bbox 368 3824 483 3895; x_wconf 91' lang='grc'>57.)</span> <span class='ocrx_word' id='word_1_282' title='bbox 520 3825 659 3883; x_wconf 88' lang='lat' dir='ltr'><strong>Ante</strong></span> <span class='ocrx_word' id='word_1_283' title='bbox 687 3829 921 3886; x_wconf 90' lang='lat' dir='ltr'><strong>tribunal</strong></span> <span class='ocrx_word' id='word_1_284' title='bbox 946 3832 1158 3889; x_wconf 90' lang='lat' dir='ltr'><strong>Domini</strong></span> <span class='ocrx_word' id='word_1_285' title='bbox 1189 3835 1254 3890; x_wconf 89' lang='lat' dir='ltr'><strong>de</strong></span> <span class='ocrx_word' id='word_1_286' title='bbox 1284 3846 1432 3891; x_wconf 91' lang='lat' dir='ltr'><strong>reatu</strong></span> <span class='ocrx_word' id='word_1_287' title='bbox 1466 3839 1740 3910; x_wconf 85' lang='lat' dir='ltr'><strong>negligen-</strong></span> 
     </span>
    </p>
   </div>
   <div class='ocr_carea' id='block_1_43' title="bbox 150 3914 1738 3996">
    <p class='ocr_par' dir='ltr' id='par_1_43' title="bbox 150 3914 1738 3996">
     <span class='ocr_line' id='line_1_43' title="bbox 150 3914 1738 3996; baseline 0.014 -30"><span class='ocrx_word' id='word_1_288' title='bbox 150 3914 241 3970; x_wconf 72' lang='lat' dir='ltr'><strong>tia:</strong></span> <span class='ocrx_word' id='word_1_289' title='bbox 269 3932 328 3971; x_wconf 86' lang='lat' dir='ltr'><strong>se</strong></span> <span class='ocrx_word' id='word_1_290' title='bbox 354 3932 459 3972; x_wconf 90' lang='lat' dir='ltr'><strong>non</strong></span> <span class='ocrx_word' id='word_1_291' title='bbox 486 3921 684 3988; x_wconf 90' lang='lat' dir='ltr'><strong>poterit</strong></span> <span class='ocrx_word' id='word_1_292' title='bbox 706 3938 989 3990; x_wconf 82' lang='lat' dir='ltr'><strong>excusare,</strong></span> <span class='ocrx_word' id='word_1_293' title='bbox 1014 3926 1103 3995; x_wconf 90' lang='lat' dir='ltr'><strong>qui</strong></span> <span class='ocrx_word' id='word_1_294' title='bbox 1126 3927 1336 3996; x_wconf 85' lang='lat' dir='ltr'><strong>plebem</strong></span> <span class='ocrx_word' id='word_1_295' title='bbox 1367 3945 1519 3984; x_wconf 89' lang='lat' dir='ltr'><strong>suam</strong></span> <span class='ocrx_word' id='word_1_296' title='bbox 1549 3942 1738 3989; x_wconf 92' lang='lat' dir='ltr'><strong>contra</strong></span> 
     </span>
    </p>
   </div>
   <div class='ocr_carea' id='block_1_44' title="bbox 149 4007 1696 4082">
    <p class='ocr_par' dir='ltr' id='par_1_44' title="bbox 149 4007 1696 4082">
     <span class='ocr_line' id='line_1_44' title="bbox 149 4007 1696 4082; baseline 0.013 -21"><span class='ocrx_word' id='word_1_297' title='bbox 149 4007 432 4079; x_wconf 78' lang='lat' dir='ltr'><strong>sacrilegae</strong></span> <span class='ocrx_word' id='word_1_298' title='bbox 456 4014 830 4080; x_wconf 82' lang='lat' dir='ltr'><strong>persuasionis</strong></span> <span class='ocrx_word' id='word_1_299' title='bbox 855 4025 1108 4072; x_wconf 89' lang='lat' dir='ltr'><strong>auctores</strong></span> <span class='ocrx_word' id='word_1_300' title='bbox 1138 4019 1373 4075; x_wconf 91' lang='lat' dir='ltr'><strong>noluerit</strong></span> <span class='ocrx_word' id='word_1_301' title='bbox 1400 4027 1696 4082; x_wconf 79' lang='lat' dir='ltr'><strong>Custodirc.</strong></span> 
     </span>
    </p>
   </div>
   <div class='ocr_carea' id='block_1_45' title="bbox 653 4125 1235 4188">
    <p class='ocr_par' dir='ltr' id='par_1_45' title="bbox 653 4125 1235 4188">
     <span class='ocr_line' id='line_1_45' title="bbox 653 4125 1235 4188; baseline 0.012 -9"><span class='ocrx_word' id='word_1_302' title='bbox 653 4125 1025 4186; x_wconf 79' lang='lat' dir='ltr'><strong>TITULUS</strong></span> <span class='ocrx_word' id='word_1_303' title='bbox 1074 4132 1235 4188; x_wconf 87' lang='lat' dir='ltr'><strong>VIII.</strong></span> 
     </span>
    </p>
   </div>
   <div class='ocr_carea' id='block_1_46' title="bbox 721 4258 1163 4304">
    <p class='ocr_par' dir='ltr' id='par_1_46' title="bbox 721 4258 1163 4304">
     <span class='ocr_line' id='line_1_46' title="bbox 721 4258 1163 4304; baseline 0.011 -8"><span class='ocrx_word' id='word_1_304' title='bbox 721 4258 789 4296; x_wconf 77' lang='lat' dir='ltr'><strong>DE</strong></span> <span class='ocrx_word' id='word_1_305' title='bbox 816 4260 1163 4304; x_wconf 71' lang='grc' dir='ltr'>ιυιιΔιιεΝτιε.</span> 
     </span>
    </p>
   </div>
   <div class='ocr_carea' id='block_1_47' title="bbox 282 4348 1595 4433">
    <p class='ocr_par' dir='ltr' id='par_1_47' title="bbox 282 4348 1595 4433">
     <span class='ocr_line' id='line_1_47' title="bbox 282 4348 1595 4433; baseline 0.015 -32"><span class='ocrx_word' id='word_1_306' title='bbox 282 4348 411 4403; x_wconf 76' lang='lat' dir='ltr'><strong>CAP.</strong></span> <span class='ocrx_word' id='word_1_307' title='bbox 442 4348 484 4403; x_wconf 86' lang='grc' dir='ltr'><strong>Ι.</strong></span> <span class='ocrx_word' id='word_1_308' title='bbox 527 4349 603 4405; x_wconf 88' lang='lat' dir='ltr'><strong>De</strong></span> <span class='ocrx_word' id='word_1_309' title='bbox 629 4360 973 4411; x_wconf 79' lang='lat' dir='ltr'><strong>sacramentis</strong></span> <span class='ocrx_word' id='word_1_310' title='bbox 998 4358 1177 4414; x_wconf 82' lang='lat' dir='ltr'><strong>leviter</strong></span> <span class='ocrx_word' id='word_1_311' title='bbox 1203 4378 1307 4417; x_wconf 85' lang='lat' dir='ltr'><strong>non</strong></span> <span class='ocrx_word' id='word_1_312' title='bbox 1325 4363 1595 4433; x_wconf 81' lang='lat' dir='ltr'><strong>jurandis.</strong></span> 
     </span>
    </p>
   </div>
   <div class='ocr_carea' id='block_1_48' title="bbox 618 4442 1264 4521">
    <p class='ocr_par' dir='ltr' id='par_1_48' title="bbox 618 4442 1264 4521">
     <span class='ocr_line' id='line_1_48' title="bbox 618 4442 1264 4521; baseline 0.02 -26"><span class='ocrx_word' id='word_1_313' title='bbox 618 4442 692 4496; x_wconf 83' lang='lat' dir='ltr'><strong>Ex</strong></span> <span class='ocrx_word' id='word_1_314' title='bbox 722 4444 860 4502; x_wconf 89' lang='lat' dir='ltr'><strong>libro</strong></span> <span class='ocrx_word' id='word_1_315' title='bbox 888 4463 943 4513; x_wconf 89' lang='lat' dir='ltr'><strong>v,</strong></span> <span class='ocrx_word' id='word_1_316' title='bbox 988 4465 1108 4521; x_wconf 87' lang='lat' dir='ltr'><strong>cap.</strong></span> <span class='ocrx_word' id='word_1_317' title='bbox 1139 4452 1264 4508; x_wconf 73' lang='grc'><strong>549.</strong></span> 
     </span>
    </p>
   </div>
   <div class='ocr_carea' id='block_1_49' title="bbox 222 4554 1727 4640">
    <p class='ocr_par' dir='ltr' id='par_1_49' title="bbox 222 4554 1727 4640">
     <span class='ocr_line' id='line_1_49' title="bbox 222 4554 1727 4640; baseline 0.016 -33"><span class='ocrx_word' id='word_1_318' title='bbox 222 4554 362 4623; x_wconf 86' lang='lat' dir='ltr'><strong>(Lib.</strong></span> <span class='ocrx_word' id='word_1_319' title='bbox 397 4572 431 4609; x_wconf 91' lang='lat' dir='ltr'><strong>v</strong></span> <span class='ocrx_word' id='word_1_320' title='bbox 459 4558 779 4629; x_wconf 86' lang='lat' dir='ltr'><strong>Capitular.,</strong></span> <span class='ocrx_word' id='word_1_321' title='bbox 826 4579 943 4634; x_wconf 90' lang='lat' dir='ltr'><strong>cap.</strong></span> <span class='ocrx_word' id='word_1_322' title='bbox 978 4566 1139 4640; x_wconf 70' lang='lat'><strong>197.).</strong></span> <span class='ocrx_word' id='word_1_323' title='bbox 1168 4567 1423 4629; x_wconf 83' lang='lat' dir='ltr'><strong>Volumus</strong></span> <span class='ocrx_word' id='word_1_324' title='bbox 1453 4583 1514 4629; x_wconf 90' lang='lat' dir='ltr'><strong>ut</strong></span> <span class='ocrx_word' id='word_1_325' title='bbox 1546 4590 1727 4630; x_wconf 87' lang='lat' dir='ltr'><strong>sacra-</strong></span> 
     </span>
    </p>
   </div>
   <div class='ocr_carea' id='block_1_50' title="bbox 152 4647 1729 4735">
    <p class='ocr_par' dir='ltr' id='par_1_50' title="bbox 152 4647 1729 4735">
     <span class='ocr_line' id='line_1_50' title="bbox 152 4647 1729 4735; baseline 0.018 -40"><span class='ocrx_word' id='word_1_326' title='bbox 152 4654 334 4699; x_wconf 87' lang='lat' dir='ltr'><strong>menta</strong></span> <span class='ocrx_word' id='word_1_327' title='bbox 361 4647 469 4703; x_wconf 91' lang='lat' dir='ltr'><strong>cito</strong></span> <span class='ocrx_word' id='word_1_328' title='bbox 498 4664 604 4705; x_wconf 89' lang='lat' dir='ltr'><strong>non</strong></span> <span class='ocrx_word' id='word_1_329' title='bbox 636 4650 766 4706; x_wconf 79' lang='lat' dir='ltr'><strong>(iant</strong></span> <span class='ocrx_word' id='word_1_330' title='bbox 794 4671 808 4708; x_wconf 89' lang='lat'><strong>:</strong></span> <span class='ocrx_word' id='word_1_331' title='bbox 851 4655 946 4710; x_wconf 90' lang='lat' dir='ltr'><strong>sed</strong></span> <span class='ocrx_word' id='word_1_332' title='bbox 981 4660 1353 4730; x_wconf 89' lang='lat' dir='ltr'><strong>unusquisque</strong></span> <span class='ocrx_word' id='word_1_333' title='bbox 1377 4663 1546 4734; x_wconf 80' lang='lat' dir='ltr'><strong>judex</strong></span> <span class='ocrx_word' id='word_1_334' title='bbox 1581 4667 1729 4735; x_wconf 88' lang='lat' dir='ltr'><strong>prius</strong></span> 
     </span>
    </p>
   </div>
   <div class='ocr_carea' id='block_1_51' title="bbox 151 4739 1729 4815">
    <p class='ocr_par' dir='ltr' id='par_1_51' title="bbox 151 4739 1729 4815">
     <span class='ocr_line' id='line_1_51' title="bbox 151 4739 1729 4815; baseline 0.02 -32"><span class='ocrx_word' id='word_1_335' title='bbox 151 4746 367 4790; x_wconf 85' lang='lat' dir='ltr'><strong>causam</strong></span> <span class='ocrx_word' id='word_1_336' title='bbox 398 4739 665 4795; x_wconf 86' lang='lat' dir='ltr'><strong>veraciter</strong></span> <span class='ocrx_word' id='word_1_337' title='bbox 698 4754 1014 4814; x_wconf 86' lang='lat' dir='ltr'><strong>cognoscat,</strong></span> <span class='ocrx_word' id='word_1_338' title='bbox 1063 4759 1123 4803; x_wconf 94' lang='lat' dir='ltr'><strong>ut</strong></span> <span class='ocrx_word' id='word_1_339' title='bbox 1161 4766 1282 4807; x_wconf 88' lang='lat' dir='ltr'><strong>eum</strong></span> <span class='ocrx_word' id='word_1_340' title='bbox 1320 4759 1523 4814; x_wconf 89' lang='lat' dir='ltr'><strong>veritas</strong></span> <span class='ocrx_word' id='word_1_341' title='bbox 1560 4756 1729 4815; x_wconf 83' lang='lat' dir='ltr'><strong>latere</strong></span> 
     </span>
    </p>
   </div>
   <div class='ocr_carea' id='block_1_52' title="bbox 152 4830 1548 4907">
    <p class='ocr_par' dir='ltr' id='par_1_52' title="bbox 152 4830 1548 4907">
     <span class='ocr_line' id='line_1_52' title="bbox 152 4830 1548 4907; baseline 0.02 -34"><span class='ocrx_word' id='word_1_342' title='bbox 152 4837 257 4877; x_wconf 90' lang='lat' dir='ltr'><strong>non</strong></span> <span class='ocrx_word' id='word_1_343' title='bbox 284 4830 476 4896; x_wconf 90' lang='lat' dir='ltr'><strong>possit,</strong></span> <span class='ocrx_word' id='word_1_344' title='bbox 505 4846 574 4885; x_wconf 92' lang='lat' dir='ltr'><strong>ne</strong></span> <span class='ocrx_word' id='word_1_345' title='bbox 602 4830 762 4889; x_wconf 83' lang='lat' dir='ltr'><strong>facile</strong></span> <span class='ocrx_word' id='word_1_346' title='bbox 787 4837 853 4890; x_wconf 87' lang='lat' dir='ltr'><strong>ad</strong></span> <span class='ocrx_word' id='word_1_347' title='bbox 881 4849 1279 4898; x_wconf 89' lang='lat' dir='ltr'><strong>sacramentum</strong></span> <span class='ocrx_word' id='word_1_348' title='bbox 1307 4851 1548 4907; x_wconf 89' lang='lat' dir='ltr'><strong>veniant.</strong></span> 
     </span>
    </p>
   </div>
   <div class='ocr_carea' id='block_1_53' title="bbox 468 4931 1401 5027">
    <p class='ocr_par' dir='ltr' id='par_1_53' title="bbox 468 4931 1401 5027">
     <span class='ocr_line' id='line_1_53' title="bbox 468 4931 1401 5027; baseline 0.031 -34"><span class='ocrx_word' id='word_1_349' title='bbox 468 4940 599 4997; x_wconf 75' lang='lat' dir='ltr'><strong>CAP.</strong></span> <span class='ocrx_word' id='word_1_350' title='bbox 635 4944 698 4999; x_wconf 94' lang='lat' dir='ltr'><strong>II.</strong></span> <span class='ocrx_word' id='word_1_351' title='bbox 740 4945 817 5001; x_wconf 88' lang='lat' dir='ltr'><strong>De</strong></span> <span class='ocrx_word' id='word_1_352' title='bbox 853 4931 1101 5021; x_wconf 57' lang='lat' dir='ltr'><strong>perjuriis</strong></span> <span class='ocrx_word' id='word_1_353' title='bbox 1139 4965 1401 5027; x_wconf 69' lang='lat' dir='ltr'><strong>cavendis.</strong></span> 
     </span>
    </p>
   </div>
   <div class='ocr_carea' id='block_1_54' title="bbox 608 5034 1255 5116">
    <p class='ocr_par' dir='ltr' id='par_1_54' title="bbox 608 5034 1255 5116">
     <span class='ocr_line' id='line_1_54' title="bbox 608 5034 1255 5116; baseline 0.029 -30"><span class='ocrx_word' id='word_1_354' title='bbox 608 5034 684 5088; x_wconf 81' lang='lat' dir='ltr'><strong>Ex</strong></span> <span class='ocrx_word' id='word_1_355' title='bbox 719 5037 854 5094; x_wconf 85' lang='lat' dir='ltr'><strong>libro</strong></span> <span class='ocrx_word' id='word_1_356' title='bbox 884 5058 956 5109; x_wconf 80' lang='lat' dir='ltr'><strong>vr,</strong></span> <span class='ocrx_word' id='word_1_357' title='bbox 987 5061 1102 5116; x_wconf 88' lang='lat' dir='ltr'><strong>cap.</strong></span> <span class='ocrx_word' id='word_1_358' title='bbox 1134 5046 1255 5107; x_wconf 75' lang='grc'><strong>278.</strong></span> 
     </span>
    </p>
   </div>
   <div class='ocr_carea' id='block_1_55' title="bbox 218 5135 1729 5235">
    <p class='ocr_par' dir='ltr' id='par_1_55' title="bbox 218 5135 1729 5235">
     <span class='ocr_line' id='line_1_55' title="bbox 218 5135 1729 5235; baseline 0.024 -45"><span class='ocrx_word' id='word_1_359' title='bbox 218 5135 317 5207; x_wconf 88' lang='grc' dir='ltr'>(ιιι,</span> <span class='ocrx_word' id='word_1_360' title='bbox 348 5142 454 5216; x_wconf 81' lang='grc'><strong>10.)</strong></span> <span class='ocrx_word' id='word_1_361' title='bbox 497 5145 853 5219; x_wconf 77' lang='lat' dir='ltr'><strong>Przecipimus</strong></span> <span class='ocrx_word' id='word_1_362' title='bbox 899 5165 956 5210; x_wconf 89' lang='lat' dir='ltr'><strong>ut</strong></span> <span class='ocrx_word' id='word_1_363' title='bbox 1001 5158 1234 5230; x_wconf 85' lang='lat' dir='ltr'><strong>perjuria</strong></span> <span class='ocrx_word' id='word_1_364' title='bbox 1269 5178 1597 5235; x_wconf 84' lang='lat' dir='ltr'><strong>caveantur,</strong></span> <span class='ocrx_word' id='word_1_365' title='bbox 1630 5184 1729 5225; x_wconf 86' lang='lat' dir='ltr'><strong>nec</strong></span> 
     </span>
    </p>
   </div>
   <div class='ocr_carea' id='block_1_56' title="bbox 147 5231 1725 5304">
    <p class='ocr_par' dir='ltr' id='par_1_56' title="bbox 147 5231 1725 5304">
     <span class='ocr_line' id='line_1_56' title="bbox 147 5231 1725 5304; baseline 0.015 -23"><span class='ocrx_word' id='word_1_366' title='bbox 147 5231 491 5292; x_wconf 79' lang='lat' dir='ltr'><strong>admittantur</strong></span> <span class='ocrx_word' id='word_1_367' title='bbox 520 5248 691 5295; x_wconf 86' lang='lat' dir='ltr'><strong>testes</strong></span> <span class='ocrx_word' id='word_1_368' title='bbox 720 5247 786 5300; x_wconf 86' lang='lat' dir='ltr'><strong>ad</strong></span> <span class='ocrx_word' id='word_1_369' title='bbox 810 5246 1171 5304; x_wconf 83' lang='lat' dir='ltr'><strong>iuramentum</strong></span> <span class='ocrx_word' id='word_1_370' title='bbox 1202 5231 1510 5304; x_wconf 39' lang='lat' dir='ltr'><strong>“mg”...</strong></span> <span class='ocrx_word' id='word_1_371' title='bbox 1547 5231 1725 5304; x_wconf 69' lang='lat' dir='ltr'><strong>dianus-</strong></span> 
     </span>
    </p>
   </div>
   <div class='ocr_carea' id='block_1_57' title="bbox 1768 3017 1815 3080">
    <p class='ocr_par' dir='ltr' id='par_1_57' title="bbox 1768 3017 1815 3080">
     <span class='ocr_line' id='line_1_57' title="bbox 1768 3017 1815 3080; baseline 0 0"><span class='ocrx_word' id='word_1_372' title='bbox 1768 3017 1815 3080; x_wconf 89' lang='lat' dir='ltr'>C</span> 
     </span>
    </p>
   </div>
   <div class='ocr_carea' id='block_1_58' title="bbox 1764 4377 1812 4436">
    <p class='ocr_par' dir='ltr' id='par_1_58' title="bbox 1764 4377 1812 4436">
     <span class='ocr_line' id='line_1_58' title="bbox 1764 4377 1812 4436; baseline 0 0"><span class='ocrx_word' id='word_1_373' title='bbox 1764 4377 1812 4436; x_wconf 82' lang='grc' dir='ltr'>υ</span> 
     </span>
    </p>
   </div>
   <div class='ocr_carea' id='block_1_59' title="bbox 1852 397 3432 476">
    <p class='ocr_par' dir='ltr' id='par_1_59' title="bbox 1852 397 3432 476">
     <span class='ocr_line' id='line_1_59' title="bbox 1852 397 3432 476; baseline 0.009 -25"><span class='ocrx_word' id='word_1_374' title='bbox 1852 397 1999 452; x_wconf 87' lang='lat' dir='ltr'><strong>dicat</strong></span> <span class='ocrx_word' id='word_1_375' title='bbox 2028 397 2115 453; x_wconf 92' lang='lat' dir='ltr'><strong>ille</strong></span> <span class='ocrx_word' id='word_1_376' title='bbox 2139 400 2230 468; x_wconf 92' lang='lat' dir='ltr'><strong>qui</strong></span> <span class='ocrx_word' id='word_1_377' title='bbox 2260 415 2385 454; x_wconf 90' lang='lat' dir='ltr'><strong>eum</strong></span> <span class='ocrx_word' id='word_1_378' title='bbox 2418 399 2637 465; x_wconf 86' lang='lat' dir='ltr'><strong>refutat,</strong></span> <span class='ocrx_word' id='word_1_379' title='bbox 2669 413 2724 457; x_wconf 89' lang='lat' dir='ltr'><strong>et</strong></span> <span class='ocrx_word' id='word_1_380' title='bbox 2753 403 2946 472; x_wconf 89' lang='lat' dir='ltr'><strong>probet</strong></span> <span class='ocrx_word' id='word_1_381' title='bbox 2972 420 3142 476; x_wconf 89' lang='lat' dir='ltr'><strong>quare</strong></span> <span class='ocrx_word' id='word_1_382' title='bbox 3167 406 3314 463; x_wconf 91' lang='lat' dir='ltr'><strong>illum</strong></span> <span class='ocrx_word' id='word_1_383' title='bbox 3347 426 3432 465; x_wconf 90' lang='lat' dir='ltr'><strong>re-</strong></span> 
     </span>
    </p>
   </div>
   <div class='ocr_carea' id='block_1_60' title="bbox 1849 489 3435 565">
    <p class='ocr_par' dir='ltr' id='par_1_60' title="bbox 1849 489 3435 565">
     <span class='ocr_line' id='line_1_60' title="bbox 1849 489 3435 565; baseline 0.009 -22"><span class='ocrx_word' id='word_1_384' title='bbox 1849 489 2032 558; x_wconf 80' lang='lat' dir='ltr'><strong>cipere</strong></span> <span class='ocrx_word' id='word_1_385' title='bbox 2059 489 2212 545; x_wconf 87' lang='lat' dir='ltr'><strong>nolit.</strong></span> <span class='ocrx_word' id='word_1_386' title='bbox 2267 491 2335 545; x_wconf 88' lang='lat' dir='ltr'><strong>Et</strong></span> <span class='ocrx_word' id='word_1_387' title='bbox 2377 492 2444 547; x_wconf 88' lang='lat' dir='ltr'><strong>de</strong></span> <span class='ocrx_word' id='word_1_388' title='bbox 2490 492 2610 562; x_wconf 87' lang='lat' dir='ltr'><strong>ipso</strong></span> <span class='ocrx_word' id='word_1_389' title='bbox 2651 508 2789 565; x_wconf 87' lang='lat' dir='ltr'><strong>pago</strong></span> <span class='ocrx_word' id='word_1_390' title='bbox 2828 509 2934 549; x_wconf 92' lang='lat' dir='ltr'><strong>non</strong></span> <span class='ocrx_word' id='word_1_391' title='bbox 2970 497 3036 551; x_wconf 89' lang='lat' dir='ltr'><strong>de</strong></span> <span class='ocrx_word' id='word_1_392' title='bbox 3066 498 3238 554; x_wconf 89' lang='lat' dir='ltr'><strong>altero</strong></span> <span class='ocrx_word' id='word_1_393' title='bbox 3268 508 3435 558; x_wconf 88' lang='lat' dir='ltr'><strong>testes</strong></span> 
     </span>
    </p>
   </div>
   <div class='ocr_carea' id='block_1_61' title="bbox 1848 579 3431 653">
    <p class='ocr_par' dir='ltr' id='par_1_61' title="bbox 1848 579 3431 653">
     <span class='ocr_line' id='line_1_61' title="bbox 1848 579 3431 653; baseline 0.008 -18"><span class='ocrx_word' id='word_1_394' title='bbox 1848 579 2137 651; x_wconf 86' lang='lat' dir='ltr'><strong>eligantur,</strong></span> <span class='ocrx_word' id='word_1_395' title='bbox 2169 582 2274 636; x_wconf 88' lang='lat' dir='ltr'><strong>nisi</strong></span> <span class='ocrx_word' id='word_1_396' title='bbox 2306 581 2444 637; x_wconf 85' lang='lat' dir='ltr'><strong>forte</strong></span> <span class='ocrx_word' id='word_1_397' title='bbox 2486 583 2699 653; x_wconf 81' lang='lat' dir='ltr'><strong>longius</strong></span> <span class='ocrx_word' id='word_1_398' title='bbox 2738 593 2892 640; x_wconf 84' lang='lat' dir='ltr'><strong>extra</strong></span> <span class='ocrx_word' id='word_1_399' title='bbox 2919 587 3235 645; x_wconf 85' lang='lat' dir='ltr'><strong>comitatum</strong></span> <span class='ocrx_word' id='word_1_400' title='bbox 3266 607 3431 648; x_wconf 86' lang='lat' dir='ltr'><strong>causa</strong></span> 
     </span>
    </p>
   </div>
   <div class='ocr_carea' id='block_1_62' title="bbox 1850 670 3431 753">
    <p class='ocr_par' dir='ltr' id='par_1_62' title="bbox 1850 670 3431 753">
     <span class='ocr_line' id='line_1_62' title="bbox 1850 670 3431 753; baseline 0.008 -28"><span class='ocrx_word' id='word_1_401' title='bbox 1850 670 1923 725; x_wconf 87' lang='lat' dir='ltr'><strong>sit</strong></span> <span class='ocrx_word' id='word_1_402' title='bbox 1955 672 2294 742; x_wconf 88' lang='lat' dir='ltr'><strong>inquirenda.</strong></span> <span class='ocrx_word' id='word_1_403' title='bbox 2349 674 2419 730; x_wconf 91' lang='lat' dir='ltr'><strong>Et</strong></span> <span class='ocrx_word' id='word_1_404' title='bbox 2455 675 2499 731; x_wconf 92' lang='lat' dir='ltr'><strong>si</strong></span> <span class='ocrx_word' id='word_1_405' title='bbox 2532 676 2656 747; x_wconf 88' lang='lat' dir='ltr'><strong>quis</strong></span> <span class='ocrx_word' id='word_1_406' title='bbox 2684 677 2963 733; x_wconf 87' lang='lat' dir='ltr'><strong>convictus</strong></span> <span class='ocrx_word' id='word_1_407' title='bbox 2992 678 3156 735; x_wconf 90' lang='lat' dir='ltr'><strong>fuerit</strong></span> <span class='ocrx_word' id='word_1_408' title='bbox 3184 682 3431 753; x_wconf 88' lang='lat' dir='ltr'><strong>perjurii,</strong></span> 
     </span>
    </p>
   </div>
   <div class='ocr_carea' id='block_1_63' title="bbox 1849 763 2707 833">
    <p class='ocr_par' dir='ltr' id='par_1_63' title="bbox 1849 763 2707 833">
     <span class='ocr_line' id='line_1_63' title="bbox 1849 763 2707 833; baseline 0.006 -17"><span class='ocrx_word' id='word_1_409' title='bbox 1849 763 2042 833; x_wconf 87' lang='lat' dir='ltr'><strong>perdat</strong></span> <span class='ocrx_word' id='word_1_410' title='bbox 2064 778 2302 831; x_wconf 88' lang='lat' dir='ltr'><strong>manum,</strong></span> <span class='ocrx_word' id='word_1_411' title='bbox 2334 773 2427 821; x_wconf 91' lang='lat' dir='ltr'><strong>aut</strong></span> <span class='ocrx_word' id='word_1_412' title='bbox 2455 766 2707 822; x_wconf 76' lang='lat' dir='ltr'><strong>redimat.</strong></span> 
     </span>
    </p>
   </div>
   <div class='ocr_carea' id='block_1_64' title="bbox 2419 877 2848 937">
    <p class='ocr_par' dir='ltr' id='par_1_64' title="bbox 2419 877 2848 937">
     <span class='ocr_line' id='line_1_64' title="bbox 2419 877 2848 937; baseline 0.002 -4"><span class='ocrx_word' id='word_1_413' title='bbox 2419 877 2722 937; x_wconf 84' lang='lat' dir='ltr'><strong>TITULUS</strong></span> <span class='ocrx_word' id='word_1_414' title='bbox 2759 880 2848 935; x_wconf 80' lang='lat' dir='ltr'><strong>IX.</strong></span> 
     </span>
    </p>
   </div>
   <div class='ocr_carea' id='block_1_65' title="bbox 2347 984 2941 1027">
    <p class='ocr_par' dir='ltr' id='par_1_65' title="bbox 2347 984 2941 1027">
     <span class='ocr_line' id='line_1_65' title="bbox 2347 984 2941 1027; baseline 0.007 -5"><span class='ocrx_word' id='word_1_415' title='bbox 2347 984 2414 1023; x_wconf 80' lang='lat' dir='ltr'><strong>DE</strong></span> <span class='ocrx_word' id='word_1_416' title='bbox 2451 984 2941 1027; x_wconf 68' lang='lat' dir='ltr'><strong>EXCOMIUNICATIS.</strong></span> 
     </span>
    </p>
   </div>
   <div class='ocr_carea' id='block_1_66' title="bbox 1850 1077 3431 1157">
    <p class='ocr_par' dir='ltr' id='par_1_66' title="bbox 1850 1077 3431 1157">
     <span class='ocr_line' id='line_1_66' title="bbox 1850 1077 3431 1157; baseline 0.012 -23"><span class='ocrx_word' id='word_1_417' title='bbox 1850 1077 1978 1135; x_wconf 73' lang='lat' dir='ltr'><strong>CAP.</strong></span> <span class='ocrx_word' id='word_1_418' title='bbox 2001 1081 2041 1136; x_wconf 92' lang='lat' dir='ltr'><strong>I.</strong></span> <span class='ocrx_word' id='word_1_419' title='bbox 2073 1079 2204 1136; x_wconf 87' lang='lat' dir='ltr'><strong>Cum</strong></span> <span class='ocrx_word' id='word_1_420' title='bbox 2225 1085 2690 1141; x_wconf 69' lang='lat' dir='ltr'><strong>excommunicatis</strong></span> <span class='ocrx_word' id='word_1_421' title='bbox 2718 1101 2824 1141; x_wconf 83' lang='lat' dir='ltr'><strong>non</strong></span> <span class='ocrx_word' id='word_1_422' title='bbox 2847 1084 3000 1143; x_wconf 82' lang='lat' dir='ltr'><strong>licere</strong></span> <span class='ocrx_word' id='word_1_423' title='bbox 3024 1106 3431 1157; x_wconf 66' lang='lat' dir='ltr'><strong>communicare.</strong></span> 
     </span>
    </p>
   </div>
   <div class='ocr_carea' id='block_1_67' title="bbox 2346 1175 2945 1249">
    <p class='ocr_par' dir='ltr' id='par_1_67' title="bbox 2346 1175 2945 1249">
     <span class='ocr_line' id='line_1_67' title="bbox 2346 1175 2945 1249; baseline 0.007 -19"><span class='ocrx_word' id='word_1_424' title='bbox 2346 1175 2421 1230; x_wconf 86' lang='lat' dir='ltr'><strong>Ex</strong></span> <span class='ocrx_word' id='word_1_425' title='bbox 2449 1175 2590 1232; x_wconf 91' lang='lat' dir='ltr'><strong>libro</strong></span> <span class='ocrx_word' id='word_1_426' title='bbox 2617 1192 2672 1244; x_wconf 88' lang='lat' dir='ltr'><strong>v,</strong></span> <span class='ocrx_word' id='word_1_427' title='bbox 2703 1192 2823 1249; x_wconf 89' lang='lat' dir='ltr'><strong>cap.</strong></span> <span class='ocrx_word' id='word_1_428' title='bbox 2854 1178 2945 1236; x_wconf 73' lang='lat'><strong>25.</strong></span> 
     </span>
    </p>
   </div>
   <div class='ocr_carea' id='block_1_68' title="bbox 1922 1280 3435 1361">
    <p class='ocr_par' dir='ltr' id='par_1_68' title="bbox 1922 1280 3435 1361">
     <span class='ocr_line' id='line_1_68' title="bbox 1922 1280 3435 1361; baseline 0.014 -27"><span class='ocrx_word' id='word_1_429' title='bbox 1922 1280 2063 1352; x_wconf 86' lang='lat' dir='ltr'><strong>(Lib.</strong></span> <span class='ocrx_word' id='word_1_430' title='bbox 2088 1299 2123 1338; x_wconf 86' lang='lat' dir='ltr'><strong>v</strong></span> <span class='ocrx_word' id='word_1_431' title='bbox 2143 1282 2460 1355; x_wconf 85' lang='lat' dir='ltr'><strong>Capitular.,</strong></span> <span class='ocrx_word' id='word_1_432' title='bbox 2486 1304 2608 1359; x_wconf 90' lang='lat' dir='ltr'><strong>cap.</strong></span> <span class='ocrx_word' id='word_1_433' title='bbox 2632 1288 2750 1361; x_wconf 75' lang='lat'><strong>25.)</strong></span> <span class='ocrx_word' id='word_1_434' title='bbox 2785 1289 2921 1347; x_wconf 86' lang='lat' dir='ltr'><strong>Cum</strong></span> <span class='ocrx_word' id='word_1_435' title='bbox 2949 1298 3435 1355; x_wconf 82' lang='lat' dir='ltr'><strong>excommunicatis</strong></span> 
     </span>
    </p>
   </div>
   <div class='ocr_carea' id='block_1_69' title="bbox 1852 1374 3435 1458">
    <p class='ocr_par' dir='ltr' id='par_1_69' title="bbox 1852 1374 3435 1458">
     <span class='ocr_line' id='line_1_69' title="bbox 1852 1374 3435 1458; baseline 0.011 -30"><span class='ocrx_word' id='word_1_436' title='bbox 1852 1390 1960 1429; x_wconf 91' lang='lat' dir='ltr'><strong>non</strong></span> <span class='ocrx_word' id='word_1_437' title='bbox 1990 1374 2157 1431; x_wconf 88' lang='lat' dir='ltr'><strong>licere</strong></span> <span class='ocrx_word' id='word_1_438' title='bbox 2178 1381 2602 1448; x_wconf 86' lang='lat' dir='ltr'><strong>communicare,</strong></span> <span class='ocrx_word' id='word_1_439' title='bbox 2630 1398 2731 1439; x_wconf 89' lang='lat' dir='ltr'><strong>nec</strong></span> <span class='ocrx_word' id='word_1_440' title='bbox 2752 1399 2876 1440; x_wconf 91' lang='lat' dir='ltr'><strong>cum</strong></span> <span class='ocrx_word' id='word_1_441' title='bbox 2903 1385 2990 1442; x_wconf 88' lang='lat' dir='ltr'><strong>his</strong></span> <span class='ocrx_word' id='word_1_442' title='bbox 3010 1388 3101 1457; x_wconf 88' lang='lat' dir='ltr'><strong>qui</strong></span> <span class='ocrx_word' id='word_1_443' title='bbox 3126 1404 3226 1458; x_wconf 86' lang='lat' dir='ltr'><strong>per</strong></span> <span class='ocrx_word' id='word_1_444' title='bbox 3243 1391 3435 1446; x_wconf 86' lang='lat' dir='ltr'><strong>domos</strong></span> 
     </span>
    </p>
   </div>
   <div class='ocr_carea' id='block_1_70' title="bbox 1849 1468 3436 1543">
    <p class='ocr_par' dir='ltr' id='par_1_70' title="bbox 1849 1468 3436 1543">
     <span class='ocr_line' id='line_1_70' title="bbox 1849 1468 3436 1543; baseline 0.009 -22"><span class='ocrx_word' id='word_1_445' title='bbox 1849 1468 2183 1523; x_wconf 85' lang='lat' dir='ltr'><strong>conveniunt</strong></span> <span class='ocrx_word' id='word_1_446' title='bbox 2198 1471 2498 1527; x_wconf 85' lang='lat' dir='ltr'><strong>devitantcs</strong></span> <span class='ocrx_word' id='word_1_447' title='bbox 2518 1473 2794 1530; x_wconf 88' lang='lat' dir='ltr'><strong>orationes</strong></span> <span class='ocrx_word' id='word_1_448' title='bbox 2810 1475 3082 1543; x_wconf 73' lang='lat' dir='ltr'><strong>Ecclesiae,</strong></span> <span class='ocrx_word' id='word_1_449' title='bbox 3097 1480 3259 1535; x_wconf 86' lang='lat' dir='ltr'><strong>simul</strong></span> <span class='ocrx_word' id='word_1_450' title='bbox 3272 1496 3436 1537; x_wconf 87' lang='lat' dir='ltr'><strong>oran-</strong></span> 
     </span>
    </p>
   </div>
   <div class='ocr_carea' id='block_1_71' title="bbox 1850 1558 3435 1644">
    <p class='ocr_par' dir='ltr' id='par_1_71' title="bbox 1850 1558 3435 1644">
     <span class='ocr_line' id='line_1_71' title="bbox 1850 1558 3435 1644; baseline 0.01 -31"><span class='ocrx_word' id='word_1_451' title='bbox 1850 1558 1976 1613; x_wconf 91' lang='lat' dir='ltr'><strong>dum</strong></span> <span class='ocrx_word' id='word_1_452' title='bbox 2005 1567 2109 1615; x_wconf 87' lang='lat' dir='ltr'><strong>est.</strong></span> <span class='ocrx_word' id='word_1_453' title='bbox 2163 1561 2248 1616; x_wconf 86' lang='lat' dir='ltr'><strong>Ab</strong></span> <span class='ocrx_word' id='word_1_454' title='bbox 2285 1562 2391 1618; x_wconf 92' lang='lat' dir='ltr'><strong>alla</strong></span> <span class='ocrx_word' id='word_1_455' title='bbox 2431 1565 2662 1622; x_wconf 89' lang='lat' dir='ltr'><strong>ecclesia</strong></span> <span class='ocrx_word' id='word_1_456' title='bbox 2708 1582 2818 1623; x_wconf 88' lang='lat' dir='ltr'><strong>non</strong></span> <span class='ocrx_word' id='word_1_457' title='bbox 2866 1570 3199 1641; x_wconf 85' lang='lat' dir='ltr'><strong>suscipiatur</strong></span> <span class='ocrx_word' id='word_1_458' title='bbox 3236 1573 3330 1644; x_wconf 90' lang='lat' dir='ltr'><strong>qui</strong></span> <span class='ocrx_word' id='word_1_459' title='bbox 3376 1574 3435 1629; x_wconf 91' lang='lat' dir='ltr'><strong>in</strong></span> 
     </span>
    </p>
   </div>
   <div class='ocr_carea' id='block_1_72' title="bbox 1775 1648 2687 1725">
    <p class='ocr_par' dir='ltr' id='par_1_72' title="bbox 1775 1648 2687 1725">
     <span class='ocr_line' id='line_1_72' title="bbox 1775 1648 2687 1725; baseline 0.009 -24"><span class='ocrx_word' id='word_1_460' title='bbox 1775 1657 1826 1718; x_wconf 78' lang='grc' dir='ltr'><strong>Β</strong></span> <span class='ocrx_word' id='word_1_461' title='bbox 1854 1648 2030 1703; x_wconf 88' lang='lat' dir='ltr'><strong>aliena</strong></span> <span class='ocrx_word' id='word_1_462' title='bbox 2059 1651 2282 1708; x_wconf 89' lang='lat' dir='ltr'><strong>minime</strong></span> <span class='ocrx_word' id='word_1_463' title='bbox 2307 1664 2687 1725; x_wconf 80' lang='lat' dir='ltr'><strong>congregatur.</strong></span> 
     </span>
    </p>
   </div>
   <div class='ocr_carea' id='block_1_73' title="bbox 1851 1758 3432 1904">
    <p class='ocr_par' dir='ltr' id='par_1_73' title="bbox 1851 1758 3432 1904">
     <span class='ocr_line' id='line_1_73' title="bbox 1851 1758 3432 1904; baseline 0.008 -88"><span class='ocrx_word' id='word_1_464' title='bbox 1851 1758 1980 1816; x_wconf 75' lang='lat' dir='ltr'><strong>CAP.</strong></span> <span class='ocrx_word' id='word_1_465' title='bbox 2010 1759 2076 1815; x_wconf 91' lang='lat' dir='ltr'><strong>II.</strong></span> <span class='ocrx_word' id='word_1_466' title='bbox 2119 1759 2195 1817; x_wconf 89' lang='lat' dir='ltr'><strong>De</strong></span> <span class='ocrx_word' id='word_1_467' title='bbox 2221 1778 2282 1817; x_wconf 83' lang='lat' dir='ltr'><strong>eo</strong></span> <span class='ocrx_word' id='word_1_468' title='bbox 2309 1764 2400 1833; x_wconf 86' lang='lat' dir='ltr'><strong>qui</strong></span> <span class='ocrx_word' id='word_1_469' title='bbox 2428 1776 2907 1904; x_wconf 46' lang='lat' dir='ltr'><strong>excormuntcatus</strong></span> <span class='ocrx_word' id='word_1_470' title='bbox 2940 1785 3036 1840; x_wconf 80' lang='lat' dir='ltr'><strong>pro</strong></span> <span class='ocrx_word' id='word_1_471' title='bbox 3070 1786 3167 1826; x_wconf 91' lang='lat' dir='ltr'><strong>suo</strong></span> <span class='ocrx_word' id='word_1_472' title='bbox 3195 1773 3432 1845; x_wconf 81' lang='lat' dir='ltr'><strong>neglectu</strong></span> 
     </span>
     <span class='ocr_line' id='line_1_74' title="bbox 2582 1847 2737 1893; baseline 0.019 -3"><span class='ocrx_word' id='word_1_473' title='bbox 2582 1847 2737 1893; x_wconf 73' lang='lat' dir='ltr'><strong>uerat.</strong></span> 
     </span>
    </p>
   </div>
   <div class='ocr_carea' id='block_1_74' title="bbox 2582 1847 2737 1893">
    <p class='ocr_par' dir='ltr' id='par_1_74' title="bbox 2582 1847 2737 1893">
     <span class='ocr_line' id='line_1_75' title="bbox 2582 1847 2737 1893; baseline 0.019 -3"><span class='ocrx_word' id='word_1_474' title='bbox 2582 1847 2737 1893; x_wconf 73' lang='lat' dir='ltr'><strong>uerat.</strong></span> 
     </span>
    </p>
   </div>
   <div class='ocr_carea' id='block_1_75' title="bbox 2233 1942 3043 2021">
    <p class='ocr_par' dir='ltr' id='par_1_75' title="bbox 2233 1942 3043 2021">
     <span class='ocr_line' id='line_1_76' title="bbox 2233 1942 3043 2021; baseline 0.014 -23"><span class='ocrx_word' id='word_1_475' title='bbox 2233 1942 2322 1999; x_wconf 79' lang='lat' dir='ltr'><strong>Ex</strong></span> <span class='ocrx_word' id='word_1_476' title='bbox 2350 1945 2539 2001; x_wconf 90' lang='lat' dir='ltr'><strong>eodem</strong></span> <span class='ocrx_word' id='word_1_477' title='bbox 2570 1947 2729 2014; x_wconf 91' lang='lat' dir='ltr'><strong>libro,</strong></span> <span class='ocrx_word' id='word_1_478' title='bbox 2761 1964 2884 2021; x_wconf 86' lang='lat' dir='ltr'><strong>cap.</strong></span> <span class='ocrx_word' id='word_1_479' title='bbox 2914 1952 3043 2009; x_wconf 78' lang='grc'>258.</span> 
     </span>
    </p>
   </div>
   <div class='ocr_carea' id='block_1_76' title="bbox 1923 2055 3435 2138">
    <p class='ocr_par' dir='ltr' id='par_1_76' title="bbox 1923 2055 3435 2138">
     <span class='ocr_line' id='line_1_77' title="bbox 1923 2055 3435 2138; baseline 0.011 -29"><span class='ocrx_word' id='word_1_480' title='bbox 1923 2057 2001 2128; x_wconf 93' lang='lat' dir='ltr'><strong>(v,</strong></span> <span class='ocrx_word' id='word_1_481' title='bbox 2027 2055 2144 2128; x_wconf 75' lang='lat'><strong>28.)</strong></span> <span class='ocrx_word' id='word_1_482' title='bbox 2181 2055 2238 2112; x_wconf 88' lang='lat' dir='ltr'><strong>Si</strong></span> <span class='ocrx_word' id='word_1_483' title='bbox 2265 2058 2388 2128; x_wconf 87' lang='lat' dir='ltr'><strong>quis</strong></span> <span class='ocrx_word' id='word_1_484' title='bbox 2410 2061 2910 2118; x_wconf 77' lang='lat' dir='ltr'><strong>excommunicatus</strong></span> <span class='ocrx_word' id='word_1_485' title='bbox 2935 2079 3035 2134; x_wconf 90' lang='lat' dir='ltr'><strong>pro</strong></span> <span class='ocrx_word' id='word_1_486' title='bbox 3061 2081 3159 2122; x_wconf 91' lang='lat' dir='ltr'><strong>suo</strong></span> <span class='ocrx_word' id='word_1_487' title='bbox 3185 2068 3435 2138; x_wconf 88' lang='lat' dir='ltr'><strong>neglectu</strong></span> 
     </span>
    </p>
   </div>
   <div class='ocr_carea' id='block_1_77' title="bbox 1851 2146 3434 2219">
    <p class='ocr_par' dir='ltr' id='par_1_77' title="bbox 1851 2146 3434 2219">
     <span class='ocr_line' id='line_1_78' title="bbox 1851 2146 3434 2219; baseline 0.009 -18"><span class='ocrx_word' id='word_1_488' title='bbox 1851 2146 2046 2213; x_wconf 89' lang='lat' dir='ltr'><strong>fuerit,</strong></span> <span class='ocrx_word' id='word_1_489' title='bbox 2082 2155 2137 2203; x_wconf 90' lang='lat' dir='ltr'><strong>et</strong></span> <span class='ocrx_word' id='word_1_490' title='bbox 2164 2155 2409 2219; x_wconf 89' lang='lat' dir='ltr'><strong>tempore</strong></span> <span class='ocrx_word' id='word_1_491' title='bbox 2434 2152 3013 2211; x_wconf 82' lang='lat' dir='ltr'><strong>excommunicationis</strong></span> <span class='ocrx_word' id='word_1_492' title='bbox 3042 2172 3152 2212; x_wconf 68' lang='lat' dir='ltr'><strong>sua:</strong></span> <span class='ocrx_word' id='word_1_493' title='bbox 3178 2168 3305 2216; x_wconf 87' lang='lat' dir='ltr'><strong>ante</strong></span> <span class='ocrx_word' id='word_1_494' title='bbox 3333 2176 3434 2216; x_wconf 90' lang='lat' dir='ltr'><strong>au-</strong></span> 
     </span>
    </p>
   </div>
   <div class='ocr_carea' id='block_1_78' title="bbox 1851 2238 3437 2319">
    <p class='ocr_par' dir='ltr' id='par_1_78' title="bbox 1851 2238 3437 2319">
     <span class='ocr_line' id='line_1_79' title="bbox 1851 2238 3437 2319; baseline 0.009 -26"><span class='ocrx_word' id='word_1_495' title='bbox 1851 2238 2109 2294; x_wconf 88' lang='lat' dir='ltr'><strong>dientiam</strong></span> <span class='ocrx_word' id='word_1_496' title='bbox 2160 2240 2567 2296; x_wconf 87' lang='lat' dir='ltr'><strong>communicare</strong></span> <span class='ocrx_word' id='word_1_497' title='bbox 2611 2247 3049 2314; x_wconf 63' lang='lat' dir='ltr'><strong>praesumpserit,</strong></span> <span class='ocrx_word' id='word_1_498' title='bbox 3103 2248 3219 2319; x_wconf 90' lang='lat' dir='ltr'><strong>ipse</strong></span> <span class='ocrx_word' id='word_1_499' title='bbox 3272 2250 3325 2305; x_wconf 89' lang='lat' dir='ltr'><strong>in</strong></span> <span class='ocrx_word' id='word_1_500' title='bbox 3374 2267 3437 2307; x_wconf 88' lang='lat' dir='ltr'><strong>se</strong></span> 
     </span>
    </p>
   </div>
   <div class='ocr_carea' id='block_1_79' title="bbox 1850 2329 3214 2403">
    <p class='ocr_par' dir='ltr' id='par_1_79' title="bbox 1850 2329 3214 2403">
     <span class='ocr_line' id='line_1_80' title="bbox 1850 2329 3214 2403; baseline 0.005 -17"><span class='ocrx_word' id='word_1_501' title='bbox 1850 2329 2219 2386; x_wconf 89' lang='lat' dir='ltr'><strong>damnationis</strong></span> <span class='ocrx_word' id='word_1_502' title='bbox 2242 2329 2520 2401; x_wconf 90' lang='lat' dir='ltr'><strong>judicetur</strong></span> <span class='ocrx_word' id='word_1_503' title='bbox 2548 2333 2838 2403; x_wconf 89' lang='lat' dir='ltr'><strong>protulisse</strong></span> <span class='ocrx_word' id='word_1_504' title='bbox 2864 2338 3214 2393; x_wconf 89' lang='lat' dir='ltr'><strong>sententiam.</strong></span> 
     </span>
    </p>
   </div>
   <div class='ocr_carea' id='block_1_80' title="bbox 1849 2442 3439 2529">
    <p class='ocr_par' dir='ltr' id='par_1_80' title="bbox 1849 2442 3439 2529">
     <span class='ocr_line' id='line_1_81' title="bbox 1849 2442 3439 2529; baseline 0.009 -31"><span class='ocrx_word' id='word_1_505' title='bbox 1849 2442 1979 2498; x_wconf 67' lang='lat' dir='ltr'><strong>Car.</strong></span> <span class='ocrx_word' id='word_1_506' title='bbox 2005 2442 2090 2497; x_wconf 92' lang='lat' dir='ltr'><strong>III.</strong></span> <span class='ocrx_word' id='word_1_507' title='bbox 2128 2442 2207 2498; x_wconf 82' lang='lat' dir='ltr'><strong>De</strong></span> <span class='ocrx_word' id='word_1_508' title='bbox 2233 2443 2315 2497; x_wconf 79' lang='lat' dir='ltr'><strong>Itis</strong></span> <span class='ocrx_word' id='word_1_509' title='bbox 2341 2444 2432 2515; x_wconf 85' lang='lat' dir='ltr'><strong>qui</strong></span> <span class='ocrx_word' id='word_1_510' title='bbox 2458 2461 2577 2500; x_wconf 88' lang='lat' dir='ltr'><strong>cum</strong></span> <span class='ocrx_word' id='word_1_511' title='bbox 2603 2451 3053 2529; x_wconf 57' lang='lat' dir='ltr'><strong>eacommunicato</strong></span> <span class='ocrx_word' id='word_1_512' title='bbox 3081 2458 3439 2512; x_wconf 83' lang='lat' dir='ltr'><strong>communica-</strong></span> 
     </span>
    </p>
   </div>
   <div class='ocr_carea' id='block_1_81' title="bbox 2542 2527 2730 2572">
    <p class='ocr_par' dir='ltr' id='par_1_81' title="bbox 2542 2527 2730 2572">
     <span class='ocr_line' id='line_1_82' title="bbox 2542 2527 2730 2572; baseline 0.005 -1"><span class='ocrx_word' id='word_1_513' title='bbox 2542 2527 2730 2572; x_wconf 79' lang='lat' dir='ltr'><strong>verint.</strong></span> 
     </span>
    </p>
   </div>
   <div class='ocr_carea' id='block_1_82' title="bbox 2257 2606 3014 2682">
    <p class='ocr_par' dir='ltr' id='par_1_82' title="bbox 2257 2606 3014 2682">
     <span class='ocr_line' id='line_1_83' title="bbox 2257 2606 3014 2682; baseline 0.011 -22"><span class='ocrx_word' id='word_1_514' title='bbox 2257 2606 2338 2661; x_wconf 81' lang='lat' dir='ltr'><strong>Ex</strong></span> <span class='ocrx_word' id='word_1_515' title='bbox 2367 2607 2556 2663; x_wconf 90' lang='lat' dir='ltr'><strong>eodem</strong></span> <span class='ocrx_word' id='word_1_516' title='bbox 2585 2608 2743 2677; x_wconf 91' lang='lat' dir='ltr'><strong>libro,</strong></span> <span class='ocrx_word' id='word_1_517' title='bbox 2775 2626 2894 2682; x_wconf 90' lang='lat' dir='ltr'><strong>cap.</strong></span> <span class='ocrx_word' id='word_1_518' title='bbox 2924 2613 3014 2669; x_wconf 86' lang='lat'><strong>75.</strong></span> 
     </span>
    </p>
   </div>
   <div class='ocr_carea' id='block_1_83' title="bbox 1919 2713 3434 2801">
    <p class='ocr_par' dir='ltr' id='par_1_83' title="bbox 1919 2713 3434 2801">
     <span class='ocr_line' id='line_1_84' title="bbox 1919 2713 3434 2801; baseline 0.014 -34"><span class='ocrx_word' id='word_1_519' title='bbox 1919 2713 1980 2786; x_wconf 88' lang='grc' dir='ltr'><strong>(ι,</strong></span> <span class='ocrx_word' id='word_1_520' title='bbox 2005 2713 2121 2785; x_wconf 87' lang='grc'>56.)</span> <span class='ocrx_word' id='word_1_521' title='bbox 2157 2715 2227 2771; x_wconf 92' lang='lat' dir='ltr'><strong>Ut</strong></span> <span class='ocrx_word' id='word_1_522' title='bbox 2250 2717 2343 2787; x_wconf 89' lang='lat' dir='ltr'><strong>qui</strong></span> <span class='ocrx_word' id='word_1_523' title='bbox 2369 2732 2493 2773; x_wconf 93' lang='lat' dir='ltr'><strong>cum</strong></span> <span class='ocrx_word' id='word_1_524' title='bbox 2520 2723 2991 2780; x_wconf 75' lang='lat' dir='ltr'><strong>excommunicato</strong></span> <span class='ocrx_word' id='word_1_525' title='bbox 3018 2731 3434 2801; x_wconf 73' lang='lat' dir='ltr'><strong>pnesumptioso</strong></span> 
     </span>
    </p>
   </div>
   <div class='ocr_carea' id='block_1_84' title="bbox 1847 2804 3099 2886">
    <p class='ocr_par' dir='ltr' id='par_1_84' title="bbox 1847 2804 3099 2886">
     <span class='ocr_line' id='line_1_85' title="bbox 1847 2804 3099 2886; baseline 0.013 -30"><span class='ocrx_word' id='word_1_526' title='bbox 1847 2804 2333 2862; x_wconf 87' lang='lat' dir='ltr'><strong>communicaverit</strong></span> <span class='ocrx_word' id='word_1_527' title='bbox 2354 2810 2859 2868; x_wconf 66' lang='lat' dir='ltr'><strong>exctimmunicetur</strong></span> <span class='ocrx_word' id='word_1_528' title='bbox 2882 2823 2938 2869; x_wconf 89' lang='lat' dir='ltr'><strong>et</strong></span> <span class='ocrx_word' id='word_1_529' title='bbox 2963 2815 3099 2886; x_wconf 87' lang='lat' dir='ltr'><strong>ipse.</strong></span> 
     </span>
    </p>
   </div>
   <div class='ocr_carea' id='block_1_85' title="bbox 1846 2915 3436 2995">
    <p class='ocr_par' dir='ltr' id='par_1_85' title="bbox 1846 2915 3436 2995">
     <span class='ocr_line' id='line_1_86' title="bbox 1846 2915 3436 2995; baseline 0.01 -23"><span class='ocrx_word' id='word_1_530' title='bbox 1846 2915 1973 2972; x_wconf 65' lang='lat' dir='ltr'><strong>Car.</strong></span> <span class='ocrx_word' id='word_1_531' title='bbox 2007 2918 2096 2973; x_wconf 92' lang='lat' dir='ltr'><strong>IV.</strong></span> <span class='ocrx_word' id='word_1_532' title='bbox 2136 2917 2215 2974; x_wconf 88' lang='lat' dir='ltr'><strong>De</strong></span> <span class='ocrx_word' id='word_1_533' title='bbox 2242 2920 2324 2975; x_wconf 76' lang='lat' dir='ltr'><strong>Itis</strong></span> <span class='ocrx_word' id='word_1_534' title='bbox 2348 2922 2439 2995; x_wconf 81' lang='lat' dir='ltr'><strong>qui</strong></span> <span class='ocrx_word' id='word_1_535' title='bbox 2466 2923 2827 2995; x_wconf 76' lang='lat' dir='ltr'><strong>episcoporum</strong></span> <span class='ocrx_word' id='word_1_536' title='bbox 2865 2930 3188 2987; x_wconf 83' lang='lat' dir='ltr'><strong>vocationem</strong></span> <span class='ocrx_word' id='word_1_537' title='bbox 3216 2933 3294 2989; x_wconf 78' lang='lat' dir='ltr'><strong>vel</strong></span> <span class='ocrx_word' id='word_1_538' title='bbox 3319 2952 3436 2990; x_wconf 81' lang='lat' dir='ltr'><strong>cor-</strong></span> 
     </span>
    </p>
   </div>
   <div class='ocr_carea' id='block_1_86' title="bbox 2274 2993 3004 3069">
    <p class='ocr_par' dir='ltr' id='par_1_86' title="bbox 2274 2993 3004 3069">
     <span class='ocr_line' id='line_1_87' title="bbox 2274 2993 3004 3069; baseline 0.014 -25"><span class='ocrx_word' id='word_1_539' title='bbox 2274 2993 2554 3060; x_wconf 84' lang='lat' dir='ltr'><strong>reptionem</strong></span> <span class='ocrx_word' id='word_1_540' title='bbox 2583 2993 3004 3069; x_wconf 78' lang='lat' dir='ltr'><strong>contempserint.</strong></span> 
     </span>
    </p>
   </div>
   <div class='ocr_carea' id='block_1_87' title="bbox 2328 3103 2951 3180">
    <p class='ocr_par' dir='ltr' id='par_1_87' title="bbox 2328 3103 2951 3180">
     <span class='ocr_line' id='line_1_88' title="bbox 2328 3103 2951 3180; baseline 0.011 -23"><span class='ocrx_word' id='word_1_541' title='bbox 2328 3103 2409 3158; x_wconf 75' lang='lat' dir='ltr'><strong>Ex</strong></span> <span class='ocrx_word' id='word_1_542' title='bbox 2439 3104 2577 3162; x_wconf 91' lang='lat' dir='ltr'><strong>libro</strong></span> <span class='ocrx_word' id='word_1_543' title='bbox 2603 3122 2679 3174; x_wconf 70' lang='grc' dir='ltr'><strong>γι,</strong></span> <span class='ocrx_word' id='word_1_544' title='bbox 2711 3123 2829 3180; x_wconf 90' lang='lat' dir='ltr'><strong>cap.</strong></span> <span class='ocrx_word' id='word_1_545' title='bbox 2862 3110 2951 3167; x_wconf 90' lang='lat'><strong>88.</strong></span> 
     </span>
    </p>
   </div>
   <div class='ocr_carea' id='block_1_88' title="bbox 1916 3209 3429 3293">
    <p class='ocr_par' dir='ltr' id='par_1_88' title="bbox 1916 3209 3429 3293">
     <span class='ocr_line' id='line_1_89' title="bbox 1916 3209 3429 3293; baseline 0.013 -29"><span class='ocrx_word' id='word_1_546' title='bbox 1916 3209 2014 3281; x_wconf 85' lang='lat' dir='ltr'><strong>(vt,</strong></span> <span class='ocrx_word' id='word_1_547' title='bbox 2044 3210 2160 3281; x_wconf 89' lang='lat'><strong>88.)</strong></span> <span class='ocrx_word' id='word_1_548' title='bbox 2200 3210 2259 3267; x_wconf 89' lang='lat' dir='ltr'><strong>Si</strong></span> <span class='ocrx_word' id='word_1_549' title='bbox 2289 3213 2412 3282; x_wconf 92' lang='lat' dir='ltr'><strong>quis</strong></span> <span class='ocrx_word' id='word_1_550' title='bbox 2438 3215 2781 3272; x_wconf 62' lang='lat' dir='ltr'><strong>saecularium</strong></span> <span class='ocrx_word' id='word_1_551' title='bbox 2810 3226 2923 3274; x_wconf 89' lang='lat' dir='ltr'><strong>tam</strong></span> <span class='ocrx_word' id='word_1_552' title='bbox 2951 3220 3174 3290; x_wconf 87' lang='lat' dir='ltr'><strong>majoris</strong></span> <span class='ocrx_word' id='word_1_553' title='bbox 3199 3225 3429 3293; x_wconf 87' lang='lat' dir='ltr'><strong>ordinis,</strong></span> 
     </span>
    </p>
   </div>
   <div class='ocr_carea' id='block_1_89' title="bbox 1843 3304 3432 3391">
    <p class='ocr_par' dir='ltr' id='par_1_89' title="bbox 1843 3304 3432 3391">
     <span class='ocr_line' id='line_1_90' title="bbox 1843 3304 3432 3391; baseline 0.011 -34"><span class='ocrx_word' id='word_1_554' title='bbox 1843 3318 2007 3374; x_wconf 90' lang='lat' dir='ltr'><strong>quam</strong></span> <span class='ocrx_word' id='word_1_555' title='bbox 2038 3312 2094 3360; x_wconf 90' lang='lat' dir='ltr'><strong>et</strong></span> <span class='ocrx_word' id='word_1_556' title='bbox 2118 3304 2419 3372; x_wconf 90' lang='lat' dir='ltr'><strong>inferioris,</strong></span> <span class='ocrx_word' id='word_1_557' title='bbox 2459 3307 2744 3379; x_wconf 72' lang='lat' dir='ltr'><strong>peccatum</strong></span> <span class='ocrx_word' id='word_1_558' title='bbox 2778 3312 2972 3382; x_wconf 84' lang='lat' dir='ltr'><strong>egerit,</strong></span> <span class='ocrx_word' id='word_1_559' title='bbox 3004 3324 3070 3391; x_wconf 21' lang='lat' dir='ltr'><strong>{et</strong></span> <span class='ocrx_word' id='word_1_560' title='bbox 3093 3325 3318 3374; x_wconf 89' lang='lat' dir='ltr'><strong>vocatus</strong></span> <span class='ocrx_word' id='word_1_561' title='bbox 3346 3323 3432 3375; x_wconf 90' lang='lat' dir='ltr'><strong>sui</strong></span> 
     </span>
    </p>
   </div>
   <div class='ocr_carea' id='block_1_90' title="bbox 1842 3395 3429 3477">
    <p class='ocr_par' dir='ltr' id='par_1_90' title="bbox 1842 3395 3429 3477">
     <span class='ocr_line' id='line_1_91' title="bbox 1842 3395 3429 3477; baseline 0.009 -27"><span class='ocrx_word' id='word_1_562' title='bbox 1842 3395 2079 3466; x_wconf 90' lang='lat' dir='ltr'><strong>episcopi</strong></span> <span class='ocrx_word' id='word_1_563' title='bbox 2110 3397 2435 3454; x_wconf 90' lang='lat' dir='ltr'><strong>auctoritate</strong></span> <span class='ocrx_word' id='word_1_564' title='bbox 2460 3399 2528 3454; x_wconf 89' lang='lat' dir='ltr'><strong>ad</strong></span> <span class='ocrx_word' id='word_1_565' title='bbox 2565 3401 2999 3459; x_wconf 88' lang='lat' dir='ltr'><strong>emendationem</strong></span> <span class='ocrx_word' id='word_1_566' title='bbox 3044 3420 3109 3461; x_wconf 92' lang='lat' dir='ltr'><strong>ac</strong></span> <span class='ocrx_word' id='word_1_567' title='bbox 3153 3409 3429 3477; x_wconf 86' lang='lat' dir='ltr'><strong>poeniten-</strong></span> 
     </span>
    </p>
   </div>
   <div class='ocr_carea' id='block_1_91' title="bbox 1843 3487 3427 3567">
    <p class='ocr_par' dir='ltr' id='par_1_91' title="bbox 1843 3487 3427 3567">
     <span class='ocr_line' id='line_1_92' title="bbox 1843 3487 3427 3567; baseline 0.009 -26"><span class='ocrx_word' id='word_1_568' title='bbox 1843 3487 1973 3542; x_wconf 89' lang='lat' dir='ltr'><strong>tiam</strong></span> <span class='ocrx_word' id='word_1_569' title='bbox 1996 3487 2181 3542; x_wconf 88' lang='lat' dir='ltr'><strong>venire</strong></span> <span class='ocrx_word' id='word_1_570' title='bbox 2201 3487 2491 3554; x_wconf 90' lang='lat' dir='ltr'><strong>distulerit,</strong></span> <span class='ocrx_word' id='word_1_571' title='bbox 2516 3491 2702 3546; x_wconf 91' lang='lat' dir='ltr'><strong>tandiu</strong></span> <span class='ocrx_word' id='word_1_572' title='bbox 2724 3491 2795 3547; x_wconf 90' lang='lat' dir='ltr'><strong>sit</strong></span> <span class='ocrx_word' id='word_1_573' title='bbox 2816 3493 2885 3548; x_wconf 89' lang='lat' dir='ltr'><strong>ab</strong></span> <span class='ocrx_word' id='word_1_574' title='bbox 2904 3493 3146 3552; x_wconf 84' lang='lat' dir='ltr'><strong>Ecclesia</strong></span> <span class='ocrx_word' id='word_1_575' title='bbox 3169 3501 3427 3567; x_wconf 83' lang='lat' dir='ltr'><strong>extorris,</strong></span> 
     </span>
    </p>
   </div>
   <div class='ocr_carea' id='block_1_92' title="bbox 1841 3578 3430 3661">
    <p class='ocr_par' dir='ltr' id='par_1_92' title="bbox 1841 3578 3430 3661">
     <span class='ocr_line' id='line_1_93' title="bbox 1841 3578 3430 3661; baseline 0.009 -29"><span class='ocrx_word' id='word_1_576' title='bbox 1841 3587 1898 3633; x_wconf 92' lang='lat' dir='ltr'><strong>et</strong></span> <span class='ocrx_word' id='word_1_577' title='bbox 1937 3578 2330 3634; x_wconf 88' lang='lat' dir='ltr'><strong>catholicorum</strong></span> <span class='ocrx_word' id='word_1_578' title='bbox 2373 3581 2651 3638; x_wconf 85' lang='lat' dir='ltr'><strong>consortio</strong></span> <span class='ocrx_word' id='word_1_579' title='bbox 2694 3593 3098 3655; x_wconf 90' lang='lat' dir='ltr'><strong>sequestratus,</strong></span> <span class='ocrx_word' id='word_1_580' title='bbox 3144 3604 3430 3661; x_wconf 86' lang='lat' dir='ltr'><strong>quousque</strong></span> 
     </span>
    </p>
   </div>
   <div class='ocr_carea' id='block_1_93' title="bbox 1842 3673 3430 3752">
    <p class='ocr_par' dir='ltr' id='par_1_93' title="bbox 1842 3673 3430 3752">
     <span class='ocr_line' id='line_1_94' title="bbox 1842 3673 3430 3752; baseline 0.008 -27"><span class='ocrx_word' id='word_1_581' title='bbox 1842 3673 1986 3742; x_wconf 66' lang='lat' dir='ltr'><strong>quod</strong></span> <span class='ocrx_word' id='word_1_582' title='bbox 2014 3673 2288 3728; x_wconf 90' lang='lat' dir='ltr'><strong>commisit</strong></span> <span class='ocrx_word' id='word_1_583' title='bbox 2316 3674 2596 3740; x_wconf 89' lang='lat' dir='ltr'><strong>emendet,</strong></span> <span class='ocrx_word' id='word_1_584' title='bbox 2635 3691 2699 3731; x_wconf 87' lang='lat' dir='ltr'><strong>ac</strong></span> <span class='ocrx_word' id='word_1_585' title='bbox 2730 3686 2940 3733; x_wconf 88' lang='lat' dir='ltr'><strong>reatum</strong></span> <span class='ocrx_word' id='word_1_586' title='bbox 2969 3695 3125 3735; x_wconf 89' lang='lat' dir='ltr'><strong>suum</strong></span> <span class='ocrx_word' id='word_1_587' title='bbox 3158 3695 3329 3752; x_wconf 86' lang='lat' dir='ltr'><strong>usque</strong></span> <span class='ocrx_word' id='word_1_588' title='bbox 3358 3684 3430 3738; x_wconf 84' lang='lat' dir='ltr'><strong>ad</strong></span> 
     </span>
    </p>
   </div>
   <div class='ocr_carea' id='block_1_94' title="bbox 1842 3762 3429 3841">
    <p class='ocr_par' dir='ltr' id='par_1_94' title="bbox 1842 3762 3429 3841">
     <span class='ocr_line' id='line_1_95' title="bbox 1842 3762 3429 3841; baseline 0.008 -23"><span class='ocrx_word' id='word_1_589' title='bbox 1842 3762 2268 3818; x_wconf 86' lang='lat' dir='ltr'><strong>satisfactionem</strong></span> <span class='ocrx_word' id='word_1_590' title='bbox 2295 3765 2556 3822; x_wconf 89' lang='lat' dir='ltr'><strong>canonice</strong></span> <span class='ocrx_word' id='word_1_591' title='bbox 2581 3766 2771 3833; x_wconf 89' lang='lat' dir='ltr'><strong>diluat,</strong></span> <span class='ocrx_word' id='word_1_592' title='bbox 2797 3777 2958 3841; x_wconf 91' lang='lat' dir='ltr'><strong>atque</strong></span> <span class='ocrx_word' id='word_1_593' title='bbox 2984 3772 3429 3830; x_wconf 85' lang='lat' dir='ltr'><strong>reconciliatione</strong></span> 
     </span>
    </p>
   </div>
   <div class='ocr_carea' id='block_1_95' title="bbox 1839 3853 3429 3936">
    <p class='ocr_par' dir='ltr' id='par_1_95' title="bbox 1839 3853 3429 3936">
     <span class='ocr_line' id='line_1_96' title="bbox 1839 3853 3429 3936; baseline 0.011 -30"><span class='ocrx_word' id='word_1_594' title='bbox 1839 3853 2044 3924; x_wconf 80' lang='lat' dir='ltr'><strong>proprii</strong></span> <span class='ocrx_word' id='word_1_595' title='bbox 2083 3854 2322 3925; x_wconf 90' lang='lat' dir='ltr'><strong>episcopi</strong></span> <span class='ocrx_word' id='word_1_596' title='bbox 2358 3855 2555 3912; x_wconf 86' lang='lat' dir='ltr'><strong>divinis</strong></span> <span class='ocrx_word' id='word_1_597' title='bbox 2588 3859 2839 3928; x_wconf 90' lang='lat' dir='ltr'><strong>precibus</strong></span> <span class='ocrx_word' id='word_1_598' title='bbox 2877 3861 3263 3936; x_wconf 81' lang='lat' dir='ltr'><strong>indulgentiam</strong></span> <span class='ocrx_word' id='word_1_599' title='bbox 3294 3881 3429 3923; x_wconf 90' lang='lat' dir='ltr'><strong>con-</strong></span> 
     </span>
    </p>
   </div>
   <div class='ocr_carea' id='block_1_96' title="bbox 1842 3936 3427 4026">
    <p class='ocr_par' dir='ltr' id='par_1_96' title="bbox 1842 3936 3427 4026">
     <span class='ocr_line' id='line_1_97' title="bbox 1842 3936 3427 4026; baseline 0.01 -29"><span class='ocrx_word' id='word_1_600' title='bbox 1842 3954 2122 4013; x_wconf 85' lang='lat' dir='ltr'><strong>sequatur.</strong></span> <span class='ocrx_word' id='word_1_601' title='bbox 2158 3953 2212 3999; x_wconf 92' lang='lat' dir='ltr'><strong>et</strong></span> <span class='ocrx_word' id='word_1_602' title='bbox 2241 3959 2341 4014; x_wconf 88' lang='lat' dir='ltr'><strong>per</strong></span> <span class='ocrx_word' id='word_1_603' title='bbox 2366 3946 2583 4002; x_wconf 91' lang='lat' dir='ltr'><strong>veniam</strong></span> <span class='ocrx_word' id='word_1_604' title='bbox 2614 3936 2871 4005; x_wconf 64' lang='lat' dir='ltr'><strong>Ecclesiae</strong></span> <span class='ocrx_word' id='word_1_605' title='bbox 2919 3955 3144 4023; x_wconf 89' lang='lat' dir='ltr'><strong>gremio,</strong></span> <span class='ocrx_word' id='word_1_606' title='bbox 3195 3972 3226 4011; x_wconf 91' lang='lat' dir='ltr'><strong>a</strong></span> <span class='ocrx_word' id='word_1_607' title='bbox 3270 3956 3427 4026; x_wconf 91' lang='lat' dir='ltr'><strong>cujus</strong></span> 
     </span>
    </p>
   </div>
   <div class='ocr_carea' id='block_1_97' title="bbox 1842 4034 3427 4106">
    <p class='ocr_par' dir='ltr' id='par_1_97' title="bbox 1842 4034 3427 4106">
     <span class='ocr_line' id='line_1_98' title="bbox 1842 4034 3427 4106; baseline 0.009 -19"><span class='ocrx_word' id='word_1_608' title='bbox 1842 4042 1996 4088; x_wconf 89' lang='lat' dir='ltr'><strong>utero</strong></span> <span class='ocrx_word' id='word_1_609' title='bbox 2044 4034 2388 4100; x_wconf 87' lang='lat' dir='ltr'><strong>deviavcrat,</strong></span> <span class='ocrx_word' id='word_1_610' title='bbox 2438 4045 2655 4106; x_wconf 87' lang='lat' dir='ltr'><strong>peracta</strong></span> <span class='ocrx_word' id='word_1_611' title='bbox 2704 4039 3078 4099; x_wconf 76' lang='lat' dir='ltr'><strong>satisfactione</strong></span> <span class='ocrx_word' id='word_1_612' title='bbox 3124 4045 3192 4101; x_wconf 88' lang='lat' dir='ltr'><strong>ab</strong></span> <span class='ocrx_word' id='word_1_613' title='bbox 3234 4046 3427 4103; x_wconf 82' lang='lat' dir='ltr'><strong>eodem</strong></span> 
     </span>
    </p>
   </div>
   <div class='ocr_carea' id='block_1_98' title="bbox 1840 4125 3019 4196">
    <p class='ocr_par' dir='ltr' id='par_1_98' title="bbox 1840 4125 3019 4196">
     <span class='ocr_line' id='line_1_99' title="bbox 1840 4125 3019 4196; baseline 0.006 -17"><span class='ocrx_word' id='word_1_614' title='bbox 1840 4125 2153 4180; x_wconf 88' lang='lat' dir='ltr'><strong>melioratus</strong></span> <span class='ocrx_word' id='word_1_615' title='bbox 2179 4125 2433 4196; x_wconf 90' lang='lat' dir='ltr'><strong>episcopo</strong></span> <span class='ocrx_word' id='word_1_616' title='bbox 2456 4128 2717 4185; x_wconf 89' lang='lat' dir='ltr'><strong>canonice</strong></span> <span class='ocrx_word' id='word_1_617' title='bbox 2743 4130 3019 4187; x_wconf 88' lang='lat' dir='ltr'><strong>reddatur.</strong></span> 
     </span>
    </p>
   </div>
   <div class='ocr_carea' id='block_1_99' title="bbox 1838 4233 3435 4317">
    <p class='ocr_par' dir='ltr' id='par_1_99' title="bbox 1838 4233 3435 4317">
     <span class='ocr_line' id='line_1_100' title="bbox 1838 4233 3435 4317; baseline 0.009 -26"><span class='ocrx_word' id='word_1_618' title='bbox 1838 4233 1966 4291; x_wconf 80' lang='lat' dir='ltr'><strong>CAP.</strong></span> <span class='ocrx_word' id='word_1_619' title='bbox 2004 4236 2065 4291; x_wconf 88' lang='lat' dir='ltr'><strong>V.</strong></span> <span class='ocrx_word' id='word_1_620' title='bbox 2103 4235 2182 4290; x_wconf 90' lang='lat' dir='ltr'><strong>De</strong></span> <span class='ocrx_word' id='word_1_621' title='bbox 2215 4237 2302 4317; x_wconf 40' lang='lat' dir='ltr'><strong>his.</strong></span> <span class='ocrx_word' id='word_1_622' title='bbox 2336 4239 2425 4317; x_wconf 87' lang='lat' dir='ltr'><strong>qui</strong></span> <span class='ocrx_word' id='word_1_623' title='bbox 2463 4239 2701 4317; x_wconf 68' lang='lat' dir='ltr'><strong>episcopo</strong></span> <span class='ocrx_word' id='word_1_624' title='bbox 2748 4241 2983 4317; x_wconf 78' lang='lat' dir='ltr'><strong>aliquam</strong></span> <span class='ocrx_word' id='word_1_625' title='bbox 3033 4245 3287 4317; x_wconf 83' lang='lat' dir='ltr'><strong>injuriam</strong></span> <span class='ocrx_word' id='word_1_626' title='bbox 3338 4250 3435 4304; x_wconf 23' lang='lat' dir='ltr'><strong>vel.</strong></span> 
     </span>
    </p>
   </div>
   <div class='ocr_carea' id='block_1_100' title="bbox 2268 4308 2989 4381">
    <p class='ocr_par' dir='ltr' id='par_1_100' title="bbox 2268 4308 2989 4381">
     <span class='ocr_line' id='line_1_101' title="bbox 2268 4308 2989 4381; baseline 0.014 -21"><span class='ocrx_word' id='word_1_627' title='bbox 2268 4308 2730 4365; x_wconf 75' lang='lat' dir='ltr'><strong>dehonorationem</strong></span> <span class='ocrx_word' id='word_1_628' title='bbox 2751 4308 2989 4381; x_wconf 76' lang='lat' dir='ltr'><strong>fecerint.</strong></span> 
     </span>
    </p>
   </div>
   <div class='ocr_carea' id='block_1_101' title="bbox 2185 4417 3470 4497">
    <p class='ocr_par' dir='ltr' id='par_1_101' title="bbox 2185 4417 3470 4497">
     <span class='ocr_line' id='line_1_102' title="bbox 2185 4417 3470 4497; baseline 0.01 -26"><span class='ocrx_word' id='word_1_629' title='bbox 2185 4452 2197 4471; x_wconf 94' lang='lat'><strong>.</strong></span> <span class='ocrx_word' id='word_1_630' title='bbox 2231 4417 2313 4473; x_wconf 85' lang='lat' dir='ltr'><strong>Ex</strong></span> <span class='ocrx_word' id='word_1_631' title='bbox 2340 4421 2529 4476; x_wconf 89' lang='lat' dir='ltr'><strong>eodem</strong></span> <span class='ocrx_word' id='word_1_632' title='bbox 2558 4420 2717 4489; x_wconf 89' lang='lat' dir='ltr'><strong>libro,</strong></span> <span class='ocrx_word' id='word_1_633' title='bbox 2748 4440 2868 4497; x_wconf 86' lang='lat' dir='ltr'><strong>cap.</strong></span> <span class='ocrx_word' id='word_1_634' title='bbox 2899 4427 2988 4484; x_wconf 88' lang='lat'><strong>99.</strong></span> <span class='ocrx_word' id='word_1_635' title='bbox 3119 4459 3136 4476; x_wconf 70' lang='grc' dir='ltr'><strong>ι</strong></span> <span class='ocrx_word' id='word_1_636' title='bbox 3464 4422 3470 4465; x_wconf 61' lang='grc' dir='ltr'>ἶ</span> 
     </span>
    </p>
   </div>
   <div class='ocr_carea' id='block_1_102' title="bbox 1908 4527 3427 4611">
    <p class='ocr_par' dir='ltr' id='par_1_102' title="bbox 1908 4527 3427 4611">
     <span class='ocr_line' id='line_1_103' title="bbox 1908 4527 3427 4611; baseline 0.015 -31"><span class='ocrx_word' id='word_1_637' title='bbox 1908 4527 2007 4599; x_wconf 84' lang='lat' dir='ltr'><strong>(vl,</strong></span> <span class='ocrx_word' id='word_1_638' title='bbox 2035 4527 2149 4600; x_wconf 90' lang='lat'><strong>98.)</strong></span> <span class='ocrx_word' id='word_1_639' title='bbox 2181 4527 2238 4584; x_wconf 87' lang='lat' dir='ltr'><strong>Si</strong></span> <span class='ocrx_word' id='word_1_640' title='bbox 2275 4532 2397 4603; x_wconf 92' lang='lat' dir='ltr'><strong>quis</strong></span> <span class='ocrx_word' id='word_1_641' title='bbox 2439 4533 2693 4604; x_wconf 91' lang='lat' dir='ltr'><strong>episcopo</strong></span> <span class='ocrx_word' id='word_1_642' title='bbox 2741 4536 2978 4608; x_wconf 89' lang='lat' dir='ltr'><strong>aliquam</strong></span> <span class='ocrx_word' id='word_1_643' title='bbox 3027 4540 3282 4611; x_wconf 87' lang='lat' dir='ltr'><strong>injuriam</strong></span> <span class='ocrx_word' id='word_1_644' title='bbox 3330 4560 3427 4603; x_wconf 83' lang='lat' dir='ltr'><strong>aut</strong></span> 
     </span>
    </p>
   </div>
   <div class='ocr_carea' id='block_1_103' title="bbox 1837 4617 3426 4703">
    <p class='ocr_par' dir='ltr' id='par_1_103' title="bbox 1837 4617 3426 4703">
     <span class='ocr_line' id='line_1_104' title="bbox 1837 4617 3426 4703; baseline 0.012 -31"><span class='ocrx_word' id='word_1_645' title='bbox 1837 4617 2090 4687; x_wconf 90' lang='lat' dir='ltr'><strong>injustam</strong></span> <span class='ocrx_word' id='word_1_646' title='bbox 2111 4619 2595 4678; x_wconf 84' lang='lat' dir='ltr'><strong>debonorationem</strong></span> <span class='ocrx_word' id='word_1_647' title='bbox 2625 4623 2837 4696; x_wconf 88' lang='lat' dir='ltr'><strong>fecerit,</strong></span> <span class='ocrx_word' id='word_1_648' title='bbox 2870 4630 2937 4686; x_wconf 88' lang='lat' dir='ltr'><strong>de</strong></span> <span class='ocrx_word' id='word_1_649' title='bbox 2966 4630 3081 4685; x_wconf 84' lang='lat' dir='ltr'><strong>vita</strong></span> <span class='ocrx_word' id='word_1_650' title='bbox 3112 4645 3426 4703; x_wconf 85' lang='lat' dir='ltr'><strong>componat,</strong></span> 
     </span>
    </p>
   </div>
   <div class='ocr_carea' id='block_1_104' title="bbox 1833 4709 3431 4795">
    <p class='ocr_par' dir='ltr' id='par_1_104' title="bbox 1833 4709 3431 4795">
     <span class='ocr_line' id='line_1_105' title="bbox 1833 4709 3431 4795; baseline 0.01 -30"><span class='ocrx_word' id='word_1_651' title='bbox 1833 4719 1892 4765; x_wconf 91' lang='lat' dir='ltr'><strong>et</strong></span> <span class='ocrx_word' id='word_1_652' title='bbox 1918 4709 2098 4763; x_wconf 89' lang='lat' dir='ltr'><strong>omnia</strong></span> <span class='ocrx_word' id='word_1_653' title='bbox 2126 4724 2245 4779; x_wconf 84' lang='lat' dir='ltr'><strong>quae</strong></span> <span class='ocrx_word' id='word_1_654' title='bbox 2295 4713 2496 4769; x_wconf 86' lang='lat' dir='ltr'><strong>habere</strong></span> <span class='ocrx_word' id='word_1_655' title='bbox 2540 4714 2692 4771; x_wconf 82' lang='lat' dir='ltr'><strong>visus</strong></span> <span class='ocrx_word' id='word_1_656' title='bbox 2740 4718 2908 4777; x_wconf 83' lang='lat' dir='ltr'><strong>fuerit</strong></span> <span class='ocrx_word' id='word_1_657' title='bbox 2956 4718 3216 4776; x_wconf 67' lang='lat' dir='ltr'><strong>Ecclesiae</strong></span> <span class='ocrx_word' id='word_1_658' title='bbox 3270 4725 3431 4795; x_wconf 86' lang='lat' dir='ltr'><strong>cujus</strong></span> 
     </span>
    </p>
   </div>
   <div class='ocr_carea' id='block_1_105' title="bbox 1840 4803 3441 4888">
    <p class='ocr_par' dir='ltr' id='par_1_105' title="bbox 1840 4803 3441 4888">
     <span class='ocr_line' id='line_1_106' title="bbox 1840 4803 3441 4888; baseline 0.012 -31"><span class='ocrx_word' id='word_1_659' title='bbox 1840 4803 2128 4873; x_wconf 89' lang='lat' dir='ltr'><strong>episcopus</strong></span> <span class='ocrx_word' id='word_1_660' title='bbox 2154 4817 2392 4872; x_wconf 85' lang='lat' dir='ltr'><strong>praeesse</strong></span> <span class='ocrx_word' id='word_1_661' title='bbox 2425 4808 2781 4881; x_wconf 82' lang='lat' dir='ltr'><strong>dignoscitur,</strong></span> <span class='ocrx_word' id='word_1_662' title='bbox 2821 4813 3177 4888; x_wconf 82' lang='lat' dir='ltr'><strong>integerrime</strong></span> <span class='ocrx_word' id='word_1_663' title='bbox 3228 4820 3441 4876; x_wconf 85' lang='lat' dir='ltr'><strong>socien-</strong></span> 
     </span>
    </p>
   </div>
   <div class='ocr_carea' id='block_1_106' title="bbox 1842 4895 3447 4971">
    <p class='ocr_par' dir='ltr' id='par_1_106' title="bbox 1842 4895 3447 4971">
     <span class='ocr_line' id='line_1_107' title="bbox 1842 4895 3447 4971; baseline 0.009 -22"><span class='ocrx_word' id='word_1_664' title='bbox 1842 4904 1961 4961; x_wconf 84' lang='lat' dir='ltr'><strong>tur;</strong></span> <span class='ocrx_word' id='word_1_665' title='bbox 1992 4903 2046 4950; x_wconf 90' lang='lat' dir='ltr'><strong>et</strong></span> <span class='ocrx_word' id='word_1_666' title='bbox 2076 4895 2233 4951; x_wconf 86' lang='lat' dir='ltr'><strong>nobis</strong></span> <span class='ocrx_word' id='word_1_667' title='bbox 2262 4899 2322 4957; x_wconf 87' lang='lat' dir='ltr'><strong>in</strong></span> <span class='ocrx_word' id='word_1_668' title='bbox 2372 4898 2529 4971; x_wconf 88' lang='lat' dir='ltr'><strong>triplo</strong></span> <span class='ocrx_word' id='word_1_669' title='bbox 2573 4899 2818 4964; x_wconf 87' lang='lat' dir='ltr'><strong>bannum</strong></span> <span class='ocrx_word' id='word_1_670' title='bbox 2868 4917 3142 4970; x_wconf 91' lang='lat' dir='ltr'><strong>nostrum,</strong></span> <span class='ocrx_word' id='word_1_671' title='bbox 3175 4906 3228 4960; x_wconf 84' lang='lat' dir='ltr'><strong>id</strong></span> <span class='ocrx_word' id='word_1_672' title='bbox 3262 4921 3356 4966; x_wconf 85' lang='lat' dir='ltr'><strong>est</strong></span> <span class='ocrx_word' id='word_1_673' title='bbox 3378 4927 3447 4965; x_wconf 76' lang='grc' dir='ltr'>ιχ</span> 
     </span>
    </p>
   </div>
   <div class='ocr_carea' id='block_1_107' title="bbox 1841 4988 3455 5063">
    <p class='ocr_par' dir='ltr' id='par_1_107' title="bbox 1841 4988 3455 5063">
     <span class='ocr_line' id='line_1_108' title="bbox 1841 4988 3455 5063; baseline 0.009 -22"><span class='ocrx_word' id='word_1_674' title='bbox 1841 4988 2064 5053; x_wconf 86' lang='lat' dir='ltr'><strong>solidos,</strong></span> <span class='ocrx_word' id='word_1_675' title='bbox 2094 4993 2395 5061; x_wconf 84' lang='lat' dir='ltr'><strong>persolvat,</strong></span> <span class='ocrx_word' id='word_1_676' title='bbox 2439 5001 2530 5047; x_wconf 88' lang='lat' dir='ltr'><strong>aut</strong></span> <span class='ocrx_word' id='word_1_677' title='bbox 2572 4992 2691 5063; x_wconf 87' lang='lat' dir='ltr'><strong>ipse</strong></span> <span class='ocrx_word' id='word_1_678' title='bbox 2721 4999 2777 5057; x_wconf 91' lang='lat' dir='ltr'><strong>iu</strong></span> <span class='ocrx_word' id='word_1_679' title='bbox 2827 5001 3055 5060; x_wconf 84' lang='lat' dir='ltr'><strong>servitio</strong></span> <span class='ocrx_word' id='word_1_680' title='bbox 3084 4998 3215 5054; x_wconf 87' lang='lat' dir='ltr'><strong>lisco</strong></span> <span class='ocrx_word' id='word_1_681' title='bbox 3259 5012 3455 5058; x_wconf 88' lang='lat' dir='ltr'><strong>nostro</strong></span> 
     </span>
    </p>
   </div>
   <div class='ocr_carea' id='block_1_108' title="bbox 1840 5079 3460 5165">
    <p class='ocr_par' dir='ltr' id='par_1_108' title="bbox 1840 5079 3460 5165">
     <span class='ocr_line' id='line_1_109' title="bbox 1840 5079 3460 5165; baseline 0.006 -26"><span class='ocrx_word' id='word_1_682' title='bbox 1840 5079 2141 5135; x_wconf 75' lang='lat' dir='ltr'><strong>serviturus</strong></span> <span class='ocrx_word' id='word_1_683' title='bbox 2155 5095 2381 5157; x_wconf 81' lang='lat' dir='ltr'><strong>semper</strong></span> <span class='ocrx_word' id='word_1_684' title='bbox 2393 5085 2835 5165; x_wconf 84' lang='lat' dir='ltr'><strong>societur,usque</strong></span> <span class='ocrx_word' id='word_1_685' title='bbox 2852 5111 2909 5153; x_wconf 89' lang='lat' dir='ltr'><strong>se</strong></span> <span class='ocrx_word' id='word_1_686' title='bbox 2923 5093 3202 5152; x_wconf 88' lang='lat' dir='ltr'><strong>redimere</strong></span> <span class='ocrx_word' id='word_1_687' title='bbox 3216 5092 3276 5146; x_wconf 89' lang='lat' dir='ltr'><strong>in</strong></span> <span class='ocrx_word' id='word_1_688' title='bbox 3300 5094 3460 5164; x_wconf 81' lang='lat' dir='ltr'><strong>triplo</strong></span> 
     </span>
    </p>
   </div>
   <div class='ocr_carea' id='block_1_109' title="bbox 1835 5171 3463 5248">
    <p class='ocr_par' dir='ltr' id='par_1_109' title="bbox 1835 5171 3463 5248">
     <span class='ocr_line' id='line_1_110' title="bbox 1835 5171 3463 5248; baseline 0.01 -24"><span class='ocrx_word' id='word_1_689' title='bbox 1835 5171 1979 5241; x_wconf 88' lang='lat' dir='ltr'><strong>jnsta</strong></span> <span class='ocrx_word' id='word_1_690' title='bbox 2016 5173 2332 5244; x_wconf 83' lang='lat' dir='ltr'><strong>wirgildum</strong></span> <span class='ocrx_word' id='word_1_691' title='bbox 2363 5195 2522 5237; x_wconf 85' lang='lat' dir='ltr'><strong>suum</strong></span> <span class='ocrx_word' id='word_1_692' title='bbox 2551 5190 2814 5247; x_wconf 89' lang='lat' dir='ltr'><strong>potuerit.</strong></span> <span class='ocrx_word' id='word_1_693' title='bbox 2853 5192 3061 5248; x_wconf 85' lang='lat' dir='ltr'><strong>Sancta</strong></span> <span class='ocrx_word' id='word_1_694' title='bbox 3090 5198 3221 5239; x_wconf 86' lang='lat' dir='ltr'><strong>vero</strong></span> <span class='ocrx_word' id='word_1_695' title='bbox 3268 5186 3463 5242; x_wconf 83' lang='lat' dir='ltr'><strong>Eccle-</strong></span> 
     </span>
    </p>
   </div>
   <div class='ocr_carea' id='block_1_110' title="bbox 1840 5268 3458 5304">
    <p class='ocr_par' dir='ltr' id='par_1_110' title="bbox 1840 5268 3458 5304">
     <span class='ocr_line' id='line_1_111' title="bbox 1840 5268 3458 5304; baseline 0 0"><span class='ocrx_word' id='word_1_696' title='bbox 1840 5268 1918 5304; x_wconf 64' lang='grc' dir='ltr'><strong>εἷα</strong></span> <span class='ocrx_word' id='word_1_697' title='bbox 1975 5269 2027 5304; x_wconf 69' lang='lat' dir='ltr'><strong>in</strong></span> <span class='ocrx_word' id='word_1_698' title='bbox 2078 5274 2457 5304; x_wconf 51' lang='grc' dir='ltr'><strong>ΩΩοΩνιΙι-λιξὶῖηδ</strong></span> <span class='ocrx_word' id='word_1_699' title='bbox 2508 5286 2719 5304; x_wconf 62' lang='lat' dir='ltr'><strong>annosa.-</strong></span> <span class='ocrx_word' id='word_1_700' title='bbox 2801 5285 2819 5304; x_wconf 84' lang='lat' dir='ltr'><strong>I</strong></span> <span class='ocrx_word' id='word_1_701' title='bbox 2844 5285 3005 5304; x_wconf 65' lang='lat' dir='ltr'><strong>l_!_--</strong></span> <span class='ocrx_word' id='word_1_702' title='bbox 3058 5290 3252 5304; x_wconf 58' lang='lat' dir='ltr'><strong>manu“</strong></span> <span class='ocrx_word' id='word_1_703' title='bbox 3296 5293 3458 5304; x_wconf 54' lang='grc' dir='ltr'><strong>..ενι-ει..</strong></span> 
     </span>
    </p>
   </div>
  </div>
