3904 5304
405 381 548 440 H05

405 500 535 554 οη.
587 493 672 548 Vl.
730 491 806 544 De
836 505 948 544 non
996 481 1305 556 part-ipeudc

1021 555 1371 608 sacerdotum.

889 645 972 702 Et
1003 645 1192 700 eodem
1216 656 1340 712 cap.
1379 639 1508 694 248.

481 771 578 843 (vn.
605 765 763 833 225.)
775 761 1002 817 Placuit
1023 765 1079 811 ut
1096 754 1278 810 lideles
1293 767 1361 807 ne
1377 747 1998 820 parvipendantexcom-

410 859 834 917 municationem
861 849 1202 908 sacerdotum
1232 845 1442 900 illorum
1486 839 1784 910 :‘quoniam
1815 836 1858 890 si
1893 836 1994 889 hoc

411 951 660 1017 fecerint,
708 947 852 1016 iuste
911 939 1335 1012 segregabuntur
1375 953 1406 992 a
1458 943 1601 991 coetu
1653 931 1995 990 Christiano-

411 1060 551 1100 rum.

409 1161 539 1216 CAP.
567 1157 677 1214 VII.
713 1155 778 1208 Ut
801 1155 1092 1224 quicunque
1119 1147 1420 1224 synodalem
1447 1148 1995 1224 excommmcattonem

482 1215 824 1300 tranqressus'
863 1215 1040 1300 fuerit,
1069 1224 1122 1274 in
1149 1215 1259 1272 alia
1298 1215 1498 1288 synodo
1542 1230 1684 1285 spem
1724 1225 1998 1278 recupera-

483 1296 640 1354 tionis
663 1314 766 1352 non
796 1296 1002 1348 habeat.

918 1382 1246 1445 Ex‘lib.'vn,
1279 1395 1396 1450 cap.
1419 1377 1482 1433 '9.

485 1483 716 1558 (ru,6.)
744 1481 802 1537 Si
843 1479 968 1551 quis
1018 1477 1302 1547 cpiscopus
1353 1471 1643 1526 damnatus
1687 1480 1718 1520 a
1769 1461 1997 1536 synodo,

425 1578 512 1632 vel
539 1554 824 1648 presbyter
849 1580 941 1627 aut
967 1570 1227 1624 diaconus
1255 1582 1284 1620 a
1315 1579 1414 1619 suo
1435 1561 1706 1634 episcopo,
1740 1556 1858 1611 ausi
1888 1554 2002 1609 fue-

413 1644 619 1726 rint—de
643 1644 798 1724 sacro
826 1661 1128 1720 ministerio
1155 1656 1357 1728 aliquid
1380 1653 1718 1723 contingere,
1747 1646 1863 1702 sive
1888 1644 2002 1716 epi—

415 1829 704 1927 presbyter
743 1859 836 1906 aut
870 1849 1152 1908 diaconus,
1205 1840 1350 1896 nullo
1386 1837 1578 1894 'modo-
1608 1833 1769 1888 liceat
1796 1829 1868 1894 ei,
1899 1841 2002 1884 nec

417 1925 474 2002 in
495 1925 601 2002 alia
623 1943 829 2017 synodo
859 1935 1220 1996 restitutionis
1254 1945 1430 2004 spem,
1462 1935 1556 1984 aut
1593 1925 1768 1981 locum
1800 1925 2004 1980 habere

415 2037 824 2100 satisfactionis,
877 2034 970 2090 sed
1007 2041 1062 2088 et
1089 2025 1554 2086 communicantes
1581 2020 1630 2075 ei
1673 2032 1862 2075 omnes
1909 2015 2004 2068 ab-

411 2135 504 2202 jici
535 2132 604 2188 dc
629 2128 866 2186 Ecclesia
911 2143 925 2180 :
967 2137 1023 2180 et
1057 2121 1292 2176 maxime
1316 2119 1361 2173 si
1395 2123 1680 2188 postquam
1717 2107 2004 2167 didicerint

417 2227 522 2281 hoc
550 2223 749 2278 factmu
772 2234 912 2282 esse,
945 2213 1348 2272 communicare
1377 2205 1725 2264 tentaterint.

412 2340 543 2392 (ιλιι.
569 2335 698 2389 Vill.
729 2329 882 2398 Quod
904 2321 1340 2383 “communicati
1365 2336 1396 2373 a
1413 2315 1704 2378 sacerdote,
1721 2319 2002 2380 antequam

459 2427 730 2486 «matrice
750 2419 1182 2481 reconcilientur,
1211 2431 1321 2481 .non
1375 2410 1576 2483 possint
1619 2405 1845 2476 nmjores
1873 2412 2002 2456 natu

486 2535 758 2576 acettsare.

920 2607 994 2662 Ex
1015 2603 1211 2660 eodem
1237 2615 1357 2671 cap.
1391 2595 1512 2652 180.

488 2729 585 2801 (vr,
620 2721 770 2794 128.)
803 2719 874 2776 Ut
915 2713 1428 2773 cxcommunica-tus
1455 2722 1483 2761 a
1507 2693 1808 2765 sacerdote,
1837 2713 2003 2768 quan—

419 2797 510 2878 diu
541 2820 594 2874 in
623 2817 737 2889 ipsa
763 2820 847 2869 est
873 2803 1456 2866 excommunicatione,
1492 2797 1722 2868 majores
1751 2801 1881 2848 natu
1913 2805 2004 2845 ac-

421 2884 775 2982 cursare—non
820 2908 1129 2974 praesumat.
1162 2895 1316 2964 Quod
1356 2893 1400 2947 si
1431 2884 1864 2960 pragsumpserit,
1897 2894 2003 2935 non

422 2974 736 3072 recipiatur,
767 2995 862 3051 sed
889 3001 984 3068 aut
1022 2985 1207 3056 majori
1239 2977 1802 3041 cxcommunicatioue
1831 2971 2005 3042 subia-

419 3101 561 3156 ceat,
593 3097 686 3145 aut
708 3087 775 3142 ab
794 3081 1046 3140 Ecclesia
1075 3077 1324 3149 pellatur.

1509 355 1731 416 ISAACI
1770 349 2079 410 EPISCOPI
2118 338 2573 403 LINGONENSIS

1311 479 1413 534 uda
1457 468 1992 531 excantniunicatione
2019 467 2069 530 Λ
2099 459 2314 519 concilii
2345 457 2526 528 legere
2571 454 2816 526 potestis,
2849 465 2945 506 seu
2975 448 3030 504 in
3075 446 3198 502 aliis
3229 449 3546 501 sanctorum
3589 439 3685 496 Pa-

3548 328 3575 383 1
3593 327 3680 384 λοι

2101 564 2242 610 trum
2268 549 2620 622 synodalibus
2645 543 2862 609 edictis,
2901 550 2958 598 et
2986 543 3039 596 in
3069 537 3415 594 Antiocheno
3441 533 3685 594 concilio,

2098 645 2239 717 quod
2266 643 2320 698 bi
2349 640 2447 713 qui
2485 637 2724 694 damnati
2772 643 2900 691 sunt
2937 649 2968 688 a
3001 631 3230 704 synodo,
3270 626 3356 684 vel
3390 643 3422 682 a
3461 641 3561 681 suo
3581 626 3686 696 epi-

2096 753 2282 808 scopo,
2309 743 2364 791 et
2401 740 2590 806 postea
2621 729 2933 785 ministrare
2975 730 3333 797 pnesumunt,
3380 719 3686 790 pmcipitur

2097 841 2157 890 ut
2191 831 2370 888 nullus
2387 829 2594 884 audeat
2628 825 2716 881 eis
2745 823 3168 880 communicare.
3201 817 3263 874 Si
3306 817 3433 888 quis
3457 829 3592 871 vero
3615 815 3690 868 eis

2096 924 2488 995 communicat,
2545 918 2711 976 simili
2765 916 3030 974 sententia
3077 911 3400 983 subiaceat,
3449 909 3593 964 sicut
3639 915 3690 962 et

2097 1021 2404 1077 damnatus.

2685 1121 2989 1182 'l'l'I‘ULUS
3023 1119 3092 1176 Χ.

2171 1237 2238 1279 ηε
2267 1234 2622 1278 ετλυιιιτλτε
2651 1228 3004 1273 ελοειωοτωι
3031 1194 3084 1266 ll"
3111 1222 3332 1265 TITULIS
3361 1219 3621 1261 PIOPBIIS.

2095 1337 2228 1396 CAP.
2266 1336 2303 1391 Ι.
2345 1333 2415 1390 Ut
2438 1332 2658 1388 clericus
2683 1330 2738 1384 in
2765 1326 2982 1383 ecclesia
3007 1325 3062 1378 in
3091 1338 3197 1395 qua
3228 1317 3585 1392 prctitulatus
3618 1322 3686 1367 est

2729 1403 3038 1471 permaneat
3047 1433 3060 1446 .

2543 1505 2630 1566 Ex
2659 1506 2798 1564 libro
2825 1521 2881 1574 ν,
2915 1503 3092 1576 capite
3125 1501 3198 1558 28

2177 1629 2317 1701 (Lib.
2345 1643 2380 1684 ν
2411 1622 2732 1697 Capitular.,
2764 1635 2884 1692 cap.
2915 1617 3032 1686 26.)
3071 1613 3343 1670 Clericum
3381 1622 3690 1682 permanere

2105 1699 2320 1793 oportet
2345 1719 2400 1774 in
2429 1714 2663 1773 ecclesia
2702 1711 2790 1768 cui
2838 1709 2992 1766 initio
3019 1709 3088 1762 ab
3117 1705 3374 1776 episcopo
3401 1699 3690 1774 prmtitula—

2032 1832 2079 1892 Β
2109 1789 2194 1870 tus
2225 1829 2289 1868 ac
2335 1807 2559 1866 sortitus
2589 1813 2696 1872 est,
2727 1812 2782 1859 et
2817 1801 2886 1857 ad
2936 1815 3097 1870 quam
3135 1794 3380 1865 confugit
3425 1789 3584 1861 quasi
3627 1789 3692 1844 ad

2104 1903 2390 1976 potiorem.
2424 1899 2537 1954 Hoc
2569 1905 2748 1951 autem
2773 1891 3100 1949 refutautem
3128 1885 3378 1942 revocari
3407 1883 3607 1939 debere
3629 1881 3690 1934 ad

2104 2014 2256 2054 suam
2283 1993 2572 2051 ecclesiam
2597 1990 2650 2045 in
2683 2003 2788 2059 qua
2813 1985 3066 2058 primitus
3094 1981 3385 2037 ordinatus
3409 1986 3516 2040 est,
3538 1983 3595 2030 et
3625 1973 3691 2027 ibi

2105 2084 2479 2146 tantummodo
2510 2081 2842 2136 ministrare.
2895 2075 2950 2131 Si
2981 2075 3104 2144 quis
3149 2073 3288 2126 bane
3323 2069 3689 2124 definitionem

2104 2187 2476 2248 transgressus
2509 2171 2690 2237 fuerit,
2717 2168 2958 2226 decrevit
2998 2175 3192 2222 sancta
3237 2161 3484 2234 synodus
3510 2173 3540 2212 a
3570 2171 3689 2227 pro-

2104 2271 2224 2346 prio
2252 2269 2425 2342 gradu
2457 2265 2726 2321 decidere.

2105 2384 2235 2441 CAP.
2265 2381 2330 2437 ll.
2371 2378 2438 2434 Ut
2470 2378 2525 2432 in
2558 2375 2726 2432 titulis
2752 2376 2807 2430 in
2834 2375 3020 2446 quibus
3058 2367 3342 2443 presbyteri
3387 2381 3694 2420 consecran-

2175 2483 2285 2535 tur.
2325 2479 2446 2524 ante
2485 2482 2637 2522 suam
2678 2463 3053 2538 promotionem
3099 2459 3442 2514 stabilitatem
3485 2455 3694 2525 proui-

2178 2573 2311 2618 lunt.

2595 2651 2678 2707 Es
2707 2641 2896 2706 eodem
2922 2644 3100 2716 capite
3127 2642 3218 2698 75.

2178 2766 2426 2842 (v,108.)
2470 2764 2538 2820 Ut
2574 2760 2916 2834 presbyteri,
2962 2757 3054 2827 qui
3087 2757 3140 2812 in
3167 2754 3337 2810 titulis
3375 2767 3696 2809 consecratio

2109 2871 2216 2927 tur,
2247 2859 2544 2916 secundum
2584 2868 2845 2918 canones,
2877 2859 3167 2922 antequam
3200 2846 3546 2910 ordinentur,
3575 2859 3696 2914 pm-

2108 2952 2424 3008 missionem
2467 2945 2777 3004 stabilitatis
2806 2944 2906 2998 luci
2941 2941 3084 2996 illius
3123 2937 3350 2992 faciant.

2685 3075 2988 3134 TITULUS
3032 3073 3118 3128 XI.

419 3205 552 3258 CAP.
579 3199 670 3256 lx.
701 3198 777 3252 De
804 3193 972 3251 modis
987 3184 1542 3268 excontmnnicationis
1557 3191 1665 3236 tant
1688 3178 1752 3233 de
1767 3175 1997 3242 clericis,
2027 3203 2074 3268 α
2109 3189 2380 3233 ικειιιιυκτ
2426 3187 2550 3226 Αιιλ
2587 3184 2868 3225 camena
2907 3182 2970 3220 ex
3029 3179 3253 3228 QUINTO,
3283 3176 3459 3217 sano
3489 3177 3562 3216 ετ
3610 3176 3701 3214 se-

2176 3260 2340 3268 -_--.-
2390 3257 2546 3268 -.λη
2586 3253 2933 3268 -..η-...ηπ
2982 3251 3250 3268 ωυρμ...
3323 3248 3477 3268 cum,
3513 3247 3701 3268 rm“

945 3338 950 3343 ι
990 3259 1148 3330 quam
1174 3263 1238 3314 de
1259 3259 1431 3312 laicis.

886 3342 964 3412 Es
1001 3354 1136 3410 libro
1159 3367 1209 3416 γ,
1241 3349 1417 3421 capite
1443 3342 1531 3402 65.

493 3482 570 3552 (v,
599 3476 713 3549 52.)
738 3474 795 3531 Si
825 3473 946 3543 quis
971 3470 1258 3542 presbyter
1287 3465 1354 3521 ab
1383 3462 1636 3533 episcopo
1682 3472 1782 3515 suo
1821 3455 2006 3526 degra-

422 3550 600 3634 datus,
632 3566 720 3622 vel
745 3559 1250 3621 cxcommuuicatus
1283 3555 1464 3618 fuerit,
1503 3560 1560 3607 et
1602 3550 1716 3620 ipse
1736 3562 1849 3618 per
1875 3561 2006 3600 cou-

423 3669 681 3731 temptum
713 3667 900 3729 postea
935 3651 1139 3722 aliquid
1195 3649 1262 3702 de
1315 3662 1414 3701 suo
1461 3637 1639 3698 cilicio
1694 3635 1812 3694 sine
1863 3651 2008 3692 com-

420 3763 607 3810 meatu
637 3751 818 3828 facere
865 3739 1296 3818 praesumpserit,
1343 3745 1398 3791 et
1437 3743 1626 3806 postea
1659 3732 1727 3788 ab
1751 3729 2008 3801 episcopo

421 3851 712 3914 correptus
739 3825 801 3895 et.
823 3832 1326 3893 excommunicatus
1374 3827 1558 3892 fuerit,
1605 3825 1697 3897 qui
1733 3839 1855 3880 cum
1889 3825 2008 3890 ipso

428 3929 909 3994 comntuuicavetzit
935 3925 1172 3982 scienter
1223 3923 1362 3976 sciat
1386 3934 1443 3974 se
1475 3933 1592 3974 esse
1631 3906 2010 3972 excommuni-

425 4037 609 4082 catum
638 4020 906 4079 similiter.
935 4014 1254 4084 Quicunque
1281 4008 1530 4074 clericus,
1563 4015 1657 4061 aut
1685 4005 1890 4069 laicus,
1922 3995 2008 4055 vel

431 4117 653 4180 femina,
691 4112 958 4169 incestum
999 4103 1356 4166 commiserit,
1400 4109 1465 4155 et
1513 4099 1582 4154 ab
1611 4096 1866 4168 episcopo
1913 4109 2013 4148 suo

440 4213 726 4278 correptus
753 4217 814 4259 se
843 4198 1137 4256 emendare
1183 4192 1438 4256 noluerit,
1469 4200 1526 4245 et
1558 4189 1626 4244 ab
1654 4188 1772 4259 ipso
1802 4199 2013 4241 excom-

438 4299 750 4358 municatus
781 4291 964 4358 fuerit,
999 4289 1090 4362 qui
1115 4295 1304 4359 postea
1345 4299 1467 4338 cum
1503 4281 1621 4352 ipso
1657 4273 2017 4334 communica-

427 4391 591 4460 verit,
605 4387 854 4447 similiter
865 4360 1334 4440 excommtmicetu
1344 4391 1388 4428 r.
1407 4373 1472 4427 Et
1485 4381 1545 4428 ut
1564 4369 1748 4426 sciatis
1761 4365 1937 4437 qualis
1948 4360 2020 4418 sit

434 4484 627 4542 modus
670 4480 828 4538 istius
863 4466 1461 4532 excommtmicationis,
1505 4465 1558 4520 in
1587 4459 1872 4518 ecclesiam
1909 4471 2018 4510 non

2176 3260 2345 3302 1³⁸1³1Μο
2390 3257 2549 3298 ιιιηιιθ
2583 3253 2938 3297 οΑιιιτῦιΑιιιε
2982 3251 3280 3298 οοιιλῖοεη,
3323 3248 3478 3288 8Ατ15
3511 3247 3702 3286 εειῑιι·

2177 3329 2437 3372 ειλετιοιε
2477 3325 2860 3370 υτιιιτλτωυει
2899 3322 3164 3363 οοκαιιυλ.

2106 3433 2236 3488 CAP.
2275 3430 2316 3486 Ι.
2357 3429 2434 3484 De
2455 3443 2520 3483 co
2549 3426 2640 3499 qui
2661 3424 2946 3494 ﬁliastrum
2985 3420 3398 3499 autﬁliastram
3438 3429 3560 3474 ante
3588 3420 3700 3487 epi-

2658 3493 2871 3566 swpum
2901 3493 3148 3546 tenuerit.

2551 3589 2632 3646 Ex
2663 3588 2801 3644 libro
2833 3601 2889 3652 ν,
2927 3584 3166 3656 capitulo
3197 3582 3252 3637 7.

2182 3709 2324 3781 (Lib.
2365 3723 2399 3762 γ
2427 3701 2681 3780 Capitul.,
2710 3716 2832 3772 cap.
2863 3699 2945 3771 5.)
3012 3696 3070 3754 Si
3116 3695 3242 3768 quis
3281 3695 3570 3751 filiastrum
3613 3702 3706 3748 aut

2111 3801 2394 3856 filiastram
2424 3807 2549 3852 ante
2570 3794 2882 3866 episcopum
2907 3789 2972 3845 ad
3009 3787 3482 3846 confirmationem
3523 3795 3703 3842 tenue-

2115 3894 2210 3958 rit,
2239 3898 2521 3961 separetur
2547 3886 2615 3942 ab
2647 3899 2815 3941 uxore
2843 3898 2960 3948 sua,
2983 3891 3038 3938 et
3065 3880 3294 3936 alteram
3321 3895 3428 3935 non
3450 3879 3701 3948 accipiat.
3731 3901 3742 3906 -

2115 3981 2384 4040 Similiter
2425 3989 2481 4036 et
2525 3976 2720 4033 mulier
2761 3974 2993 4032 alterum
3021 3987 3131 4028 non
3171 3971 3425 4042 accipiat.

2114 4100 2244 4155 Car.
2275 4096 2338 4152 ll.
2377 4093 2456 4152 De
2489 4109 2548 4148 eo
2573 4089 2969 4163 qniﬁliastram
2996 4100 3149 4142 suam
3170 4091 3366 4163 contra
3389 4081 3706 4138 voluntatem

2429 4153 2598 4235 ipsius
2620 4153 2819 4215 dederit
2847 4160 3074 4228 ingenuo
3104 4153 3181 4210 vel
3224 4171 3394 4208 serra.

2527 4269 2608 4328 Ex
2636 4271 2827 4328 eodem
2856 4268 3017 4332 libro,
3045 4283 3165 4340 Cap.
3200 4265 3290 4323 19.

2193 4393 2268 4464 (ν,
2303 4387 2414 4460 l7.)
2455 4385 2512 4440 Si
2543 4384 2666 4454 quis
2698 4384 2858 4438 homo
2886 4380 3164 4434 tiliastram
3193 4392 3350 4432 suam
3387 4383 3580 4441 contra
3619 4390 3709 4427 to-

2125 4483 2386 4537 qutatem
2435 4477 2622 4547 ipsius,
2665 4480 2722 4528 et
2768 4471 2989 4534 matris,
3041 4477 3098 4523 et
3148 4475 3470 4544 pauentum,
3505 4465 3710 4519 dederit

433 4577 598 4632 debet
630 4573 853 4629 intrare.
907 4581 1007 4622 uec
1034 4577 1159 4618 cum
1191 4559 1300 4615 ullo
1338 4554 1652 4614 Christiano
1695 4550 1879 4640 cibum
1924 4545 2010 4600 vel
2045 4579 2094 4638 υ
2120 4575 2238 4628 ‘im
2286 4545 2542 4640 iuga-“'10,
2586 4573 2682 4620 am
2728 4561 3121 4624 ecdesiasﬁm'
3159 4557 3244 4614 vel
3293 4573 3474 4622 servo,
3520 4565 3578 4610 et
3625 4555 3709 4608 in:

433 4677 624 4740 potum
653 4650 890 4724 sumere,
933 4670 1031 4712 nec
1055 4653 1173 4724 ejus
1204 4663 1429 4706 munera
1457 4645 1743 4715 quisquam
1770 4639 2016 4710 accipere

437 4761 619 4824 debet,
646 4753 730 4811 vel
761 4750 1006 4808 osculum
1053 4744 1359 4816 porrigere,
1406 4753 1508 4793 nec
1543 4735 1788 4790 oratione
1814 4747 1872 4787 se
1893 4727 2019 4798 jun-

434 4867 586 4924 gere,
625 4863 724 4904 nec
744 4844 1004 4918 salutare,
1033 4849 1322 4906 antequam
1355 4833 1424 4887 ab
1453 4831 1712 4900 episcopo
1727 4841 1827 4882 suo
1843 4825 1916 4880 sit
1935 4839 2018 4877 re-

433 4943 775 5001 conciliatus.
810 4916 964 5004 Quod
991 4932 1034 4988 si
1060 4927 1254 4998 aliquis
1288 4940 1347 4981 se
1381 4918 1759 4978 reclamaverit
1773 4918 1916 4987 quod
1946 4916 2023 4969 iu-

437 5037 578 5062 :.....-
631 5032 695 5062 .h
753 5023 1270 5062 arcinnum-minante,
1337 5017 1613 5062 licentiam
1680 5011 1882 5062 habeat
1922 5001 2019 5062 'ad
2100 5039 2108 5046 -

2121 4666 2357 4725 noluerit
2390 4662 2590 4719 habere
2623 4659 2798 4726 illum,
2822 4665 2876 4712 et
2902 4655 3186 4724 reliquerit
3218 4669 3367 4718 eum,
3391 4661 3706 4724 potestatem

2123 4761 2359 4816 habeant
2387 4761 2642 4826 parentes
2671 4749 2814 4804 illius
2841 4747 2972 4802 dare
3016 4745 3094 4800 illi
3133 4745 3302 4799 alium
3329 4743 3612 4798 maritum.

2389 4865 2520 4920 Car.
2546 4862 2628 4917 lli.
2675 4860 2749 4914 De
2789 4857 3090 4928 presbytero
3130 4854 3446 4925 suspicioso.

2615 4973 2696 5028 Ex
2725 4971 2918 5026 eodem
2959 4983 3080 5039 cap.
3125 4966 3220 5023 56.
