3904 5304
162 358 302 418 Ηθὸ

1578 361 1919 449 canones.

3298 370 3435 427 “06

156 484 353 529 etcum
377 472 501 528 aliis
521 474 680 529 bonis
705 480 759 530 et
777 472 942 545 iustis
964 473 1299 539 hominibus,
1320 488 1379 528 se
1402 481 1757 545 sacramento,
1777 475 1824 537 Α
1854 471 2093 528 Sabbato
2120 472 2488 541 Pentecostes,
2521 476 2564 532 si
2606 477 2697 547 qui
2732 477 2897 533 velint
2929 491 3124 548 aquam
3153 490 3442 535 consecra-

157 579 343 619 coram
396 564 597 634 populo
648 579 812 634 super
861 575 1097 634 quatuor
1126 565 1430 636 Evangelia
1461 574 1747 636 purgatum

158 653 420 709 Ecclesia:
448 655 658 710 reddat.
688 653 745 708 Si
775 655 898 724 quis
926 661 1105 709 autem
1137 654 1278 709 scire
1321 654 1592 710 desiderat
1614 668 1749 725 qua-

158 747 239 800 les
281 752 449 801 testes
491 745 561 799 ad
613 745 1013 801 accusationem
1063 748 1416 801 sacerdotum.
1454 745 1622 815 recipi
1658 745 1749 800 de—

156 839 347 903 beant,
364 844 421 892 et
450 837 579 908 quid
614 837 681 893 de
711 844 1043 892 accusatore.
1062 836 1367 893 faciendum
1397 837 1490 903 sit,
1518 837 1750 910 pleniter

156 930 213 984 in
243 929 544 985 canonibus
577 928 807 1001 reperiri
836 929 1058 1000 poterit.

155 1042 288 1097 Car.
320 1040 410 1096 IV.
454 1038 522 1094 Ut
554 1041 842 1112 presbyteri
868 1042 1100 1096 chrisma
1123 1039 1401 1112 diligenter
1427 1040 1745 1096 custodiant.

546 1134 625 1187 Ex
659 1134 850 1189 eodem
881 1133 1040 1199 libro,
1078 1149 1198 1204 cap.
1232 1133 1350 1189 l63.

232 1242 307 1314 (ν,
341 1242 455 1312 80.)
493 1242 802 1313 Presbyteri
826 1242 928 1297 sub
958 1242 1134 1313 sigillo
1158 1244 1466 1298 custodiant
1487 1243 1748 1308 chrisma,

156 1344 217 1387 et
251 1333 380 1387 nulli
418 1333 519 1388 sub
544 1340 807 1403 prtetextn
834 1332 1118 1388 medicina:
1143 1331 1228 1386 vel
1257 1332 1505 1387 malelicii
1549 1332 1753 1388 donare

155 1430 511 1490 prsesumant.
555 1422 709 1489 Quod
741 1422 788 1477 si
817 1421 1066 1487 fecerint,
1107 1422 1311 1477 honore
1340 1421 1642 1513 priventur.

407 1533 538 1590 CAP.
571 1536 633 1591 ν.
678 1535 815 1591 Item
845 1537 983 1591 unde
1006 1553 1167 1608 supra
1196 1537 1251 1592 in
1293 1537 1495 1592 eodem.

806 1629 938 1699 Cap.
980 1630 1103 1685 104.

234 1739 306 1794 Ut
347 1738 632 1810 presbyter
670 1739 761 1810 qui
810 1750 1056 1796 sanetum
1089 1741 1325 1798 chrisma
1372 1742 1655 1798 donaverit
1683 1741 1751 1797 ad

149 1832 417 1903 judicium
466 1831 927 1896 subverteudum,
976 1841 1263 1905 postquam
1323 1835 1395 1891 de
1440 1835 1609 1907 gradu
1656 1841 1830 1901 suoB

156 1923 445 1993 depositus
485 1922 669 1990 fuerit,
701 1940 921 1979 manum
951 1927 1184 1980 amittat.

269 2035 401 2091 Car.
435 2036 520 2092 VI.
567 2032 634 2090 Ut
669 2036 869 2091 malum
907 2037 1172 2093 ebrietatis
1204 2039 1416 2097 omnino
1440 2038 1644 2092 vitetur-

662 2125 743 2181 Ex
767 2127 958 2182 eodem
987 2143 1107 2197 cap.
1134 2128 1256 2182 161.

239 2238 317 2306 (v,
349 2235 473 2317 96.)
503 2235 756 2308 Magnum
810 2235 1011 2293 malum
1059 2236 1360 2301 ebrietatis,
1393 2236 1534 2305 unde
1575 2236 1754 2292 omnia

156 2328 298 2381 vitia
346 2326 631 2397 pullulant,
662 2327 835 2383 modis
862 2328 1114 2383 omnibus
1145 2343 1341 2383 cavere
1389 2329 1754 2399 praecipimus.

156 2416 267 2483 Qui
304 2425 484 2471 autem
535 2418 641 2474 hoc
669 2418 843 2473 vitare
885 2418 1136 2482 noluerit,
1180 2419 1756 2474 excommunicandum

155 2523 289 2560 eum
321 2521 441 2562 esse
476 2507 817 2565 decrevimus
848 2525 1019 2580 usque
1047 2510 1114 2565 ad
1155 2510 1593 2566 emendationem
1636 2526 1757 2567 cou-

156 2614 388 2668 grtiam.

454 2710 583 2767 Caua
614 2712 721 2767 \‘ll.
761 2711 839 2766 De
878 2712 1097 2766 ecclesia
1135 2712 1471 2783 azdi/icandn.

559 2802 640 2857 Ex
672 2802 863 2858 eodem
910 2802 1074 2867 libro,
1103 2816 1221 2873 cap.
1247 2802 1353 2858 582

237 2913 317 2978 (v,
343 2910 495 2984 229.)
534 2912 704 2969 Nemo
737 2912 1022 2969 ecclesiam
1058 2910 1287 2967 aediﬁcet
1339 2918 1631 2981 antequam
1683 2910 1760 2964 ci-

157 3006 355 3061 vitatis
403 3005 694 3077 episcopus
735 3005 956 3069 veniat,
1014 3011 1071 3058 et
1134 3004 1333 3058 ibidem
1362 3018 1581 3058 crucem
1630 3005 1760 3071 ligat

157 3097 406 3168 publice,
455 3104 511 3151 et
555 3102 682 3152 ante
728 3094 998 3167 prteliniat
1025 3094 1116 3163 qui
1147 3092 1419 3149 wdiﬂcare
1465 3093 1599 3155 vult,
1630 3093 1758 3162 quid

1852 572 1960 618 tam
2003 564 2069 619 ad
2114 568 2480 637 aspersionem
2529 568 2581 623 in
2623 570 2810 624 domos
2845 586 2972 626 suas
3000 572 3283 641 accipere,
3315 581 3442 625 ante

1850 656 2164 713 chrismatis
2204 659 2478 729 accipiant
2523 659 2873 717 inlusionem.

1850 769 1978 824 Car.
2029 769 2140 824 XII.
2192 770 2268 825 De
2298 772 2731 844 _con[irmatione
2780 773 3155 844 episcoporum
3202 790 3238 826 α
3291 771 3436 843 plebe

2366 841 2590 896 sollicite
2624 844 2930 913 qutrrenda.

2312 932 2392 990 Ex
2453 935 2641 990 eodem
2696 934 2965 1005 cap.‘75.

1925 1047 2022 1117 (Vl,
2048 1046 2163 1118 82.)
2203 1046 2272 1101 Ut
2305 1062 2495 1102 omnes
2526 1047 2816 1101 maximam
2849 1063 3032 1102 curam
3063 1048 3314 1112 habeant,
3374 1065 3443 1101 ne

1852 1138 1971 1193 sine
2000 1139 2411 1195 conﬁrmatione
2459 1140 2694 1210 episcopi
2743 1139 2866 1210 quis
2914 1140 3076 1195 vitam
3112 1141 3291 1208 liniat,
3324 1139 3446 1192 ani-

1853 1244 2051 1298 maque
2081 1228 2439 1301 periclitetur.

1853 1340 1984 1398 CAP.
2014 1341 2147 1396 XIII.
2174 1341 2247 1414 De
2276 1343 2382 1397 viro
2408 1350 2456 1397 et
2479 1342 2696 1397 muliere
2722 1344 2777 1397 in
2798 1345 3132 1398 matrimonio
3149 1344 3435 1414 copulatis,

1889 1423 1935 1468 et
1956 1423 2133 1484 postea
2153 1412 2356 1468 dicente
2382 1431 2445 1467 ea
2484 1429 2588 1467 non
2605 1430 2755 1483 posse
2784 1432 2902 1469 eum
2928 1416 3119 1470 nubere
3148 1412 3266 1469 cum
3314 1433 3398 1470 ea.

2379 1503 2460 1559 Ex
2487 1505 2677 1560 eodem
2698 1520 2817 1574 cap.
2845 1505 2935 1561 9|.

1924 1600 2021 1688 (vr,
2046 1616 2160 1687 55.)
2193 1617 2251 1671 Si
2285 1616 2370 1670 vir
2396 1623 2451 1671 et
2480 1616 2675 1671 mulier
2715 1615 3099 1685 conjunxeriut
3123 1634 3180 1674 se
3219 1619 3272 1673 in
3321 1634 3439 1672 ma-

1856 1704 2135 1769 trimonio,
2159 1712 2213 1758 et
2241 1714 2426 1775 postea
2455 1706 2653 1760 dixerit
2676 1707 2870 1762 mulier
2891 1708 2957 1762 de
2991 1707 3108 1762 viro
3141 1723 3246 1761 non
3276 1723 3436 1778 posse

1859 1797 2068 1853 nubere
2088 1813 2210 1852 cum
2238 1813 2321 1863 ea,
2346 1798 2391 1853 si
2420 1800 2653 1867 poluerit
2684 1800 2914 1867 probare
2948 1800 3089 1869 quo!
3123 1816 3311 1855 verum
3345 1800 3438 1862 sit,

1857 1888 2093 1958 accipiat
2107 1888 2292 1952 alium,
2327 1904 2392 1943 eo
2420 1888 2561 1958 quod
2583 1888 2738 1956 juxta
2764 1889 3080 1958 Apostolum
3113 1905 3221 1945 non
3263 1890 3436 1959 potuit

1858 1979 1932 2034 illi
1962 1978 2186 2034 reddere
2211 1980 2296 2034 vir
2324 1995 2456 2035 suus
2484 1980 2724 2035 debitum
2755 1978 2806 2052 (I
2835 1980 2955 2035 Cor.
3000 1981 3119 2050 vn).

1927 2090 2057 2147 (ἰὰν.
2096 2092 2236 2148 XIV.
2269 2092 2344 2148 De
2375 2095 2685 2169 raptoribus,
2714 2106 2761 2151 et
2796 2098 2958 2168 raptis
3007 2099 3294 2169 virginibus
3322 2107 3370 2153 et
3410 2118 3421 2131 ο

2548 2166 2734 2220 viduis.

2380 2275 2456 2330 Ex
2487 2275 2677 2331 eodem
2712 2291 2833 2347 cap.
2862 2278 2950 2333 96.

1932 2388 2170 2462 (v1.95.)
2200 2387 2256 2443 Si
2284 2389 2407 2458 quis
2454 2388 2677 2445 alterius
2729 2404 3005 2461 sponsam,
3051 2391 3311 2462 virginem
3351 2400 3445 2446 aut

1860 2479 2074 2532 viduam
2130 2478 2356 2533 necdum
2408 2479 2790 2548 desponsatam
2841 2479 3084 2550 rapuerit
3122 2479 3203 2532 vel
3235 2477 3444 2534 iuratus

1867 2567 2051 2634 fuerit,
2079 2569 2285 2639 placuit
2307 2579 2387 2634 ut,
2418 2570 2532 2624 sive
2562 2585 2683 2625 eam
2726 2579 2914 2639 postea
2942 2571 3301 2642 sponsaverit,
3329 2572 3445 2627 sive

1861 2662 2148 2727 dotaveri’t,
2200 2664 2314 2719 sive
2341 2679 2470 2728 non,
2498 2663 2612 2718 sive
2638 2679 2761 2719 cum
2786 2672 3069 2735 parentum
3101 2664 3219 2735 ejus
3249 2663 3441 2719 volun-

1865 2766 1976 2812 tate
2001 2772 2324 2828 quocunque
2338 2758 2839 2827 commento'ipsam
2866 2758 3114 2828 accipere
3142 2756 3230 2813 vel
3261 2764 3447 2812 tenere

1860 2850 2121 2920 potuerit,
2163 2865 2439 2920 nunquam
2486 2850 2631 2903 illam
2684 2864 2906 2905 uxorem
2937 2850 3135 2905 habeat
3177 2866 3190 2902 :
3228 2849 3324 2904 sed
3363 2864 3451 2909 ra.

1859 2941 1999 3010 ptori
2030 2948 2124 2994 aut
2185 2940 2286 2995 l'uri
2327 2939 2623 3005 auferatur,
2651 2949 2706 2994 et
2735 2940 2995 3010 proximis
3041 2939 3157 2996 suis
3184 2940 3294 2995 alio
3323 2939 3441 2994 viro

1861 3039 2102 3100 tempore
2122 3045 2384 3101 congruo,
2409 3030 2454 3084 si
2484 3030 2597 3099 ipsa
2613 3031 2717 3085 hoc
2737 3030 2935 3084 malum
2955 3045 3061 3085 non
3084 3029 3447 3095 consenserit,

1863 3129 2096 3190 nuptura
2123 3120 2438 3192 legibusque
2476 3130 2767 3190 acceptura
2794 3119 3072 3177 reddatur.
3095 3119 3304 3191 Raptor
3327 3135 3452 3175 vero

160 3189 236 3244 ad
260 3188 573 3283 [Vmi'mrif'
605 3198 662 3244 θί
691 3188 758 3243 ad
784 3187 1106 3283 °“s_‘°dia'“3
1151 3194 1207 3239 ⁸⁸
1240 3185 1323 3283 λ³ί¹
1370 3184 1637 3283 δίίρθηξίίθ
1665 3200 1758 3238 ου’
1785 3214 1829 3275 C
1862 3184 1974 3268 sive
2003 3213 2107 3278 fur,
2136 3184 2430 3282 omnesque
2476 3213 2526 3268 ei
2562 3184 2988 3276 consentientes,
3026 3184 3239 3283 publica
3270 3213 3446 3283 poeni-

156 3281 383 3337 stodmn
436 3280 686 3350 sulliciat,
747 3289 804 3338 et
867 3281 1019 3361 facta
1071 3279 1362 3336 donatione
1412 3279 1492 3335 sic
1538 3278 1756 3335 domum

158 3374 418 3429 aediﬁcet.

156 3482 297 3539 CAP.
338 3483 466 3541 VIII.
510 3485 586 3539 De
634 3502 741 3567 non
774 3484 1073 3568 judicando
1102 3501 1415 3568 quemquam
1452 3483 1644 3555 absque
1689 3481 1762 3537 le—

689 3566 870 3627 gitimo
909 3566 1233 3609 accusatore.

638 3646 715 3702 Ex
760 3646 949 3702 eodem
998 3661 1119 3717 cap.
1169 3646 1297 3702 298.

244 3762 320 3823 (ν,
351 3759 504 3829 ibi.)
542 3756 750 3815 Iudicia
779 3774 885 3814 non
915 3768 1000 3814 est
1036 3760 1334 3837 quemlibet
1357 3756 1625 3830 judicare,
1677 3758 1761 3814 vel

162 3852 559 3917 condemnare,
584 3850 799 3921 absque
844 3851 1087 3922 legitimo
1136 3860 1472 3914 accusatore,
1504 3850 1760 3920 quoniam

162 3956 226 3999 et
260 3943 524 3999 Dominus
571 3941 766 3997 Judam
821 3940 994 3997 furem
1046 3958 1166 3998 esse
1197 3942 1403 3998 sciebat
1450 3960 1463 3996 :
1512 3941 1608 3997 sed
1637 3940 1763 4011 quia

172 4051 286 4089 non
318 4042 402 4089 est
431 4041 735 4098 accusatus,
785 4033 906 4089 ideo
932 4048 1039 4088 non
1066 4041 1150 4088 est
1176 4032 1401 4102 ejectus.

161 4130 301 4203 Cir.
335 4146 427 4202 IX.
468 4146 623 4214 Quod
668 4147 819 4201 Iaicis
867 4163 982 4271 ποτᾶ
1028 4148 1095 4201 sit
1153 4147 1218 4200 de
1264 4146 1760 4218 religione-praesu-

828 4234 943 4271 men
989 4233 1097 4271 nm.

828 4233 1097 4272 utendum.

566 4328 647 4384 Ex
679 4329 865 4384 eodcn‘
900 4329 1056 4394 libro,
1095 4342 1212 4399 cap.
1245 4328 1370 4383 405‘.

247 4442 323 4506 (ν,
352 4442 504 4513 259.)
546 4442 724 4498 Laicis
754 4441 1001 4511 quamvis
1051 4440 1335 4512 religiosis,
1390 4440 1529 4495 nulla
1579 4449 1762 4494 tamen

162 4532 241 4587 de.
281 4533 668 4588 ecclesiasticis
715 4531 1107 4599 facultatibus,
1165 4531 1253 4586 vel
1303 4531 1370 4587 de
1416 4531 1530 4587 Deo
1567 4530 1761 4586 dicatis

165 4624 504 4687 hominibus,
534 4623 735 4695 aliquid
766 4622 1082 4692 disponendi
1114 4622 1442 4679 altiibuatur
1474 4622 1722 4677 facultas.

159 4732 307 4788 CAP.
339 4732 401 4787 Χ.
448 4732 505 4789 Si
547 4733 665 4803 quis
703 4734 990 4803 episcopis,
1044 4731 1327 4801 presbyter,
1360 4732 1638 4795 diaconus,
1681 4730 1759 4785 vel

245 4802 618 4861 subdiaconus.
660 4803 741 4856 ud'
770 4802 961 4856 bellum
997 4803 1322 4871 processerit,
1374 4804 1684 4873 deponatur.

658 4916 737 4971 Ex
769 4915 906 4971 libro
935 4931 1010 4978 γι,
1042 4930 1161 4984 cap.
1189 4914 1281 4969 6|.

248 5029 350 5097 (vi,
378 5026 490 5098 6L)
527 5026 584 5083 Si
630 5026 751 5096 quis
787 5026 1111 5097 episcopus,
1142 5029 1445 5098 presbyter,
1474 5027 1757 5095 diaconus,

148 5117 257 5173 vel
312 5117 696 5180 subdiaconus,
751 5119 819 5173 ad
878 5116 1076 5172 bellum
1122 5122 1470 5187 processerit,
1502 5125 1574 5170 et-
1606 5130 1758 5172 arma

149 5208 363 5265 bellica
387 5208 604 5264 indutus
625 5206 789 5263 fuerit
820 5208 887 5262 ad
913 5206 1293 5272 bellicandum,
1317 5208 1385 5262 ab
1405 5205 1555 5264 omni
1584 5203 1760 5262 ofﬁcio

1791 4575 1839 4633 Ι)

1865 3303 2032 3357 tentia
2051 3311 2206 3370 juxta
2232 3303 2549 3357 canonicam
2572 3303 2950 3357 auctoritatem
3002 3302 3299 3356 multeutur
3333 3320 3347 3355 :
3392 3311 3447 3357 et

1789 3417 1795 3423 “
1862 3394 2129 3464 proximis
2153 3393 2296 3448 illius
2333 3392 2594 3463 quidquid
2625 3393 2819 3462 injuste
2849 3393 2900 3445 in
2936 3401 3042 3446 tam
3070 3391 3302 3448 nefando
3331 3407 3450 3448 sce-

1862 3483 1975 3540 lere
2012 3484 2221 3555 egerint
2272 3484 2326 3538 in
2385 3483 2545 3554 triplo
2568 3493 2915 3552 componant,
2941 3492 2995 3538 et
3012 3499 3451 3555 unamquamque

1867 3590 1984 3631 rem
2011 3576 2259 3631 semotim
2298 3573 2507 3647 legibus
2548 3575 2601 3630 in
2640 3575 2800 3644 triplo
2838 3576 3145 3631 restituant.
3190 3578 3305 3648 Ipsa
3343 3593 3443 3645 au-

1865 3676 1971 3724 tem
1999 3684 2119 3739 qua:
2137 3669 2364 3739 rapitur,
2403 3668 2447 3723 si
2486 3676 2579 3721 aut
2610 3668 2807 3738 primo,
2829 3678 2922 3722 aut
2950 3670 3311 3739 postmodum,
3335 3677 3447 3724 tam

1864 3762 2074 3819 nefario
2112 3763 2302 3818 sceleri
2343 3762 2517 3817 libens
2554 3761 2911 3826 consenserit,
2944 3777 3217 3832 nunquam
3261 3771 3452 3833 postea

1865 3856 2051 3917 nubat,
2078 3855 2171 3911 sed
2201 3855 2412 3926 publica
2450 3854 2765 3925 paenitentia
2792 3854 3071 3919 multetur,
3121 3863 3176 3909 et
3220 3854 3320 3910 sub
3351 3854 3447 3910 tali

1864 3949 2107 4003 custodia
2148 3956 2401 4018 ponatur,
2437 3957 2497 4001 ut
2546 3949 2596 4003 ei
2637 3948 2944 4005 nullatenus
2996 3948 3256 4004 luxuriari
3319 3963 3445 4005 cum

1865 4038 2099 4106 quodam
2131 4039 2307 4092 liceat.
2340 4036 2544 4093 Taliter
2586 4040 2729 4094 enim
2783 4050 3081 4096 memorata
3110 4041 3308 4115 ﬂagitia
3337 4058 3441 4113 pu-

1866 4133 2106 4196 niantur,
2142 4140 2201 4187 ut
2225 4147 2413 4188 omnes
2451 4142 2780 4202 cognoscant
2819 4133 3073 4202 quoniam
3121 4150 3221 4189 nec
3263 4116 3445 4189 saeculi

1866 4225 2012 4295 leges
2039 4234 2143 4278 tam
2170 4222 2416 4277 nefandis
2441 4221 2914 4291 conjunctionihus
2951 4225 3316 4287 consentiant,
3347 4235 3450 4279 nec

1867 4316 2008 4371 sacri
2040 4331 2277 4371 canones
2306 4314 2596 4369 concilium
2637 4313 2808 4369 ullum
2829 4296 3127 4384 priebeant.

1867 4430 1995 4486 Car.
2020 4429 2136 4485 XV.
2170 4429 2242 4483 De
2263 4431 2342 4483 his
2367 4430 2456 4500 qui
2481 4430 2536 4483 in
2570 4428 2725 4482 domo
2771 4445 2868 4481 suo
2904 4428 3191 4481 oratorium
3215 4427 3454 4494 fecerint.

2256 4542 2335 4601 Ex
2371 4541 2565 4598 eodem
2583 4540 2742 4608 libro,
2775 4557 2894 4612 cap.
2926 4541 3045 4596 l02.

1940 4658 2018 4730 (v,
2064 4655 2212 4727 l0l.)
2246 4656 2348 4723 Qui
2378 4657 2432 4712 in
2479 4657 2649 4712 domo
2679 4670 2791 4713 sua,
2827 4655 3130 4712 oratorium
3181 4654 3452 4718 habuerit,

1864 4765 2023 4807 orare
2060 4750 2256 4806 ibidem
2304 4757 2503 4820 potest,
2548 4748 2741 4803 missas
2796 4757 2971 4805 tamen
3005 4748 3058 4802 iu
3088 4761 3153 4799 eo
3181 4744 3461 4801 celebrare

1865 4859 1975 4899 non
2011 4843 2224 4907 audeat,
2254 4857 2355 4898 nec
2380 4856 2543 4914 agere
2574 4841 2827 4910 cuiquam
2867 4841 3152 4914 permittat
3194 4839 3312 4893 sine
3342 4855 3465 4911 pcr-

1827 4941 1833 4947 ’
1865 4939 2035 4995 missu
2058 4946 2113 4993 et
2144 4934 2489 4992 dedicatione
2527 4933 2764 5004 episcopi
2800 4937 2946 4992 illius
2974 4932 3100 4989 loci.
3133 4931 3285 4998 Quod
3320 4933 3364 4987 si
3393 4931 3471 4986 l’e-

1868 5029 2026 5095 cerit,
2065 5028 2258 5083 domus
2315 5028 2457 5083 illius
2494 5023 2608 5079 ﬁsci
2661 5025 2877 5087 viribus
2923 5025 3227 5081 addicatur.
3276 5020 3478 5077 Comes

1867 5135 2018 5187 vero,
2049 5118 2138 5188 qui
2188 5116 2293 5171 hoc
2341 5113 2612 5190 cognovit,
2655 5122 2712 5169 et
2752 5131 2868 5177 non
2916 5110 3210 5188 prohibuit,
3259 5114 3478 5179 publica

1868 5210 2186 5284 paenitentia
2217 5210 2505 5272 multetur,
2533 5204 2613 5259 vel
2651 5205 2869 5270 honore
2898 5210 3163 5284 privetur.
