3904 5304
533 207 669 265 1107

1458 214 1681 272 ISAACI
1719 217 2024 274 EPISCOPI
2061 218 2513 277 LINGONENSIS
2548 221 2881 281 CANONES.
3603 234 3701 289 1108

529 330 792 400 qitaesitus
810 332 1130 405 agnitusque
1145 350 1250 390 non
1265 334 1679 403 fuerit,securus
1693 333 2117 407 habeatquicol-
2141 338 2192 401 Α
2217 335 2343 393 CAP.
2375 339 2540 395 XXII.
2592 339 2663 394 Ut
2695 343 2978 416 presbyteri
3000 343 3054 397 in
3081 342 3315 416 ecclesiis
3360 344 3614 399 inconsulto
3633 350 3706 416 epi-

528 424 679 494 Iegit.
713 423 855 480 Sane
881 426 972 496 qui
1000 429 1473 498 post~przedictum
1503 438 1715 499 tempus
1753 430 1871 500 ejus
1899 428 2108 485 calum-

530 514 711 569 niator
737 515 1029 580 exstiterit,
1071 526 1131 571 ut
1170 518 1461 585 homicida,
1512 520 1880 575 ecclesiastica
1930 516 2111 574 disiri—

520 603 709 661 ctione
739 606 1108 693 damnabitur,
1140 610 1282 665 sicut
1324 609 1545 666 Patrum
1586 613 1765 668 sanxit
1791 612 2107 668 auctoritas.

527 738 657 818 Ολιξ.
686 740 851 818 XVII.
874 741 959 818 ΔΙὶε
981 760 1203 818 quorum
1241 745 1549 818 baptismate
1586 748 1778 818 absque
1806 747 2112 802 dissimula-

598 812 737 866 tione
760 812 1049 879 dubitatur,
1076 812 1139 868 iit
1179 812 1568 888 rebaptizentur
1602 812 1914 889 prti'ceptum
1939 829 2035 873 est.

1023 926 1103 981 Ex
1132 927 1321 983 codem
1342 945 1462 1000 cap.
1505 929 1628 985 I84.

600 1032 696 1099 (γι,
728 1033 873 1102 181.)
903 1034 981 1090 De
1010 1037 1207 1105 quibus
1238 1040 1458 1094 dubium
1485 1049 1569 1096 est
1594 1051 1776 1097 utrum
1800 1043 1907 1097 sint
1929 1041 2107 1113 bapti-

528 1124 635 1178 zati
668 1140 735 1178 an
769 1140 899 1191 non,
936 1128 1259 1184 omnimodis
1288 1131 1491 1200 absque
1510 1131 1619 1186 ullo
1646 1133 1899 1204 scrupulo
1927 1133 2107 1203 bapti-

526 1222 756 1269 zentur:
787 1216 873 1272 bis
915 1227 1091 1274 tamen
1131 1221 1312 1276 verbis
1342 1223 1657 1292 praemissis,
1704 1222 1825 1278 Non
1863 1234 1911 1279 te
1956 1224 2101 1278 reba-

524 1307 687 1375 ptizo,
728 1308 818 1362 sed
855 1308 902 1363 si
923 1312 1152 1365 nondum
1175 1312 1468 1381 baptizatus
1496 1331 1569 1379 es,
1596 1315 1804 1386 baptizo
1843 1326 1890 1370 te
1918 1315 1972 1371 in
2009 1333 2107 1371 no-

525 1396 665 1451 mine
689 1394 891 1464 Patris,
912 1410 958 1454 et
984 1399 1134 1467 Filii,
1162 1413 1209 1457 et
1238 1404 1466 1474 Spiritus
1501 1408 1698 1461 sancti.

560 1527 688 1585 CAP.
724 1531 907 1587 XVIII.
937 1531 1074 1599 Quot
1099 1534 1203 1589 sint
1237 1535 1346 1589 dies
1384 1536 1771 1608 puriﬁcationis
1809 1538 2065 1595 mulieris.

1017 1647 1100 1703 Ex
1134 1648 1324 1704 eodem
1359 1666 1479 1720 cap.
1511 1650 1636 1707 207.

596 1760 697 1830 (vr,
717 1758 869 1832 20b.)
900 1760 1034 1817 Cum
1062 1762 1218 1817 enisa
1252 1761 1414 1817 fuerit
1442 1762 1654 1825 mulier,
1685 1771 1807 1834 post
1834 1772 1968 1836 quot
1989 1765 2104 1821 dies

526 1852 718 1908 debeat
743 1854 1030 1910 ecclesiam
1059 1855 1283 1918 intrare,
1303 1856 1633 1911 Testamenti
1661 1857 1873 1912 Veteris
1902 1874 2104 1929 prince-

524 1945 712 2016 ptione
733 1947 1040 2014 didicimus,
1069 1957 1130 2003 ut
1163 1965 1262 2019 pro
1296 1950 1537 2006 mascqu
1563 1950 1753 2005 diebus
1781 1967 1976 2015 xxsut,
2004 1968 2104 2022 pro

525 2037 724 2091 femina
754 2054 875 2092 vat
905 2039 1097 2095 debeat
1123 2042 1415 2097 abstinere.
1446 2042 1600 2109 Quod
1641 2053 1841 2107 tamen,
1874 2044 1949 2097 ait
1973 2059 2103 2097 san-

524 2146 647 2193 ctus
665 2136 980 2207 Gregorius,
1005 2139 1282 2194 sciendum
1307 2149 1388 2195 est
1421 2141 1547 2210 quia
1575 2140 1627 2194 in
1660 2140 1918 2211 mysterio
1959 2140 2103 2195 acci-

519 2230 691 2299 pitur.
718 2228 855 2285 Nam
883 2229 927 2284 si
958 2229 1089 2285 hora
1116 2231 1303 2285 eadem
1334 2247 1438 2300 qua
1469 2231 1718 2300 genuerit
1755 2239 1940 2285 actura
1973 2247 2098 2300 gra-

524 2322 632 2376 tias
653 2320 816 2376 intret
839 2321 1145 2385 ecclesiam,
1165 2321 1308 2375 nullo
1328 2322 1532 2391 peccati
1557 2321 1794 2391 pondere
1823 2330 2099 2392 gravatur.

522 2411 787 2483 Voluptas
827 2412 1030 2468 etenim
1060 2412 1263 2476 carnis,
1296 2427 1401 2468 non
1438 2410 1611 2475 doIor,
1638 2410 1691 2465 in
1718 2412 1875 2481 culpa
1904 2418 2005 2465 est.
2044 2409 2100 2464 In

521 2505 705 2561 carnis
748 2514 930 2561 autem
976 2505 1340 2561 commistione
1388 2503 1635 2573 voluptas
1682 2513 1786 2570 est,
1837 2504 1892 2559 in
1935 2502 2103 2574 prolis

521 2612 653 2651 vero
673 2597 975 2668 prolatione
989 2597 1239 2667 gemitus.
1265 2595 1419 2652 Unde
1439 2605 1493 2650 et
1509 2595 1608 2666 ipsi
1630 2595 1806 2666 primo
1826 2596 2104 2650 matrimo-

519 2689 613 2743 nio
641 2688 840 2743 dicitur
867 2706 880 2742 :
910 2688 976 2743 In
1002 2687 1270 2743 doloribus
1310 2688 1479 2757 paries
1512 2685 1665 2758 (Gen.
1697 2686 1801 2743 tu).
1837 2685 1893 2740 Si
1924 2685 2106 2754 itaque

523 2780 699 2848 ipsam
745 2779 1024 2834 mulierem
1054 2779 1405 2848 prohibemus
1441 2777 1733 2832 ecclesiam
1772 2777 2000 2843 intrare,
2022 2775 2104 2846 ip-

524 2886 641 2928 sam
671 2870 721 2924 ei
752 2884 967 2939 pinnam
997 2883 1150 2923 suam
1174 2866 1386 2937 culpam
1412 2868 1752 2936 deputamus.

520 2998 651 3053 CAP.
684 2997 827 3053 XIX.
857 2997 932 3052 De
957 2997 1310 3054 consentanda
1335 2998 1437 3067 ﬁde
1458 2998 1593 3053 inter
1612 2999 1780 3054 virum
1800 3008 1846 3053 et
1868 3013 2103 3052 uxorem.

1002 3111 1079 3166 Ex
1107 3112 1293 3167 eodem
1326 3127 1445 3181 cap.
1475 3111 1601 3165 424.

596 3225 692 3296 (vt,
724 3223 875 3295 527.)
916 3224 1068 3281 Scire
1096 3239 1285 3281 omnes
1314 3224 1578 3290 volumus,
1609 3225 1747 3281 sicut
1774 3233 1829 3281 et
1854 3224 2049 3296 saepius
2078 3238 2110 3279 a

524 3316 761 3371 dominis
789 3317 1076 3387 episcopis,
1104 3325 1158 3373 et
1192 3333 1222 3372 a
1254 3317 1478 3388 reliquis
1506 3317 1602 3371 Dei
1649 3317 1821 3372 servis
1851 3316 2110 3372 admoniti

525 3424 735 3479 sumus.
767 3409 908 3479 quod
939 3409 1041 3463 viri
1071 3410 1330 3465 uxoribus
1358 3410 1491 3475 suis,
1529 3418 1585 3465 et
1628 3425 1825 3464 uxores
1866 3408 2112 3463 similiter

523 3476 816 3564 virissuis,
842 3500 1110 3555 veraciter
1136 3499 1295 3555 ﬁdem
1319 3508 1376 3555 et
1402 3499 1743 3555 dilectionem
1771 3514 1990 3554 servare
2021 3498 2112 3552 de-

524 3593 676 3659 bent,
707 3599 762 3647 et
788 3606 894 3646 non
924 3592 977 3646 in
1000 3592 1181 3662 aliquo
1206 3592 1274 3647 ab
1298 3592 1384 3646 bis
1410 3591 1680 3647 declinare
1705 3609 1718 3644 :
1751 3600 1805 3645 ct
1832 3591 1974 3661 quod
2004 3604 2110 3644 non

525 3685 689 3740 liceat
715 3683 1036 3756 coniugatis,
1064 3698 1241 3756 neque
1259 3683 1527 3755 pellicem,
1553 3698 1728 3755 neque
1754 3683 2108 3739 concubinam

524 3776 748 3831 habere.

526 3886 656 3942 Car.
682 3884 801 3941 XX.
821 3885 900 3943 De
920 3886 1277 3942 sacerdotibus
1297 3886 1386 3958 qui
1407 3886 1750 3943 ministerium
1774 3902 1923 3941 suum
1945 3884 2108 3941 adim-

1075 3957 1215 4028 plere
1244 3957 1347 4012 non
1372 3960 1566 4012 valent.

977 4068 1057 4124 Ex
1087 4068 1225 4125 libro
1252 4085 1349 4135 vn,
1381 4085 1498 4141 cap.
1534 4069 1635 4124 157

601 4178 720 4248 (vu,
756 4178 901 4250 I00.)
934 4177 1260 4236 Sacerdotes
1296 4181 1388 4250 qui
1431 4181 1534 4234 rite
1563 4195 1668 4234 non
1700 4180 1916 4249 sapiunt
1943 4180 2114 4234 adim-

522 4273 676 4343 plere
705 4272 1064 4326 ministerium
1101 4288 1277 4336 suutn,
1315 4288 1413 4327 nec
1457 4273 1665 4327 discere
1688 4273 1842 4342 juxta
1872 4286 2110 4341 prmccp-

525 4373 641 4419 tnm
686 4364 1061 4433 episcoporum
1102 4378 1320 4418 suorum
1348 4378 1446 4432 pro
1478 4363 1685 4418 viribus
1727 4371 1997 4433 satagunt,
2027 4361 2111 4416 vel

524 4463 926 4524 contemptores
969 4469 1237 4509 canonum
1278 4454 1539 4519 existunt,
1586 4454 1656 4508 ab
1693 4453 1870 4509 ollicio
1894 4454 2114 4523 preprio

526 4553 654 4599 sunt
678 4543 1012 4609 removendi,
1059 4557 1340 4614 quousque
1375 4544 1480 4599 hoc
1506 4542 1736 4614 pIeniter
1768 4545 2111 4598 emendatum

522 4634 776 4690 Iiabeant.
1400 4650 1405 4656 ‘

526 4772 656 4845 Car.
690 4772 829 4827 XXI.
865 4770 934 4826 Ut
963 4771 1142 4845 nullus
1156 4772 1324 4845 judex
1346 4789 1506 4839 neque
1537 4773 1910 4845 presbyterum,
1952 4790 2113 4844 neque

596 4844 898 4964 diutinum,
944 4856 1037 4897 aut
1078 4841 1342 4909 clericum,
1385 4845 1497 4897 sine
1533 4841 1847 4898 conscientia
1890 4841 2113 4914 episcopi

596 4929 677 4965 sui
745 4923 1002 4981 ttrmgat.

1020 5022 1101 5075 Ex
1125 5022 1316 5079 eodem
1350 5039 1469 5094 cap.
1502 5024 1624 5080 I39.

604 5133 705 5201 (vr,
752 5128 900 5200 I54.)
952 5129 1025 5184 Ut
1070 5131 1247 5185 nullus
1290 5132 1454 5200 iudex
1494 5150 1671 5205 neque
1716 5136 2110 5207 presbyterum,

528 5232 705 5288 neque
725 5218 1037 5282 diaconum,
1059 5227 1153 5272 aut
1173 5219 1446 5287 clericum,
1472 5234 1564 5279 aut
1579 5223 1847 5293 juniorcm
1872 5227 2111 5282 ecclesiae

2286 426 2440 465 scooo
2461 428 2564 466 non
2584 414 2986 467 constituantur.
3013 414 3088 469 vel
3112 415 3178 469 de
3193 415 3412 469 ecclesiis
3432 414 3704 485 expelluntur.

2699 526 2776 581 Ex
2798 527 2987 583 eodem
3016 544 3135 598 cap.
3164 527 3286 582 145.

2282 632 2402 704 (vn,
2432 636 2580 708 420.)
2618 635 2900 693 Sancitum
2946 650 3031 693 est
3072 646 3132 693 ut
3173 638 3290 692 sine
3336 639 3619 695 auctoritate
3648 643 3706 696 vel

2209 742 2475 783 consensu
2516 730 2890 800 episcoporum
2932 729 3232 801 presbyteri
3259 729 3310 783 in
3346 729 3709 799 quibusbbetec-

2208 816 2390 872 clesiis
2420 834 2520 873 nec
2549 820 2966 882 constituantur,
2991 833 3090 873 nec
3119 818 3469 889 expellantur.
3493 818 3551 872 Et
3574 821 3608 872 si
3627 822 3709 888 quis

2210 910 2466 979 deinceps
2515 913 2614 966 hoc
2647 911 2827 966 facere
2876 911 3181 976 tentaverit,
3237 909 3470 983 synodali
3512 916 3709 966 sententia

2209 1000 2457 1056 districte
2484 1001 2728 1058 feriatur.

2207 1110 2335 1167 CAP.
2366 1111 2552 1167 XXIII.
2585 1111 2653 1167 Ut
2677 1113 2890 1168 illicitas
2922 1131 3159 1168 accessus
3179 1114 3487 1184 feminarum
3512 1114 3571 1165 ad
3594 1113 3713 1166 altare

2279 1200 2381 1236 non
2401 1184 2517 1251 ﬁat,
2541 1202 2633 1238 nec
2665 1185 2787 1238 ullm
2826 1184 3033 1251 femina:
3059 1201 3182 1238 vasa
3216 1201 3391 1247 sacra,
3412 1194 3495 1237 aut
3521 1194 3711 1253 carpunt

2276 1256 2584 1325 sanguinem
2612 1255 2824 1308 Domini
2857 1264 3175 1309 contrectare
3199 1266 3533 1325 praesumant.

2605 1364 2685 1420 Ex
2711 1366 2896 1420 eodem
2925 1364 3085 1431 libro,
3109 1380 3230 1436 cap.
3264 1366 3387 1425 I90.

2278 1480 2398 1551 (vn,
2442 1480 2590 1551 154.)
2621 1478 2895 1535 Statntnm
2918 1490 3000 1535 est
3022 1491 3080 1535 ut
3102 1480 3325 1535 illicitus
3349 1480 3631 1535 feminarum
3653 1495 3714 1534 ac-

2241 1585 2397 1627 essus
2434 1574 2501 1627 ad
2536 1573 2704 1627 altare
2726 1588 2830 1627 non
2861 1573 2974 1637 tiat,
3002 1574 3124 1643 quia
3153 1585 3347 1629 contra
3373 1588 3569 1628 omnem
3587 1583 3713 1626 anuo-

2131 1698 2184 1759 B
2209 1662 2426 1719 ritatem
2456 1664 2689 1719 divinam
2712 1672 2767 1719 et
2784 1666 3101 1721 canonicam
3138 1665 3528 1720 institutionem
3552 1673 3634 1730 est,
3660 1663 3713 1718 le-

2211 1755 2386 1810 minas
2410 1761 2610 1810 sanctis
2634 1756 2895 1811 altaribus
2916 1771 2973 1811 se
2997 1755 3136 1811 ultro
3161 1756 3434 1826 ingerere,
3459 1764 3544 1810 ant
3566 1765 3715 1810 sacrata

2206 1862 2335 1903 vasa
2368 1848 2710 1919 impudenter
2740 1850 3075 1920 contingere,
3108 1850 3225 1905 sive
3265 1850 3568 1905 indumenta
3589 1864 3715 1904 sacer-

2207 1942 2404 1998 dotalia
2432 1943 2769 2015 presbyteris
2801 1944 3126 2010 ministrare,
3154 1952 3244 1999 aut
3274 1959 3477 2014 corpus
3502 1944 3715 2011 etsangni-

2209 2048 2331 2087 nem
2362 2033 2575 2088 Domini
2599 2035 2932 2104 contingere,
2957 2034 3276 2106 pepulisque
3308 2034 3716 2105 porrigere:quai

2209 2123 2356 2177 omni
2408 2125 2616 2179 ratione
2660 2135 2831 2189 caret,
2867 2134 2923 2179 et
2965 2141 3031 2179 ne
3067 2125 3290 2180 ulterius
3340 2126 3435 2180 ﬁat
3472 2124 3718 2180 omnimodis

2209 2216 2539 2286 prohibitum
2565 2225 2667 2271 est.
2698 2216 2765 2271 Et
2806 2232 3136 2286 quaecunque
3163 2218 3386 2272 feminae
3416 2216 3716 2285 deincepst

2212 2307 2391 2363 facere
2435 2308 2899 2378 pnesumpserint,
2947 2307 3151 2379 judicio
3195 2309 3468 2363 canonico
3504 2320 3642 2375 usque
3671 2304 3713 2356 ul

2212 2399 2631 2455 satisfactionem
2661 2397 2975 2454 subdantur.
3008 2400 3159 2465 Quod
3187 2409 3379 2454 autem
3426 2399 3642 2453 mulieres
3662 2396 3713 2448 in-

2211 2491 2358 2562 gredi
2388 2491 2455 2545 ad
2492 2491 2662 2547 altare
2701 2505 2807 2544 non
2835 2490 3087 2553 debeant,
3142 2491 3197 2544 in
3224 2491 3459 2546 concilio
3492 2487 3714 2543 Calchedo-

2211 2582 2386 2646 nensi,
2419 2591 2473 2637 et
2518 2582 2572 2636 in
2603 2581 2838 2637 decretis
2877 2580 3077 2636 Gelasii
3121 2596 3276 2653 papa:
3316 2580 3649 2651 copiosissime
3667 2579 3718 2631 ia-

2208 2675 2440 2729 venitur.

2383 2785 2510 2841 Csr.
2536 2786 2726 2843 XXIV.
2760 2787 2836 2841 De
2862 2784 3200 2841 violatoribus
3233 2783 3598 2851 sepulcrorum.

2668 2900 2748 2956 Ex
2786 2899 2974 2954 eodem
2999 2898 3177 2968 capite
3202 2896 3331 2950 I92.

2284 3008 2399 3081 (vn,
2431 3010 2581 3082 I36.)
2599 3010 2698 3078 Qui
2724 3010 2967 3080 sepulcra
2990 3007 3318 3063 violaverint
3341 3006 3629 3078 puniantur:
3649 3010 3722 3052 tam

2214 3102 2449 3173 ingenui,
2471 3118 2631 3173 quam
2657 3103 2818 3157 servi.
2852 3103 2907 3156 Si
2938 3102 3108 3172 major
3129 3116 3365 3170 persona
3392 3101 3444 3154 in
3466 3099 3560 3153 hoc
3578 3094 3724 3150 scelere

2214 3191 2378 3246 fuerit
2407 3191 2760 3260 deprehensa,
2804 3191 2999 3246 amissa
3030 3190 3327 3245 medietate
3366 3189 3607 3243 bonorum
3641 3198 3721 3236 sm-

2214 3296 2350 3343 rum,
2376 3288 2631 3351 perpetua
2657 3288 2872 3334 notetur
2892 3277 3109 3334 infamia
3138 3296 3149 3332 :
3175 3279 3221 3333 si
3245 3278 3500 3337 clericus,
3521 3270 3722 3342 depositus

2214 3372 2361 3425 omni
2393 3370 2594 3424 honore
2622 3368 2877 3432 clericali,
2918 3368 3141 3438 perenni
3183 3367 3382 3422 exsilio
3402 3368 3664 3437 deputetur.
3684 3357 3721 3410 Si

2208 3464 2371 3535 jndex
2396 3464 2507 3531 hoc
2519 3465 2768 3533 persequi
2786 3470 2878 3517 aut
2900 3461 3120 3533 implere
3142 3458 3435 3524 distulerit,
3457 3451 3723 3512 facultatibus

2214 3562 2269 3610 et
2290 3555 2495 3609 honore
2522 3552 2781 3622 privetur.

2215 3685 2342 3743 CAP.
2371 3684 2538 3740 XXV.
2585 3684 2663 3739 De
2694 3683 2912 3743 clericis.
2949 3683 2998 3737 si
3023 3682 3327 3737 ebrietatem
3365 3698 3469 3735 non
3503 3676 3723 3733 nitescunt.

2421 3766 2512 3810 aut
2551 3755 3080 3817 excommunicentur,
3109 3763 3202 3806 aut
3232 3752 3570 3807 verberentur.

2710 3869 2789 3925 Ex
2818 3863 3004 3924 eodem
3031 3881 3148 3937 cap.
3175 3864 3304 3920 270.

2286 3980 2426 4038 Ante
2445 3981 2628 4038 omnia
2658 3980 2872 4037 clericis
2907 3980 3109 4033 vitetur
3132 3978 3393 4043 ebrietas,
3420 3989 3533 4045 qum
3550 3967 3723 4028 summa

2214 4075 2468 4130 vitiorum
2494 4073 2668 4129 fomes
2690 4088 2752 4128 ac
2772 4072 2950 4127 nutrix
2974 4079 3077 4136 est,
3106 4085 3207 4125 nec
3227 4071 3351 4140 quis
3371 4075 3538 4140 potest
3560 4065 3723 4118 liberum

2218 4167 2461 4236 corporis
2478 4166 2560 4220 sui
2583 4181 2649 4221 ac
2667 4164 2862 4219 mentis
2876 4164 3074 4217 habere
3087 4160 3375 4229 judicium.
3395 4160 3494 4227 Qui
3512 4167 3582 4212 est
3593 4162 3726 4219 captus

2216 4258 2344 4311 vino
2375 4272 2404 4310 a
2435 4271 2592 4311 sensu
2624 4257 2881 4325 probatur
2922 4268 3041 4308 esse
3067 4254 3292 4317 alienus,
3334 4260 3391 4307 et
3410 4247 3658 4322 proclivius
3678 4239 3723 4293 ad

2215 4344 2476 4417 judicium
2505 4360 2657 4399 utens
2678 4343 2941 4398 labefacta
2963 4342 3179 4397 ducitur
3202 4360 3216 4396 :
3245 4358 3309 4397 ac
3329 4342 3616 4411 plerumque
3632 4330 3725 4386 sole!

2220 4445 2500 4508 peccatum
2534 4444 2627 4490 aut
2648 4436 2850 4491 crimen
2873 4435 2998 4490 dum
3026 4433 3199 4487 nescit
3227 4432 3514 4487 incurrere.
3539 4427 3725 4494 Ignoran-

2222 4529 2298 4582 tia
2326 4542 2454 4582 vero
2483 4527 2605 4580 talis
2634 4542 2739 4580 non
2772 4534 2946 4596 petest
2992 4523 3229 4593 effugere
3275 4536 3507 4592 poenam,
3534 4529 3660 4586 quam
3680 4523 3726 4562 ει

2220 4617 2522 4671 voluntaria
2537 4617 2771 4671 amentia
2793 4630 3041 4669 manasse
3062 4614 3380 4668 constiterit.
3411 4612 3579 4680 Itaque
3594 4616 3727 4675 quem-

2221 4723 2433 4777 cunque
2477 4706 2684 4761 ebrium
2733 4705 2901 4761 fuisse
2940 4704 3267 4769 constiterit,
3314 4711 3371 4757 ut
3413 4702 3539 4756 ordo
3565 4695 3725 4766 patitur,

2221 4806 2315 4851 aut
2341 4814 2408 4851 λι.
2440 4797 2646 4851 dierum
2676 4797 2849 4865 spatio
2884 4812 2913 4850 a
2945 4796 3320 4851 communione
3345 4791 3611 4846 statuimus
3635 4779 3724 4836 sub-

2219 4885 2565 4951 movendum,
2596 4895 2688 4943 aut
2713 4886 2976 4956 corporali
2998 4885 3328 4940 subdendum
3354 4895 3474 4935 esse
3507 4870 3721 4944 supplic“-

2219 5001 2347 5058 (λιι).
2378 4978 2568 5056 XXVI.
2618 4997 2684 5053 Ut
2714 5008 2886 5064 testes,
2930 4985 3231 5067 priusquam
3274 4996 3333 5049 de
3366 5008 3523 5046 causa
3562 4989 3724 5041 intem-

2492 5105 2697 5166 gentur,
2727 5101 3051 5147 sacramento
3074 5090 3507 5157 constringuntur.

2707 5210 2783 5263 Ex
2814 5207 3008 5262 eodem
3036 5220 3153 5274 cap.
3192 5202 3327 5258 285:
