3904 5304
136 183 274 241 “00

981 187 1119 245 ouo
1158 188 1452 247 BELLOV.
1491 188 1704 247 EPISC.
1744 220 1814 231 -
1850 178 2124 252 NOTlTlA
2162 197 2550 258 msromca.

3276 207 3415 263 illo

134 300 264 391 libet
318 297 598 370 splendida
643 311 700 355 et
747 301 935 359 idonea
988 306 1237 361 videatur
1285 323 1407 363 esse
1457 322 1715 376 persona.
1742 311 1793 370 Δ
1822 311 1929 365 ullo
1959 330 2196 385 unquam
2235 327 2480 389 tempore
2519 320 2734 376 tradere
2765 298 3080 391 potuerunt,
3120 340 3220 382 nec
3253 329 3412 382 [110.50

134 390 438 445 nullatenus
463 391 811 447 audiendum.

128 504 268 577 CAP.
312 503 521 558 XXVII.
562 502 629 577 Ut
674 508 960 575 mamipm,
1004 524 1121 577 qum
1160 509 1340 563 Judm
1372 511 1588 565 emerim
1627 521 1721 565 aut

220 575 662 637 circumciderint,
697 577 762 628 ub
795 593 973 631 eorum
1002 575 1256 646 potestate
1289 581 1622 650 auferantur.

522 680 533 689 ’
622 666 697 721 Ex
728 668 918 723 eodem
954 686 1076 741 cap.
1108 670 1233 726 286.

199 780 320 863 (vri.
345 778 498 851 209.)
526 780 584 836 Si
607 780 729 850 quis
747 779 1057 837 Iudaeorum
1081 782 1454 840 Christianum
1478 800 1721 853 servum,

129 871 216 926 vel
242 871 531 941 cujuslibet
556 873 784 928 alterius
814 882 999 938 sectae,
1032 876 1230 930 emerit
1248 875 1335 930 vel
1363 877 1722 932 circumcide-

128 965 227 1029 rit,
262 981 305 1018 ta
349 963 517 1020 Judaei
570 965 741 1036 ipsius
792 974 1059 1037 potestate
1096 967 1340 1024 sublatus
1366 968 1420 1023 in
1471 968 1727 1024 libertate

127 1064 465 1125 permaneat.

126 1168 258 1223 CAP.
315 1166 550 1225 XXVlli.
602 1184 681 1225 ,π
714 1171 870 1294 vaqisl
905 1181 955 1253 et
985 1171 1200 1253 .levibus
1242 1173 1601 1228 sacerdotibus
1656 1192 1719 1229 ac

821 1258 850 1294 c
871 1258 1044 1294 erras.

821 1258 1044 1296 ειεηειε.

611 1329 694 1386 Ex
727 1331 917 1386 eodem
946 1347 1067 1402 cap.
1099 1332 1225 1390 296.

196 1439 320 1512 (vn,
351 1439 503 1512 217.)
535 1439 649 1495 Hoc
672 1441 836 1496 etiam
875 1442 1101 1513 placuit,
1130 1453 1189 1499 ut
1213 1460 1383 1517 vagus
1423 1459 1589 1518 atque
1633 1448 1718 1501 in-

125 1532 338 1587 stabilis
365 1533 619 1600 clericus,
645 1534 758 1588 sive
800 1534 963 1589 etiam
996 1535 1051 1590 in
1080 1536 1342 1592 diaconali
1389 1539 1718 1605 ministerio,

1821 417 2069 476 possunt.

2090 523 2217 579 CAP.
2245 525 2438 582 XXXI.
2469 528 2601 585 Item
2633 532 2698 585 de
2728 534 3128 605 chorepiscopis.

2233 618 2314 674 Ex
2341 621 2529 676 eodem
2560 622 2717 689 libro,
2745 640 2863 696 cap.
2888 625 3014 682 425.

1893 725 2010 795 (vn,
2033 726 2184 800 528.)
2206 728 2416 785 Placuit
2434 742 2493 788 ut
2521 733 2662 790 sicut
2691 734 2885 791 Leonis
2907 751 3060 807 papa:
3086 746 3143 793 et
3166 740 3409 795 omnium

1821 818 2192 888 episcoporum
2237 833 2567 893 nostrorum,
2615 835 2776 898 alque
2808 829 3135 900 reliquorum
3162 833 3409 889 ﬁdelium

1821 912 2061 980 generali
2113 922 2166 967 et
2213 915 2457 986 synodali
2501 919 2749 974 consultu
2808 920 3167 988 decrevimus,
3226 923 3403 980 nullus

1822 1003 2241 1075 cborepisc0pns
2298 1021 2395 1076 per
2442 1022 2637 1064 manus
2694 1010 3091 1079 impositionem
3144 1012 3405 1083 Spiritum

1821 1102 2068 1148 sanctum
2124 1096 2371 1161 tradere,
2425 1106 2519 1152 aut
2578 1100 2921 1167 sacerdotes,
2989 1102 3074 1157 vel
3143 1103 3358 1158 Levitas
3397 1147 3412 1169 ,

1822 1193 1915 1239 aut
1957 1186 2316 1243 subdiaconus
2358 1203 2608 1258 sacrare,
2656 1192 2741 1245 vel
2789 1192 3027 1263 virgines
3075 1194 3277 1260 velare,
3320 1206 3415 1249 aut

1820 1285 2068 1332 sanctum
2099 1277 2335 1333 chrisma
2365 1280 2636 1336 conﬁcere
2664 1281 2748 1336 vel
2793 1284 3053 1339 ecclesias
3100 1285 3183 1338 vel
3219 1285 3412 1340 altaria

1822 1382 2061 1434 sacrare,
2087 1368 2628 1427 autbenedictionem
2659 1374 2711 1427 in
2747 1374 2962 1444 publica
3001 1364 3164 1431 missa
3196 1377 3410 1446 populis

1822 1460 2062 1516 tribuere
2080 1474 2389 1532 praesumat.
2421 1463 2554 1532 Quae
2578 1466 2759 1520 omnia
2794 1467 3021 1522 summis
3042 1468 3410 1539 pontiﬁcibus,

1823 1551 1876 1606 id
1898 1562 1979 1606 est
2001 1553 2402 1625 cathedralibus
2424 1556 2693 1627 episcopis
2712 1558 2995 1624 debentur,
3015 1567 3071 1613 et
3088 1573 3193 1613 non
3221 1561 3413 1615 ebore-

126 1622 592 1726 νειμῐπθδυῖιθτδιί
614 1622 1161 1726 οίῖῖοίουεοηειίιιξῑυῇ
1189 1627 1239 1726 εξ
1266 1628 1525 1726 θρῖδςορξι
1546 1644 1583 1726 ⁵³
1611 1644 1720 1698 quo
1751 1667 1795 1726 Β
1823 1642 2078 1713 piscopis,
2110 1643 2190 1700 vel
2216 1622 2566 1715 presbyteris,
2594 1622 2823 1716 quorum
2852 1622 3082 1703 formam
3110 1647 3261 1717 juxta
3290 1665 3417 1705 san-

125 1712 411 1767 ordinatus
432 1721 536 1778 est,
561 1714 846 1783 praeceptis
872 1728 979 1769 non
1000 1714 1291 1784 obedierit,
1311 1726 1370 1772 ut
1392 1719 1445 1773 in
1473 1720 1720 1791 delegata

1833 1743 2035 1789 ctorum
2077 1736 2292 1792 decreta
2341 1738 2715 1809 ehorepiseopi
2757 1749 2973 1812 gerunt.
3014 1739 3071 1796 Sl
3124 1751 3303 1797 autem
3355 1744 3408 1798 bi

127 1804 228 1858 sibi
268 1805 496 1860 ecclesia
546 1804 777 1861 olﬁcium
805 1808 1072 1878 dependat
1104 1809 1408 1875 assiduum,
1439 1824 1725 1879 quousque

126 1895 182 1950 in
225 1896 360 1951 vitio
385 1905 691 1967 permanet,
726 1898 1113 1954 communione
1139 1909 1196 1955 et
1223 1900 1429 1956 honore
1455 1901 1719 1971 privetur.

121 2008 259 2063 CAP.
310 2007 503 2065 XXIX.
556 2008 636 2065 De
663 2011 906 2067 castitate
943 2029 1133 2085 eorum
1168 2014 1260 2084 qui
1305 2014 1552 2085 conjugio
1599 2025 1724 2070 sunt

800 2082 1051 2153 copulati.

527 2175 607 2230 Ex
634 2174 824 2231 eodem
849 2175 1007 2243 libro,
1038 2192 1157 2248 cap.
1186 2178 1310 2235 589.

202 2284 328 2357 (vn,
358 2285 464 2341 505
489 2286 509 2357 )
539 2285 828 2342 Sciendum
851 2297 936 2344 est
983 2291 1235 2345 omnibus
1259 2300 1314 2346 et
1340 2292 1569 2348 ﬁrmiter
1594 2294 1723 2349 reti-

127 2374 565 2448 nendumgquod
595 2378 649 2433 bi
674 2379 767 2447 qui
811 2395 1009 2435 uxores
1032 2380 1230 2437 ducere
1259 2382 1549 2449 voluerint,
1584 2385 1723 2442 sicut

127 2486 224 2524 eas
245 2479 429 2525 castas
449 2480 504 2524 et
529 2471 871 2541 incorruptas
891 2473 1115 2542 cupiunt
1141 2474 1407 2541 invenire,
1433 2476 1512 2531 sic
1539 2478 1605 2531 ad
1628 2492 1722 2533 eas

130 2559 269 2614 casti
298 2569 353 2614 et
380 2560 678 2630 incorrupti
705 2560 906 2616 debent
939 2562 1223 2628 accedere,
1247 2578 1446 2633 easque
1473 2580 1596 2620 cum
1628 2568 1723 2622 be-

132 2652 443 2708 nedictione
477 2653 797 2719 sacerdotis,
817 2653 957 2709 sicut
984 2653 1037 2709 in
1070 2653 1510 2712 Sacramentario
1540 2658 1718 2712 conti-

132 2751 320 2809 netur,
348 2745 595 2815 accipere
622 2763 637 2800 :
664 2744 757 2802 sed
787 2746 938 2817 prius
987 2761 1082 2803 eas
1114 2748 1278 2804 dotali
1327 2749 1481 2806 titulo
1522 2752 1722 2808 debent

133 2834 413 2908 colligare.

133 2949 263 3005 Cu.
291 2950 460 3007 XXX.
487 2951 565 3007 De
583 2952 665 3008 his
698 2953 789 3022 qui
815 2971 847 3008 a
872 2954 1239 3026 ehorepiseopo
1259 2957 1554 3026 conﬁrmati
1575 2969 1716 3014 sunt.

526 3044 604 3098 Ex
640 3046 831 3100 eodem
863 3045 1018 3110 libro,
1051 3063 1170 3116 cap.
1208 3048 1332 3103 402.

203 3166 329 3217 (vn,
359 3152 510 3224 '5I7.)
557 3151 614 3208 Si
650 3153 774 3223 quis
803 3169 908 3209 non
937 3155 1006 3210 ab
1048 3156 1318 3226 episeopo,
1348 3159 1441 3213 sed
1463 3172 1493 3213 a
1525 3159 1721 3215 chore-

129 3243 378 3312 piscopo,
410 3245 500 3314 qui
527 3260 634 3299 non
655 3253 739 3299 est
758 3245 1061 3315 episcopus,
1090 3248 1183 3303 sed
1204 3248 1435 3305 vicarius
1458 3250 1721 3320 episcopi,

130 3336 474 3405 priusquam,
505 3336 761 3404 prohibiti
790 3346 995 3401 essent,
1026 3336 1581 3405 lueritconﬁrmatus,
1611 3343 1720 3397 rei-
1770 3344 1779 3352 ’

130 3425 300 3480 terari
324 3425 445 3481 aliis
470 3426 934 3483 benedictionibus
958 3429 1138 3483 debet.
1163 3428 1297 3483 Nam
1318 3430 1715 3501 ehorepiseopi,

128 3526 258 3573 ante
276 3518 629 3588 apostolicam
644 3528 808 3590 atque
817 3519 1127 3591 synodalem
1152 3521 1594 3591 prohibitionem,
1614 3539 1719 3578 non

129 3624 195 3664 ex
216 3625 449 3666 numero
468 3611 856 3681 apostolorum,
882 3614 976 3669 sed
995 3629 1062 3669 ex
1100 3631 1202 3671 cur
1223 3615 1637 3686 discipulorum,
1662 3625 1722 3671 ut

129 3703 271 3757 sacri
304 3717 542 3759 canones
572 3711 859 3770 testantur,
879 3706 1068 3761 ordine
1087 3715 1262 3771 erant,
1285 3721 1420 3777 quos
1441 3721 1717 3776 nunquam

129 3791 394 3862 Spiritum
433 3796 764 3866 paracletum
800 3797 1090 3853 tradidisse
1137 3799 1407 3855 novimus.
1454 3798 1559 3854 Sed
1591 3799 1719 3870 quia

127 3884 283 3948 olim,
316 3893 375 3939 ut
400 3886 600 3943 dictum
621 3898 725 3953 est,
760 3890 872 3959 jam
901 3890 1032 3946 dicti
1060 3891 1429 3962 ehorepiseopi
1454 3892 1711 3961 prohibiti

1824 1823 2024 1894 aliquid
2051 1842 2114 1881 ex
2147 1827 2230 1884 bis
2262 1843 2422 1900 agere
2461 1830 2963 1895 tentaverint,irrita
3006 1845 3161 1888 erunt
3193 1852 3313 1905 qua:
3345 1838 3415 1889 ab

1821 1918 1903 1975 eis
1923 1929 2215 1990 geruntur,
2237 1930 2293 1977 et
2329 1922 2431 1993 ipsi
2485 1923 2636 1979 omni
2664 1923 3035 1981 ecclesiastico
3069 1926 3271 1987 honore
3295 1925 3416 2009 funt

1823 2010 1968 2067 ditus
1989 2012 2288 2083 priventur.

2034 2122 2163 2177 CAP.
2193 2121 2405 2182 XXXII.
2435 2124 2513 2179 De
2540 2126 2621 2182 Itis
2650 2128 2743 2198 qui
2766 2128 2961 2197 seipsos
2992 2144 3156 2184 necari
3181 2168 3198 2183 .

2325 2217 2405 2272 Ex
2426 2218 2616 2272 eodem
2646 2234 2764 2288 cap.
2794 2219 2921 2274 M3.

1894 2329 2012 2401 (vn,
2047 2328 2196 2400 144.)
2228 2328 2544 2400 Quicunque
2574 2345 2631 2385 se
2663 2332 2881 2402 propria
2904 2332 3181 2391 voluntate
3209 2343 3304 2389 aut
3358 2334 3413 2388 in

1822 2435 2017 2489 aquam
2041 2420 2350 2489 iactaverit,
2379 2430 2474 2475 aut
2499 2420 2695 2475 collum
2720 2421 2986 2491 ligaverit,
3013 2431 3108 2476 aut
3128 2423 3195 2478 de
3217 2423 3413 2477 arbore

1821 2510 2259 2580 praecipitaverit,
2314 2522 2406 2566 aut
2455 2509 2599 2565 ferro
2638 2512 3004 2580 percusserit,
3048 2522 3143 2567 aut
3191 2513 3414 2569 cuilibet

1821 2599 2142 2656 voluntariae
2166 2616 2225 2656 se
2263 2601 2423 2656 morti
2458 2599 2766 2668 tradiderit,
2795 2601 3021 2656 istorum
3054 2602 3260 2658 oblatio
3302 2619 3407 2657 non

1822 2691 2136 2758 recipiatur.

1822 2804 1951 2862 CIP.
1982 2805 2216 2861 XXXIII.
2261 2808 2501 2874 Qualiter
2525 2809 2637 2862 Itrrc
2665 2818 2862 2862 statuta
2901 2813 3160 2863 servanda
3199 2809 3300 2863 sint
3325 2824 3342 2862 :
3365 2818 3415 2862 et

1895 2878 1961 2932 de
1978 2879 2059 2932 Itis
2098 2879 2187 2946 qui
2214 2865 2325 2932 Ιιίῖε
2361 2881 2781 2948 contempserint,
2806 2881 2911 2934 sive
2930 2878 3159 2944 clericis,
3191 2880 3294 2935 sive
3322 2880 3417 2932 lai-

1895 2949 1992 3014 cis,
2022 2948 2148 3020 quid
2188 2949 2445 3021 agendum
2474 2950 2560 3003 sit.

2328 3042 2405 3098 Ex
2436 3041 2624 3098 eodem
2645 3057 2763 3111 cap.
2792 3041 2897 3097 476

1900 3154 2022 3225 (vn,
2048 3152 2196 3225 575.)
2234 3153 2341 3210 llas
2354 3169 2543 3209 omnes
2562 3154 2974 3212 constitutiones
2991 3155 3412 3219 ecclesiasticas,

1825 3262 1964 3319 quas
2014 3246 2327 3300 summatim
2376 3244 2717 3315 breviterque
2775 3246 3223 3316 perstrinximus,
3274 3248 3417 3302 sicut

1822 3338 2036 3409 plenius
2083 3336 2136 3390 in
2187 3335 2486 3391 canonibus
2538 3336 2867 3401 continetur,
2916 3350 3140 3391 manere
3186 3336 3411 3405 perenni

1825 3426 2118 3484 stabilitate
2131 3426 2422 3481 sancimus.
2450 3424 2506 3479 Si
2532 3424 2653 3495 quis
2671 3439 2798 3495 ergo
2821 3424 3070 3488 clericus,
3098 3434 3192 3478 aut
3216 3424 3410 3488 laicus,

1830 3522 2022 3577 harum
2053 3518 2389 3575 sanctionem
2414 3516 2728 3572 inobediens
2747 3529 2869 3572 esse
2891 3515 3143 3580 voluerit,
3171 3516 3216 3570 si
3237 3500 3413 3570 'eleri-

1827 3627 1923 3669 cus
1951 3611 2134 3676 fuerit,
2162 3608 2711 3665 excommunicationi
2749 3607 3060 3679 subjaCeat;
3087 3608 3134 3663 si
3166 3621 3296 3662 vero
3317 3606 3414 3661 lai-

1826 3720 1945 3770 cus,
1963 3714 2019 3760 et
2045 3702 2375 3759 honestioris
2397 3701 2499 3757 loci
2538 3714 2791 3773 persona,
2825 3700 3168 3755 medietatem
3183 3698 3412 3754 faculta-

1827 3808 1940 3855 tum
1972 3812 2191 3853 suarum
2218 3792 2434 3852 amittat
2460 3795 2575 3851 ﬁsci
2599 3795 2802 3851 viribus
2815 3791 3156 3863 profuturam
3182 3792 3255 3847 :si
3280 3805 3413 3845 vere

1823 3890 2050 3947 minoris
2076 3886 2178 3943 loci
2230 3902 2457 3957 persona
2487 3894 2592 3950 est,
2618 3884 2910 3941 amissione
2954 3898 3140 3940 rerum
3185 3897 3407 3938 suarum

130 3983 275 4038 sunt,
305 3976 428 4031 ideo
448 3979 608 4033 modo
629 3978 762 4033 nihil
788 3985 933 4043 sunt,
961 3993 1059 4034 nec
1091 3980 1347 4050 Spiritum
1375 3981 1709 4051 paracletum
1819 3982 2085 4039 multatus
2109 3981 2161 4034 in
2190 3978 2382 4033 exsilio
2410 3978 2713 4067 deputetur.

133 4109 3411 4162 Μ

1332 4237 1504 4282 ANNO
1550 4236 1782 4281 υοωκι
1826 4234 2189 4279 DCCCLXXX.

1522 4397 2020 4563 ODO

742 4663 2800 4852 BELLOVACWEPISCOPUS.

1186 4944 1191 4953 ν
1220 4912 1286 4991 Ν
1295 4913 1662 4994 OTITlA
1722 4910 2325 5001 HISTORICA.

1321 5045 1415 5108 (Ex
1451 5046 1605 5098 Gallia
1647 5046 1947 5108 christiana,
1974 5051 2090 5096 tom.
2115 5042 2226 5110 IX.)

1521 5154 1683 5168 —-d

1690 5154 1978 5170 h—n—

169 5208 508 5304 ab”???
534 5207 917 5304 armeme
955 5214 1405 5304 ῑςιμψίεξιενξρξι
1434 5232 1577 5304 anno
1603 5216 1706 5302 8.60
1738 5226 1752 5285 I

1833 5222 1996 5304 διιεῖ-ζέε
2040 5215 2500 5304 Suessionensis.
2526 5216 2819 5304 Annu§sg
2849 5222 3041 5304 admit-
3060 5206 3347 5304 cpnfjl‘ig‘
3364 5207 3476 5304 l3}:-

3304 5296 3347 5304 Α
3381 5290 3487 5304 nun.
