3904 5304
64 389 194 446 HIS

1250 387 1483 446 διεκιίο
1518 386 1585 441 1N
1637 384 1694 441 s.
1733 386 2109 464 LUCIANUM.

3185 396 3324 451 HM

63 506 232 574 itaque
261 519 359 560 nos
387 504 610 565 laudare
639 504 786 559 viros
808 504 1088 575 gloriosos.
1110 519 1341 574 quorum
1364 500 1628 559 doctrinis
1659 508 1707 566 A
1733 516 1942 564 clarum
1974 508 2238 579 colloquia
2286 509 2349 564 Β.
2392 508 2642 565 Clemens
2672 508 2856 564 divino
2885 508 3096 565 aﬂlatus
3134 511 3324 580 spiritu

63 598 209 666 longe
230 595 443 666 lateque
466 611 564 666 per
582 596 771 650 orbem
794 595 1030 664 gloriosa
1058 593 1261 649 Christi
1289 591 1517 662 refulget
1540 592 1637 648 Ec-

62 687 246 750 clesia,
286 693 353 741 et.
376 684 478 755 ipsi
518 685 618 740 sub
656 700 749 739 ara
778 685 893 750 Dei,
934 686 1150 740 amictis
1179 683 1333 739 stolis
1359 683 1633 747 candidis,

64 790 246 831 cruore
263 777 486 846 proprio
507 776 813 846 purpurati,
837 791 892 831 et
912 776 964 830 iii
993 774 1194 832 Christi
1216 776 1477 847 sanguine
1498 774 1641 829 deal-

60 870 184 934 bati,
217 868 443 924 feliciter
467 869 833 940 requiescunt.

125 959 178 1012 9..
216 959 290 1012 De
319 973 548 1026 quorum
580 957 806 1027 collegio
834 957 1041 1011 exstitit
1072 956 1424 1012 beatissimus
1446 955 1643 1011 Lucia—

64 1066 159 1105 nus
187 1049 413 1119 insignis
440 1057 495 1103 et
520 1048 786 1118 gloriosus
812 1056 1022 1119 martyr
1045 1064 1059 1101 :
1092 1059 1117 1087 α
1144 1062 1302 1116 quem
1334 1046 1453 1117 ipso
1480 1044 1642 1099 fontis

64 1142 293 1206 lavacro,
327 1142 355 1182 δ
377 1141 557 1195 divina
581 1140 819 1211 perfudit
844 1142 1036 1212 gratia,
1063 1142 1137 1194 ita
1160 1150 1219 1194 ut
1242 1154 1306 1194 ex
1336 1134 1638 1195 eventu‘rei

64 1236 277 1288 daretur
312 1234 605 1299 indicium,
642 1235 785 1303 quod
828 1249 1055 1304 magnus
1103 1232 1317 1288 futurus
1363 1240 1507 1287 esset
1547 1246 1645 1302 pro

65 1326 252 1380 merito
281 1325 589 1380 sanctitatis
612 1324 666 1378 in
692 1324 907 1393 populo.
944 1324 1143 1379 Lucius
1167 1324 1312 1378 enim
1339 1338 1368 1377 a
1397 1322 1648 1394 progeni-

67 1414 267 1470 toribus
304 1415 599 1471 secundum
646 1430 871 1471 carnem
909 1424 995 1471 est
1039 1425 1287 1482 vocatus,
1332 1428 1354 1457 ο
1382 1433 1411 1470 a
1453 1430 1650 1486 magno

67 1506 279 1560 consule
319 1506 487 1563 Lucio
515 1508 738 1562 trahens
777 1523 885 1561 non
930 1507 1104 1563 solum
1144 1508 1326 1563 carnis
1360 1508 1646 1579 originem,

67 1612 246 1651 verum
278 1601 441 1653 etiam
471 1607 527 1653 et
548 1598 887 1653 vocabulum.
923 1598 1028 1655 Sed
1056 1601 1272 1655 demum
1298 1616 1396 1672 per
1420 1601 1647 1671 gratiam

71 1689 240 1743 sancti
272 1688 528 1759 Spiritus,
559 1705 714 1746 more
743 1700 1053 1745 sanctorum
1076 1690 1319 1756 Patrum,
1363 1691 1415 1744 iu
1461 1689 1652 1743 melius

70 1791 457 1835 commutatum
488 1790 569 1836 est
594 1797 790 1859 npmcn
821 1781 972 1849 ejus;
1001 1790 1059 1836 ut
1082 1783 1173 1853 qui
1198 1794 1315 1838 erat
1337 1782 1655 1853 parentibus

1737 602 1851 655 ait:
1883 602 2136 665 Videsne,
2182 603 2252 655 mi
2286 600 2456 657 frater
2494 601 2810 656 cbarissime
2850 602 3091 673 Dionysi,
3124 610 3328 672 quanta

1736 701 1822 746 est
1846 692 2038 747 messis
2068 692 2118 745 in
2148 692 2394 762 gentibus
2434 692 2725 746 Dominicm
2758 692 3020 757 sationis,
3066 702 3120 747 et
3163 700 3339 761 quam

1738 782 1896 851 pauci
1929 792 2056 835 sunt
2090 782 2326 851 operarii
2366 782 2419 835 in
2451 781 2616 836 verbo
2653 782 2852 836 divinas
2892 782 3332 851 praedicationis?

1741 870 1875 937 Quia
1905 886 2035 941 ergo
2063 871 2127 924 dc.
2158 870 2409 925 omnibus
2436 870 2728 926 Catholieze
2758 871 2878 927 tidei
2917 871 3247 927 sufﬁcienter
3273 884 3331 925 es

1743 963 1989 1017 eruditus
2014 963 2300 1026 doctrinis,
2331 971 2385 1017 et
2415 964 2561 1017 omni
2592 965 2853 1032 religione
2884 963 3195 1019 Christiana
3224 965 3330 1018 im-

1746 1056 1907 1108 butus
1931 1096 1945 1118 ,
1980 1064 2144 1124 atque
2171 1055 2462 1110 virtutibus
2490 1055 2909 1120 corroboratus;
2942 1070 3136 1125 perge,
3165 1069 3331 1125 rogo,

1749 1146 1802 1199 in
1836 1146 2051 1199 nomine
2082 1146 2289 1199 Domini
2326 1145 2451 1200 Jesu
2480 1144 2683 1201 Christi
2723 1146 2790 1200 ad
2836 1145 3091 1200 occiduas
3129 1158 3331 1213 partes,

1748 1244 1806 1289 ut
1836 1236 2009 1288 bonus
2040 1234 2209 1295 miles,
2249 1244 2302 1288 et
2330 1234 2575 1305 prmliare
2601 1246 2791 1290 contra
2831 1235 3017 1292 hostes
3053 1235 3335 1291 immanis-

1750 1328 1916 1381 simus
1944 1327 2125 1396 praelia
2155 1327 2365 1381 Domini
2396 1328 2490 1381 Dei
2522 1326 2618 1381 tui.

1822 1417 1873 1471 4.
1915 1417 2122 1485 Quibus
2145 1417 2217 1470 ita
2244 1417 2460 1483 edictis,
2485 1434 2605 1472 cum
2624 1417 2736 1487 jam
2765 1419 2834 1472 ad
2854 1418 2958 1472 hoc
2987 1418 3336 1473 beatissimus

1752 1508 2045 1577 Dionysius
2068 1521 2347 1561 assensum
2376 1506 2692 1575 pnebuisset
2721 1506 3093 1577 proficiscendi
3113 1547 3128 1569 ,
3154 1506 3337 1576 ,cmpit

1756 1597 1815 1653 S.
1844 1598 2093 1652 Clemens
2121 1598 2299 1652 socios
2328 1598 2379 1652 ei
2408 1613 2654 1667 quaerere
2696 1607 2749 1653 et
2788 1597 3061 1667 adjutores
3087 1606 3340 1652 strenuos

1757 1688 1809 1743 in
1839 1688 2030 1750 verbo,
2064 1703 2273 1743 necnon
2324 1689 2377 1743 in
2416 1689 2525 1742 vita
2555 1700 2609 1743 et
2641 1689 2929 1744 sanctitate
2953 1688 3206 1751 idoneos,
3239 1686 3343 1740 mi-

1760 1779 1961 1832 nistros
1985 1792 2202 1847 quoque
2239 1776 2403 1831 divini
2438 1776 2597 1831 ollicii
2633 1779 2934 1848 praecipuos
2979 1784 3031 1831 et
3056 1774 3342 1845 quamplu-

73 1869 248 1926 dictus
273 1872 495 1935 Lucius,
526 1873 801 1926 diceretur
824 1872 933 1928 Deo
962 1883 1149 1943 postea
1177 1890 1274 1945 per
1298 1873 1526 1943 gratiam
1558 1887 1657 1926 au-
1688 1867 1733 1926 B
1762 1886 1851 1924 res
1879 1888 1891 1924 :
1927 1870 2069 1923 inter
2098 1884 2234 1939 quos
2261 1870 2423 1923 etiam
2468 1869 2632 1941 elegit
2676 1870 2817 1923 idem
2855 1867 3095 1939 pontifex
3129 1868 3184 1921 in
3217 1882 3344 1923 san-

73 1970 158 2013 cto
183 1959 403 2016 uo'mine
430 1961 740 2016 Lucianus:
793 1972 1061 2031 quatenus
1100 1980 1167 2018 ex
1211 1964 1313 2017 hoc
1356 1970 1660 2033 patesceret

76 2050 361 2115 indicium,
404 2051 529 2120 quia
566 2052 619 2105 iu
654 2054 788 2106 nov’a
823 2052 941 2107 luce
966 2053 1279 2123 progenitum
1305 2053 1419 2122 ipse
1446 2052 1537 2106 lux
1576 2053 1656 2105 fa-

72 2149 188 2195 ctus
214 2142 266 2195 in
292 2143 540 2208 Domino,
572 2142 786 2196 tandem
814 2143 1059 2196 eamdem
1086 2143 1278 2205 lucem,
1308 2157 1411 2212 qua
1442 2151 1661 2197 renatus

72 2242 188 2287 erat
218 2235 271 2287 in
302 2235 552 2299 Christo,
586 2250 690 2288 una
733 2250 855 2289 cum
894 2236 1106 2290 cmteris
1137 2216 1341 2290 sanctis
1371 2235 1500 2290 viris
1528 2250 1664 2305 prre-

69 2328 255 2381 dicare
299 2328 531 2397 primum
576 2327 797 2381 deberet
848 2326 901 2379 in
951 2328 1222 2398 gentibus.
1272 2324 1455 2381 Claret
1499 2325 1664 2395 igitur

72 2420 377 2473 llnmauum
419 2435 540 2474 eum
573 2418 740 2473 fuisse
769 2434 996 2489 genere,
1047 2417 1211 2473 nobili
1258 2433 1324 2472 ex
1365 2418 1659 2489 prosapia:

71 2510 166 2563 sed
194 2509 427 2563 nobilior
454 2510 629 2564 factus
655 2517 738 2563 est
772 2509 823 2563 in
856 2509 1085 2578 spiritu,
1129 2510 1253 2576 quia
1291 2523 1389 2578 per
1423 2509 1666 2577 adoptio-

73 2615 197 2654 nem
230 2602 417 2669 gratim
447 2592 699 2657 inventus
725 2610 811 2657 est
835 2603 1020 2656 aeterni
1052 2601 1219 2672 Regis
1245 2602 1404 2656 filius.
1437 2600 1590 2669 Quod
1618 2601 1666 2656 si

76 2691 339 2759 quaeritur
365 2692 434 2744 ab
459 2705 546 2755 eo,
574 2690 728 2757 cujus
754 2692 1031 2746 institutus
1061 2692 1133 2745 sit
1161 2691 1427 2754 doctrina,
1460 2700 1511 2744 et
1544 2690 1669 2744 eru-

78 2783 221 2837 ditus
251 2783 598 2853 magisterio,
629 2797 761 2837 vere
789 2781 934 2836 Petri
965 2781 1191 2852 apostoli
1223 2782 1520 2852 discipulus
1541 2780 1663 2847 fuit,

81 2884 135 2929 et
172 2874 223 2929 in
264 2874 382 2944 ejus
421 2872 679 2928 fundatus
716 2873 840 2940 fide,
873 2882 1035 2942 atque
1075 2873 1387 2927 cmlestibus
1431 2873 1668 2927 imbutus

83 2966 416 3036 disciplinis:
451 2966 595 3036 quod
627 2966 761 3021 satis
799 2965 971 3020 series
1008 2973 1305 3036 gestorum,
1342 2971 1577 3031 tempus,
1612 2972 1669 3017 et

82 3060 212 3116 ordo
240 3059 553 3129 loquuntur.
584 3056 612 3097 ά
635 3057 999 3112 Couversatus
1033 3066 1114 3110 est
1152 3066 1334 3109 autem
1364 3053 1477 3122 jam
1510 3070 1671 3109 rena-

82 3157 170 3203 tus
194 3149 247 3203 in
277 3146 496 3203 Christo
526 3146 798 3216 perfectus
826 3147 930 3200 tiro
969 3144 1172 3200 Christi
1208 3144 1393 3197 Romae
1422 3144 1631 3212 positus
1652 3184 1668 3208 ,

1758 1961 1949 2015 ctitate
1985 1960 2128 2015 hunc
2168 1960 2609 2031 probatissimum
2647 1961 2823 2014 virum
2870 1959 3165 2014 Lucianum
3204 1972 3336 2012 con-

1761 2059 1985 2115 sortem,
2021 2066 2181 2119 quem
2212 2058 2268 2105 et
2291 2049 2310 2088 τ
2335 2051 2604 2105 ordinavit
2651 2050 2984 2120 episc0pum,
3016 2048 3142 2116 quia
3167 2045 3347 2100 fuerat
3407 2041 3411 2046 “

1762 2143 1865 2198 sub
1890 2142 2135 2197 doctrina
2168 2141 2313 2195 Petri
2342 2140 2568 2211 apostoli
2601 2141 2668 2195 ad
2695 2140 2855 2194 fidem
2887 2140 3103 2209 penitus
3129 2136 3347 2191 institu-

1764 2244 1872 2300 lus,
1896 2245 1957 2289 ut
1977 2251 2082 2290 non
2105 2235 2356 2289 deessent
2387 2233 2597 2305 singula
2627 2232 3021 2288 Ecclesiastiem
3046 2229 3346 2301 disciplina!

1763 2326 1936 2383 officia
1976 2327 2121 2381 inter
2163 2335 2274 2380 tam
2324 2324 2735 2394 probatissimos
2773 2325 2941 2378 viros.
2987 2322 3157 2390 Quem
3204 2322 3343 2386 ideo,

1764 2418 1888 2488 quia
1920 2418 2197 2487 antiquior
2225 2416 2427 2471 Christi
2459 2424 2514 2471 et
2542 2414 2685 2470 Petri
2717 2413 2891 2469 fuerat
2925 2411 3235 2482 discipulus,
3272 2411 3347 2465 ita

1765 2509 2100 2563 consociavit
2138 2506 2196 2561 S.
2242 2507 2502 2577 Dionysio
2530 2514 2590 2560 ut
2626 2505 2743 2573 ejus
2788 2513 2934 2559 esset
2972 2504 3260 2573 interpres,
3293 2512 3349 2558 et

1766 2598 1980 2654 cmteris
2007 2598 2160 2667 quasi
2187 2596 2348 2650 Pater
2370 2594 2696 2650 venerabilis
2730 2602 2785 2649 et
2821 2593 3069 2663 egregius
3095 2591 3351 2662 magister

1769 2689 1821 2743 in
1852 2689 2093 2763 doctrina
2122 2695 2178 2741 et
2206 2686 2463 2753 religione
2482 2685 2809 2740 sanctitatis.
2833 2683 3038 2751 Quibus
3066 2683 3138 2737 ita
3164 2683 3345 2754 dispo-

1768 2777 1885 2832 sitis
1912 2778 2051 2831 inter
2076 2775 2470 2845 quamplurima
2512 2775 2773 2829 doctrina:
2793 2773 2990 2829 Christi
3018 2773 3263 2828 instituta
3291 2782 3347 2829 et

1768 2868 1973 2921 monita
2014 2865 2231 2935 pietatis
2267 2865 2335 2918 ad
2371 2863 2618 2917 ultimum
2658 2877 2752 2917 eos
2792 2862 2865 2916 ita
2911 2860 3221 2931 alloquitur,
3262 2859 3345 2914 di-

1769 2975 1937 3016 cens:
1967 2959 2063 3021 ltc,
2083 2956 2409 3020 cbarissimi,
2428 2963 2481 3009 et
2510 2948 2786 3009 fortissimi
2811 2969 2876 3008 ac
2901 2953 3102 3007 strenui
3130 2950 3355 3006 bellato-

1772 3069 1860 3109 res
1883 3051 2125 3110 Christi:
2157 3060 2212 3105 et
2237 3050 2376 3105 sicut
2415 3047 2515 3103 fuit
2556 3047 2814 3102 Dominus
2841 3061 2962 3100 cum
3002 3043 3207 3099 sanctis
3242 3041 3349 3096 Pa-

1773 3148 1948 3202 trihus
1977 3144 2176 3199 nostris
2205 3140 2493 3211 apostolis,
2528 3150 2583 3195 et
2609 3155 2730 3194 cum
2762 3152 2946 3193 eorum
2978 3132 3349 3204 cooperatori-

86 3258 147 3298 ac
173 3243 303 3298 siin
333 3244 527 3299 castris
557 3239 913 3302 militaribus;
962 3245 1021 3291 ut
1067 3236 1389 3306 quandoque
1417 3250 1665 3306 egressu-
1697 3216 1741 3276 (ἶ
1772 3237 1911 3301 bus;
1960 3236 2034 3288 ita
2080 3234 2153 3288 sit
2197 3232 2476 3286 vobiscum
2519 3231 2572 3284 in
2614 3229 2865 3284 omnibus
2914 3224 3168 3296 operibus
3204 3222 3359 3278 verbi

86 3347 176 3388 rus
198 3334 263 3387 ad
290 3343 477 3405 gentes
508 3341 764 3386 strenuus
794 3328 1087 3384 haberetur
1112 3325 1363 3391 bellator,
1393 3334 1448 3380 et
1477 3340 1672 3395 propu-

87 3432 276 3493 gnator
306 3425 359 3479 in
389 3424 493 3479 fide
520 3421 872 3478 fortissimus.

154 3517 235 3571 ὄρ
256 3515 394 3571 Cum
440 3523 621 3569 autem
659 3512 931 3567 enutritur
968 3509 1210 3565 doctrina
1254 3507 1347 3562 Dei
1396 3507 1448 3560 in
1490 3505 1670 3559 .virum

88 3605 406 3677 perlectum,
446 3604 644 3659 factum
685 3612 769 3657 est
805 3610 863 3655 ut
896 3600 1125 3672 inclytus
1153 3608 1360 3669 martyr
1388 3594 1673 3665 Dionysius

89 3694 304 3752 Christo
323 3695 461 3750 duce
484 3695 708 3748 Romam
731 3692 1011 3748 deveniret
1034 3707 1047 3743 :
1085 3700 1109 3728 ε
1134 3689 1222 3743 ubi
1246 3695 1367 3756 post
1387 3700 1671 3740 excessum

90 3786 454 3855 apostolorum
488 3783 600 3854 jam
638 3781 701 3836 Β.
740 3782 1075 3837 Clementem
1115 3777 1424 3847 pontiﬁcem
1464 3782 1675 3844 aposto—

92 3874 204 3930 lica:
231 3875 380 3932 sedis
426 3875 632 3944 apicem
662 3872 1050 3943 gubernantem
1079 3868 1304 3923 invenit.
1329 3867 1374 3920 Δ
1400 3881 1507 3936 quo
1533 3865 1673 3919 idem

92 3964 150 4020 S.
199 3967 525 4038 Dionysius,
580 3964 672 4033 qui
731 3972 789 4018 et
829 3961 1117 4024 Macarius,
1161 3959 1550 4015 ofﬁciosissime
1592 3964 1677 4011 est

93 4066 409 4129 susceptus,
455 4066 511 4110 et
549 4055 712 4126 digno
758 4052 961 4106 honore
998 4050 1132 4105 satis
1169 4047 1551 4103 venerabiliter
1581 4047 1676 4127 ha-

92 4149 254 4217 bitus,
286 4159 394 4204 tam
424 4164 524 4219 pro
554 4163 665 4203 sua:
695 4144 1000 4215 sanctitatis
1028 4142 1246 4206 merito,
1282 4156 1443 4211 quam
1470 4148 1526 4194 et
1553 4153 1675 4208 pro-

94 4243 221 4310 pria:
256 4242 383 4297 vita:
422 4240 580 4312 longa
620 4237 732 4307 jam
776 4236 863 4290 diu
916 4231 1280 4288 familiaritate
1326 4232 1382 4285 in
1423 4230 1675 4293 Christo,

97 4336 233 4389 unde
279 4345 335 4389 et
383 4332 523 4403 apud
568 4329 815 4386 eumdem
882 4341 1152 4381 summum
1211 4323 1519 4393 pontificem
1569 4338 1675 4376 non

98 4438 259 4491 parvo
290 4422 549 4492 temporis
576 4420 754 4491 spatio
783 4424 1136 4473 conversatus
1165 4423 1270 4478 est,
1304 4421 1363 4467 ut
1387 4428 1446 4467 se
1475 4411 1678 4466 mutuis

100 4525 408 4572 rccrearent
432 4513 761 4584 aspectibus,
793 4521 848 4566 et
873 4510 1071 4565 divinis
1099 4525 1156 4564 se
1184 4508 1485 4563 refovet-ent
1510 4506 1673 4560 collo-

1773 3328 1962 3382 divini.
1993 3325 2104 3379 Vos
2129 3325 2305 3387 enim,
2339 3322 2542 3391 inquit,
2582 3321 2875 3375 maximam
2907 3326 2962 3371 et
2992 3314 3360 3371 innumerabi-

1775 3419 1878 3472 lem
1925 3415 2135 3485 plebem
2183 3412 2410 3467 Domino
2453 3408 2770 3477 acquisituri
2807 3406 2941 3485 estis
2987 3421 3053 3460 ex
3084 3404 3356 3475 gentibus,

1774 3517 1829 3564 et
1879 3484 2237 3561 introducturi
2288 3502 2343 3557 in
2394 3510 2593 3555 terram
2643 3484 3097 3567 repromissionis.
3156 3493 3358 3564 Sicque

1774 3610 1898 3668 post
1925 3596 2090 3651 multa
2123 3593 2350 3661 singulis
2378 3591 2685 3646 coutradita
2716 3599 2771 3643 et
2796 3586 3047 3642 onmibus
3082 3584 3243 3639 simul
3271 3599 3356 3638 re-

1777 3696 1954 3744 serata
1989 3684 2110 3739 fidei
2143 3682 2495 3739 Sacramenta
2519 3721 2534 3745 ,
2576 3679 2712 3734 dans
2748 3691 2935 3748 pacem
2965 3674 3246 3735 erunibus,
3286 3673 3361 3727 ita

1775 3796 1869 3834 eos
1895 3776 2177 3839 absolvit,
2200 3782 2256 3829 et
2288 3772 2453 3845 jussit
2494 3778 2738 3827 sanctam
2775 3768 2924 3823 illam
2961 3763 3356 3841 fraternitatem

1777 3872 1830 3926 in
1857 3881 1990 3940 pace
2017 3867 2187 3922 abire.

2403 3973 2631 4031 CAPUT
2668 3971 2732 4029 ll.

2045 4087 2113 4144 In
2144 4085 2306 4141 Italia
2338 4084 2610 4154 ρνωιιίεαι,
2641 4082 2774 4137 venit
2800 4078 3085 4135 Arelatem.

1849 4225 1903 4279 5.
1954 4222 2056 4289 Qui
2098 4219 2256 4276 simul
2297 4225 2583 4288 pergentes
2625 4231 2690 4270 ac
2733 4212 3090 4283 praedicantes
3127 4207 3364 4280 primum

1779 4335 1875 4389 per
1903 4330 2119 4371 onmem
2147 4312 2356 4367 Italiam
2387 4309 2609 4364 verbum
2638 4305 2767 4371 Dei,
2804 4312 3093 4372 antequam
3117 4299 3363 4389 Ticinum

1782 4388 2334 4480 apprOpinquasseut,
2382 4399 2664 4469 Squodam
2710 4396 2764 4450 in
2811 4394 2933 4450 loco
2977 4406 3106 4480 non;
3134 4388 3364 4480 multant

1784 4477 1941 4570 longe
1971 4513 2000 4550 a
2029 4494 2273 4557 civitate,
2301 4506 2421 4561 quae
2451 4488 2645 4543 dicitur
2674 4483 2904 4550 Parma,
2959 4482 3014 4537 in
3058 4478 3147 4533 via
3186 4477 3363 4531 visum

101 4608 256 4675 quiis,
288 4618 451 4676 atque
476 4566 592 4660 siris
618 4618 676 4658 se
702 4602 942 4658 vicissim
971 4601 1385 4655 corruburarent
1415 4598 1678 4651 virtutum
1711 4566 1756 4623 υ
1783 4602 1867 4649 est
1900 4587 2214 4645 beatissimo
2237 4583 2498 4676 Luciauo,
2524 4587 2598 4676 ut
2633 4575 3030 4676 evangelizaret
3053 4568 3250 4641 populo
3274 4581 3367 4676 eo-

100 4696 375 4768 eicmplis.
409 4692 506 4750 Cui
548 4692 689 4747 inter
721 4689 1041 4762 quamplura
1081 4687 1484 4759 Scripturarum
1550 4700 1679 4739 san-

171 4904 196 4930 ι
234 4890 396 4945 Addit
425 4887 530 4942 Ms.
564 4885 623 4941 S.
655 4884 795 4940 Max.
824 4885 914 4954 qui
943 4882 1067 4938 olim
1096 4900 1129 4936 ιι
1149 4884 1372 4954 pueritia
1403 4879 1681 4954 sacraba-

104 4966 340 5027 pu’smute
360 4978 391 5013 a
416 4958 641 5013 Domino
671 4966 753 5027 est
768 4950 1120 5027 consecratus,
1142 4950 1189 5027 et
1214 4952 1500 5027 cagleslibus
1523 4950 1683 5027 disci.

104 5019 255 5100 pliuis
285 5030 580 5100 plenissime
605 5026 861 5079 eruditus.
884 5023 1113 5100 Lovetu_s
1140 5023 1233 5076 lib.
1265 5023 1479 5100 ll,_cap.
1499 5036 1567 5100 _l.l,
1604 5019 1681 5072 ait

105 5092 131 5140 Ξι
174 5098 227 5140 ς
280 5092 436 5140 ὺρη-ιι
478 5097 661 5140 Rntnm
697 5110 1038 5140 cntiversnm-
1069 5093 1303 5140 Renalus
1334 5092 1677 5140 Ih-msdiclus.

1784 4684 1909 4739 dem
1938 4697 1993 4736 ιιι
2025 4679 2145 4735 loco
2182 4675 2406 4731 verbum
2444 4672 2537 4727 Dei
2566 4687 2581 4736 ;
2610 4681 2665 4726 et
2706 4674 2987 4725 revocaret
3024 4678 3118 4718 eos
3156 4677 3185 4716 a
3227 4674 3369 4714 vana

1788 4881 2068 4942 lustrasse,
2094 4891 2156 4930 ac
2183 4871 2292 4927 late
2328 4870 2483 4942 verbi
2510 4865 2675 4942 divini
2701 4873 3003 4942 sementem
3032 4855 3372 4942 dispersisse.

1866 4933 1891 4991 ί
1928 4933 2160 5003 Lovetus
2198 4944 2388 4998 scribit
2425 4938 2743 5006 Dionysium
2779 4934 3008 5006 Romam
3047 4933 3382 5006 vellissé."\tl

1791 4995 2336 5079 Petrt-ttttvet'
2351 4995 2863 5080 captivos__vist:t'ct;
2886 5002 2984 5080 sed
3006 5011 3128 5054 cum
3151 4995 3384 5080 appulit,

1790 5072 2079 5140 bligasse.
2105 5086 2210 5140 illis
2236 5072 2560 5140 interfectis,
2587 5072 2922 5135 Clementem
2947 5072 3388 5140 jampontiticetu
