3904 5304
522 337 666 399 5115

1536 339 1786 397 ODONlS
1826 340 2382 399 BELLOVACENSIS
2419 340 2723 399 EPISCOPI

3660 334 3787 386 “ib

524 454 909 527 superstitione
929 461 983 508 et
1003 451 1213 509 cultura
1244 452 1537 519 idolorum,
1558 463 1783 527 propter
1808 455 1937 510 illud
1963 455 2106 525 quod
2136 459 2183 517 Α
2211 455 2368 520 stulo,
2419 464 2583 527 alque
2630 469 2736 509 una
2775 469 2897 510 cum
2933 451 3139 510 sanctis
3175 450 3294 507 suis
3338 448 3791 506 commilitonibus

525 546 742 601 canitur
770 545 824 599 in
855 544 1064 613 psalmo
1092 562 1104 598 :
1136 542 1334 598 Euntes
1365 543 1508 597 ibunt
1538 554 1586 597 et
1623 545 1815 613 ﬂebant
1851 544 2107 598 mittentes

523 638 722 692 semina
750 652 878 701 sua;
918 645 1103 706 etquae
1136 646 1421 705 acceperat
1452 651 1516 689 ac
1548 636 1592 690 si
1626 635 1796 688 ﬁdelis
1830 634 2111 704 dispensa-

528 741 613 784 tor
636 737 886 798 erogaret
916 728 969 782 in
994 727 1212 799 populo.
1250 727 1356 782 Sed
1384 726 1633 782 homines
1674 726 1778 781 loci
1816 726 1958 780 illius
1986 742 2110 782 cum

524 832 709 875 essent
740 822 916 874 adhuc
947 820 1196 890 gentiles,
1225 827 1281 875 et
1316 819 1539 873 nimium
1582 817 1846 872 idolorum
1878 817 2111 873 cultibus

527 911 812 983 implicati,
843 911 1070 980 injurias
1096 911 1319 965 deorum
1350 924 1568 963 suorum
1595 924 1702 963 non
1736 907 1991 972 ferentes,
2018 923 2112 962 ne-

527 1019 633 1073 que
660 1002 761 1056 sibi
789 1002 1013 1075 verbum
1049 1001 1412 1070 evangelilari
1440 1000 1680 1055 divinum
1707 1041 1721 1064 ,
1755 1015 1878 1055 mox
1910 1014 2107 1068 appre—

523 1091 768 1146 hendunt
801 1091 1198 1147 sanctissimum
1227 1089 1543 1155 Lucianum,
1575 1099 1631 1144 et
1661 1088 2003 1145 contumeliis
2031 1087 2111 1142 af-

527 1184 727 1239 fectum
758 1192 1055 1252 posuerunt
1085 1198 1209 1237 eum
1238 1183 1293 1235 in
1319 1172 1562 1237 custodia
1590 1181 1799 1249 publica
1821 1221 1835 1245 ,
1867 1196 1985 1248 qua:
2016 1180 2110 1233 ad-

523 1276 632 1331 huc
661 1275 818 1329 hodie
851 1283 1185 1329 monstratur
1209 1273 1461 1328 omni-bus
1493 1287 1559 1327 eo
1589 1272 1646 1326 in
1676 1272 1795 1328 loco
1822 1283 2110 1326 transeun-

526 1367 691 1422 tibus.
734 1366 792 1421 ln
835 1382 941 1437 qua
993 1382 1117 1422 cum
1165 1366 1563 1435 ingrederetur,
1607 1381 1802 1435 magno
1847 1364 2112 1435 psallebat

524 1472 647 1510 cum
676 1456 891 1526 gaudio,
938 1456 1014 1510 ita
1060 1456 1248 1511 dicens
1273 1475 1286 1509 :
1316 1457 1498 1511 Deduc
1527 1471 1632 1522 me,
1664 1456 1908 1521 Domine,
1941 1457 1992 1510 in
2021 1455 2108 1510 via

522 1556 640 1613 tua,
664 1557 715 1601 el
744 1547 1017 1616 ingrediar
1035 1547 1089 1602 in
1115 1547 1348 1602 veritate
1378 1556 1496 1611 tua;
1527 1555 1689 1616 atque
1711 1547 1836 1602 illud
1864 1562 1878 1601 :
1903 1546 2109 1603 Perﬁce

525 1654 743 1711 gressus
772 1654 923 1694 meos
952 1639 1005 1694 in
1036 1640 1244 1696 semitis
1278 1640 1404 1705 tuis,
1441 1637 1499 1694 ut
1534 1656 1641 1696 nou
1672 1648 1991 1696 moveantur
2017 1655 2110 1696 ve-

524 1732 684 1803 stigia
716 1747 857 1786 mea.

594 1911 649 1967 6.
688 1912 888 1983 Sicque
915 1914 1000 1968 vir
1028 1922 1251 1969 sanctus
1279 1914 1332 1968 in
1365 1913 1467 1969 hac
1507 1928 1565 1969 se
1608 1913 1801 1985 agebat
1837 1912 2104 1978 custodia,

525 2004 683 2074 quasi
712 2005 812 2059 sub
840 2005 1030 2059 umbra
1058 2004 1266 2059 alarum
1291 2004 1425 2069 Dei,
1470 2011 1526 2060 ct
1574 2014 1720 2060 totus
1758 2004 1810 2059 in
1852 2018 1948 2075 spe
1979 2017 2108 2075 pro-

524 2094 777 2149 lectionis
822 2091 1029 2149 Christi
1064 2095 1273 2165 positus
1311 2096 1507 2150 orabat
1552 2094 1861 2157 Dominum.
1906 2096 1980 2151 ita
2028 2095 2107 2150 di-

525 2198 655 2239 cens
680 2202 691 2213 ·
724 2184 893 2249 Educ,
921 2185 1168 2250 Domine,
1194 2186 1261 2239 de
1285 2186 1527 2240 custodia
1552 2187 1788 2240 animam
1820 2201 2017 2253 meam,
2041 2186 2110 2240 ad

524 2273 889 2345 conﬁtendum
934 2275 1141 2330 nomini
1187 2284 1309 2341 tuo;
1358 2275 1614 2349 quoniam
1667 2291 1752 2330 me
1792 2285 2113 2345 exspectant

517 2367 653 2439 justi
678 2382 693 2422 :
724 2376 782 2421 ut
811 2381 910 2436 per
940 2383 1047 2433 me,
1071 2366 1287 2423 Christe
1312 2367 1547 2422 salvator
1574 2368 1780 2433 mundi,
1810 2369 1877 2422 ad
1907 2378 1956 2422 te
1988 2367 2109 2437 jus-

522 2457 803 2513 tiﬁcentur
832 2473 898 2512 ex
926 2458 1197 2529 gentibus,
1229 2459 1318 2529 qui
1353 2460 1721 2529 praedestinati
1762 2468 1889 2514 sunt
1926 2459 1994 2513 ad
2031 2459 2111 2513 via

524 2557 657 2602 tam.
709 2547 842 2603 Cum
890 2549 1016 2603 talia
1062 2557 1119 2603 et
1164 2549 1535 2620 hujuscemodi
1575 2550 1768 2606 beatus
1801 2561 1858 2605 et
1892 2561 2112 2606 sanctus

458 2670 469 2676 η
525 2638 691 2693 corde
717 2637 946 2694 Domino
971 2639 1308 2705 decantaret,
1338 2654 1462 2694 mox
1487 2641 1677 2710 petitio
1714 2639 1832 2709 ejus
1859 2651 2112 2711 pcnetra-
2152 2655 2158 2661 ”

523 2731 604 2785 vit
627 2730 813 2796 camelos,
842 2746 910 2786 ne
937 2732 1055 2787 sine
1082 2732 1195 2787 suis
1220 2743 1527 2788 remaneret
1553 2733 1606 2787 in
1634 2734 1743 2799 via,
1767 2735 1857 2804 qui
1883 2750 2004 2789 cum
2031 2735 2112 2790 eis

525 2826 752 2897 Optabat
776 2826 856 2883 ire
881 2828 947 2882 ad
972 2828 1300 2898 passionem,
1340 2835 1395 2882 et
1422 2828 1707 2896 pervenire
1729 2828 1796 2882 ad
1823 2843 1959 2897 quos
1984 2828 2113 2883 mis-

524 2914 840 2972 sus‘fuerat.
869 2918 984 2973 Non
1015 2919 1196 2989 itaque
1221 2918 1514 2989 praeclarus
1548 2918 1750 2973 athleta
1788 2918 1989 2974 Christi
2026 2934 2113 2975 re-

526 3006 769 3074 fugiebat
796 3022 894 3077 pro
921 3007 1139 3064 Christo
1171 3011 1292 3063 vitae
1322 3009 1660 3080 dispendium
1689 3011 1987 3080 percipere,
2017 3011 2112 3067 sed

527 3102 757 3171 rogabat
783 3102 1009 3157 devotus
1046 3112 1104 3158 ut
1139 3103 1293 3174 prius
1322 3102 1527 3159 faceret
1554 3103 1789 3159 fructum
1824 3106 1921 3162 sibi
1950 3124 1980 3161 a
2009 3109 2111 3162 Do-

2172 541 2440 602 'liberum
2480 546 2630 601 abire
2670 545 2933 600 fecerunt.

2281 637 2334 693 7.
2374 638 2445 691 At
2474 652 2603 692 vero
2632 636 2722 691 illa
2749 644 2937 691 sancta
2968 633 3201 689 societas
3227 630 3519 705 prosperis
3544 629 3793 684 successi.

2210 727 2311 783 bus
2350 727 2477 783 hinc
2520 727 2645 785 inde
2686 727 2932 781 'l‘icinum
2970 725 3195 780 veniunt
3225 723 3254 764 ι’
3277 723 3350 778 ad
3395 722 3610 793 regiam
3646 720 3791 775 Italia:

2210 819 2505 874 civitatem.
2529 819 2605 873 lbi
2633 819 2899 889 siquidem
2929 817 3207 887 paululum
3242 814 3682 887 retpiiescentes,
3704 828 3793 866 non

2211 910 2500 983 cessabant
2536 925 2566 964 a
2607 909 2857 964 laudibus
2881 908 3100 973 divinis,
3129 922 3309 978 neque
3349 904 3686 962 deﬁciebant
3720 906 3791 958 uti

2208 1000 2294 1056 vel
2318 1001 2405 1055 ubi
2429 1000 2724 1070 praedicare
2747 998 2970 1055 verbum
2997 998 3114 1062 Dei,
3147 998 3225 1052 ita
3252 1005 3318 1052 ut
3336 1009 3609 1069 cerneres
3626 1009 3791 1048 eorum

2210 1091 2548 1163 prophetiam
2569 1131 2587 1156 ,
2619 1092 2743 1162 quia
2773 1090 2991 1160 speciosi
3018 1090 3174 1160 pedes
3202 1086 3697 1158 euangelizanti”:
3718 1102 3792 1152 ρει

2211 1199 2344 1247 cem,
2370 1182 2836 1253 euangelizantium
2867 1180 3001 1234 bona
3032 1178 3210 1249 (Rom.
3245 1195 3302 1242 ι,
3340 1177 3465 1248 15).
3512 1175 3635 1229 Huc
3664 1174 3791 1228 illnc-

2210 1292 2316 1347 que
2340 1277 2709 1332 discurrentes
2741 1275 3074 1330 confidenter
3103 1274 3364 1345 agebant,
3395 1270 3602 1327 conﬁsi
3628 1286 3690 1324 es
3716 1270 3791 1323 Dei

2209 1366 2431 1421 auxilio.
2468 1366 2623 1421 Ibant
2649 1366 2812 1437 igitur
2839 1365 3136 1436 gaudentes
3163 1377 3452 1417 memores
3477 1375 3670 1415 eorum
3696 1375 3795 1428 qua

2213 1456 2267 1511 in
2294 1457 2446 1511 Actis
2478 1455 2730 1527 leguntur
2755 1454 3120 1525 apostolorum
3143 1492 3160 1519 ,
3191 1452 3464 1522 quoniam
3498 1460 3557 1505 et
3586 1450 3681 1519 ipsi
3702 1451 3793 1519 jam

2211 1548 2504 1619 participes
2525 1556 2682 1603 erant
2705 1546 2830 1601 facti
2857 1546 3168 1616 passionum
3191 1543 3434 1607 Christi,
3462 1551 3525 1596 et
3550 1541 3692 1611 digni
3714 1542 3793 1595 ha-

2210 1640 2308 1695 biti
2340 1655 2438 1710 pro
2467 1639 2584 1709 ejus
2623 1640 2843 1694 nomine
2880 1637 3241 1693 contumelias
3271 1635 3392 1707 pati
3440 1634 3593 1707 (Act.
3622 1649 3672 1699 v,
3701 1633 3792 1701 ιι).

2213 1731 2315 1799 Qui
2357 1731 2514 1786 simul
2554 1738 2838 1801 pergentes
2861 1770 2876 1795 ,
2927 1729 3106 1784 nullus
3143 1738 3226 1784 est
3262 1728 3365 1798 qui
3403 1727 3633 1782 edicere
3660 1736 3794 1795 queat

2138 1807 2185 1869 Β
2213 1834 2346 1894 quot
2376 1823 2544 1878 millia
2587 1822 2864 1877 hominum
2902 1821 3153 1876 conversi
3196 1821 3312 1874 sint
3357 1820 3419 1873 in
3471 1827 3714 1888 tempore
3743 1816 3794 1870 ad

2210 1913 2529 1971 Christum:
2574 1922 2631 1970 et
2667 1914 3035 1985 praedicabant
3072 1911 3540 1982 evangelizantes
3576 1910 3794 1965 omniin

2208 2006 2433 2061 verbum
2474 2004 2686 2060 salutis.
2724 2004 3101 2059 Comitabatur
3136 2011 3322 2057 autem
3369 2017 3476 2056 eos
3518 2002 3693 2054 virtus
3724 2000 3788 2053 di-

2209 2098 2333 2153 vina
2356 2138 2370 2164 ,
2405 2098 2480 2151 ita
2497 2106 2555 2151 ut
2583 2106 2874 2153 cernentes
2897 2111 2991 2151 eos
3022 2110 3087 2150 ac
3108 2095 3155 2151 si
3183 2094 3308 2151 cmli
3335 2094 3535 2157 cives,
3574 2102 3631 2149 et
3656 2109 3790 2165 agites

2212 2190 2355 2245 inter
2379 2188 2554 2260 lupos,
2587 2188 2755 2259 signis
2778 2198 2831 2241 et
2854 2188 3145 2242 virtutibus
3169 2203 3510 2252 coruscare,
3543 2197 3792 2258 portantes

2211 2290 2269 2336 et
2298 2281 2671 2335 illuminantes
2700 2280 2797 2335 Dei
2827 2280 3125 2336 electorum
3157 2280 3397 2334 animas.

2283 2377 2340 2432 8.
2404 2375 2602 2445 Sicque
2651 2375 2868 2431 tandem
2916 2385 3179 2431 exeuntes
3225 2376 3295 2430 ab
3320 2375 3537 2440 Italia,
3600 2374 3789 2444 iugi-esi

2214 2482 2375 2523 cursu
2405 2482 2665 2536 prospero
2692 2482 2842 2521 mare
2868 2465 3122 2521 ﬂantibus
3150 2466 3351 2531 veulis,
3379 2465 3609 2537 navigio
3641 2481 3792 2534 pene-

2215 2569 2415 2615 nerunt
2440 2561 2531 2614 ubi
2558 2575 2651 2615 eos
2680 2559 2915 2629 Spiritus
2958 2569 3180 2614 sanctus
3221 2568 3378 2614 recto
3425 2559 3687 2629 perduxit
3719 2557 3791 2609 ἰιὶο

2213 2666 2345 2706 nere
2372 2692 2388 2717 ,
2437 2660 2493 2707 et
2535 2650 2716 2722 portui
2761 2651 3083 2722 appulerunt
3125 2650 3545 2705 Arelatensium
3589 2648 3792 2704 civitatis

2216 2742 2472 2797 alacriter
2496 2758 2618 2797 cum
2646 2742 2860 2814 gaudio.
2887 2741 2991 2810 Qui
3014 2751 3281 2797 exeuntes
3306 2744 3378 2796 de
3405 2741 3566 2804 navi,
3589 2739 3791 2808 hospite

2216 2834 2420 2903 recepti
2450 2842 2576 2890 sunt
2599 2833 2666 2888 ab
2696 2834 2887 2890 incolis
2914 2832 3156 2901 ejusdem
3187 2834 3459 2897 civitatis,
3487 2834 3584 2903 qui
3608 2833 3786 2887 eisnoa

2216 2926 2483 2980 modicam
2512 2925 2846 2994 praestabant
2871 2924 3289 2979 humanitatem.
3318 2923 3429 2980 Ubi
3478 2939 3607 2979 cum
3634 2928 3787 2977 δεδι

2215 3017 2419 3088 pariter
2444 3015 2742 3088 aggregati,
2780 3031 2931 3071 more
2961 3025 3273 3071 sanctorum
3301 3016 3681 3087 apostolorum
3704 3030 3786 3068 ote-

2212 3116 2412 3178 perunt
2433 3107 2631 3162 ibidem
2656 3106 2816 3162 simul
2838 3107 3204 3177 coinquirere,
3227 3108 3438 3178 singuli
3466 3124 3609 3178 quas
3628 3119 3785 3179 partes

528 3193 679 3249 mino
711 3195 1128 3265 repromissum,
1168 3205 1225 3253 et
1261 3205 1372 3251 tum
1413 3197 1631 3252 demum
1662 3214 1784 3252 cum
1820 3199 1984 3253 multo
2014 3198 2111 3254 fm-
2139 3188 2183 3249 C
2217 3199 2271 3253 in
2301 3197 2735 3267 prtedicationem
2765 3197 3061 3267 eligerent,
3098 3198 3262 3267 quive
3293 3198 3509 3267 pariter
3528 3198 3699 3266 juncti
3723 3199 3783 3250 ire

527 3300 663 3340 nore
693 3287 884 3343 messis
914 3288 1224 3359 perveniret
1254 3305 1358 3344 una
1389 3304 1510 3345 cum
1544 3289 1707 3344 sociis
1743 3289 1856 3345 suis
1892 3289 1955 3343 ad
1995 3290 2110 3359 pal—

526 3392 674 3432 mam
702 3380 970 3451 martyrii,
993 3389 1049 3435 et
1067 3381 1135 3435 ad
1167 3382 1291 3436 vita:
1313 3383 1615 3452 prmmium.
1647 3381 1746 3438 Cui
1777 3383 1958 3453 itaque
1987 3400 2112 3437 mox

527 3468 700 3525 adfuit
734 3470 912 3525 divina
947 3472 1119 3526 virtus
1162 3472 1216 3527 in
1246 3471 1593 3541 adjutorinm.
1640 3484 1667 3514 α
1696 3473 1865 3527 Erant
1911 3471 2109 3528 ibidem

521 3562 637 3633 jam
665 3562 884 3632 quidam
921 3563 1241 3629 Christiani,
1280 3579 1418 3634 quos
1459 3565 1632 3635 tetigit
1674 3564 1855 3619 divina
1893 3565 2108 3620 virtus:

528 3653 765 3709 scientes
794 3654 938 3724 quod
966 3653 1169 3710 factum
1217 3654 1393 3709 fuerat
1444 3656 1495 3709 in
1545 3645 1735 3711 salicto
1770 3657 1910 3728 viro,
1945 3673 2113 3712 vene-

529 3754 661 3800 runt
691 3755 849 3800 nocte
881 3747 946 3799 ad
981 3762 1102 3801 eum
1135 3748 1187 3801 in
1221 3762 1518 3811 carcerem,
1556 3758 1609 3803 et
1638 3759 1758 3805 arte
1788 3766 1891 3819 qua
1926 3739 2116 3820 polueé

529 3845 660 3891 runt
701 3852 801 3908 pro
837 3836 1039 3892 Christi
1081 3854 1265 3894 amore
1307 3839 1654 3894 absolverunt
1690 3857 1812 3895 eum
1850 3842 1917 3897 de
1953 3858 2111 3913 erga-

605 4043 631 4071 α
675 4031 771 4086 Ms.
806 4031 864 4086 S.
899 4032 1037 4087 Max.
1077 4043 1131 4087 et
1158 4032 1393 4089 Lovetus
1421 4053 1483 4089 ex
1516 4035 1621 4090 alio
1650 4036 1747 4091 Ms.
1801 4036 1929 4090 Erat
1977 4039 2115 4093 enim

531 4101 723 4181 ibidem
746 4100 1076 4181 jam‘Christi
1102 4104 1410 4181 discipulus,
1442 4105 1730 4181 Domninus
1763 4109 1996 4181 nomine,
2026 4111 2115 4181 qui

532 4171 792 4243 perfectus
815 4173 987 4226 adhuc
1009 4175 1163 4227 hodie
1202 4175 1468 4243 confessor
1488 4173 1684 4230 Christi
1706 4179 1758 4230 in
1780 4178 1959 4231 eodem
1980 4171 2112 4243 loco,

532 4240 627 4317 pro
649 4240 839 4317 talibus
854 4242 1224 4317 [iujnscemodi
1241 4240 1487 4317 operibus
1519 4247 1791 4317 requiescit
1820 4248 1873 4299 in
1903 4240 2118 4317 corpore

532 4310 812 4385 gloriosus.
842 4310 983 4385 Nam
1012 4323 1060 4368 et
1087 4316 1196 4385 ipse
1231 4310 1377 4368 locus
1408 4333 1472 4369 ea:
1509 4310 1623 4384 ejus
1664 4318 1869 4370 nomine
1894 4310 2117 4371 vocabu-

532 4381 643 4434 lum
666 4383 907 4450 suntpsu,
932 4393 1061 4448 etc.,
1085 4381 1265 4439 narrat
1293 4386 1361 4440 ab
1386 4402 1450 4440 eo
1473 4381 1722 4442 eductum
1748 4398 1904 4442 nocte
1927 4386 2116 4443 Luciu-

533 4468 722 4528 num__e
747 4468 988 4528 carcere,
1038 4456 1449 4528 inquemipse
1498 4459 1699 4528 idcirco
1745 4459 2003 4528 postridie
2046 4461 2114 4514 ab

536 4521 744 4598 accolis
770 4522 1047 4598 conjectus
1083 4521 1173 4598 sit.
1214 4521 1411 4580 Eadem
1451 4521 1969 4598 refertsrtissajus,
2011 4530 2114 4584 nisi

537 4593 679 4668 quod
711 4591 918 4668 Parmae
950 4595 1077 4668 velit
1112 4595 1214 4650 ista
1256 4598 1563 4668 contigisse.
1595 4597 1795 4652 Verum
1827 4591 1937 4653 litvo
1975 4601 2018 4653 si
2047 4599 2117 4654 ab

536 4662 723 4718 Odone
750 4664 1143 4737 scripta‘l‘uere,
1172 4682 1276 4720 non
1302 4662 1471 4737 miror
1498 4669 1547 4721 in
1576 4669 1697 4723 aliis
1719 4669 2117 4737 exemplaribus

536 4747 657 4786 esse
679 4736 899 4789 omissa.
930 4734 1062 4789 Nam
1085 4736 1197 4791 sive
1221 4736 1280 4790 S.
1305 4736 1598 4793 Clementis
1621 4747 1799 4803 aetate,
1831 4734 1944 4793 sive
1970 4738 2116 4794 Decii

538 4805 874 4878 temporibus
923 4805 1068 4878 venit
1110 4807 1162 4860 in
1209 4806 1435 4862 Galliam
1479 4806 1763 4873 Lucianus,
1803 4824 1908 4863 non
1944 4810 2119 4878 potuit

537 4887 660 4950 eum
778 4874 1069 4950 Domninns
1095 4878 1289 4948 capitis
1324 4878 1403 4950 sui
1443 4878 1682 4948 periculo
1711 4873 1961 4943 liberare,
2001 4879 2117 4950 qui,

540 4951 600 5020 ut
627 4941 660 4997 9
683 4944 931 5020 O_c_tob_ris_
956 4941 1196 5020 dicemus
1217 4989 1230 5014 ,
1250 4941 1458 5020 hannis'
1475 4957 1595 5019 post
1613 4950 1849 5020 ‘Decium
1880 4941 2117 5020 quadra;

541 5013 687 5087 ginta
716 5013 1023 5087 Masimiani
1053 5017 1435 5072 cubiculiarius
1470 5013 1604 5081 erat,
1637 5019 1816 5087 ibique
1842 5013 1940 5087 pro
1970 5019 2121 5075 Chri-

541 5037 685 5082 gimn
717 5037 1023 5069 mauuunam
1053 5037 1435 5072 cunicunarlus
1470 5037 1604 5081 erat,
1637 5037 1816 5087 Imque
1880 5037 1940 5075 I‘O
1970 5037 2117 5075 [μηνι-

540 5083 609 5162 sti
659 5084 762 5162 lide
802 5082 1149 5162 interiectus,
1182 5088 1300 5162 loco
1328 5089 1581 5162 deinceps
1609 5105 1803 5151 nomen
1830 5037 1982 5154 lgcit,
2026 5091 2117 5161 qui

535 5151 648 5218 jam
683 5151 916 5219 Burgum
947 5152 1007 5205 S.
1033 5153 1282 5211 Domnini
1314 5151 1528 5213 dicitur:

619 5220 656 5302 δ’
685 5218 803 5273 Non,
841 5221 940 5300 nisi
971 5223 1267 5304 (iuniorum
1300 5231 1633 5298 temporibus
1668 5231 1811 5301 regia
1852 5229 1982 5287 urbs
2022 5230 2122 5288 fuit

2148 4502 2196 4563 D

2220 3289 2498 3343 deberent.
2537 3287 2735 3357 Sicque
2770 3285 2973 3343 factum
3009 3296 3095 3344 est
3136 3299 3196 3343 ut
3224 3300 3246 3328 ο
3276 3288 3661 3345 Marcellinum
3684 3305 3785 3344 sas-

2219 3381 2518 3436 clissimum
2550 3396 2673 3437 cum
2703 3381 2924 3450 paucis,
2956 3390 3014 3435 ut
3038 3380 3230 3446 fertur,
3274 3380 3341 3435 ad
3371 3382 3663 3452 Hispanias
3686 3384 3785 3435 mit-

2223 3481 2427 3538 terent;
2462 3471 2489 3511 d
2515 3466 2868 3526 Saturninum
2891 3486 3020 3527 vero
3046 3471 3298 3529 Tolosam
3324 3472 3591 3544 dirigunt,
3630 3485 3655 3513 ι
3672 3489 3729 3526 ac
3748 3473 3782 3526 si

2222 3565 2289 3618 ad
2315 3563 2616 3633 Aquitaniae
2643 3572 2835 3634 caput,
2881 3571 2941 3616 ut
2988 3563 3147 3633 longe
3190 3563 3410 3632 lateque
3443 3564 3645 3645 aeterni
3662 3564 3783 3632 regni

2218 3654 2567 3725 Evangelium
2596 3662 2956 3725 propagarcnt
2990 3654 3041 3708 in
3077 3654 3369 3724 gentibus,
3413 3664 3471 3710 et
3506 3655 3783 3726 plantarelt

2221 3750 2492 3806 Ecclesias
2516 3748 2720 3805 Christi
2749 3748 2952 3818 passim
2972 3763 3151 3817 usque
3179 3749 3252 3803 ad
3287 3747 3566 3805 Oceanum
3601 3747 3785 3802 Britan-

2219 3842 2402 3897 nicum
2435 3839 2479 3895 τ.

2221 4037 2476 4093 Ecclesite
2506 4036 2785 4092 Tolosauze
2810 4036 3121 4107 traditione,
3150 4044 3214 4091 ut
3245 4044 3399 4107 patet
3429 4051 3496 4092 ex
3519 4035 3789 4091 Gnilielm

2221 4109 2446 4165 Catellio
2470 4108 2506 4162 Ι.
2534 4108 2568 4162 5
2595 4107 2842 4162 Historiae
2868 4106 3160 4162 Occitanm.

2297 4190 2321 4219 ο
2364 4179 2475 4233 Non
2515 4189 2599 4233 est
2636 4177 2934 4246 Aquitaniae
2979 4178 3172 4232 civitas
3213 4177 3433 4241 Tolosa,
3484 4178 3581 4233 sed
3621 4174 3786 4230 Catii:

2224 4249 2604 4304 Narbonensis.
2631 4248 2753 4301 Ideo
2782 4256 2958 4300 autem
2983 4256 3139 4300 vocat
3167 4248 3695 4317 AuctorﬂAquitania-
3713 4263 3778 4298 ce-

2221 4330 2336 4388 put,
2371 4320 2492 4389 quia
2526 4318 2828 4389 Aquitani-.2
2857 4333 3027 4389 reges,
3046 4317 3338 4389 Aripertus
3367 4316 3657 4389 [yigoberti
3682 4317 3778 4370 fra-

2224 4385 2325 4459 ier,
2357 4385 2408 4444 et
2440 4385 2739 4459 Ludovicus
2763 4388 2907 4452 Pius,
2934 4385 3121 4442 Sedein
3150 4385 3357 4459 regiam
3385 4385 3600 4442 Tolosa
3620 4390 3782 4441 ﬁxere-

2222 4457 2379 4513 Plura
2411 4459 2480 4512 dc.
2508 4459 2591 4511 his
2619 4458 2893 4513 Catellius.

2300 4528 2319 4567 τ
2365 4527 2593 4583 Lovetus
2627 4526 2812 4596 plures
2850 4536 3136 4583 enumerat
3174 4542 3364 4583 eorum
3396 4527 3610 4591 socios,
3644 4524 3784 4578 variis

2257 4598 2432 4670 opnlis
2460 4597 2917 4670 dittongvangelii
2947 4613 3248 4670 praecones,
3284 4596 3346 4670 S_.
3379 4596 3781 4670 Regni-myg-

2257 4615 2432 4670 OPIIIIS
2460 4615 2611 4653 (lillOS
2644 4615 2917 4667 Μίιηςθιιι
2947 4615 3248 4667 ρηθροηθε,
3284 4615 3346 4653 δ.
3379 4615 3641 4667 uagum
3667 4615 3780 4650 are-

2220 4615 2538 4732 lhtensibus,
2569 4668 2638 4723 50
2665 4668 2843 4722 Martii
2870 4667 3027 4721 fastis
3053 4669 3233 4722 sacris
3254 4667 3622 4736 adscriptum;
3651 4664 3780 4736 Ursi-

2222 4757 2343 4794 num
2366 4739 2714 4809 Biturigibus,
2731 4738 2822 4806 qui
2844 4736 3230 4809 bathanaelem
3251 4737 3420 4809 fuisse
3438 4735 3783 4809 volunt,9l\'p_-

2220 4810 2479 4874 vembris,
2509 4804 2565 4864 et
2587 4808 2656 4863 29
2682 4804 2961 4863 Decembr.
3003 4804 3325 4863 Clementem
3354 4807 3701 4867 Elatensibus,
3728 4806 3783 4859 ΞΒ

2224 4880 2573 4943 Novembris;
2597 4877 2921 4933 Crescentem
2938 4877 3338 4933 Viennensibus
3350 4878 3420 4932 27
3453 4876 3623 4933 Junii.
3643 4891 3789 4945 quas-

2223 4967 2384 5022 quam
2410 4950 2622 5004 tradant
2645 4948 2789 5004 hunc
2803 4959 2937 5022 ante
2957 4948 3256 5022 Clemen_tis
3272 4947 3647 5022 pontiﬁcatum

2224 5015 2366 5093 tyrio
2396 5029 2743 5093 coronatum;
2778 5015 3333 5093 Andociiium_£duis
3354 5017 3424 5071 24
3452 5015 3779 5093 δεριςῳδῆες

2225 5087 2384 5162 quem
2423 5100 2599 5162 tamen
2629 5088 3079 5162 Martyrologium
3110 5088 3419 5162 Romanum
3464 5087 3654 5162 et_alii
3691 5093 3778 5137 tra-

2225 5157 2360 5214 dunt
2393 5175 2422 5213 a
2463 5159 2520 5214 S.
2551 5157 2859 5231 Polycarpo
2882 5157 3101 5231 missum
3128 5159 3184 5212 in
3211 5157 3474 5231 Galliam;
3518 5157 3778 5231 Benigne!

2226 5231 2553 5304 Lingonibus
2583 5230 2606 5283 l
2642 5225 2980 5304 Devenibris,
3009 5228 3101 5282 sed
3131 5230 3305 5304 ethic
3329 5228 3613 5304 Polycarpi
3640 5225 3775 5304 disci-
