3904 5304
32 404 166 465 ΗΠ

636 510 862 568 CAPUT
902 506 989 562 Ill.

83 650 345 709 Bellovaci
375 646 658 721 prwdicat;
698 639 799 722 SS.
835 635 1192 722 dfaximiantts
1221 640 1268 715 et
1296 627 1549 683 Julianus

509 717 760 783 martyrio
790 717 1128 763 coronantur.

103 856 157 911 9.
199 852 405 920 Quibus
435 849 507 903 ita
539 842 814 913 dispositis
843 839 903 893 Β.
938 835 1246 905 Dionysius,
1288 828 1379 901 qui
1419 838 1475 884 et
1507 826 1613 883 alio

31 945 253 1000 nomine
280 917 547 995 Mac'arius
572 949 672 1006 pro
696 931 861 987 nimia
900 925 1202 984 sanctitatis
1239 921 1497 990 religione
1529 925 1615 973 est

33 1046 292 1098 vocatus,
336 1031 428 1101 qui
472 1038 528 1084 et
571 1029 832 1082 honorem
878 1018 1211 1090 apostolatus
1256 1014 1502 1068 tradente
1549 1009 1612 1063 B.

31 1129 311 1183 Clemente
341 1125 685 1191 susceperat,
729 1126 784 1170 et
824 1111 1158 1184 privilegium
1199 1103 1523 1176 praedicandi
1563 1102 1616 1155 in

34 1217 312 1289 gentibus,
345 1226 528 1267 secum
564 1207 738 1263 adhuc
764 1200 1191 1259 sacratissimum
1216 1195 1512 1250 Lucianum
1536 1207 1617 1246 re-

40 1307 268 1362 tinuisse
297 1301 541 1359 noscitur
567 1316 579 1352 :
612 1297 782 1351 donec
811 1291 1080 1348 Lutetiam
1112 1300 1137 1330 α
1165 1284 1491 1342 Parisiorum
1521 1296 1618 1351 op-

33 1396 223 1469 pidum
264 1391 590 1465 perveniret.
641 1385 790 1441 Unde
833 1380 1021 1452 paucis
1061 1391 1245 1433 secum
1290 1371 1512 1428 retentis
1559 1368 1617 1424 S.

34 1463 338 1541 Lueianum
366 1520 382 1547 ,
436 1492 597 1549 quem
655 1473 756 1529 sibi
810 1469 1063 1525 nobilitas
1108 1464 1230 1520 fidei
1275 1463 1619 1523 sociaverat,

39 1576 282 1646 fidesque
325 1569 528 1627 Christi
567 1578 885 1638 germanum
928 1561 1159 1622 fecerat,
1205 1554 1449 1626 probitas
1493 1564 1625 1606 vero

41 1680 166 1718 mox
192 1644 246 1716 et
267 1659 524 1715 instantia
552 1653 1071 1723 conjunxerat,cum
1092 1649 1120 1687 δ
1145 1645 1203 1701 S.
1231 1644 1478 1698 Maxiano
1502 1655 1626 1711 pre-

38 1756 261 1825 sbytero
307 1761 362 1806 et
414 1748 628 1803 Juliano
673 1744 932 1802 diacono,
985 1735 1389 1809 evangelizandi
1455 1731 1626 1802 gratia

1224 381 1455 439 SERMO
1491 379 1557 435 IN
1601 378 1658 432 S.
1699 373 2079 430 LUCIANUM.

1633 495 1683 554 Α
1711 489 2032 561 corporibus
2059 486 2381 542 decederent
2402 480 2659 538 obsessis.
2698 479 2766 536 Et
2799 479 2991 535 diebus
3024 493 3088 533 ac
3117 477 3289 533 nocti.

3150 359 3311 416 1118.

1712 581 1815 636 bus
1842 577 2183 651 praedicando
2215 590 2322 630 non
2359 589 2577 629 cessans
2614 571 2998 642 perseverabat
3045 579 3293 624 astruere

1712 686 1899 725 verum
1924 677 1980 722 et
2006 682 2171 722 unum
2204 666 2509 720 Dominum.
2554 662 2781 731 Semper
2814 661 2958 714 enim
2985 667 3103 713 erat
3134 673 3294 713 occu-

1713 773 1872 835 patus
1896 764 1948 816 in
1975 763 2224 817 oratione
2246 766 2302 813 et
2329 758 2351 797 ί
2380 756 2555 812 cilicio
2583 755 2788 817 divino,
2825 753 2878 807 in
2908 750 3104 821 vigiliis
3128 750 3294 820 pluri-

1717 856 1843 918 mis,
1866 852 2162 922 etjejuniis
2187 848 2549 920 quolidianis,
2584 846 2638 899 in
2669 842 2993 897 abstinentia
3024 841 3296 902 ciborum,

1626 990 1635 997 .
1717 957 1767 1002 et
1803 949 1855 1002 in
1884 944 2028 1001 omni
2058 942 2348 997 afﬂictione
2374 938 2585 1000 carnis,
2626 952 2731 1005 qua
2763 949 2822 988 se
2850 932 3089 1002 quotidie
3120 945 3296 984 mace-

1719 1043 1894 1104 rabat,
1919 1046 2185 1108 quatenus
2206 1034 2360 1103 juxta
2384 1027 2698 1100 Apostolum
2725 1040 2782 1080 se
2820 1023 3055 1078 hostiam
3095 1022 3297 1085 vivam,
3322 1042 3325 1045 π

1720 1106 2183 1200 bencplacentem,
2204 1122 2420 1179 Christo
2445 1120 2669 1174 Domino
2691 1115 2971 1169 exhiberet
2997 1111 3169 1183 (Rom.
3199 1106 3298 1174 xit,

1722 1224 1797 1293 l).
1847 1220 2000 1275 Unde
2043 1216 2292 1271 assiduus
2332 1213 2382 1267 ei
2427 1216 2602 1264 victus
2642 1207 2820 1261 nullus
2855 1204 2992 1258 alius
3020 1212 3163 1266 erat,
3197 1201 3301 1255 nisi

1723 1311 1967 1367 modicus
1996 1308 2171 1378 panis,
2200 1317 2432 1372 esusque
2460 1300 2779 1359 herbarum,
2828 1305 2885 1349 et
2927 1309 3064 1363 aqua
3110 1291 3305 1362 frigida

1723 1411 1902 1472 potus.
1952 1398 2303 1452 Sustentabat
2351 1401 2530 1447 autem
2579 1404 2701 1443 eum
2750 1388 2926 1441 virtus
2968 1384 3185 1448 divina,
3243 1399 3307 1437 ac

1724 1491 1967 1548 membra
1996 1488 2189 1544 debilia
2215 1485 2416 1540 Christi
2444 1483 2616 1554 gratia
2646 1479 2935 1535 roborabat
2964 1496 2976 1530 :
3007 1477 3084 1529 sic
3112 1475 3308 1545 quippe

1727 1581 2015 1637 anhelabat
2048 1580 2238 1634 beatus
2266 1573 2552 1646 pervenire
2578 1572 2643 1624 ad
2678 1570 2910 1639 palmam
2948 1564 3216 1637 martyrii,
3251 1571 3312 1616 ut

1723 1673 1834 1744 jam
1862 1669 2061 1725 mundo
2091 1670 2336 1723 mortuus
2371 1677 2590 1719 crucem
2634 1669 2878 1731 portaret
2913 1656 3152 1727 quotidie
3188 1663 3314 1725 post

1729 1765 2005 1820 Christum
2051 1758 2334 1814 Dominum
2375 1773 2389 1809 ε
2427 1754 2552 1824 quia
2601 1767 2701 1822 pro
2739 1759 2891 1806 certo
2939 1757 3163 1802 noverat
3206 1744 3314 1799 duo

38 1847 312 1903 Belvacus
337 1850 524 1897 mtsn:
561 1852 670 1909 quo
710 1834 953 1891 custodia
994 1831 1453 1921 Rotnanorunret
1489 1822 1630 1878 milt—
1665 1846 1706 1905 Β
1735 1868 1855 1909 esse
1903 1849 2147 1921 martyrii
2192 1822 2641 1917 genera"u"Uln
2689 1839 2953 1908 siquidem
2991 1837 3045 1889 in
3080 1833 3313 1899 occulto,

38 1950 99 1993 ta
111 1942 188 1994 ris
213 1935 507 1994 exercitus,
535 1938 595 1984 ut
622 1927 870 1998 legimus,
895 1921 1184 1984 residebat,
1217 1917 1471 1989 quoniam
1499 1928 1630 1983 gens

36 2025 457 2085 Belvacensium
478 2034 691 2090 semper
710 2016 966 2072 bellicosa
999 2012 1164 2065 fuisse
1184 2026 1250 2063 na
1260 2018 1458 2062 rratur.
1477 2004 1633 2059 Unde

35 2116 410 2180 solummodo,
435 2113 577 2169 sicut
596 2110 653 2164 in
680 2107 924 2163 historiis
954 2106 1264 2159 continetur
1288 2097 1540 2168 publicis,
1565 2110 1633 2150 ex

32 2208 241 2267 eodem
277 2220 413 2279 pago
450 2215 472 2243 α
509 2199 788 2270 sexaginta
832 2204 887 2249 et
927 2209 992 2248 eo
1031 2191 1264 2261 amplius
1303 2195 1634 2242 armatorum

31 2299 222 2356 millia
246 2298 425 2352 exisse
450 2293 700 2362 leguntur
725 2287 939 2341 obviam
969 2282 1036 2335 ad
1061 2278 1304 2350 praelium
1334 2284 1522 2331 contra
1544 2272 1640 2326 διι-

29 2393 190 2448 lium
213 2389 500 2449 thsarem,
525 2390 581 2436 et
599 2388 787 2435 contra
813 2376 1182 2429 Romanorum
1207 2367 1505 2423 exercitum
1530 2378 1638 2415 una

31 2496 180 2538 cum
230 2476 452 2547 reliquis
498 2471 796 2528 Galliarum
841 2453 1176 2520 cuneivibus.
1228 2458 1297 2513 Et
1343 2454 1463 2509 ideo
1511 2467 1642 2522 pro‘

32 2583 178 2645 pter
199 2568 222 2607 ἀ
243 2565 543 2622 custodiam
564 2571 882 2616 czeterarum
909 2556 1189 2630 civ.tatunt
1213 2549 1490 2604 Romanus
1515 2554 1642 2598 tunc

38 2663 320 2731 temporis
346 2657 666 2712 versabatur
694 2649 990 2706 exercitus.

128 2776 220 2830 10.
261 2772 459 2828 Contra
500 2780 662 2837 quam
708 2761 980 2818 feritatem
1016 2767 1367 2823 utrarumque
1403 2748 1642 2822 gentium

44 2864 393 2924 fortissimus
418 2858 617 2913 athleta
645 2852 846 2909 Christi
870 2890 885 2916 ,
928 2848 1121 2904 solatio
1156 2844 1329 2898 fretus
1358 2838 1645 2907 discipulo-

45 2973 209 3021 rum,
241 2969 348 3009 non
390 2961 472 3004 est
513 2943 833 3019 perterritus
864 2940 1054 2995 venire
1082 2934 1286 2991 Christi
1321 2932 1647 3001 pnecinctus

47 3046 263 3110 armis,
311 3057 374 3097 ac
415 3039 595 3095 divina
632 3034 805 3106 gratia
841 3031 1245 3087 corroboratus.
1291 3036 1314 3063 ε
1337 3023 1468 3077 Erat
1501 3019 1646 3074 enim

48 3137 171 3193 fide
195 3130 690 3209 constantissimus,
723 3136 975 3179 sermone
1001 3116 1440 3178 facundissimus,
1465 3122 1520 3167 et
1540 3111 1650 3164 vir—

1732 1942 1875 1998 aliud
1906 1956 2036 1998 vero
2065 1941 2119 1993 in
2150 1936 2441 1992 manifesto
2464 1973 2479 2000 ,
2530 1940 2586 1987 et
2627 1932 2768 1985 idem
2801 1930 3036 1999 primum
3068 1926 3209 1981 istud
3242 1925 3318 1980 fe-

1733 2036 1889 2090 rebat
1916 2036 1967 2088 in
1998 2028 2315 2086 abscondito
2343 2028 2672 2097 (quanquam
2717 2019 3001 2075 manifesta
3033 2026 3177 2072 esset
3203 2032 3319 2070 om-

1733 2129 1894 2183 nibus
1914 2127 2085 2179 virtus
2109 2116 2488 2188 abstinentiae),
2516 2124 2574 2169 ut
2595 2115 2659 2168 ad
2687 2113 2817 2167 illud
2841 2110 3148 2181 perveniret
3177 2117 3299 2177 post

1735 2223 1953 2274 modum
1981 2233 2011 2270 a
2041 2215 2266 2269 Domino
2295 2208 2663 2265 coronandus.
2696 2206 2827 2260 Erat
2859 2204 3002 2258 enim
3029 2201 3321 2255 mortifiea

1741 2313 1881 2365 tione
1906 2308 2088 2363 carnis
2125 2303 2420 2364 confectus,
2454 2298 2714 2369 patientia
2747 2298 3003 2357 decorus,
3044 2294 3179 2346 mira
3222 2294 3322 2347 htt-

1740 2399 1967 2455 militate
2029 2395 2318 2455 fundatus,
2377 2386 2788 2443 mansuetudine
2844 2383 3098 2452 repletus.
3169 2380 3324 2436 Unde

1743 2501 1889 2547 tanta
1919 2491 2062 2544 circa
2088 2501 2211 2541 eum
2241 2494 2556 2538 excreverat
2584 2480 2755 2532 virtus
2782 2477 3046 2532 bonorum
3074 2487 3319 2543 operum,

1742 2581 1879 2635 utin
1908 2579 2067 2632 terris
2095 2576 2270 2629 adhuc
2306 2573 2358 2625 in
2399 2585 2625 2639 corpore
2671 2567 2909 2638 positus,
2953 2580 3073 2620 cum
3117 2565 3323 2634 angelis

1737 2673 1848 2744 jam
1887 2671 2077 2743 spiritu
2117 2668 2392 2721 videretur
2424 2661 2731 2719 conversari
2760 2660 2813 2714 in
2845 2658 3020 2712 cmlis.
3048 2656 3185 2711 Hinc
3209 2665 3327 2710 erat

1745 2764 1887 2834 quod
1937 2773 2150 2829 semper
2192 2756 2340 2810 vulttt
2392 2752 2637 2824 placidus
2680 2750 2998 2812 videbatur,
3053 2756 3108 2802 et
3150 2756 3329 2801 mente

1748 2854 2091 2924 tranquillus,
2122 2851 2258 2903 mira
2285 2847 2483 2901 canitie
2507 2845 2814 2907 decoratus,
2839 2850 2898 2894 ut
2922 2849 3065 2895 totus
3089 2838 3329 2893 moribus

1749 2954 1805 3001 et
1829 2957 2057 3013 corpore
2085 2939 2408 3009 probaretur
2436 2934 2758 3003 conspicuus
2788 2940 2949 3000 atque
2983 2929 3294 3000 praeclarus.

1821 3035 1909 3090 ll.
1949 3032 2057 3088 Sed
2080 3046 2201 3085 cum
2229 3027 2345 3097 ejus
2371 3024 2514 3079 fama
2544 3024 2724 3093 longe,
2752 3021 2968 3090 lateque
2992 3019 3330 3089 percrebuis-

1754 3138 1856 3191 set,
1882 3125 2165 3179 veniebant
2194 3120 2261 3174 ad
2283 3134 2403 3174 eum
2426 3116 2641 3188 plurimi
2668 3122 2725 3168 ut
2748 3116 2816 3168 ab
2838 3129 2903 3169 eo
2927 3113 3334 3182 baptizarentur
3362 3113 3366 3116 ⁴

50 3227 275 3283 “uibus
315 3221 527 3278 ευοεῑίδ
572 3214 926 3271 θάωίνθδηίδ·
959 3209 1135 3280 cap“
1165 3208 1327 3278 θείων
1354 3205 1650 3275 Praedicare
1678 3188 1723 3250 Ο
1756 3223 1810 3276 in
1837 3188 2053 3273 nomine
2077 3213 2254 3267 Patris
2278 3221 2331 3267 et
2358 3210 2478 3264 Filii
2512 3218 2568 3262 et
2606 3208 2840 3278 Spiritus
2863 3206 3058 3260 sancti.
3083 3205 3335 3258 Destruev

52 3331 268 3373 nomen
297 3311 540 3373 Domini,
571 3313 867 3378 petestates
893 3302 1070 3356 aerias
1096 3298 1366 3354 debellare
1385 3335 1398 3359 ,
1426 3293 1652 3349 Christi-

54 3427 179 3481 que
207 3406 507 3462 Ecclesiam
535 3400 798 3471 plantare.
826 3395 1063 3465 Spiritus
1092 3405 1306 3463 quoque
1331 3388 1503 3442 sancti
1533 3402 1654 3457 gra-

53 3502 144 3556 tia
177 3497 476 3557 debriatus,
516 3506 622 3546 non
660 3490 838 3544 minus
867 3483 1128 3554 exemplis
1161 3483 1461 3536 instruebat
1492 3495 1657 3549 popu-

58 3597 222 3660 lum,
260 3606 432 3667 gnam
468 3586 666 3642 verbis.
703 3580 1011 3637 Accedebat
1039 3591 1273 3646 namque
1300 3576 1471 3629 virtus
1498 3574 1661 3626 mira-

59 3685 344 3747 culorum,
371 3688 427 3734 et
453 3691 643 3733 omnes
673 3673 891 3728 morbos
927 3684 1023 3739 per
1046 3669 1299 3722 virtutem
1326 3665 1534 3719 Domini
1571 3666 1661 3719 de-

59 3775 330 3849 pellebat.
367 3770 595 3825 Tantam
635 3764 779 3820 enim
819 3761 1048 3834 gratiam
1092 3759 1144 3812 in
1183 3755 1483 3827 effngandis
1508 3770 1663 3808 acce-

61 3846 621 3939 peratdtemonibus,
672 3863 735 3908 ut
780 3848 1008 3921 imperio
1052 3848 1169 3919 ejus
1206 3846 1410 3910 audito,
1460 3858 1586 3897 mox
1631 3858 1662 3897 a

68 4013 206 4053 cum
231 3995 351 4049 aliis
375 3988 687 4046 auctoribus
719 3980 1290 4053 Nicasiuntscriberet
1317 3977 1570 4053 Lovetus,
1598 3976 1666 4031 de

69 4049 286 4140 {nan
308 4060 591 4140 ΔΟίξιοωῖὶδ)
611 4077 623 4110 ε
642 4056 929 4140 Τφατῖζιίιιζη
963 4050 1375 4140 ενιξτθῖεειιξίμυε
1402 4049 1458 4101 ¹¹
1484 4049 1665 4140 μέθ’

217 4119 486 4192 Valerium
516 4119 755 4203 Treviris
879 4120 1243 4203 Jattuar.i_sed
1271 4121 1409 4172 hunc
1570 4119 1669 4171 Pe-

72 4186 273 4266 tro,ad
301 4222 358 4259 se
389 4204 611 4257 missmn
644 4194 851 4251 Treviri
883 4193 1066 4256 aiunt;
1107 4190 1441 4266 monstrauit:
1475 4186 1670 4242 Leucis

73 4259 120 4335 ἐξ
144 4259 492 4347 septembr.:_
526 4270 619 4347 sed
655 4270 799 4347 hunc
837 4277 1049 4347 quoque
1081 4260 1212 4347 anS.
1248 4259 1407 4339 Petro
1448 4259 1670 4347 missum

73 4327 451 4407 Edsorabbas
482 4343 535 4395 in
565 4339 680 4408 ejus
714 4337 832 4392 Vita
854 4327 1077 4396 scribit;
1112 4328 1439 4385 Carnutibus
1470 4327 1674 4381 Carau-

76 4436 216 4477 rmnt
244 4417 316 4471 ‘28
343 4412 487 4468 Maii.

165 4468 333 4542 st—Is.
367 4486 424 4539 S.
460 4480 599 4535 Max.
633 4476 782 4532 addit
810 4474 968 4528 isthic
1014 4472 1277 4526 mansisse
1320 4468 1633 4539 Dionysium
1656 4506 1669 4533 ,

77 4560 239 4633 quod
267 4558 340 4612 ibi
370 4553 594 4624 amplius
625 4551 820 4618 [ervere
855 4546 1233 4598 immanitatth
1261 4545 1453 4594 erroris
1483 4553 1673 4608 cogno-

77 4642 182 4689 Ml.

48 4676 194 4740 ῙἻ.
238 4698 338 4752 Ms.
368 4693 426 4750 S.
461 4693 600 4753 Max.
632 4697 689 4746 et
720 4687 952 4742 Lovetus
985 4683 1228 4753 habent,
1260 4693 1356 4735 eos
1392 4694 1445 4753 a_
1469 4676 1528 4732 S.
1569 4676 1678 4730 Lu-

79 4750 261 4831 ciano’
287 4750 454 4822 fuisse
481 4750 805 4825 conversos,
839 4757 998 4824 eique
1030 4752 1324 4806 adhaesisse
1352 4768 1367 4804 :
1396 4750 1485 4805 hic
1519 4757 1678 4817 gente

80 4842 412 4899 Bellovacos
442 4834 590 4890 facit.

169 4886 418 4965 Itis-{sar
438 4886 491 4960 l:
505 4886 663 4969 ii,de
692 4896 826 4953 bello
855 4892 1061 4969 Gallico
1091 4890 1283 4969 scribit
1309 4899 1524 4944 centum

82 4987 169 5041 lia
196 4958 589 5035 er'Eéhliceré
611 4984 807 5044 posse,
844 4964 1093 5044 atquein
1131 4960 1413 5031 Belgarum
1449 4958 1679 5013 concilio

82 5035 295 5110 contra
325 5049 597 5103 Romanos
613 5035 803 5096 ’60000
833 5035 1116 5110 pollicitos.

166 5123 193 5144 ,ι
254 5119 398 5144 ΔΑΜ.
436 5116 508 5144 ιι..
567 5114 605 5144 α
660 5112 773 5144 λίην
828 5096 1140 5144 Ῑιιιηνριιια
1215 5110 1421 5144 amnt"
1452 5096 1683 5144 insolen-

1753 3313 1954 3366 bantur
1978 3304 2138 3367 idola,
2165 3319 2193 3355 a
2216 3301 2414 3370 quibus
2436 3298 2651 3351 fuerant
2678 3295 2962 3349 fabricata.
2992 3292 3142 3346 Unde
3166 3294 3341 3349 hostis

1758 3400 2012 3469 antiquus
2050 3393 2240 3447 videns
2262 3390 2363 3443 sibi
2388 3387 2635 3456 deperire
2655 3399 2792 3454 quos
2816 3383 3067 3437 Christus
3093 3398 3187 3451 per
3211 3399 3341 3438 suos

1760 3486 2076 3558 acquirebat
2102 3480 2360 3542 famulos,
2403 3486 2511 3530 tota
2547 3473 2761 3527 artificii
2794 3473 2874 3525 sui
2902 3473 3338 3525 machinamenta

1761 3578 1827 3632 ad
1856 3571 2271 3644 impugnandam
2300 3574 2542 3621 sanctam
2578 3563 2668 3615 Dei
2704 3561 3000 3615 Eeelesiam
3031 3560 3343 3613 convertit:

1767 3670 1860 3722 8et
1882 3662 2270 3722 Domitianum,
2293 3655 2383 3725 qui
2400 3663 2525 3724 post
2546 3650 2809 3704 Neronem
2833 3648 3150 3717 perditionis
3173 3648 3339 3700 filium

1764 3756 2054 3814 secundam
2080 3748 2508 3823 persecutionem
2530 3745 2585 3798 in
2607 3742 2945 3798 Christianos
2974 3740 3237 3802 exercuit,
3268 3741 3342 3793 ita

1765 3844 2138 3907 inflammavit,
2167 3848 2221 3893 et
2241 3838 2310 3894 ad
2332 3844 2537 3891 tantam
2566 3831 2768 3888 rabiem
2797 3828 3180 3900 indignationis
3199 3841 3357 3881 com--

1768 3983 1823 4039 hi
1853 3978 2022 4036 sancti
2064 3974 2167 4028 viri
2206 3981 2314 4026 tam
2353 3968 2634 4039 contiguas
2661 3972 2822 4034 atque
2857 3962 3042 4016 affines
3072 3961 3124 4014 in
3152 3958 3347 4030 praedi-

1768 4038 1981 4110 catione
2008 4044 2276 4113 Evangelii
2307 4041 2410 4095 sibi
2436 4038 2713 4108 elegerant
2751 4043 2952 4113 partes,
2993 4047 3099 4100 quo
3116 4040 3350 4113 possent

1770 4102 1837 4180 de
1863 4102 2118 4190 proximo
2157 4102 2357 4168 divinis
2384 4102 2548 4179 quani
2587 4121 2727 4176 sape
2752 4102 3055 4190 consolari.
3079 4102 3347 4190 eloquiis,

1775 4172 2083 4259 inutruisque
2108 4202 2166 4240 se
2208 4172 2597 4259 repraesentare
2648 4172 2975 4259 aspectibus:
3002 4173 3127 4251 ideo
3154 4172 3357 4259 quibus

1772 4271 1892 4319 erat
1912 4242 2011 4315 cori
2034 4270 2218 4318 unum,
2250 4242 2305 4306 εἰ
2328 4252 2504 4304 anima
2536 4263 2663 4312 una,
2690 4242 2902 4315 unaque
2924 4242 3162 4297 Charitas
3183 4242 3351 4294 divini

1776 4333 1978 4387 amoris
2000 4370 2014 4393 ,
2042 4328 2168 4395 quia
2200 4322 2360 4395 simul
2390 4335 2511 4374 esse
2543 4334 2646 4395 non
2679 4323 2929 4395 poterant
2955 4322 3174 4391 propter
3203 4326 3352 4362 com-

1778 4383 1941 4458 missa
1955 4383 2074 4454 sibi
2092 4393 2489 4464 praedicationis
2510 4383 2705 4451 ofﬁcia,
2732 4387 2985 4464 luctaque
3011 4383 3349 4460 animarum;

1779 4451 2137 4543 neque—longe
2169 4463 2561 4543 dittferebant,
2601 4466 2666 4543 ult‘
2708 4472 2769 4511 se
2801 4452 3038 4543 vicissim
3072 4451 3243 4507 sacris
3272 4465 3357 4503 rc-

1700 4524 2029 4599 Dcre'arent
2066 4524 2334 4604 alloquiis.
2385 4531 2537 4604 Unde
2583 4527 2757 4604 adhuc
2803 4524 2963 4579 hodie
3007 4528 3355 4602 monumenta

1783 4591 2151 4669 indignamur
2189 4591 2249 4660 Β.
2294 4602 2555 4673 Dionysii,
2588 4597 2830 4673 publica_,
2867 4608 2987 4663 quae
3015 4591 3139 4671 ejus
3158 4604 3223 4642 ex
3259 4603 3358 4642 n0-

1780 4686 1924 4739 mine
1955 4688 2202 4740 vocatur,
2228 4675 2335 4739 via,
2366 4661 2465 4745 per
2485 4661 2677 4745 quam,
2710 4676 2768 4745 ut
2796 4661 2990 4727 fertur,
3019 4661 3206 4715 venire
3220 4674 3359 4745 con-

1781 4760 2032 4810 sueverat
2057 4728 2299 4803 summus
2323 4728 2565 4815 pontifex
2586 4778 2601 4802 ,
2641 4728 2702 4791 ut
2734 4737 2830 4791 has
2857 4750 2952 4791 sua
2982 4728 3268 4815 praesentia
3300 4729 3361 4782 il-

1781 4826 2034 4880 lustraret
2059 4799 2269 4890 partes,
2306 4799 2659 4890 {auctumque
2689 4821 2873 4862 senem
2903 4814 2959 4859 et
2984 4799 3363 4880 beatissimum

1780 4870 2218 4950 Lu'cianumrsuo
2254 4870 2526 4940 refoveret
2561 4870 2803 4947 aspectu,
2848 4886 2908 4950 et
2948 4870 3154 4950 pariter
3192 4883 3368 4945 quan-

1784 4940 2641 5037 tis-per-vdecertannt‘escurabant
2674 4940 2842 5030 verbo
2886 4940 3157 5002 feritatem
3191 4940 3374 5007 genti-

1784 5020 1916 5091 liu'm
1945 5031 2010 5087 ad
2039 5029 2152 5084 veri
2180 5026 2274 5096 Dei
2307 5028 2542 5096 dirigere
2565 5020 2904 5096 servitutem.
2935 5038 2984 5096 »-
3079 5080 3091 5092 .
3256 5077 3304 5096 ,ι
3355 5044 3376 5075 ,

1864 5077 2484 5144 ξ”ἄεῖηὲῖεξιὶὲῐὶὲξιῖεὶῖἶὲίέί
2518 5090 2741 5144 traditio
2767 5099 2871 5144 est.
2907 5086 3053 5144 aedes
3079 5080 3134 5135 in
3179 5077 3383 5144 quibus
