  <div class='ocr_page' id='page_1' title='image "/cluster/home/n/w/nwhite01/storage/ocr_20150623/124/hvd.32044011218096/565.png"; bbox 0 0 3904 5304; ppageno 0'>
   <div class='ocr_carea' id='block_1_1' title="bbox 609 350 750 407">
    <p class='ocr_par' dir='ltr' id='par_1_1' title="bbox 609 350 750 407">
     <span class='ocr_line' id='line_1_1' title="bbox 609 350 750 407; baseline -0.007 0"><span class='ocrx_word' id='word_1_1' title='bbox 609 350 750 407; x_wconf 72' lang='lat' dir='ltr'><strong>l|i9</strong></span> 
     </span>
    </p>
   </div>
   <div class='ocr_carea' id='block_1_2' title="bbox 1608 342 2805 403">
    <p class='ocr_par' dir='ltr' id='par_1_2' title="bbox 1608 342 2805 403">
     <span class='ocr_line' id='line_1_2' title="bbox 1608 342 2805 403; baseline 0.003 -4"><span class='ocrx_word' id='word_1_2' title='bbox 1608 342 1862 399; x_wconf 75' lang='lat' dir='ltr'><strong>ODONIS</strong></span> <span class='ocrx_word' id='word_1_3' title='bbox 1902 342 2464 401; x_wconf 69' lang='lat' dir='ltr'><strong>BELLOVACENSIS</strong></span> <span class='ocrx_word' id='word_1_4' title='bbox 2503 345 2805 403; x_wconf 76' lang='lat' dir='ltr'><strong>EPiSCOPl</strong></span> 
     </span>
    </p>
   </div>
   <div class='ocr_carea' id='block_1_3' title="bbox 3690 354 3777 412">
    <p class='ocr_par' dir='ltr' id='par_1_3' title="bbox 3690 354 3777 412">
     <span class='ocr_line' id='line_1_3' title="bbox 3690 354 3777 412; baseline 0.046 -4"><span class='ocrx_word' id='word_1_5' title='bbox 3690 354 3777 412; x_wconf 69' lang='lat'><strong>“20</strong></span> 
     </span>
    </p>
   </div>
   <div class='ocr_carea' id='block_1_4' title="bbox 609 455 3781 531">
    <p class='ocr_par' dir='ltr' id='par_1_4' title="bbox 609 455 3781 531">
     <span class='ocr_line' id='line_1_4' title="bbox 609 455 3781 531; baseline 0 -13"><span class='ocrx_word' id='word_1_6' title='bbox 609 462 806 527; x_wconf 85' lang='lat' dir='ltr'><strong>movit,</strong></span> <span class='ocrx_word' id='word_1_7' title='bbox 834 469 892 516; x_wconf 91' lang='lat' dir='ltr'><strong>ut</strong></span> <span class='ocrx_word' id='word_1_8' title='bbox 931 459 1235 528; x_wconf 91' lang='lat' dir='ltr'><strong>ubicunque</strong></span> <span class='ocrx_word' id='word_1_9' title='bbox 1269 457 1321 511; x_wconf 91' lang='lat' dir='ltr'><strong>in</strong></span> <span class='ocrx_word' id='word_1_10' title='bbox 1345 456 1596 511; x_wconf 86' lang='lat' dir='ltr'><strong>universo</strong></span> <span class='ocrx_word' id='word_1_11' title='bbox 1629 456 1772 511; x_wconf 88' lang='lat' dir='ltr'><strong>Orbe</strong></span> <span class='ocrx_word' id='word_1_12' title='bbox 1799 471 2021 510; x_wconf 91' lang='lat' dir='ltr'><strong>romano</strong></span> <span class='ocrx_word' id='word_1_13' title='bbox 2040 455 2191 509; x_wconf 77' lang='lat' dir='ltr'><strong>Chri-</strong></span> <span class='ocrx_word' id='word_1_14' title='bbox 2218 463 2267 522; x_wconf 78' lang='grc' dir='ltr'><strong>Α</strong></span> <span class='ocrx_word' id='word_1_15' title='bbox 2294 457 2582 512; x_wconf 68' lang='lat' dir='ltr'><strong>ineffabilia</strong></span> <span class='ocrx_word' id='word_1_16' title='bbox 2615 460 2764 513; x_wconf 92' lang='lat' dir='ltr'><strong>vobis</strong></span> <span class='ocrx_word' id='word_1_17' title='bbox 2796 460 3011 529; x_wconf 75' lang='lat' dir='ltr'><strong>przemia</strong></span> <span class='ocrx_word' id='word_1_18' title='bbox 3047 467 3383 531; x_wconf 61' lang='lat' dir='ltr'><strong>praeparata;</strong></span> <span class='ocrx_word' id='word_1_19' title='bbox 3428 460 3495 515; x_wconf 90' lang='lat' dir='ltr'><strong>ad</strong></span> <span class='ocrx_word' id='word_1_20' title='bbox 3525 476 3631 531; x_wconf 70' lang='lat' dir='ltr'><strong>qua</strong></span> <span class='ocrx_word' id='word_1_21' title='bbox 3661 464 3781 520; x_wconf 67' lang='lat' dir='ltr'><strong>ireia.</strong></span> 
     </span>
    </p>
   </div>
   <div class='ocr_carea' id='block_1_5' title="bbox 610 548 2193 619">
    <p class='ocr_par' dir='ltr' id='par_1_5' title="bbox 610 548 2193 619">
     <span class='ocr_line' id='line_1_5' title="bbox 610 548 2193 619; baseline -0.004 -11"><span class='ocrx_word' id='word_1_22' title='bbox 610 553 771 608; x_wconf 82' lang='lat' dir='ltr'><strong>stiani</strong></span> <span class='ocrx_word' id='word_1_23' title='bbox 804 552 1197 615; x_wconf 79' lang='lat' dir='ltr'><strong>invenirentur,</strong></span> <span class='ocrx_word' id='word_1_24' title='bbox 1235 557 1450 619; x_wconf 86' lang='lat' dir='ltr'><strong>cogeret</strong></span> <span class='ocrx_word' id='word_1_25' title='bbox 1474 558 1565 603; x_wconf 86' lang='lat' dir='ltr'><strong>aut</strong></span> <span class='ocrx_word' id='word_1_26' title='bbox 1591 549 1693 603; x_wconf 88' lang='lat' dir='ltr'><strong>diis</strong></span> <span class='ocrx_word' id='word_1_27' title='bbox 1718 548 2059 613; x_wconf 79' lang='lat' dir='ltr'><strong>sacrificare,</strong></span> <span class='ocrx_word' id='word_1_28' title='bbox 2098 558 2193 602; x_wconf 87' lang='lat' dir='ltr'><strong>aut</strong></span> 
     </span>
    </p>
   </div>
   <div class='ocr_carea' id='block_1_6' title="bbox 612 639 2193 701">
    <p class='ocr_par' dir='ltr' id='par_1_6' title="bbox 612 639 2193 701">
     <span class='ocr_line' id='line_1_6' title="bbox 612 639 2193 701; baseline -0.005 0"><span class='ocrx_word' id='word_1_29' title='bbox 612 644 843 701; x_wconf 80' lang='lat' dir='ltr'><strong>diversis</strong></span> <span class='ocrx_word' id='word_1_30' title='bbox 867 642 1199 698; x_wconf 73' lang='lat' dir='ltr'><strong>cruciatibus</strong></span> <span class='ocrx_word' id='word_1_31' title='bbox 1234 641 1457 696; x_wconf 75' lang='lat' dir='ltr'><strong>allectos</strong></span> <span class='ocrx_word' id='word_1_32' title='bbox 1493 639 1785 696; x_wconf 85' lang='lat' dir='ltr'><strong>crudeliter</strong></span> <span class='ocrx_word' id='word_1_33' title='bbox 1821 639 2071 696; x_wconf 78' lang='lat' dir='ltr'><strong>interfici.</strong></span> <span class='ocrx_word' id='word_1_34' title='bbox 2114 640 2193 694; x_wconf 80' lang='lat' dir='ltr'><strong>Ex</strong></span> 
     </span>
    </p>
   </div>
   <div class='ocr_carea' id='block_1_7' title="bbox 611 732 2197 807">
    <p class='ocr_par' dir='ltr' id='par_1_7' title="bbox 611 732 2197 807">
     <span class='ocr_line' id='line_1_7' title="bbox 611 732 2197 807; baseline -0.003 -16"><span class='ocrx_word' id='word_1_35' title='bbox 611 752 721 807; x_wconf 88' lang='lat' dir='ltr'><strong>quo</strong></span> <span class='ocrx_word' id='word_1_36' title='bbox 744 752 843 806; x_wconf 91' lang='lat' dir='ltr'><strong>per</strong></span> <span class='ocrx_word' id='word_1_37' title='bbox 867 744 1035 789; x_wconf 93' lang='lat' dir='ltr'><strong>totum</strong></span> <span class='ocrx_word' id='word_1_38' title='bbox 1061 733 1161 788; x_wconf 89' lang='lat' dir='ltr'><strong>sibi</strong></span> <span class='ocrx_word' id='word_1_39' title='bbox 1194 732 1497 802; x_wconf 73' lang='lat' dir='ltr'><strong>subjectum</strong></span> <span class='ocrx_word' id='word_1_40' title='bbox 1526 734 1712 789; x_wconf 85' lang='lat' dir='ltr'><strong>orbem</strong></span> <span class='ocrx_word' id='word_1_41' title='bbox 1743 734 1794 786; x_wconf 93' lang='lat' dir='ltr'><strong>in</strong></span> <span class='ocrx_word' id='word_1_42' title='bbox 1822 734 2033 788; x_wconf 78' lang='lat' dir='ltr'><strong>cunctis</strong></span> <span class='ocrx_word' id='word_1_43' title='bbox 2063 732 2197 788; x_wconf 84' lang='lat' dir='ltr'><strong>civi-</strong></span> 
     </span>
    </p>
   </div>
   <div class='ocr_carea' id='block_1_8' title="bbox 613 825 2198 897">
    <p class='ocr_par' dir='ltr' id='par_1_8' title="bbox 613 825 2198 897">
     <span class='ocr_line' id='line_1_8' title="bbox 613 825 2198 897; baseline -0.004 -14"><span class='ocrx_word' id='word_1_44' title='bbox 613 829 846 890; x_wconf 86' lang='lat' dir='ltr'><strong>tatibus,</strong></span> <span class='ocrx_word' id='word_1_45' title='bbox 891 825 1137 897; x_wconf 75' lang='lat' dir='ltr'><strong>oppidis,</strong></span> <span class='ocrx_word' id='word_1_46' title='bbox 1184 825 1492 895; x_wconf 84' lang='lat' dir='ltr'><strong>municipiis</strong></span> <span class='ocrx_word' id='word_1_47' title='bbox 1522 840 1737 894; x_wconf 88' lang='lat' dir='ltr'><strong>quoque</strong></span> <span class='ocrx_word' id='word_1_48' title='bbox 1768 833 1823 880; x_wconf 87' lang='lat' dir='ltr'><strong>et</strong></span> <span class='ocrx_word' id='word_1_49' title='bbox 1852 825 1984 879; x_wconf 87' lang='lat' dir='ltr'><strong>vicis</strong></span> <span class='ocrx_word' id='word_1_50' title='bbox 2024 825 2198 895; x_wconf 89' lang='lat' dir='ltr'><strong>publi-</strong></span> 
     </span>
    </p>
   </div>
   <div class='ocr_carea' id='block_1_9' title="bbox 611 915 2200 987">
    <p class='ocr_par' dir='ltr' id='par_1_9' title="bbox 611 915 2200 987">
     <span class='ocr_line' id='line_1_9' title="bbox 611 915 2200 987; baseline -0.001 -15"><span class='ocrx_word' id='word_1_51' title='bbox 611 935 734 973; x_wconf 88' lang='lat' dir='ltr'><strong>cum</strong></span> <span class='ocrx_word' id='word_1_52' title='bbox 768 918 1022 987; x_wconf 82' lang='lat' dir='ltr'><strong>pependit</strong></span> <span class='ocrx_word' id='word_1_53' title='bbox 1053 916 1289 970; x_wconf 86' lang='lat' dir='ltr'><strong>edictum</strong></span> <span class='ocrx_word' id='word_1_54' title='bbox 1314 957 1328 981; x_wconf 92' lang='lat'><strong>,</strong></span> <span class='ocrx_word' id='word_1_55' title='bbox 1373 924 1432 970; x_wconf 89' lang='lat' dir='ltr'><strong>ut</strong></span> <span class='ocrx_word' id='word_1_56' title='bbox 1474 931 1665 971; x_wconf 86' lang='lat' dir='ltr'><strong>omnes</strong></span> <span class='ocrx_word' id='word_1_57' title='bbox 1725 915 1958 971; x_wconf 84' lang='lat' dir='ltr'><strong>ministri</strong></span> <span class='ocrx_word' id='word_1_58' title='bbox 2001 915 2200 986; x_wconf 81' lang='lat' dir='ltr'><strong>Reipu-</strong></span> 
     </span>
    </p>
   </div>
   <div class='ocr_carea' id='block_1_10' title="bbox 612 1009 2201 1079">
    <p class='ocr_par' dir='ltr' id='par_1_10' title="bbox 612 1009 2201 1079">
     <span class='ocr_line' id='line_1_10' title="bbox 612 1009 2201 1079; baseline -0.001 -11"><span class='ocrx_word' id='word_1_59' title='bbox 612 1012 767 1068; x_wconf 71' lang='lat' dir='ltr'><strong>blicre</strong></span> <span class='ocrx_word' id='word_1_60' title='bbox 796 1009 1137 1065; x_wconf 78' lang='lat' dir='ltr'><strong>Christianos</strong></span> <span class='ocrx_word' id='word_1_61' title='bbox 1171 1010 1315 1064; x_wconf 89' lang='lat' dir='ltr'><strong>idola</strong></span> <span class='ocrx_word' id='word_1_62' title='bbox 1354 1009 1535 1064; x_wconf 88' lang='lat' dir='ltr'><strong>colere</strong></span> <span class='ocrx_word' id='word_1_63' title='bbox 1574 1009 1996 1079; x_wconf 89' lang='lat' dir='ltr'><strong>compellerent,</strong></span> <span class='ocrx_word' id='word_1_64' title='bbox 2031 1021 2088 1066; x_wconf 89' lang='lat' dir='ltr'><strong>et</strong></span> <span class='ocrx_word' id='word_1_65' title='bbox 2112 1026 2201 1065; x_wconf 86' lang='lat' dir='ltr'><strong>sa-</strong></span> 
     </span>
    </p>
   </div>
   <div class='ocr_carea' id='block_1_11' title="bbox 612 1100 1956 1170">
    <p class='ocr_par' dir='ltr' id='par_1_11' title="bbox 612 1100 1956 1170">
     <span class='ocr_line' id='line_1_11' title="bbox 612 1100 1956 1170; baseline -0.001 -15"><span class='ocrx_word' id='word_1_66' title='bbox 612 1103 861 1155; x_wconf 78' lang='lat' dir='ltr'><strong>crificare</strong></span> <span class='ocrx_word' id='word_1_67' title='bbox 892 1101 1016 1165; x_wconf 84' lang='lat' dir='ltr'><strong>dits,</strong></span> <span class='ocrx_word' id='word_1_68' title='bbox 1043 1109 1135 1155; x_wconf 87' lang='lat' dir='ltr'><strong>aut</strong></span> <span class='ocrx_word' id='word_1_69' title='bbox 1158 1100 1389 1154; x_wconf 85' lang='lat' dir='ltr'><strong>diversis</strong></span> <span class='ocrx_word' id='word_1_70' title='bbox 1413 1100 1587 1170; x_wconf 75' lang='lat' dir='ltr'><strong>pmnis</strong></span> <span class='ocrx_word' id='word_1_71' title='bbox 1609 1100 1956 1169; x_wconf 83' lang='lat' dir='ltr'><strong>perimerent.</strong></span> 
     </span>
    </p>
   </div>
   <div class='ocr_carea' id='block_1_12' title="bbox 690 1190 2202 1261">
    <p class='ocr_par' dir='ltr' id='par_1_12' title="bbox 690 1190 2202 1261">
     <span class='ocr_line' id='line_1_12' title="bbox 690 1190 2202 1261; baseline 0 -15"><span class='ocrx_word' id='word_1_72' title='bbox 690 1193 777 1246; x_wconf 74' lang='grc'><strong>12.</strong></span> <span class='ocrx_word' id='word_1_73' title='bbox 821 1192 1133 1260; x_wconf 84' lang='lat' dir='ltr'><strong>Diriguntur</strong></span> <span class='ocrx_word' id='word_1_74' title='bbox 1157 1191 1383 1260; x_wconf 84' lang='lat' dir='ltr'><strong>proinde</strong></span> <span class='ocrx_word' id='word_1_75' title='bbox 1423 1193 1529 1249; x_wconf 85' lang='lat' dir='ltr'><strong>huc</strong></span> <span class='ocrx_word' id='word_1_76' title='bbox 1572 1190 1805 1259; x_wconf 88' lang='lat' dir='ltr'><strong>illucque</strong></span> <span class='ocrx_word' id='word_1_77' title='bbox 1830 1199 2202 1261; x_wconf 84' lang='lat' dir='ltr'><strong>persecutores</strong></span> 
     </span>
    </p>
   </div>
   <div class='ocr_carea' id='block_1_13' title="bbox 616 1278 2204 1349">
    <p class='ocr_par' dir='ltr' id='par_1_13' title="bbox 616 1278 2204 1349">
     <span class='ocr_line' id='line_1_13' title="bbox 616 1278 2204 1349; baseline -0.003 -11"><span class='ocrx_word' id='word_1_78' title='bbox 616 1281 911 1338; x_wconf 71' lang='lat' dir='ltr'><strong>Christiani</strong></span> <span class='ocrx_word' id='word_1_79' title='bbox 952 1280 1218 1343; x_wconf 84' lang='lat' dir='ltr'><strong>nominis;</strong></span> <span class='ocrx_word' id='word_1_80' title='bbox 1252 1281 1391 1334; x_wconf 88' lang='lat' dir='ltr'><strong>inter</strong></span> <span class='ocrx_word' id='word_1_81' title='bbox 1417 1295 1555 1349; x_wconf 90' lang='lat' dir='ltr'><strong>quos</strong></span> <span class='ocrx_word' id='word_1_82' title='bbox 1585 1291 1611 1319; x_wconf 74' lang='grc' dir='ltr'>α</span> <span class='ocrx_word' id='word_1_83' title='bbox 1636 1279 2003 1334; x_wconf 87' lang='lat' dir='ltr'><strong>Fescenninus</strong></span> <span class='ocrx_word' id='word_1_84' title='bbox 2032 1278 2204 1334; x_wconf 84' lang='lat' dir='ltr'><strong>Sisin-</strong></span> 
     </span>
    </p>
   </div>
   <div class='ocr_carea' id='block_1_14' title="bbox 621 1368 2204 1438">
    <p class='ocr_par' dir='ltr' id='par_1_14' title="bbox 621 1368 2204 1438">
     <span class='ocr_line' id='line_1_14' title="bbox 621 1368 2204 1438; baseline -0.001 -13"><span class='ocrx_word' id='word_1_85' title='bbox 621 1372 746 1426; x_wconf 89' lang='lat' dir='ltr'><strong>nius</strong></span> <span class='ocrx_word' id='word_1_86' title='bbox 766 1370 832 1424; x_wconf 86' lang='lat' dir='ltr'><strong>ad</strong></span> <span class='ocrx_word' id='word_1_87' title='bbox 855 1368 1057 1423; x_wconf 80' lang='lat' dir='ltr'><strong>Gallias</strong></span> <span class='ocrx_word' id='word_1_88' title='bbox 1083 1384 1185 1423; x_wconf 91' lang='lat' dir='ltr'><strong>una</strong></span> <span class='ocrx_word' id='word_1_89' title='bbox 1216 1384 1341 1425; x_wconf 91' lang='lat' dir='ltr'><strong>cum</strong></span> <span class='ocrx_word' id='word_1_90' title='bbox 1368 1368 1588 1437; x_wconf 72' lang='lat' dir='ltr'><strong>reliquis</strong></span> <span class='ocrx_word' id='word_1_91' title='bbox 1613 1368 2013 1438; x_wconf 82' lang='lat' dir='ltr'><strong>apparitoribus</strong></span> <span class='ocrx_word' id='word_1_92' title='bbox 2052 1368 2204 1423; x_wconf 80' lang='lat' dir='ltr'><strong>ocius</strong></span> 
     </span>
    </p>
   </div>
   <div class='ocr_carea' id='block_1_15' title="bbox 620 1457 2204 1528">
    <p class='ocr_par' dir='ltr' id='par_1_15' title="bbox 620 1457 2204 1528">
     <span class='ocr_line' id='line_1_15' title="bbox 620 1457 2204 1528; baseline -0.001 -14"><span class='ocrx_word' id='word_1_93' title='bbox 620 1460 808 1515; x_wconf 84' lang='lat' dir='ltr'><strong>venire</strong></span> <span class='ocrx_word' id='word_1_94' title='bbox 848 1457 1102 1527; x_wconf 85' lang='lat' dir='ltr'><strong>jubetur,</strong></span> <span class='ocrx_word' id='word_1_95' title='bbox 1167 1460 1233 1515; x_wconf 87' lang='lat' dir='ltr'><strong>ad</strong></span> <span class='ocrx_word' id='word_1_96' title='bbox 1290 1457 1680 1528; x_wconf 89' lang='lat' dir='ltr'><strong>perquirendus</strong></span> <span class='ocrx_word' id='word_1_97' title='bbox 1726 1457 1927 1513; x_wconf 85' lang='lat' dir='ltr'><strong>Christi</strong></span> <span class='ocrx_word' id='word_1_98' title='bbox 1971 1457 2204 1523; x_wconf 85' lang='lat' dir='ltr'><strong>milites,</strong></span> 
     </span>
    </p>
   </div>
   <div class='ocr_carea' id='block_1_16' title="bbox 624 1550 2206 1622">
    <p class='ocr_par' dir='ltr' id='par_1_16' title="bbox 624 1550 2206 1622">
     <span class='ocr_line' id='line_1_16' title="bbox 624 1550 2206 1622; baseline -0.003 -15"><span class='ocrx_word' id='word_1_99' title='bbox 624 1552 859 1607; x_wconf 79' lang='lat' dir='ltr'><strong>maxime</strong></span> <span class='ocrx_word' id='word_1_100' title='bbox 914 1565 1010 1606; x_wconf 89' lang='lat' dir='ltr'><strong>eos</strong></span> <span class='ocrx_word' id='word_1_101' title='bbox 1065 1552 1159 1622; x_wconf 89' lang='lat' dir='ltr'><strong>qui</strong></span> <span class='ocrx_word' id='word_1_102' title='bbox 1204 1551 1375 1606; x_wconf 82' lang='lat' dir='ltr'><strong>Roma</strong></span> <span class='ocrx_word' id='word_1_103' title='bbox 1416 1550 1615 1620; x_wconf 79' lang='lat' dir='ltr'><strong>dudum</strong></span> <span class='ocrx_word' id='word_1_104' title='bbox 1656 1551 1932 1613; x_wconf 83' lang='lat' dir='ltr'><strong>exierant,</strong></span> <span class='ocrx_word' id='word_1_105' title='bbox 1975 1565 2206 1620; x_wconf 91' lang='lat' dir='ltr'><strong>quorum</strong></span> 
     </span>
    </p>
   </div>
   <div class='ocr_carea' id='block_1_17' title="bbox 624 1639 2209 1711">
    <p class='ocr_par' dir='ltr' id='par_1_17' title="bbox 624 1639 2209 1711">
     <span class='ocr_line' id='line_1_17' title="bbox 624 1639 2209 1711; baseline -0.002 -14"><span class='ocrx_word' id='word_1_106' title='bbox 624 1642 765 1697; x_wconf 85' lang='lat' dir='ltr'><strong>fama</strong></span> <span class='ocrx_word' id='word_1_107' title='bbox 788 1641 901 1709; x_wconf 88' lang='lat' dir='ltr'><strong>jam</strong></span> <span class='ocrx_word' id='word_1_108' title='bbox 927 1652 1277 1705; x_wconf 76' lang='lat' dir='ltr'><strong>excreverat,</strong></span> <span class='ocrx_word' id='word_1_109' title='bbox 1320 1650 1589 1711; x_wconf 86' lang='lat' dir='ltr'><strong>quatenus</strong></span> <span class='ocrx_word' id='word_1_110' title='bbox 1636 1655 1831 1695; x_wconf 90' lang='lat' dir='ltr'><strong>nomen</strong></span> <span class='ocrx_word' id='word_1_111' title='bbox 1875 1639 2209 1694; x_wconf 89' lang='lat' dir='ltr'><strong>Christiano-</strong></span> 
     </span>
    </p>
   </div>
   <div class='ocr_carea' id='block_1_18' title="bbox 623 1730 2208 1802">
    <p class='ocr_par' dir='ltr' id='par_1_18' title="bbox 623 1730 2208 1802">
     <span class='ocr_line' id='line_1_18' title="bbox 623 1730 2208 1802; baseline -0.003 -14"><span class='ocrx_word' id='word_1_112' title='bbox 623 1750 743 1788; x_wconf 88' lang='lat' dir='ltr'><strong>rum</strong></span> <span class='ocrx_word' id='word_1_113' title='bbox 782 1750 814 1788; x_wconf 90' lang='lat' dir='ltr'><strong>a</strong></span> <span class='ocrx_word' id='word_1_114' title='bbox 843 1733 1031 1788; x_wconf 88' lang='lat' dir='ltr'><strong>Galliis</strong></span> <span class='ocrx_word' id='word_1_115' title='bbox 1065 1733 1345 1802; x_wconf 85' lang='lat' dir='ltr'><strong>pellerent.</strong></span> <span class='ocrx_word' id='word_1_116' title='bbox 1389 1731 1540 1786; x_wconf 86' lang='lat' dir='ltr'><strong>Tunc</strong></span> <span class='ocrx_word' id='word_1_117' title='bbox 1577 1730 1844 1799; x_wconf 88' lang='lat' dir='ltr'><strong>siquidem</strong></span> <span class='ocrx_word' id='word_1_118' title='bbox 1888 1730 2040 1785; x_wconf 84' lang='lat' dir='ltr'><strong>missi</strong></span> <span class='ocrx_word' id='word_1_119' title='bbox 2082 1737 2208 1785; x_wconf 86' lang='lat' dir='ltr'><strong>sunt</strong></span> 
     </span>
    </p>
   </div>
   <div class='ocr_carea' id='block_1_19' title="bbox 2296 547 3780 621">
    <p class='ocr_par' dir='ltr' id='par_1_19' title="bbox 2296 547 3780 621">
     <span class='ocr_line' id='line_1_19' title="bbox 2296 547 3780 621; baseline 0.006 -21"><span class='ocrx_word' id='word_1_120' title='bbox 2296 548 2538 617; x_wconf 89' lang='lat' dir='ltr'><strong>trepidus</strong></span> <span class='ocrx_word' id='word_1_121' title='bbox 2561 547 2779 613; x_wconf 80' lang='lat' dir='ltr'><strong>festino,</strong></span> <span class='ocrx_word' id='word_1_122' title='bbox 2809 557 2863 603; x_wconf 90' lang='lat' dir='ltr'><strong>et</strong></span> <span class='ocrx_word' id='word_1_123' title='bbox 2890 548 3011 603; x_wconf 88' lang='lat' dir='ltr'><strong>ideo</strong></span> <span class='ocrx_word' id='word_1_124' title='bbox 3036 550 3298 604; x_wconf 65' lang='lat' dir='ltr'><strong>saevitiam</strong></span> <span class='ocrx_word' id='word_1_125' title='bbox 3327 560 3697 621; x_wconf 83' lang='lat' dir='ltr'><strong>persecutorum</strong></span> <span class='ocrx_word' id='word_1_126' title='bbox 3717 573 3780 610; x_wconf 74' lang='lat' dir='ltr'><strong>non</strong></span> 
     </span>
    </p>
   </div>
   <div class='ocr_carea' id='block_1_20' title="bbox 2294 637 3780 707">
    <p class='ocr_par' dir='ltr' id='par_1_20' title="bbox 2294 637 3780 707">
     <span class='ocr_line' id='line_1_20' title="bbox 2294 637 3780 707; baseline 0.004 -16"><span class='ocrx_word' id='word_1_127' title='bbox 2294 638 2637 707; x_wconf 88' lang='lat' dir='ltr'><strong>pertimesco.</strong></span> <span class='ocrx_word' id='word_1_128' title='bbox 2680 637 2775 693; x_wconf 89' lang='lat' dir='ltr'><strong>llis</strong></span> <span class='ocrx_word' id='word_1_129' title='bbox 2802 639 2873 693; x_wconf 90' lang='lat' dir='ltr'><strong>ita</strong></span> <span class='ocrx_word' id='word_1_130' title='bbox 2885 638 3085 706; x_wconf 83' lang='lat' dir='ltr'><strong>.dictis,</strong></span> <span class='ocrx_word' id='word_1_131' title='bbox 3121 640 3347 695; x_wconf 87' lang='lat' dir='ltr'><strong>elevatis</strong></span> <span class='ocrx_word' id='word_1_132' title='bbox 3370 640 3541 695; x_wconf 89' lang='lat' dir='ltr'><strong>oculis</strong></span> <span class='ocrx_word' id='word_1_133' title='bbox 3567 642 3613 695; x_wconf 88' lang='lat' dir='ltr'><strong>in</strong></span> <span class='ocrx_word' id='word_1_134' title='bbox 3636 645 3780 707; x_wconf 62' lang='lat' dir='ltr'><strong>edam,</strong></span> 
     </span>
    </p>
   </div>
   <div class='ocr_carea' id='block_1_21' title="bbox 2295 730 3781 806">
    <p class='ocr_par' dir='ltr' id='par_1_21' title="bbox 2295 730 3781 806">
     <span class='ocr_line' id='line_1_21' title="bbox 2295 730 3781 806; baseline 0.007 -23"><span class='ocrx_word' id='word_1_135' title='bbox 2295 730 2499 801; x_wconf 79' lang='lat' dir='ltr'><strong>gratias</strong></span> <span class='ocrx_word' id='word_1_136' title='bbox 2524 731 2634 802; x_wconf 91' lang='lat' dir='ltr'><strong>egit</strong></span> <span class='ocrx_word' id='word_1_137' title='bbox 2662 732 2771 785; x_wconf 86' lang='lat' dir='ltr'><strong>Deo</strong></span> <span class='ocrx_word' id='word_1_138' title='bbox 2798 747 2981 786; x_wconf 91' lang='lat' dir='ltr'><strong>coram</strong></span> <span class='ocrx_word' id='word_1_139' title='bbox 3016 734 3268 787; x_wconf 91' lang='lat' dir='ltr'><strong>omnibus</strong></span> <span class='ocrx_word' id='word_1_140' title='bbox 3290 772 3306 799; x_wconf 90' lang='lat'><strong>,</strong></span> <span class='ocrx_word' id='word_1_141' title='bbox 3342 734 3436 803; x_wconf 91' lang='lat' dir='ltr'><strong>qui</strong></span> <span class='ocrx_word' id='word_1_142' title='bbox 3468 749 3583 788; x_wconf 87' lang='lat' dir='ltr'><strong>eum</strong></span> <span class='ocrx_word' id='word_1_143' title='bbox 3614 736 3781 806; x_wconf 62' lang='lat' dir='ltr'><strong>dignatas</strong></span> 
     </span>
    </p>
   </div>
   <div class='ocr_carea' id='block_1_22' title="bbox 2297 825 3782 895">
    <p class='ocr_par' dir='ltr' id='par_1_22' title="bbox 2297 825 3782 895">
     <span class='ocr_line' id='line_1_22' title="bbox 2297 825 3782 895; baseline 0.004 -18"><span class='ocrx_word' id='word_1_144' title='bbox 2297 831 2381 877; x_wconf 89' lang='lat' dir='ltr'><strong>est</strong></span> <span class='ocrx_word' id='word_1_145' title='bbox 2408 833 2721 894; x_wconf 88' lang='lat' dir='ltr'><strong>computare</strong></span> <span class='ocrx_word' id='word_1_146' title='bbox 2764 838 2886 878; x_wconf 90' lang='lat' dir='ltr'><strong>cum</strong></span> <span class='ocrx_word' id='word_1_147' title='bbox 2933 826 3139 879; x_wconf 83' lang='lat' dir='ltr'><strong>sanctis</strong></span> <span class='ocrx_word' id='word_1_148' title='bbox 3186 825 3549 895; x_wconf 83' lang='lat' dir='ltr'><strong>martyribus,</strong></span> <span class='ocrx_word' id='word_1_149' title='bbox 3584 835 3629 881; x_wconf 87' lang='lat' dir='ltr'><strong>et</strong></span> <span class='ocrx_word' id='word_1_150' title='bbox 3662 843 3685 881; x_wconf 80' lang='lat' dir='ltr'><strong>a</strong></span> <span class='ocrx_word' id='word_1_151' title='bbox 3716 831 3782 883; x_wconf 82' lang='lat' dir='ltr'><strong>suis</strong></span> 
     </span>
    </p>
   </div>
   <div class='ocr_carea' id='block_1_23' title="bbox 2299 914 3781 990">
    <p class='ocr_par' dir='ltr' id='par_1_23' title="bbox 2299 914 3781 990">
     <span class='ocr_line' id='line_1_23' title="bbox 2299 914 3781 990; baseline 0.002 -22"><span class='ocrx_word' id='word_1_152' title='bbox 2299 914 2503 968; x_wconf 85' lang='lat' dir='ltr'><strong>sanctis</strong></span> <span class='ocrx_word' id='word_1_153' title='bbox 2533 914 2694 968; x_wconf 90' lang='lat' dir='ltr'><strong>sociis</strong></span> <span class='ocrx_word' id='word_1_154' title='bbox 2725 931 2830 968; x_wconf 91' lang='lat' dir='ltr'><strong>non</strong></span> <span class='ocrx_word' id='word_1_155' title='bbox 2856 915 3116 970; x_wconf 89' lang='lat' dir='ltr'><strong>dividere.</strong></span> <span class='ocrx_word' id='word_1_156' title='bbox 3146 915 3388 982; x_wconf 82' lang='lat' dir='ltr'><strong>Gratias,</strong></span> <span class='ocrx_word' id='word_1_157' title='bbox 3418 916 3599 986; x_wconf 86' lang='lat' dir='ltr'><strong>inquit,</strong></span> <span class='ocrx_word' id='word_1_158' title='bbox 3619 918 3691 971; x_wconf 88' lang='lat' dir='ltr'><strong>tibi</strong></span> <span class='ocrx_word' id='word_1_159' title='bbox 3709 934 3781 990; x_wconf 69' lang='lat' dir='ltr'><strong>ago,</strong></span> 
     </span>
    </p>
   </div>
   <div class='ocr_carea' id='block_1_24' title="bbox 2298 1003 3777 1075">
    <p class='ocr_par' dir='ltr' id='par_1_24' title="bbox 2298 1003 3777 1075">
     <span class='ocr_line' id='line_1_24' title="bbox 2298 1003 3777 1075; baseline 0.003 -17"><span class='ocrx_word' id='word_1_160' title='bbox 2298 1003 2525 1058; x_wconf 91' lang='lat' dir='ltr'><strong>Domine</strong></span> <span class='ocrx_word' id='word_1_161' title='bbox 2566 1003 2691 1058; x_wconf 77' lang='lat' dir='ltr'><strong>Jesu</strong></span> <span class='ocrx_word' id='word_1_162' title='bbox 2718 1004 2952 1070; x_wconf 82' lang='lat' dir='ltr'><strong>Christe,</strong></span> <span class='ocrx_word' id='word_1_163' title='bbox 2985 1004 3084 1060; x_wconf 84' lang='lat' dir='ltr'><strong>Fili</strong></span> <span class='ocrx_word' id='word_1_164' title='bbox 3129 1006 3220 1061; x_wconf 67' lang='lat' dir='ltr'><strong>ltei</strong></span> <span class='ocrx_word' id='word_1_165' title='bbox 3274 1005 3411 1073; x_wconf 85' lang='lat' dir='ltr'><strong>vivi,</strong></span> <span class='ocrx_word' id='word_1_166' title='bbox 3444 1007 3528 1075; x_wconf 88' lang='lat' dir='ltr'><strong>qui</strong></span> <span class='ocrx_word' id='word_1_167' title='bbox 3554 1021 3627 1062; x_wconf 88' lang='lat' dir='ltr'><strong>me</strong></span> <span class='ocrx_word' id='word_1_168' title='bbox 3646 1010 3777 1064; x_wconf 79' lang='lat' dir='ltr'><strong>cumll</strong></span> 
     </span>
    </p>
   </div>
   <div class='ocr_carea' id='block_1_25' title="bbox 2300 1094 3783 1167">
    <p class='ocr_par' dir='ltr' id='par_1_25' title="bbox 2300 1094 3783 1167">
     <span class='ocr_line' id='line_1_25' title="bbox 2300 1094 3783 1167; baseline 0.002 -17"><span class='ocrx_word' id='word_1_169' title='bbox 2300 1094 2560 1166; x_wconf 81' lang='lat' dir='ltr'><strong>Dionysio</strong></span> <span class='ocrx_word' id='word_1_170' title='bbox 2594 1095 2816 1167; x_wconf 82' lang='lat' dir='ltr'><strong>ejusque</strong></span> <span class='ocrx_word' id='word_1_171' title='bbox 2846 1099 3005 1154; x_wconf 90' lang='lat' dir='ltr'><strong>sociis</strong></span> <span class='ocrx_word' id='word_1_172' title='bbox 3031 1099 3084 1153; x_wconf 90' lang='lat' dir='ltr'><strong>in</strong></span> <span class='ocrx_word' id='word_1_173' title='bbox 3115 1099 3222 1152; x_wconf 82' lang='lat' dir='ltr'><strong>fine</strong></span> <span class='ocrx_word' id='word_1_174' title='bbox 3248 1099 3595 1163; x_wconf 89' lang='lat' dir='ltr'><strong>consociasti,</strong></span> <span class='ocrx_word' id='word_1_175' title='bbox 3625 1109 3670 1153; x_wconf 86' lang='lat' dir='ltr'><strong>et</strong></span> <span class='ocrx_word' id='word_1_176' title='bbox 3698 1102 3783 1153; x_wconf 69' lang='lat' dir='ltr'><strong>hbe-</strong></span> 
     </span>
    </p>
   </div>
   <div class='ocr_carea' id='block_1_26' title="bbox 2303 1186 3780 1261">
    <p class='ocr_par' dir='ltr' id='par_1_26' title="bbox 2303 1186 3780 1261">
     <span class='ocr_line' id='line_1_26' title="bbox 2303 1186 3780 1261; baseline 0.003 -20"><span class='ocrx_word' id='word_1_177' title='bbox 2303 1186 2454 1242; x_wconf 89' lang='lat' dir='ltr'><strong>ribus</strong></span> <span class='ocrx_word' id='word_1_178' title='bbox 2478 1190 2787 1257; x_wconf 67' lang='lat' dir='ltr'><strong>comquasti.</strong></span> <span class='ocrx_word' id='word_1_179' title='bbox 2816 1189 2967 1245; x_wconf 91' lang='lat' dir='ltr'><strong>Unde</strong></span> <span class='ocrx_word' id='word_1_180' title='bbox 2994 1197 3118 1261; x_wconf 86' lang='lat' dir='ltr'><strong>peto</strong></span> <span class='ocrx_word' id='word_1_181' title='bbox 3149 1198 3206 1244; x_wconf 92' lang='lat' dir='ltr'><strong>ut</strong></span> <span class='ocrx_word' id='word_1_182' title='bbox 3236 1206 3326 1245; x_wconf 92' lang='lat' dir='ltr'><strong>me</strong></span> <span class='ocrx_word' id='word_1_183' title='bbox 3355 1190 3584 1261; x_wconf 81' lang='lat' dir='ltr'><strong>digneris</strong></span> <span class='ocrx_word' id='word_1_184' title='bbox 3606 1191 3649 1245; x_wconf 79' lang='lat' dir='ltr'><strong>i‘n</strong></span> <span class='ocrx_word' id='word_1_185' title='bbox 3668 1206 3780 1246; x_wconf 70' lang='lat' dir='ltr'><strong>ma</strong></span> 
     </span>
    </p>
   </div>
   <div class='ocr_carea' id='block_1_27' title="bbox 2303 1279 3721 1350">
    <p class='ocr_par' dir='ltr' id='par_1_27' title="bbox 2303 1279 3721 1350">
     <span class='ocr_line' id='line_1_27' title="bbox 2303 1279 3721 1350; baseline 0.001 -20"><span class='ocrx_word' id='word_1_186' title='bbox 2303 1289 2531 1331; x_wconf 88' lang='lat' dir='ltr'><strong>numero</strong></span> <span class='ocrx_word' id='word_1_187' title='bbox 2557 1287 2892 1347; x_wconf 83' lang='lat' dir='ltr'><strong>computare,</strong></span> <span class='ocrx_word' id='word_1_188' title='bbox 2928 1288 2984 1334; x_wconf 94' lang='lat' dir='ltr'><strong>et</strong></span> <span class='ocrx_word' id='word_1_189' title='bbox 3015 1280 3163 1350; x_wconf 84' lang='lat' dir='ltr'><strong>regni</strong></span> <span class='ocrx_word' id='word_1_190' title='bbox 3196 1279 3270 1333; x_wconf 90' lang='lat' dir='ltr'><strong>tui</strong></span> <span class='ocrx_word' id='word_1_191' title='bbox 3303 1289 3600 1334; x_wconf 87' lang='lat' dir='ltr'><strong>consortem</strong></span> <span class='ocrx_word' id='word_1_192' title='bbox 3626 1280 3721 1333; x_wconf 81' lang='lat' dir='ltr'><strong>fieri.</strong></span> 
     </span>
    </p>
   </div>
   <div class='ocr_carea' id='block_1_28' title="bbox 2378 1365 3781 1442">
    <p class='ocr_par' dir='ltr' id='par_1_28' title="bbox 2378 1365 3781 1442">
     <span class='ocr_line' id='line_1_28' title="bbox 2378 1365 3781 1442; baseline 0.004 -21"><span class='ocrx_word' id='word_1_193' title='bbox 2378 1365 2464 1421; x_wconf 77' lang='grc' dir='ltr'><strong>Η.</strong></span> <span class='ocrx_word' id='word_1_194' title='bbox 2490 1366 2694 1435; x_wconf 88' lang='lat' dir='ltr'><strong>Quibus</strong></span> <span class='ocrx_word' id='word_1_195' title='bbox 2722 1368 2793 1425; x_wconf 88' lang='lat' dir='ltr'><strong>ita</strong></span> <span class='ocrx_word' id='word_1_196' title='bbox 2819 1370 3104 1440; x_wconf 86' lang='lat' dir='ltr'><strong>peroratis,</strong></span> <span class='ocrx_word' id='word_1_197' title='bbox 3128 1385 3389 1442; x_wconf 83' lang='lat' dir='ltr'><strong>egressus</strong></span> <span class='ocrx_word' id='word_1_198' title='bbox 3413 1370 3481 1424; x_wconf 88' lang='lat' dir='ltr'><strong>ab</strong></span> <span class='ocrx_word' id='word_1_199' title='bbox 3504 1372 3620 1425; x_wconf 86' lang='lat' dir='ltr'><strong>urbe</strong></span> <span class='ocrx_word' id='word_1_200' title='bbox 3640 1370 3781 1427; x_wconf 64' lang='lat' dir='ltr'><strong>Belum</strong></span> 
     </span>
    </p>
   </div>
   <div class='ocr_carea' id='block_1_29' title="bbox 2299 1448 3783 1530">
    <p class='ocr_par' dir='ltr' id='par_1_29' title="bbox 2299 1448 3783 1530">
     <span class='ocr_line' id='line_1_29' title="bbox 2299 1448 3783 1530; baseline 0.003 -20"><span class='ocrx_word' id='word_1_201' title='bbox 2299 1454 2454 1526; x_wconf 83' lang='lat' dir='ltr'><strong>juxta</strong></span> <span class='ocrx_word' id='word_1_202' title='bbox 2494 1457 2704 1512; x_wconf 89' lang='lat' dir='ltr'><strong>Domini</strong></span> <span class='ocrx_word' id='word_1_203' title='bbox 2738 1469 3061 1530; x_wconf 83' lang='lat' dir='ltr'><strong>praeceptum</strong></span> <span class='ocrx_word' id='word_1_204' title='bbox 3100 1459 3381 1530; x_wconf 87' lang='lat' dir='ltr'><strong>paululum</strong></span> <span class='ocrx_word' id='word_1_205' title='bbox 3431 1448 3684 1514; x_wconf 48' lang='lat' dir='ltr'><strong>secessit}</strong></span> <span class='ocrx_word' id='word_1_206' title='bbox 3710 1461 3783 1515; x_wconf 72' lang='lat' dir='ltr'><strong>dii</strong></span> 
     </span>
    </p>
   </div>
   <div class='ocr_carea' id='block_1_30' title="bbox 2309 1552 3785 1625">
    <p class='ocr_par' dir='ltr' id='par_1_30' title="bbox 2309 1552 3785 1625">
     <span class='ocr_line' id='line_1_30' title="bbox 2309 1552 3785 1625; baseline 0.003 -21"><span class='ocrx_word' id='word_1_207' title='bbox 2309 1559 2440 1615; x_wconf 89' lang='lat' dir='ltr'><strong>tate,</strong></span> <span class='ocrx_word' id='word_1_208' title='bbox 2474 1567 2578 1605; x_wconf 91' lang='lat' dir='ltr'><strong>non</strong></span> <span class='ocrx_word' id='word_1_209' title='bbox 2613 1552 2805 1608; x_wconf 85' lang='lat' dir='ltr'><strong>timore</strong></span> <span class='ocrx_word' id='word_1_210' title='bbox 2834 1553 3099 1625; x_wconf 89' lang='lat' dir='ltr'><strong>supplicii,</strong></span> <span class='ocrx_word' id='word_1_211' title='bbox 3126 1553 3221 1608; x_wconf 88' lang='lat' dir='ltr'><strong>sed</strong></span> <span class='ocrx_word' id='word_1_212' title='bbox 3251 1566 3309 1608; x_wconf 90' lang='lat' dir='ltr'><strong>ut</strong></span> <span class='ocrx_word' id='word_1_213' title='bbox 3336 1552 3494 1620; x_wconf 78' lang='lat' dir='ltr'><strong>juxta</strong></span> <span class='ocrx_word' id='word_1_214' title='bbox 3520 1555 3686 1608; x_wconf 88' lang='lat' dir='ltr'><strong>Domini</strong></span> <span class='ocrx_word' id='word_1_215' title='bbox 3707 1572 3785 1625; x_wconf 76' lang='lat' dir='ltr'><strong>pn-</strong></span> 
     </span>
    </p>
   </div>
   <div class='ocr_carea' id='block_1_31' title="bbox 2309 1642 3847 1718">
    <p class='ocr_par' dir='ltr' id='par_1_31' title="bbox 2309 1642 3847 1718">
     <span class='ocr_line' id='line_1_31' title="bbox 2309 1642 3847 1718; baseline 0 -21"><span class='ocrx_word' id='word_1_216' title='bbox 2309 1653 2524 1712; x_wconf 87' lang='lat' dir='ltr'><strong>ceptnm</strong></span> <span class='ocrx_word' id='word_1_217' title='bbox 2564 1642 2790 1713; x_wconf 74' lang='lat' dir='ltr'><strong>(Matth.</strong></span> <span class='ocrx_word' id='word_1_218' title='bbox 2823 1660 2887 1710; x_wconf 73' lang='grc' dir='ltr'><strong>ι,</strong></span> <span class='ocrx_word' id='word_1_219' title='bbox 2935 1644 3039 1718; x_wconf 75' lang='lat'><strong>25)</strong></span> <span class='ocrx_word' id='word_1_220' title='bbox 3084 1645 3397 1715; x_wconf 78' lang='lat' dir='ltr'><strong>exemplum</strong></span> <span class='ocrx_word' id='word_1_221' title='bbox 3434 1645 3666 1715; x_wconf 74' lang='lat' dir='ltr'><strong>praeberet</strong></span> <span class='ocrx_word' id='word_1_222' title='bbox 3682 1647 3782 1716; x_wconf 78' lang='lat' dir='ltr'><strong>gregi.</strong></span> <span class='ocrx_word' id='word_1_223' title='bbox 3846 1668 3847 1697; x_wconf 51' lang='grc' dir='ltr'>ξ</span> 
     </span>
    </p>
   </div>
   <div class='ocr_carea' id='block_1_32' title="bbox 2312 1718 3847 1810">
    <p class='ocr_par' dir='ltr' id='par_1_32' title="bbox 2312 1718 3847 1810">
     <span class='ocr_line' id='line_1_32' title="bbox 2312 1718 3847 1810; baseline 0.004 -21"><span class='ocrx_word' id='word_1_224' title='bbox 2312 1734 2511 1805; x_wconf 82' lang='lat' dir='ltr'><strong>Sicque</strong></span> <span class='ocrx_word' id='word_1_225' title='bbox 2563 1738 2667 1791; x_wconf 90' lang='lat' dir='ltr'><strong>iter</strong></span> <span class='ocrx_word' id='word_1_226' title='bbox 2702 1736 2904 1793; x_wconf 81' lang='lat' dir='ltr'><strong>faciens</strong></span> <span class='ocrx_word' id='word_1_227' title='bbox 2940 1755 3061 1793; x_wconf 91' lang='lat' dir='ltr'><strong>cum</strong></span> <span class='ocrx_word' id='word_1_228' title='bbox 3098 1738 3275 1793; x_wconf 88' lang='lat' dir='ltr'><strong>beatis</strong></span> <span class='ocrx_word' id='word_1_229' title='bbox 3327 1737 3651 1810; x_wconf 80' lang='lat' dir='ltr'><strong>martyribus,</strong></span> <span class='ocrx_word' id='word_1_230' title='bbox 3684 1738 3782 1790; x_wconf 75' lang='lat' dir='ltr'><strong>lini-</strong></span> 
     </span>
    </p>
   </div>
   <div class='ocr_carea' id='block_1_33' title="bbox 626 1812 3847 1898">
    <p class='ocr_par' dir='ltr' id='par_1_33' title="bbox 626 1812 3847 1898">
     <span class='ocr_line' id='line_1_33' title="bbox 626 1812 3847 1898; baseline 0.001 -19"><span class='ocrx_word' id='word_1_231' title='bbox 626 1834 738 1879; x_wconf 88' lang='lat' dir='ltr'><strong>tres</strong></span> <span class='ocrx_word' id='word_1_232' title='bbox 766 1823 1089 1878; x_wconf 90' lang='lat' dir='ltr'><strong>atrocissimi</strong></span> <span class='ocrx_word' id='word_1_233' title='bbox 1122 1824 1246 1889; x_wconf 88' lang='lat' dir='ltr'><strong>viri,</strong></span> <span class='ocrx_word' id='word_1_234' title='bbox 1280 1824 1307 1863; x_wconf 69' lang='grc' dir='ltr'><strong>ι)</strong></span> <span class='ocrx_word' id='word_1_235' title='bbox 1332 1822 1556 1876; x_wconf 85' lang='lat' dir='ltr'><strong>Latinus</strong></span> <span class='ocrx_word' id='word_1_236' title='bbox 1586 1821 1827 1885; x_wconf 88' lang='lat' dir='ltr'><strong>scilicet,</strong></span> <span class='ocrx_word' id='word_1_237' title='bbox 1860 1829 1882 1858; x_wconf 76' lang='grc' dir='ltr'><strong><em>ο</em></strong></span> <span class='ocrx_word' id='word_1_238' title='bbox 1906 1818 2118 1884; x_wconf 67' lang='lat' dir='ltr'><strong>larius,</strong></span> <span class='ocrx_word' id='word_1_239' title='bbox 2156 1827 2213 1874; x_wconf 81' lang='lat' dir='ltr'><strong>et</strong></span> <span class='ocrx_word' id='word_1_240' title='bbox 2240 1819 2285 1878; x_wconf 83' lang='grc' dir='ltr'><strong>Β</strong></span> <span class='ocrx_word' id='word_1_241' title='bbox 2314 1828 2496 1882; x_wconf 91' lang='lat' dir='ltr'><strong>miano</strong></span> <span class='ocrx_word' id='word_1_242' title='bbox 2526 1829 2729 1883; x_wconf 90' lang='lat' dir='ltr'><strong>scilicet</strong></span> <span class='ocrx_word' id='word_1_243' title='bbox 2759 1840 2813 1883; x_wconf 93' lang='lat' dir='ltr'><strong>ct</strong></span> <span class='ocrx_word' id='word_1_244' title='bbox 2839 1828 3081 1894; x_wconf 74' lang='lat' dir='ltr'><strong>Iuliano,</strong></span> <span class='ocrx_word' id='word_1_245' title='bbox 3120 1846 3225 1884; x_wconf 89' lang='lat' dir='ltr'><strong>non</strong></span> <span class='ocrx_word' id='word_1_246' title='bbox 3263 1830 3521 1884; x_wconf 57' lang='lat' dir='ltr'><strong>cessabat</strong></span> <span class='ocrx_word' id='word_1_247' title='bbox 3547 1845 3573 1881; x_wconf 89' lang='lat' dir='ltr'><strong>a</strong></span> <span class='ocrx_word' id='word_1_248' title='bbox 3603 1829 3781 1898; x_wconf 61' lang='lat' dir='ltr'><strong>colloqui:</strong></span> 
     </span>
    </p>
   </div>
   <div class='ocr_carea' id='block_1_34' title="bbox 628 1909 2209 1983">
    <p class='ocr_par' dir='ltr' id='par_1_34' title="bbox 628 1909 2209 1983">
     <span class='ocr_line' id='line_1_34' title="bbox 628 1909 2209 1983; baseline -0.002 -16"><span class='ocrx_word' id='word_1_249' title='bbox 628 1913 874 1979; x_wconf 75' lang='lat' dir='ltr'><strong>dAntor,</strong></span> <span class='ocrx_word' id='word_1_250' title='bbox 908 1913 1212 1983; x_wconf 84' lang='lat' dir='ltr'><strong>specialiter</strong></span> <span class='ocrx_word' id='word_1_251' title='bbox 1254 1914 1321 1968; x_wconf 90' lang='lat' dir='ltr'><strong>ad</strong></span> <span class='ocrx_word' id='word_1_252' title='bbox 1362 1911 1779 1983; x_wconf 89' lang='lat' dir='ltr'><strong>perquirendnm</strong></span> <span class='ocrx_word' id='word_1_253' title='bbox 1823 1919 2072 1965; x_wconf 90' lang='lat' dir='ltr'><strong>sanctum</strong></span> <span class='ocrx_word' id='word_1_254' title='bbox 2114 1909 2209 1965; x_wconf 90' lang='lat' dir='ltr'><strong>Dei</strong></span> 
     </span>
    </p>
   </div>
   <div class='ocr_carea' id='block_1_35' title="bbox 627 2000 2210 2066">
    <p class='ocr_par' dir='ltr' id='par_1_35' title="bbox 627 2000 2210 2066">
     <span class='ocr_line' id='line_1_35' title="bbox 627 2000 2210 2066; baseline -0.003 -9"><span class='ocrx_word' id='word_1_255' title='bbox 627 2002 887 2057; x_wconf 81' lang='lat' dir='ltr'><strong>famulum</strong></span> <span class='ocrx_word' id='word_1_256' title='bbox 916 2003 1211 2058; x_wconf 79' lang='lat' dir='ltr'><strong>Luctanum</strong></span> <span class='ocrx_word' id='word_1_257' title='bbox 1241 2019 1362 2058; x_wconf 91' lang='lat' dir='ltr'><strong>cum</strong></span> <span class='ocrx_word' id='word_1_258' title='bbox 1395 2004 1509 2058; x_wconf 87' lang='lat' dir='ltr'><strong>suis</strong></span> <span class='ocrx_word' id='word_1_259' title='bbox 1537 2001 1977 2066; x_wconf 78' lang='lat' dir='ltr'><strong>exsecutoribus;</strong></span> <span class='ocrx_word' id='word_1_260' title='bbox 2006 2010 2063 2054; x_wconf 92' lang='lat' dir='ltr'><strong>ut</strong></span> <span class='ocrx_word' id='word_1_261' title='bbox 2092 2000 2210 2053; x_wconf 57' lang='lat' dir='ltr'><strong>ubi-</strong></span> 
     </span>
    </p>
   </div>
   <div class='ocr_carea' id='block_1_36' title="bbox 627 2091 2214 2166">
    <p class='ocr_par' dir='ltr' id='par_1_36' title="bbox 627 2091 2214 2166">
     <span class='ocr_line' id='line_1_36' title="bbox 627 2091 2214 2166; baseline -0.004 -16"><span class='ocrx_word' id='word_1_262' title='bbox 627 2110 841 2165; x_wconf 89' lang='lat' dir='ltr'><strong>cunque</strong></span> <span class='ocrx_word' id='word_1_263' title='bbox 866 2111 986 2150; x_wconf 88' lang='lat' dir='ltr'><strong>eum</strong></span> <span class='ocrx_word' id='word_1_264' title='bbox 1018 2095 1385 2166; x_wconf 90' lang='lat' dir='ltr'><strong>reperissent,</strong></span> <span class='ocrx_word' id='word_1_265' title='bbox 1421 2102 1516 2147; x_wconf 92' lang='lat' dir='ltr'><strong>aut</strong></span> <span class='ocrx_word' id='word_1_266' title='bbox 1552 2093 1798 2163; x_wconf 70' lang='lat' dir='ltr'><strong>prmsidis</strong></span> <span class='ocrx_word' id='word_1_267' title='bbox 1824 2108 1947 2145; x_wconf 90' lang='lat' dir='ltr'><strong>eum</strong></span> <span class='ocrx_word' id='word_1_268' title='bbox 1993 2091 2214 2146; x_wconf 84' lang='lat' dir='ltr'><strong>audien-</strong></span> 
     </span>
    </p>
   </div>
   <div class='ocr_carea' id='block_1_37' title="bbox 628 2183 2215 2257">
    <p class='ocr_par' dir='ltr' id='par_1_37' title="bbox 628 2183 2215 2257">
     <span class='ocr_line' id='line_1_37' title="bbox 628 2183 2215 2257; baseline -0.002 -17"><span class='ocrx_word' id='word_1_269' title='bbox 628 2186 719 2241; x_wconf 78' lang='lat' dir='ltr'><strong>tize</strong></span> <span class='ocrx_word' id='word_1_270' title='bbox 748 2195 1163 2257; x_wconf 68' lang='lat' dir='ltr'><strong>pnesentarent,</strong></span> <span class='ocrx_word' id='word_1_271' title='bbox 1190 2198 1283 2241; x_wconf 88' lang='lat' dir='ltr'><strong>aut</strong></span> <span class='ocrx_word' id='word_1_272' title='bbox 1307 2186 1486 2257; x_wconf 86' lang='lat' dir='ltr'><strong>gladio</strong></span> <span class='ocrx_word' id='word_1_273' title='bbox 1517 2202 1640 2240; x_wconf 75' lang='lat' dir='ltr'><strong>mox</strong></span> <span class='ocrx_word' id='word_1_274' title='bbox 1675 2185 1950 2247; x_wconf 84' lang='lat' dir='ltr'><strong>feriretur,</strong></span> <span class='ocrx_word' id='word_1_275' title='bbox 1979 2185 2023 2239; x_wconf 90' lang='lat' dir='ltr'><strong>si</strong></span> <span class='ocrx_word' id='word_1_276' title='bbox 2049 2183 2215 2239; x_wconf 86' lang='lat' dir='ltr'><strong>nollet</strong></span> 
     </span>
    </p>
   </div>
   <div class='ocr_carea' id='block_1_38' title="bbox 630 2275 2214 2349">
    <p class='ocr_par' dir='ltr' id='par_1_38' title="bbox 630 2275 2214 2349">
     <span class='ocr_line' id='line_1_38' title="bbox 630 2275 2214 2349; baseline -0.003 -17"><span class='ocrx_word' id='word_1_277' title='bbox 630 2278 788 2333; x_wconf 90' lang='lat' dir='ltr'><strong>idolis</strong></span> <span class='ocrx_word' id='word_1_278' title='bbox 816 2278 1115 2334; x_wconf 85' lang='lat' dir='ltr'><strong>immolare.</strong></span> <span class='ocrx_word' id='word_1_279' title='bbox 1162 2279 1404 2349; x_wconf 86' lang='lat' dir='ltr'><strong>Cumque</strong></span> <span class='ocrx_word' id='word_1_280' title='bbox 1445 2279 1696 2333; x_wconf 83' lang='lat' dir='ltr'><strong>civitates</strong></span> <span class='ocrx_word' id='word_1_281' title='bbox 1740 2289 1795 2332; x_wconf 87' lang='lat' dir='ltr'><strong>et</strong></span> <span class='ocrx_word' id='word_1_282' title='bbox 1842 2276 1959 2330; x_wconf 91' lang='lat' dir='ltr'><strong>loca</strong></span> <span class='ocrx_word' id='word_1_283' title='bbox 2006 2275 2214 2346; x_wconf 66' lang='lat' dir='ltr'><strong>praelati</strong></span> 
     </span>
    </p>
   </div>
   <div class='ocr_carea' id='block_1_39' title="bbox 630 2367 2212 2438">
    <p class='ocr_par' dir='ltr' id='par_1_39' title="bbox 630 2367 2212 2438">
     <span class='ocr_line' id='line_1_39' title="bbox 630 2367 2212 2438; baseline -0.001 -18"><span class='ocrx_word' id='word_1_284' title='bbox 630 2368 733 2421; x_wconf 88' lang='lat' dir='ltr'><strong>viri</strong></span> <span class='ocrx_word' id='word_1_285' title='bbox 760 2367 1197 2438; x_wconf 87' lang='lat' dir='ltr'><strong>perlustrassent,</strong></span> <span class='ocrx_word' id='word_1_286' title='bbox 1228 2383 1568 2438; x_wconf 88' lang='lat' dir='ltr'><strong>nequaquam</strong></span> <span class='ocrx_word' id='word_1_287' title='bbox 1593 2367 1849 2421; x_wconf 88' lang='lat' dir='ltr'><strong>continuo</strong></span> <span class='ocrx_word' id='word_1_288' title='bbox 1876 2373 2212 2436; x_wconf 84' lang='lat' dir='ltr'><strong>repererunt.</strong></span> 
     </span>
    </p>
   </div>
   <div class='ocr_carea' id='block_1_40' title="bbox 629 2455 2216 2528">
    <p class='ocr_par' dir='ltr' id='par_1_40' title="bbox 629 2455 2216 2528">
     <span class='ocr_line' id='line_1_40' title="bbox 629 2455 2216 2528; baseline -0.003 -15"><span class='ocrx_word' id='word_1_289' title='bbox 629 2457 840 2513; x_wconf 89' lang='lat' dir='ltr'><strong>Interea</strong></span> <span class='ocrx_word' id='word_1_290' title='bbox 870 2460 1117 2528; x_wconf 87' lang='lat' dir='ltr'><strong>pervenit</strong></span> <span class='ocrx_word' id='word_1_291' title='bbox 1152 2461 1218 2513; x_wconf 88' lang='lat' dir='ltr'><strong>ad</strong></span> <span class='ocrx_word' id='word_1_292' title='bbox 1247 2475 1341 2515; x_wconf 90' lang='lat' dir='ltr'><strong>eos</strong></span> <span class='ocrx_word' id='word_1_293' title='bbox 1375 2458 1514 2513; x_wconf 87' lang='lat' dir='ltr'><strong>fama</strong></span> <span class='ocrx_word' id='word_1_294' title='bbox 1553 2457 1657 2512; x_wconf 86' lang='lat' dir='ltr'><strong>viri</strong></span> <span class='ocrx_word' id='word_1_295' title='bbox 1696 2456 1817 2521; x_wconf 84' lang='lat' dir='ltr'><strong>Dei,</strong></span> <span class='ocrx_word' id='word_1_296' title='bbox 1847 2456 1990 2526; x_wconf 91' lang='lat' dir='ltr'><strong>quod</strong></span> <span class='ocrx_word' id='word_1_297' title='bbox 2023 2455 2216 2525; x_wconf 51' lang='lat' dir='ltr'><strong>praedir—</strong></span> 
     </span>
    </p>
   </div>
   <div class='ocr_carea' id='block_1_41' title="bbox 633 2544 2218 2619">
    <p class='ocr_par' dir='ltr' id='par_1_41' title="bbox 633 2544 2218 2619">
     <span class='ocr_line' id='line_1_41' title="bbox 633 2544 2218 2619; baseline -0.002 -17"><span class='ocrx_word' id='word_1_298' title='bbox 633 2549 810 2602; x_wconf 83' lang='lat' dir='ltr'><strong>cando</strong></span> <span class='ocrx_word' id='word_1_299' title='bbox 834 2549 1023 2603; x_wconf 72' lang='lat' dir='ltr'><strong>aeterni</strong></span> <span class='ocrx_word' id='word_1_300' title='bbox 1063 2548 1215 2619; x_wconf 80' lang='lat' dir='ltr'><strong>regni</strong></span> <span class='ocrx_word' id='word_1_301' title='bbox 1250 2547 1600 2618; x_wconf 78' lang='lat' dir='ltr'><strong>Evangelium</strong></span> <span class='ocrx_word' id='word_1_302' title='bbox 1651 2545 2053 2601; x_wconf 85' lang='lat' dir='ltr'><strong>Belvacensium</strong></span> <span class='ocrx_word' id='word_1_303' title='bbox 2108 2544 2218 2614; x_wconf 88' lang='lat' dir='ltr'><strong>ple-</strong></span> 
     </span>
    </p>
   </div>
   <div class='ocr_carea' id='block_1_42' title="bbox 632 2637 2220 2709">
    <p class='ocr_par' dir='ltr' id='par_1_42' title="bbox 632 2637 2220 2709">
     <span class='ocr_line' id='line_1_42' title="bbox 632 2637 2220 2709; baseline -0.001 -16"><span class='ocrx_word' id='word_1_304' title='bbox 632 2637 757 2693; x_wconf 87' lang='lat' dir='ltr'><strong>bem</strong></span> <span class='ocrx_word' id='word_1_305' title='bbox 788 2650 1126 2709; x_wconf 87' lang='lat' dir='ltr'><strong>occupasset.</strong></span> <span class='ocrx_word' id='word_1_306' title='bbox 1170 2641 1290 2707; x_wconf 86' lang='lat' dir='ltr'><strong>Qno</strong></span> <span class='ocrx_word' id='word_1_307' title='bbox 1316 2640 1522 2705; x_wconf 69' lang='lat' dir='ltr'><strong>audito;</strong></span> <span class='ocrx_word' id='word_1_308' title='bbox 1550 2640 1722 2708; x_wconf 86' lang='lat' dir='ltr'><strong>magis</strong></span> <span class='ocrx_word' id='word_1_309' title='bbox 1748 2640 2029 2709; x_wconf 82' lang='lat' dir='ltr'><strong>magisque</strong></span> <span class='ocrx_word' id='word_1_310' title='bbox 2058 2639 2134 2692; x_wconf 90' lang='lat' dir='ltr'><strong>ira</strong></span> <span class='ocrx_word' id='word_1_311' title='bbox 2164 2645 2220 2692; x_wconf 85' lang='lat' dir='ltr'><strong>et</strong></span> 
     </span>
    </p>
   </div>
   <div class='ocr_carea' id='block_1_43' title="bbox 634 2729 2220 2803">
    <p class='ocr_par' dir='ltr' id='par_1_43' title="bbox 634 2729 2220 2803">
     <span class='ocr_line' id='line_1_43' title="bbox 634 2729 2220 2803; baseline -0.001 -18"><span class='ocrx_word' id='word_1_312' title='bbox 634 2729 1003 2803; x_wconf 85' lang='lat' dir='ltr'><strong>indignatione</strong></span> <span class='ocrx_word' id='word_1_313' title='bbox 1038 2732 1308 2796; x_wconf 88' lang='lat' dir='ltr'><strong>succensi,</strong></span> <span class='ocrx_word' id='word_1_314' title='bbox 1349 2731 1479 2786; x_wconf 92' lang='lat' dir='ltr'><strong>illuc</strong></span> <span class='ocrx_word' id='word_1_315' title='bbox 1515 2746 1677 2787; x_wconf 90' lang='lat' dir='ltr'><strong>cursu</strong></span> <span class='ocrx_word' id='word_1_316' title='bbox 1713 2730 1998 2785; x_wconf 86' lang='lat' dir='ltr'><strong>celerrimo</strong></span> <span class='ocrx_word' id='word_1_317' title='bbox 2025 2743 2220 2799; x_wconf 88' lang='lat' dir='ltr'><strong>prope-</strong></span> 
     </span>
    </p>
   </div>
   <div class='ocr_carea' id='block_1_44' title="bbox 635 2831 851 2878">
    <p class='ocr_par' dir='ltr' id='par_1_44' title="bbox 635 2831 851 2878">
     <span class='ocr_line' id='line_1_44' title="bbox 635 2831 851 2878; baseline -0.014 0"><span class='ocrx_word' id='word_1_318' title='bbox 635 2831 851 2878; x_wconf 81' lang='lat' dir='ltr'><strong>rarunt.</strong></span> 
     </span>
    </p>
   </div>
   <div class='ocr_carea' id='block_1_45' title="bbox 708 2915 2217 2987">
    <p class='ocr_par' dir='ltr' id='par_1_45' title="bbox 708 2915 2217 2987">
     <span class='ocr_line' id='line_1_45' title="bbox 708 2915 2217 2987; baseline -0.005 -15"><span class='ocrx_word' id='word_1_319' title='bbox 708 2919 796 2973; x_wconf 74' lang='grc'><strong>15.</strong></span> <span class='ocrx_word' id='word_1_320' title='bbox 834 2916 916 2973; x_wconf 87' lang='lat' dir='ltr'><strong>Ad</strong></span> <span class='ocrx_word' id='word_1_321' title='bbox 952 2932 1113 2987; x_wconf 88' lang='lat' dir='ltr'><strong>quam</strong></span> <span class='ocrx_word' id='word_1_322' title='bbox 1145 2918 1305 2987; x_wconf 90' lang='lat' dir='ltr'><strong>paulo</strong></span> <span class='ocrx_word' id='word_1_323' title='bbox 1341 2928 1629 2987; x_wconf 86' lang='lat' dir='ltr'><strong>antequam</strong></span> <span class='ocrx_word' id='word_1_324' title='bbox 1661 2915 2054 2987; x_wconf 88' lang='lat' dir='ltr'><strong>pervenissent,</strong></span> <span class='ocrx_word' id='word_1_325' title='bbox 2090 2926 2217 2966; x_wconf 87' lang='lat' dir='ltr'><strong>sen-</strong></span> 
     </span>
    </p>
   </div>
   <div class='ocr_carea' id='block_1_46' title="bbox 636 3005 2207 3081">
    <p class='ocr_par' dir='ltr' id='par_1_46' title="bbox 636 3005 2207 3081">
     <span class='ocr_line' id='line_1_46' title="bbox 636 3005 2207 3081; baseline -0.005 -16"><span class='ocrx_word' id='word_1_326' title='bbox 636 3009 779 3065; x_wconf 81' lang='lat' dir='ltr'><strong>tiens</strong></span> <span class='ocrx_word' id='word_1_327' title='bbox 801 3024 895 3065; x_wconf 87' lang='lat' dir='ltr'><strong>eos</strong></span> <span class='ocrx_word' id='word_1_328' title='bbox 920 3009 1112 3064; x_wconf 87' lang='lat' dir='ltr'><strong>beatus</strong></span> <span class='ocrx_word' id='word_1_329' title='bbox 1143 3020 1372 3081; x_wconf 86' lang='lat' dir='ltr'><strong>martyr,</strong></span> <span class='ocrx_word' id='word_1_330' title='bbox 1409 3008 1685 3065; x_wconf 88' lang='lat' dir='ltr'><strong>revelante</strong></span> <span class='ocrx_word' id='word_1_331' title='bbox 1722 3007 1824 3063; x_wconf 87' lang='lat' dir='ltr'><strong>sibi</strong></span> <span class='ocrx_word' id='word_1_332' title='bbox 1854 3005 2060 3075; x_wconf 86' lang='lat' dir='ltr'><strong>Spiritu</strong></span> <span class='ocrx_word' id='word_1_333' title='bbox 2088 3019 2207 3059; x_wconf 88' lang='lat' dir='ltr'><strong>san-</strong></span> 
     </span>
    </p>
   </div>
   <div class='ocr_carea' id='block_1_47' title="bbox 638 3095 2219 3170">
    <p class='ocr_par' dir='ltr' id='par_1_47' title="bbox 638 3095 2219 3170">
     <span class='ocr_line' id='line_1_47' title="bbox 638 3095 2219 3170; baseline -0.005 -15"><span class='ocrx_word' id='word_1_334' title='bbox 638 3109 752 3165; x_wconf 89' lang='lat' dir='ltr'><strong>cto,</strong></span> <span class='ocrx_word' id='word_1_335' title='bbox 790 3100 842 3154; x_wconf 92' lang='lat' dir='ltr'><strong>in</strong></span> <span class='ocrx_word' id='word_1_336' title='bbox 867 3100 1114 3170; x_wconf 83' lang='lat' dir='ltr'><strong>proximo</strong></span> <span class='ocrx_word' id='word_1_337' title='bbox 1138 3115 1291 3166; x_wconf 89' lang='lat' dir='ltr'><strong>esse,</strong></span> <span class='ocrx_word' id='word_1_338' title='bbox 1337 3100 1575 3170; x_wconf 90' lang='lat' dir='ltr'><strong>perstitit</strong></span> <span class='ocrx_word' id='word_1_339' title='bbox 1612 3099 1666 3154; x_wconf 90' lang='lat' dir='ltr'><strong>in</strong></span> <span class='ocrx_word' id='word_1_340' title='bbox 1700 3097 1821 3153; x_wconf 91' lang='lat' dir='ltr'><strong>loco</strong></span> <span class='ocrx_word' id='word_1_341' title='bbox 1848 3112 1956 3168; x_wconf 92' lang='lat' dir='ltr'><strong>quo</strong></span> <span class='ocrx_word' id='word_1_342' title='bbox 1990 3095 2219 3151; x_wconf 90' lang='lat' dir='ltr'><strong>docebat</strong></span> 
     </span>
    </p>
   </div>
   <div class='ocr_carea' id='block_1_48' title="bbox 2316 1918 3779 1990">
    <p class='ocr_par' dir='ltr' id='par_1_48' title="bbox 2316 1918 3779 1990">
     <span class='ocr_line' id='line_1_48' title="bbox 2316 1918 3779 1990; baseline -0.001 -18"><span class='ocrx_word' id='word_1_343' title='bbox 2316 1918 2510 1973; x_wconf 86' lang='lat' dir='ltr'><strong>divinis</strong></span> <span class='ocrx_word' id='word_1_344' title='bbox 2539 1927 2592 1972; x_wconf 89' lang='lat' dir='ltr'><strong>et</strong></span> <span class='ocrx_word' id='word_1_345' title='bbox 2623 1919 2959 1974; x_wconf 85' lang='lat' dir='ltr'><strong>orationibus</strong></span> <span class='ocrx_word' id='word_1_346' title='bbox 2984 1935 3081 1990; x_wconf 91' lang='lat' dir='ltr'><strong>per</strong></span> <span class='ocrx_word' id='word_1_347' title='bbox 3107 1934 3329 1974; x_wconf 89' lang='lat' dir='ltr'><strong>omnem</strong></span> <span class='ocrx_word' id='word_1_348' title='bbox 3361 1920 3531 1981; x_wconf 79' lang='lat' dir='ltr'><strong>viam,</strong></span> <span class='ocrx_word' id='word_1_349' title='bbox 3555 1919 3688 1971; x_wconf 81' lang='lat' dir='ltr'><strong>donec</strong></span> <span class='ocrx_word' id='word_1_350' title='bbox 3714 1932 3779 1986; x_wconf 47' lang='lat' dir='ltr'><strong>per.</strong></span> 
     </span>
    </p>
   </div>
   <div class='ocr_carea' id='block_1_49' title="bbox 2313 2006 3847 2079">
    <p class='ocr_par' dir='ltr' id='par_1_49' title="bbox 2313 2006 3847 2079">
     <span class='ocr_line' id='line_1_49' title="bbox 2313 2006 3847 2079; baseline -0.002 -16"><span class='ocrx_word' id='word_1_351' title='bbox 2313 2010 2522 2064; x_wconf 87' lang='lat' dir='ltr'><strong>veniret</strong></span> <span class='ocrx_word' id='word_1_352' title='bbox 2563 2011 2629 2065; x_wconf 88' lang='lat' dir='ltr'><strong>ad</strong></span> <span class='ocrx_word' id='word_1_353' title='bbox 2696 2012 2897 2065; x_wconf 91' lang='lat' dir='ltr'><strong>montis</strong></span> <span class='ocrx_word' id='word_1_354' title='bbox 2942 2026 3240 2074; x_wconf 86' lang='lat' dir='ltr'><strong>cacumen,</strong></span> <span class='ocrx_word' id='word_1_355' title='bbox 3288 2026 3403 2079; x_wconf 89' lang='lat' dir='ltr'><strong>quo</strong></span> <span class='ocrx_word' id='word_1_356' title='bbox 3450 2006 3780 2075; x_wconf 67' lang='lat' dir='ltr'><strong>tendebat,*qu&#39;</strong></span> <span class='ocrx_word' id='word_1_357' title='bbox 3846 2032 3847 2079; x_wconf 36' lang='grc' dir='ltr'>ξ</span> 
     </span>
    </p>
   </div>
   <div class='ocr_carea' id='block_1_50' title="bbox 2314 2096 3780 2157">
    <p class='ocr_par' dir='ltr' id='par_1_50' title="bbox 2314 2096 3780 2157">
     <span class='ocr_line' id='line_1_50' title="bbox 2314 2096 3780 2157; baseline -0.005 0"><span class='ocrx_word' id='word_1_358' title='bbox 2314 2116 2470 2157; x_wconf 90' lang='lat' dir='ltr'><strong>mons</strong></span> <span class='ocrx_word' id='word_1_359' title='bbox 2500 2102 2640 2156; x_wconf 86' lang='lat' dir='ltr'><strong>sicut</strong></span> <span class='ocrx_word' id='word_1_360' title='bbox 2664 2110 2747 2157; x_wconf 90' lang='lat' dir='ltr'><strong>est</strong></span> <span class='ocrx_word' id='word_1_361' title='bbox 2774 2117 2931 2157; x_wconf 81' lang='lat' dir='ltr'><strong>secus</strong></span> <span class='ocrx_word' id='word_1_362' title='bbox 2956 2117 3169 2156; x_wconf 90' lang='lat' dir='ltr'><strong>amnem</strong></span> <span class='ocrx_word' id='word_1_363' title='bbox 3213 2099 3419 2155; x_wconf 72' lang='lat' dir='ltr'><strong>Thara:</strong></span> <span class='ocrx_word' id='word_1_364' title='bbox 3460 2100 3525 2152; x_wconf 85' lang='lat' dir='ltr'><strong>ah</strong></span> <span class='ocrx_word' id='word_1_365' title='bbox 3559 2099 3662 2151; x_wconf 87' lang='lat' dir='ltr'><strong>urbe</strong></span> <span class='ocrx_word' id='word_1_366' title='bbox 3688 2096 3780 2149; x_wconf 74' lang='lat' dir='ltr'><strong>ferae</strong></span> 
     </span>
    </p>
   </div>
   <div class='ocr_carea' id='block_1_51' title="bbox 2316 2186 3778 2255">
    <p class='ocr_par' dir='ltr' id='par_1_51' title="bbox 2316 2186 3778 2255">
     <span class='ocr_line' id='line_1_51' title="bbox 2316 2186 3778 2255; baseline -0.005 -9"><span class='ocrx_word' id='word_1_367' title='bbox 2316 2192 2488 2246; x_wconf 88' lang='lat' dir='ltr'><strong>tribus</strong></span> <span class='ocrx_word' id='word_1_368' title='bbox 2512 2192 2720 2245; x_wconf 84' lang='lat' dir='ltr'><strong>distans</strong></span> <span class='ocrx_word' id='word_1_369' title='bbox 2749 2192 3005 2246; x_wconf 90' lang='lat' dir='ltr'><strong>millibus.</strong></span> <span class='ocrx_word' id='word_1_370' title='bbox 3053 2191 3153 2245; x_wconf 86' lang='lat' dir='ltr'><strong>Ubi</strong></span> <span class='ocrx_word' id='word_1_371' title='bbox 3182 2205 3308 2243; x_wconf 89' lang='lat' dir='ltr'><strong>cum</strong></span> <span class='ocrx_word' id='word_1_372' title='bbox 3358 2189 3599 2250; x_wconf 85' lang='lat' dir='ltr'><strong>venisset,</strong></span> <span class='ocrx_word' id='word_1_373' title='bbox 3621 2186 3778 2255; x_wconf 59' lang='lat' dir='ltr'><strong>quasiol</strong></span> 
     </span>
    </p>
   </div>
   <div class='ocr_carea' id='block_1_52' title="bbox 2314 2280 3778 2353">
    <p class='ocr_par' dir='ltr' id='par_1_52' title="bbox 2314 2280 3778 2353">
     <span class='ocr_line' id='line_1_52' title="bbox 2314 2280 3778 2353; baseline -0.005 -18"><span class='ocrx_word' id='word_1_374' title='bbox 2314 2283 2455 2336; x_wconf 86' lang='lat' dir='ltr'><strong>vitas</strong></span> <span class='ocrx_word' id='word_1_375' title='bbox 2484 2297 2653 2353; x_wconf 81' lang='lat' dir='ltr'><strong>Supra</strong></span> <span class='ocrx_word' id='word_1_376' title='bbox 2681 2292 2916 2337; x_wconf 90' lang='lat' dir='ltr'><strong>montem</strong></span> <span class='ocrx_word' id='word_1_377' title='bbox 2943 2282 3117 2351; x_wconf 83' lang='lat' dir='ltr'><strong>posita</strong></span> <span class='ocrx_word' id='word_1_378' title='bbox 3145 2280 3317 2334; x_wconf 88' lang='lat' dir='ltr'><strong>latere</strong></span> <span class='ocrx_word' id='word_1_379' title='bbox 3356 2296 3462 2333; x_wconf 88' lang='lat' dir='ltr'><strong>non</strong></span> <span class='ocrx_word' id='word_1_380' title='bbox 3490 2288 3687 2347; x_wconf 86' lang='lat' dir='ltr'><strong>poterat,</strong></span> <span class='ocrx_word' id='word_1_381' title='bbox 3710 2292 3778 2343; x_wconf 64' lang='lat' dir='ltr'><strong>qur</strong></span> 
     </span>
    </p>
   </div>
   <div class='ocr_carea' id='block_1_53' title="bbox 2317 2366 3778 2444">
    <p class='ocr_par' dir='ltr' id='par_1_53' title="bbox 2317 2366 3778 2444">
     <span class='ocr_line' id='line_1_53' title="bbox 2317 2366 3778 2444; baseline -0.006 -17"><span class='ocrx_word' id='word_1_382' title='bbox 2317 2373 2460 2427; x_wconf 89' lang='lat' dir='ltr'><strong>niam</strong></span> <span class='ocrx_word' id='word_1_383' title='bbox 2506 2385 2559 2426; x_wconf 89' lang='lat' dir='ltr'><strong>et</strong></span> <span class='ocrx_word' id='word_1_384' title='bbox 2607 2374 2722 2444; x_wconf 86' lang='lat' dir='ltr'><strong>ipse</strong></span> <span class='ocrx_word' id='word_1_385' title='bbox 2769 2388 2923 2427; x_wconf 90' lang='lat' dir='ltr'><strong>mons</strong></span> <span class='ocrx_word' id='word_1_386' title='bbox 2961 2372 3243 2442; x_wconf 88' lang='lat' dir='ltr'><strong>pulchrum</strong></span> <span class='ocrx_word' id='word_1_387' title='bbox 3283 2386 3455 2440; x_wconf 89' lang='lat' dir='ltr'><strong>super</strong></span> <span class='ocrx_word' id='word_1_388' title='bbox 3480 2366 3778 2434; x_wconf 59' lang='lat' dir='ltr'><strong>ﬂuviumpcpi</strong></span> 
     </span>
    </p>
   </div>
   <div class='ocr_carea' id='block_1_54' title="bbox 2317 2457 3777 2538">
    <p class='ocr_par' dir='ltr' id='par_1_54' title="bbox 2317 2457 3777 2538">
     <span class='ocr_line' id='line_1_54' title="bbox 2317 2457 3777 2538; baseline -0.009 -19"><span class='ocrx_word' id='word_1_389' title='bbox 2317 2466 2519 2538; x_wconf 67' lang='lat' dir='ltr'><strong>praebet</strong></span> <span class='ocrx_word' id='word_1_390' title='bbox 2545 2472 2909 2535; x_wconf 81' lang='lat' dir='ltr'><strong>prospectum.</strong></span> <span class='ocrx_word' id='word_1_391' title='bbox 2953 2464 3026 2517; x_wconf 91' lang='lat' dir='ltr'><strong>lbi</strong></span> <span class='ocrx_word' id='word_1_392' title='bbox 3070 2464 3251 2532; x_wconf 90' lang='lat' dir='ltr'><strong>itaque</strong></span> <span class='ocrx_word' id='word_1_393' title='bbox 3289 2462 3449 2532; x_wconf 83' lang='lat' dir='ltr'><strong>quasi</strong></span> <span class='ocrx_word' id='word_1_394' title='bbox 3480 2461 3527 2513; x_wconf 93' lang='lat' dir='ltr'><strong>in</strong></span> <span class='ocrx_word' id='word_1_395' title='bbox 3553 2457 3777 2528; x_wconf 64' lang='lat' dir='ltr'><strong>speculatu-</strong></span> 
     </span>
    </p>
   </div>
   <div class='ocr_carea' id='block_1_55' title="bbox 2318 2547 3781 2625">
    <p class='ocr_par' dir='ltr' id='par_1_55' title="bbox 2318 2547 3781 2625">
     <span class='ocr_line' id='line_1_55' title="bbox 2318 2547 3781 2625; baseline -0.01 -12"><span class='ocrx_word' id='word_1_396' title='bbox 2318 2558 2456 2613; x_wconf 89' lang='lat' dir='ltr'><strong>situs</strong></span> <span class='ocrx_word' id='word_1_397' title='bbox 2486 2556 2599 2625; x_wconf 89' lang='lat' dir='ltr'><strong>ipse</strong></span> <span class='ocrx_word' id='word_1_398' title='bbox 2628 2555 2710 2608; x_wconf 85' lang='lat' dir='ltr'><strong>vir</strong></span> <span class='ocrx_word' id='word_1_399' title='bbox 2740 2554 3086 2609; x_wconf 85' lang='lat' dir='ltr'><strong>beatissimus</strong></span> <span class='ocrx_word' id='word_1_400' title='bbox 3114 2568 3272 2607; x_wconf 89' lang='lat' dir='ltr'><strong>suam</strong></span> <span class='ocrx_word' id='word_1_401' title='bbox 3311 2559 3614 2622; x_wconf 70' lang='lat' dir='ltr'><strong>exspectare</strong></span> <span class='ocrx_word' id='word_1_402' title='bbox 3640 2547 3781 2602; x_wconf 64' lang='lat' dir='ltr'><strong>decrevit</strong></span> 
     </span>
    </p>
   </div>
   <div class='ocr_carea' id='block_1_56' title="bbox 2320 2650 2876 2719">
    <p class='ocr_par' dir='ltr' id='par_1_56' title="bbox 2320 2650 2876 2719">
     <span class='ocr_line' id='line_1_56' title="bbox 2320 2650 2876 2719; baseline -0.005 -15"><span class='ocrx_word' id='word_1_403' title='bbox 2320 2650 2567 2719; x_wconf 79' lang='lat' dir='ltr'><strong>martyrii</strong></span> <span class='ocrx_word' id='word_1_404' title='bbox 2599 2663 2876 2704; x_wconf 88' lang='lat' dir='ltr'><strong>coronam.</strong></span> 
     </span>
    </p>
   </div>
   <div class='ocr_carea' id='block_1_57' title="bbox 2393 2733 3781 2808">
    <p class='ocr_par' dir='ltr' id='par_1_57' title="bbox 2393 2733 3781 2808">
     <span class='ocr_line' id='line_1_57' title="bbox 2393 2733 3781 2808; baseline -0.008 -12"><span class='ocrx_word' id='word_1_405' title='bbox 2393 2742 2480 2796; x_wconf 79' lang='grc'><strong>15.</strong></span> <span class='ocrx_word' id='word_1_406' title='bbox 2518 2740 2738 2795; x_wconf 80' lang='lat' dir='ltr'><strong>Interim</strong></span> <span class='ocrx_word' id='word_1_407' title='bbox 2778 2740 2977 2794; x_wconf 88' lang='lat' dir='ltr'><strong>milites</strong></span> <span class='ocrx_word' id='word_1_408' title='bbox 3015 2733 3233 2808; x_wconf 74' lang='lat' dir='ltr'><strong>pnefati</strong></span> <span class='ocrx_word' id='word_1_409' title='bbox 3277 2734 3447 2791; x_wconf 88' lang='lat' dir='ltr'><strong>celeri</strong></span> <span class='ocrx_word' id='word_1_410' title='bbox 3490 2733 3642 2789; x_wconf 81' lang='lat' dir='ltr'><strong>volatu</strong></span> <span class='ocrx_word' id='word_1_411' title='bbox 3672 2743 3781 2801; x_wconf 69' lang='lat' dir='ltr'><strong>pem</strong></span> 
     </span>
    </p>
   </div>
   <div class='ocr_carea' id='block_1_58' title="bbox 2319 2818 3777 2889">
    <p class='ocr_par' dir='ltr' id='par_1_58' title="bbox 2319 2818 3777 2889">
     <span class='ocr_line' id='line_1_58' title="bbox 2319 2818 3777 2889; baseline -0.012 0"><span class='ocrx_word' id='word_1_412' title='bbox 2319 2834 2476 2889; x_wconf 73' lang='lat' dir='ltr'><strong>niunt</strong></span> <span class='ocrx_word' id='word_1_413' title='bbox 2505 2833 2571 2886; x_wconf 90' lang='lat' dir='ltr'><strong>ad</strong></span> <span class='ocrx_word' id='word_1_414' title='bbox 2602 2832 2875 2886; x_wconf 84' lang='lat' dir='ltr'><strong>civitatem</strong></span> <span class='ocrx_word' id='word_1_415' title='bbox 2904 2829 3189 2885; x_wconf 84' lang='lat' dir='ltr'><strong>Belvacum</strong></span> <span class='ocrx_word' id='word_1_416' title='bbox 3222 2845 3236 2882; x_wconf 87' lang='lat'>:</span> <span class='ocrx_word' id='word_1_417' title='bbox 3273 2828 3369 2882; x_wconf 91' lang='lat' dir='ltr'><strong>ubi</strong></span> <span class='ocrx_word' id='word_1_418' title='bbox 3399 2841 3519 2881; x_wconf 89' lang='lat' dir='ltr'><strong>cum</strong></span> <span class='ocrx_word' id='word_1_419' title='bbox 3539 2818 3777 2879; x_wconf 74' lang='lat' dir='ltr'><strong>sanctde</strong></span> 
     </span>
    </p>
   </div>
   <div class='ocr_carea' id='block_1_59' title="bbox 2321 2900 3777 2993">
    <p class='ocr_par' dir='ltr' id='par_1_59' title="bbox 2321 2900 3777 2993">
     <span class='ocr_line' id='line_1_59' title="bbox 2321 2900 3777 2993; baseline -0.014 -15"><span class='ocrx_word' id='word_1_420' title='bbox 2321 2925 2616 2979; x_wconf 81' lang='lat' dir='ltr'><strong>Lucianum</strong></span> <span class='ocrx_word' id='word_1_421' title='bbox 2645 2900 3020 2993; x_wconf 44' lang='lat' dir='ltr'><strong>requisissen‘t,</strong></span> <span class='ocrx_word' id='word_1_422' title='bbox 3054 2935 3158 2973; x_wconf 89' lang='lat' dir='ltr'><strong>non</strong></span> <span class='ocrx_word' id='word_1_423' title='bbox 3187 2918 3544 2977; x_wconf 84' lang='lat' dir='ltr'><strong>invenientes,</strong></span> <span class='ocrx_word' id='word_1_424' title='bbox 3583 2908 3777 2979; x_wconf 54' lang='lat' dir='ltr'><strong>diligente</strong></span> 
     </span>
    </p>
   </div>
   <div class='ocr_carea' id='block_1_60' title="bbox 2318 3004 3775 3089">
    <p class='ocr_par' dir='ltr' id='par_1_60' title="bbox 2318 3004 3775 3089">
     <span class='ocr_line' id='line_1_60' title="bbox 2318 3004 3775 3089; baseline -0.014 -15"><span class='ocrx_word' id='word_1_425' title='bbox 2318 3017 2649 3089; x_wconf 83' lang='lat' dir='ltr'><strong>perscrutari</strong></span> <span class='ocrx_word' id='word_1_426' title='bbox 2695 3023 2977 3085; x_wconf 72' lang='lat' dir='ltr'><strong>cmperunt</strong></span> <span class='ocrx_word' id='word_1_427' title='bbox 3026 3028 3134 3082; x_wconf 90' lang='lat' dir='ltr'><strong>quo</strong></span> <span class='ocrx_word' id='word_1_428' title='bbox 3184 3011 3418 3065; x_wconf 85' lang='lat' dir='ltr'><strong>abisset.</strong></span> <span class='ocrx_word' id='word_1_429' title='bbox 3457 3008 3633 3076; x_wconf 84' lang='lat' dir='ltr'><strong>Quibus</strong></span> <span class='ocrx_word' id='word_1_430' title='bbox 3662 3004 3775 3056; x_wconf 70' lang='lat' dir='ltr'><strong>dicam</strong></span> 
     </span>
    </p>
   </div>
   <div class='ocr_carea' id='block_1_61' title="bbox 2323 3089 3777 3178">
    <p class='ocr_par' dir='ltr' id='par_1_61' title="bbox 2323 3089 3777 3178">
     <span class='ocr_line' id='line_1_61' title="bbox 2323 3089 3777 3178; baseline -0.015 -14"><span class='ocrx_word' id='word_1_431' title='bbox 2323 3117 2437 3174; x_wconf 91' lang='lat' dir='ltr'><strong>est,</strong></span> <span class='ocrx_word' id='word_1_432' title='bbox 2469 3108 2609 3178; x_wconf 91' lang='lat' dir='ltr'><strong>quod</strong></span> <span class='ocrx_word' id='word_1_433' title='bbox 2639 3123 2747 3161; x_wconf 91' lang='lat' dir='ltr'><strong>non</strong></span> <span class='ocrx_word' id='word_1_434' title='bbox 2779 3107 2933 3177; x_wconf 82' lang='lat' dir='ltr'><strong>longe</strong></span> <span class='ocrx_word' id='word_1_435' title='bbox 2967 3104 3035 3158; x_wconf 88' lang='lat' dir='ltr'><strong>ab</strong></span> <span class='ocrx_word' id='word_1_436' title='bbox 3076 3105 3208 3157; x_wconf 87' lang='lat' dir='ltr'><strong>urbe</strong></span> <span class='ocrx_word' id='word_1_437' title='bbox 3247 3099 3506 3172; x_wconf 87' lang='lat' dir='ltr'><strong>p0pnlnm</strong></span> <span class='ocrx_word' id='word_1_438' title='bbox 3541 3096 3718 3151; x_wconf 81' lang='lat' dir='ltr'><strong>doceret</strong></span> <span class='ocrx_word' id='word_1_439' title='bbox 3738 3089 3777 3142; x_wconf 75' lang='lat' dir='ltr'><strong>Ill</strong></span> 
     </span>
    </p>
   </div>
   <div class='ocr_carea' id='block_1_62' title="bbox 636 3171 3777 3263">
    <p class='ocr_par' dir='ltr' id='par_1_62' title="bbox 636 3171 3777 3263">
     <span class='ocr_line' id='line_1_62' title="bbox 636 3171 3777 3263; baseline -0.002 -18"><span class='ocrx_word' id='word_1_440' title='bbox 636 3191 892 3263; x_wconf 84' lang='lat' dir='ltr'><strong>populqu</strong></span> <span class='ocrx_word' id='word_1_441' title='bbox 921 3194 1086 3247; x_wconf 88' lang='lat' dir='ltr'><strong>verba</strong></span> <span class='ocrx_word' id='word_1_442' title='bbox 1111 3192 1257 3258; x_wconf 58' lang='lat' dir='ltr'><strong>vitae,</strong></span> <span class='ocrx_word' id='word_1_443' title='bbox 1301 3203 1356 3248; x_wconf 88' lang='lat' dir='ltr'><strong>et</strong></span> <span class='ocrx_word' id='word_1_444' title='bbox 1387 3208 1510 3248; x_wconf 91' lang='lat' dir='ltr'><strong>cum</strong></span> <span class='ocrx_word' id='word_1_445' title='bbox 1548 3207 1615 3249; x_wconf 92' lang='lat' dir='ltr'><strong>eo</strong></span> <span class='ocrx_word' id='word_1_446' title='bbox 1649 3191 1934 3247; x_wconf 90' lang='lat' dir='ltr'><strong>multitudo</strong></span> <span class='ocrx_word' id='word_1_447' title='bbox 1960 3189 2216 3254; x_wconf 85' lang='lat' dir='ltr'><strong>maxima,</strong></span> <span class='ocrx_word' id='word_1_448' title='bbox 2247 3171 2294 3235; x_wconf 83' lang='lat' dir='ltr'><strong>C</strong></span> <span class='ocrx_word' id='word_1_449' title='bbox 2325 3171 2457 3253; x_wconf 55' lang='lat' dir='ltr'><strong>vcrb</strong></span> <span class='ocrx_word' id='word_1_450' title='bbox 2488 3171 2771 3252; x_wconf 71' lang='grc' dir='ltr'><strong>ἐοηιῑηιιο</strong></span> <span class='ocrx_word' id='word_1_451' title='bbox 2824 3171 3125 3250; x_wconf 52' lang='grc' dir='ltr'><strong>τρίοιεοεηεὶε</strong></span> <span class='ocrx_word' id='word_1_452' title='bbox 3178 3171 3341 3260; x_wconf 75' lang='lat' dir='ltr'><strong>equis</strong></span> <span class='ocrx_word' id='word_1_453' title='bbox 3388 3188 3555 3244; x_wconf 86' lang='lat' dir='ltr'><strong>subito</strong></span> <span class='ocrx_word' id='word_1_454' title='bbox 3598 3184 3777 3254; x_wconf 56' lang='lat' dir='ltr'><strong>pennis”</strong></span> 
     </span>
    </p>
   </div>
   <div class='ocr_carea' id='block_1_63' title="bbox 640 3279 2219 3354">
    <p class='ocr_par' dir='ltr' id='par_1_63' title="bbox 640 3279 2219 3354">
     <span class='ocr_line' id='line_1_63' title="bbox 640 3279 2219 3354; baseline -0.003 -16"><span class='ocrx_word' id='word_1_455' title='bbox 640 3298 763 3353; x_wconf 71' lang='lat' dir='ltr'><strong>quue</strong></span> <span class='ocrx_word' id='word_1_456' title='bbox 783 3283 897 3353; x_wconf 90' lang='lat' dir='ltr'><strong>jam</strong></span> <span class='ocrx_word' id='word_1_457' title='bbox 926 3294 1042 3338; x_wconf 88' lang='lat' dir='ltr'><strong>erat</strong></span> <span class='ocrx_word' id='word_1_458' title='bbox 1068 3299 1166 3354; x_wconf 91' lang='lat' dir='ltr'><strong>per</strong></span> <span class='ocrx_word' id='word_1_459' title='bbox 1188 3284 1626 3353; x_wconf 65' lang='lat' dir='ltr'><strong>praedicationem</strong></span> <span class='ocrx_word' id='word_1_460' title='bbox 1665 3283 1961 3339; x_wconf 87' lang='lat' dir='ltr'><strong>beatissimi</strong></span> <span class='ocrx_word' id='word_1_461' title='bbox 1990 3281 2090 3336; x_wconf 89' lang='lat' dir='ltr'><strong>viri</strong></span> <span class='ocrx_word' id='word_1_462' title='bbox 2124 3279 2219 3334; x_wconf 90' lang='lat' dir='ltr'><strong>Dei</strong></span> 
     </span>
    </p>
   </div>
   <div class='ocr_carea' id='block_1_64' title="bbox 642 3368 2224 3430">
    <p class='ocr_par' dir='ltr' id='par_1_64' title="bbox 642 3368 2224 3430">
     <span class='ocr_line' id='line_1_64' title="bbox 642 3368 2224 3430; baseline -0.003 -4"><span class='ocrx_word' id='word_1_463' title='bbox 642 3372 710 3427; x_wconf 89' lang='lat' dir='ltr'><strong>ad</strong></span> <span class='ocrx_word' id='word_1_464' title='bbox 735 3371 893 3427; x_wconf 81' lang='lat' dir='ltr'><strong>fidem</strong></span> <span class='ocrx_word' id='word_1_465' title='bbox 917 3371 1117 3428; x_wconf 85' lang='lat' dir='ltr'><strong>Christi</strong></span> <span class='ocrx_word' id='word_1_466' title='bbox 1147 3388 1431 3429; x_wconf 90' lang='lat' dir='ltr'><strong>conversa.</strong></span> <span class='ocrx_word' id='word_1_467' title='bbox 1473 3368 1876 3430; x_wconf 76' lang='lat' dir='ltr'><strong>Exhortabatur</strong></span> <span class='ocrx_word' id='word_1_468' title='bbox 1910 3379 2088 3425; x_wconf 88' lang='lat' dir='ltr'><strong>autem</strong></span> <span class='ocrx_word' id='word_1_469' title='bbox 2128 3382 2224 3423; x_wconf 90' lang='lat' dir='ltr'><strong>eos</strong></span> 
     </span>
    </p>
   </div>
   <div class='ocr_carea' id='block_1_65' title="bbox 643 3462 2225 3535">
    <p class='ocr_par' dir='ltr' id='par_1_65' title="bbox 643 3462 2225 3535">
     <span class='ocr_line' id='line_1_65' title="bbox 643 3462 2225 3535; baseline -0.003 -17"><span class='ocrx_word' id='word_1_470' title='bbox 643 3472 796 3519; x_wconf 90' lang='lat' dir='ltr'><strong>tanto</strong></span> <span class='ocrx_word' id='word_1_471' title='bbox 821 3465 1112 3531; x_wconf 89' lang='lat' dir='ltr'><strong>attentius,</strong></span> <span class='ocrx_word' id='word_1_472' title='bbox 1154 3475 1359 3535; x_wconf 90' lang='lat' dir='ltr'><strong>quanto</strong></span> <span class='ocrx_word' id='word_1_473' title='bbox 1408 3465 1651 3520; x_wconf 89' lang='lat' dir='ltr'><strong>securior</strong></span> <span class='ocrx_word' id='word_1_474' title='bbox 1693 3464 1760 3519; x_wconf 89' lang='lat' dir='ltr'><strong>de</strong></span> <span class='ocrx_word' id='word_1_475' title='bbox 1804 3462 1974 3533; x_wconf 87' lang='lat' dir='ltr'><strong>gloria</strong></span> <span class='ocrx_word' id='word_1_476' title='bbox 2008 3470 2225 3516; x_wconf 71' lang='lat' dir='ltr'><strong>:eternze</strong></span> 
     </span>
    </p>
   </div>
   <div class='ocr_carea' id='block_1_66' title="bbox 644 3552 2223 3624">
    <p class='ocr_par' dir='ltr' id='par_1_66' title="bbox 644 3552 2223 3624">
     <span class='ocr_line' id='line_1_66' title="bbox 644 3552 2223 3624; baseline -0.004 -12"><span class='ocrx_word' id='word_1_477' title='bbox 644 3559 1037 3624; x_wconf 87' lang='lat' dir='ltr'><strong>retributionis,</strong></span> <span class='ocrx_word' id='word_1_478' title='bbox 1054 3560 1239 3615; x_wconf 91' lang='lat' dir='ltr'><strong>dicens</strong></span> <span class='ocrx_word' id='word_1_479' title='bbox 1266 3575 1282 3614; x_wconf 91' lang='lat'><strong>:</strong></span> <span class='ocrx_word' id='word_1_480' title='bbox 1309 3559 1449 3615; x_wconf 86' lang='lat' dir='ltr'><strong>Ecce</strong></span> <span class='ocrx_word' id='word_1_481' title='bbox 1476 3557 1669 3613; x_wconf 79' lang='lat' dir='ltr'><strong>fratres</strong></span> <span class='ocrx_word' id='word_1_482' title='bbox 1696 3565 1751 3613; x_wconf 89' lang='lat' dir='ltr'><strong>et</strong></span> <span class='ocrx_word' id='word_1_483' title='bbox 1779 3557 1871 3611; x_wconf 89' lang='lat' dir='ltr'><strong>lilii</strong></span> <span class='ocrx_word' id='word_1_484' title='bbox 1895 3552 2223 3618; x_wconf 85' lang='lat' dir='ltr'><strong>charissimi,</strong></span> 
     </span>
    </p>
   </div>
   <div class='ocr_carea' id='block_1_67' title="bbox 636 3647 2225 3720">
    <p class='ocr_par' dir='ltr' id='par_1_67' title="bbox 636 3647 2225 3720">
     <span class='ocr_line' id='line_1_67' title="bbox 636 3647 2225 3720; baseline -0.003 -17"><span class='ocrx_word' id='word_1_485' title='bbox 636 3649 750 3720; x_wconf 89' lang='lat' dir='ltr'><strong>jam</strong></span> <span class='ocrx_word' id='word_1_486' title='bbox 794 3650 925 3706; x_wconf 89' lang='lat' dir='ltr'><strong>mihi</strong></span> <span class='ocrx_word' id='word_1_487' title='bbox 973 3650 1233 3707; x_wconf 88' lang='lat' dir='ltr'><strong>Dominus</strong></span> <span class='ocrx_word' id='word_1_488' title='bbox 1277 3666 1431 3707; x_wconf 89' lang='lat' dir='ltr'><strong>meus</strong></span> <span class='ocrx_word' id='word_1_489' title='bbox 1480 3649 1637 3706; x_wconf 80' lang='lat' dir='ltr'><strong>Jesus</strong></span> <span class='ocrx_word' id='word_1_490' title='bbox 1690 3649 1937 3706; x_wconf 85' lang='lat' dir='ltr'><strong>Christus</strong></span> <span class='ocrx_word' id='word_1_491' title='bbox 1982 3647 2225 3702; x_wconf 78' lang='lat' dir='ltr'><strong>laborum</strong></span> 
     </span>
    </p>
   </div>
   <div class='ocr_carea' id='block_1_68' title="bbox 643 3739 2228 3813">
    <p class='ocr_par' dir='ltr' id='par_1_68' title="bbox 643 3739 2228 3813">
     <span class='ocr_line' id='line_1_68' title="bbox 643 3739 2228 3813; baseline -0.004 -16"><span class='ocrx_word' id='word_1_492' title='bbox 643 3757 888 3797; x_wconf 86' lang='lat' dir='ltr'><strong>meorum</strong></span> <span class='ocrx_word' id='word_1_493' title='bbox 920 3742 1127 3798; x_wconf 85' lang='lat' dir='ltr'><strong>fructus</strong></span> <span class='ocrx_word' id='word_1_494' title='bbox 1165 3752 1220 3797; x_wconf 91' lang='lat' dir='ltr'><strong>et</strong></span> <span class='ocrx_word' id='word_1_495' title='bbox 1250 3742 1469 3813; x_wconf 70' lang='lat' dir='ltr'><strong>praemia</strong></span> <span class='ocrx_word' id='word_1_496' title='bbox 1506 3741 1633 3795; x_wconf 72' lang='lat' dir='ltr'><strong>olim</strong></span> <span class='ocrx_word' id='word_1_497' title='bbox 1673 3740 1998 3810; x_wconf 88' lang='lat' dir='ltr'><strong>repromissa</strong></span> <span class='ocrx_word' id='word_1_498' title='bbox 2025 3739 2228 3793; x_wconf 88' lang='lat' dir='ltr'><strong>donare</strong></span> 
     </span>
    </p>
   </div>
   <div class='ocr_carea' id='block_1_69' title="bbox 643 3828 2225 3906">
    <p class='ocr_par' dir='ltr' id='par_1_69' title="bbox 643 3828 2225 3906">
     <span class='ocr_line' id='line_1_69' title="bbox 643 3828 2225 3906; baseline -0.006 -16"><span class='ocrx_word' id='word_1_499' title='bbox 643 3834 975 3906; x_wconf 89' lang='lat' dir='ltr'><strong>dignabitur.</strong></span> <span class='ocrx_word' id='word_1_500' title='bbox 1006 3833 1185 3898; x_wconf 83' lang='lat' dir='ltr'><strong>Unde,</strong></span> <span class='ocrx_word' id='word_1_501' title='bbox 1208 3832 1567 3897; x_wconf 77' lang='lat' dir='ltr'><strong>dilectissimi,</strong></span> <span class='ocrx_word' id='word_1_502' title='bbox 1600 3838 1945 3901; x_wconf 86' lang='lat' dir='ltr'><strong>perseverate</strong></span> <span class='ocrx_word' id='word_1_503' title='bbox 1982 3828 2148 3883; x_wconf 85' lang='lat' dir='ltr'><strong>fortes</strong></span> <span class='ocrx_word' id='word_1_504' title='bbox 2173 3828 2225 3881; x_wconf 93' lang='lat' dir='ltr'><strong>in</strong></span> 
     </span>
    </p>
   </div>
   <div class='ocr_carea' id='block_1_70' title="bbox 648 3920 2227 3995">
    <p class='ocr_par' dir='ltr' id='par_1_70' title="bbox 648 3920 2227 3995">
     <span class='ocr_line' id='line_1_70' title="bbox 648 3920 2227 3995; baseline -0.003 -16"><span class='ocrx_word' id='word_1_505' title='bbox 648 3926 754 3980; x_wconf 83' lang='lat' dir='ltr'><strong>fide</strong></span> <span class='ocrx_word' id='word_1_506' title='bbox 784 3924 1026 3979; x_wconf 86' lang='lat' dir='ltr'><strong>Christi:</strong></span> <span class='ocrx_word' id='word_1_507' title='bbox 1059 3925 1311 3994; x_wconf 88' lang='lat' dir='ltr'><strong>quoniam</strong></span> <span class='ocrx_word' id='word_1_508' title='bbox 1349 3938 1447 3995; x_wconf 85' lang='lat' dir='ltr'><strong>ego</strong></span> <span class='ocrx_word' id='word_1_509' title='bbox 1477 3921 1587 3991; x_wconf 85' lang='lat' dir='ltr'><strong>jam</strong></span> <span class='ocrx_word' id='word_1_510' title='bbox 1622 3922 1786 3977; x_wconf 91' lang='lat' dir='ltr'><strong>nimia</strong></span> <span class='ocrx_word' id='word_1_511' title='bbox 1814 3930 2093 3977; x_wconf 90' lang='lat' dir='ltr'><strong>senectute</strong></span> <span class='ocrx_word' id='word_1_512' title='bbox 2118 3920 2227 3975; x_wconf 86' lang='lat' dir='ltr'><strong>las-</strong></span> 
     </span>
    </p>
   </div>
   <div class='ocr_carea' id='block_1_71' title="bbox 647 4018 2232 4091">
    <p class='ocr_par' dir='ltr' id='par_1_71' title="bbox 647 4018 2232 4091">
     <span class='ocr_line' id='line_1_71' title="bbox 647 4018 2232 4091; baseline -0.003 -16"><span class='ocrx_word' id='word_1_513' title='bbox 647 4028 820 4086; x_wconf 83' lang='lat' dir='ltr'><strong>satus,</strong></span> <span class='ocrx_word' id='word_1_514' title='bbox 852 4036 975 4075; x_wconf 92' lang='lat' dir='ltr'><strong>cum</strong></span> <span class='ocrx_word' id='word_1_515' title='bbox 1007 4019 1182 4090; x_wconf 87' lang='lat' dir='ltr'><strong>palma</strong></span> <span class='ocrx_word' id='word_1_516' title='bbox 1213 4020 1458 4091; x_wconf 88' lang='lat' dir='ltr'><strong>martyrii</strong></span> <span class='ocrx_word' id='word_1_517' title='bbox 1486 4019 1724 4091; x_wconf 85' lang='lat' dir='ltr'><strong>gaudens</strong></span> <span class='ocrx_word' id='word_1_518' title='bbox 1751 4018 1819 4073; x_wconf 90' lang='lat' dir='ltr'><strong>ad</strong></span> <span class='ocrx_word' id='word_1_519' title='bbox 1848 4018 2121 4073; x_wconf 90' lang='lat' dir='ltr'><strong>Christum</strong></span> <span class='ocrx_word' id='word_1_520' title='bbox 2150 4018 2232 4072; x_wconf 93' lang='lat' dir='ltr'><strong>ire</strong></span> 
     </span>
    </p>
   </div>
   <div class='ocr_carea' id='block_1_72' title="bbox 648 4107 2233 4186">
    <p class='ocr_par' dir='ltr' id='par_1_72' title="bbox 648 4107 2233 4186">
     <span class='ocr_line' id='line_1_72' title="bbox 648 4107 2233 4186; baseline -0.002 -21"><span class='ocrx_word' id='word_1_521' title='bbox 648 4111 866 4167; x_wconf 88' lang='lat' dir='ltr'><strong>festino.</strong></span> <span class='ocrx_word' id='word_1_522' title='bbox 895 4111 1005 4167; x_wconf 88' lang='lat' dir='ltr'><strong>Vos</strong></span> <span class='ocrx_word' id='word_1_523' title='bbox 1033 4120 1213 4166; x_wconf 90' lang='lat' dir='ltr'><strong>autem</strong></span> <span class='ocrx_word' id='word_1_524' title='bbox 1256 4111 1309 4166; x_wconf 92' lang='lat' dir='ltr'><strong>in</strong></span> <span class='ocrx_word' id='word_1_525' title='bbox 1346 4120 1564 4182; x_wconf 89' lang='lat' dir='ltr'><strong>accepta</strong></span> <span class='ocrx_word' id='word_1_526' title='bbox 1591 4110 1762 4186; x_wconf 83' lang='lat' dir='ltr'><strong>gratia</strong></span> <span class='ocrx_word' id='word_1_527' title='bbox 1790 4109 2010 4165; x_wconf 85' lang='lat' dir='ltr'><strong>stabiles</strong></span> <span class='ocrx_word' id='word_1_528' title='bbox 2036 4107 2233 4178; x_wconf 74' lang='lat' dir='ltr'><strong>perdu-</strong></span> 
     </span>
    </p>
   </div>
   <div class='ocr_carea' id='block_1_73' title="bbox 651 4199 2230 4274">
    <p class='ocr_par' dir='ltr' id='par_1_73' title="bbox 651 4199 2230 4274">
     <span class='ocr_line' id='line_1_73' title="bbox 651 4199 2230 4274; baseline -0.002 -15"><span class='ocrx_word' id='word_1_529' title='bbox 651 4213 788 4259; x_wconf 89' lang='lat' dir='ltr'><strong>rate.</strong></span> <span class='ocrx_word' id='word_1_530' title='bbox 814 4202 930 4258; x_wconf 88' lang='lat' dir='ltr'><strong>Non</strong></span> <span class='ocrx_word' id='word_1_531' title='bbox 956 4219 1052 4259; x_wconf 90' lang='lat' dir='ltr'><strong>vos</strong></span> <span class='ocrx_word' id='word_1_532' title='bbox 1076 4212 1255 4259; x_wconf 89' lang='lat' dir='ltr'><strong>terror</strong></span> <span class='ocrx_word' id='word_1_533' title='bbox 1286 4203 1594 4274; x_wconf 89' lang='lat' dir='ltr'><strong>Principum</strong></span> <span class='ocrx_word' id='word_1_534' title='bbox 1635 4218 1664 4257; x_wconf 90' lang='lat' dir='ltr'><strong>a</strong></span> <span class='ocrx_word' id='word_1_535' title='bbox 1706 4202 1811 4257; x_wconf 80' lang='lat' dir='ltr'><strong>fide</strong></span> <span class='ocrx_word' id='word_1_536' title='bbox 1859 4200 2058 4256; x_wconf 89' lang='lat' dir='ltr'><strong>Christi</strong></span> <span class='ocrx_word' id='word_1_537' title='bbox 2099 4199 2230 4256; x_wconf 88' lang='lat' dir='ltr'><strong>sub—</strong></span> 
     </span>
    </p>
   </div>
   <div class='ocr_carea' id='block_1_74' title="bbox 649 4290 2233 4361">
    <p class='ocr_par' dir='ltr' id='par_1_74' title="bbox 649 4290 2233 4361">
     <span class='ocr_line' id='line_1_74' title="bbox 649 4290 2233 4361; baseline -0.003 -11"><span class='ocrx_word' id='word_1_538' title='bbox 649 4303 846 4361; x_wconf 89' lang='lat' dir='ltr'><strong>vertat,</strong></span> <span class='ocrx_word' id='word_1_539' title='bbox 876 4309 980 4350; x_wconf 92' lang='lat' dir='ltr'><strong>non</strong></span> <span class='ocrx_word' id='word_1_540' title='bbox 1010 4294 1168 4350; x_wconf 68' lang='lat' dir='ltr'><strong>mina:</strong></span> <span class='ocrx_word' id='word_1_541' title='bbox 1196 4295 1522 4361; x_wconf 88' lang='lat' dir='ltr'><strong>deterreant,</strong></span> <span class='ocrx_word' id='word_1_542' title='bbox 1555 4310 1661 4349; x_wconf 93' lang='lat' dir='ltr'><strong>non</strong></span> <span class='ocrx_word' id='word_1_543' title='bbox 1687 4293 1868 4348; x_wconf 89' lang='lat' dir='ltr'><strong>suasio</strong></span> <span class='ocrx_word' id='word_1_544' title='bbox 1896 4290 2233 4347; x_wconf 88' lang='lat' dir='ltr'><strong>blandimen-</strong></span> 
     </span>
    </p>
   </div>
   <div class='ocr_carea' id='block_1_75' title="bbox 647 4383 2230 4458">
    <p class='ocr_par' dir='ltr' id='par_1_75' title="bbox 647 4383 2230 4458">
     <span class='ocr_line' id='line_1_75' title="bbox 647 4383 2230 4458; baseline -0.003 -17"><span class='ocrx_word' id='word_1_545' title='bbox 647 4396 827 4441; x_wconf 88' lang='lat' dir='ltr'><strong>torum</strong></span> <span class='ocrx_word' id='word_1_546' title='bbox 857 4387 1123 4458; x_wconf 88' lang='lat' dir='ltr'><strong>decipiat,</strong></span> <span class='ocrx_word' id='word_1_547' title='bbox 1171 4403 1279 4443; x_wconf 89' lang='lat' dir='ltr'><strong>non</strong></span> <span class='ocrx_word' id='word_1_548' title='bbox 1318 4387 1426 4441; x_wconf 90' lang='lat' dir='ltr'><strong>ulla</strong></span> <span class='ocrx_word' id='word_1_549' title='bbox 1465 4386 1851 4457; x_wconf 89' lang='lat' dir='ltr'><strong>promissorum</strong></span> <span class='ocrx_word' id='word_1_550' title='bbox 1884 4383 2112 4438; x_wconf 89' lang='lat' dir='ltr'><strong>facultas</strong></span> <span class='ocrx_word' id='word_1_551' title='bbox 2140 4397 2230 4437; x_wconf 87' lang='lat' dir='ltr'><strong>re-</strong></span> 
     </span>
    </p>
   </div>
   <div class='ocr_carea' id='block_1_76' title="bbox 645 4472 2232 4547">
    <p class='ocr_par' dir='ltr' id='par_1_76' title="bbox 645 4472 2232 4547">
     <span class='ocr_line' id='line_1_76' title="bbox 645 4472 2232 4547; baseline -0.003 -18"><span class='ocrx_word' id='word_1_552' title='bbox 645 4484 837 4543; x_wconf 84' lang='lat' dir='ltr'><strong>vocet;</strong></span> <span class='ocrx_word' id='word_1_553' title='bbox 878 4485 939 4531; x_wconf 87' lang='lat' dir='ltr'><strong>nt</strong></span> <span class='ocrx_word' id='word_1_554' title='bbox 977 4476 1049 4532; x_wconf 88' lang='lat' dir='ltr'><strong>ibi</strong></span> <span class='ocrx_word' id='word_1_555' title='bbox 1076 4491 1173 4532; x_wconf 88' lang='lat' dir='ltr'><strong>vos</strong></span> <span class='ocrx_word' id='word_1_556' title='bbox 1200 4486 1403 4532; x_wconf 58' lang='lat' dir='ltr'><strong>interna</strong></span> <span class='ocrx_word' id='word_1_557' title='bbox 1433 4475 1624 4547; x_wconf 89' lang='lat' dir='ltr'><strong>gaudia</strong></span> <span class='ocrx_word' id='word_1_558' title='bbox 1655 4474 1951 4544; x_wconf 88' lang='lat' dir='ltr'><strong>recipiant,</strong></span> <span class='ocrx_word' id='word_1_559' title='bbox 1982 4472 2073 4528; x_wconf 89' lang='lat' dir='ltr'><strong>ubi</strong></span> <span class='ocrx_word' id='word_1_560' title='bbox 2105 4478 2232 4527; x_wconf 89' lang='lat' dir='ltr'><strong>sunt</strong></span> 
     </span>
    </p>
   </div>
   <div class='ocr_carea' id='block_1_77' title="bbox 724 4603 2231 4680">
    <p class='ocr_par' dir='ltr' id='par_1_77' title="bbox 724 4603 2231 4680">
     <span class='ocr_line' id='line_1_77' title="bbox 724 4603 2231 4680; baseline -0.001 -16"><span class='ocrx_word' id='word_1_561' title='bbox 724 4624 751 4652; x_wconf 73' lang='grc' dir='ltr'>ι</span> <span class='ocrx_word' id='word_1_562' title='bbox 793 4610 905 4665; x_wconf 89' lang='lat' dir='ltr'><strong>Sub</strong></span> <span class='ocrx_word' id='word_1_563' title='bbox 933 4612 1035 4666; x_wconf 90' lang='lat' dir='ltr'><strong>hoc</strong></span> <span class='ocrx_word' id='word_1_564' title='bbox 1060 4611 1380 4680; x_wconf 87' lang='lat' dir='ltr'><strong>martyrium</strong></span> <span class='ocrx_word' id='word_1_565' title='bbox 1411 4607 1721 4680; x_wconf 83' lang='lat' dir='ltr'><strong>subiisseS.</strong></span> <span class='ocrx_word' id='word_1_566' title='bbox 1750 4606 2030 4680; x_wconf 52' lang='lat' dir='ltr'><strong>Dionysius</strong></span> <span class='ocrx_word' id='word_1_567' title='bbox 2064 4603 2231 4680; x_wconf 54' lang='lat' dir='ltr'><strong>trudi-3</strong></span> 
     </span>
    </p>
   </div>
   <div class='ocr_carea' id='block_1_78' title="bbox 654 4673 2229 4736">
    <p class='ocr_par' dir='ltr' id='par_1_78' title="bbox 654 4673 2229 4736">
     <span class='ocr_line' id='line_1_78' title="bbox 654 4673 2229 4736; baseline -0.005 -1"><span class='ocrx_word' id='word_1_568' title='bbox 654 4690 761 4735; x_wconf 91' lang='lat' dir='ltr'><strong>tur.</strong></span> <span class='ocrx_word' id='word_1_569' title='bbox 809 4681 1043 4736; x_wconf 89' lang='lat' dir='ltr'><strong>Lovetns</strong></span> <span class='ocrx_word' id='word_1_570' title='bbox 1082 4673 1270 4736; x_wconf 81' lang='lat' dir='ltr'><strong>scribit</strong></span> <span class='ocrx_word' id='word_1_571' title='bbox 1304 4680 1598 4735; x_wconf 90' lang='lat' dir='ltr'><strong>Sisinninm</strong></span> <span class='ocrx_word' id='word_1_572' title='bbox 1640 4673 1908 4733; x_wconf 83' lang='lat' dir='ltr'><strong>intellecta</strong></span> <span class='ocrx_word' id='word_1_573' title='bbox 1939 4673 2229 4730; x_wconf 90' lang='lat' dir='ltr'><strong>Domitiani</strong></span> 
     </span>
    </p>
   </div>
   <div class='ocr_carea' id='block_1_79' title="bbox 651 4746 2230 4817">
    <p class='ocr_par' dir='ltr' id='par_1_79' title="bbox 651 4746 2230 4817">
     <span class='ocr_line' id='line_1_79' title="bbox 651 4746 2230 4817; baseline -0.006 -10"><span class='ocrx_word' id='word_1_574' title='bbox 651 4760 829 4807; x_wconf 88' lang='lat' dir='ltr'><strong>morte</strong></span> <span class='ocrx_word' id='word_1_575' title='bbox 859 4753 910 4806; x_wconf 94' lang='lat' dir='ltr'><strong>in</strong></span> <span class='ocrx_word' id='word_1_576' title='bbox 946 4753 1140 4806; x_wconf 85' lang='lat' dir='ltr'><strong>Urbem</strong></span> <span class='ocrx_word' id='word_1_577' title='bbox 1172 4751 1428 4813; x_wconf 86' lang='lat' dir='ltr'><strong>rediisse;</strong></span> <span class='ocrx_word' id='word_1_578' title='bbox 1475 4749 1744 4803; x_wconf 72' lang='lat' dir='ltr'><strong>lulianum</strong></span> <span class='ocrx_word' id='word_1_579' title='bbox 1782 4762 1911 4801; x_wconf 89' lang='lat' dir='ltr'><strong>vero</strong></span> <span class='ocrx_word' id='word_1_580' title='bbox 1947 4746 2230 4817; x_wconf 73' lang='lat' dir='ltr'><strong>prmsidem</strong></span> 
     </span>
    </p>
   </div>
   <div class='ocr_carea' id='block_1_80' title="bbox 655 4814 2231 4942">
    <p class='ocr_par' dir='ltr' id='par_1_80' title="bbox 655 4814 2231 4942">
     <span class='ocr_line' id='line_1_80' title="bbox 655 4814 2231 4942; baseline -0.004 -68"><span class='ocrx_word' id='word_1_581' title='bbox 655 4823 941 4891; x_wconf 85' lang='lat' dir='ltr'><strong>quemdam</strong></span> <span class='ocrx_word' id='word_1_582' title='bbox 971 4822 1159 4875; x_wconf 71' lang='lat' dir='ltr'><strong>srevire</strong></span> <span class='ocrx_word' id='word_1_583' title='bbox 1188 4822 1240 4875; x_wconf 92' lang='lat' dir='ltr'><strong>in</strong></span> <span class='ocrx_word' id='word_1_584' title='bbox 1262 4819 1601 4875; x_wconf 89' lang='lat' dir='ltr'><strong>Christianos</strong></span> <span class='ocrx_word' id='word_1_585' title='bbox 1618 4814 2137 4942; x_wconf 52' lang='lat' dir='ltr'><strong>gerrexisse,&#39;atque</strong></span> <span class='ocrx_word' id='word_1_586' title='bbox 2163 4814 2231 4868; x_wconf 90' lang='lat' dir='ltr'><strong>ab</strong></span> 
     </span>
     <span class='ocr_line' id='line_1_81' title="bbox 657 4886 2231 4942; baseline -0.003 0"><span class='ocrx_word' id='word_1_587' title='bbox 657 4892 815 4942; x_wconf 86' lang='lat' dir='ltr'><strong>huius</strong></span> <span class='ocrx_word' id='word_1_588' title='bbox 842 4893 1165 4942; x_wconf 86' lang='lat' dir='ltr'><strong>satellitibus</strong></span> <span class='ocrx_word' id='word_1_589' title='bbox 1192 4892 1429 4942; x_wconf 85' lang='lat' dir='ltr'><strong>occisum</strong></span> <span class='ocrx_word' id='word_1_590' title='bbox 1459 4904 1579 4942; x_wconf 87' lang='lat' dir='ltr'><strong>esse</strong></span> <span class='ocrx_word' id='word_1_591' title='bbox 1665 4929 1676 4940; x_wconf 93' lang='lat'><strong>.</strong></span> <span class='ocrx_word' id='word_1_592' title='bbox 1722 4886 2031 4941; x_wconf 84' lang='lat' dir='ltr'><strong>Lucianum.</strong></span> <span class='ocrx_word' id='word_1_593' title='bbox 2058 4886 2231 4939; x_wconf 81' lang='lat' dir='ltr'><strong>Rena-</strong></span> 
     </span>
    </p>
   </div>
   <div class='ocr_carea' id='block_1_81' title="bbox 657 4886 2233 4959">
    <p class='ocr_par' dir='ltr' id='par_1_81' title="bbox 657 4886 2233 4959">
     <span class='ocr_line' id='line_1_82' title="bbox 657 4886 2233 4959; baseline -0.005 -13"><span class='ocrx_word' id='word_1_594' title='bbox 657 4886 815 4959; x_wconf 79' lang='lat' dir='ltr'><strong>linjns</strong></span> <span class='ocrx_word' id='word_1_595' title='bbox 842 4893 1165 4947; x_wconf 85' lang='lat' dir='ltr'><strong>satellitibus</strong></span> <span class='ocrx_word' id='word_1_596' title='bbox 1192 4892 1429 4947; x_wconf 90' lang='lat' dir='ltr'><strong>occisum</strong></span> <span class='ocrx_word' id='word_1_597' title='bbox 1459 4904 1579 4942; x_wconf 85' lang='lat' dir='ltr'><strong>esse</strong></span> <span class='ocrx_word' id='word_1_598' title='bbox 1618 4886 1676 4959; x_wconf 87' lang='lat' dir='ltr'><strong>S.</strong></span> <span class='ocrx_word' id='word_1_599' title='bbox 1722 4886 2037 4959; x_wconf 72' lang='lat' dir='ltr'><strong>Lucianum.</strong></span> <span class='ocrx_word' id='word_1_600' title='bbox 2058 4886 2233 4959; x_wconf 64' lang='lat' dir='ltr'><strong>liena-</strong></span> 
     </span>
    </p>
   </div>
   <div class='ocr_carea' id='block_1_82' title="bbox 657 4957 2234 5032">
    <p class='ocr_par' dir='ltr' id='par_1_82' title="bbox 657 4957 2234 5032">
     <span class='ocr_line' id='line_1_83' title="bbox 657 4957 2234 5032; baseline -0.003 -18"><span class='ocrx_word' id='word_1_601' title='bbox 657 4957 742 5016; x_wconf 83' lang='lat' dir='ltr'><strong>tus</strong></span> <span class='ocrx_word' id='word_1_602' title='bbox 797 4962 1121 5015; x_wconf 82' lang='lat' dir='ltr'><strong>Benedictus</strong></span> <span class='ocrx_word' id='word_1_603' title='bbox 1182 4969 1342 5032; x_wconf 86' lang='lat' dir='ltr'><strong>negat</strong></span> <span class='ocrx_word' id='word_1_604' title='bbox 1383 4958 1742 5030; x_wconf 87' lang='lat' dir='ltr'><strong>jurisdictioni</strong></span> <span class='ocrx_word' id='word_1_605' title='bbox 1795 4957 1911 5032; x_wconf 71' lang='lat' dir='ltr'><strong>ejus</strong></span> <span class='ocrx_word' id='word_1_606' title='bbox 1963 4957 2234 5032; x_wconf 79' lang='lat' dir='ltr'><strong>subjectos</strong></span> 
     </span>
    </p>
   </div>
   <div class='ocr_carea' id='block_1_83' title="bbox 649 5027 2231 5112">
    <p class='ocr_par' dir='ltr' id='par_1_83' title="bbox 649 5027 2231 5112">
     <span class='ocr_line' id='line_1_84' title="bbox 649 5027 2231 5112; baseline -0.004 -28"><span class='ocrx_word' id='word_1_607' title='bbox 649 5031 824 5106; x_wconf 71' lang='lat' dir='ltr'><strong>luisse</strong></span> <span class='ocrx_word' id='word_1_608' title='bbox 854 5027 1432 5110; x_wconf 61' lang='lat' dir='ltr'><strong>Bellovacos,_niisis§e</strong></span> <span class='ocrx_word' id='word_1_609' title='bbox 1461 5039 1641 5083; x_wconf 90' lang='lat' dir='ltr'><strong>tamen</strong></span> <span class='ocrx_word' id='word_1_610' title='bbox 1672 5044 1738 5083; x_wconf 87' lang='lat' dir='ltr'><strong>eo</strong></span> <span class='ocrx_word' id='word_1_611' title='bbox 1767 5028 1963 5110; x_wconf 58' lang='lat' dir='ltr'><strong>milites</strong></span> <span class='ocrx_word' id='word_1_612' title='bbox 1995 5027 2060 5112; x_wconf 58' lang='lat' dir='ltr'><strong>ad</strong></span> <span class='ocrx_word' id='word_1_613' title='bbox 2094 5028 2231 5106; x_wconf 66' lang='lat' dir='ltr'><strong>hanc</strong></span> 
     </span>
    </p>
   </div>
   <div class='ocr_carea' id='block_1_84' title="bbox 2325 3268 3780 3359">
    <p class='ocr_par' dir='ltr' id='par_1_84' title="bbox 2325 3268 3780 3359">
     <span class='ocr_line' id='line_1_85' title="bbox 2325 3268 3780 3359; baseline -0.014 -13"><span class='ocrx_word' id='word_1_614' title='bbox 2325 3290 2572 3359; x_wconf 87' lang='lat' dir='ltr'><strong>equitatu</strong></span> <span class='ocrx_word' id='word_1_615' title='bbox 2601 3287 2853 3342; x_wconf 86' lang='lat' dir='ltr'><strong>adierunt</strong></span> <span class='ocrx_word' id='word_1_616' title='bbox 2880 3291 3137 3347; x_wconf 89' lang='lat' dir='ltr'><strong>montem,</strong></span> <span class='ocrx_word' id='word_1_617' title='bbox 3184 3280 3277 3335; x_wconf 89' lang='lat' dir='ltr'><strong>ubi</strong></span> <span class='ocrx_word' id='word_1_618' title='bbox 3322 3282 3409 3335; x_wconf 86' lang='lat' dir='ltr'><strong>vir</strong></span> <span class='ocrx_word' id='word_1_619' title='bbox 3447 3278 3534 3334; x_wconf 85' lang='lat' dir='ltr'><strong>Dei</strong></span> <span class='ocrx_word' id='word_1_620' title='bbox 3556 3268 3780 3342; x_wconf 67' lang='lat' dir='ltr'><strong>cumpoplb</strong></span> 
     </span>
    </p>
   </div>
   <div class='ocr_carea' id='block_1_85' title="bbox 2326 3364 3779 3445">
    <p class='ocr_par' dir='ltr' id='par_1_85' title="bbox 2326 3364 3779 3445">
     <span class='ocr_line' id='line_1_86' title="bbox 2326 3364 3779 3445; baseline -0.017 -7"><span class='ocrx_word' id='word_1_621' title='bbox 2326 3392 2381 3439; x_wconf 92' lang='lat' dir='ltr'><strong>et</strong></span> <span class='ocrx_word' id='word_1_622' title='bbox 2425 3381 2538 3436; x_wconf 90' lang='lat' dir='ltr'><strong>suis</strong></span> <span class='ocrx_word' id='word_1_623' title='bbox 2585 3379 2900 3434; x_wconf 90' lang='lat' dir='ltr'><strong>morabatur</strong></span> <span class='ocrx_word' id='word_1_624' title='bbox 2946 3372 3244 3445; x_wconf 88' lang='lat' dir='ltr'><strong>discipulis.</strong></span> <span class='ocrx_word' id='word_1_625' title='bbox 3314 3370 3336 3410; x_wconf 72' lang='grc' dir='ltr'><em>τ</em></span> <span class='ocrx_word' id='word_1_626' title='bbox 3375 3372 3489 3438; x_wconf 82' lang='lat' dir='ltr'><strong>Quo</strong></span> <span class='ocrx_word' id='word_1_627' title='bbox 3527 3364 3779 3439; x_wconf 66' lang='lat' dir='ltr'><strong>pervenientes</strong></span> 
     </span>
    </p>
   </div>
   <div class='ocr_carea' id='block_1_86' title="bbox 2327 3454 3843 3539">
    <p class='ocr_par' dir='ltr' id='par_1_86' title="bbox 2327 3454 3843 3539">
     <span class='ocr_line' id='line_1_87' title="bbox 2327 3454 3843 3539; baseline -0.016 -11"><span class='ocrx_word' id='word_1_628' title='bbox 2327 3484 2455 3529; x_wconf 90' lang='lat' dir='ltr'><strong>ante</strong></span> <span class='ocrx_word' id='word_1_629' title='bbox 2474 3471 2634 3526; x_wconf 90' lang='lat' dir='ltr'><strong>ullam</strong></span> <span class='ocrx_word' id='word_1_630' title='bbox 2658 3466 3130 3539; x_wconf 87' lang='lat' dir='ltr'><strong>interrogationem</strong></span> <span class='ocrx_word' id='word_1_631' title='bbox 3147 3463 3453 3532; x_wconf 73' lang='lat' dir='ltr'><strong>iudiciaria:</strong></span> <span class='ocrx_word' id='word_1_632' title='bbox 3473 3454 3777 3531; x_wconf 61' lang='lat' dir='ltr'><strong>potestatum</strong></span> <span class='ocrx_word' id='word_1_633' title='bbox 3842 3490 3843 3497; x_wconf 56' lang='grc' dir='ltr'><strong>η</strong></span> 
     </span>
    </p>
   </div>
   <div class='ocr_carea' id='block_1_87' title="bbox 2326 3546 3843 3637">
    <p class='ocr_par' dir='ltr' id='par_1_87' title="bbox 2326 3546 3843 3637">
     <span class='ocr_line' id='line_1_88' title="bbox 2326 3546 3843 3637; baseline -0.015 -17"><span class='ocrx_word' id='word_1_634' title='bbox 2326 3563 2733 3637; x_wconf 88' lang='lat' dir='ltr'><strong>prehenderunt</strong></span> <span class='ocrx_word' id='word_1_635' title='bbox 2761 3569 2980 3615; x_wconf 90' lang='lat' dir='ltr'><strong>sanctos</strong></span> <span class='ocrx_word' id='word_1_636' title='bbox 3007 3557 3137 3622; x_wconf 91' lang='lat' dir='ltr'><strong>Dei,</strong></span> <span class='ocrx_word' id='word_1_637' title='bbox 3178 3553 3556 3608; x_wconf 77' lang='lat' dir='ltr'><strong>Maximiauam</strong></span> <span class='ocrx_word' id='word_1_638' title='bbox 3576 3546 3776 3603; x_wconf 48' lang='lat' dir='ltr'><strong>scilicet»</strong></span> 
     </span>
    </p>
   </div>
   <div class='ocr_carea' id='block_1_88' title="bbox 2329 3645 3774 3730">
    <p class='ocr_par' dir='ltr' id='par_1_88' title="bbox 2329 3645 3774 3730">
     <span class='ocr_line' id='line_1_89' title="bbox 2329 3645 3774 3730; baseline -0.018 -15"><span class='ocrx_word' id='word_1_639' title='bbox 2329 3676 2434 3730; x_wconf 89' lang='lat' dir='ltr'><strong>que</strong></span> <span class='ocrx_word' id='word_1_640' title='bbox 2456 3657 2746 3713; x_wconf 73' lang='lat' dir='ltr'><strong>lulianum.</strong></span> <span class='ocrx_word' id='word_1_641' title='bbox 2770 3654 2933 3709; x_wconf 87' lang='lat' dir='ltr'><strong>Forte</strong></span> <span class='ocrx_word' id='word_1_642' title='bbox 2953 3659 3012 3705; x_wconf 92' lang='lat' dir='ltr'><strong>ut</strong></span> <span class='ocrx_word' id='word_1_643' title='bbox 3035 3664 3223 3705; x_wconf 88' lang='lat' dir='ltr'><strong>eorum</strong></span> <span class='ocrx_word' id='word_1_644' title='bbox 3249 3647 3430 3719; x_wconf 76' lang='lat' dir='ltr'><strong>pcenis</strong></span> <span class='ocrx_word' id='word_1_645' title='bbox 3454 3651 3654 3700; x_wconf 87' lang='lat' dir='ltr'><strong>sanctum</strong></span> <span class='ocrx_word' id='word_1_646' title='bbox 3672 3645 3774 3690; x_wconf 69' lang='lat' dir='ltr'><strong>sem</strong></span> 
     </span>
    </p>
   </div>
   <div class='ocr_carea' id='block_1_89' title="bbox 2330 3730 3777 3812">
    <p class='ocr_par' dir='ltr' id='par_1_89' title="bbox 2330 3730 3777 3812">
     <span class='ocr_line' id='line_1_90' title="bbox 2330 3730 3777 3812; baseline -0.015 -6"><span class='ocrx_word' id='word_1_647' title='bbox 2330 3753 2701 3812; x_wconf 84' lang='lat' dir='ltr'><strong>deterrerent,</strong></span> <span class='ocrx_word' id='word_1_648' title='bbox 2755 3754 2811 3801; x_wconf 90' lang='lat' dir='ltr'><strong>et</strong></span> <span class='ocrx_word' id='word_1_649' title='bbox 2858 3750 3180 3799; x_wconf 80' lang='lat' dir='ltr'><strong>revocarent</strong></span> <span class='ocrx_word' id='word_1_650' title='bbox 3226 3740 3301 3805; x_wconf 72' lang='lat' dir='ltr'><strong>ad</strong></span> <span class='ocrx_word' id='word_1_651' title='bbox 3344 3737 3588 3792; x_wconf 86' lang='lat' dir='ltr'><strong>culturam</strong></span> <span class='ocrx_word' id='word_1_652' title='bbox 3630 3730 3777 3785; x_wconf 69' lang='lat' dir='ltr'><strong>deum</strong></span> 
     </span>
    </p>
   </div>
   <div class='ocr_carea' id='block_1_90' title="bbox 2329 3815 3776 3911">
    <p class='ocr_par' dir='ltr' id='par_1_90' title="bbox 2329 3815 3776 3911">
     <span class='ocr_line' id='line_1_91' title="bbox 2329 3815 3776 3911; baseline -0.018 -14"><span class='ocrx_word' id='word_1_653' title='bbox 2329 3842 2537 3911; x_wconf 86' lang='lat' dir='ltr'><strong>Quibus</strong></span> <span class='ocrx_word' id='word_1_654' title='bbox 2572 3835 2995 3908; x_wconf 84' lang='lat' dir='ltr'><strong>comprehensis,</strong></span> <span class='ocrx_word' id='word_1_655' title='bbox 3050 3831 3377 3902; x_wconf 76' lang='lat' dir='ltr'><strong>przecipiunt</strong></span> <span class='ocrx_word' id='word_1_656' title='bbox 3420 3840 3533 3881; x_wconf 88' lang='lat' dir='ltr'><strong>eum</strong></span> <span class='ocrx_word' id='word_1_657' title='bbox 3574 3815 3776 3911; x_wconf 30' lang='lat' dir='ltr'><strong>auct-util?</strong></span> 
     </span>
    </p>
   </div>
   <div class='ocr_carea' id='block_1_91' title="bbox 2331 3908 3775 4009">
    <p class='ocr_par' dir='ltr' id='par_1_91' title="bbox 2331 3908 3775 4009">
     <span class='ocr_line' id='line_1_92' title="bbox 2331 3908 3775 4009; baseline -0.019 -18"><span class='ocrx_word' id='word_1_658' title='bbox 2331 3908 2478 4009; x_wconf 74' lang='lat' dir='ltr'><strong>regia</strong></span> <span class='ocrx_word' id='word_1_659' title='bbox 2505 3948 2631 3988; x_wconf 89' lang='lat' dir='ltr'><strong>cum</strong></span> <span class='ocrx_word' id='word_1_660' title='bbox 2659 3929 2807 3986; x_wconf 90' lang='lat' dir='ltr'><strong>omni</strong></span> <span class='ocrx_word' id='word_1_661' title='bbox 2839 3926 3044 3988; x_wconf 87' lang='lat' dir='ltr'><strong>furore,</strong></span> <span class='ocrx_word' id='word_1_662' title='bbox 3080 3921 3236 3978; x_wconf 88' lang='lat' dir='ltr'><strong>idolis</strong></span> <span class='ocrx_word' id='word_1_663' title='bbox 3273 3916 3578 3974; x_wconf 88' lang='lat' dir='ltr'><strong>immolare:</strong></span> 
     </span>
    </p>
   </div>
   <div class='ocr_carea' id='block_1_92' title="bbox 2332 3996 3841 4096">
    <p class='ocr_par' dir='ltr' id='par_1_92' title="bbox 2332 3996 3841 4096">
     <span class='ocr_line' id='line_1_93' title="bbox 2332 3996 3841 4096; baseline -0.024 -14"><span class='ocrx_word' id='word_1_664' title='bbox 2332 3996 2621 4096; x_wconf 68' lang='lat' dir='ltr'><strong>inquiunt,</strong></span> <span class='ocrx_word' id='word_1_665' title='bbox 2679 4020 2781 4075; x_wconf 87' lang='lat' dir='ltr'><strong>nisi</strong></span> <span class='ocrx_word' id='word_1_666' title='bbox 2830 4012 3274 4073; x_wconf 80' lang='lat' dir='ltr'><strong>sacrificaveritis</strong></span> <span class='ocrx_word' id='word_1_667' title='bbox 3327 4009 3431 4065; x_wconf 91' lang='lat' dir='ltr'><strong>diis</strong></span> <span class='ocrx_word' id='word_1_668' title='bbox 3476 3996 3777 4092; x_wconf 39' lang='lat' dir='ltr'><strong>immortalibus.</strong></span> <span class='ocrx_word' id='word_1_669' title='bbox 3840 4030 3841 4035; x_wconf 59' lang='grc' dir='ltr'><strong>η</strong></span> 
     </span>
    </p>
   </div>
   <div class='ocr_carea' id='block_1_93' title="bbox 2331 4093 3841 4190">
    <p class='ocr_par' dir='ltr' id='par_1_93' title="bbox 2331 4093 3841 4190">
     <span class='ocr_line' id='line_1_94' title="bbox 2331 4093 3841 4190; baseline -0.017 -17"><span class='ocrx_word' id='word_1_670' title='bbox 2331 4093 2509 4190; x_wconf 79' lang='lat' dir='ltr'><strong>gladio</strong></span> <span class='ocrx_word' id='word_1_671' title='bbox 2534 4130 2631 4169; x_wconf 91' lang='lat' dir='ltr'><strong>vos</strong></span> <span class='ocrx_word' id='word_1_672' title='bbox 2655 4128 2778 4169; x_wconf 79' lang='lat' dir='ltr'><strong>mox</strong></span> <span class='ocrx_word' id='word_1_673' title='bbox 2805 4109 2980 4182; x_wconf 90' lang='lat' dir='ltr'><strong>puniri</strong></span> <span class='ocrx_word' id='word_1_674' title='bbox 3006 4107 3282 4179; x_wconf 88' lang='lat' dir='ltr'><strong>juhemus.</strong></span> <span class='ocrx_word' id='word_1_675' title='bbox 3323 4102 3402 4157; x_wconf 92' lang='lat' dir='ltr'><strong>Illi</strong></span> <span class='ocrx_word' id='word_1_676' title='bbox 3434 4109 3590 4154; x_wconf 86' lang='lat' dir='ltr'><strong>autem</strong></span> <span class='ocrx_word' id='word_1_677' title='bbox 3617 4093 3775 4190; x_wconf 29' lang='lat' dir='ltr'><strong>forlf‘Sll‘</strong></span> <span class='ocrx_word' id='word_1_678' title='bbox 3840 4132 3841 4161; x_wconf 27' lang='grc' dir='ltr'><strong>ἰ</strong></span> 
     </span>
    </p>
   </div>
   <div class='ocr_carea' id='block_1_94' title="bbox 2333 4180 3774 4269">
    <p class='ocr_par' dir='ltr' id='par_1_94' title="bbox 2333 4180 3774 4269">
     <span class='ocr_line' id='line_1_95' title="bbox 2333 4180 3774 4269; baseline -0.02 -6"><span class='ocrx_word' id='word_1_679' title='bbox 2333 4180 2439 4262; x_wconf 63' lang='lat' dir='ltr'><strong>fide</strong></span> <span class='ocrx_word' id='word_1_680' title='bbox 2467 4206 2738 4268; x_wconf 78' lang='lat' dir='ltr'><strong>dixerunt,</strong></span> <span class='ocrx_word' id='word_1_681' title='bbox 2768 4180 3042 4269; x_wconf 79' lang='lat' dir='ltr'><strong>nunquam</strong></span> <span class='ocrx_word' id='word_1_682' title='bbox 3070 4211 3128 4251; x_wconf 89' lang='lat' dir='ltr'><strong>se</strong></span> <span class='ocrx_word' id='word_1_683' title='bbox 3156 4193 3334 4259; x_wconf 89' lang='lat' dir='ltr'><strong>idolis,</strong></span> <span class='ocrx_word' id='word_1_684' title='bbox 3362 4190 3481 4261; x_wconf 88' lang='lat' dir='ltr'><strong>quia</strong></span> <span class='ocrx_word' id='word_1_685' title='bbox 3508 4200 3621 4240; x_wconf 83' lang='lat' dir='ltr'><strong>vana</strong></span> <span class='ocrx_word' id='word_1_686' title='bbox 3642 4180 3774 4237; x_wconf 59' lang='lat' dir='ltr'><strong>suuml</strong></span> 
     </span>
    </p>
   </div>
   <div class='ocr_carea' id='block_1_95' title="bbox 2331 4274 3773 4368">
    <p class='ocr_par' dir='ltr' id='par_1_95' title="bbox 2331 4274 3773 4368">
     <span class='ocr_line' id='line_1_96' title="bbox 2331 4274 3773 4368; baseline -0.019 -16"><span class='ocrx_word' id='word_1_687' title='bbox 2331 4311 2495 4368; x_wconf 88' lang='lat' dir='ltr'><strong>opera</strong></span> <span class='ocrx_word' id='word_1_688' title='bbox 2524 4308 2778 4349; x_wconf 86' lang='lat' dir='ltr'><strong>manuum</strong></span> <span class='ocrx_word' id='word_1_689' title='bbox 2810 4289 3113 4351; x_wconf 83' lang='lat' dir='ltr'><strong>hominum,</strong></span> <span class='ocrx_word' id='word_1_690' title='bbox 3156 4283 3437 4339; x_wconf 75' lang='lat' dir='ltr'><strong>immotam</strong></span> <span class='ocrx_word' id='word_1_691' title='bbox 3463 4298 3476 4335; x_wconf 91' lang='lat'><strong>:</strong></span> <span class='ocrx_word' id='word_1_692' title='bbox 3503 4274 3701 4368; x_wconf 58' lang='lat' dir='ltr'><strong>Quoniam</strong></span> <span class='ocrx_word' id='word_1_693' title='bbox 3723 4280 3773 4317; x_wconf 70' lang='grc' dir='ltr'><strong>ω’</strong></span> 
     </span>
    </p>
   </div>
   <div class='ocr_carea' id='block_1_96' title="bbox 2331 4360 3774 4449">
    <p class='ocr_par' dir='ltr' id='par_1_96' title="bbox 2331 4360 3774 4449">
     <span class='ocr_line' id='line_1_97' title="bbox 2331 4360 3774 4449; baseline -0.019 -8"><span class='ocrx_word' id='word_1_694' title='bbox 2331 4360 2532 4449; x_wconf 84' lang='lat' dir='ltr'><strong>vimus,</strong></span> <span class='ocrx_word' id='word_1_695' title='bbox 2584 4384 2786 4446; x_wconf 91' lang='lat' dir='ltr'><strong>dicunt,</strong></span> <span class='ocrx_word' id='word_1_696' title='bbox 2832 4395 2998 4434; x_wconf 91' lang='lat' dir='ltr'><strong>unum</strong></span> <span class='ocrx_word' id='word_1_697' title='bbox 3048 4386 3103 4432; x_wconf 90' lang='lat' dir='ltr'><strong>et</strong></span> <span class='ocrx_word' id='word_1_698' title='bbox 3156 4390 3345 4429; x_wconf 90' lang='lat' dir='ltr'><strong>verum</strong></span> <span class='ocrx_word' id='word_1_699' title='bbox 3392 4371 3635 4428; x_wconf 86' lang='lat' dir='ltr'><strong>Dominum</strong></span> <span class='ocrx_word' id='word_1_700' title='bbox 3668 4360 3774 4415; x_wconf 65' lang='lat' dir='ltr'><strong>lem</strong></span> 
     </span>
    </p>
   </div>
   <div class='ocr_carea' id='block_1_97' title="bbox 2334 4451 3773 4538">
    <p class='ocr_par' dir='ltr' id='par_1_97' title="bbox 2334 4451 3773 4538">
     <span class='ocr_line' id='line_1_98' title="bbox 2334 4451 3773 4538; baseline -0.015 -5"><span class='ocrx_word' id='word_1_701' title='bbox 2334 4476 2609 4533; x_wconf 90' lang='lat' dir='ltr'><strong>Christum</strong></span> <span class='ocrx_word' id='word_1_702' title='bbox 2643 4472 2836 4528; x_wconf 87' lang='lat' dir='ltr'><strong>Filium</strong></span> <span class='ocrx_word' id='word_1_703' title='bbox 2868 4469 2963 4526; x_wconf 90' lang='lat' dir='ltr'><strong>Dei</strong></span> <span class='ocrx_word' id='word_1_704' title='bbox 2994 4467 3122 4535; x_wconf 87' lang='lat' dir='ltr'><strong>vivi,</strong></span> <span class='ocrx_word' id='word_1_705' title='bbox 3153 4481 3254 4538; x_wconf 86' lang='lat' dir='ltr'><strong>pro</strong></span> <span class='ocrx_word' id='word_1_706' title='bbox 3292 4465 3444 4536; x_wconf 89' lang='lat' dir='ltr'><strong>cujus</strong></span> <span class='ocrx_word' id='word_1_707' title='bbox 3470 4462 3559 4517; x_wconf 83' lang='lat' dir='ltr'><strong>fide</strong></span> <span class='ocrx_word' id='word_1_708' title='bbox 3582 4451 3701 4528; x_wconf 68' lang='lat' dir='ltr'><strong>parili</strong></span> <span class='ocrx_word' id='word_1_709' title='bbox 3724 4461 3773 4500; x_wconf 71' lang='grc'><strong>⁵³-</strong></span> 
     </span>
    </p>
   </div>
   <div class='ocr_carea' id='block_1_98' title="bbox 2258 4527 2310 4588">
    <p class='ocr_par' dir='ltr' id='par_1_98' title="bbox 2258 4527 2310 4588">
     <span class='ocr_line' id='line_1_99' title="bbox 2258 4527 2310 4588; baseline 0 0"><span class='ocrx_word' id='word_1_710' title='bbox 2258 4527 2310 4588; x_wconf 95' lang='lat' dir='ltr'><strong>D</strong></span> 
     </span>
    </p>
   </div>
   <div class='ocr_carea' id='block_1_99' title="bbox 2336 4593 3769 4681">
    <p class='ocr_par' dir='ltr' id='par_1_99' title="bbox 2336 4593 3769 4681">
     <span class='ocr_line' id='line_1_100' title="bbox 2336 4593 3769 4681; baseline -0.004 -13"><span class='ocrx_word' id='word_1_711' title='bbox 2336 4615 2529 4671; x_wconf 90' lang='lat' dir='ltr'><strong>debeo.</strong></span> <span class='ocrx_word' id='word_1_712' title='bbox 2560 4611 2798 4681; x_wconf 88' lang='lat' dir='ltr'><strong>Uterque</strong></span> <span class='ocrx_word' id='word_1_713' title='bbox 2825 4608 2893 4664; x_wconf 91' lang='lat' dir='ltr'><strong>ab</strong></span> <span class='ocrx_word' id='word_1_714' title='bbox 2916 4620 3113 4681; x_wconf 80' lang='lat' dir='ltr'><strong>occasu</strong></span> <span class='ocrx_word' id='word_1_715' title='bbox 3135 4602 3371 4674; x_wconf 82' lang='lat' dir='ltr'><strong>proﬂuit,</strong></span> <span class='ocrx_word' id='word_1_716' title='bbox 3402 4608 3597 4681; x_wconf 52' lang='lat' dir='ltr'><strong>uterque</strong></span> <span class='ocrx_word' id='word_1_717' title='bbox 3614 4593 3653 4681; x_wconf 60' lang='grc' dir='ltr'><strong>ῖξι</strong></span> 
     </span>
    </p>
   </div>
   <div class='ocr_carea' id='block_1_100' title="bbox 2336 4664 3769 4751">
    <p class='ocr_par' dir='ltr' id='par_1_100' title="bbox 2336 4664 3769 4751">
     <span class='ocr_line' id='line_1_101' title="bbox 2336 4664 3769 4751; baseline -0.013 -10"><span class='ocrx_word' id='word_1_718' title='bbox 2336 4664 2679 4747; x_wconf 39' lang='lat' dir='ltr'><strong>tein‘fert&#39;ur—ﬁ</strong></span> <span class='ocrx_word' id='word_1_719' title='bbox 2702 4664 2859 4751; x_wconf 45' lang='lat' dir='ltr'><strong>‘quod</strong></span> <span class='ocrx_word' id='word_1_720' title='bbox 2901 4695 2956 4733; x_wconf 90' lang='lat' dir='ltr'><strong>ra</strong></span> <span class='ocrx_word' id='word_1_721' title='bbox 2966 4664 3239 4751; x_wconf 71' lang='lat' dir='ltr'><strong>rissimum</strong></span> <span class='ocrx_word' id='word_1_722' title='bbox 3255 4664 3377 4751; x_wconf 74' lang='lat' dir='ltr'><strong>_est._</strong></span> <span class='ocrx_word' id='word_1_723' title='bbox 3413 4664 3648 4751; x_wconf 58' lang='lat' dir='ltr'><strong>altiliath</strong></span> <span class='ocrx_word' id='word_1_724' title='bbox 3663 4664 3769 4751; x_wconf 38' lang='lat' dir='ltr'><strong>illi?</strong></span> 
     </span>
    </p>
   </div>
   <div class='ocr_carea' id='block_1_101' title="bbox 2335 4726 3839 4825">
    <p class='ocr_par' dir='ltr' id='par_1_101' title="bbox 2335 4726 3839 4825">
     <span class='ocr_line' id='line_1_102' title="bbox 2335 4726 3839 4825; baseline 0.003 -15"><span class='ocrx_word' id='word_1_725' title='bbox 2335 4726 2492 4811; x_wconf 72' lang='grc' dir='ltr'>ἱόἕὶιέ</span> <span class='ocrx_word' id='word_1_726' title='bbox 2500 4726 3581 4825; x_wconf 46' lang='lat' dir='ltr'><strong>2&#39;51&quot;mxumam;calamisioue</strong></span> <span class='ocrx_word' id='word_1_727' title='bbox 3611 4726 3769 4825; x_wconf 52' lang='grc' dir='ltr'><strong>ἓξὲξῖ</strong></span> <span class='ocrx_word' id='word_1_728' title='bbox 3838 4766 3839 4815; x_wconf 50' lang='grc'><strong>1</strong></span> 
     </span>
    </p>
   </div>
   <div class='ocr_carea' id='block_1_102' title="bbox 2337 4802 3767 4892">
    <p class='ocr_par' dir='ltr' id='par_1_102' title="bbox 2337 4802 3767 4892">
     <span class='ocr_line' id='line_1_103' title="bbox 2337 4802 3767 4892; baseline -0.018 -9"><span class='ocrx_word' id='word_1_729' title='bbox 2337 4802 2977 4892; x_wconf 50' lang='lat' dir='ltr'><strong>inaﬁiéliéﬁéiia&#39;eii‘s}&#39;gd</strong></span> <span class='ocrx_word' id='word_1_730' title='bbox 3012 4802 3296 4892; x_wconf 48' lang='lat' dir='ltr'><strong>regesque</strong></span> <span class='ocrx_word' id='word_1_731' title='bbox 3320 4802 3767 4892; x_wconf 41' lang='lat' dir='ltr'><strong>pertinens}???</strong></span> 
     </span>
    </p>
   </div>
   <div class='ocr_carea' id='block_1_103' title="bbox 2338 4874 3767 4962">
    <p class='ocr_par' dir='ltr' id='par_1_103' title="bbox 2338 4874 3767 4962">
     <span class='ocr_line' id='line_1_104' title="bbox 2338 4874 3767 4962; baseline -0.01 -12"><span class='ocrx_word' id='word_1_732' title='bbox 2338 4874 2574 4951; x_wconf 55' lang='lat' dir='ltr'><strong>iiiéii&#39;éi</strong></span> <span class='ocrx_word' id='word_1_733' title='bbox 2590 4874 2777 4962; x_wconf 64' lang='lat' dir='ltr'><strong>parte</strong></span> <span class='ocrx_word' id='word_1_734' title='bbox 2792 4874 2870 4946; x_wconf 37' lang='lat' dir='ltr'><strong>ad.</strong></span> <span class='ocrx_word' id='word_1_735' title='bbox 2896 4874 3229 4962; x_wconf 60' lang='lat' dir='ltr'><strong>Hadrianum</strong></span> <span class='ocrx_word' id='word_1_736' title='bbox 3256 4874 3520 4939; x_wconf 69' lang='lat' dir='ltr'><strong>Bollerium</strong></span> 
     </span>
    </p>
   </div>
   <div class='ocr_carea' id='block_1_104' title="bbox 2338 4936 3765 5050">
    <p class='ocr_par' dir='ltr' id='par_1_104' title="bbox 2338 4936 3765 5050">
     <span class='ocr_line' id='line_1_105' title="bbox 2338 4936 3765 5050; baseline 0.027 -29"><span class='ocrx_word' id='word_1_737' title='bbox 2338 4936 2529 5045; x_wconf 53' lang='lat' dir='ltr'><strong>iam?</strong></span> <span class='ocrx_word' id='word_1_738' title='bbox 2739 4960 3066 5050; x_wconf 50' lang='lat' dir='ltr'><strong>«remigium</strong></span> <span class='ocrx_word' id='word_1_739' title='bbox 3097 4956 3392 5050; x_wconf 64' lang='grc' dir='ltr'><strong>ίιιξιίοξιιιξμε</strong></span> <span class='ocrx_word' id='word_1_740' title='bbox 3425 4936 3765 5050; x_wconf 47' lang='lat' dir='ltr'><strong>erilem;</strong></span> 
     </span>
    </p>
   </div>
   <div class='ocr_carea' id='block_1_105' title="bbox 2337 5012 3766 5112">
    <p class='ocr_par' dir='ltr' id='par_1_105' title="bbox 2337 5012 3766 5112">
     <span class='ocr_line' id='line_1_106' title="bbox 2337 5012 3766 5112; baseline -0.004 -19"><span class='ocrx_word' id='word_1_741' title='bbox 2337 5012 2944 5112; x_wconf 58' lang='grc' dir='ltr'><strong>ἕὶέ”ξίὲ‹ῐ⁷ὒξὲξςη’ίὸ’.“ῐιί</strong></span> <span class='ocrx_word' id='word_1_742' title='bbox 2992 5028 3098 5082; x_wconf 83' lang='grc' dir='ltr'><strong>(1υο</strong></span> <span class='ocrx_word' id='word_1_743' title='bbox 3142 5023 3339 5105; x_wconf 67' lang='grc' dir='ltr'><strong>ιιιινίομ</strong></span> <span class='ocrx_word' id='word_1_744' title='bbox 3384 5012 3766 5112; x_wconf 32' lang='grc' dir='ltr'><strong>οοςιειιςξξηίξηξξξξξ</strong></span> 
     </span>
    </p>
   </div>
  </div>
