3904 5304
26 295 144 351 ΗΞΙ

1216 292 1448 349 SERMO
1486 290 1551 346 IN
1591 290 1650 348 S.
1688 290 2067 350 LUCIANUM.

3140 301 3282 353 “2?.

23 424 133 466 mus
153 408 308 463 mori.
335 405 542 476 Quibus
569 407 770 464 auditis
793 406 1050 463 continuo
1075 420 1259 463 coram
1286 404 1587 461 beatissimi
1618 410 1661 466 Λ
1694 405 2128 473 progenitoribus
2149 407 2364 476 quidem
2385 408 2520 464 meis
2538 424 2663 465 vere
2678 408 2874 465 Lucius
2889 382 3008 465 sum
3030 422 3278 480 vocatus;

23 501 236 557 Luciani
267 500 546 556 obtutibus
572 499 851 569 jusserunt
891 516 986 555 eos
1025 500 1204 571 gladio
1230 499 1429 569 puniri.
1462 497 1591 565 Qui-

23 595 107 647 bus
138 591 210 645 ita
249 592 495 660 patratis,
528 593 825 661 promissas
870 592 972 646 sibi
1013 607 1044 645 a
1092 590 1322 645 Domino
1365 590 1590 642 immar-

23 680 287 738 rescibiles
316 691 949 751 perceperuntcoronas,
995 689 1052 735 et
1092 681 1146 735 in
1190 696 1417 735 numero
1464 694 1593 734 san-

23 784 218 828 ctorum
247 780 571 843 martyrum,
598 788 720 826 cum
742 786 884 841 pace
912 780 1038 826 sunt
1068 770 1288 839 recepti.
1317 770 1426 824 Pro
1450 783 1587 838 quo-

23 878 124 919 rum
157 862 329 931 gloria
368 863 430 917 Β.
470 862 742 918 Lucianus
780 862 1069 917 Dominum
1109 862 1420 915 collaudatis
1458 876 1588 914 voce

23 954 400 1026 gratulabunda
430 969 614 1008 coram
643 953 895 1009 omnibus
937 954 1110 1007 dixit:
1146 952 1370 1007 Exsulto
1410 962 1464 1005 et
1496 951 1588 1019 ju-

23 1046 215 1100 cundor
244 1045 298 1098 in
326 1054 395 1107 te,
410 1043 556 1100 Deus
585 1060 759 1109 meus,
778 1045 904 1115 quia
936 1043 1076 1099 ﬁlios
1104 1058 1367 1098 meosmc
1397 1044 1589 1114 prmire

23 1139 74 1194 ad
97 1154 351 1195 coronam
376 1140 614 1196 intueor.

622 1271 848 1328 CAPUT
889 1268 974 1325 IV.

228 1364 314 1442 'S.
354 1385 620 1442 Lucianus
652 1388 792 1442 varie
826 1397 1015 1451 tortus,
1055 1387 1330 1442 occiditur.

79 1499 166 1555 16.
204 1499 360 1556 Tunc
389 1500 635 1566 Latinus,
672 1501 862 1566 larius,
892 1510 947 1556 et
971 1501 1143 1556 Antor
1167 1518 1289 1556 cum
1314 1502 1397 1555 ira
1426 1510 1479 1557 et
1498 1516 1585 1555 ιιι-

23 1590 345 1660 dignationc,
389 1592 544 1661 quasi
585 1608 651 1647 ex
692 1608 801 1646 uno
847 1607 943 1647 ore
983 1593 1241 1646 atrociter
1282 1607 1405 1646 eum
1448 1591 1584 1645 allo-

23 1685 249 1745 quuntur
279 1694 292 1731 :
324 1676 475 1732 Tune
497 1693 557 1732 es
580 1676 697 1743 ille,
744 1678 1023 1748 inquiunt,
1050 1679 1138 1747 qui
1169 1678 1450 1733 maleliciis
1470 1678 1585 1732 tuis

1696 494 1749 548 in
1780 498 2189 565 regeneratione
2216 514 2366 563 vero,
2400 516 2502 570 qua
2535 510 2754 557 renatus
2776 518 2893 557 sum
2922 504 2990 558 ad
3016 512 3276 560 aeternam

1693 585 1858 638 vitam
1891 585 1944 639 in
1977 585 2215 653 Christo,
2245 588 2518 644 Lucianus
2556 606 2730 646 vocor.
2779 594 3116 650 Conditionis
3147 610 3279 650 vero

1691 672 1846 742 cujus
1871 674 2004 740 sint;
2035 675 2337 731 liontanum
2364 695 2450 733 me
2473 695 2596 735 esse
2620 695 2838 750 genere,
2874 683 3017 752 quod
3048 684 3098 738 in
3130 685 3278 740 oumi

1690 771 1821 823 orbe
1845 770 2184 824 notissimum
2209 780 2294 825 est
2320 788 2537 836 nomen,
2563 773 2822 843 proﬁteor
2847 792 2861 829 :
2894 776 2987 831 sed
3011 780 3154 846 quod
3181 794 3278 832 no-

1691 860 1852 914 bilius
1873 870 1956 914 est
1983 861 2132 924 mihi,
2160 876 2377 916 servum
2404 878 2488 916 inc
2507 877 2628 917 esse
2648 863 2847 918 Christi
2869 864 2993 920 Jcsu
3016 868 3244 921 ostendo
3258 884 3293 929 ς’

1690 952 1832 1020 quod
1869 950 2045 1005 lucide
2086 963 2264 1022 patet,
2314 952 2441 1020 quia
2479 952 2611 1007 mihi
2650 953 2783 1008 nihil
2814 955 2956 1008 aliud
2982 966 3065 1010 est
3093 956 3276 1011 vivere

1692 1043 1794 1097 nisi
1829 1042 2091 1096 Dominus
2120 1060 2272 1098 meus
2299 1043 2455 1099 Jesus
2478 1044 2748 1113 Christus,
2774 1055 2828 1101 ct
2859 1048 2996 1101 mori
3025 1048 3233 1103 lucrum
3258 1067 3274 1103 :

1692 1132 1812 1186 ideo
1836 1148 1920 1186 me
1943 1131 2061 1201 ejus
2084 1149 2205 1188 esse
2230 1149 2448 1187 servum
2469 1135 2679 1204 gaudeo
2700 1146 2762 1188 .et
2800 1138 3081 1191 conﬁteor.
3126 1134 3277 1193 Tunc

1689 1220 1909 1283 milites,
1940 1223 2041 1276 hoc
2070 1232 2172 1286 est,
2206 1223 2482 1292 inquiunt,
2521 1225 2664 1295 quod
2700 1224 2861 1279 locuti
2889 1236 3107 1294 sumus;
3149 1232 3277 1298 quia

1689 1327 1880 1381 magus
1904 1321 1957 1366 et
1980 1314 2233 1368 seductor
2259 1328 2320 1368 es
2342 1328 2527 1369 eorum
2556 1314 2647 1383 qui
2677 1312 2982 1369 te'audiunt
3007 1334 3020 1370 :
3056 1319 3280 1388 insuper

1692 1410 1982 1457 contumax
2002 1404 2393 1473 comprobaris,
2416 1404 2631 1474 quando
2652 1415 2704 1459 et
2727 1409 3029 1475 procaciter
3050 1424 3277 1480 quicque

1690 1488 1835 1560 loqui
1865 1508 1970 1546 non
2002 1509 2218 1559 cessas,
2259 1503 2316 1549 et
2362 1503 2465 1550 tua:
2513 1497 2691 1553 nescis
2731 1499 2945 1552 tandem
2985 1499 3277 1569 aliquando

1690 1578 1851 1635 fessa:
1889 1597 2209 1639 succurrere
2252 1585 2537 1641 senectuti.
2580 1586 2731 1653 Quod
2778 1587 2824 1643 si
2878 1588 3155 1645 Romanus
3190 1606 3273 1655 es,

1650 1722 1651 1725 η
1690 1685 1791 1725 cur
1832 1688 1862 1724 a
1900 1673 2112 1727 cultura
2153 1675 2375 1729 deorum
2414 1676 2759 1733 insanissime
2798 1680 3101 1747 recessisti,
3140 1697 3279 1751 quos

23 1769 216 1825 seducis
236 1770 511 1841 populum,
542 1785 610 1824 ne
635 1768 1075 1843 obediantjnssis
1108 1770 1441 1825 invictissimi
1474 1770 1586 1824 Au-
1614 1766 1662 1827 B
1690 1761 1963 1831 AUEUSIUS
2004 1767 2184 1818 C1083?
2225 1777 2513 1820 VCIICI'tIlur
2554 1782 2675 1821 cum
2723 1770 2869 1823 omni
2916 1769 3120 1825 Senatu
3171 1772 3278 1825 lio.

23 1861 141 1930 gusti
166 1870 331 1929 atque
360 1862 584 1916 Senatui
613 1861 879 1927 Romano,
916 1872 976 1917 ut
1015 1862 1295 1917 immolent
1332 1863 1437 1918 diis
1479 1864 1585 1917 im-

23 1952 323 2009 mortalibus
343 1962 497 2023 grata
529 1953 820 2007 libamina?
860 1954 1065 2019 Quibus
1104 1952 1161 2008 S.
1195 1953 1465 2009 Lucianus
1502 1970 1589 2009 re-

23 2043 257 2113 spondit:
292 2044 404 2112 Ego
433 2042 710 2097 maleﬁcus
750 2059 856 2097 non
898 2058 1051 2107 sum;
1095 2043 1190 2097 sed
1235 2058 1353 2097 sum
1397 2059 1588 2099 servus

23 2132 125 2190 Iesu
162 2133 388 2200 Christi,
438 2135 685 2191 eruditus
727 2135 923 2191 divinis
962 2134 1243 2191 doctrinis.
1296 2133 1452 2191 Unde
1492 2135 1588 2191 Dei

23 2222 196 2293 iopulo
235 2224 378 2279 viam
410 2224 655 2280 veritatis
687 2223 948 2289 ostendo,
986 2232 1043 2279 et
1077 2223 1367 2279 Dominum
1407 2240 1585 2280 meum

23 2311 182 2369 Iesum
206 2313 506 2379 Christum,
529 2315 622 2385 qui
647 2315 915 2371 facturam
942 2330 1095 2370 suam
1120 2314 1273 2370 venit
1300 2316 1353 2369 in
1386 2315 1590 2389 mundo

23 2404 293 2470 ediiuere,
316 2413 371 2459 et
391 2421 422 2460 a
445 2405 654 2460 cultura
680 2407 982 2461 dmmonum
1016 2416 1287 2473 avertere,
1315 2409 1588 2477 quomodo

24 2494 263 2551 notfenso
274 2497 421 2565 pede
441 2497 593 2567 sequi
623 2497 874 2562 debeant,
904 2498 1205 2563 innotesco,
1228 2507 1288 2553 ut
1312 2498 1380 2553 ad
1407 2498 1585 2555 lucem

23 2588 238 2643 evocati
270 2602 588 2658 supernam,
626 2606 654 2643 a
680 2590 797 2645 suis
825 2590 1064 2645 tenebris
1088 2590 1255 2655 eruti,
1284 2590 1583 2655 salventur,

25 2678 122 2747 Iuia
156 2676 369 2747 justum
412 2688 497 2735 est
534 2690 594 2733 ut
636 2679 710 2733 illi
760 2679 859 2734 soli
908 2680 1176 2735 cervicem
1213 2680 1394 2736 cordis
1429 2680 1587 2737 incli-

26 2780 148 2835 ient,
179 2770 273 2840 qui
289 2786 395 2841 pro
418 2771 658 2826 omnium
683 2769 862 2827 salute
891 2770 1182 2826 cruciﬁxus
1202 2770 1370 2826 voluit
1391 2772 1550 2827 mori.

76 2860 160 2913 i7.
201 2860 274 2914 At
299 2860 414 2916 lucc
437 2859 513 2915 illi
543 2878 555 2913 :
582 2842 882 2927 Quomodo,
913 2860 1183 2930 inquiunt,
1225 2870 1278 2915 tu
1304 2862 1473 2916 Deum
1497 2876 1586 2916 as-

25 2950 138 3004 ;eris
163 2965 327 3019 quem
361 2942 468 3005 non
496 2950 671 3005 solum
712 2959 985 3006 mortuum
1022 2952 1363 3021 pronuntias,
1394 2966 1582 3006 verum

25 3044 164 3098 :tiam
209 3044 565 3100 cruciﬁxum?
618 3044 677 3099 S.
734 3045 1006 3100 Lucianus
1059 3047 1337 3115 respondit
1380 3065 1393 3101 :
1434 3047 1589 3103 Licet

1692 1869 1873 1918 mano,
1902 1864 1957 1909 et
1978 1856 2108 1910 colit
2138 1857 2425 1912 universus
2449 1859 2632 1914 orbis?
2672 1858 2729 1914 S.
2758 1858 3028 1916 Lucianus
3053 1878 3279 1932 respon-

1690 1944 1807 2000 dit:
1838 1946 1913 1999 Ex
1952 1962 2060 2015 quo
2095 1959 2314 2003 renatus
2347 1966 2466 2004 sum
2510 1950 2562 2004 in
2602 1950 2841 2016 Christo,
2880 1962 2936 2007 et
2972 1934 3158 2010 verum
3185 1970 3280 2025 co-

1690 2037 1851 2106 gnovi
1880 2038 2168 2093 Dominum
2203 2055 2382 2095 meum
2408 2040 2593 2096 Jesuin
2621 2042 2927 2108 Christum,
2964 2060 3070 2103 non
3101 2046 3277 2101 solum

1690 2126 1904 2182 diabolo
1926 2138 2093 2198 atque
2121 2129 2296 2194 idolis,
2336 2147 2520 2186 verum
2548 2134 2708 2187 etiam
2738 2136 2991 2190 ouinibus
3020 2137 3277 2207 operibus

1689 2213 1806 2283 ejus
1831 2218 1935 2272 lide
1964 2220 2365 2275 abrenuntiavi.
2396 2221 2504 2277 Sed
2538 2226 2680 2294 quod
2706 2241 2805 2295 ego
2828 2226 3039 2297 loquor,
3067 2238 3121 2283 et
3145 2244 3277 2283 con-

1689 2307 1846 2362 ﬁteor
1870 2310 1938 2364 de
1964 2310 2182 2367 Christo
2214 2312 2441 2367 Domino
2458 2353 2476 2379 ,
2511 2331 2684 2384 neque
2709 2318 2930 2372 auribus
2960 2320 3238 2389 percipitis
3255 2358 3275 2385 ,

1690 2414 1867 2469 neque
1904 2402 2138 2456 retinere
2174 2414 2353 2457 mente
2398 2405 2608 2460 valetis.
2650 2407 2958 2463 Excmcavit
2995 2410 3140 2464 enim
3177 2426 3278 2465 vos

1690 2488 1980 2546 inﬁdelitas
2040 2494 2239 2559 cordis,
2291 2510 2498 2549 necnon
2543 2507 2597 2551 et
2643 2496 2914 2552 Ctesarem
2974 2501 3276 2571 Angustum

1688 2595 1794 2634 una
1823 2596 1945 2635 cum
1987 2581 2189 2638 Senatu
2215 2623 2230 2649 ,
2266 2600 2296 2639 a
2329 2585 2524 2654 quibus
2552 2585 2677 2641 talia
2714 2588 2982 2645 detulistis
3019 2591 3234 2646 decreta
3258 2632 3276 2657 ,

1688 2679 1750 2725 ut
1786 2687 1886 2726 nos
1926 2672 2176 2728 homines
2222 2675 2573 2731 rationabiles
2613 2678 2982 2735 sacriﬁcemus
3021 2681 3279 2736 daemoni-

1687 2762 1811 2828 bus,
1841 2773 1897 2818 et
1923 2764 2248 2822 inclinemus
2274 2767 2522 2824 cervices
2550 2778 2770 2826 nostras
2808 2771 2964 2827 idolis
2989 2789 3154 2828 manu
3177 2775 3276 2830 ho-

1689 2853 1908 2906 milium.
1928 2854 2108 2909 factis.

1762 2942 1848 2997 19.
1876 2942 2106 2999 Latinus
2127 2959 2278 3010 vero,
2305 2926 2618 3013 Ianuarius,
2642 2956 2697 3002 ct
2718 2947 2892 3004 Antor
2918 2951 3034 3007 inec
3055 2953 3279 3017 audient

1691 3042 1771 3089 tes
1808 3033 2063 3104 injuriain
2113 3034 2344 3092 Caesaris
2386 3038 2729 3107 impatienter
2767 3040 2948 3095 ferunt
2981 3059 2995 3096 :
3042 3052 3277 3111 tuncque

27 3142 180 3189 vestra
209 3126 501 3192 inﬁdelitas
527 3136 931 3192 clementissimi
962 3137 1128 3207 Regis
1166 3154 1272 3192 non
1314 3133 1585 3194 mereaiur

1693 3124 2161 3192 apprehendentes
2218 3142 2343 3180 eum
2402 3127 2596 3182 vinctis
2642 3128 2891 3186 manibus
2940 3131 3279 3186 tradiderunt

27 3226 192 3281 mdire
214 3243 415 3283 arcana
435 3270 449 3293 ,
487 3237 667 3284 tamen
699 3237 919 3298 prepter
944 3227 1339 3284 multitudinem
1368 3228 1587 3284 adstan-

28 3320 111 3370 em
142 3318 329 3387 paucis
352 3319 651 3375 edisseram
682 3338 694 3373 :
726 3320 866 3374 Deus
900 3320 994 3374 Dei
1034 3318 1224 3384 Filius,
1256 3321 1346 3389 qui
1374 3335 1589 3390 semper

27 3406 108 3462 iuit
127 3424 248 3465 cum
272 3410 437 3466 Patre
462 3421 588 3466 ante
615 3411 830 3475 saecula,
849 3420 1069 3483 propter
1087 3412 1586 3481 pravaricationcin

27 3499 161 3553 trimi
202 3500 461 3565 hominis,
510 3502 563 3557 in
606 3502 713 3559 ﬁne
762 3511 1063 3573 temporum
1107 3518 1205 3573 pro
1248 3504 1589 3574 reparatione

30 3592 223 3644 numam"
254 3591 473 3663 generis
502 3591 673 3646 voluit
701 3592 817 3648 ﬁeri
853 3609 1014 3648 verus
1054 3594 1217 3649 homo
1246 3610 1316 3650 ex
1356 3594 1587 3666 virgine,

30 3688 68 3731 it
102 3691 243 3736 esset
280 3698 444 3737 verus
475 3683 621 3737 Deus
648 3692 704 3738 et
728 3699 890 3739 verus
923 3685 1104 3751 homo,
1149 3695 1401 3756 essetque
1447 3689 1589 3742 idem

29 3769 147 3823 Deus
174 3780 230 3824 et
258 3770 444 3836 homo,
472 3788 612 3827 unus
642 3758 923 3839 Christus,
952 3788 1112 3829 verus
1141 3775 1236 3829 Dei
1270 3785 1328 3830 et
1356 3777 1589 3832 hominis

30 3858 173 3929 ilius;
206 3872 266 3918 ut
292 3865 388 3934 qui
417 3876 539 3920 erat
560 3865 914 3935 impossibilis
958 3866 1013 3921 in
1059 3866 1340 3924 divinitate
1375 3884 1591 3939 semper

33 3966 229 4009 nanens
248 3970 376 4011 cum
401 3955 582 4021 Patre,
611 3956 892 4013 ﬁeretuon
919 3958 1094 4035 solum
1120 3960 1368 4027 visibilis,
1398 3976 1587 4016 verum

31 4042 164 4098 :tiam
194 4047 252 4100 et
291 4046 568 4117 passibilis
607 4064 706 4118 pro
744 4048 899 4104 nobis
939 4050 1238 4105 secundum
1283 4050 1589 4106 humanita-

32 4151 134 4191 cm.
165 4138 303 4195 Hinc
327 4140 507 4196 factus
526 4150 610 4195 est
631 4143 890 4198 obediens
921 4142 1035 4198 Deo
1061 4143 1207 4199 Patri
1244 4161 1343 4216 pro
1378 4147 1588 4201 redem-

32 4228 184 4286 itione
206 4241 393 4287 nostra
422 4248 591 4302 usque
618 4236 685 4289 ad
712 4244 965 4301 mortem,
997 4246 1222 4292 mortem
1251 4247 1430 4293 autem
1453 4239 1588 4293 Cru-

31 4321 108 4377 :is.
138 4324 284 4382 Alias
307 4336 489 4382 autem
519 4329 621 4385 nisi
648 4329 816 4386 Filius
839 4332 954 4395 Dei,
988 4332 1221 4388 hominis
1256 4334 1420 4388 etiam
1445 4334 1586 4391 ﬁlius

33 4414 318 4487 lignaretur
355 4422 495 4483 ﬁeri,
540 4440 639 4479 nec
681 4425 976 4479 humanum
1018 4442 1188 4494 genus
1233 4426 1300 4481 ad
1348 4428 1581 4494 veniam,

34 4521 110 4562 iec
137 4511 391 4569 mortales
419 4513 658 4569 redirent
688 4516 755 4570 ad
783 4516 967 4571 vitam.
1012 4516 1139 4572 Huic
1175 4526 1233 4573 et
1267 4516 1370 4572 alia
1414 4517 1583 4572 multa

33 4598 313 4656 teatissimo
341 4613 701 4673 prosequente
732 4604 990 4671 Luciano,
1026 4606 1226 4663 milites
1261 4607 1436 4677 magis
1470 4624 1584 4661 ma-

33 4684 192 4756 gisque
234 4690 418 4749 furore
461 4703 588 4748 sunt
634 4696 855 4765 repleti;
906 4697 997 4766 qui
1042 4708 1098 4752 et
1142 4698 1432 4753 dixerunt:
1461 4696 1583 4752 Jain

33 4777 149 4832 :uim
176 4787 227 4836 te
258 4786 554 4841 senectutis
578 4787 903 4842 invitaverat
933 4798 1160 4859 tempus,
1189 4798 1242 4844 ut
1274 4790 1342 4845 ab
1366 4788 1585 4844 infanti-

40 4867 148 4924 ibus
175 4872 556 4942 resipisceres;
589 4877 682 4931 sed
708 4880 964 4945 quoniam
992 4880 1201 4934 vanitas
1224 4880 1390 4935 nimia
1421 4888 1472 4933 te
1492 4880 1584 4935 de-

35 4956 156 5027 :ipit,
183 4970 236 5015 et
258 4963 531 5034 superﬂua
555 4966 746 5021 invitat
773 4966 1090 5037 loquacitas,
1132 4970 1197 5024 ad
1234 4978 1464 5025 mortem
1503 4969 1583 5026 ire

36 5052 308 5108 emeritate
348 5054 515 5109 nimia
555 5058 793 5111 conﬁsus
836 5076 939 5113 non
986 5061 1260 5118 formidas.
1298 5061 1584 5115 Verumta-

36 5152 130 5192 nen
155 5142 252 5197 nisi
275 5144 383 5198 cito
408 5145 705 5216 resipueris
725 5155 779 5202 et
804 5150 1092 5205 recesseris
1114 5151 1180 5205 ab
1208 5153 1306 5208 hac
1330 5148 1584 5216 audacia,

35 5236 63 5268 ‘I
102 5234 487 5268 εσιιηιῖηησιιιιιιοῖο
532 5238 631 5268 .l::.

678 5240 1065 5268 :mmnnﬂnIzluo-a
1112 5254 1250 5268 ...υ-Ι-
1298 5240 1556 5268 ἐίιηοὶαιζι-σι

1695 3217 2031 3271 tortoribus:
2082 3220 2174 3285 qui
2216 3226 2273 3272 et
2306 3220 2661 3275 extenlentes
2692 3236 2815 3275 eum
2853 3222 2985 3277 diris
3022 3226 3279 3279 atrociter

1692 3306 2002 3359 Ceciderunt
2031 3306 2273 3377 ﬂagellis.
2301 3308 2544 3376 Cumque
2568 3311 2637 3363 ab
2667 3311 2745 3364 eis
2778 3312 2889 3364 nim
2916 3327 3006 3365 um
3036 3312 3276 3383 ﬂagella-

1694 3407 1780 3451 tus
1806 3397 2018 3461 fuisset,
2048 3407 2103 3453 et
2126 3399 2338 3453 vinctus
2366 3398 2654 3453 admodum
2684 3410 2985 3470 teneretur,
3024 3404 3116 3458 diu
3153 3423 3275 3459 crn-

1691 3488 1925 3543 ciatibus
1954 3498 2126 3543 tortus
2154 3488 2355 3544 athleta
2383 3488 2501 3555 Dei,
2548 3505 2649 3545 nec
2688 3492 2965 3547 doloribus
2993 3506 3279 3563 superatur

1692 3598 1795 3636 nec
1822 3581 1985 3636 minis
2010 3584 2348 3648 deterretur;
2381 3583 2475 3638 sed
2500 3581 2658 3638 fortis
2696 3583 2749 3636 in
2787 3582 2892 3639 ﬁde
2913 3583 3111 3639 Christi
3141 3602 3279 3655 pene

1685 3673 1800 3744 jam
1827 3675 2115 3745 decrepita!
2139 3676 2434 3731 senectutis
2463 3675 2701 3730 membra
2734 3692 2872 3746 puro
2904 3678 3088 3745 vigore
3111 3678 3277 3733 animi

1694 3768 2002 3830 rohorabat,
2035 3767 2109 3821 ita
2137 3776 2195 3822 nt
2218 3782 2434 3838 semper
2464 3767 2607 3822 inter
2638 3768 2861 3823 verbera
2889 3769 3077 3823 eodem
3105 3768 3279 3834 vultu,

1692 3858 1881 3912 eadem
1924 3865 2105 3912 mente
2142 3858 2466 3927 perdurans,
2504 3856 2705 3915 Christi
2744 3872 2944 3914 nomen
2986 3859 3105 3912 viva
3150 3872 3280 3913 rore

1693 3964 1799 4004 non
1829 3959 2068 4004 cessaret
2094 3948 2364 4014 conﬁteri,
2388 3949 2576 4005 dicens
2604 3966 2620 4005 :
2644 3949 2920 4006 Christum
2952 3951 3062 4029 Dei‘
3075 3950 3273 4006 Filium

1692 4048 1747 4095 ct
1774 4041 1939 4095 corde
1964 4040 2150 4105 credo,
2180 4049 2237 4095 et
2262 4055 2357 4096 ore
2384 4040 2607 4097 laudare
2631 4057 2906 4112 nunquam
2933 4042 3177 4098 cessabo.

1760 4133 1851 4187 20.
1893 4132 2044 4187 Tune
2069 4132 2252 4188 furore
2275 4133 2530 4202 permoti,
2559 4134 2683 4190 data
2708 4134 2975 4189 sententia
3000 4134 3281 4202 jusserunt

1691 4241 1815 4281 eum
1844 4226 2021 4297 gladio
2051 4224 2225 4280 feriri.
2262 4224 2461 4296 Sicque
2504 4242 2645 4282 unus
2689 4242 2757 4281 ex
2802 4226 3065 4283 militibus
3097 4228 3281 4293 evagi-

1689 4324 1820 4371 nato
1846 4316 2048 4387 gladio,
2083 4323 2270 4384 parata
2291 4314 2406 4383 jam
2438 4324 2627 4371 sancta
2665 4314 2899 4382 cervice,
2936 4324 3181 4371 sanctum
3223 4323 3280 4369 et

1688 4408 1986 4479 pretiosum
2024 4407 2143 4476 ejus
2181 4416 2348 4478 caput
2389 4408 2636 4463 abscidit.
2678 4407 2922 4479 Cumque
2963 4408 3131 4463 sancti
3177 4407 3278 4462 viri

1613 4476 1663 4536 D
1690 4476 1921 4556 cadaver
1936 4499 2168 4570 jaceret,
2200 4476 2377 4554 adhuc
2398 4508 2455 4553 et
2473 4499 2761 4570 palpitaret
2781 4476 3066 4565 exanime;
3095 4500 3279 4553 viden-

1691 4590 1836 4645 tibus
1860 4589 2108 4655 cunctis,
2139 4589 2302 4655 etiam
2334 4589 2467 4659 ipsis
2511 4589 2705 4645 mortis
2746 4590 3046 4655 ministris,
3087 4589 3177 4644 lux
3212 4592 3281 4645 dc

1690 4684 1830 4742 cmlo
1859 4684 2048 4755 ingens
2068 4664 2240 4753 supra
2276 4697 2477 4754 corpus
2514 4693 2762 4740 sanctum
2802 4682 3037 4748 eﬁ‘ulsit,
3080 4693 3137 4739 et
3177 4699 3282 4738 vox

1690 4792 1886 4848 magna
1915 4775 2120 4846 pariter
2146 4790 2272 4831 cum
2309 4775 2430 4830 luce
2453 4775 2634 4842 venit,
2681 4777 2909 4833 dicens:
2943 4774 3113 4847 Euge,
3144 4775 3287 4829 bone

1673 4868 1894 4926 -l':nnule
1922 4867 2184 4934 Luciane,
2229 4868 2321 4938 qui
2365 4882 2466 4937 pro
2508 4884 2597 4924 me
2635 4870 2953 4942 sanguinem
2982 4874 3132 4920 tuum
3164 4866 3291 4920 fun-

1694 4970 1824 5025 dere
1849 4979 1955 5019 non
1988 4962 2283 5028 dubitasti;
2325 4962 2472 5027 veni,
2516 4973 2573 5020 et
2611 4969 2827 5039 suscipe
2865 4975 3123 5017 coronam
3165 4960 3296 5015 olim

1697 5062 1791 5116 tibi
1833 5056 2194 5128 promissam,
2243 5058 2370 5126 quia
2420 5070 2551 5112 cum
2596 5062 2802 5119 sanctis
2845 5051 3207 5127 gratulaberis
3248 5052 3302 5104 in

1697 5154 1854 5211 cmlo.
1893 5147 2048 5209 Veni,
2081 5157 2140 5201 et
2169 5149 2385 5221 percipe
2423 5151 2769 5213 mansionem
2812 5143 3003 5224 gloriae
3039 5142 3168 5197 olim
3211 5141 3306 5198 tibi

1698 5263 1722 5268 ...
1739 5263 1758 5268 α
1773 5254 1943 5268 ..οιΑ-η
1986 5252 2108 5266 Anum
2428 5237 2564 5264 Π..,...
2606 5261 2625 5263 η
2645 5248 2657 5258 ⁸
2723 5250 2734 5262 ο
2830 5258 2859 5262 γ-
2912 5249 3009 5262 οιΑ..
3046 5248 3149 5262 nunc.
3189 5246 3310 5262 ...ιι-
