3904 5304
550 316 695 373 H23

1590 309 1840 368 ODONIS
1875 306 2443 364 BELLOVACENSIS
2482 308 2788 365 EPISCOPI

3692 313 3813 369 ιιει

550 429 705 485 bathi
733 429 864 484 hora
895 441 922 470 ι
947 427 1149 484 factum
1199 437 1282 482 est
1323 428 1375 482 in
1419 435 1603 482 monte
1639 441 1800 494 quem
1835 439 2001 494 supra
2026 439 2138 477 me-
2165 427 2214 485 Λ
2241 422 2310 476 lia
2333 423 2613 488 vidissent,
2640 423 2722 477 vel
2751 422 3030 479 audissent
3055 439 3086 479 a
3114 426 3488 492 credentibus,
3511 427 3703 484 eodem
3728 432 3819 495 die,

552 520 904 585 moravimus,
943 520 1102 575 tertio
1140 520 1208 574 ab
1247 520 1382 572 urbe
1420 516 1692 579 milliario,
1734 516 1761 555 ι)
1796 531 1848 570 vi
1889 514 2012 568 ldus
2047 511 2142 566 Jao

552 610 751 665 nuarii.
781 610 934 678 Quod
966 618 1255 665 cernentes
1292 618 1348 662 et
1383 607 1668 663 audientes
1699 607 1804 661 viri
1838 607 1930 676 qui
1968 606 2146 659 credi-

552 702 779 768 derant,
823 703 904 756 vel
937 703 1026 772 qui
1061 718 1169 756 non
1198 701 1574 765 crediderant,
1613 714 1802 755 omnes
1838 696 2007 752 nimio
2035 705 2146 750 ter-

553 810 678 849 rore
720 794 987 863 perculsi,
1036 803 1170 847 nutu
1209 792 1393 848 divino
1429 791 1595 861 aliqui
1633 788 1930 861 fugerunt;
1975 785 2141 855 aliqui

551 899 687 938 vero
713 883 1000 952 stupefacti
1032 884 1294 937 mirantes
1319 897 1431 951 prae
1457 880 1670 952 gaudio.
1725 878 1850 947 quia
1895 876 2146 930 videbant

552 991 611 1029 sc
646 974 903 1029 liberatos
940 990 968 1027 a
1004 974 1214 1043 laqueis
1258 972 1474 1035 diaboli,
1530 982 1712 1026 tamen
1761 984 1867 1023 non
1914 967 2146 1022 ferentes

552 1064 857 1119 claritatem
898 1063 1063 1128 lucis,
1105 1063 1381 1133 paulisper
1420 1069 1763 1117 recesserunt
1795 1072 1826 1110 a
1863 1056 2002 1111 loco.

1182 1195 1410 1253 CAPUT
1451 1196 1515 1252 V.

836 1308 1008 1382 Caput
1042 1284 1313 1383 proprium
1352 1310 1556 1379 defert,
1596 1308 1863 1379 sepelitur.

631 1424 723 1478 21.
763 1423 915 1478 Tunc
944 1424 1160 1495 erigens
1192 1439 1252 1479 se
1292 1423 1465 1479 sancti
1496 1423 1596 1477 viri
1637 1439 1835 1493 corpus
1862 1424 2110 1478 exanime
2130 1464 2146 1488 ,

556 1513 914 1583 apprehendit
942 1514 1178 1583 propriis
1208 1515 1457 1569 manibus
1479 1523 1724 1568 sanctum
1752 1525 1915 1584 caput
1945 1516 2150 1570 abscis-

558 1620 677 1659 sum
711 1604 889 1659 stabili
920 1619 1111 1675 gressu
1142 1604 1376 1675 Spiritus
1404 1606 1577 1659 sancti
1609 1607 1806 1676 gratia,
1842 1604 1994 1672 cujus
2030 1606 2147 1661 fue-

558 1705 684 1751 rant
710 1697 954 1752 membra
984 1696 1232 1765 corporis
1259 1704 1314 1750 et
1339 1712 1542 1766 organa
1565 1737 1579 1762 ,
1619 1712 1724 1749 una
1755 1712 1880 1750 cum
1909 1696 2149 1751 ministe-

2244 526 2301 570 ut
2330 518 2656 573 :Bstimatum
2687 527 2806 583 est,
2847 518 3013 572 corde
3056 519 3368 587 compuncti
3404 520 3820 578 credideruntin

2246 610 2531 664 Dominum
2547 609 2730 664 Jesum
2744 609 3019 664 Christum
3037 610 3227 664 Filium
3253 611 3347 665 Dei
3368 611 3480 664 vivi
3506 611 3678 665 ferme
3694 615 3821 682 quiu-
3902 590 3904 661 ἶ

2244 700 2393 768 genti
2421 701 2666 756 homines
2692 716 2759 756 ex
2789 702 3002 755 diverso
3039 717 3217 755 sexu..
3235 701 3356 756 lam
3398 703 3553 756 enim
3602 707 3817 759 conversi

2245 791 2459 847 fuerant
2513 807 2611 861 per
2665 792 3108 862 praedicationem
3162 793 3472 848 beatissimi
3521 792 3742 849 [δυεωί
3777 799 3821 851 in

2245 882 2434 937 Galliis
2470 898 2577 937 non
2621 885 2798 936 minus
2848 899 3011 953 quam
3061 884 3282 955 triginta
3328 885 3505 938 millia
3551 886 3821 954 hominum,

2245 985 2339 1030 aut
2367 976 2536 1030 multo
2560 974 2795 1045 amplius
2822 976 3018 1030 diversi
3046 977 3263 1047 generis
3287 986 3345 1032 et
3374 980 3601 1043 aetatis;
3637 994 3725 1048 qut
3754 996 3821 1033 ne.
3902 956 3904 969 Ι

2245 1067 2387 1122 lictis
2424 1066 2582 1123 idulis
2620 1066 3022 1121 confitebantur
3062 1069 3229 1122 Deum
3263 1066 3496 1122 Patrem
3532 1069 3819 1138 ingenitum,
3902 1094 3904 1139 ε

2247 1168 2303 1213 et
2332 1157 2526 1213 Filium
2557 1157 2673 1227 ejus
2701 1158 3058 1227 unigenitum,
3080 1172 3195 1211 'una
3227 1174 3355 1213 cum
3393 1168 3599 1212 sancto
3619 1158 3820 1228 Spiritu,

2249 1250 2301 1303 in
2331 1249 2573 1303 trinitate
2601 1264 2791 1302 verum
2822 1258 2877 1302 et
2909 1264 3072 1301 unum
3106 1248 3295 1302 Deum.
3344 1248 3476 1315 Qua
3519 1248 3633 1302 ﬁde
3660 1252 3820 1318 perla-
3902 1248 3904 1318 ξ

2248 1355 2470 1394 vacrum
2502 1339 2927 1410 regenerationis
2956 1340 3155 1406 renati,
3197 1352 3251 1396 et
3297 1341 3583 1405 innovati,
3632 1341 3821 1397 fabrica-

2250 1442 2446 1487 verunt
2485 1432 2714 1487 Domino
2747 1448 2873 1486 mox
2903 1432 3143 1486 nonnulli
3176 1449 3375 1488 eorum
3411 1433 3759 1489 devotissime
3782 1437 3820 1490 in

2249 1525 2439 1579 eodem
2469 1525 2584 1580 leco
2612 1541 2773 1596 super
2807 1535 3055 1581 sanctum
3084 1541 3307 1597 corpus,
3359 1526 3434 1580 ad
3488 1527 3821 1597 ιωιιοτεωίρ-

2249 1614 2363 1668 sius
2386 1614 2659 1685 martyris,
2692 1614 2991 1670 basilicam.

2321 1704 2412 1757 24.
2456 1704 2780 1759 Sanctorum
2823 1715 3005 1761 autem
3042 1706 3364 1761 Maximiani
3407 1715 3473 1761 et
3507 1705 3709 1760 Juliani
3738 1721 3822 1761 rer-

559 1789 642 1844 rio
690 1788 955 1859 angelico,
1000 1804 1064 1843 ac
1098 1788 1143 1843 si
1185 1788 1375 1843 vivens
1424 1788 1476 1842 in
1522 1802 1769 1858 corpore,
1808 1788 1912 1841 iter
1956 1789 2150 1857 plantis
2178 1801 2226 1860 Β
2254 1811 2385 1866 pom
2418 1796 2473 1850 in
2508 1806 2721 1861 monte,
2768 1797 2858 1852 ubi
2904 1797 3153 1852 damnati
3186 1798 3432 1863 fueram,
3467 1808 3608 1852 sum
3635 1799 3819 1868 εφαιυ,

560 1881 886 1935 ﬁrmissimis
931 1894 1162 1949 carpere
1208 1880 1425 1948 cuzpit:
1472 1886 1805 1947 portausque
1851 1879 2149 1948 pretiosum

560 1984 742 2043 caput,
782 1973 951 2028 ductu
987 1970 1253 2041 angelico,
1294 1986 1325 2025 a
1358 1979 1538 2025 monte
1570 1971 1732 2039 quasi
1770 1970 2008 2024 millibus
2048 1970 2147 2024 tri-

557 2068 661 2122 bus
692 2078 716 2106 ο
743 2065 1096 2121 transvadato
1124 2062 1360 2118 fluminis
1390 2063 1543 2117 alveo
1573 2062 1821 2132 pervenit
1849 2062 1917 2116 ad
1946 2060 2148 2128 locum,

558 2173 719 2229 quem
756 2159 840 2212 vir
886 2168 1110 2213 sanctus
1157 2155 1258 2211 sibi
1304 2154 1478 2210 funeri
1524 2154 1844 2208 tradendum
1888 2153 2148 2223 elegerat,

557 2265 667 2304 uno
695 2266 725 2304 a
754 2250 1013 2320 prtedicta
1050 2249 1183 2303 urbe
1212 2247 1503 2302 distantem
1532 2244 1703 2301 ferme
1730 2245 1981 2300 milliario
2006 2262 2019 2298 :
2058 2245 2150 2299 ubi

560 2341 615 2394 in
666 2340 842 2412 agello
880 2340 1096 2411 publico
1144 2355 1267 2394 cum
1306 2338 1485 2408 palma
1527 2338 1769 2394 victoria:
1809 2346 2028 2394 sanctus
2067 2352 2152 2393 re-

559 2432 768 2501 quievit
798 2433 850 2486 in
881 2447 1034 2501 pace.

627 2525 719 2579 22.
759 2524 787 2565 ἀ
816 2524 969 2580 Unde
995 2523 1097 2577 viri
1129 2520 1488 2587 devotissimi,
1515 2521 1604 2592 qui
1636 2520 1753 2591 ejus
1780 2520 1995 2576 fuerant
2016 2536 2152 2590 pra:-

560 2618 833 2673 dicatione
870 2616 1145 2681 conversi,
1186 2626 1546 2672 occurrerunt
1583 2632 1706 2670 cum
1737 2617 2069 2671 aromatibus
2096 2622 2152 2670 et

561 2718 813 2765 sanctum
844 2709 1251 2764 linteaminibus
1286 2708 1503 2763 mundis
1536 2707 1884 2763 obvolventes
1917 2722 2151 2778 corpus,

564 2800 898 2869 sepelierunt
925 2814 1048 2853 cum
1080 2813 1281 2869 magno
1309 2798 1515 2853 honore
1546 2807 1601 2852 et
1630 2799 1929 2853 reverentia
1962 2798 2014 2851 in
2038 2813 2152 2853 mo-

560 2902 844 2955 nmnento,
871 2900 931 2946 ut
958 2891 1263 2956 videbatur,
1300 2900 1428 2945 tunc
1456 2905 1615 2945 novo.
1646 2889 2053 2956 Verumtamen,
2086 2906 2153 2946 ne

561 2984 767 3052 absque
803 2983 1117 3049 angelorum
1147 2981 1339 3036 olliciis
1370 2982 1681 3036 viderentur
1707 2982 1976 3050 exsequiae
2009 2980 2150 3035 cele-

560 3073 753 3136 bratae,
793 3072 920 3126 dum
947 3071 1347 3126 sanctissimum
1371 3087 1566 3141 corpus
1590 3073 1922 3137 reconditur,
1950 3080 2152 3141 apertae

2251 1888 2357 1942 Sed
2387 1896 2668 1943 crescente
2704 1905 2929 1945 numero
2966 1900 3022 1945 et
3057 1891 3350 1945 devotione
3386 1890 3819 1951 Christianorm.

2249 1995 2279 2034 a
2317 1979 2567 2035 ﬁdelibus
2617 1980 2740 2035 inde
2788 1980 2964 2035 levata
3012 1982 3316 2037 beatissimi
3363 1980 3608 2037 Luciani
3652 1983 3817 2052 cor-pud

2250 2082 2377 2127 sunt
2412 2070 2724 2140 conjuncta.
2775 2071 2875 2127 Ubi
2920 2082 3105 2143 postea
3154 2073 3210 2127 in
3255 2073 3465 2129 melius
3513 2073 3820 2128 aediﬁcatae

2248 2173 2440 2217 ornata
2473 2162 2727 2227 ecclesia,
2760 2163 2989 2217 Domino
3019 2163 3184 2217 Patre
3218 2172 3594 2233 cooperante,
3635 2162 3817 2232 plurima

2250 2265 2399 2310 recte
2428 2255 2739 2325 petentibus
2768 2260 3094 2324 praestantur
3124 2272 3154 2309 a
3188 2255 3437 2310 Domino
3479 2253 3613 2309 Jesu
3652 2253 3816 2307 Christe

2250 2358 2348 2413 per
2383 2346 2576 2400 merita
2622 2352 2676 2398 et
2716 2345 3161 2399 intercessionem
3201 2353 3539 2399 sanctorum
3570 2354 3813 2413 martyr:

2251 2437 2533 2491 beneﬁcia.
2551 2437 2814 2504 Quorum,
2831 2438 2956 2507 quia
2984 2453 3087 2491 una
3114 2436 3217 2490 fuit
3246 2438 3414 2500 tides,
3440 2452 3661 2506 unaque
3683 2437 3818 2491 eban-

2253 2537 2356 2592 tas,
2388 2544 2493 2582 una
2523 2536 2578 2583 et
2606 2529 2661 2582 in
2686 2538 2947 2599 martyrio
2968 2526 3268 2591 confessio,
3302 2511 3525 2582 idcirco
3545 2527 3819 2595 inieci-exﬁ-

2252 2639 2374 2678 mus
2400 2638 2587 2677 eorum
2618 2622 2762 2692 quod
2804 2638 2910 2675 una
2949 2621 3019 2676 sit
3059 2622 3114 2675 in
3148 2631 3367 2675 aeterna
3398 2621 3725 2675 beatitudine
3750 2634 3819 2671 so-

2252 2713 2445 2779 cietas,
2470 2727 2745 2781 unumque
2767 2712 3100 2767 consortium
3123 2712 3488 2765 meritorum.
3516 2710 3583 2763 Et
3610 2711 3717 2763 ideo
3732 2724 3819 2777 gra-

2255 2805 2356 2858 tias
2382 2819 2607 2872 agamus
2632 2803 2879 2859 Creatori
2912 2812 3118 2869 nostro,
3153 2804 3431 2873 quoniam
3466 2811 3635 2857 testes
3660 2801 3815 2856 Christi

2255 2898 2397 2952 trino
2427 2887 2651 2952 nurnero
2681 2898 2943 2968 assumpti
2972 2896 3131 2952 ﬁdele
3167 2903 3698 2951 consummavemnt
3726 2908 3817 2962 pm-

2253 2998 2373 3060 pter
2399 2989 2556 3045 [idem
2584 2989 2867 3044 Trinitatis
2894 2990 2947 3043 in
2979 3000 3125 3045 terra
3154 2989 3500 3061 martyrium
3530 3006 3543 3040 :
3571 2988 3702 3057 quod
3724 3002 3812 3055 qua

2255 3079 2457 3135 factum
2486 3082 2733 3136 novimus
2753 3121 2769 3146 ,
2816 3095 3141 3137 veneramur
3181 3080 3549 3150 ﬁdeliterque
3580 3079 3813 3133 mentm

562 3173 691 3220 sunt
714 3176 877 3219 nares
905 3178 1096 3219 eorum
1122 3163 1334 3228 subito,
1371 3172 1764 3233 senseruntque
1795 3163 1929 3217 mira
1961 3164 2148 3216 odora-
2179 3156 2225 3219 C
2257 3181 2313 3227 et
2340 3173 2699 3242 agnoscimus.

562 3262 744 3311 menta
768 3256 921 3310 valde
943 3255 1240 3326 fragrantia
1262 3269 1449 3309 ("uites
1479 3254 1568 3323 qui
1600 3256 1845 3319 aderant,
1869 3254 2040 3309 donec
2060 3266 2153 3307 ex-

564 3349 765 3419 sequiae
786 3348 1082 3403 beatissimi
1115 3347 1216 3400 viri
1248 3346 1672 3410 celebrarentur,
1688 3354 1744 3399 et
1770 3359 1966 3413 corpus
1988 3345 2153 3397 humo

564 3439 931 3510 obtegeretur.
958 3437 1037 3491 llli
1066 3446 1244 3490 autem
1271 3436 1371 3489 viri
1396 3434 1682 3504 stupefacti
1712 3434 2154 3501 admirantesque

568 3545 683 3599 prie
706 3528 903 3598 gaudio
927 3528 1181 3583 dicebant
1208 3527 1275 3580 ad
1302 3526 1533 3580 invicem
1561 3540 1574 3578 :
1607 3525 1873 3592 Quidnam
1901 3531 1985 3578 est
2016 3524 2154 3578 hoc?

562 3620 745 3677 Gloria
778 3622 894 3686 tibi,
926 3620 1152 3675 Domine
1176 3619 1302 3674 Iesu
1332 3619 1586 3673 Christe:
1611 3620 1737 3689 quia
1769 3627 1968 3673 uestrae
1993 3632 2152 3672 nares

562 3714 784 3768 odorem
818 3714 979 3767 talem
1013 3720 1331 3779 tantumque
1365 3725 1640 3778 nunquam
1667 3718 1976 3767 senserunt.
2021 3708 2152 3764 Glo-

561 3805 643 3858 ria
674 3805 792 3870 tibi,
823 3803 1038 3858 Christe
1064 3803 1337 3866 Salvator,
1362 3802 1489 3871 quia
1521 3802 1600 3855 sic
1630 3816 1815 3856 sumus
1846 3801 2055 3871 repleti,
2093 3809 2154 3856 ut

564 3895 695 3951 nihil
744 3896 901 3950 nobis
942 3894 1171 3948 ulterius
1223 3894 1348 3947 boni
1407 3894 1596 3948 deesse
1651 3892 1924 3948 credatur.
1982 3893 2152 3948 Porro

562 3996 771 4057 quanto
821 3987 1054 4055 amplius
1101 3984 1231 4040 talia
1279 3984 1676 4053 loquebantur,
1726 3994 1878 4039 tanto
1925 3984 2152 4054 amplius

563 4080 701 4135 odor
747 4077 997 4133 adluebat
1043 4078 1277 4140 divinus,
1327 4078 1399 4132 ita
1442 4086 1498 4132 ut
1538 4076 1651 4146 jam
1689 4077 1867 4131 nullus
1906 4077 2152 4131 dubitare

564 4177 766 4238 posset,
799 4167 1112 4239 angelorum
1142 4168 1209 4221 ad
1242 4168 1339 4222 bas
1369 4169 1657 4237 exsequias
1684 4183 1713 4221 a
1734 4168 2001 4238 principio
2029 4183 2154 4238 pas-

564 4263 733 4317 sionis
761 4262 878 4329 ejus
905 4262 1214 4317 interfuisse
1246 4261 1567 4315 ministeria.

633 4354 723 4407 25.
764 4353 972 4420 Quibus
1011 4353 1115 4407 rite
1152 4351 1380 4419 expletis
1410 4359 1822 4421 prostraverunt
1863 4364 1922 4405 se
1962 4365 2152 4406 omnes

564 4445 618 4500 in
652 4454 850 4499 terram
878 4460 1002 4499 cum
1030 4442 1198 4497 nimio
1234 4444 1428 4497 timore
1466 4450 1521 4496 et
1555 4457 1747 4511 magna
1779 4441 2153 4513 cordisidevo-

565 4537 709 4591 tione
733 4538 1034 4591 clamantes
1057 4543 1112 4589 ct
1137 4535 1377 4590 dicentes
1402 4553 1415 4588 :
1445 4509 1729 4589 Credimus
1754 4545 1827 4599 te,
1848 4509 2152 4590 Jesu-Chri-
2184 4509 2230 4569 Ι)

563 4641 670 4693 ste,
697 4644 883 4684 verum
911 4629 1003 4683 Dei
1034 4627 1230 4682 Filium
1272 4642 1392 4681 cum
1435 4626 1598 4681 Patre
1627 4637 1682 4681 et
1720 4625 1924 4697 Spiritu
1964 4636 2152 4682 sancto

563 4731 879 4791 regnantem
910 4721 962 4773 in
992 4719 1182 4785 caelis;
1216 4721 1354 4775 sicut
1384 4735 1415 4773 a
1446 4728 1635 4775 sancto
1666 4729 1906 4790 martyre
1935 4728 2026 4774 tuo
2046 4720 2153 4774 Lu-

564 4813 1057 4869 cianoaudivimus
1085 4827 1236 4876 aure,
1265 4821 1318 4866 et
1349 4813 1639 4868 didicimus
1667 4822 1868 4868 mente.
1901 4813 2033 4869 Cum
2056 4829 2152 4867 au-

564 4915 672 4959 tem
721 4904 1009 4959 multitudo
1045 4903 1225 4974 populi
1269 4905 1359 4973 qui
1390 4904 1545 4973 quasi
1587 4904 1654 4957 ad
1684 4904 2049 4974 spectaculum
2084 4906 2153 4961 de

563 4998 797 5050 diversis
824 4997 1070 5066 partibus
1098 5012 1166 5051 ex
1196 4996 1391 5051 villulis
1415 5004 1782 5052 convenerant
1805 5007 1860 5052 et
1890 4998 2045 5062 vicis,
2079 5008 2153 5053 ta-

638 5134 665 5194 τι
709 5120 869 5194 _Addit
895 5120 1149 5189 Lovetus,
1179 5135 1290 5194 post
1321 5126 1607 5180 meridiem.

641 5192 668 5229 ιι
709 5189 963 5253 Lovetus,
993 5193 1046 5244 7.

574 5267 598 5287 ⁸
644 5271 666 5299 ε
714 5260 809 5304 Ms-
843 5260 902 5304 ᾖ-
937 5261 1073 5304 Mat-
1115 5261 1303 5304 Thnrm
1331 5270 1643 5304 lrnnermu'rn
1672 5269 1808 5304 ιιηιΙη
1870 5268 2148 5304 “vicani-una

2325 3263 2417 3319 25.
2455 3266 2594 3320 Ecce
2619 3265 2839 3331 fratres,
2870 3265 2970 3320 etsi
2996 3274 3301 3335 purpurata
3329 3276 3422 3321 est
3446 3267 3691 3322 universa
3710 3274 3813 3319 tem

2258 3357 2520 3429 sanguine
2541 3366 2864 3428 martyrum,
2888 3367 3191 3426 purpurata
3214 3367 3304 3412 est
3323 3358 3530 3412 civitas
3557 3372 3724 3412 nostra
3744 3358 3815 3411 hv-

2256 3462 2376 3502 rum
2417 3462 2631 3513 cruore,
2665 3447 2867 3503 Christi
2907 3461 3155 3518 respersa
3200 3450 3503 3521 sanguine.
3556 3449 3665 3504 Etsi
3702 3447 3815 3501 nam

2255 3538 2452 3593 coalum
2501 3538 2718 3593 coronis
2764 3547 3093 3608 martyrum,
3142 3537 3307 3594 ﬂoret
3350 3548 3414 3593 et
3464 3549 3655 3594 nostra
3698 3538 3813 3592 teda

2255 3629 2483 3683 istorum
2529 3628 2782 3684 decorata
2830 3629 3142 3683 virtutibus.
3194 3629 3427 3685 Ornata:
3471 3640 3602 3685 sunt
3641 3629 3808 3698 relies:

2254 3720 2497 3775 ecclesiae
2527 3720 2806 3774 memoriis
2836 3730 3159 3789 martyrum,
3193 3729 3394 3775 ornata
3420 3733 3508 3776 est
3538 3722 3637 3775 ista
3664 3722 3810 3776 hora

2258 3812 2581 3881 triumphis,
2627 3819 2682 3866 et
2727 3822 3045 3866 consecrata
3094 3812 3366 3882 reliquiis.
3425 3814 3683 3885 lnsignita
3722 3824 3816 3868 sunt

2256 3912 2497 3972 tempora
2544 3903 2805 3958 natalitiis
2850 3912 3175 3974 martyrum,
3229 3905 3498 3975 insignita
3548 3917 3631 3962 est
3664 3916 3713 3960 et
3740 3907 3814 3959 bo-

2254 3993 2443 4047 dierna
2474 3992 2770 4053 festivitas.
2817 4008 2920 4062 qua
2959 3994 3275 4048 celebratur
3322 4010 3524 4050 eorum
3562 3996 3739 4050 natalis
3767 3995 3814 4048 de

2255 4084 2573 4138 ascensione
2604 4084 2844 4153 ipsorum
2871 4082 2939 4137 ad
2962 4083 3150 4138 caelos.
3187 4083 3571 4140 Crebrescunt
3596 4096 3647 4140 et
3673 4086 3748 4139 hic
3767 4085 3813 4135 ea!

2253 4196 2442 4235 corum
2475 4179 2739 4234 tttmulum
2770 4179 2999 4250 insignia
3030 4179 3297 4234 virtutum
3329 4189 3387 4234 et
3405 4182 3717 4236 exuberant
3744 4180 3811 4232 be-

2253 4271 2447 4327 neﬁcia
2473 4272 2768 4326 sanitatum
2798 4289 2811 4325 :
2841 4272 3030 4343 aegroti
3057 4273 3293 4328 veniunt
3323 4284 3380 4328 et
3410 4284 3692 4339 sanantur,
3722 4270 3809 4326 arti

2256 4364 2647 4429 illuminantur,
2679 4363 2856 4418 claudi
2888 4371 3171 4428 curantur,
3215 4366 3401 4419 vexati
3448 4380 3480 4418 a
3527 4365 3808 4420 (immanibus

2259 4456 2562 4509 liberantur
2587 4470 2603 4509 :
2631 4464 2686 4509 et
2710 4456 2854 4523 quod
2881 4453 3054 4522 majus
3080 4463 3187 4520 est,
3221 4455 3471 4511 fidelium
3499 4455 3811 4510 exaudiam!

2258 4559 2467 4615 preces,
2495 4544 2863 4615 suscipiuntur
2886 4553 3028 4609 vota,
3059 4555 3423 4614 peccatorum
3453 4545 3667 4602 vincula
3692 4540 3812 4598 reid

2258 4648 2478 4703 vuntur,
2513 4638 2756 4706 aperitur
2783 4634 2990 4690 uelum
3026 4637 3419 4706 pulsantibus:
3452 4639 3670 4708 praemia
3704 4646 3812 4689 asse

2256 4739 2497 4801 quuntur
2524 4727 2803 4782 Ecclesia}.
2830 4724 2982 4780 Felix
3014 4728 3249 4781 nimium
3273 4739 3331 4783 et
3360 4729 3477 4785 Deo
3504 4738 3655 4800 grata
3678 4728 3815 4783 beato-

2256 4836 2378 4875 rum
2418 4830 2717 4890 martyrum
2760 4818 3013 4885 societas,
3062 4835 3298 4889 quorum
3339 4836 3407 4874 ex
3451 4822 3723 4877 consortio
3753 4834 3814 4871 u-

2255 4912 2498 4983 gelorum
2543 4910 2694 4964 chori
2748 4908 3088 4979 gratulantur
3130 4910 3184 4963 in
3231 4912 3427 4976 caelis,
3474 4914 3685 4968 meritis
3724 4922 3814 4963 vero

2256 5017 2443 5058 eorum
2488 5008 2543 5055 et
2585 5001 2837 5070 precibus
2878 5000 3120 5054 omnium
3172 4999 3419 5056 ﬁdelium
3467 5004 3633 5074 digna
3674 5002 3813 5073 petiti:

2261 5149 2437 5196 tamen
2485 5154 2548 5195 ex
2600 5152 2858 5193 curruum
2911 5151 3340 5208 carrucarumve
3401 5140 3564 5208 lapsu
3613 5140 3826 5205 cuiam!

2258 5226 2550 5294 equorum,
2591 5209 2722 5304 vilni,
2768 5209 2916 5290 reivc
2952 5207 3177 5290 alterius
3205 5209 3490 5304 jacturam
3526 5211 3812 5279 contigisset

2528 5296 2608 5304 ...υ-ι
2642 5288 2921 5304 ιι.’-ι-Δ.ίΛ¹ιη
3002 5288 3089 5304 noni
3138 5288 3344 5304 “nul...”
3381 5290 3671 5304 ...φωρ-Ι..
