3904 5304
52 304 177 364 “‘25

1497 288 1836 349 CANONES.

3170 277 3309 331 “‘26

44 428 320 493 praestatur
348 418 401 473 in
441 416 632 483 terris,
672 421 964 486 praestante
997 411 1226 467 Domino
1263 415 1450 462 nostro
1480 406 1608 462 Jesu
1640 418 1686 470 Α
1713 405 1840 459 vivit
1886 410 1940 457 et
1979 409 2169 472 regnat
2210 413 2305 470 per
2336 395 2663 454 immortalia
2705 391 2900 451 saecula
2947 391 3267 448 smeulorum
3291 432 3307 452 ,
3341 379 3345 383 ’

40 511 275 574 Christo,
316 507 410 578 qui
446 523 568 564 cum
596 514 864 562 coaeterno
895 496 1067 558 Patre'
1084 516 1148 556 ac
1180 500 1383 570 Spiritu
1421 506 1607 553 sancto

51 676 545 700 ﬂ

1711 497 1906 550 Amen.

557 647 3307 692 _________________________.__.._____———

937 766 1749 981 /CAN0NEs/r
1802 816 2327 935 ODONIS

1148 1048 1229 1109 In
1263 1043 1501 1125 synodo
1532 1039 1987 1121 Ponltgonensi
2015 1037 2193 1101 editi.

940 1210 1114 1276 (Apud
1154 1208 1437 1271 Baluzium,
1479 1201 1830 1268 Capitularinm
1865 1207 1982 1252 tom.
2009 1200 2086 1262 ll,
2125 1212 2238 1264 pag.
2268 1199 2377 1251 245.

106 1476 310 1532 Sancta
340 1469 576 1544 synodus
606 1481 727 1537 qua:
752 1465 805 1521 in
831 1464 1050 1519 nomine
1073 1461 1315 1525 Domini,
1341 1459 1625 1515 vocatione

36 1570 221 1627 domui
272 1566 495 1623 Joannis
538 1573 621 1618 ter
658 1558 977 1617 beatissimi‘
996 1574 1061 1615 ac
1106 1555 1426 1612 universalis
1452 1568 1624 1624 papm,

35 1671 86 1716 et
106 1659 357 1731 jussione
381 1655 565 1712 domui
593 1652 772 1709 Caroli
818 1657 1080 1722 perpetuo
1109 1647 1366 1718 Augusti,
1396 1659 1626 1715 congre-

37 1760 156 1823 gata
182 1759 270 1805 est
300 1750 352 1803 in
383 1747 502 1803 loco
534 1744 624 1814 qui
653 1753 878 1799 vocatur
906 1739 1239 1811 Pontigonis.
1269 1753 1411 1792 anno
1448 1736 1624 1790 lucarv

33 1843 274 1899 nationis
304 1839 595 1895 Dominicae
634 1835 771 1901 876,
812 1834 1101 1889 indictione
1133 1848 1209 1894 ix,
1241 1830 1389 1900 regni
1420 1827 1624 1898 pnefati

33 1932 380 1991 invictissimi
434 1928 777 2000 imperatoris
822 1941 1009 1981 xxxv"
1037 1965 1051 1988 ,
1104 1922 1315 1993 imperii
1356 1933 1540 2000 autem
1589 1936 1628 1983 ι,

30 2044 146 2083 xvn
176 2024 452 2082 Kalendas
476 2022 736 2091 Augusti,
768 2021 883 2075 lucc
912 2017 1144 2089 capitula
1165 2032 1284 2087 quae
1312 2016 1500 2070 subter
1533 2028 1634 2067 an-

32 2141 175 2181 nexa
209 2133 339 2181 sunt
371 2122 624 2178 instituit.

723 2212 855 2269 Car.
896 2212 940 2267 l.

104 2329 369 2386 Olieunte
397 2326 695 2390 Ludovico,
737 2325 827 2395 qui
875 2321 1101 2379 Romani
1146 2319 1355 2390 imperii
1392 2317 1513 2388 jura
1554 2326 1639 2368 re-

24 2422 239 2492 gebat,
303 2418 532 2473 domnus
576 2413 811 2469 Joannes
858 2422 939 2469 ter
981 2410 1329 2465 beatissimus
1375 2421 1509 2477 papa
1543 2417 1640 2473 per

31 2509 377 2567 Gadericum
403 2506 861 2569 Veliternenscm,
910 2503 1228 2557 Formosum
1260 2498 1634 2560 Portuensem,

27 2599 306 2655 Joannem
336 2596 644 2659 Aretinum,
678 2594 1015 2651 venerabiles
1043 2592 1349 2661 episcopos,
1379 2589 1638 2642 domuum

30 2688 300 2745 Carolum
338 2696 469 2740 tunc
503 2700 683 2755 regem
731 2684 799 2739 ad
836 2683 1020 2737 limina
1055 2680 1337 2736 beatorum
1365 2675 1638 2746 aposrolo-

31 2796 156 2835 rum
187 2778 483 2841 invitavit,
517 2790 750 2845 eumque
791 2773 1047 2829 Ecclesiae
1093 2770 1262 2842 ipsius
1296 2768 1636 2824 defensorem

34 2891 98 2931 ac
131 2883 386 2929 tutorem
410 2870 594 2941 elegit,
622 2867 992 2938 imperialique
1014 2864 1315 2920 diademate
1336 2858 1635 2923 coronavit,

32 2983 160 3024 eum
215 2980 336 3036 prae
379 2963 590 3019 cunctis
632 2962 807 3017 solum
859 2969 914 3015 et
964 2955 1256 3029 specialem
1304 2954 1508 3024 eligens
1545 2950 1635 3021 qui

34 3056 274 3112 Romani
305 3053 519 3125 imperil
552 3060 769 3122 sceptra
813 3057 1042 3106 teneret.
1082 3044 1250 3115 Cujus
1279 3046 1451 3101 sacris
1482 3044 1638 3099 insti-

31 3148 344 3206 tutionibus
389 3161 486 3218 pro
533 3144 714 3202 debito
757 3151 1031 3215 parentes,
1076 3140 1219 3211 quod
1250 3139 1365 3210 ipse
1406 3137 1639 3193 instituit

30 3240 382 3296 instituimus
405 3278 421 3303 ,
450 3244 503 3291 et
531 3235 675 3306 quod
706 3235 821 3306 ipse
847 3231 1190 3288 confirmavit
1215 3229 1335 3299 pari
1361 3241 1631 3285 consensu
1660 3218 1706 3281 C

30 3347 229 3386 omnes
262 3329 570 3384 firmamus.

715 3415 844 3472 Car.
884 3412 946 3468 ll.

102 3532 461 3603 Congregata
493 3528 657 3600 igitur
683 3528 735 3582 in
764 3527 1006 3581 Romana
1044 3525 1179 3579 urbe
1202 3531 1389 3579 sancta
1410 3521 1635 3595 synodo,

34 3636 166 3684 ante
219 3626 523 3681 adventum
570 3620 812 3690 praedicti
860 3617 1040 3674 domni
1088 3616 1461 3686 imperatoris,
1492 3614 1639 3669 misit

31 3738 154 3777 cum
186 3732 470 3775 consensu
500 3715 743 3770 omnium
770 3712 1025 3782 epistolas
1046 3710 1317 3765 Ludovico
1342 3708 1475 3777 regi,
1518 3706 1639 3761 filiis

31 3826 259 3882 quoque
284 3807 481 3879 ipsius,
513 3801 970 3874 archiepiscopis,
1015 3798 1301 3870 episcopis,
1330 3798 1638 3861 abbatibus,

33 3922 97 3961 ac
122 3902 365 3971 reliquis
392 3899 725 3970 primoribus
753 3896 901 3967 regni
931 3894 1033 3958 sui,
1068 3900 1349 3948 monentes
1380 3906 1473 3945 eos
1506 3904 1639 3960 apo-

32 3999 229 4053 stolica
276 3990 613 4048 auctoritate
655 4004 804 4044 more
843 3996 1069 4058 paterno
1095 4000 1316 4040 servare
1341 4000 1460 4054 quae
1491 3985 1643 4053 pacis

31 4099 203 4153 sunt,
261 4103 336 4140 ne
390 4082 642 4137 videlicet
687 4081 923 4149 aliquam
971 4078 1321 4148 irreptionem
1372 4077 1424 4130 in
1477 4091 1643 4146 regno

32 4179 255 4251 praefati
306 4174 541 4245 Augusti
595 4172 753 4226 facile
800 4176 1070 4225 tentarent
1116 4183 1286 4238 usque
1321 4168 1447 4222 dttm
1480 4166 1642 4222 simul

35 4272 103 4327 ad
153 4278 419 4324 mutuum
454 4263 784 4333 colloquium
813 4261 1081 4325 venirent,
1126 4270 1181 4315 et
1220 4259 1337 4330 ipse
1380 4259 1525 4315 inter
1550 4274 1645 4314 eos

33 4362 182 4416 etde
206 4372 352 4431 pace
381 4354 751 4410 conservanda
784 4361 838 4407 et
867 4353 933 4407 de
967 4350 1092 4420 jure
1123 4365 1409 4422 regnorum
1451 4365 1646 4405 secun-

34 4452 165 4505 dum
199 4449 312 4505 sibi
369 4461 400 4499 a
448 4445 559 4500 Deo
612 4443 975 4499 ministerium
1019 4442 1286 4498 creditum
1327 4440 1647 4496 decerneret

31 4541 253 4611 pariter
294 4544 356 4592 et
405 4535 760 4591 discerneret.
818 4535 962 4601 Quas
990 4534 1247 4605 epistolas
1283 4548 1377 4603 per
1404 4531 1645 4588 Otlonem

34 4633 463 4688 Bellovacorum
489 4626 853 4682 venerabilem
880 4619 1193 4697 episcopum
1218 4625 1319 4681 sibi
1347 4624 1646 4680 destinatas

35 4737 90 4782 et
121 4726 209 4781 bis
241 4722 463 4779 delatas
493 4720 715 4776 omnino
745 4720 988 4790 recipere
1013 4728 1326 4775 tenuerunt.

722 4834 851 4890 CAP.
900 4835 983 4890 ΙΙΙ.

108 4956 233 5027 Ipse
262 4966 404 5007 vero
435 4949 731 5019 apostolica
775 4956 832 5002 et
862 4957 1087 5018 paterna
1134 4948 1334 5005 monita
1366 4947 1652 5016 parvipen-

31 5052 205 5113 dens,
256 5054 321 5102 et
367 5041 609 5097 fraterna
640 5040 845 5095 fcedera
870 5042 1243 5110 disrumpens,
1273 5040 1455 5096 hostili
1488 5054 1650 5092 manu

126 5138 334 5162 ..-ι-εἶλλε
413 5146 565 5162 mna-on
622 5130 919 5162 rnnlnnn-I-n
988 5146 1210 5162 *Δίνη-ι.»-
1279 5131 1506 5162 Αηι-ιηινιηι
1527 5131 1652 5162 ιηι.Λ

1733 1470 1948 1525 semper
1989 1452 2258 1523 Augusti,
2295 1457 2472 1506 tactus
2509 1448 2693 1504 dolore
2739 1447 2941 1514 cordis,
2993 1446 3317 1504 acceleravit

1734 1548 1951 1603 mittere
1982 1546 2177 1601 missos
2198 1560 2358 1610 suos,
2388 1543 2650 1599 Joannem
2678 1541 2927 1596 videlicet
2952 1549 3005 1596 et
3028 1539 3314 1607 Joannem,

1733 1638 2069 1694 venerabiles
2092 1637 2407 1707 episcopos,
2445 1650 2572 1691 cum
2613 1634 2732 1689 aliis
2778 1635 2890 1688 suis
2919 1633 3191 1704 epistolis,
3224 1648 3317 1688 vo-

1733 1730 1851 1786 lens
1884 1744 2007 1785 enm
2054 1744 2276 1783 monere
2303 1734 2362 1781 ut
2401 1745 2428 1782 a
2479 1735 2626 1781 tanto
2651 1726 2793 1781 malo
2828 1727 3219 1795 paenitudinem
3252 1725 3319 1779 de

1732 1821 2028 1893 prateritis
2055 1829 2281 1890 ageret,
2316 1827 2369 1874 et
2401 1821 2616 1872 tandem
2650 1817 2947 1871 fraternum
2985 1832 3207 1887 regnum
3240 1816 3322 1869 in-

1735 1914 1935 1968 vadere
1965 1912 2257 1967 desineret.
2301 1910 2541 1976 Quorum
2564 1909 2889 1979 legationem
2911 1910 3150 1966 secundo
3175 1924 3325 1964 com-

1726 2002 1975 2062 monitus
2000 2005 2231 2060 necdum
2258 2002 2503 2074 recipere
2525 2002 2715 2057 voluit.

2418 2116 2549 2172 Car.
2592 2116 2656 2171 ν.

1804 2229 1935 2287 Post
1960 2230 2062 2285 bos
2090 2228 2323 2299 denique
2355 2227 2509 2282 misit
2532 2227 2730 2295 iterum
2769 2225 3159 2298 alioslegatos,
3184 2225 3323 2281 Leo-

1737 2336 1859 2376 nem
1907 2320 2116 2375 scilicet
2158 2318 2561 2374 sanctissimum
2604 2316 2963 2373 Gabinensem
3009 2319 3324 2389 episcopum

1737 2416 1791 2466 et
1837 2420 2039 2465 sancta:
2086 2408 2342 2462 Romana!
2386 2407 2641 2461 Ecclesiae
2688 2405 2913 2461 missum
2952 2415 3005 2461 et
3031 2406 3327 2476 apocrisia-

1740 2502 1920 2567 rium,
1950 2501 2257 2571 pariterque
2297 2508 2351 2553 et
2378 2497 2597 2552 Petrum
2634 2496 3200 2567 Forosemproniatem
3233 2510 3325 2551 ve-

1739 2594 2038 2650 nerabilem
2070 2593 2380 2662 episcopum
2402 2632 2416 2655 ,
2462 2592 2576 2646 haec
2611 2590 2800 2645 eadem
2824 2593 2873 2645 o!
2896 2590 3177 2652 secrando,
3210 2603 3327 2643 mo-

1740 2685 1916 2738 nendo
1962 2694 2290 2753 protestans.
2346 2681 2588 2748 Quorum
2619 2682 2821 2736 monita
2854 2690 3035 2735 utrum
3083 2679 3326 2750 recipere

1741 2774 1894 2838 velit,
1918 2774 2098 2828 adhuc
2123 2772 2434 2843 ambiguum
2459 2779 2696 2827 constat.

2397 2879 2528 2936 CAP.
2567 2879 2657 2935 Vl.

1810 2990 2033 3057 Verum,
2065 2992 2190 3061 quia
2222 2989 2479 3063 praefatus
2506 2990 2617 3048 Leo
2645 2991 2968 3049 Gabinensis
3004 2993 3332 3050 reverentis—

1738 3085 1911 3140 simus
1937 3085 2222 3155 episcopus
2248 3094 2305 3139 et
2336 3094 2541 3140 sanctae
2570 3085 2826 3140 Romana»
2852 3085 3107 3141 Ecclesiae
3134 3086 3333 3142 missus

1738 3184 1794 3229 et
1833 3174 2252 3244 apocrisiarius,
2315 3190 2411 3229 seu
2456 3184 2511 3228 et
2564 3174 2759 3229 Petrus
2810 3174 3334 3247 Forosemproniatis

1741 3266 2056 3335 episc0pus,
2087 3280 2201 3335 ,pro
2231 3264 2554 3334 quibusdam
2592 3265 2916 3320 utilitatibus
2952 3267 3332 3324 ecclesiasticis

1742 3358 1942 3412 morari
1992 3358 2081 3413 hic
2128 3357 2329 3411 diutius
2375 3366 2684 3427 nequeunt,
2734 3371 2910 3426 nequc
2954 3358 3238 3428 episcopos
3262 3359 3332 3413 de

1742 3449 2032 3522 longinquo
2053 3449 2334 3503 venientes
2371 3447 2597 3519 fatigare
2626 3447 2841 3519 longius
2862 3448 3082 3518 dignum
3104 3460 3210 3515 est,
3240 3451 3336 3504 de-

1740 3549 2029 3597 creverunt
2059 3539 2319 3595 Joannem
2347 3538 2748 3593 Tuscanenscm
2776 3548 2831 3592 et
2854 3537 3114 3593 Joannem
3155 3539 3335 3597 Areti-

1740 3649 1868 3687 num
1886 3631 2218 3688 venerandos
2232 3629 2628 3700 cpiscopos,qui
2649 3629 2966 3699 legationem
2982 3627 3333 3699 prmfatorum

1740 3730 1943 3800 pariter
1966 3743 2089 3782 cum
2120 3726 2287 3797 priori
2306 3725 2573 3797 legatione
2597 3724 2976 3794 suscipientes,
3006 3738 3069 3778 ea
3091 3738 3211 3793 qurc
3235 3738 3330 3791 pe-

1742 3821 1973 3892 ragenda
2001 3828 2152 3885 sunt,
2196 3835 2320 3874 cum
2343 3819 2556 3874 caeteris
2578 3818 2866 3888 episcopis,
2887 3832 3024 3889 quos
3054 3815 3333 3871 communi

1743 3926 2007 3965 consensu
2028 3909 2313 3981 elegerint,
2338 3908 2455 3962 vice
2479 3908 2721 3962 omnium
2763 3908 3162 3979 episcoporum,
3178 3906 3334 3976 quid-

1743 4002 1872 4071 quid
1895 4016 1989 4055 seu
2014 4001 2065 4054 in
2094 3999 2370 4056 evocando
2396 4015 2489 4055 seu
2522 3999 2573 4052 in
2599 4000 3061 4070 contemploribus
3091 3998 3335 4054 feriendo

1744 4092 2069 4153 definieriut,
2101 4090 2399 4159 apostolica
2426 4089 2751 4145 auctoritate
2780 4089 2948 4146 libere
2970 4090 3248 4156 definiant,
3282 4097 3339 4144 et

1744 4183 2004 4253 quidquid
2047 4183 2149 4253 ipsi
2177 4182 2596 4236 deliberaverint
2618 4221 2632 4244 ,
2660 4191 2716 4236 et
2744 4183 2976 4237 domnus
3009 4180 3337 4250 apostolicus

1746 4289 1867 4329 cum
1898 4273 2045 4327 omni
2077 4281 2263 4326 sancta
2294 4273 2531 4327 [lotuana
2569 4273 2809 4328 Ecclesia
2851 4273 3239 4328 determinabit
3281 4282 3339 4328 et

1748 4365 1803 4419 in
1852 4372 2174 4434 perpetuum
2203 4379 2516 4418 mansurum
2551 4373 2753 4420 statuet
2782 4373 2839 4420 et
2868 4364 3127 4419 firmabit.

2403 4477 2536 4533 Car.
2578 4477 2687 4533 \‘ll.

1826 4594 1980 4650 Sicut
2002 4592 2256 4648 dominus
2280 4608 2418 4663 papa
2449 4590 2685 4647 Joannes
2709 4595 2913 4654 sanxit,
2943 4589 3268 4644 connivente
3291 4597 3347 4643 et

1756 4681 2127 4739 consentiente
2166 4689 2224 4735 et
2265 4680 2698 4735 condccernente
2739 4680 2941 4735 domno
2981 4684 3037 4730 et
3073 4675 3352 4747 gloriosis-

1759 4775 1897 4830 simo
1923 4769 2119 4827 Carolo
2143 4770 2470 4842 imperatore
2502 4784 2717 4841 semper
2743 4769 3008 4839 Augusto,
3039 4764 3349 4834 Ansigisum

1762 4860 2121 4920 venerabilem
2163 4863 2510 4933 episcopum,
2545 4858 2819 4917 Senonum
2862 4854 3353 4925 archiepiscopum,

1760 4968 1912 5011 suam
1941 4952 2115 5006 vicem
2145 4961 2354 5017 tenere,
2377 4960 2432 5005 et
2452 4950 2746 5019 primatum
2776 4951 2826 5007 ei
2854 4944 3044 5003 Galliae
3062 4952 3117 4998 et
3135 4943 3362 4999 Cerma-

1762 5046 1865 5101 niae
1891 5039 2118 5098 contulit
2153 5043 2211 5100 in
2241 5041 2515 5101 evocanda
2554 5046 2759 5115 synodo
2786 5052 2845 5099 et
2872 5034 3183 5094 deﬁniendo
3204 5046 3369 5090 eano-

1986 5131 2239 5162 nu.nl3l..~a
2283 5136 2680 5162 2n....rnnvn_!..s
2717 5126 3025 5162 κορκοοηνῖιλ
3088 5133 3135 5162 al
3166 5135 3221 5162 ιι.
3252 5137 3374 5162 (11³214

1762 5137 1814 5162 ..Ξ
1827 5150 1882 5162 ηΑ
1912 5137 1954 5162 οἱ
