3904 5304
532 314 671 368 1127

522 514 1029 577 Nomenculator-is,
1072 521 1185 569 ‘seu
1235 522 1290 568 et
1338 513 1595 583 Stephani
1643 509 2113 571 Secundiccrii,et

521 604 739 680 Georgii
781 604 1077 659 Vesterarii
1104 645 1118 667 ,
1150 614 1577 672 cancrorumque
1623 616 1841 656 suorum
1884 598 2110 666 compli-

523 712 670 761 cum,
710 698 850 751 sicut
893 698 946 750 in
978 697 1201 767 epistola
1232 697 1400 768 ipsius
1430 696 1496 750 ad
1532 710 1630 750 nos
1669 694 1832 748 missa
1867 692 2111 746 contine-

522 799 634 854 tur,
666 804 838 857 nuper
889 789 1159 851 instituit,
1211 798 1267 841 ct
1316 803 1416 842 nos
1466 786 1761 841 secundum
1809 782 2107 853 jussionem

525 878 725 949 ipsius,
754 878 809 932 in
854 878 1000 932 nullo
1041 895 1069 932 a
1114 878 1290 947 capite
1330 878 1677 938 dissidentes,
1723 871 2109 930 consentiendo

523 970 868 1024 decernimus
888 1010 902 1034 .
933 970 1289 1038 omnibusque
1321 967 1629 1039 apostolicis
1652 965 1794 1020 illius
1819 961 2113 1018 sanctioni-

522 1067 625 1121 bus
656 1082 753 1136 per
780 1066 961 1121 omnia
992 1076 1245 1137 parentes
1270 1064 1406 1119 sicut
1435 1064 1587 1118 decet
1614 1057 1915 1117 obedimus.

1578 306 1828 363 ODONIS
1866 299 2427 358 BELLOVACENSlS
2465 295 2772 353 EPISCOI‘I

524 424 769 479 Formosi
819 422 1026 477 scilicet
1065 422 1379 476 Portncnsis
1426 421 1660 492 episc0pi
1690 462 1704 485 ,
1757 428 1811 473 et
1868 415 2109 486 Gregorii
2142 423 2186 481 Α

3604 272 3625 283 ’
3658 293 3783 350 uss

2868 408 2997 464 CAP.
3049 407 3139 462 IX.

2287 529 2582 585 Censuram
2622 539 2749 580 vero
2796 538 2957 593 quam
2997 522 3227 576 domnus
3266 518 3597 590 apostolicus
3638 535 3786 590 super

2219 619 2608 676 nel'andissima
2634 625 2753 670 acta
2777 613 3032 668 Ludovici
3057 612 3198 681 regis
3225 620 3283 665 et
3317 609 3646 679 complicum
3674 611 3785 677 eius

2216 710 2318 764 nisi
2348 707 2673 777 resipuerlnt
2697 745 2713 770 ,
2751 713 2808 760 ct
2850 703 3087 758 debitam
3127 700 3496 756 obedientiam
3525 699 3637 753 sedi
3670 716 3787 768 apo-

2214 801 2420 857 stolicm
2454 797 2798 853 exhibuerint
2819 837 2834 861 ,
2880 795 3068 850 statuit
3090 803 3146 849 et
3172 792 3448 856 ﬁrmavit,
3491 806 3677 845 omnes
3698 807 3785 845 nos

2215 893 2306 962 qui
2332 892 2400 945 ad
2439 897 2761 961 praesentem
2797 887 3061 959 synodum
3092 883 3453 941 convenimus
3478 882 3787 935 unanimiter

2217 982 2557 1040 decernimus
2581 988 2743 1048 atque
2769 976 3068 1032 ﬁrmamus.

539 1181 3778 1229 ____________________________________

1417 1244 1941 1431 ODONIS
2074 1303 2908 1424 INSTITUTIO

1160 1521 1266 1580 DE
1305 1517 1553 1579 annos
1597 1517 1657 1577 s.
1707 1510 1942 1575 PETRI
1985 1464 2644 1571 concursantem
2686 1502 3162 1565 DESTINATIS

1283 1642 1362 1704 Et
1398 1640 1471 1702 de
1512 1635 2046 1721 quinquagenaria
2082 1635 2151 1695 in
2188 1651 2256 1694 ea
2281 1649 2536 1692 numero
2575 1607 3037 1691 canonicorum.

1732 1756 1892 1823 (Apud
1916 1754 2089 1815 λειω..
2115 1753 2316 1814 Concil.,
2341 1759 2457 1803 tom.
2484 1750 2592 1815 IX.)

594 1979 709 2037 Ono
737 1975 909 2050 gratia
939 1973 1152 2030 Domini
1183 1970 1350 2028 nostri
1376 1968 1505 2025 Jesu
1535 1968 1737 2025 Christi
1762 1967 2102 2025 Bellovacen-
2130 1970 2178 2029 Β
2208 1967 2334 2021 dina
2361 1967 2467 2022 duo
2489 1974 2544 2022 et
2577 1967 2797 2022 cambas
2826 1981 2863 2021 ιι
2882 2007 2899 2032 ,
2923 1976 2979 2023 et
3016 1968 3213 2022 hortos
3242 1965 3429 2022 cultos
3464 1979 3541 2034 ιι,
3569 1977 3629 2022 et
3651 1970 3792 2024 curti-

523 2072 601 2128 sis
637 2068 890 2125 Ecclesia:
918 2065 1136 2138 prresul.

595 2158 792 2214 Notum
823 2157 895 2212 sit
917 2154 1170 2210 omnibus
1201 2160 1401 2208 sanctae
1428 2150 1524 2205 Dei
1555 2148 1810 2205 Ecclesia:
1841 2147 2104 2213 fidelibus,

520 2253 865 2321 maximeque
902 2248 1305 2305 successoribus
1348 2245 1567 2307 nostris,
1612 2242 1867 2314 quoniam
1913 2241 2107 2295 unani-

521 2344 627 2397 mis
652 2340 996 2412 congregatio
1034 2338 1259 2409 parique
1289 2344 1436 2401 voto,
1484 2333 1691 2389 scilicet
1741 2332 1989 2388 canonici
2046 2329 2104 2387 S.

524 2434 666 2490 Petri
702 2433 815 2503 jam
849 2415 970 2488 faue
998 2431 1271 2493 Ecclesite,
1313 2427 1400 2482 cui
1445 2427 1555 2481 Deo
1584 2433 1805 2480 auctore
1840 2423 2105 2489 deservio,

518 2525 743 2595 expetiit
790 2506 1030 2578 nostram
1069 2522 1265 2577 obnixe
1307 2519 1684 2600 liberalitatem
1726 2527 1992 2588 quatenus
2022 2531 2108 2571 res

518 2619 620 2675 sibi
650 2636 680 2673 ,ι
711 2618 913 2675 nostris
943 2615 1431 2687 prtedecessoribus
1453 2611 1606 2681 juxta
1646 2611 1877 2667 conﬁnia
1920 2611 2108 2681 singu-

519 2710 694 2764 larum
734 2722 1042 2772 concessas,
1071 2706 1384 2777 pariterque
1414 2713 1604 2758 nostra
1651 2702 1753 2758 sibi
1788 2701 2108 2756 solidatione

520 2799 786 2865 ﬁrmatas,
829 2798 1110 2861 canonice,
1145 2795 1299 2864 juxta
1338 2795 1565 2848 aliarum
1594 2807 1798 2847 morem
1836 2790 2108 2846 Ecclesia-

520 2905 663 2954 rum,
694 2891 837 2944 dono
878 2887 1238 2951 liberalitatis,
1289 2886 1538 2956 regisque
1582 2893 1869 2953 praecepto,
1903 2883 2110 2952 absque

518 2980 682 3035 ullius
723 2979 1153 3034 contradictione
1183 2977 1399 3046 quietis,
1440 2991 1698 3031 concessa
1744 2975 2106 3045 disponerem.

518 3071 810 3125 Enimvero
839 3070 1027 3123 videns
1049 3069 1313 3123 excedere
1338 3066 1642 3137 lmjusmodi
1673 3067 1945 3135 negotium
1975 3079 2108 3120 [IIBtB

520 3161 858 3216 solummodo
929 3159 1262 3215 diﬁinitionis
1326 3159 1492 3223 vires,
1556 3157 1864 3228 pariterque
1932 3158 2107 3228 gratia

519 3252 739 3318 superni
780 3250 991 3307 consilii
1030 3262 1305 3320 praeeunte
1334 3250 1622 3321 providens
1650 3250 1763 3321 jam
1791 3251 1948 3305 dictae
1979 3265 2105 3304 con-

2211 2058 2361 2114 culos
2404 2074 2459 2123 x,
2494 2068 2708 2129 pratum
2754 2074 2940 2113 unum.
2979 2058 3288 2113 Precariam
3332 2059 3429 2113 ubi
3476 2070 3610 2114 sunt
3644 2064 3787 2114 mansi

2211 2166 2361 2216 xxiv,
2391 2149 2447 2205 S.
2488 2166 2651 2221 quam
2685 2148 2997 2220 Sigebertus
3045 2158 3194 2205 tenet
3225 2166 3354 2205 cum
3399 2166 3597 2206 censu.
3646 2151 3785 2207 Obse-

2211 2251 2426 2297 crantes
2456 2252 2515 2298 ut
2546 2242 2728 2295 nullus
2751 2256 3124 2299 successorum
3152 2251 3507 2305 nostrorum,
3532 2244 3674 2311 quod
3698 2243 3784 2296 Dea

2208 2342 2428 2388 auctore
2466 2348 2497 2386 a
2544 2331 2700 2387 nobis
2727 2331 3074 2386 constitutum
3102 2339 3207 2394 est,
3238 2332 3445 2386 exinde
3474 2331 3682 2402 aliquid
3705 2334 3782 2384 ω-

2208 2426 2424 2480 nuendo
2456 2424 2761 2490 subtrahat,
2791 2436 2889 2478 nec
2916 2424 3028 2478 suis
3049 2424 3289 2493 propriis
3329 2439 3676 2494 suorumque
3699 2426 3783 2477 asi-

2207 2517 2310 2574 bus
2333 2517 2534 2589 aliquid
2567 2516 2924 2587 impertiatur.
2956 2516 3062 2572 Sed
3100 2517 3216 2572 hare
3250 2533 3379 2587 qua:
3411 2518 3606 2572 divino
3628 2533 3783 2572 amore

2209 2622 2263 2668 et
2304 2613 2607 2667 animarum
2652 2611 2826 2667 salute
2872 2613 3228 2681 patravimus,
3262 2610 3605 2665 inconcussa
3632 2612 3784 2665 obser-

2208 2713 2359 2772 vent,
2384 2704 2647 2773 :equalem
2672 2711 2728 2757 et
2757 2719 2918 2757 unam
2948 2701 3225 2757 nobiscum
3255 2715 3290 2755 a
3332 2702 3580 2756 Domino
3606 2716 3782 2756 mee-

2209 2798 2334 2851 dem
2378 2802 2677 2865 sperantes.
2730 2791 2997 2848 Numerus
3043 2807 3173 2846 vero
3223 2792 3633 2847 canonieorum
3676 2790 3782 2844 inihi

2212 2887 2516 2957 degentium
2545 2884 2812 2949 volumus,
2861 2892 3022 2953 atque
3063 2895 3323 2952 expresse
3352 2882 3691 2936 consolidari
3715 2883 3781 2935 ni.

2210 2978 2397 3042 timur,
2427 2976 2529 3031 nisi
2562 2991 2649 3031 res
2669 2974 2955 3040 addantur,
2985 2974 3125 3028 unde
3164 2973 3406 3028 facultas
3432 2974 3783 3028 subministre-

2213 3085 2318 3142 tur,
2370 3092 2476 3130 non
2534 3073 2882 3129 transcendat
2932 3072 3292 3142 quantitatem
3344 3070 3780 3141 quinquagenarﬁ

2210 3165 2440 3221 numeri.
2491 3163 2687 3219 Verum
2734 3174 2791 3218 et
2834 3179 2955 3218 cum
3002 3162 3230 3232 quilibet
3281 3163 3474 3216 divina
3529 3161 3780 3217 venatione

2210 3257 2525 3322 decesserit,
2556 3256 2693 3310 alius
2735 3257 3075 3326 subrogetur,
3120 3270 3191 3309 ne
3232 3253 3505 3325 przel'atus
3552 3269 3783 3308 num

517 3341 813 3412 gregatioui
841 3341 939 3395 sibi
966 3338 1246 3409 profutura
1286 3354 1550 3409 (μείω-οη,
1583 3348 1639 3393 et
1667 3339 1772 3393 illis
1811 3355 1971 3410 super
1999 3339 2103 3393 hoc

2228 3348 2503 3402 ninuatur.
2537 3347 2604 3401 Et
2635 3348 2880 3401 utetiam
2926 3355 3125 3400 nostra:
3152 3347 3463 3400 devotionis
3507 3347 3780 3401 auctoritas

518 3448 802 3487 assensum
826 3433 1136 3503 praebendo,
1169 3432 1361 3486 timens
1399 3446 1468 3487 ne
1498 3432 1657 3507 ovilia
1686 3431 1939 3485 dominici
1976 3447 2101 3499 gre-

521 3530 624 3600 gis,
652 3530 795 3600 quod
838 3529 1002 3596 absit,
1035 3538 1312 3600 tyrannica
1355 3526 2104 3597 irrumperenturaliquando

522 3621 889 3687 infestatione,
938 3622 1138 3691 expetii
1182 3621 1467 3676 consilium
1511 3630 1618 3675 tam
1675 3621 2104 3691 metropolitanae

523 3715 854 3772 thmorum
898 3718 1186 3787 provinciae
1230 3716 1526 3783 Hincmari,
1578 3733 1738 3787 quam
1786 3727 2105 3773 cancrorum

518 3809 907 3865 venerabiliutn
964 3810 1214 3864 videlicet
1264 3810 1816 3881 archiepiscoporum,
1863 3826 1958 3866 seu
2011 3827 2106 3866 co-

518 3902 898 3972 episcoporum
928 3916 1196 3965 meorum,
1229 3911 1287 3955 ut
1334 3917 1565 3970 quorum
1610 3903 1888 3957 sanctione
1926 3902 2099 3957 eccle-

521 3992 737 4046 siastica
764 4000 1169 4061 pertractantur
1197 3993 1433 4061 negotia,
1464 4007 1649 4048 eorum
1682 3994 1909 4057 taxatio,
1937 3994 2104 4064 inspi-

520 4092 677 4138 rante
699 4083 869 4152 gratia
907 4083 1124 4153 superni
1150 4085 1408 4149 numinis,
1435 4085 1564 4139 mihi
1589 4094 1892 4154 nostraeque
1914 4084 2105 4140 Eccle-

529 4175 626 4231 sia:
652 4175 783 4231 utile
813 4173 1033 4231 aﬁ‘erret
1057 4190 1121 4231 ac
1144 4176 1358 4247 salubre
1380 4184 1723 4246 proventum.
1756 4176 2104 4247 Quorumque

525 4266 775 4322 consultu
803 4267 907 4323 adii
960 4266 1188 4338 piissimi
1230 4266 1407 4321 Caroli
1455 4267 1598 4337 regis
1636 4268 2002 4334 serenitatem,
2047 4276 2107 4323 ut

528 4358 684 4413 solita
717 4358 1085 4413 misericordia
1113 4372 1231 4422 sua,
1255 4357 1396 4411 sicut
1422 4358 1673 4412 omnibus
1697 4357 1892 4428 ubique
1920 4374 2107 4430 super-

521 4464 606 4503 na:
631 4448 901 4517 majestati
942 4447 1347 4513 famulantibus,
1391 4447 1465 4503 ita
1512 4447 1638 4502 huic
1667 4436 1922 4503 Ecclesiae
1950 4449 2103 4516 mihi,

518 4539 681 4595 nullis
728 4538 1158 4610 praecedentibus
1220 4540 1449 4605 meritis,
1503 4538 1570 4593 ad
1618 4540 1911 4609 regendum
1958 4556 2103 4595 com-

520 4628 704 4684 missae
731 4629 1012 4700 profutura
1033 4629 1216 4699 quiete
1239 4630 1577 4699 praevideret,
1602 4646 1724 4684 cum
1747 4632 2105 4701 praeceptione

520 4721 710 4778 solida
755 4721 1053 4778 ﬁrmitatis.
1101 4720 1196 4777 llle
1237 4738 1387 4788 vero,
1419 4724 1652 4791 gratuita
1682 4739 1780 4779 sua
1819 4723 2104 4781 clementia

517 4815 770 4884 precibus
803 4814 1006 4870 nostris
1044 4814 1191 4885 pium
1239 4816 1487 4883 praebens
1531 4831 1834 4882 assensum,
1865 4819 2107 4875 decrevit

517 4908 917 4963 ordinatissima
949 4923 1046 4963 sua
1089 4908 1411 4963 auctoritate
1458 4910 1651 4964 stabile
1692 4910 1807 4965 fore
1841 4913 1984 4980 quod
2015 4928 2106 4968 no-

464 5036 472 5044 .
520 5005 635 5050 stra
657 4996 822 5050 etiam
849 4996 1098 5066 praevidit
1140 4996 1533 5053 benevolentia.
1568 4996 1723 5054 Unde
1759 5001 2104 5056 necessitati-

522 5086 625 5140 bus
658 5083 773 5153 jam
827 5086 985 5140 dictae
1038 5095 1239 5142 nostra:
1290 5089 1724 5159 congregationis
1769 5090 2106 5147 destinamus

525 5174 791 5229 canonica
826 5175 1161 5231 institutione
1196 5177 1407 5233 villulas
1434 5179 1576 5233 infra
1606 5180 1837 5249 scriptas
1875 5180 1929 5235 in
1969 5198 2106 5252 pago

525 5266 909 5304 Rullnvnnpncn
960 5280 1082 5304 num
1109 5270 1355 5304 ηηιηίῑιηε
1387 5272 1701 5304 ηδῖηηοῆιῖἷο
1730 5275 1794 5304 οιΑ
1842 5288 1901 5304 οη
1941 5275 2078 5304 κιαι-12

2210 3440 2505 3495 ﬁrmiorem
2552 3440 2795 3495 obtineat
2839 3438 3105 3510 vigorem,
3152 3455 3259 3494 non
3299 3439 3480 3495 solum
3537 3450 3781 3511 precepts

2209 3530 2388 3599 magni
2418 3537 2473 3584 et
2501 3529 2727 3599 piissimi
2752 3529 2926 3583 Caroli
2953 3529 3113 3600 regis,
3144 3544 3332 3583 verum
3359 3530 3534 3585 etiam
3561 3531 3779 3586 domino-

2210 3635 2329 3674 rum
2360 3619 2577 3673 Patrum
2625 3619 3121 3689 venerabiliumque
3160 3621 3616 3691 coepiscopnrum
3662 3636 3782 3674 meo

2209 3725 2351 3774 rum,
2405 3723 2637 3778 quorum
2679 3723 2946 3763 consensu
2997 3709 3100 3764 ista
3154 3711 3491 3780 peregimus,
3541 3714 3776 3765 canonica

2207 3800 2531 3854 auctoritate
2564 3798 2821 3853 roborare
2848 3799 3044 3853 obnixe
3076 3800 3444 3856 decrevimus.

2278 3894 2603 3950 llincmarus
2627 3906 2827 3950 sanctae
2849 3896 3161 3967 metropolis
3182 3896 3445 3953 Ecclesia:
3462 3896 3775 3952 Rhemum

2209 3987 2650 4058 archiepiscopus
2690 3988 3012 4059 subscripsi.

2278 4082 2574 4153 Ansegisus
2599 4082 2872 4139 Senonum
2899 4084 3342 4156 archiepiscopus
3366 4087 3556 4142 subsc.

2278 4179 2498 4236 Wenilo
2535 4179 3057 4251 Rothomagensium
3094 4183 3545 4255 archiepiscopus
3574 4184 3776 4239 saltatri-

2206 4285 2311 4340 psu.

2278 4360 2561 4418 Rothadus
2593 4360 2933 4419 Suessonicze
2960 4362 3225 4435 Ecclesiae
3246 4366 3417 4436 episc.
3453 4368 3662 4423 subscr.

2278 4455 2447 4511 Immo
2473 4454 2914 4528 Noviomagensis
2944 4458 3200 4514 Ecclesia:
3242 4461 3415 4531 episc.
3446 4461 3652 4516 subscr.

2278 4548 2460 4619 Lupus
2480 4548 2842 4605 Catalaunicaa
2866 4550 3103 4605 civitatis
3126 4551 3421 4623 episcOpus
3447 4554 3654 4609 subscr.

2279 4642 2564 4697 Folcoinus
2605 4642 2843 4697 civitatis
2868 4642 3197 4699 Morinensis
3229 4645 3402 4714 episc.
3437 4645 3647 4700 subscr.

2281 4733 2649 4790 Theodericus
2710 4733 2966 4790 Ecclesiae
3036 4733 3459 4794 Cameracensis
3522 4738 3778 4809 episcopus

2210 4811 2528 4899 subscripsi.

2281 4920 2618 4991 Ragenarius
2652 4919 2908 4976 Ecclesiae
2941 4921 3337 4977 Ambianensis
3370 4923 3660 4995 episcopus
3680 4922 3781 4977 sub-

2210 5012 2421 5082 scripsi.
3318 5059 3325 5064 .

2282 5105 2552 5174 Erpoinus
2582 5102 3002 5159 Silvanectensis
3028 5104 3293 5160 Ecclesi:e
3334 5109 3631 5179 episcopus
3673 5105 3775 5160 sub-

2211 5208 2426 5263 scrupsn.

3432 5290 3447 5304 ν
3490 5290 3524 5304 ε,
3572 5300 3583 5304 _
3651 5287 3681 5304 ρ
3730 5302 3757 5304 -.
