3904 5304
532 337 675 399 H35

1531 338 1760 397 HERICI
1798 337 2108 396 MONACHI
2147 335 2815 399 ANTISSIODORENSIS

3653 341 3768 397 H56

525 455 823 528 rlusgratia
841 452 934 510 Dei
955 453 1259 526 episcopus,
1276 453 1328 508 in
1344 453 1569 510 Domino
1583 462 1837 510 :eternam
1856 453 2104 509 salutem.
2133 455 2188 517 Α
2211 451 2391 510 fuerit.
2423 455 2631 512 Jacebit
2659 455 2901 528 profecto
2928 455 3186 513 fluctuum
3216 456 3444 514 elisione
3477 467 3768 527 truncatas,

604 566 624 602 ι
652 549 783 605 Tum
808 548 963 604 nobis
990 547 1249 602 doctrinae
1270 547 1452 602 multis
1468 547 1580 617 jam
1607 547 1991 617 experimentis
2014 561 2108 617 ap-

523 643 748 714 probata
780 639 1065 713 prudentia
1095 639 1355 708 compulit
1392 653 1492 695 nos
1528 639 1820 710 quamdam
1864 638 1970 694 tuis
2012 639 2110 693 hu-

522 732 692 789 meris
755 731 1098 802 imperiosam
1152 745 1516 802 superponere
1574 729 1897 786 sarcinulam
1950 748 1963 783 :
2011 728 2108 784 sed

522 838 679 890 eam,
712 838 833 894 qua:
869 822 966 878 tibi
997 837 1104 878 non
1131 822 1202 878 sit
1230 823 1417 888 oneri,
1462 820 1556 877 sed
1591 821 1784 877 honori
1813 838 1826 875 :
1858 836 1960 876 nec
1987 834 2108 891 quae

523 916 776 972 deorsum
821 915 1007 987 iniquo
1050 915 1288 987 pondere
1334 923 1572 987 premat,
1625 915 1718 970 sed
1765 928 1886 984 quae
1930 913 2108 982 potius

522 1006 719 1062 caelum
753 1020 926 1076 usque
962 1005 1229 1061 sustollat.
1273 1003 1556 1076 Cognitum
1604 1003 1697 1060 tibi
1738 1013 1853 1070 est,
1901 1002 2108 1059 charis-

519 1099 658 1155 sime
683 1098 878 1164 frater,
917 1115 1036 1171 qua:
1075 1099 1146 1154 sit
1184 1100 1544 1154 humanarum
1577 1097 1839 1154 mentium
1871 1096 2104 1152 diversi-

518 1199 625 1254 tas,
653 1198 708 1245 et
732 1189 1184 1259 quemadmodum
1208 1189 1384 1243 studia
1410 1189 1461 1242 in
1490 1187 1764 1244 contraria
1793 1201 1898 1241 non
1928 1185 2105 1241 solum

517 1280 683 1337 inane
714 1281 939 1352 vulgus,
984 1281 1366 1336 verum’etiam
1412 1282 1663 1335 universa
1700 1281 1982 1336 scindatur
2005 1293 2103 1333 no-

515 1372 720 1429 bilitas.
746 1373 810 1428 Et
835 1374 1054 1443 quidam
1078 1374 1292 1443 ‘quidem
1316 1373 1558 1443 prosaico
1580 1373 1920 1428 oblectantur
1939 1370 2100 1442 stylo;

516 1465 736 1537 quidam
777 1476 956 1521 autem
997 1467 1240 1520 numeris
1276 1482 1334 1520 se
1384 1465 1716 1537 rhythmisve
1761 1481 1825 1520 ac
1857 1465 2106 1520 cantibus

515 1574 768 1614 versuum
813 1558 1068 1614 delectari
1112 1558 1364 1612 fatentur.
1415 1559 1554 1628 lirgo
1592 1567 1651 1612 ut
1687 1558 1926 1611 omnium
1965 1555 2105 1611 votis

513 1663 891 1715 occurrerem,
939 1659 995 1705 et
1051 1650 1229 1706 nullus
1292 1666 1389 1705 suo
1427 1650 1692 1706 desiderio
1739 1650 2100 1714 fraudaretur,

510 1735 716 1810 placuit
755 1741 916 1806 mihi,
962 1750 1022 1795 ut
1063 1740 1214 1797 Vitas
1253 1741 1688 1796 beatissimorum
1727 1739 2100 1796 Professorum

2211 547 2457 619 quisquis
2485 564 2597 605 sua:
2625 550 2976 619 procacitatis
3006 551 3136 606 fisus
3159 560 3603 617 auctoramento,
3635 554 3768 612 indo-

2209 641 2368 697 cilem
2398 643 2532 698 ratis
2561 642 2840 698 dexteram
2872 643 3069 714 ingerit
3092 644 3266 700 clavo.
3311 643 3402 700 Sic
3426 649 3773 717 unusquisque

2210 731 2264 788 in
2294 733 2568 790 diversum
2599 734 2880 806 imperitia:
2920 735 3081 791 hamo
3121 735 3464 800 inscinditur,
3521 738 3568 792 si
3613 739 3772 794 docto-

2209 839 2330 880 rum
2357 824 2631 880 favoribus
2664 825 2885 882 minime
2921 824 3222 894 adjuvetur.
3266 827 3438 898 Ergo,
3491 827 3775 887 beatissime

2204 914 2310 980 'vir,
2352 929 2563 984 quaso,
2602 923 2662 969 ut
2696 914 2784 970 illa
2822 915 2955 971 mihi
2979 915 3190 971 culmen
3219 917 3395 988 apicis
3425 918 3506 972 tui
3540 919 3773 988 imponat,

2208 1019 2329 1075 qum
2359 1003 2516 1060 facile
2544 1019 2631 1060 me
2654 1018 2816 1073 posse
2843 1003 3103 1075 perficere
3129 1020 3236 1066 non
3268 1005 3504 1060 dubitat.
3536 1004 3598 1061 Si
3622 1015 3777 1062 tam

2207 1105 2264 1153 et
2299 1097 2352 1151 in
2390 1095 2490 1152 hoc
2521 1111 2705 1167 opere,
2737 1095 2998 1167 quidquid
3043 1095 3259 1168 illepide
3303 1106 3402 1152 aut
3439 1097 3679 1153 infacete
3707 1115 3780 1154 ru-

2207 1187 2340 1243 stica
2373 1186 2658 1258 garrulitas
2694 1186 3019 1258 digesserit,
3063 1188 3448 1256 aequanimiter
3485 1189 3670 1253 feras,
3707 1205 3777 1261 ag-

2208 1280 2452 1352 grediar;
2502 1289 2556 1336 et
2601 1279 2826 1346 faciam,
2860 1296 2980 1352 qua
3006 1289 3234 1352 paterna
3269 1282 3511 1353 imperat
3553 1298 3619 1338 ac
3653 1284 3780 1353 jubet

2206 1374 2520 1430 auctoritas.
2563 1373 2694 1431 Vale
2726 1375 2944 1446 longum
2974 1375 3029 1431 in
3058 1383 3305 1447 tempus,
3339 1377 3570 1433 domine
3599 1393 3777 1450 semper

2205 1481 2358 1522 meus
2383 1476 2438 1522 et
2463 1467 2754 1538 apostolicc
2783 1483 2941 1538 papa.
2977 1486 2995 1520 ι

2278 1557 2329 1612 7.
2369 1557 2466 1614 His
2491 1558 2720 1614 sollicita
2757 1558 2984 1614 lectione
3017 1557 3293 1622 decursis,
3342 1559 3683 1629 tandemque
3715 1574 3780 1616 re

2203 1648 2314 1703 latu
2336 1648 2704 1704 assistentium
2725 1646 3031 1716 hujusmodi
3050 1662 3188 1718 opus
3207 1663 3381 1719 penes
3403 1664 3509 1704 nos
3535 1664 3778 1719 nunquam

2203 1747 2259 1794 et
2283 1755 2549 1810 nusquam
2575 1739 2818 1810 paruisse
2842 1739 3208 1808 comperiens,
3244 1739 3424 1795 multa
3455 1740 3779 1797 animositate

513 1833 776 1900 quasdam
828 1833 965 1904 pede
1020 1832 1189 1887 libero
1243 1833 1626 1896 describerent,
1672 1831 1933 1902 quasdam
1972 1847 2102 1888 vero
2131 1827 2180 1889 B
2207 1833 2513 1901 eorreptus,
2546 1831 2688 1901 quod
2721 1840 2928 1886 tantum
2953 1846 3088 1902 opus
3112 1830 3314 1887 frustra
3347 1832 3644 1888 hominum
3667 1832 3780 1888 noti-

511 1922 631 1997 lege
682 1925 908 1981 metrica
961 1925 1245 1996 impeditas
1286 1926 1603 1996 digererem.
1655 1925 1734 1980 0b
1778 1939 1938 1994 quam
1979 1939 2095 1979 rem

510 2014 739 2070 obsecro
783 2015 988 2070 unitam
1045 2015 1176 2070 mihi
1241 2026 1344 2070 tuae
1394 2016 1698 2072 dilectionis
1755 2014 2092 2080 amicitiam,

508 2115 570 2182 nt
601 2107 898 2164 beatissimi
939 2108 1194 2164 Germani
1237 2109 1470 2181 episeOpi
1515 2110 1685 2164 Vitam
1735 2109 1788 2163 in
1838 2122 2092 2163 versuum

507 2199 825 2270 qualitatem
873 2211 1212 2256 commutare
1259 2217 1362 2256 non
1407 2202 1636 2258 desistas
1682 2219 1694 2255 :
1741 2201 1913 2256 sancti
1963 2215 2091 2256 vero

506 2292 779 2348 Amatoris
807 2293 1051 2363 prosaica
1075 2292 1437 2348 modulatione
1466 2295 1740 2350 describas
1771 2309 1786 2348 :
1821 2304 1880 2349 ut
1915 2304 2090 2351 secta-

509 2392 652 2438 tores
674 2383 980 2453 apostolica:
1001 2383 1397 2453 praedicationis
1417 2383 1614 2450 effecti,
1637 2385 1887 2440 omnibus
1908 2386 2088 2442 omnia

503 2471 824 2540 efﬁciamur,
855 2485 912 2529 et
947 2475 1077 2530 nulli
1115 2477 1409 2546 quidquam
1442 2477 1750 2541 debeamus,
1789 2476 1892 2531 nisi
1923 2485 1982 2532 ut
2009 2477 2089 2532 in-

503 2567 678 2624 vicem
715 2567 1020 2641 diligamus.
1066 2567 1399 2624 lndividuam
1448 2569 1579 2624 mihi
1625 2569 1946 2626 cbaritatcm
1991 2583 2086 2625 ve-

501 2666 670 2714 stram
700 2659 882 2715 divina
911 2661 1179 2716 custodiat
1205 2661 1395 2732 pietas,
1428 2662 1751 2718 venerabilis
1775 2661 1963 2717 frater.
1995 2682 2012 2714 ι

571 2750 624 2805 6.
669 2749 1011 2823 Rescriptum
1034 2753 1257 2807 antefati
1282 2753 1582 2824 presbyteri
1611 2771 1622 2806 :
1657 2771 1676 2806 σ
1708 2752 1935 2808 Domino
1956 2754 2086 2807 bea-

497 2839 711 2897 tissimo
747 2850 802 2898 et
835 2842 1149 2914 apostolicis
1191 2841 1375 2898 infulis
1411 2842 1697 2908 decorata,
1742 2843 1882 2913 patri
1930 2841 2084 2913 spiri-

501 2934 616 3001 tali,
647 2935 888 2992 Auuario
913 2937 1200 3007 episcopo,
1242 2936 1584 3007 Stephanus,
1619 2936 1860 2991 omnium
1896 2949 2083 2991 servo-

496 3041 617 3084 rum
643 3027 845 3084 Christi
872 3028 1123 3084 famulus.

576 3140 594 3173 ο
623 3123 876 3178 Decursis
919 3122 1117 3178 litteris
1160 3122 1492 3192 apostolatus
1536 3121 1719 3184 vestri,
1762 3135 1868 3192 quo
1906 3118 2078 3176 sancti

2199 1923 2285 1979 tia:
2309 1923 2630 1994 deperisset,
2660 1937 2760 1994 per
2789 1923 2904 1979 dies
2933 1922 3136 1993 aliquot
3163 1923 3401 1980 internis
3432 1925 3613 1979 animi
3639 1940 3778 1996 ango-

2195 2014 2344 2069 ribus
2382 2013 2726 2084 carpebatur.
2761 2012 3113 2085 Tandemque
3153 2029 3264 2079 me,
3303 2015 3402 2085 qui
3452 2023 3576 2070 tum
3616 2030 3780 2070 recens

2193 2104 2396 2160 scholis
2424 2119 2756 2160 emerseram
2777 2146 2793 2170 ,
2820 2114 3118 2162 convocato
3135 2145 3150 2170 ,
3176 2105 3428 2162 dolorem
3453 2107 3640 2178 aperit
3663 2107 3776 2162 inte-

2191 2197 2425 2262 stinum;
2461 2206 2627 2268 utque
2651 2197 2735 2263 ei,
2766 2198 2812 2253 si
2841 2214 2947 2269 qua
2977 2215 3191 2270 possem
3211 2239 3226 2265 ,
3269 2198 3498 2256 ratione
3529 2200 3773 2267 mederen

2193 2288 2557 2358 importunius
2589 2296 2926 2344 contestatur
2952 2307 2965 2344 :
2997 2289 3206 2345 scilicet
3230 2298 3324 2355 ut,
3370 2291 3525 2359 quod
3557 2290 3773 2347 elaben-

2189 2390 2302 2436 tum
2323 2381 2597 2452 quondam
2621 2381 2674 2437 in
2695 2382 2937 2454 praefatis
2956 2381 3200 2453 epistolis
3223 2381 3461 2454 legerat,
3505 2383 3767 2455 iterarem;

2187 2483 2447 2546 actusque
2470 2472 2728 2531 Germani
2753 2474 3281 2546 praecellentissimos
3312 2492 3345 2530 a
3376 2491 3554 2547 prosa
3592 2494 3647 2532 ω
3680 2494 3771 2534 me:

2188 2575 2353 2633 trum,
2393 2566 2680 2622 desideriis
2713 2565 2858 2623 illius
2889 2565 3286 2634 satisfacturus,
3320 2567 3768 2625 transfunderem.

2185 2657 2392 2727 Expavi
2418 2655 2639 2729 (fateor)
2668 2658 2972 2728 negotium,
3013 2667 3069 2714 et
3099 2672 3261 2729 supra
3288 2659 3444 2715 vires
3475 2675 3605 2715 esse
3634 2676 3769 2732 repu-

2185 2756 2325 2813 tans,
2357 2748 2500 2818 quod
2532 2747 2930 2818 imponebatur,
2954 2750 3130 2818 quoad
3153 2749 3324 2820 potui,
3353 2750 3502 2806 colla
3536 2752 3765 2806 subduxi.

2183 2839 2406 2910 Objectu
2457 2839 2672 2895 tandem
2719 2840 2982 2913 regularis
3025 2841 3247 2912 capituli
3296 2842 3602 2911 addictus,
3648 2845 3768 2915 quod

2180 2933 2347 2988 etiam
2386 2932 2735 3003 impossibilia
2779 2941 3046 3004 praecepta
3093 2933 3306 2990 abbatis
3359 2936 3598 2991 minime
3639 2935 3766 2992 refu-

2181 3024 2377 3096 gienda
2407 3025 2746 3095 praescribit,
2778 3027 2990 3098 suscepi
3021 3025 3240 3098 quidem
3271 3028 3358 3098 (ut
3387 3042 3496 3097 par
3530 3029 3670 3098 erat)
3691 3029 3764 3099 3a.

2180 3116 2359 3172 bentis
2385 3116 2695 3187 imperium,
2723 3132 3032 3189 quanquam
3072 3117 3221 3173 nulla
3256 3118 3463 3173 virium
3502 3119 3767 3176 consciun-

495 3213 750 3271 desiderii
794 3213 974 3279 ardor,
1023 3229 1234 3291 summa
1277 3213 1554 3268 alacritate
1600 3191 1906 3282 pertendat,
1955 3209 2074 3266 luce
2101 3191 2148 3257 Ο
2180 3207 2277 3274 tia,
2326 3223 2533 3273 verum,
2581 3217 2642 3262 ut
2687 3209 2954 3264 institutio
3002 3218 3302 3280 praemonet
3359 3211 3666 3283 regularis,
3709 3211 3766 3265 de

491 3306 693 3364 clarius
719 3306 1030 3377 approbavi.
1079 3305 1174 3361 Est
1209 3304 1372 3377 igitur
1411 3303 1709 3360 devotionis
1739 3312 1932 3358 vestrae
1953 3317 2079 3371 pro-

488 3401 747 3474 positum,
772 3401 1010 3457 virorum
1034 3399 1531 3472 opinatissimorum
1554 3396 1808 3453 Germani
1836 3406 1890 3451 ct
1914 3396 2076 3451 Ama-

490 3494 624 3550 toris
664 3493 866 3551 floridae
899 3493 1024 3548 vita:
1064 3491 1271 3547 nobiles
1311 3498 1464 3546 actus
1502 3489 1830 3544 describere.
1871 3486 1975 3542 Sed
2007 3487 2076 3542 ad

488 3600 580 3640 eos
623 3584 936 3656 lepidissimi
981 3582 1133 3639 callis
1175 3582 1339 3638 vestri
1375 3579 1638 3653 dirigatur
1676 3577 1934 3642 intentio,
1982 3577 2073 3648 qui

489 3679 701 3748 possint
723 3678 985 3732 virtutum
1017 3687 1042 3716 ιι
1079 3674 1279 3730 lumina
1307 3672 1593 3743 aequiperis
1622 3668 1874 3725 affatibus
1900 3667 2071 3737 inspi-

486 3785 634 3825 care.
679 3769 875 3823 Verum
913 3783 1034 3840 ego,
1067 3764 1224 3834 cujus
1264 3766 1409 3819 iners
1453 3762 1724 3833 ingenium
1757 3760 1969 3831 gemino
2003 3758 2074 3813 ri-

485 3875 614 3931 gore
652 3860 928 3930 torpescit,
981 3863 1036 3913 ct
1079 3856 1258 3926 lingua
1309 3854 1614 3908 balbutiens
1654 3851 1887 3907 faucium
1931 3851 2072 3905 inter

486 3950 794 4007 raucidulos
815 3965 1008 4005 cursus
1052 3947 1296 4017 squalido
1321 3946 1425 4000 situ
1461 3944 1735 4014 impedita,
1767 3957 1870 3997 non
1899 3941 2072 4012 loqui-

484 4053 606 4110 tur,
651 4047 745 4100 sed
789 4043 985 4098 stridet
1027 4042 1238 4113 potius;
1275 4038 1542 4110 quomodo
1583 4047 1773 4108 potero
1812 4036 2069 4091 divinitus

479 4137 742 4206 inspirata
773 4136 1011 4190 virorum
1053 4133 1516 4188 sanctissimorum
1544 4143 1766 4184 munera
1795 4126 1960 4196 polito
1982 4141 2069 4181 ex-

480 4227 666 4299 pedire
693 4241 971 4290 sermone;
1025 4224 1117 4295 qui
1167 4239 1265 4280 nec
1316 4223 1524 4293 privata
1571 4235 1787 4290 possum
1831 4219 2067 4272 humano

482 4336 611 4376 casu
642 4318 884 4375 confecta
919 4317 1132 4387 negotia
1166 4313 1472 4386 explicare?
1501 4310 1749 4367 Ridiculo
1777 4310 1855 4381 (ni
1887 4307 2064 4376 fallor)

480 4412 844 4485 inexplicabili
876 4425 940 4465 ac
967 4409 1196 4463 ludibrio
1225 4417 1397 4462 semet
1422 4405 1672 4476 impedit,
1716 4401 1958 4473 quisquis
1986 4399 2066 4455 ul-

479 4514 558 4559 tra
608 4503 802 4558 virium
861 4515 1078 4557 suarum
1141 4497 1546 4569 possibilitatem
1611 4509 1748 4550 onus
1810 4491 2057 4547 assumit.

2177 3299 2446 3357 charitate
2472 3300 2770 3366 confidens,
2818 3308 2873 3356 et
2921 3300 2987 3356 de
3039 3299 3309 3370 adjutorio
3348 3302 3453 3358 Dei
3493 3303 3762 3359 obedieas.

2178 3390 2281 3448 Vix
2309 3393 2512 3463 primas
2539 3393 2720 3464 operis
2747 3401 2928 3465 partes
2964 3393 3246 3464 attigeram
3274 3412 3288 3448 :
3317 3404 3380 3450 et
3406 3396 3543 3467 (heu
3579 3396 3762 3450 misera

2177 3483 2426 3539 humanae
2481 3485 2719 3540 conditio
2762 3485 2989 3555 sortis!)
3035 3484 3202 3540 abbas
3248 3484 3337 3541 ille
3375 3501 3570 3553 meus,
3611 3498 3766 3557 pm]:

2176 3577 2322 3633 diem
2367 3576 2580 3633 futurus
2625 3578 2681 3632 in
2723 3578 2856 3634 orbe
2904 3561 3174 3633 terrarum
3215 3578 3507 3641 mirabilis,
3562 3588 3766 3634 teneros

2173 3670 2438 3724 excedens
2469 3679 2648 3735 artus,
2684 3670 3066 3741 intempestiva
3109 3671 3592 3729 sazculum'morte
3629 3674 3767 3730 dese-

2173 3761 2302 3815 ruit.
2344 3761 2444 3816 Hic
2481 3777 2639 3818 casus
2681 3772 2791 3818 tam
2830 3763 3106 3830 lugubris,
3156 3775 3262 3818 tam
3305 3767 3549 3821 acerbus
3592 3767 3766 3822 omnia

2172 3851 2304 3906 mihi
2334 3852 2538 3917 studia,
2560 3867 2752 3913 omnes
2779 3867 2939 3908 curas
2964 3863 3307 3920 excusserat;
3335 3855 3442 3910 nisi
3475 3857 3765 3926 probabilis

2171 3943 2260 3998 illa
2295 3945 2566 3999 sententia
2593 3944 2776 4000 animo
2814 3943 3186 4013 subvenisset;
3231 3947 3478 4002 dolorem
3532 3959 3765 4021 tempore

2170 4034 2380 4100 minui;
2441 4036 2692 4106 quodque
2743 4037 3074 4092 diuturnitas
3123 4037 3349 4093 allatura
3402 4051 3593 4106 esset,
3651 4059 3765 4113 qua

2169 4130 2436 4186 maximos
2485 4131 2658 4186 luctus
2709 4140 2978 4186 vetustate
3025 4132 3195 4196 tollit,
3250 4132 3301 4186 id
3349 4149 3450 4188 nos
3498 4137 3764 4191 anteferre

2167 4221 2392 4277 consilio
2419 4222 2812 4292 prudentiaque
2851 4223 3068 4277 debere.
3117 4223 3232 4279 Hac
3278 4227 3612 4297 cogitatione
3652 4229 3766 4282 ani-

2167 4328 2312 4366 mum
2361 4313 2567 4384 impuli,
2619 4323 2679 4368 ut
2726 4314 2846 4369 vivo
2891 4315 3254 4385 morigeratus
3295 4315 3543 4384 fueram,
3601 4320 3760 4373 etiam

2149 4412 2380 4457 mortuo
2431 4404 2692 4474 obsequi,
2755 4403 2917 4472 inque
2961 4402 3208 4458 defuncti
3268 4406 3537 4476 gratiam,
3588 4418 3762 4478 empto

2147 4497 2315 4566 operi
2350 4497 2706 4567 perfectionis
2732 4496 3082 4568 pertinaciam
3117 4498 3432 4556 admovere.
3467 4499 3669 4564 Institi,
3707 4507 3766 4554 ut

475 4595 665 4652 Nonne
700 4592 934 4649 ferarum
977 4562 1276 4646 sectatores
1315 4588 1360 4644 si
1399 4587 1578 4642 minus
1620 4586 1859 4655 captiosa
1899 4583 2056 4639 indu-
2081 4562 2135 4623 Ῐ)
2163 4562 2315 4658 potui
2334 4562 2369 4653 ;—
2390 4598 2439 4644 et
2483 4603 2588 4643 non
2632 4562 2798 4642 invita
2827 4587 3100 4653 Minerva,
3131 4587 3404 4646 voluntati
3430 4591 3589 4646 bona:

476 4683 608 4746 stria
674 4684 1032 4749 formaverit,
1089 4683 1264 4736 audax
1320 4679 1594 4734 temeritas
1647 4674 2058 4748 pessumdabit?

478 4779 759 4850 Nunquam
811 4777 914 4831 tiro
957 4775 1194 4830 victoriae
1233 4780 1578 4842 monumenta
1623 4785 1807 4841 parma
1846 4768 2056 4839 depicta

473 4870 740 4941 gestabit,
787 4868 832 4924 si
883 4882 1003 4920 eum
1055 4867 1211 4921 docta
1260 4864 1497 4919 veterani
1544 4862 1789 4932 exempla
1830 4877 1933 4915 non
1971 4862 2056 4914 in-

472 4961 790 5017 struxerint.
841 4958 1122 5029 Nunquam
1152 4957 1312 5011 etiam
1341 4957 1482 5009 acris
1507 4955 1747 5025 patulum
1778 4953 1880 5007 iter
1911 4960 2057 5006 tutus
2145 4985 2148 4987 λ

472 5055 586 5108 ales
622 5053 904 5115 reserabit,
941 5051 1025 5106 cui
1059 5049 1258 5119 praevia
1297 5049 1402 5102 dux
1441 5047 1702 5116 penniger
1733 5054 1908 5100 mater
1949 5059 2054 5098 non

545 5245 571 5273 ι
621 5229 918 5276 .Emtz'mris
947 5230 1194 5276 affatibus
1221 5229 1496 5276 insnicare.
1521 5227 1595 5276 Ita
1623 5227 1860 5276 ontimus
1883 5225 2051 5276 codex

2166 4682 2484 4751 permittens
2511 4681 2749 4737 habenas
2767 4721 2781 4744 ,
2811 4688 3105 4750 conceptos
3133 4681 3412 4738 interdum
3436 4682 3611 4738 luctus
3637 4699 3760 4737 mn-

2166 4789 2348 4829 sarum
2377 4774 2627 4839 colludio,
2651 4781 2910 4844 tanquam
2932 4773 3044 4829 noti
3072 4772 3364 4843 cujusdam
3388 4775 3760 4831 medicaminis

2139 4881 2143 4886 '
2164 4877 2300 4932 arte,
2334 4868 2595 4922 levabam.

2236 4966 2288 5020 8.
2331 4961 2647 5018 Confectum
2676 4975 2806 5016 sane
2830 4973 2964 5029 opus
2991 4958 3048 5012 in
3077 4957 3366 5028 publicum
3393 4959 3560 5015 edere
3583 4958 3760 5028 displi-

2158 5057 2345 5122 cebat;
2389 5055 2552 5126 quod,
2596 5053 2682 5108 cui
2726 5053 2854 5132 illud
2891 5051 3235 5108 destinarem
3279 5051 3609 5124 specialiter,
3649 5066 3757 5106 non

2283 5239 2432 5276 ῖηονῖο
2463 5235 2712 5276 ηπηιειπη
2742 5235 3017 5276 inurinare-
3047 5239 3136 5276 est
3159 5231 3403 5276 virtutes
3428 5228 3550 5276 illas
3573 5242 3648 5276 sm
3671 5242 3754 5276 or-

2159 5256 2291 5276 ΙὨΙΙΩΙ.
2300 5258 2311 5276 1
