3904 5304
108 316 243 376 1157

885 317 975 374 DE
1014 317 1174 408 ΥΙΤᾼ
1213 317 1273 375 S.
1315 315 1645 377 GERMANI.
1687 349 1754 361 -—
1787 317 2139 380 AUCTORIS
2182 318 2582 380 INVOCATIO.

3229 317 3369 377 “58

106 433 240 497 satis
262 432 444 488 animo
465 430 911 511 deliberaveram.
939 433 1039 488 Diu
1064 433 1339 491 cunctanti
1365 448 1480 500 vos,
1505 432 1687 490 Caesar
1710 436 1763 498 Α
1790 434 1923 501 hoc;
1972 449 2204 513 eumque
2249 450 2377 508 erga
2421 433 2680 491 Germani
2700 452 2710 469 κ
2730 429 3089 513 reverentiam
3130 432 3370 489 animum

103 520 621 594 praecellentissime,
658 537 774 590 vos,
804 523 1043 594 inquam,
1083 524 1354 580 intestatae
1381 523 1548 595 prolis
1574 524 1685 579 hae-

101 628 193 671 res
219 614 497 686 proximus
516 614 837 682 occurristi;
877 614 997 686 ejus
1030 616 1175 672 bona
1217 616 1286 673 ad
1325 632 1422 673 vos
1460 616 1577 689 lege
1604 633 1687 673 re-

102 704 338 761 dierunt.
361 704 458 762 His
478 705 659 763 animo
678 706 979 774 subductis,
1002 722 1168 765 ausus
1186 723 1307 764 sum
1329 706 1483 781 [ϐοά.
1509 708 1682 780 Lugd.

100 806 294 850 ausum
320 794 491 868 ccepi]
523 796 626 854 boc
655 796 958 863 litterarum
984 799 1052 854 ad
1077 806 1314 856 vestram
1340 798 1685 870 maiestatem

97 888 449 960 praemittere,
475 905 596 960 quae
618 890 895 961 sequentis
917 874 1099 963 operis
1119 892 1528 957 continentiam,
1554 907 1686 963 prae-

97 989 309 1038 structo
332 982 558 1040 rationis
581 984 795 1053 ordine,
834 987 1295 1044 commendarent.
1337 987 1491 1045 llabe
1520 988 1686 1060 igitur

95 1082 223 1145 post
248 1074 408 1131 funus
437 1075 771 1133 dilectissimi
791 1066 888 1134 filii
916 1078 1314 1135 haereditarium
1337 1080 1553 1153 pignus,
1575 1095 1685 1152 quo

96 1175 157 1224 et
174 1166 425 1223 ‘defuncti
455 1170 775 1226 memoriam
803 1171 1045 1247 suaviter
1073 1170 1360 1240 refricare,
1392 1181 1450 1230 et
1474 1173 1686 1247 integre

92 1257 276 1320 fidelis
320 1259 506 1317 famuli
541 1262 885 1319 devotionem
928 1264 1215 1322 advertere
1248 1266 1461 1335 valeas;
1499 1269 1593 1339 qui
1630 1278 1685 1326 te

94 1348 249 1404 nullo
279 1351 440 1407 modo
466 1366 658 1423 passus
683 1367 804 1409 sum
832 1355 1066 1430 extremi
1090 1354 1283 1412 saltem
1310 1358 1555 1415 muneris
1577 1358 1684 1415 uti-

90 1437 249 1495 litate
274 1439 532 1498 fraudari.

166 1530 222 1586 9.
261 1530 479 1589 Confeci
511 1542 774 1605 praeterea
796 1550 867 1593 ex
897 1537 1176 1609 miraculis
1201 1538 1683 1610 praecellentissimi

88 1621 352 1679 Germani
375 1625 694 1696 opusculum
723 1627 868 1685 aliud
892 1630 1124 1700 geminis
1152 1630 1468 1687 distinctum
1496 1630 1678 1698 libris;

89 1714 148 1771 in
171 1730 282 1787 quo
302 1716 428 1786 quia
457 1718 624 1774 vestri
654 1726 768 1774 tum
795 1721 1030 1778 nominis
1055 1731 1165 1778 tum
1196 1722 1455 1795 temporis
1476 1723 1683 1779 mentio

1785 512 2055 601 concipe,
2087 528 2179 601 qui
2226 528 2431 601 regiam
2477 543 2608 585 sane
2656 512 2848 584 deccat
2895 525 3258 597 maiestatem.
3302 524 3375 582 Et

1785 634 2094 690 quanquam
2123 619 2289 676 astuti
2316 618 2419 685 sit,
2454 618 2638 675 omnia
2674 618 2744 673 ad
2780 631 2935 673 suam
2971 615 3260 673 utilitatem
3286 631 3373 672 re-

1786 710 1963 777 ferre;
1992 709 2046 764 in
2078 711 2182 767 hoc
2204 718 2385 766 tamen
2407 717 2464 767 et
2483 723 2583 780 pro
2603 709 2727 777 hoc,
2752 716 2989 780 quantus
3007 716 3243 779 quantus
3263 716 3369 773 est,

1784 798 2000 865 labore,
2045 800 2190 864 beati
2234 799 2415 871 potius
2459 798 2720 881 Germani
2758 798 3009 867 laudem,
3047 813 3211 869 quam
3228 812 3372 883 ‘per-

1785 907 1933 948 some
1974 892 2207 964 propria:
2251 891 2489 967 requiro,
2516 876 2801 948 favorem:
2855 905 3017 962 quem
3065 876 3254 961 quanti
3293 889 3374 944 fa-

1784 984 1961 1051 ciam,
2005 983 2161 1041 facile
2199 999 2461 1056 pernosse
2498 984 2755 1056 potestis,
2805 984 2853 1040 si
2899 983 3075 1039 nostri
3125 991 3371 1038 tenorem

1784 1077 2049 1135 carminis
2087 1077 2281 1134 ordine
2319 1077 2677 1148 percurratis.
2717 1075 2886 1148 Longi
2926 1076 3111 1146 itaque
3154 1074 3372 1130 sudoris

1784 1183 2008 1226 usuram
2042 1184 2164 1225 eam
2194 1178 2413 1240 captare
2444 1154 2736 1239 percupio,
2772 1175 2833 1222 ut
2860 1165 3191 1239 glorificetur
3224 1163 3373 1220 Deus

1784 1260 1842 1318 in
1871 1258 2170 1327 miraculis,
2197 1260 2290 1330 qui
2317 1258 2487 1315 voluit
2519 1273 2641 1315 esse
2669 1256 3020 1312 admirandus
3045 1256 3098 1310 in
3124 1255 3365 1311 sanctis:

1784 1361 1847 1409 ut
1874 1352 2215 1409 sanctissimo
2243 1349 2517 1407 Germano
2550 1351 2606 1406 in
2654 1350 2816 1405 terris
2848 1348 3128 1405 veneratio
3157 1356 3372 1403 crescat

1785 1454 1842 1502 et
1864 1443 2057 1518 gloria,
2094 1442 2184 1513 qui
2225 1443 2366 1499 hanc
2395 1441 2450 1498 in
2480 1440 2793 1498 coelestibus
2816 1439 3050 1498 obtinuit
3077 1454 3175 1510 per
3202 1436 3372 1493 bono-

1787 1537 1909 1595 rtim
1946 1552 2170 1614 operum
2207 1536 2538 1591 incrementa
2575 1552 2589 1588 :
2630 1541 2692 1589 ut
2730 1533 3046 1604 acquiratur
3081 1528 3373 1586 aedificatio

1785 1627 2120 1701 legentibus,
2152 1641 2257 1697 pax
2286 1624 2662 1689 credentibus,
2692 1622 2841 1680 salus
2866 1621 3235 1687 imitantibus,
3267 1619 3369 1674 im-

1786 1718 2089 1775 mortalitas
2114 1717 2168 1772 in
2200 1716 2305 1793 fide
2329 1714 2801 1786 perseverantibus
2827 1732 2840 1768 :
2869 1728 2974 1784 qua
3016 1721 3077 1767 ut
3108 1717 3370 1783 perpetuo

86 1806 435 1879 frequentius
470 1810 683 1883 agitur,
725 1823 921 1870 vestra
960 1814 1311 1872 nihilominus
1346 1815 1480 1871 illud
1517 1814 1682 1870 malui
1709 1810 1759 1873 B
1783 1812 2025 1884 polleas,
2076 1820 2132 1866 et
2177 1818 2429 1881 optamus
2467 1817 2526 1864 et
2566 1806 2836 1864 indefesse
2881 1820 3133 1869 oramus,
3180 1816 3371 1874 regum

85 1898 402 1956 celsitudini
436 1901 743 1959 dedicatum
780 1902 914 1977 [al.,
949 1904 1367 1980 dedicandum].
1400 1906 1603 1978 Accipe
1622 1914 1680 1963 et

1786 1906 2042 1977 maxime,
2080 1903 2443 1975 triumphator
2465 1908 2726 1974 perpetue
2754 1916 2818 1957 ac
2842 1914 3057 1971 semper
3084 1906 3333 1968 auguste.

91 2061 3366 2096 MM

1124 2180 1633 2263 AUCTOBIS

1726 2179 2318 2261 INVOCATIO.

1087 2335 1422 2400 Phaleuct'o
1453 2336 1992 2418 hendecassyllabo
2029 2336 2372 2427 descripta.

306 2518 391 2575 10.
420 2514 711 2576 Ᾱῐιθνηυιη
742 2523 1038 2593 specimen,
1072 2527 1344 2602 decusque
1365 2545 1576 2600 rerum,

234 2606 533 2664 Causarum
563 2611 756 2678 series,
789 2613 944 2685 origo
970 2614 1127 2685 lucis,

235 2697 453 2754 Natura:
478 2701 749 2769 Columen,
774 2712 1032 2775 paterque
1056 2708 1193 2775 veri,

236 2787 380 2844 Fons
407 2797 460 2844 et
491 2790 840 2861 principium,
877 2794 1115 2867 bonique
1139 2813 1371 2864 summa,

233 2880 349 2939 llac
372 2891 423 2938 te
452 2884 765 2955 suppliciter
793 2903 1052 2946 canemus
1078 2890 1179 2946 oda
1206 2907 1222 2946 :

233 2975 483 3043 Oramus,
516 2979 699 3049 capias
729 2980 798 3035 ab
825 2996 920 3036 ore
951 2998 1167 3038 munus.

234 3068 281 3124 Ο
309 3069 537 3125 fecunda
565 3074 719 3150 Τριὸς
746 3074 1016 3143 novaeque
1039 3086 1064 3114 ιι
1098 3074 1349 3146 simplex,

237 3159 345 3216 Seu
375 3170 426 3216 te
449 3162 795 3227 distribuant,
823 3161 1063 3227 Ἐλληνας
1094 3170 1224 3224 κατά
1246 3166 1295 3231 ι’,

232 3254 426 3310 οὐσίαν
454 3256 581 3311 Μίαν
602 3261 673 3317 εἰς
698 3264 835 3333 τρεῖς
862 3258 1180 3321 ὑποστάσεις
1205 3269 1227 3299 ο
1248 3276 1262 3325 ;

238 3342 368 3410 Seu,
406 3345 545 3426 sicut
576 3343 764 3401 Latius
793 3345 994 3402 fatetur
1021 3349 1189 3413 orbis,

305 3440 431 3494 Μίαν
457 3436 765 3506 ὑπόστασιν,
796 3442 925 3515 Τρία
957 3442 1213 3517 πρόσωπα
1230 3441 1257 3482 ἀ
1286 3461 1299 3497 :

235 3526 382 3584 Idem
414 3504 758 3609 semperes,
782 3504 926 3588 idem
960 3504 1227 3606 [Ῐῑειίοηη
1269 3533 1412 3591 idem
1448 3533 1524 3608 et]
1565 3535 1680 3608 ipse
1748 3504 1755 3505 ί

1345 3625 1603 3699 [constas,

235 3714 497 3787 Gignens,
529 3716 822 3789 ingenitus,
849 3716 1008 3772 Pater
1033 3719 1266 3776 vocaris.

242 3807 319 3864 Te
345 3807 540 3865 Natum
569 3805 810 3880 genitum
837 3814 991 3883 σοφία
1018 3811 1225 3882 plaudit
1249 3825 1265 3865 :
1294 3835 1302 3844 ·

238 3899 411 3957 Vivax
440 3900 697 3977 Spiritus,
722 3916 790 3958 ex
820 3912 1047 3975 utroque
1075 3888 1303 3970 manas;

235 3991 596 4065 Personisque
626 3994 797 4051 tribus
822 4008 1101 4051 sacramus
1128 4010 1312 4063 unum,

238 4082 414 4141 Unam
440 4085 744 4158 colligimus
771 4086 826 4141 in
857 4086 943 4143 his
966 4088 1143 4143 θιῶτιν
1168 4103 1223 4152 ο;

237 4175 370 4243 Quae
393 4178 473 4232 sic
499 4177 639 4233 dicta
666 4176 865 4249 placet,
895 4178 1040 4253 quod
1063 4191 1224 4234 omne
1243 4187 1432 4233 cernat
1460 4178 1479 4217 τ
1500 4195 1515 4245 ς

245 4268 353 4327 Seu
379 4258 533 4342 quod
549 4271 626 4327 sic
650 4270 833 4343 potius
858 4285 956 4342 per
981 4286 1142 4327 omne
1169 4280 1353 4327 currat
1377 4273 1425 4338 ε,

162 4415 193 4482 ξ
232 4402 533 4482 _Hellenizat
558 4403 651 4482 hic
677 4404 878 4475 passim
904 4402 1164 4471 Hericus;
1204 4411 1288 4461 est
1315 4412 1496 4460 autem
1524 4406 1680 4482 Τριάς

81 4473 350 4545 Trinitas,
381 4479 535 4545 μονὰς
560 4473 756 4530 unitas.

122 4574 131 4578 ι
160 4543 192 4582 b
231 4542 477 4608 ἐλληὶας
502 4554 650 4613 κατὰ,
683 4545 969 4600 secundum
998 4542 1231 4602 Graecos.

164 4626 191 4689 ξ
232 4614 292 4689 ξύ
321 4624 421 4682 est,
448 4615 794 4689 substantiam
819 4632 979 4689 unam
1006 4617 1061 4671 in
1086 4627 1190 4672 (res
1216 4634 1483 4689 personas.

159 4683 193 4727 ἀ
229 4684 291 4760 ip
317 4687 567 4760 margine
584 4687 883 4760 addebatur
912 4686 1031 4760 haec
1055 4683 1424 4760 nota_,'ipsius
1445 4729 1460 4753 ,
1495 4688 1549 4742 ni
1578 4687 1679 4743 fal-

79 4754 412 4830 lor,AHerici
439 4754 464 4812 Ξ
491 4775 510 4808 ι
540 4755 904 4830 Diﬁ‘erentiam
930 4755 1061 4812 facit
1092 4757 1151 4813 S.
1186 4754 1491 4830 Dionysius,
1521 4769 1679 4815 caete-

88 4848 110 4882 s
146 4827 327 4896 'rique
359 4829 614 4885 doctores
638 4826 816 4884 Grasci
854 4828 998 4883 inter
1041 4830 1243 4895 οὐσίαν,
1281 4826 1338 4884 id
1369 4837 1453 4886 est
1498 4844 1675 4884 essen-

84 4918 109 4953 s
161 4898 329 4964 (iam,
369 4908 425 4954 et
465 4900 784 4965 ὑπόστασιν,
833 4899 888 4954 id
933 4908 1017 4954 est
1071 4900 1416 4954 substantiam
1452 4915 1471 4954 :
1499 4902 1675 4957 οὐσίαν

82 4988 109 5025 ι
164 4968 390 5041 quidem
428 4969 788 5041 intelligentes
831 4969 1045 5025 unicam
1093 4969 1240 5041 illam
1278 4986 1341 5026 ac
1373 4970 1672 5041 simplicem

86 5059 111 5093 ε
166 5039 366 5094 divina:
399 5039 658 5097 bonitatis
693 5040 1307 5130 naturamhgiarécmaw
1340 5040 1670 5130 singularum

1923 2526 1996 2583 llt
2021 2542 2287 2598 nusquam
2319 2534 2498 2581 tamen
2526 2532 2677 2580 extra
2702 2524 2729 2564 ιι
2761 2539 2820 2579 se
2846 2525 3050 2580 ferautr

1923 2618 2057 2675 Cum
2088 2616 2160 2673 sit
2188 2626 2387 2680 motus,
2420 2623 2474 2670 et
2498 2614 2637 2670 idem
2662 2615 2785 2691 ipse
2813 2606 3006 2678 status,

1926 2710 1992 2765 Et
2015 2717 2194 2765 motus
2217 2707 2457 2775 stabilis;
2493 2716 2552 2762 ut
2574 2704 2703 2762 olim
2730 2706 2904 2769 aiunt,

1927 2802 2114 2858 Status
2138 2799 2352 2856 mobilis
2378 2808 2540 2869 atque
2564 2817 2578 2853 :
2611 2799 2690 2853 sic
2719 2797 2929 2867 priores

1922 2894 2136 2950 Dixisse
2166 2893 2383 2947 invenio
2408 2899 2462 2946 et
2492 2890 2797 2961 peritiores.

1994 2985 2082 3040 ll.
2118 2983 2202 3038 Ὠν
2232 2984 2247 3024 ί
2287 2981 2738 3048 substantiticum,
2773 2981 3072 3052 τόποςίιυθι
3110 2993 3330 3051 rerum;

1923 3076 2026 3131 Pcr
2054 3075 2290 3146 seipsum
2317 3072 2562 3138 bonitas;
2595 3071 2704 3128 ἰδέα
2735 3072 2955 3153 mundi;

1919 3169 2022 3223 Per
2052 3168 2292 3238 seipsum
2320 3167 2564 3237 sapiens;
2600 3164 2831 3243 ἄναρχος
2857 3167 2880 3206 ιι
2914 3165 3055 3221 idem
3082 3183 3095 3219 :

1923 3260 2038 3316 Non
2057 3244 2181 3325 est;
2211 3275 2335 3314 nam
2364 3268 2631 3328 superest,
2656 3268 2710 3313 ct
2736 3273 2856 3314 esse
2885 3266 3105 3328 praestat
3130 3274 3144 3311 :

1921 3350 2036 3407 Hoc
2064 3365 2169 3406 non
2199 3357 2302 3415 cst,
2331 3364 2431 3404 nec
2456 3349 2509 3403 id
2535 3346 2618 3420 [C.
2644 3347 2815 3418 Lugd.
2840 3347 2964 3419 hoc]
2992 3356 3108 3413 cst;
3139 3347 3233 3402 sed
3262 3360 3362 3404 ex-

2943 3439 3071 3512 [stat
3096 3454 3289 3507 omne;

1854 3522 1861 3528 ’
1923 3535 2039 3591 Non
2062 3535 2173 3601 llic,
2200 3548 2307 3588 non
2333 3533 2441 3600 ibi;
2471 3533 2564 3589 sed
2589 3548 2685 3604 per
2712 3547 2873 3588 omne
2904 3541 3066 3586 totus.

1920 3628 2104 3701 Μικρὸς
2131 3629 2217 3682 καί
2242 3626 2450 3698 mea“
2471 3626 2689 3697 μίσοστι
2720 3623 2843 3686 Θαίς
2871 3621 2887 3661 ι
2919 3641 2932 3676 :

1922 3718 2124 3797 Μικρὸς,
2163 3716 2287 3772 dum
2317 3714 2555 3769 minimis
2580 3727 2739 3784 opem
2770 3712 3079 3768 ministrat:

1923 3796 2106 3876 mea...
2136 3796 2321 3864 intima
2350 3808 2477 3864 dum
2504 3807 2769 3879 gubernat
2790 3820 2942 3876 aeque
2966 3822 2979 3858 :

1923 3903 1981 3959 In
2012 3902 2219 3974 magnis
2245 3900 2462 3977 μίγαλος
2486 3900 2745 3971 probatur
2769 3898 2932 3962 idem,

1925 3996 2016 4052 Sic
2041 3980 2241 4066 parvis,
2280 3992 2490 4058 mediis,
2523 3990 2781 4063 adestque
2810 3989 3036 4057 magnis,

1923 4088 2042 4159 Ipse
2066 4087 2389 4150 individuus,
2422 4097 2752 4154 manensque
2781 4091 2941 4137 totus.

1921 4178 2018 4235 Ὠν
2042 4184 2207 4256 ἀρχὴν
2235 4179 2408 4250 μέσων,
2436 4175 2503 4233 ὢν
2530 4178 2734 4232 τέλοστε
2762 4174 2965 4232 πάντων
2986 4184 3057 4212 ω’

1924 4272 2002 4326 Ex
2028 4271 2144 4341 ipso
2173 4268 2447 4339 quoniam,
2475 4280 2573 4337 per
2600 4265 2773 4335 ipsum
2802 4273 2962 4334 atque

1859 4405 1880 4445 ἵ
1923 4404 2083 4472 Quasi
2110 4403 2281 4464 θεότης
2306 4401 2449 4457 dicta
2474 4400 2543 4455 sit
2566 4413 2597 4453 a
2623 4399 2857 4469 θιάομαι,
2885 4404 3077 4469 specto,
3102 4394 3275 4452 video.

1856 4479 1883 4517 8
1917 4478 1963 4531 Α
1984 4477 2150 4530 verbo
2174 4476 2288 4537 θέω,
2317 4487 2492 4526 curro.

1851 4548 1878 4589 ιι
1917 4547 2089 4602 Extra
2126 4536 2415 4622 secundam
2448 4540 2881 4622 ba_bet_longam.
2924 4536 3192 4622 Vitiosum
3231 4551 3367 4622 ergo

1780 4619 1870 4676 hic
1895 4626 2149 4673 metrum.
2183 4615 2289 4671 Sed
2316 4629 2422 4669 non
2453 4612 2589 4669 adeo
2615 4611 2671 4668 in
2702 4607 2852 4667 hisce
2878 4609 3229 4677 scrupulosus
3263 4607 3366 4663 fuit

1780 4699 1968 4747 auctor
2006 4697 2218 4752 noster;
2260 4694 2319 4741 ut
2354 4683 2617 4755 exemplis
2646 4681 2797 4755 infra
2829 4679 3103 4738 sexcentis
3137 4679 3363 4755 patebit.

1780 4760 1912 4831 Qua:
1935 4759 2156 4831 proinde
2179 4772 2248 4812 ne
2272 4752 2749 4831 notanda—quidem
2774 4764 3054 4831 putamus,
3075 4752 3367 4831 περαίη-ει

1781 4818 2105 4899 interpolato
2131 4843 2244 4899 _ms.
2290 4818 2623 4899 Belfogtiairo
2667 4818 2952 4896 pueriliter
2993 4818 3374 4899 emendanda;

1781 4919 1907 4963 cum
1927 4891 2416 4971 codex_Lobiensis
2450 4891 2935 4971 Lugdunensisqug
2964 4891 3377 4971 cgnscnserint.

1899 4980 2078 5029 autem
2105 4969 2256 5028 hunc
2278 4982 2496 5029 versum
2520 4959 2745 5039 cvorrigit
2770 4959 2871 5025 ms'.
2896 4959 3304 5021 Beli'ort'tanum
3330 4974 3350 5011 ι

2004 5080 2068 5130 Ut
2087 5094 2142 5130 se
2164 5094 2427 5130 numnum
2449 5080 2541 5130 alio
2561 5080 2745 5130 feratur
2769 5093 2928 5130 intra.
