3904 5304
595 401 737 460 1145
1091 379 1099 384 ’
1586 397 1811 455 llERlCl
1853 396 2157 454 MONACHI
2194 394 2861 453 ANTISSIODOBENSIS
3637 401 3720 458 ll“

590 518 719 578 llaec
745 517 994 591 genitalis
1023 518 1241 582 humus,
1274 517 1389 572 haec
1413 516 1586 571 Patris
1618 517 1790 586 patria
1819 516 1990 571 nostri
2017 534 2031 583 ;
2199 516 2252 576 Α
2278 512 2335 568 Si
2368 529 2472 570 non
2497 523 2553 568 et
2581 514 2772 583 possit.
2800 511 2988 567 Melius
3009 508 3116 565 duo
3140 507 3312 564 vincta
3349 505 3586 564 feruntur:

586 607 815 668 Finibus
841 610 924 664 his
945 618 1121 673 ortus,
1147 607 1347 663 natalia
1381 623 1503 662 rura
1531 608 1725 662 heavit.
2279 605 2409 674 Quae
2433 606 2474 662 si
2501 606 2798 676 dispescas,
2824 603 2962 676 perit
2987 601 3216 658 alterum
3243 617 3257 654 :
3299 600 3369 655 ita
3400 598 3586 656 alterius
3603 616 3664 659 res

662 700 748 756 18.
780 699 932 754 Haud
955 699 1137 754 multis
1163 715 1296 770 epus
1320 707 1404 755 est
1446 700 1497 754 in
1529 700 1726 754 Sancto
1749 699 2040 755 nobilitatis
2276 696 2458 751 Altera
2486 697 2658 766 poscit
2681 711 2837 766 opem
2881 695 3103 759 sociam,
3130 699 3187 748 et
3211 692 3442 763 coniurat
3462 691 3614 748 amice.

588 791 843 864 Cagnatae
867 808 1168 848 memorare
1190 793 1376 858 decus,
1402 808 1522 862 quae
1546 793 1667 848 dote
1696 792 1920 864 gemella
2275 786 2418 858 Ergo
2442 796 2501 842 ut
2523 803 2643 857 qua:
2672 794 2813 842 tecto
2839 787 3014 840 fuerat
3035 783 3292 839 meditata
3316 783 3480 852 cubili,

590 883 1006 956 Splendidaque,
1058 893 1112 941 et
1161 885 1432 958 locuples,
1482 887 1783 958 opibusque
1825 895 1878 942 et
1931 885 2174 957 germine
2276 877 2405 932 Post
2424 892 2522 948 per
2545 891 2878 932 marmoreas
2899 875 3134 932 clamare
3153 875 3340 945 sophia
3365 873 3542 946 plateas

1880 977 2052 1052 [fulsit
2084 996 2098 1036 ε
2276 967 2467 1024 Posset
2497 968 2543 1035 τ,
2571 978 2625 1024 et
2644 967 2878 1039 obliquis
2897 967 3111 1023 demum
3138 968 3268 1022 dare
3282 965 3396 1036 jura
3417 968 3628 1038 superbis,

584 1061 844 1119 Indicium
875 1067 1243 1138 documenque
1271 1068 1347 1124 rei
1380 1084 1666 1124 numerosa
1695 1077 1963 1124 retentant
2276 1061 2398 1116 Mox
2425 1063 2490 1116 ad
2517 1061 2774 1132 patricios
2797 1059 3020 1117 Iuvenis
3047 1069 3292 1132 raptatur
3326 1061 3561 1129 honores;

585 1153 814 1221 Praedia,
847 1158 1119 1215 succiduis
1150 1159 1278 1214 olim
1316 1161 1593 1216 notissima
1627 1161 1831 1216 chartis
1856 1179 1900 1215 -.
2275 1155 2680 1226 Causarumque
2715 1165 2864 1212 actor
2886 1171 2984 1226 per
3007 1155 3220 1226 publica
3247 1162 3368 1210 vola
3388 1164 3586 1221 creatus,

656 1248 740 1304 19.
773 1248 970 1305 dilatis
999 1250 1162 1306 breve
1193 1269 1287 1308 ver
1317 1262 1370 1309 et
1407 1255 1562 1324 primi
1591 1255 1759 1324 gratia
1783 1253 1932 1311 floris
2272 1246 2463 1302 Arcuit
2487 1250 2719 1303 urbanas
2736 1245 2875 1316 juris
2905 1247 3225 1303 fmnamine
3249 1247 3388 1304 lites.

579 1340 806 1396 Artibus
837 1342 1118 1398 immaduit
1158 1343 1302 1399 facili
1330 1347 1614 1401 conamine
1640 1355 1843 1416 septem
1869 1347 1919 1398 ι).
2113 1367 2123 1377 -
2343 1343 2432 1397 22.
2460 1342 2719 1399 Gratatur
2745 1343 2959 1397 Latium
2984 1350 3132 1398 tanto
3153 1357 3380 1398 censore
3406 1343 3467 1408 3;
3491 1341 3654 1412 fruique

581 1431 823 1487 Auxerat
863 1433 1083 1491 infantis
1111 1436 1354 1508 largitrix
1380 1439 1549 1509 gratia
1573 1448 1763 1508 pectus
2273 1432 2386 1490 Hoc
2410 1445 2615 1489 tantum
2641 1445 2904 1506 ρι’θεεεηῑθ
2929 1450 3158 1505 parvum
3184 1443 3272 1490 εει
3295 1451 3310 1500 ;
3336 1434 3400 1490 de
3418 1434 3663 1506 Ροειενῖωο

581 1524 894 1583 Muneribus
920 1530 1148 1601 geminis
1173 1541 1195 1569 θ
1231 1547 1242 1582 :
1277 1531 1527 1602 quodque
1575 1531 1777 1587 assolet
1803 1547 1924 1588 esse
1961 1531 2168 1588 duobus
2272 1527 2518 1595 Cogitat;
2551 1537 2716 1598 utque
2753 1529 2868 1583 viro
2887 1543 2993 1583 non
3024 1528 3166 1583 desit
3207 1527 3375 1599 gloria
3405 1527 3575 1598 prolis,

579 1614 803 1672 Gratum
832 1628 887 1673 et
914 1618 1207 1685 sufficiens,
1247 1622 1349 1676 hoc
1381 1622 1860 1692 prmcumulaverat
1889 1623 1983 1677 uni
2015 1636 2031 1676 :
2271 1615 2450 1687 thue
2475 1617 2575 1672 Viri
2603 1634 2709 1673 ηοη
2732 1617 3054 1674 ἀθεῑίιυθῑυτ
3081 1618 3326 1688 germine
3347 1617 3520 1683 Roma.

577 1711 821 1783 Namque
859 1723 917 1768 ut
947 1716 1182 1784 septenis
1210 1718 1471 1786 sapientia
1502 1718 1627 1771 nixa
1654 1716 1916 1771 columnis
2270 1709 2329 1765 In
2360 1717 2612 1765 consorte
2637 1709 2778 1766 tltori
2801 1724 2927 1780 spes
2949 1719 3069 1777 est;
3094 1725 3202 1779 qua
3233 1709 3341 1764 rite
3362 1722 3529 1765 carere

579 1801 872 1870 Aptiticare
911 1804 1128 1859 domu‘tn
1161 1805 1358 1862 dilecto
1390 1807 1441 1860 in
1468 1816 1686 1876 pectore
1712 1816 1912 1878 posset,
2272 1800 2424 1856 Haud
2448 1803 2725 1871 patiuntur
2745 1817 2899 1872 opes,
2945 1809 3183 1872 aetasque
3211 1802 3439 1858 obnoxia
3458 1801 3598 1868 carni,

577 1892 852 1963 Ingenium
878 1895 1035 1950 vivax
1065 1912 1326 1952 conamen
1347 1897 1486 1966 juvit
1515 1899 1580 1953 ad
1619 1914 1779 1953 omne
1804 1914 1820 1954 :
2193 1877 2241 1937 Β
2269 1894 2442 1951 Prolis
2465 1911 2636 1960 amor,
2667 1895 2864 1952 mentis
2891 1895 3132 1966 probitas
3179 1895 3234 1950 in
3273 1893 3486 1965 conjuge
3507 1893 3683 1966 pulchra,

481 1973 489 1984 ’
577 1985 740 2054 Inque
768 1987 916 2043 vices
943 1988 1124 2043 animo
1153 1990 1460 2061 genitaliter
1488 1992 1778 2061 expatianti
1812 1992 1838 2030 ά
2268 1989 2336 2043 Ει
2369 2005 2538 2060 gazm,
2583 1997 2638 2044 et
2659 2003 2860 2054 mores,
2894 1997 2947 2043 et
2976 1989 3110 2043 casti
3145 1985 3360 2059 insigne
3384 1986 3587 2057 pudoris.

576 2077 848 2134 Sedulitas
875 2082 1159 2149 praetendit
1186 2097 1340 2151 opem
1367 2084 1604 2139 studiosa
1630 2084 1892 2154 magistri.
2268 2079 2453 2147 Qualis
2481 2079 2569 2134 ubi
2594 2079 2710 2134 visa
2736 2088 2839 2145 est,
2872 2078 3039 2150 digito
3072 2086 3224 2149 patet
3253 2077 3319 2142 λς
3357 2085 3434 2132 εει
3465 2078 3568 2146 quia
3589 2074 3716 2130 ωειὼ

577 2167 816 2240 Utraque
839 2187 950 2236 res,
984 2175 1300 2241 moderante
1329 2176 1463 2242 Deo,
1495 2175 1669 2231 felicia
1697 2186 1878 2248 emptu
2268 2171 2412 2226 Rara
2441 2173 2556 2228 avis
2585 2173 2638 2227 in
2665 2173 2825 2227 terris
2847 2186 3117 2242 corvoque
3146 2169 3380 2241 ignotior
3407 2168 3514 2224 albo
3537 2170 3570 2221 ί.

577 2259 844 2332 Tempora
873 2263 1149 2335 gliscentis
1165 2263 1277 2334 jam
1306 2275 1433 2322 tunc
1462 2269 1707 2338 provexit
1729 2267 1951 2338 prebi,
2339 2263 2429 2318 23.
2465 2263 2662 2319 Usibus
2688 2263 2987 2318 innumeris
3015 2260 3298 2317 Romanus
3325 2259 3500 2316 calluit
3517 2257 3630 2314 orbis

573 2349 809 2406 Plurima
848 2366 944 2422 per
969 2353 1180 2410 steriles
1206 2365 1531 2427 sparguntur
1560 2357 1764 2412 semina
1795 2357 1973 2414 sulcos
2269 2355 2425 2412 Olim.
2457 2355 2671 2410 Partem
2704 2353 3003 2424 absumpsit
3029 2352 3166 2407 edax
3195 2367 3267 2407 ex
3296 2366 3412 2407 asse
3433 2348 3445 2400 i
3470 2357 3675 2412 retusus;

573 2442 841 2499 Proventu
870 2445 1103 2512 modico,
1126 2447 1230 2510 vel,
1259 2456 1318 2502 ut
1348 2449 1598 2514 multum,
1625 2448 1920 2516 mediocri;
2267 2447 2401 2502 Pars
2427 2446 2552 2500 terit
2579 2445 2820 2516 antiquis
2859 2457 3039 2498 rerum
3066 2442 3295 2513 vestigia
3320 2441 3482 2497 libris.

572 2537 643 2592 At
671 2555 790 2609 (μην
811 2539 1090 2596 ftecundas
1121 2542 1310 2597 ineunt
1345 2541 1615 2599 frumenta
1646 2542 1886 2609 novales,
2267 2539 2411 2596 Gens
2436 2539 2537 2594 fuit
2561 2538 2647 2593 illa
2675 2553 2864 2609 sagax,
2893 2544 2947 2592 et
2974 2551 3096 2592 cum
3120 2535 3328 2592 bellare
3363 2533 3537 2605 perita,

574 2628 681 2697 Spe
707 2639 928 2685 manant
953 2630 1174 2702 duplici,
1208 2648 1332 2688 cum
1361 2633 1550 2704 glebae,
1587 2650 1713 2689 cum
1743 2634 1972 2690 sationis
1997 2651 2013 2702 ;
2267 2632 2405 2687 Tum
2427 2646 2607 2686 mores
2633 2629 2869 2685 formare
2905 2628 3038 2692 scia,
3067 2636 3122 2682 et
3149 2638 3471 2696 componere
3487 2630 3625 2679 cauta.

570 2718 842 2790 Plenaque
867 2723 1161 2794 conspicuo
1186 2725 1475 2796 reSpondet
1506 2727 1658 2796 copia
1689 2743 1878 2782 cornu.
2265 2723 2382 2779 Neu
2411 2732 2596 2779 tenera
2625 2723 2676 2777 in
2703 2721 2886 2794 pueris
2909 2734 3061 2776 naevo
3087 2712 3449 2775 intabesceret
3463 2724 3574 2772 aetas

642 2814 734 2868 20.
763 2815 1004 2886 Cumque
1027 2815 1169 2872 foret
1191 2819 1502 2882 vehemens,
1556 2820 1828 2891 animique
1873 2820 1940 2875 ad
1965 2831 2160 2878 cuncta
2267 2813 2732 2886 (Quandoquidem
2760 2813 2810 2866 in
2840 2811 3029 2865 Vitium
3060 2823 3212 2865 mens
3239 2817 3328 2866 εει
3353 2809 3463 2863 hac
3485 2817 3610 2862 cem
3635 2797 3726 2860 Μ’

1832 2911 2086 2985 [rapacis,
2265 2907 2508 2980 Cumque
2544 2908 2650 2962 iter
2678 2905 2988 2976 ambiguum
3021 2901 3186 2976 (Belf.
3216 2909 3270 2956 et
3319 2899 3501 2970 Lugd.,
3523 2891 3730 2990 ambiunt!)

570 2996 654 3052 Nil
687 2998 1028 3071 intentatum,
1059 2999 1136 3056 nil
1167 3002 1396 3073 denique
1432 3003 1589 3073 liquit
1615 3003 1945 3068 inbaustum,
3043 2991 3288 3067 [ramosa
3317 2990 3386 3046 ad
3411 2987 3604 3057 compita
3623 2987 3726 3042 vent;

570 3088 840 3160 Quidquid
865 3091 932 3145 ab
961 3091 1227 3162 indigenis
1255 3095 1430 3164 potuit
1459 3109 1680 3150 ntanarc
1703 3093 1974 3165 magistris
2000 3114 2013 3150 :
2266 3091 2656 3163 Proposuitque
2686 3088 2852 3154 viam,
2882 3085 3065 3142 Samio
3084 3091 3388 3156 prasennte,
3412 3076 3678 3139 bicallem‘;

571 3178 780 3235 Cuncta
812 3181 963 3237 brevi
987 3198 1111 3238 nam
1139 3199 1276 3255 pene
1301 3200 1454 3256 puer,
1485 3184 1727 3256 citraque
1742 3184 2024 3256 juventam
2264 3183 2463 3238 Dextra
2487 3181 2641 3252 sequi
2679 3187 2965 3236 cunctatur
2987 3177 3152 3243 iners,
3182 3183 3421 3246 votoque
3446 3170 3631 3241 maligno

570 3271 764 3328 Omnia
786 3273 1138 3330 combiberat.
1170 3275 1326 3332 Furit
1352 3276 1575 3332 intimus
1599 3277 1814 3333 ossibus
1833 3275 1996 3332 ardor
2187 3263 2233 3328 C
2263 3270 2423 3328 Laeva
2452 3270 2619 3342 tenet)
2649 3271 2763 3326 visa
2789 3279 2871 3325 est
2892 3283 2958 3325 ea
2988 3276 3099 3322 tum
3124 3266 3212 3322 via
3240 3264 3442 3321 rectior
3459 3260 3527 3317 illi
3550 3257 3598 3312 ιε

572 3360 836 3420 Ulteriora
859 3365 1031 3437 sequi,
1061 3376 1116 3422 et
1143 3367 1354 3434 studiis,
1384 3367 1439 3422 ni
1463 3367 1617 3438 copia
1638 3367 1797 3434 desit,
2189 3415 2194 3418 .
2264 3362 2531 3420 Servabat
2567 3371 2783 3418 teneros
2811 3359 3052 3417 custodia
3082 3357 3319 3430 pervigil
3343 3369 3523 3417 annos,

571 3453 692 3512 Otia
713 3467 1015 3525 conterere,
1047 3460 1241 3515 studiis
1261 3460 1572 3530 impendere
1597 3474 1737 3524 sese,
2260 3454 2329 3511 Et
2346 3456 2484 3511 casti
2506 3455 2750 3521 comites,
2775 3461 2831 3510 et
2856 3453 2975 3524 opis
2995 3451 3210 3507 rubrica
3232 3462 3276 3490 ιιι
3300 3448 3552 3520 magistra:

566 3548 735 3622 Inque
760 3552 897 3606 mori
917 3552 1130 3608 studiis.
1165 3550 1437 3623 Perparva
1467 3561 1522 3608 et
1548 3552 1675 3607 vilia
1698 3552 1856 3620 scitu,
2258 3548 2533 3620 Apposita,
2561 3557 2616 3602 et
2643 3560 2837 3602 curvos
2861 3545 3174 3600 innormans
3201 3538 3588 3614 regula’mores,

569 3639 628 3696 Si
657 3657 760 3712 qua
781 3653 968 3714 patent
997 3661 1260 3715 usquam;
1296 3659 1424 3699 cara
1460 3653 1515 3699 et
1538 3642 1876 3716 praegrandia
1917 3652 2125 3711 censet,
2259 3641 2326 3696 Et
2352 3654 2569 3712 pressus
2606 3639 2816 3694 ratione
2845 3637 3076 3702 animus,
3107 3635 3368 3706 vincique
3391 3632 3619 3692 laborans,

573 3730 632 3788 Si
658 3748 762 3801 qua
793 3733 980 3788 latent.
1004 3735 1137 3789 Erat
1166 3735 1413 3806 ingenuis
1442 3743 1573 3789 tunc
1603 3734 1809 3788 artibus
1839 3749 2012 3804 usque
2260 3737 2337 3788 Ac
2361 3731 2706 3804 prmeeptoris
2735 3731 2936 3786 ducens
2957 3729 3056 3784 sub
3083 3727 3282 3800 pollice
3310 3725 3536 3781 vultum:

568 3820 762 3879 Certus
791 3825 982 3890 honor,
1021 3825 1319 3895 studiisque
1353 3823 1583 3878 addebat
1613 3823 1778 3894 gloria
1810 3825 2007 3880 calcar.
2261 3827 2520 3900 Signabat
2548 3826 2806 3898 trepidas,
2837 3833 2893 3881 et
2917 3823 3090 3880 adhuc
3121 3822 3354 3878 rationis
3380 3825 3620 3907 egentes-
3692 3896 3701 3907 .

567 3911 769 3969 lncitus
794 3914 878 3970 his
907 3915 1103 3972 animis
1127 3915 1333 3988 talique
1361 3915 1866 3988 cupidine~vinc1us,
2259 3919 2586 3992 Consiliique
2607 3919 2793 3990 inopes
2811 3924 3072 3989 praetexta
3097 3911 3444 3989 [subintellige
3462 3951 3475 3976 ,
3509 3901 3728 3977 toga]|P‘5"

567 4004 689 4072 Quo
709 4015 869 4076 caput
898 4015 980 4062 est
1005 4007 1171 4074 orbis,
1201 4023 1379 4088 rerum
1407 4010 1739 4080 permaxima
1766 4009 1952 4075 Roma,
3351 3997 3500 4071 [sima
3528 3999 3688 4051 tuentes.

567 4097 766 4154 Tendit
787 4100 908 4166 iter,
935 4099 1073 4155 Latii
1098 4101 1273 4173 ‘nodos
1299 4102 1579 4159 addiscere
1599 4104 1758 4174 juris,
2257 4098 2433 4165 Dicta,
2459 4098 2601 4168 quod
2628 4097 2766 4152 hanc
2794 4095 2956 4168 Tyrio
2987 4095 3198 4168 lymbus
3224 4101 3530 4167 praetexeret
3553 4097 3671 4151 ostro,

565 4188 634 4243 Et
663 4189 868 4254 didicit.
900 4191 1241 4265 palmamque
1277 4195 1426 4251 brevi
1459 4195 1581 4250 tulit
1606 4195 1694 4250 ille
1716 4194 1938 4251 laboris.
2256 4193 2324 4248 Et
2351 4206 2515 4262 super
2549 4174 2883 4246 hancaﬂicta
2912 4197 3212 4244 toreumata
3233 4198 3284 4254 ο,
3316 4185 3557 4258 graculus
3581 4193 3670 4236 usus

636 4280 725 4336 21.
757 4285 912 4340 Scire
957 4295 1075 4342 erat
1121 4286 1265 4342 haud
1320 4304 1594 4360 magnum,
1630 4289 1675 4346 si
1718 4305 1824 4345 non
1860 4299 1916 4346 et
1940 4265 2096 4360 ροεέθ
2124 4302 2148 4330 e
2257 4283 2326 4353 (Α
2348 4282 2526 4339 Graiis
2555 4280 2910 4337 trasercltali
2937 4281 2984 4351 °)
3013 4279 3175 4335 index
3213 4277 3518 4336 nobilitatis.

1829 4378 2074 4452 [subiret.
2213 4424 2222 4433 .
2324 4376 2416 4431 24.
2452 4375 2551 4432 Hic
2579 4385 2692 4432 tum
2719 4374 2896 4432 cultus
2921 4383 3060 4430 erat.
3098 4371 3434 4430 Transcensa
3458 4365 3626 4440 puertia
3641 4364 3729 4431 post;

561 4467 629 4522 Et
657 4468 819 4525 stulto
844 4469 1059 4540 sapiens
1095 4469 1374 4526 minimum
1404 4471 1609 4527 referre
1635 4480 1875 4544 putatur,
3563 4456 3690 4530 [llnam

634 4601 769 4675 ιδ,οθ
808 4602 1024 4673 praediis
1051 4600 1110 4675 S.
1163 4601 1412 4658 Germani
1442 4605 1909 4675 patrimonialibus
1934 4606 2148 4664 dicetur
2173 4641 2229 4675 η
2326 4607 2340 4660 i
2374 4605 2453 4662 Ex
2479 4612 2611 4662 toto.
2739 4673 2754 4675 ᾗ
3072 4671 3101 4675 η
3325 4670 3337 4675 _
3430 4666 3440 4675 _
3637 4651 3700 4675 ..η

642 4641 645 4642 ν
695 4641 768 4656 νυ
809 4641 1024 4673 γιωνιισ
1051 4641 1110 4658 υ.
1164 4641 1256 4658 uol
1271 4641 1412 4657 "ouu-
1442 4641 1554 4675 Ραιι
1569 4641 1909 4662 ιιιιυυιαιιυυῡ
1934 4641 2142 4664 υιιῦιυι
2326 4641 2340 4660 δ
2374 4641 2453 4662 ΠΛ
2482 4641 2611 4662 ιυνυ.
3325 4670 3338 4683 .
3692 4653 3700 4663 ι

559 4671 614 4726 in
633 4670 913 4748 _Mi_raculis
940 4673 1260 4748 Hericianis,
1290 4690 1459 4748 num,
1477 4676 1565 4731 19.
2173 4641 2229 4704 D
2325 4681 2352 4720 ι
2380 4677 2708 4748 Pythagoras
2725 4673 2936 4748 Samius
2955 4671 3262 4748 qualitatem
3288 4678 3407 4748 1:3th
3421 4666 3623 4748 homo?

633 4719 1595 4821 stetisseegissemus.
1613 4757 1756 4821 ευρι,
1780 4751 2142 4821 communi...
2251 4719 3277 4821 ...-.e‘.z'.;;s:.;;;;5:1§a:instigat.
3292 4719 3446 4795 na.
3460 4719 3632 4801 ωωςε.
3646 4719 3726 4794 qua

559 4822 764 4889 septem
792 4824 1188 4889 numerantur:
1221 4813 1595 4889 grammatica,
1647 4813 1936 4883 rhetorica,
1969 4820 2140 4875 diale-
2252 4837 2458 4877 ramosa
2482 4813 2726 4889 compita,
2762 4816 2998 4889 quidm}:
3020 4813 3240 4866 bicallis.
3557 4873 3591 4889 __
3612 4863 3711 4889 --Δ

561 4873 979 4962 ειῖοᾳλιηιιδίω,
1007 4873 1371 4962 arithmetica,
1394 4873 1709 4962 geometria,
1742 4873 2102 4962 astrologiai
2254 4873 2357 4930 νιν
2376 4873 2579 4962 Sensus
2597 4873 2690 4962 'est
2714 4873 2740 4962 ΞΑ
2759 4873 2918 4943 Genti
2951 4884 3208 4962 Romanae
3232 4891 3388 4962 tunc,
3414 4873 3728 4962 quandam

633 4938 1717 5032 gne;anatinam?natas;
1743 4938 2063 5032 senm
2247 4964 2322 5018 tia
2353 4938 2576 5016 αῗῖἰῖίῖ
2599 4938 2946 5032 insanas
2981 4938 3120 5032 irer
3145 4953 3318 5032 facilis
3343 4938 3477 5032 eat,
3517 4938 3657 5032 eius:
3671 4938 3727 5032 ff

629 5024 655 5063 ά
685 5024 742 5113 l'd
778 5002 880 5094 est’,
903 5002 1210 5113 nazuraliter
1236 5030 1599 5112 capacissima.
1627 5002 1909 5113 Notrrjn‘ss.
2378 5002 2575 5113 pueros
2605 5031 2671 5084 ad
2685 5030 2951 5113 _virtutem
2973 5027 3058 5081 via
3087 5024 3388 5087 deducere;
3425 5020 3484 5075 iis
3509 5002 3725 5080 nempe”

634 5107 658 5134 ο
693 5093 850 5136 paup
900 5099 1085 5136 cnnnln
1134 5100 1347 5136 ορὸοπιὸη
1375 5101 1448 5136 uh'
1472 5100 1578 5136 ὅπου
1610 5102 1862 5136 ηρηυὸσὸηι

1375 5101 1448 5136 ’1Ιὸ
1472 5100 1578 5136 ὅπου
1610 5102 1862 5136 ηρηοιὸιὸηι
2247 5093 2480 5136 ιτςιιιιὲπίη
2509 5101 2757 5136 ηιιοιηιῖηα
2814 5106 2897 5136 nln
