3904 5304
99 122 254 182 ’1145

114 243 355 302 Vestibat
377 251 588 298 teneras
616 239 762 298 molli
788 240 1040 315 lanugine
1060 242 1234 300 malas

111 337 190 412 (ld
212 337 300 392 bis
326 344 552 392 octonos
571 344 689 390 erat
709 343 1029 393 attrectasse
1053 336 1398 410 Decembres)

109 429 350 486 Cedebat
373 435 631 500 praetexta
665 435 826 498 togae,
853 428 1150 499 patriisque
1176 444 1386 485 coawas

109 522 383 592 Aptabant
407 521 633 588 laribus,
663 521 888 592 puerilia
924 537 1170 589 munera,
1201 522 1395 578 bullas.

109 611 210 669 llic
233 612 443 684 trepida
472 620 715 683 optatum
745 612 936 669 sortita
965 612 1192 668 infantia
1220 613 1413 681 finem,

111 703 210 760 Hic
239 704 359 759 ﬁxit
381 713 554 759 metas
585 720 599 757 :
645 703 770 758 exin
804 702 1039 774 bellique
1060 704 1313 774 domique

112 795 290 861 Utilis,
319 804 374 850 et
398 794 561 851 rebus
587 795 781 866 quavis
810 795 865 850 in
891 805 1046 866 parte
1065 795 1316 866 gerendis

111 887 352 958 Quisque
375 887 671 956 putabatur
690 895 903 944 maturo
930 888 1244 945 commodus
1279 902 1415 944 :evo.

110 975 381 1034 Hauserat
402 977 506 1034 hoc
533 978 655 1045 aevi,
684 978 1004 1050 juvenisque
1034 987 1247 1050 togatus
1273 979 1467 1050 agebat

113 1066 319 1124 ditatis
343 1068 568 1124 solidam
595 1068 870 1125 cumulato
903 1069 1096 1125 robore
1125 1079 1355 1140 partem,

114 1158 246 1214 Cum
281 1175 447 1232 super
474 1161 717 1217 addictas
746 1160 1051 1231 praesulque
1075 1170 1132 1216 et
1161 1163 1268 1217 dux
1312 1161 1560 1233 regiones

113 1250 374 1317 Eﬂ‘ertur,
402 1253 565 1309 terris
587 1268 693 1322 qua
721 1251 960 1309 Gallicus
989 1254 1207 1332 incubat
1230 1255 1349 1310 axis
1366 1296 1380 1320 ,

113 1341 246 1398 Cum
274 1345 474 1399 vindex
499 1345 791 1410 scelerum,
809 1396 820 1407 ,
838 1354 951 1401 tum
978 1346 1319 1417 dispensator
1342 1347 1631 1402 honorum.

113 1434 313 1493 Orbem
344 1446 456 1493 tum
484 1446 654 1494 totum
685 1450 712 1479 ι
741 1439 914 1495 victor
939 1440 1215 1497 Romanus
1240 1441 1494 1508 habebat,

115 1525 230 1597 Qua
257 1543 427 1597 mare,
451 1545 557 1600 qua
590 1530 770 1598 tellus,
795 1547 902 1602 qua
924 1531 1090 1587 cardo
1124 1532 1355 1605 invergit
1383 1541 1648 1603 uterque;

1213 127 1302 184 DE
1337 126 1497 185 VITA
1537 125 1596 184 S.
1633 120 1962 182 CERMANI.
1994 153 2064 166 —-
2097 123 2224 180 LIB.
2264 125 2302 180 Ι.

1726 243 1778 304 Α
1805 239 1964 295 Multa
1996 239 2246 310 fatigaret
2274 238 2526 311 privatim
2580 247 2635 296 et
2679 238 2892 312 publice
2917 239 3031 314 (3.,
3079 241 3287 310 privata
3333 249 3389 299 et

3245 119 3384 194 {M6

2874 333 3134 407 [publica)
3162 348 3314 401 cura,

1804 427 2034 485 Pronior
2072 429 2127 484 in
2154 429 2356 499 patrias
2381 429 2618 485 animum
2647 428 3057 485 deﬁxeratoras

1802 517 2047 575 Aﬂ'ectus
2069 519 2318 591 genitalis
2346 519 2521 586 humi,
2558 535 2720 592 quam
2745 518 2967 574 mitibus
2989 531 3160 590 usque

1806 607 2098 679 Temperat
2125 607 2313 664 oﬂiciis
2337 617 2392 664 et
2424 609 2573 665 molli
2604 608 2776 666 ﬂectit
2800 609 3032 676 habena,

1803 697 2049 756 Praesens
2075 708 2396 769 praesentem
2424 701 2677 771 praesenti
2707 701 2932 757 numine
2962 701 3208 759 ﬁrmans.

1806 792 1933 849 Haec
1960 794 2174 859 domus,
2214 794 2329 849 haec
2353 795 2592 865 requies,
2621 794 2735 850 haec
2763 794 3055 851 oblectatio
3082 794 3207 851 vita:
3231 812 3258 858 :_

1804 885 1902 943 Vel
1927 887 2054 958 quia
2083 887 2368 943 fundorum
2400 901 2506 943 non
2535 887 2928 943 contemnenda
2953 885 3180 943 facultas

1806 979 1907 1036 llic
1931 980 2007 1036 illi
2037 980 2238 1047 fuerat,
2271 977 2412 1049 juris
2443 987 2795 1036 monumenta
2825 979 3041 1050 paterni
3066 995 3080 1046 ;

1808 1074 1906 1131 Vel
1944 1075 2070 1146 quia
2099 1075 2408 1147 (terrigenis
2429 1083 2513 1130 est
2536 1074 2680 1145 quod
2701 1072 2960 1130 nonnulla
2989 1071 3261 1144 voluptas)

1807 1166 1971 1238 Copia
1993 1168 2231 1222 multaru
2247 1183 2299 1222 m
2317 1167 2500 1237 juveni
2525 1182 2820 1239 permagna
2847 1165 3079 1222 ferarum

1808 1254 2099 1313 Silvestres
2124 1258 2400 1328 prmbebat
2432 1273 2581 1328 opes.
2613 1256 2913 1314 Venatibus
2943 1256 3034 1314 ille

1804 1349 2051 1417 Deditus,
2077 1360 2133 1406 et
2159 1351 2356 1408 levium
2382 1351 2649 1409 meditans
2680 1351 2988 1422 spectacula
3011 1365 3216 1419 rerum,

1805 1444 2049 1501 Lascivis
2081 1445 2321 1500 animum
2351 1446 2545 1502 studiis
2562 1447 2823 1517 pascebat
2849 1445 3077 1501 inertem
3111 1456 3132 1484 ε
3162 1463 3176 1500 :

1808 1536 2054 1608 Cumque
2074 1537 2215 1592 foret
2235 1538 2378 1594 sacri
2402 1538 2604 1595 dilutus
2629 1537 2778 1594 fonte
2807 1538 3058 1610 liquoris,

115 1618 173 1676 Si
197 1623 342 1692 quod
369 1623 425 1679 in
475 1623 607 1680 orbe
645 1623 866 1696 fretum,
916 1625 962 1682 si
1011 1627 1133 1697 quis
1179 1627 1330 1684 sinus
1359 1627 1574 1683 abditus
1608 1642 1704 1684 us-
1732 1609 1783 1672 Β
1809 1630 1963 1688 Nudo
1985 1646 2044 1687 se
2072 1640 2282 1686 tantum
2312 1632 2582 1703 gaudebat
2614 1631 2835 1688 nomine
2859 1609 2966 1687 dici

1427 1716 1632 1792 lanam.

115 1805 173 1864 Si
205 1810 350 1881 quod
378 1809 537 1866 clima
565 1809 712 1866 fores
737 1810 987 1868 Phoebea:
1005 1812 1269 1884 lampadis
1295 1826 1527 1882 expers,

115 1896 175 1955 Si
202 1915 307 1970 qua
330 1901 437 1956 fuit
465 1903 637 1972 regio,
668 1903 871 1958 fulvum
900 1919 1020 1975 qua:
1043 1905 1286 1977 gigneret
1312 1920 1526 1973 aurum,

112 1990 199 2048 Nil
237 1993 345 2051 nisi
369 1993 600 2058 Romani
630 1995 845 2051 vivebat
869 1997 1108 2052 nominis
1131 1996 1322 2052 umbra
1349 2014 1364 2063 ;

110 2083 358 2141 Arbitrio
386 2085 561 2141 sancti
582 2087 902 2142 constabant
922 2100 1116 2143 cuncta
1145 2097 1386 2144 senatus.

112 2173 368 2247 Sceptra,
401 2178 774 2249 magistratus,
801 2179 964 2246 tituli,
992 2180 1265 2251 praetoria,
1298 2180 1461 2246 sellae,

110 2265 386 2324 Praetexta
415 2267 880 2342 [Belf.,praetexta
895 2271 996 2345 et],
1029 2273 1249 2336 trabem,
1274 2271 1472 2340 fasces,
1499 2274 1707 2345 insigne

1347 2363 1634 2437 [tribum],

116 2489 335 2559 Edilis,
370 2500 628 2563 quaastor,
661 2495 917 2563 dictator,
943 2496 1334 2568 juridicusque,

114 2583 201 2650 Et,
221 2598 410 2640 rerum
447 2586 534 2642 cui
561 2602 772 2643 summa
799 2597 947 2659 patet
974 2599 1255 2660 paretque,
1289 2591 1631 2657 monarchos,

118 2674 185 2729 Et
221 2674 631 2733 conﬂandarum
654 2695 752 2750 per
779 2688 971 2750 gentes
996 2681 1178 2736 cautio
1206 2680 1405 2752 legum,

119 2766 186 2822 Et
208 2783 313 2841 pax
341 2779 397 2825 et
419 2770 637 2839 bellum,
662 2773 728 2828 lis
748 2781 804 2827 et
827 2774 1113 2830 concordia
1141 2791 1344 2840 rerum,

121 2859 309 2916 Omnia
334 2863 656 2932 conscriptis
685 2866 963 2921 servibant
998 2867 1245 2937 patribus
1265 2867 1421 2935 olim,

122 2951 264 3020 Quos
299 2970 466 3025 penes
493 2957 743 3012 immensi
770 2959 950 3014 stabat
984 2960 1226 3015 custodia
1257 2961 1486 3016 mundi:

123 3042 364 3118 Cumque
392 3047 570 3104 forent
591 3049 763 3106 clausi
787 3051 993 3107 resides
1015 3051 1066 3106 in
1088 3061 1242 3130 parte
1262 3051 1471 3114 sacelli.

123 3137 326 3197 Divinis
353 3142 619 3212 quadrum
647 3142 925 3216 ﬁngebant
955 3143 1162 3216 legibus
1192 3145 1399 3201 orbem.

123 3227 411 3288 Gestorum
444 3233 616 3290 series
654 3234 994 3305 aliquatenus
1030 3235 1352 3307 intercepta,

121 3320 166 3376 A
194 3322 514 3381 diverticulo
548 3323 766 3380 demum
791 3325 1017 3397 repetita
1047 3325 1295 3398 placebit.

166 3461 277 3535 .25.
331 3479 627 3538 Crescebat
681 3483 890 3540 meritis
946 3492 1156 3542 mactus
1211 3484 1552 3542 successibus
1611 3484 1708 3542 he-

1496 3573 1631 3650 [ros,

122 3657 458 3735 Perfectique
484 3681 711 3736 sequax,
735 3667 963 3739 primam
989 3669 1241 3726 tendebat
1265 3671 1332 3726 ad
1364 3684 1546 3727 arcem
1569 3669 1600 3710 ι)

123 3749 379 3810 Cursihus
406 3755 651 3830 impigris
675 3775 690 3825 ;
722 3773 792 3814 ne
811 3774 917 3814 non
947 3759 1218 3830 perfectus
1242 3761 1312 3816 ab
1335 3755 1483 3816 om'ni

124 3836 282 3898 Parte
308 3843 470 3914 foret,
501 3863 656 3904 sacer
683 3857 738 3904 et
762 3849 956 3920 praesul
982 3849 1097 3920 jam
1115 3850 1336 3921 jamque
1358 3850 1596 3908 futurus.

125 3927 300 4002 thue
318 3935 388 3991 ad
419 3935 663 3994 letiferas
690 3939 861 3995 aciem
901 3942 1229 3997 contendere
1251 3951 1452 4014 pestes,

1808 1723 2227 1792 Christicolam;
2271 1724 2476 1780 luteum
2510 1723 2794 1795 sapiebant
2817 1731 3012 1780 caetera
3043 1719 3281 1777 saeclum.

1876 1818 1966 1873 27.
1991 1816 2221 1887 Altoque
2244 1825 2299 1872 et
2323 1816 2434 1872 lato
2460 1816 2640 1872 stabat
2663 1814 2976 1886 gratissima
3002 1811 3274 1884 quondam

1809 1906 1954 1964 Urbe
1980 1921 2148 1979 pyrus
2170 1906 2370 1974 media,
2399 1905 2598 1977 populo
2617 1903 2928 1976 spectabilis
2947 1903 3129 1970 omni;

1806 1998 1925 2054 Non
1955 1999 2082 2070 quia
2112 1999 2441 2070 pcndentum
2468 1997 2700 2054 ﬂavebat
2725 1997 2932 2052 honore
2955 2008 3214 2066 pyrorum
3240 2033 3258 2060 ,

1807 2091 1918 2148 Nec
1941 2093 2067 2162 quia
2096 2099 2372 2163 perpetuae
2395 2091 2658 2146 vernabat
2687 2102 2911 2144 munere
2936 2086 3183 2151 frondis;

1808 2183 1916 2241 Sed
1943 2185 2333 2255 deprensarum
2355 2184 2559 2256 passim
2580 2185 2759 2254 capita
2780 2182 2890 2238 alta
2919 2181 3180 2248 ferarum,

1806 2274 2031 2332 Arboris
2055 2275 2325 2332 obscenae
2355 2275 2554 2347 patulis
2572 2275 2834 2332 haerentia
2860 2274 3046 2340 ramis,

1807 2371 2128 2427 Praebebam
2148 2385 2289 2426 vano
2312 2370 2561 2441 plausum
2580 2377 2637 2426 et
2662 2367 2971 2441 spectacula
3000 2366 3180 2438 vulgo.
3279 2434 3290 2443 .

1807 2463 2112 2519 llorrebant
2140 2463 2249 2518 illic
2277 2465 2471 2534 trepidi
2498 2463 2719 2518 ramalia
2750 2461 2778 2503 ἀ
2801 2462 2970 2530 cervi,

1807 2553 1874 2608 Et
1895 2554 2072 2609 dirum
2103 2554 2400 2610 frendentis
2425 2559 2540 2626 apri
2560 2553 2676 2611 fera
2703 2554 2933 2626 spicula,
2965 2555 3176 2621 dentes,

1806 2644 2038 2700 Acribus
2062 2646 2287 2700 exitium
2320 2646 2642 2703 meditantes
2664 2646 2804 2703 forte
2829 2647 3081 2704 molossis
3107 2667 3120 2702 :

1809 2734 1961 2791 Tunc
1989 2751 2208 2806 quoque
2233 2737 2313 2792 sic
2334 2738 2499 2792 variis
2522 2739 2684 2793 arbos
2706 2738 2892 2793 induta
2921 2738 3159 2809 tropaeis,

1809 2826 2088 2883 Fundebat
2118 2828 2342 2884 rudibus
2366 2828 2553 2885 lascivi
2588 2829 2796 2885 semina
2826 2829 2988 2886 risus.

1811 2917 2027 2973 Fixerat
2059 2919 2174 2974 haec
2193 2918 2436 2987 Juvenis,
2460 2919 2634 2977 laudis
2655 2929 2906 2992 captator
2926 2929 2980 2978 et
3010 2937 3179 2988 aurae,

1813 2971 1819 2972 κ
1921 2971 1957 2973 -κ
2016 2971 2021 2972 κ
2199 2971 2436 2987 wn"--.
2461 2971 2631 2977 ηπ--
2661 2971 2896 2992 ﬁrm"
2931 2971 2979 2978 ν-
3011 2971 3172 2988 --ωι

1733 2971 1780 3033 C
1811 3008 1926 3075 Qua
1955 3008 2140 3065 faciles
2166 3010 2334 3066 animi
2355 3012 2612 3081 pascique
2645 3012 2874 3082 capique
2900 3021 3172 3068 suescunt.

2442 3101 2669 3157 CAPUT
2706 3102 2771 3158 ll.

1809 3188 1868 3247 S.
1902 3191 2168 3248 Amatoris
2207 3190 2352 3246 zelus
2380 3191 2628 3315 advelrsus
2657 3189 2904 3275 Germani
2931 3193 3352 3264 superstitione.

2423 3273 2470 3315 et
2538 3279 2656 3315 mus
2687 3279 2788 3315 ira.

2423 3273 2470 3316 et
2498 3273 2656 3334 hujus
2687 3273 2788 3318 ira.

1875 3385 1967 3445 28.
1999 3386 2162 3446 Urbis
2202 3403 2358 3445 amor
2397 3394 2619 3452 nostrae,
2662 3385 2915 3456 sacrique
2953 3383 3190 3441 refector
3213 3383 3392 3452 ovih's,

1806 3475 2010 3534 Praesul
2037 3479 2266 3536 Amator
2291 3487 2430 3543 erat,
2464 3477 2661 3533 merito
2690 3476 3012 3547 cognomine
3040 3486 3274 3532 mactus.

1807 3566 2008 3622 Doctor
2029 3563 2370 3637 magnificus,
2398 3562 2716 3620 meritorum
2747 3561 2866 3618 luce
2884 3576 3167 3629 coruscus,

1807 3658 2097 3732 Signorum
2123 3657 2293 3713 titulis
2317 3656 2475 3729 longe
2499 3656 2716 3728 lateque
2744 3653 2993 3712 celebris.

1805 3753 2045 3810 Noverat
2069 3753 2160 3809 hic
2183 3750 2390 3822 rapidis
2412 3758 2612 3805 metam
2641 3748 2922 3823 praeﬁgere
2949 3748 3203 3816 ﬂammis,

1803 3844 2042 3902 Noverat
2062 3845 2322 3901 adversas
2351 3842 2521 3898 verbo
2544 3842 2832 3899 detrudere
2858 3850 3059 3914 pestes,

1802 3937 2040 3994 Auribus
2066 3935 2361 3993 obstructis
2380 3936 2587 3991 aditum
2609 3935 2947 4006 praatendere
2969 3934 3142 4002 vocis,

123 4025 480 4104 Emersasque
504 4035 740 4092 haereses
767 4034 956 4109 [Belf.,
982 4035 1379 4110 Haereticasque
1399 4037 1539 4111 lues]
1561 4037 1702 4095 unde
1802 4029 2048 4088 Oﬂicium
2075 4030 2274 4087 vinctis
2300 4039 2570 4102 praecepto
2595 4028 2820 4085 reddere
2843 4027 3061 4100 linguis.

925 4129 1092 4204 [unde
1113 4132 1402 4188 extrudere
1425 4139 1627 4203 posset,

123 4232 380 4294 Armabat
406 4238 621 4298 doctam
645 4240 804 4297 vivax
831 4241 1085 4298 facundia
1107 4241 1369 4314 linguam.

121 4319 346 4385 iustitiae
371 4332 578 4399 doctor,
597 4331 738 4403 juris
758 4347 974 4404 quoque
1005 4348 1191 4390 norma
1219 4332 1451 4398 futurus,

121 4411 244 4472 lure
272 4419 420 4477 dedit
440 4424 676 4479 studium
703 4424 959 4481 discendo
983 4440 1049 4481 ex
1078 4433 1318 4497 tempore
1341 4425 1472 4497 juri.

123 4504 326 4579 Quique
347 4513 620 4583 pudicitia
644 4515 855 4586 populis
878 4517 1200 4572 documenta
1231 4518 1476 4580 daturus,

124 4595 187 4653 Et
209 4605 342 4659 casti
378 4615 634 4663 cauturus
659 4617 777 4662 erat
804 4609 1022 4664 decreta
1049 4609 1261 4677 cubilis,

123 4684 315 4747 Ordine
336 4696 603 4766 ιιι·ωοίρυο
634 4697 820 4767 legalis
850 4697 1055 4774 foedera
1084 4698 1206 4754 lecti

125 4774 375 4854 Suscipit,
397 4794 452 4841 et
471 4799 623 4844 casta
644 4788 810 4842 vitam
834 4763 958 4845 cuni
979 4787 1205 4861 conjuge
1228 4794 1455 4856 ducens,

123 4865 246 4928 Jura
265 4876 520 4948 voluptati
542 4866 787 4952 perinisit
807 4883 952 4938 nulla
979 4880 1219 4941 nefanda:
1243 4906 1258 4956 ;

123 4957 401 5034 Gignenda:
429 4980 636 5028 tantum
657 4981 942 5031 contentus
968 4974 1146 5032 vivere
1172 4983 1330 5050 proli.

187 5115 274 5174 26.
307 5122 542 5194 Cumque
563 5127 736 5183 virum
758 5126 866 5186 late
887 5129 1122 5202 parentis
1151 5135 1221 5192 ad
1242 5131 1435 5194 omnia
1465 5137 1623 5184 term

185 5281 209 5304 .
236 5270 336 5304 Dll-
357 5277 673 5304 ι...ηΑ..“.-¹-..

1802 4127 1932 4184 Post
1955 4124 2119 4180 funus
2138 4123 2340 4180 functis
2372 4139 2527 4180 usum
2559 4123 2855 4179 concedere
2881 4121 3020 4177 lucis
3049 4139 3065 4176 :

1801 4220 1994 4278 Omnia
2020 4219 2113 4290 qui
2133 4227 2367 4289 poterat,
2394 4227 2582 4275 sancto
2602 4217 2750 4275 dedit
2775 4217 2959 4273 omnia
2985 4230 3170 4289 posse.

1720 4347 1777 4410 D
1803 4310 2003 4368 Sancte
2027 4312 2206 4382 gregis
2229 4319 2392 4378 tutor,
2424 4311 2516 4380 qui
2539 4311 2662 4383 jure
2687 4309 2902 4366 vocaris
2926 4308 3174 4410 Amator,
3211 4314 3214 4318 '

1804 4402 1921 4460 Non
1961 4403 2075 4460 auri
2109 4412 2203 4458 aut
2226 4403 2432 4468 mundi,
2461 4417 2651 4458 verum
2682 4411 2834 4458 trans
2853 4400 3035 4458 omnia
3074 4397 3321 4468 Christi;
3371 4407 3374 4410 ’

1803 4496 1882 4552 Nc
1906 4496 2040 4550 mihi
2062 4510 2343 4561 succense,
2375 4495 2442 4550 de
2470 4502 2523 4567 te
2550 4508 2822 4566 perpauca
2845 4491 3109 4562 loquenti.

1803 4587 2088 4645 Gestorum
2114 4587 2249 4644 mihi
2274 4587 2429 4644 dulce
2453 4585 2590 4641 foret
2630 4593 2981 4641 monumenta
3010 4591 3282 4647 tuorum,

1803 4680 1871 4735 Et
1896 4680 2020 4734 vitae
2051 4686 2223 4734 totum
2252 4680 2462 4752 plectro
2497 4692 2818 4748 percurrere
2845 4683 3099 4740 textum;

1805 4774 1912 4830 Sed
1945 4779 2163 4827 revocat
2193 4770 2398 4844 sumpti
2428 4770 2597 4825 series
2627 4771 2881 4844 perlonga
2903 4765 3122 4822 laboris
3160 4789 3197 4840 ς

1803 4864 1916 4920 Nec
1943 4863 2072 4919 sinit
2101 4876 2133 4916 a
2159 4877 2347 4939 coepto
2376 4876 2647 4931 quoquam
2683 4861 2976 4920 deﬂectere
2996 4855 3230 4924 calle-

1805 4956 1872 5012 Et
1899 4966 1950 5013 te
1975 4955 2366 5032 graudiloquos
2393 4953 2584 5009 vellem
2616 4957 2851 5014 nutrisse
2881 4959 3112 5027 poetas,

1805 5049 1905 5117 Qui
1933 5049 2028 5104 tibi
2057 5049 2362 5110 multicana
2384 5058 2603 5118 possent
2625 5051 2832 5121 garrire
2860 5055 3188 5104 cammna-

1805 5143 2030 5202 Vatibus
2050 5153 2111 5199 ut
2131 5161 2353 5216 careas,
2379 5152 2652 5201 rectorum
2673 5157 2760 5204 est
2777 5147 2940 5218 culpa
2975 5147 3310 5212 tuorum
3339 5140 3398 5178 ‘°

3401 5267 3568 5304 “me
