3904 5304
561 431 585 487 I
605 423 698 487 M7
1550 427 1776 484 HERICI
1817 421 2122 482 MONACIII
2160 413 2815 475 ANTISSIODORENSIS
3598 409 3694 464 1148

559 545 654 601 llis
685 546 824 601 aliud
849 546 1092 601 dabimus
1116 554 1431 616 tempusque
1454 543 1738 612 locumque
1765 539 2016 612 querelis.

557 635 636 690 Tu
664 647 840 692 tamen
866 639 1068 693 interea
1099 639 1453 707 praesentibus
1484 645 1653 699 utere,
1682 644 1886 704 pastor,

557 727 880 794 Obscquiis;
908 737 960 782 et
989 729 1032 783 si
1061 745 1165 798 qua
1197 744 1316 782 meo
1344 727 1601 796 condigna
1640 724 1807 778 relatu

552 816 634 871 Ad
665 817 833 871 nostri
866 827 1116 887 poterunt
1146 818 1409 888 priceonia
1439 831 1658 871 currere
1682 815 1857 870 Patris
1883 827 1908 855 α

554 903 826 960 Laudibus
851 906 941 960 illa
976 907 1082 962 tuis
1109 909 1364 961 accedere
1388 923 1566 976 posse,
1598 915 1805 975 putato.

553 995 630 1049 Tu
663 995 849 1068 pater;
879 996 966 1051 ille
993 1009 1114 1050 tuus
1136 1013 1229 1066 per
1259 997 1530 1051 Christum
1557 997 1786 1065 denique
1818 1004 1996 1060 natus,

549 1088 721 1142 Crede
752 1089 900 1153 mihi,
934 1106 1138 1159 magna:
1162 1100 1445 1160 reputatur
1471 1090 1644 1158 portio
1679 1088 1870 1153 laudis,

548 1177 681 1232 Cum
714 1180 879 1248 patris
908 1181 958 1234 in
985 1179 1176 1235 faciem
1210 1183 1317 1234 uati
1352 1180 1601 1236 laudatur
1625 1182 1819 1250 imago.

546 1268 808 1324 Narrandi
842 1283 1092 1341 carptum.
1120 1283 1322 1342 repetat
1358 1273 1468 1342 jam
1501 1288 1650 1327 musa
1679 1282 1936 1327 tenorem.

612 1359 703 1418 29.
737 1362 955 1418 Insanos
983 1364 1116 1417 ritus
1139 1372 1192 1418 ct
1217 1365 1371 1419 noxia
1402 1365 1601 1418 hulicra
1623 1365 1794 1419 sancti

542 1451 708 1522 Egre
735 1452 841 1507 fert
863 1456 1074 1509 animus
1100 1473 1112 1520 ;
1146 1467 1246 1509 nec
1273 1457 1479 1510 distulit
1518 1457 1602 1510 ille
1633 1457 1888 1525 superbos

539 1539 812 1611 Ineoeptus
844 1545 955 1598 miti
980 1546 1091 1615 jam
1124 1555 1234 1600 tum
1261 1555 1602 1617 Compescere
1630 1546 1764 1610 fatu,

491 1629 494 1632 ’
542 1632 762 1689 Talibus
782 1651 1090 1706 aggressus,
1116 1648 1331 1709 captato
1363 1649 1620 1708 tempore,
1647 1639 1865 1693 verbis:
1947 1639 1950 1642 ’

538 1721 671 1777 Cum
705 1733 756 1778 te
783 1723 1056 1781 frenandis
1085 1728 1324 1783 Romana
1349 1729 1605 1782 industria
1638 1730 1798 1783 terris

535 1809 796 1877 Praetulit,
828 1824 882 1869 et
925 1819 1115 1886 patria:
1163 1827 1476 1890 patremque
1529 1820 1824 1889 ducemque
1880 1819 2108 1889 tuendte,

537 1901 777 1959 Credidit
797 1922 915 1962 esse
937 1909 1111 1964 virum
1137 1927 1150 1976 ;
1184 1927 1282 1967 nec
1317 1927 1402 1968 res
1425 1922 1534 1968 tum
1558 1914 1779 1979 credita,
1807 1929 1935 1971 vero

533 1991 758 2050 Abstitit
782 2013 794 2049 :
822 2012 941 2053 esse
968 1999 1146 2054 virum
1173 2011 1224 2057 te
1257 2002 1487 2072 denique
1514 2005 1678 2060 multa
1708 2014 2004 2073 coarctant,

534 2088 668 2143 Cum
699 2091 886 2147 titulus
919 2095 1148 2163 generis,
1176 2107 1285 2152 tum
1316 2098 1493 2167 magni
1523 2096 1733 2153 cnlmcn
1762 2100 2001 2168 honoris,

535 2179 624 2245 Et,
653 2183 797 2250 quod
827 2192 1117 2255 utrmuque
1141 2187 1297 2254 regit,
1321 2187 1514 2244 divinis
1543 2192 1942 2245 accumulatum

532 2269 764 2341 Iugeniis
802 2284 1012 2342 pectus,
1039 2292 1297 2346 mensque
1326 2281 1502 2334 omnis
1527 2281 1742 2335 conscia
1768 2282 1919 2336 recti.

531 2361 654 2416 Sola
682 2365 838 2420 virile
869 2368 1030 2422 decus
1065 2367 1254 2424 levitas
1279 2369 1549 2441 fuadatque
1580 2372 1872 2442 fugatque;

529 2453 675 2523 Sola,
706 2457 945 2528 inquam,
972 2461 1176 2517 levitas.
1203 2465 1395 2518 Insano
1421 2468 1660 2536 proxima
1692 2468 1840 2523 testis

525 2546 884 2618 Abstirpanda
915 2553 1049 2617 suis,
1071 2567 1161 2618 en,
1189 2570 1311 2609 cum
1343 2555 1613 2612 radicibus
1643 2559 1824 2622 arbos,

527 2635 932 2709 Quamprimum
960 2645 1102 2713 potis
1129 2655 1232 2700 est.
1265 2647 1551 2703 Sectentur
1582 2649 1706 2704 talia
1736 2649 1842 2703 divi

525 2729 774 2788 Numinis
809 2744 1102 2806 expertes;
1154 2737 1297 2794 aliud
1346 2738 1456 2811 [B.,
1507 2755 1613 2794 non
1665 2739 1788 2812 ista]
1841 2737 2103 2809 professio

1807 2829 2031 2901 [nostrae

527 2913 866 2986 Relligionis‘
893 2926 1062 2986 amat,
1089 2934 1213 2976 cum
1267 2920 1386 2992 [ηπ.
1444 2919 1594 2987 Lob.,
1629 2919 1737 2992 cui]
1770 2921 1896 2990 quid
1945 2933 2100 2991 mage

1581 3013 1839 3084 [postulet
1877 3029 2024 3080 usus,

519 3099 791 3165 Quaerenti
818 3101 931 3156 sola
960 3103 1198 3158 occurrit
1229 3105 1506 3159 meditatio
1534 3107 1742 3159 mortis.

521 3192 686 3247 Multa
717 3194 828 3249 suis
853 3196 1089 3264 gravitas
1118 3198 1313 3252 mer-tut
1339 3200 1605 3268 praeconia
1638 3199 1848 3255 smelis:

519 3283 788 3339 Eximium
815 3284 941 3342 fecit
967 3287 1102 3343 levis
1121 3290 1478 3344 inconstantia
1511 3291 1732 3346 nullum.

519 3375 714 3431 Desine
738 3379 1000 3448 proclives
1030 3380 1371 3453 lubricosque
1397 3383 1464 3437 ad
1492 3384 1644 3438 devia
1669 3384 1810 3456 vulgi

513 3463 857 3539 Przccipitare
887 3473 1112 3527 animos.
1137 3473 1243 3531 Res
1276 3484 1358 3530 est
1383 3475 1650 3544 incognita
1674 3478 1802 3531 nulli
1829 3495 1842 3531 :

514 3555 773 3626 Crimina,
815 3577 935 3632 quae
956 3565 1163 3634 magnis
1200 3567 1510 3622 auctoribus
1536 3583 1630 3622 usa
1669 3567 1782 3640 [B.,
1813 3567 1957 3641 acta]
1997 3584 2093 3639 ge—

1807 3672 2000 3717 runtur

565 3667 578 3686 ι
1807 3672 2000 3717 runtur

513 3743 877 3816 Corrumpunt
905 3749 1066 3804 citius
1093 3768 1107 3815 ;
1140 3751 1419 3821 multoque
1449 3753 1743 3809 domestica
1774 3661 1949 3825 pejus,
2003 3703 2018 3730 ’

2152 535 2200 596 Α
2231 531 2502 602 Majestate
2535 531 2704 593 ducis,
2733 529 2776 581 si
2804 526 2995 580 robora
3024 524 3184 580 chara
3213 522 3447 588 ferirent,

2227 622 2283 676 In
2314 637 2406 675 sua
2433 621 2714 674 vertendas
2734 618 3043 672 metuebant
3074 616 3207 670 colla
3233 630 3460 672 secures.

2226 713 2465 768 Cursores
2492 713 2699 780 trepido
2720 717 2936 765 sanctus
2961 719 3172 778 torpore
3194 717 3441 778 paventes

2225 810 2295 864 Ut
2323 809 2473 871 vidit,
2500 818 2701 876 raptam
2735 808 2936 876 primus
2964 814 3170 859 tentare
3201 804 3479 872 bipennem

2222 900 2420 962 Ausus,
2452 908 2506 952 et
2544 899 2740 966 injecto
2765 896 3008 952 violanda
3039 897 3088 949 in
3123 896 3315 948 robora
3348 894 3502 956 ferro,

2221 990 2338 1046 Jam
2370 1001 2608 1047 vestrum
2641 1005 2796 1044 nemo
2826 990 3029 1043 dubitet
3056 988 3352 1049 succidere,
3385 987 3526 1040 dixit.

2221 1084 2277 1138 In
2304 1094 2463 1154 caput
2487 1085 2586 1137 hoc
2617 1099 2780 1136 unum
2813 1097 2964 1136 noxa:
2991 1088 3266 1150 reputetur
3289 1079 3470 1147 origo:

2222 1175 2416 1240 Dicite,
2449 1191 2532 1228 me
2555 1175 2749 1229 fecisse
2777 1174 2948 1228 nefas.
2981 1172 3092 1226 Hoc
3113 1173 3290 1240 inquit
3317 1189 3332 1224 :
3365 1179 3416 1224 et
3436 1170 3591 1228 omnis

2219 1268 2407 1323 Paruit
2436 1267 2695 1337 imperiis,
2745 1266 2870 1322 licet
2914 1265 3158 1321 insecura
3193 1262 3307 1335 (8.,
3341 1263 3568 1332 quamvis
3601 1258 3718 1319 mlit-

3247 1355 3450 1428 [cauta)
3461 1396 3471 1418 ,
3482 1355 3672 1423 iubentis

2221 1451 2418 1505 Turba.
2451 1451 2620 1505 Sonat
2641 1449 2847 1505 crebris
2873 1450 3044 1505 accisa
3068 1449 3395 1517 bipennibus
3421 1446 3583 1511 arbos,

2217 1543 2435 1613 Ictaque
2461 1542 2554 1599 dat
2580 1545 2806 1614 gemitus
2833 1559 2845 1604 ;
2871 1552 2924 1596 et
2953 1557 3071 1596 cum
3095 1541 3386 1595 durissima
3415 1539 3564 1603 ferro,

2216 1632 2460 1688 Pondere
2491 1642 2600 1687 tum
2643 1633 2860 1702 proprio
2892 1633 3049 1693 victa,
3071 1630 3459 1698 occubuitqne,
3484 1629 3671 1697 ruitque.

2216 1723 2351 1779 Tum
2376 1727 2606 1794 primum
2633 1725 2848 1778 admisit
2877 1723 3034 1778 solari
3060 1737 3283 1776 inlinere
3301 1729 3442 1775 tacta

2219 1816 2442 1870 Subdita
2475 1827 2617 1871 terra
2645 1817 2825 1881 diem;
2861 1814 3020 1868 rebus
3054 1823 3163 1867 tum
3203 1812 3431 1882 praebita
3457 1811 3590 1866 vanis

2138 1885 2187 1949 Β
2214 1906 2423 1973 Interit,
2453 1917 2506 1962 et
2535 1909 2752 1962 meritos
2780 1909 2940 1961 arbor
2961 1905 3226 1962 conﬂatur
3253 1905 3310 1959 in
3345 1906 3511 1974 ignes.

2215 1998 2450 2068 Qumque
2479 1999 2633 2052 allixa
2665 2000 2752 2052 diu
2783 1997 2993 2053 fuerant
3021 1996 3204 2051 oscilla
3247 1996 3507 2058 ferarum,

2211 2092 2490 2148 Pontificis
2505 2093 2657 2160 jussu
2688 2101 2797 2146 tota
2820 2091 3092 2161 pelluntur
3120 2089 3189 2144 ab
3211 2093 3372 2144 urbe.

2211 2182 2336 2238 Haec
2362 2199 2486 2238 rure
2515 2183 2745 2237 abducto
2768 2183 2966 2236 tiehant
2993 2182 3238 2252 principe
3265 2191 3484 2237 cuncta.

2280 2276 2368 2330 51.
2396 2275 2584 2338 Fama,
2624 2274 2749 2343 quid
2781 2274 2831 2327 in
2863 2275 3002 2329 casio
3038 2290 3216 2328 rerum
3256 2277 3549 2344 pelagoque
3569 2281 3722 2343 geram

2209 2365 2276 2422 Et
2310 2367 2516 2427 tellure,
2549 2366 2710 2430 videt,
2739 2367 2944 2435 totique
2970 2374 3053 2420 est
3083 2367 3308 2422 conscia
3342 2366 3566 2428 mundo;

2208 2457 2467 2527 Quodque
2497 2472 2722 2526 usquam
2766 2465 2870 2521 est,
2918 2465 3031 2512 toto
3077 2471 3402 2528 quanquam
3447 2457 3516 2511 sit
3553 2455 3608 2510 ab
3634 2454 3721 2508 orbi

3415 2550 3672 2622 [mutuum

2205 2643 2446 2714 Inspicit,
2480 2646 2640 2716 inque
2664 2661 2824 2702 cavas
2866 2656 3109 2717 penetrat
3140 2646 3406 2701 maletida
3439 2647 3652 2698 latebras.

2206 2736 2398 2792 Omnia
2427 2753 2548 2792 cum
2573 2738 2777 2803 didicit,
2809 2753 2934 2792 mox
2961 2739 3211 2792 omnibus
3239 2739 3429 2793 omnia
3459 2735 3636 2807 pandit.

2205 2828 2287 2892 Et,
2316 2831 2441 2899 quia
2466 2831 2732 2886 dicentem
2767 2832 3008 2900 sequitur
3038 2831 3296 2884 nonnulla
3336 2829 3574 2884 venustas

2205 2917 2520 2980 Verborum,
2556 2916 2858 2987 crescitque
2889 2917 3039 2972 novis
3072 2917 3328 2971 facundia
3366 2917 3554 2978 causis,

2203 3006 2366 3062 Multa
2397 3007 2530 3064 fides
2558 3009 2631 3063 illi
2657 3011 2812 3080 vulgo
2843 3009 3114 3079 przebetur
3144 3008 3214 3060 ah
3241 3008 3415 3061 cunni.

2202 3099 2318 3156 Non
2343 3117 2406 3156 ea
2431 3118 2544 3157 rem
2577 3102 2812 3158 clamore
2840 3103 2998 3174 gerit,
3025 3103 3118 3156 sed
3147 3116 3438 3155 murmure
3465 3097 3611 3161 vocis,

2205 3190 2399 3248 Nescio
2427 3195 2574 3262 quid,
2618 3211 2839 3250 raucum
2863 3203 2916 3248 et
2941 3209 3102 3264 grave
3129 3191 3453 3246 coruicatur
3478 3190 3650 3258 inepta:

2122 3256 2167 3320 C
2202 3284 2344 3339 Mille
2373 3285 2538 3340 trahit
2563 3301 2744 3340 secum
2775 3301 3037 3347 rtunores,
3063 3284 3218 3337 mille
3248 3297 3538 3337 susurros:

2200 3375 2465 3447 Mistaque
2496 3394 2617 3430 cum
2645 3376 2784 3431 veris
2831 3377 3036 3446 pariter
3066 3390 3289 3445 quoque
3328 3372 3464 3428 falsa
3510 3374 3716 3442 geruntur.

2199 3469 2444 3539 Cumque
2467 3469 2620 3523 novis
2645 3484 2843 3523 vacuas
2871 3465 3056 3538 implet
3086 3467 3441 3520 sermonibus
3469 3475 3624 3523 auras,

2199 3561 2506 3618 Succedunt
2529 3563 2754 3617 comites
2791 3577 3182 3631 nonnunquam
3215 3561 3416 3632 gaudia
3447 3567 3621 3614 Cassa:

2197 3656 2352 3712 Nunc
2376 3660 2572 3724 timor;
2600 3655 2869 3713 interdum
2900 3655 3081 3710 rabies
3118 3656 3301 3709 invisa
3334 3651 3566 3708 furoris:

2191 3747 2432 3810 Advolat
2457 3751 2569 3805 hare
2583 3750 2790 3819 juveni,
2820 3747 3002 3805 inflicti
3027 3751 3340 3819 pmmuntia
3365 3746 3545 3802 damni
3569 3762 3580 3797 :

512 3836 724 3894 Extima
765 3856 930 3911 quam
983 3853 1250 3915 serpunt;
1304 3847 1552 3903 homines
1597 3861 1718 3902 cum
1763 3858 1958 3918 sponte
2007 3861 2092 3904 se-
2195 3841 2419 3898 Arboris
2471 3859 2662 3898 occasu
2714 3853 3060 3912 spretumque
3117 3843 3317 3898 ducem
3353 3841 3622 3905 lzesumque
3653 3826 3718 3884 ιτὶ-

1857 3955 2020 3999 uaces

1857 3957 1925 3995 ua

509 4019 934 4080 Praemonstrata
961 4027 1154 4083 ducum
1174 4031 1390 4100 rapiunt
1409 4032 1655 4101 exempla
1689 3940 1927 4087 summm.

507 4109 648 4183 Ergo
673 4129 792 4182 age,
823 4124 879 4171 et
904 4119 1142 4186 omissis,
1168 4136 1286 4190 quae
1311 4122 1513 4178 ludicra
1544 4140 1774 4194 cumque
1806 4132 2087 4195 putantur,

507 4202 552 4257 Ο
583 4215 842 4272 praestans
861 4210 1044 4274 animi,
1078 4215 1434 4282 complectere
1457 4217 1596 4271 seria
1625 4225 1853 4272 tantum.

503 4293 609 4350 Ista
633 4311 1036 4369 repraesentant;
1068 4307 1261 4375 quierit
1288 4308 1588 4378 respublica
1613 4309 1851 4379 qualem,

506 4384 671 4458 Signa
699 4392 874 4448 virum
898 4405 912 4460 ξ
944 4396 1082 4452 satis
1101 4398 1201 4452 ista
1240 4400 1432 4455 decent
1462 4402 1512 4455 in
1536 4402 1777 4471 principe
1802 4402 1972 4473 signa.

504 4476 836 4550 Sarpiuslsta
863 4487 963 4541 viri
985 4491 1178 4558 praesul
1201 4491 1438 4545 stillabat
1459 4493 1512 4546 in
1539 4507 1722 4547 aurem
1745 4509 1760 4560 ;

499 4569 592 4654 Ille
620 4566 723 4628 le'vi
745 4574 892 4632 ferre
914 4579 962 4642 ιδ,
989 4584 1262 4652 et'eurptis
1287 4583 1487 4639 instare
1512 4585 1757 4654 superbis
1781 4603 1794 4639 :

497 4652 658 4718 Irrita
677 4673 801 4714 nam
821 4661 1024 4720 celem
1052 4669 1330 4736 rapiebant
1359 4669 1540 4724 omnia
1567 4652 1729 4724 venti.

569 4749 658 4804 50.
683 4752 841 4809 Certa
872 4755 975 4811 fuit
993 4754 1182 4814 Inveni
1213 4762 1419 4815 visendi
1444 4763 1642 4832 prmdia
1667 4761 1899 4832 quadam

500 4839 672 4899 Causa
696 4844 816 4910 die;
857 4847 1012 4916 cujus
1041 4853 1256 4904 tandem
1280 4868 1596 4922 progressus
1623 4855 1689 4907 ab
1712 4852 1845 4908 urbe

500 4930 705 4987 Obtulit
738 4944 978 5004 optatam
1008 4943 1148 4996 votis
1171 4957 1382 5012 quoque
1411 4945 1650 5012 prtesnlis
1677 4945 1902 4999 horam:

498 5019 675 5072 Utnue
702 5035 820 5072 erat
841 5029 890 5072 in
922 5029 1127 5072 nnmini
1154 5026 1321 5072 caluit.
1353 5036 1558 5072 nloﬂvnc
1587 5053 1768 5072 ηηιηιιο

2497 3935 2683 4006 [lmual
2703 3935 2814 4007 (3.,
2836 3944 3073 4005 spretum
3104 3934 3415 4004 laesumque
3441 3925 3674 3994 tribunal).

2193 4023 2258 4078 Et
2286 4024 2494 4079 sublata
2524 4027 2605 4080 sui
2637 4027 2883 4094 queritur
2911 4025 3049 4080 male
3068 4025 3197 4095 jura
3233 4025 3492 4092 timoris;

2191 4112 2303 4169 Nec
2335 4114 2450 4170 fore
2475 4131 2533 4171 se
2559 4117 2783 4186 posthac
2810 4115 2970 4171 ullius
2992 4116 3044 4170 in
3074 4117 3214 4172 orbe
3234 4108 3464 4186 vigoris,

2191 4203 2250 4260 Si
2276 4221 2382 4260 non
2431 4207 2642 4262 censori
2701 4206 2816 4278 [pro
2857 4205 3120 4278 censorii]
3172 4205 3290 4276 jam
3326 4216 3442 4262 tum
3496 4209 3719 4261 temerant

2219 4315 2224 4320 ·
2385 4343 2390 4348 .
3472 4283 3673 4370 [honoris

2188 4377 2518 4458 Supplicium
2544 4390 2637 4444 toti
2661 4389 2855 4460 pratsul
2878 4390 3210 4460 dependeret
3241 4393 3390 4447 urbi.

2183 4479 2418 4551 Occupat
2449 4481 2524 4534 ira
2549 4483 2721 4535 virum
2747 4499 2763 4548 ;
2805 4479 3028 4552 seseque
3067 4482 3309 4538 ferocior
3340 4484 3474 4554 ipso,

2102 4612 2156 4673 Π
2181 4574 2567 4641 Inlremuitque
2601 4575 2804 4640 minax,
2841 4579 3109 4643 traxitque
3155 4591 3252 4646 per
3277 4593 3378 4628 ora
3414 4573 3662 4628 ruborem:

2186 4662 2257 4719 Ut
2277 4662 2457 4718 fremit
2482 4678 2606 4717 acer
2627 4679 2811 4732 equus,
2838 4681 2960 4718 cum
2984 4663 3211 4719 Martius
3231 4667 3344 4721 :er‘e
3371 4677 3559 4719 canore

2186 4754 2348 4825 Signa
2377 4765 2556 4810 movet
2585 4755 2818 4820 tubicen,
2864 4771 3162 4827 pugngcque
3199 4755 3428 4810 insumit
3457 4752 3557 4824 (8..
3578 4749 3714 4804 inuam

3288 4848 3417 4919 {dit}
3443 4857 3668 4901 antorem.

2180 4931 2296 4988 Non
2326 4934 2472 4988 illum
2504 4935 2680 5005 magni
2714 4935 3013 4990 reverentia
3043 4935 3416 5006 pontiﬁcatus,

2181 5025 2296 5072 Non
2320 5037 2518 5072 sanctm
2542 5029 2754 5072 onliilmt
2790 5039 3063 5072 νιιςηοριιις
3093 5030 3396 5072 mllioinnic
3422 5044 3436 5072 ξ
