3904 5304
617 205 753 267 1Ῐῖΐῖ

610 328 830 400 Coram,
861 349 981 405 qua:
1011 337 1189 406 vellet,
1229 356 1350 398 cum
1384 344 1523 401 facta
1547 356 1630 404 cst
1653 351 1805 422 copia
1829 352 2010 421 fandi,

610 422 832 482 Talibus
855 431 1164 501 aggreditur
1189 451 1202 489 :
1231 434 1426 504 Nolim,
1457 443 1598 508 quod
1620 444 1882 512 venimus,
1911 448 2120 518 inquit,

606 512 814 572 Eventu
838 521 977 577 reris
1003 534 1052 587 α,
1078 523 1162 579 vir
1189 531 1656 601 praestantissime,
1699 535 1897 593 factum
1927 558 1939 594 :

605 603 763 662 Seria
790 624 878 667 res
906 621 1222 688 tantumque
1257 619 1379 686 vim,
1405 630 1723 698 tantumque
1751 627 1950 686 laboris

605 695 838 757 Sumere
866 719 966 761 nos
986 710 1215 765 monuit.
1246 711 1508 772 Decessus
1536 729 1776 791 tempora
1813 725 1984 781 nostri

602 786 865 849 Conditor
884 797 1167 867 accelerat,
1198 805 1443 874 gravium
1466 809 1771 882 molemque
1799 813 2043 874 laborum

600 877 735 968 Pinc
760 881 922 953 levat,
953 885 1186 961 ﬁnisque
1205 893 1348 950 diem
1371 877 1697 968 praediscere
1717 905 1899 963 donat.
1949 900 1954 908 ’

599 965 710 1026 Nec
737 980 845 1028 tam
880 989 1145 1047 suprema:
1171 997 1292 1039 sors
1321 965 1599 1048 tat—vicinia
1633 997 1859 1065 mortis,

599 1059 772 1128 Quam
808 1079 906 1122 nos
934 1082 1064 1125 cura
1092 1072 1167 1143 pii
1190 1084 1313 1146 post
1340 1095 1440 1137 nos
1462 1059 1901 1154 percellitovilis.

597 1148 666 1205 Et
692 1152 817 1222 quia
840 1161 1244 1230 magnanimum
1271 1183 1378 1224 non
1401 1148 1483 1227 est
1512 1188 1802 1250 permagna
1828 1181 2069 1241 virorum

593 1241 783 1342 Copia,
805 1248 928 1319 quis
948 1263 1148 1312 sach
1174 1261 1437 1318 committi
1463 1241 1900 1342 regminavplebis

589 1332 720 1392 Jure
745 1350 966 1410 queant,
995 1359 1059 1401 ac
1081 1347 1249 1404 multa
1271 1367 1427 1425 seges
1450 1332 1684 1432 fortique
1705 1332 1955 1438 bonoque

588 1424 796 1500 lndiget
835 1434 1100 1505 agricola;
1139 1455 1228 1497 res
1251 1424 1476 1517 estquae
1496 1424 1734 1511 maxime
1762 1424 1884 1528 (8.:
1909 1474 1997 1516 me
2036 1459 2172 1519 Iler-

1663 1545 1826 1622 [cule)
1860 1561 2097 1610 vestram

587 1611 770 1716 Poscit
795 1633 988 1689 opem;
1013 1627 1228 1694 quando
1256 1630 1460 1703 injussu
1491 1653 1596 1693 non
1627 1611 1889 1716 principis
1915 1647 2062 1708 illam

585 1700 760 1761 Moliri
785 1710 927 1778 potis
956 1723 1040 1769 est
1068 1733 1081 1770 :
1113 1700 1322 1776 tantum
1343 1725 1449 1782 fert
1477 1739 1654 1787 vestra
1677 1700 1888 1794 decoris

582 1795 852 1898 biajestas,
879 1805 1104 1881 ipsoque
1133 1828 1232 1870 suo
1258 1817 1323 1874 ﬁt
1347 1824 1586 1891 pondere
1607 1827 1798 1898 pluris.

581 1889 806 1962 Summa
859 1899 936 1954 rei
965 1910 1049 1958 est
1096 1920 1112 1960 :

1927 2019 2085 2095 Item)

575 2074 849 2140 Germano
871 2084 1032 2145 liceat
1056 2090 1178 2150 ﬂavi
1194 2096 1503 2172 decerpere
1525 2107 1694 2164 crinis

571 2168 862 2234 Caesariem
892 2198 906 2234 :
937 2197 1034 2241 vas
1055 2185 1145 2243 ille
1176 2189 1288 2249 Deo
1317 2193 1624 2271 lectumque
1658 2218 1979 2280 sacrumque

578 2259 688 2280 η..
818 2268 859 2280 .-
926 2272 940 2280 -
1008 2275 1019 2280 -
1130 2277 1147 2280 -

578 2259 772 2324 Usibus
815 2268 1072 2334 Ecclesiae
1129 2277 1217 2353 [Β.
1229 2322 1245 2351 ,
1269 2299 1337 2342 ac
1367 2259 1596 2366 pariter]
1648 2259 2153 2362 stu'diismlconducet

1795 2394 2078 2469 [honestis.

637 2449 726 2508 36.
763 2455 996 2532 Diriguit
1033 2469 1270 2530 novitate
1293 2477 1391 2544 rei,
1436 2481 1773 2557 multumque
1795 2449 2146 2563 Lretractans,

565 2539 886 2617 Quanquam
937 2553 1092 2627 dixit,
1129 2573 1244 2619 erat
1277 2582 1449 2650 regno
1485 2576 1826 2642 gratissimus
1853 2584 2034 2652 omni;

565 2632 626 2652 ,υ
666 2637 679 2649 .
725 2638 737 2651 .
792 2639 806 2652 .
1140 2651 1143 2652 ν

563 2632 770 2718 Divinis
791 2639 1026 2703 humana
1055 2651 1206 2710 nefas
1229 2632 1488 2728 przeferre
1512 2675 1783 2734 putamus.

561 2723 827 2792 Quocirca
863 2738 1026 2806 quod,
1058 2723 1374 2816 ﬂante—Deo,
1404 2723 1697 2822 pratitoscis
1727 2765 1994 2832 agendum
2021 2807 2035 2834 ,

558 2820 817 2881 Accelera
852 2847 866 2886 :
898 2830 1074 2891 oﬁicio
1097 2853 1203 2892 non
1234 2841 1622 2906 defraudabere
1646 2865 1853 2912 nostro.

561 2913 700 2972 Volo
727 2922 1043 2994 perfruitus,
1069 2941 1361 3005 notamque
1396 2939 1596 2998 relatus
1634 2947 1700 3000 ad
1742 2949 1960 3020 urbem,

557 3003 749 3078 Ampla
775 3027 874 3082 per
902 3017 1145 3076 ecclesiae
1170 3003 1484 3086 solentniter
1517 3035 1654 3090 atria
1677 3037 1888 3108 plebem

557 3094 716 3155 Stare
736 3099 892 3170 jubet
916 3121 1187 3182 cunctam,
1219 3127 1470 3192 cmtuque
1503 3140 1570 3180 ex
1593 3094 1745 3187 molre
1769 3146 1990 3204 coacto,

551 3186 719 3291 lnque
746 3211 912 3255 unum
933 3207 1144 3263 cunctis
1166 3213 1337 3269 aciem
1363 3219 1724 3291 tendentibus,
1756 3227 1873 3284 inﬁt
1906 3248 1919 3284 :

552 3279 776 3344 Fratres
804 3298 855 3347 et
882 3292 986 3364 ﬁli,
1013 3300 1227 3360 sudoris
1254 3311 1474 3376 praemia
1499 3317 1704 3385 nostri,

553 3369 764 3478 Sumite
813 3397 950 3452 rem,
983 3391 1210 3450 modicis
1240 3394 1400 3455 liceat
1429 3420 1590 3474 quam
1623 3423 1872 3478 promere
1902 3417 2084 3478 verbis
2114 3438 2127 3476 :

549 3462 678 3523 Post
698 3469 938 3534 inﬁnitos
961 3479 1183 3541 immani
1215 3493 1356 3548 mole
1387 3462 1600 3558 labores

548 3554 730 3675 llfebus
757 3564 811 3620 in
826 3574 1089 3644 angustis,
1115 3595 1252 3651 quos
1278 3585 1381 3643 huc
1408 3590 1754 3655 toleravimus
1781 3617 1985 3675 usque;

544 3648 672 3708 Post
695 3653 1054 3724 inconstantis
1080 3686 1364 3741 permensa
1387 3682 1656 3743 volumina
1681 3692 1804 3748 vitae
1828 3711 1844 3763 ;

544 3739 611 3763 ιιιΔ
625 3759 644 3763 -
655 3753 667 3763 .
828 3755 841 3763 -
994 3757 1064 3763 ι--Α

541 3739 672 3844 Post
692 3755 873 3820 gravis
891 3757 1066 3816 exsilii
1082 3739 1196 3819 non
1226 3768 1375 3826 mitia
1401 3777 1636 3844 pondera
1663 3780 1808 3842 fesso

541 3832 741 3907 Optato
761 3846 992 3913 patriam
1023 3851 1253 3912 donatur
1280 3832 1504 3923 cernere
1528 3885 1730 3930 veram.

541 3923 634 4040 Et.
655 3944 964 4040 quanquam
992 3945 1172 4000 carnis
1200 3961 1480 4021 gratamur
1505 3968 1765 4036 compede
1797 3949 1964 4040 solvi,

542 4015 776 4088 Spiritus
806 4034 866 4082 ut
887 4025 1104 4090 Christo
1129 4015 1405 4101 mereatur
1415 4015 1561 4118 jurev
1574 4015 1802 4128 ﬁcdesse;

1415 4108 1436 4118 -
1591 4108 1766 4115 -ν-πν
1786 4108 1802 4128 ι

536 4108 714 4170 Anxia
739 4126 868 4177 eura
897 4130 1078 4184 tamen
1108 4135 1279 4191 nostri
1311 4154 1409 4197 nos
1437 4146 1585 4217 angit
1612 4149 1789 4208 ovilis.
1878 4199 1881 4202 .

537 4199 682 4314 Ergo
707 4209 869 4311 agite,
899 4224 955 4270 et
982 4222 1115 4278 tanti
1144 4199 1703 4298 inspectantesumillia
1743 4254 1950 4314 coetus,

534 4290 790 4404 Ecclesiae
818 4303 1036 4376 dignum
1075 4326 1198 4385 post
1219 4290 1305 4376 me
1327 4323 1535 4396 signate
1564 4333 1901 4404 magistrum.

533 4381 796 4496 gmnibus
821 4409 976 4465 aeque
1007 4401 1139 4460 viris
1167 4424 1331 4466 unum
1361 4381 1931 4496 prmponiteocunmis,

533 4472 710 4578 fruge
739 4483 1004 4546 salutiferi
1029 4505 1181 4553 certo
1204 4503 1293 4571 qui
1325 4472 1565 4578 tempore
1595 4515 1745 4570 verbi

533 4565 778 4632 Snﬂiciat
813 4583 1009 4639 vestris
1038 4601 1305 4661 propensa
1337 4598 1508 4659 diaria
1534 4611 1755 4666 mensis.

529 4657 818 4766 Dbticuere
846 4688 1072 4733 omnes:
1100 4697 1212 4738 rem
1244 4695 1451 4748 tantum
1480 4709 1700 4766 pectore
1728 4718 1968 4766 versant.

527 4750 641 4822 Ille,
675 4759 752 4815 rei
781 4764 973 4823 melius
999 4772 1084 4825 cui
1111 4773 1234 4831 ﬁnis
1260 4789 1314 4835 et
1336 4750 1752 4864 ordo‘patebat,

525 4845 736 4963 Limina
763 4856 830 4911 ad
861 4859 1103 4920 ecclesiae
1131 4883 1375 4938 gressum
1405 4845 1680 4955 ﬂectitque
1705 4845 1962 4963 citatque.

597 4940 686 5039 37.
733 4943 1088 5020 Prosequitur
1113 4958 1266 5030 plebs
1313 4974 1424 5025 tota
1452 4940 1626 5032 virum
1645 5020 1660 5046 ,
2014 5006 2110 5062 pa-

1845 5094 1902 5134 ra

1845 5095 1872 5133 r

527 5119 675 5229 Sum.
707 5137 898 5229 sancto
915 5145 1201 5229 penetrare
1224 5143 1369 5207 fores
1394 5171 1407 5207 :
1431 5156 1759 5224 instantibus
1790 5077 2036 5229 ilgeabam

802 5209 811 5210 ί
1433 5209 1759 5224 -_-_-_..-..,....
1790 5209 1876 5229 ...υ

526 5209 767 5284 Restitit,
792 5234 856 5275 ac
879 5222 1092 5293 placido
1112 5246 1335 5294 cunctos
1356 5243 1606 5304 aﬂ‘amine
1631 5258 1876 5304 mulcens

1609 225 1837 288 HERICI
1878 229 2184 293 MONACHI
2225 238 2887 311 ANTISSIODORENSIS

3642 284 3727 342 “Si

2215 359 2267 418 Α
2294 361 2496 422 Ordine
2533 382 2724 440 pacato
2745 374 2942 432 divinis
2982 377 3263 438 admittere
3286 388 3452 456 tectis;

2291 457 2363 512 At
2389 476 2524 530 quos
2546 465 2708 522 credis
2732 481 2885 524 amor
2909 470 3143 543 bellique
3177 475 3354 533 insana
3368 482 3531 553 cupido

2289 553 2635 626 lnstimulat,,
2666 561 2792 618 totis
2815 566 3212 636 quamprimum
3235 586 3408 630 arcere
3426 579 3622 638 sacellis:

2287 645 2523 707 Obtentu
2551 654 2804 724 quoniam
2831 655 2969 714 facta
2992 669 3075 716 est
3103 661 3293 720 domus
3312 666 3405 722 ista
3429 675 3648 745 precandi;

2285 739 2402 798 Non
2431 753 2492 800 ut
2511 749 2698 803 vesani
2719 761 2936 820 prazstet
2963 757 3265 825 spectacula
3297 739 3481 820 Martis.

2281 831 2427 907 Ergo
2454 845 2513 892 ut
2538 841 2838 912 magniﬁcis
2866 844 3125 904 interiore
3149 856 3482 910 sacramentis

2280 923 2446 996 Copia
2485 929 2682 1000 cuique
2713 931 2806 988 ﬂat
2854 932 2964 1006 [B.,
3003 935 3142 1011 ﬁet],
3174 939 3295 996 telis
3336 941 3551 1016 ferroque
3573 951 3727 1025 maligno

2279 1015 2584 1076 Exonerata
2603 1039 2816 1080 manus.
2843 1026 3021 1095 Dixit;
3045 1045 3146 1086 nec
3165 1032 3344 1090 dicere
3365 1015 3543 1108 tempus

2279 1107 2438 1167 Plura
2469 1113 2591 1168 tulit
2622 1133 2636 1170 :
2662 1118 2837 1186 posito
2866 1133 2990 1175 nam
3039 1124 3220 1179 cuncti
3249 1127 3469 1196 pondere
3493 1128 3618 1201 ferri,

2278 1202 2420 1260 Ense
2448 1203 2610 1273 latus,
2651 1207 2939 1281 jaculoque
2965 1227 3160 1272 manus
3198 1216 3497 1290 solvuntque
3520 1221 3723 1298 levemque.

2275 1294 2474 1353 Collisu
2497 1315 2770 1356 armorum
2797 1303 2957 1361 tellus
2975 1307 3218 1379 subjecta
3255 1311 3480 1370 retinnit.

2275 1386 2368 1444 Sic
2391 1392 2783 1460 praecedentem
2812 1396 2991 1468 templi
3017 1397 3073 1453 in
3101 1402 3394 1470 penetralia
3422 1415 3640 1481 sanctum,

2271 1476 2435 1536 Plebs
2463 1491 2547 1538 cst
2568 1483 2686 1539 nisa
2715 1487 2889 1556 sequi.
2919 1487 3098 1546 Posita
3119 1490 3234 1561 jam
3258 1493 3429 1553 fronte
3453 1476 3633 1568 minaci,

2272 1569 2498 1630 Nescius
2527 1574 2745 1647 ingenii,
2775 1580 3003 1650 provisae
3023 1585 3244 1641 nescius
3274 1589 3427 1655 artis,

2272 1664 2391 1720 Dux
2414 1666 2620 1734 aderat,
2643 1671 2956 1744 primusque
2977 1677 3122 1733 subit
3157 1697 3170 1734 :
3197 1681 3278 1736 sic
3299 1682 3637 1754 ppstulatordo.

2266 1754 2471 1813 Przesul
2498 1762 2748 1831 sepositis
2774 1762 3100 1824 Germanum
3124 1780 3183 1826 ut
3202 1774 3458 1844 conspicit
3480 1777 3630 1846 armis,

2264 1847 2518 1906 Fortibus
2537 1855 2736 1910 arctari
2769 1858 2952 1928 templi
2973 1857 3129 1928 jubet
3153 1865 3295 1920 ostia
3324 1867 3562 1924 claustris.

2192 1718 2243 1780 B

1164 1909 1400 1977 petimus
1446 1915 1577 1988 (non
1623 1935 1916 1992 aspernare
1967 1938 2161 1998 peten-
2260 1937 2348 1995 Fit
2369 1941 2512 1998 dicto
2535 1944 2716 2013 citius,
2746 1909 3029 2007 mandarat
3057 1955 3200 2024 quod
3228 1955 3534 2016 faciendum.

2260 2032 2393 2102 Quis
2418 2036 2535 2105 tibi,
2567 2054 2758 2112 magne
2777 2043 2910 2112 Leo,
2927 2049 3168 2103 cernenti
3193 2050 3325 2105 talia
3349 2053 3540 2109 vultus?

2258 2125 2388 2192 Quae
2414 2127 2511 2184 tibi
2553 2116 2664 2186 tum
2691 2144 2848 2204 capto
2878 2137 3109 2206 primum
3139 2144 3408 2200 sententia
3436 2146 3560 2201 venit

2255 2217 2493 2276 Plurima
2521 2223 2803 2283 volventi?
2831 2226 2997 2285 Casso
3009 2221 3295 2290 conabere
3319 2246 3517 2291 cuncta.

2256 2313 2314 2369 Si
2339 2317 2531 2374 smvire
2563 2319 2729 2384 voles,
2763 2337 3037 2380 armorum
3065 2327 3273 2398 spicula
3301 2329 3510 2397 desunt;

2254 2406 2380 2461 Sive
2407 2406 2532 2479 fuga
2551 2409 2686 2478 labi,
2727 2421 2875 2482 patet
2899 2415 2988 2470 hic
3011 2431 3116 2472 non
3151 2419 3337 2476 exitus
3355 2437 3576 2504 usquam.-

2251 2497 2600 2560 Mansuescas
2618 2505 2798 2574 potius
2818 2523 2833 2574 ;
2858 2510 3026 2580 magis
3048 2509 3161 2566 hzec
3195 2515 3460 2569 sententia
3479 2499 3659 2585 prestat,

2249 2592 2406 2649 Disce
2431 2596 2651 2666 patique
2675 2614 2917 2666 manum,
2942 2602 3208 2660 humanos
3234 2619 3338 2662 nec
3356 2605 3513 2682 eﬂ'uge
3529 2618 3676 2665 tactus:

2247 2683 2465 2742 Milibus
2494 2686 2695 2745 includi
2718 2692 2916 2760 pudeat
2943 2709 3048 2750 non
3088 2697 3326 2770 denique
3355 2703 3526 2757 caulis.

2246 2775 2353 2832 Res
2375 2778 2489 2833 haec
2515 2779 2805 2837 multorum
2843 2787 3115 2856 quondam
3139 2792 3495 2851 celebrabitur
3513 2811 3608 2862 ore,

2244 2869 2301 2926 Si
2329 2874 2605 2946 contingat
2625 2890 2753 2933 oves
2785 2879 2925 2935 inter
2955 2885 3218 2940 recubare
3238 2886 3471 2955 leonem,

2311 2963 2398 3020 58.
2425 2965 2690 3036 Antistes,
2718 2971 2859 3027 sacri
2882 2973 3207 3034 circumfuso
3231 2981 3444 3050 agmine
3472 2981 3608 3044 cleri,

2160 3091 2211 3158 ο
2241 3054 2415 3126 Vique
2437 3074 2708 3130 manuque
2731 3063 2904 3120 virum
2942 3066 3148 3136 primus
3172 3073 3422 3141 pervadit
3447 3073 3675 3135 inermem,

2241 3145 2434 3219 Magno
2466 3164 2655 3206 ausum
2678 3155 2950 3222 praebente
2977 3155 3116 3224 Deo;
3141 3159 3404 3232 cujuqu
3423 3173 3583 3218 vocato

2240 3237 2491 3309 Nomine,
2530 3241 2745 3300 sublimi
2773 3247 2977 3302 crinem
3009 3248 3076 3304 de
3107 3253 3318 3308 vertice
3348 3269 3578 3325 carpens,

2240 3329 2610 3405 Mutatutnque
2630 3339 2810 3394 animo
2839 3349 3052 3397 mutans
3073 3343 3394 3402 discrimine
3413 3348 3577 3412 vestis,

2236 3423 2550 3482 Promotum
2571 3427 2728 3498 jubet
2746 3447 2864 3489 esse
2891 3436 3086 3504 gradus
3112 3437 3164 3491 in
3195 3439 3404 3496 honore
3431 3439 3611 3496 secundi
3630 3437 3671 3501 1‘;

2239 3513 2542 3573 Sollicitum
2561 3521 2694 3576 satis
2719 3538 2837 3578 csse
2866 3541 3110 3594 monens,
3142 3530 3445 3604 pignusque
3466 3540 3672 3602 receptum

2232 3607 2402 3664 lllaesa
2423 3626 2641 3667 servare
2662 3612 2795 3680 ﬁde;
2829 3617 2971 3685 quod
2993 3619 3237 3688 protinus
3261 3624 3434 3694 ipsum

2235 3699 2414 3757 Sciret
2443 3703 2498 3757 in
2522 3703 2764 3761 ecclesia:
2797 3720 2921 3778 post
2942 3725 3000 3765 se
3024 3711 3137 3766 fore
3165 3716 3408 3784 regmine
3432 3716 3648 3788 primum,

2233 3791 2623 3868 Hreredemque
2654 3798 2780 3869 loci,
2817 3819 3300 3880 successoremque
3333 3810 3571 3881 magistri.

2303 3888 2525 3956 Discite,
2553 3892 2823 3961 doctores,
2845 3893 3300 3972 decretorumque
3324 3901 3552 3969 datores,

2228 3977 2589 4052 Pastoresque
2622 3985 2802 4058 gregis
2831 3987 2948 4060 (sed
2977 3991 3129 4046 multi
3156 3995 3376 4052 nomine
3401 4003 3596 4063 tantum)

2229 4071 2452 4146 Mystica
2484 4079 2578 4148 qui
2609 4079 2834 4136 rudibus
2860 4085 3122 4140 committi
3149 4102 3315 4156 posse
3333 4090 3525 4161 negatis

2228 4162 2582 4224 Sacramenta
2605 4169 2698 4226 Dei
2723 4171 2929 4243 (verum
2953 4192 3053 4231 nec
3073 4177 3125 4232 id
3155 4194 3276 4235 esse
3305 4180 3561 4251 negamus)

2225 4255 2427 4314 Discite
2453 4257 2675 4330 Spiritui
2706 4264 2800 4320 sed
2831 4279 2926 4322 vos
2949 4267 3268 4328 submittere
3295 4283 3507 4338 sancto;

2224 4347 2390 4419 Cujus
2413 4366 2547 4423 opus
2575 4353 2659 4410 lex
2681 4367 2788 4424 est,
2814 4367 2867 4414 et
2900 4361 3232 4433 dispensatio
3261 4384 3474 4434 norma;

2141 4462 2198 4523 Β
2221 4440 2398 4513 Atque
2436 4443 2527 4500 ubi
2569 4446 2698 4516 vult,
2731 4450 2933 4520 spirat;
2976 4458 3233 4527 quoniam
3261 4458 3494 4530 Natoque
3528 4455 3705 4524 Patrique

2225 4532 2508 4604 Majestate
2530 4539 2647 4609 pari
2669 4545 3030 4602 communicat
3053 4566 3068 4602 :
3096 4549 3259 4620 inque
3280 4551 3508 4607 docendo

2223 4624 2340 4683 Non
2385 4639 2507 4701 eget
2532 4631 2622 4688 ille
2649 4649 2802 4690 mora
2833 4655 2848 4692 :
2882 4640 3139 4708 quoniam
3175 4644 3431 4716 tetigisse,
3449 4644 3609 4698 dooere
3627 4643 3700 4697 δίς

2220 4716 2289 4773 Et
2313 4719 2570 4790 voluisse,
2613 4739 2773 4796 agere
2801 4742 2816 4782 :
2845 4737 2898 4784 et
2930 4739 3125 4798 mutat,
3153 4749 3276 4789 cum
3317 4736 3529 4805 denique
3552 4733 3702 4785 lustrat.

2288 4810 2378 4867 39.
2435 4813 2618 4885 Longa
2669 4819 2752 4873 via
2791 4829 2901 4888 est,
2949 4822 3057 4878 iter
3092 4826 3350 4893 arduum;
3395 4827 3444 4882 id
3487 4833 3537 4879 ut
3555 4821 3641 4896 (8.,
3670 4815 3702 4870 id

2981 4913 3063 4987 [ut
3087 4917 3323 4991 tandem)
3352 4918 3654 4976 acceleretur,

2211 4990 2445 5051 lnﬁrmis
2470 4998 2749 5056 tardamur
2771 5003 2945 5074 equis,
2969 5007 3170 5078 quique
3195 4990 3392 5080 impetu
3413 5009 3564 5079 primo

2210 5086 2424 5144 Acriter
2453 5090 2723 5163 inceptum
2753 5108 3020 5169 peragunt
3041 5102 3131 5156 vix
3155 5103 3383 5175 denique
3404 5117 3590 5158 cursum
3616 5114 3627 5153 :

2211 5177 2360 5233 Velle
2385 5180 2585 5237 bonum
2627 5187 2883 5254 quoniam
2912 5191 3162 5259 retinent,
3195 5196 3285 5250 sed
3306 5210 3460 5266 posse
3491 5190 3691 5266 pusillum.

2207 5269 2440 5304 Pnncnln
2494 5275 2656 5304 nLn-n
2686 5293 2864 5304 nam..-
2924 5298 3016 5304 _-__
3035 5286 3102 5304 -·--
3120 5301 3156 5304 -.
3197 5287 3266 5304 οιισ
3429 5287 3477 5304 ,οι
3500 5285 3592 5304 ⁸-.--
3612 5298 3623 5304 -

2494 5275 2656 5304 Διὶη-ΙΔ
2686 5293 2864 5304 Ars-mn-
