3904 5304
79 274 221 329 H53
1160 274 1245 330 DE
1285 272 1446 331 VITA
1485 272 1544 330 S.
1581 273 1621 330 (ἶ

1818 271 1913 329 Nl.
1948 305 2020 319 -
2057 276 2180 335 LIB.
2225 278 2289 336 ιι.
2688 242 2697 289 τ
2882 263 2890 271 ’
3218 276 3360 338 uss

1158 569 1586 631 PRzEFATlO
1633 570 1846 632 LIBRI
1890 570 2224 633 SECUNDI
2254 617 2271 645 ,

1270 721 1503 796 Τσικὼλῳ
1546 722 1917 797 τιτραστρόφῳ
1954 714 2141 778 edita.

144 952 235 1009 to.
266 953 484 1013 Priscos
505 958 724 1031 ingenui
752 975 883 1018 cura
903 964 1167 1033 poematis
1690 959 1745 1019 Α
1837 953 1927 1009 41.
1976 950 2207 1022 Incertis
2252 948 2468 1022 placido
2521 948 3043 1033 ﬂamineicursibus

77 1041 242 1101 Vates
262 1062 386 1102 cum
413 1029 633 1119 raperet
658 1048 883 1124 (quippe
903 1029 1161 1123 facetius,

1744 1045 1983 1116 'Aspira,
2032 1051 2089 1100 et
2123 1042 2313 1099 faciles
2361 1057 2591 1115 suggere
2640 1029 2917 1128 dactylos:

144 1139 372 1205 Purum,
398 1138 579 1205 molle,
600 1152 856 1194 canorqu
877 1178 895 1206 ,
1840 1134 2226 1207 Spondeosque
2274 1148 2518 1192 morosos
2554 1151 2570 1188 :

218 1228 362 1288 Olim
382 1230 623 1287 scribere
644 1229 763 1284 laus
790 1228 932 1301 erat)
1905 1227 2148 1300 Namque
2195 1229 2309 1284 haec
2351 1227 2542 1301 copula
2590 1220 2819 1299 gratior.

68 1324 330 1382 Phaebeis
360 1318 563 1379 la'ribus
591 1331 714 1377 vota
741 1320 982 1393 potentia
1765 1322 1837 1379 At
1885 1337 1995 1379 non
2043 1320 2314 1378 sufﬁciunt
2350 1322 2517 1378 verba
2561 1319 2783 1378 ﬂuentia
2804 1362 2822 1389 ,

67 1415 359 1482 ludebant,
410 1414 584 1471 solitis
641 1413 1043 1486 relligiouibus,
1840 1413 1907 1469 Ni
1956 1414 2028 1471 sit
2078 1413 2332 1470 materies
2384 1412 2665 1486 splendida
2722 1412 3014 1485 carminis,

140 1506 328 1563 Musas
372 1505 493 1562 vela
545 1505 727 1561 futuro
1841 1504 2149 1577 Utrumque
2190 1505 2456 1578 approbat
2504 1520 2669 1572 usus,

216 1599 512 1655 Credentes
569 1598 701 1653 dare
746 1595 999 1653 carmini.
1912 1596 1980 1650 Et
2032 1612 2131 1653 nos
2184 1606 2417 1668 utraque
2464 1597 2780 1668 poscimus:

63 1693 304 1749 Centum
350 1691 574 1747 vocibus
622 1690 713 1745 hic
768 1704 866 1745 ora
922 1686 1233 1758 crepantia,
1764 1687 2085 1759 Quanquam
2117 1696 2265 1743 tanta
2295 1689 2365 1744 sit
2388 1690 2523 1757 haec,
2552 1700 2772 1762 tamque
2797 1690 3087 1763 perel'llua;

63 1786 174 1843 llic
222 1786 433 1857 linguas
464 1783 725 1850 totidem,
758 1790 949 1853 pectus
995 1781 1300 1847 aheneum,
1764 1780 1839 1837 Ut
1880 1796 2074 1837 sensus
2123 1782 2318 1838 merito
2364 1798 2624 1855 mensque
2654 1784 2979 1855 perhorreat

136 1877 269 1936 Oris
324 1877 501 1933 ferrea
542 1875 785 1948 plectra,
1838 1872 2027 1928 Tantm
2078 1888 2307 1945 scrupea
2366 1875 2564 1942 molis,

214 1970 446 2026 Excibat
498 1967 813 2025 studiosius.
1905 1966 2084 2037 Atque
2133 1966 2337 2023 intacta
2377 1968 2705 2023 cacumina:

60 2061 153 2119 Me
186 2063 410 2119 robusta
452 2062 608 2128 fides,
648 2076 804 2117 mens
845 2059 985 2117 bene
1035 2056 1258 2115 credula
1287 2097 1304 2124 ,
1765 2055 2063 2113 Nonnullas
2100 2073 2296 2129 operas
2332 2058 2569 2129 postulat
2614 2066 2889 2125 attamen,

58 2153 357 2212 Diversum
402 2164 623 2227 petere,
663 2162 720 2210 et
765 2169 899 2211 sane
940 2151 1054 2226 [B.,
1086 2147 1309 2224 quippe]
1360 2148 1659 2217 decentius,
1762 2152 1821 2207 ln
1883 2152 2038 2208 littus
2088 2152 2310 2207 ﬂuvium
2362 2168 2558 2224 cogere
2608 2152 2920 2223 turgidum,

137 2240 225 2303 Ne
279 2247 456 2302 dicam
508 2246 840 2302 olliciosum.
1834 2242 2068 2316 Campos
2120 2260 2244 2301 cum
2287 2260 2383 2316 per
2424 2253 2642 2316 apertos

216 2337 582 2409 lmportunius
622 2338 848 2394 excitat.
1687 2329 1737 2390 B
1912 2335 2045 2394 Sese
2095 2336 2256 2393 latius
2290 2338 2560 2408 explicat,

57 2431 111 2489 Ο
171 2431 264 2486 lux
311 2432 640 2503 terrigenum
684 2430 968 2488 mentibus
995 2428 1237 2485 .addita!
1759 2425 1805 2485 O
1828 2430 2001 2485 nostri
2037 2429 2227 2485 validae
2260 2430 2532 2501 pontificis
2557 2430 2780 2486 cruces!

57 2523 111 2582 Ο
166 2524 417 2581 mirande
465 2525 629 2581 nimis
685 2524 922 2596 Spiritus
978 2524 1203 2580 artifex!
1758 2521 1892 2592 Quis
1919 2539 2025 2579 non
2050 2523 2324 2579 sulliciunt
2349 2526 2535 2590 verba,
2569 2539 2765 2581 manus
2803 2539 3070 2599 quoque:

141 2614 193 2673 Ο
232 2616 462 2688 largitor
512 2617 817 2673 honorum!
1830 2615 2036 2672 Nedum
2074 2617 2271 2686 cuique
2293 2615 2544 2673 ferendas

211 2705 258 2763 O
312 2706 568 2763 facundia
612 2706 845 2763 fertilis!
1840 2720 1845 2725 '
1907 2706 2029 2763 Ullo
2060 2705 2265 2763 findere
2291 2708 2539 2766 dixerim.

53 2798 214 2858 Olim
258 2799 560 2857 formilluos
608 2801 702 2871 qui
752 2798 942 2855 latices
992 2813 1159 2870 super
1764 2797 1860 2854 His
1883 2800 2045 2871 figam
2071 2802 2360 2864 calamum,
2384 2808 2439 2855 te
2464 2808 2646 2857 tamen
2677 2800 2921 2873 auspice,

54 2888 367 2947 Portabare
394 2890 604 2959 fovens,
633 2890 968 2947 formillcans
994 2904 1247 2963 quoque:
1761 2891 1870 2949 Pro
1902 2908 2010 2964 quo
2038 2902 2231 2949 cuncta
2255 2895 2470 2964 quidem
2502 2896 2722 2966 pertulit
2758 2912 2969 2970 aspera,

130 2981 345 3039 Cuncta
398 2982 654 3039 informia
708 2998 946 3053 namque
1790 2979 1795 2984 ’
1833 2983 1943 3041 Nec
1962 2985 2066 3051 bis,
2096 2986 2394 3063 necsemcl
2420 2987 2541 3055 ille;

209 3075 442 3132 Exstant
488 3083 540 3131 te
589 3074 730 3142 sine,
755 3074 1035 3132 Conditor.
1905 3074 2035 3143 Sed,
2060 3091 2225 3149 quam
2248 3078 2382 3146 vita,
2408 3081 2679 3137 morosior
2708 3094 2756 3138 ι.

146 3232 357 3303 ‘Quasi
399 3235 586 3293 dicat:
619 3234 745 3291 Non
770 3244 892 3291 ante
918 3234 1157 3291 cruciare
1180 3250 1235 3290 se
1268 3242 1481 3291 sanctus
1503 3234 1657 3290 desiit
1692 3251 1849 3307 quam
1870 3234 2054 3291 vivere.

72 3424 3262 3455 Mm

1234 3575 1537 3655 LIBER
1610 3574 2170 3656 SECUNDUS.

585 3829 812 3889 CAPUT
850 3828 1140 3889 PRIMUM.
1318 3888 1323 3891 _
1678 3826 1726 3891 C
1755 3822 2087 3880 Germanum
2117 3819 2436 3893 ingeminat,
2468 3819 2796 3877 Germanum
2826 3822 2894 3877 ad
2938 3820 3115 3879 sidera
3147 3822 3336 3895 iactat,

62 3928 131 3987 S.
152 3926 424 3985 Amatoris
450 3923 653 3989 obitus;
676 3924 933 3977 successio
964 3922 1026 3977 S.
1060 3919 1348 3985 Germani;
1370 3926 1417 3973 et
1442 3917 1655 3972 initium
1758 3913 1982 3985 Quaque
2020 3913 2165 3969 feras
2208 3913 2417 3977 oculos,
2448 3928 2661 3983 quaque
2713 3928 2899 3969 aurem
2922 3914 3120 3973 ducere
3146 3925 3345 3991 tentes,

586 3997 704 4051 vita:
730 3994 1123 4049 austerissima’.
1757 4001 1951 4063 omnia
1980 4004 2128 4061 Gem

1757 4001 1951 4063 Omnia
1980 4004 2333 4061 Germanum.
2359 4004 2532 4059 Tanta
2559 4013 2644 4059 est
2662 4004 2949 4061 concordia
2974 4021 3186 4066 vocum.

140 4116 233 4171 42.
255 4115 496 4171 MoribUs
529 4124 585 4171 et
628 4114 839 4171 meritis
867 4123 1140 4186 spectatus
1168 4115 1397 4174 Amator
1436 4116 1652 4189 Opimis;

1606 4134 1652 4176 ε,
1824 4096 1913 4151 45.
1941 4094 2105 4150 Multa
2137 4095 2414 4161 renitenti,
2443 4110 2607 4165 seque
2635 4095 2887 4165 abiurare
2910 4098 3145 4168 paranti,

64 4205 268 4262 Vivere
296 4207 382 4262 cui
406 4206 653 4261 Christus
680 4203 801 4273 fuit,
829 4213 886 4260 et
913 4219 1033 4261 sors
1061 4204 1253 4261 ultima
1280 4186 1515 4274 lucrum,
1645 4186 1651 4189 ⁷
1755 4186 1924 4244 (δίνίίθ
1955 4187 2242 4241 insuum”
2264 4187 2491 4243 Prima“
2520 4187 2723 4243 ίηίθπθ
2753 4188 2987 4243 duellum
3015 4207 3033 4253 ἶ

61 4296 339 4353 Virtutum
371 4295 563 4367 plenus
599 4295 792 4361 titulis,
826 4293 1127 4364 plenusque
1150 4293 1382 4355 dierum,
1756 4278 1985 4349 Statque
2019 4277 2215 4333 animis
2252 4279 2486 4350 illcum
2510 4280 2682 4351 δείιιιί,
2711 4294 2812 4335 nec
2834 4280 3034 4337 ducere
3064 4295 3339 4353 quoquam

62 4389 321 4460 (Imperat
342 4387 650 4453 emeritam,
672 4386 927 4441 sudorum
959 4384 1201 4455 praemia,
1231 4383 1489 4454 palmam,
1753 4370 2033 4442 Proposita
2056 4370 2124 4427 de
2152 4380 2301 4426 sorte
2330 4372 2539 4443 pedem.
2571 4370 2708 4439 Quid
2731 4372 2873 4427 victa
2904 4380 3169 4443 potestas,

61 4480 364 4538 Caudentis
391 4480 573 4552 specie
600 4477 906 4535 trausfusus
930 4478 986 4534 in
1018 4486 1164 4533 astra
1186 4474 1469 4532 columbae.
1754 4463 1895 4533 Ωιιίά
1916 4472 2107 4519 οοηιηι
2147 4464 2245 4518 nili
2269 4465 2587 4535 POPUiorum
2616 4464 2783 4521 millia
2805 4465 3010 4537 possit?

62 4571 208 4628 Tum
231 4587 362 4628 vero
386 4570 613 4643 populos
638 4570 691 4625 in
712 4584 949 4626 consona
976 4578 1101 4623 vota
1134 4574 1352 4622 ruentes
1754 4555 1895 4625 Quin
1918 4570 2235 4627 moremque
2259 4566 2432 4628 gerat,
2461 4572 2766 4628 superaque
2792 4560 2860 4615 ab
2886 4558 3014 4615 sede
3036 4556 3339 4631 profectam

59 4662 374 4734 Aspiceres,
400 4662 640 4733 spirante
663 4662 773 4717 Deo
801 4679 815 4715 :
842 4675 1075 4730 namque
1101 4659 1314 4731 agmina
1340 4656 1471 4713 cleri
1754 4650 2009 4707 instantis
2040 4650 2187 4705 norit
2216 4666 2435 4706 causam
2468 4651 2714 4720 prodisse
2736 4652 2941 4725 negoti.

61 4755 347 4811 Nobilibus
379 4762 625 4811 conserta
657 4759 851 4818 ruunt;
883 4751 1035 4821 plebs
1066 4751 1264 4805 rustica
1306 4749 1448 4822 plebi

1828 4739 1918 4795 Η.
1951 4738 2008 4793 Si
2036 4756 2171 4810 quos
2194 4752 2453 4811 praeterea
2482 4755 2580 4810 pro
2607 4757 2665 4796 se
2703 4741 2933 4799 fortasse
2955 4747 3172 4813 pararat

60 4846 319 4903 Concinit
344 4846 592 4911 urbanae;
617 4860 715 4916 par
742 4851 826 4898 est
852 4842 1119 4899 sententia
1147 4842 1379 4907 cunctis,
1760 4834 2021 4892 Patrouos
2045 4831 2260 4898 obices;
2290 4844 2472 4887 rerum
2503 4845 2629 4885 mox
2655 4834 2880 4891 cardine
2918 4847 3103 4897 verso.

61 4940 189 4993 Vox
220 4938 437 5004 eadem;
491 4936 789 5005 studiisque
829 4934 1019 4989 ardent
1057 4931 1434 4990 communibus
1458 4945 1646 4989 omnes
1768 4920 2022 4983 Sensitin
2054 4922 2308 4977 adversas
2338 4921 2578 4975 animum
2617 4922 2890 4994 deponere
2912 4930 3132 4998 partes;

60 5030 339 5086 Germano
363 5025 577 5085 titulum
608 5026 900 5082 decernere
927 5024 1271 5097 pontiﬁcatus
1295 5041 1309 5079 :
1770 5022 2052 5090 EXpertus,
2077 5029 2182 5085 qua
2200 5014 2337 5070 velle
2363 5011 2460 5066 Dei
2483 5021 2587 5078 est,
2611 5013 2725 5073 huc
2753 5029 2948 5077 cetera
2980 5013 3145 5071 ﬂecti.

65 5120 224 5177 Hunc
249 5121 408 5178 claris
438 5119 668 5183 meritis,
701 5117 844 5171 hunc
872 5116 1153 5171 nobilitate
1175 5114 1477 5187 legendum,
1848 5109 1933 5168 45.
1978 5105 2232 5177 Sumptus
2269 5108 2462 5169 honos,
2484 5119 2591 5161 non
2634 5121 2833 5179 sponte
2882 5110 3032 5173 licet,
3074 5102 3357 5178 factusque

67 5213 325 5244 “an...qu
345 5211 675 5244 n—mninnnm
724 5222 984 5246 narunt-nan
1011 5212 1221 5246 nanlnrn
1242 5208 1470 5248 “bimum
1654 5191 1757 5248 ἢ
