3904 5304
132 191 274 252 H57

123 309 266 365 Vina
295 305 672 363 ministrabant
697 321 922 378 gemmae
950 306 1184 378 pretiosa
1211 319 1463 373 capaces;

127 399 204 454 Ut
235 399 568 453 diversorum
599 409 804 454 taceam
836 398 1444 466 commentaliquot-um.

125 491 338 545 Extulit
369 492 479 545 lucc
507 491 698 560 palmis
728 491 994 544 interdum
1027 490 1171 543 fonte
1199 489 1366 558 petita

128 583 376 655 Lympba
399 583 575 647 cavis;
605 582 922 652 culpamque
951 589 1124 650 putes,
1162 578 1261 633 nisi
1293 590 1508 631 sumere
1534 587 1720 644 parce.

203 673 291 729 55.
351 673 490 740 Quid
520 688 814 728 memorem
863 673 1089 743 phrygio
1127 668 1454 741 perscriptas
1506 665 1718 734 pectine

1423 759 1642 827 lvestes,

124 856 242 913 Nec
271 857 438 913 semel
460 857 511 911 in
536 856 726 927 Tyrios
751 864 902 911 cocta
936 856 1246 911 indumenta
1277 853 1523 916 rubores,

124 949 379 1004 Crassius
408 949 490 1002 his
518 963 708 1002 aurum
741 948 1217 1017 superinsutasque
1247 941 1586 1011 smaragdos,

125 1040 267 1094 Tum
302 1042 492 1112 byssos
517 1040 722 1102 niveas,
761 1039 1062 1094 holoserica
1090 1037 1326 1107 plumea,
1360 1045 1608 1104 torques;

128 1134 316 1198 Multa,
348 1135 468 1189 duci
497 1149 616 1204 qua:
644 1132 792 1201 larga
820 1133 984 1186 dabat.
1020 1131 1232 1185 fortuna
1257 1127 1507 1199 superbo,

125 1225 354 1296 Singula
387 1226 639 1280 discretis
668 1225 830 1278 alimn
862 1223 1066 1277 factura
1100 1222 1322 1275 diebus!

124 1318 376 1374 Artnbus
399 1319 482 1372 his
508 1317 635 1372 olidi
667 1317 876 1372 induxit
910 1317 1096 1371 setalia
1128 1314 1297 1383 capri,

124 1411 660 1481 InteruIiStptondam
686 1411 876 1465 solitus
907 1407 1101 1464 sudare
1130 1410 1494 1484 τριχάπτοιςιι.

122 1503 290 1571 Quid,
322 1505 465 1574 quod
497 1514 549 1557 et
574 1502 760 1559 ciliciis
789 1502 1060 1572 expletura
1101 1501 1202 1554 rite
1238 1498 1446 1553 diurnis

121 1595 289 1666 (Tum
318 1594 468 1650 ludas
495 1596 762 1648 tractabat
788 1594 954 1658 enim,
987 1603 1099 1649 tum
1126 1591 1265 1647 seria
1291 1586 1518 1660 passim)

119 1685 169 1740 A
201 1687 355 1741 turba
384 1687 449 1740 ad
478 1686 671 1756 placidi
698 1687 979 1740 cedentem
1020 1692 1132 1740 tuta
1164 1683 1359 1738 eubilis

119 1777 336 1833 Mollior
363 1786 647 1848 exceptum
677 1793 896 1833 somnos
924 1777 1144 1831 haurire
1172 1775 1418 1830 sa'uhres

117 1870 332 1927 Culcita
369 1869 646 1936 suadebat,
677 1869 838 1924 rutilo
857 1870 1160 1924 lautissima
1183 1867 1383 1922 cocco?-

118 1962 254 2017 Hzec
276 1964 463 2018 eadem
505 1964 678 2032 rigido
717 1961 874 2015 tellus
900 1963 1168 2029 asperima
1198 1968 1348 2029 tergo

119 2051 366 2107 Membra
396 2053 538 2115 tulit,
565 2052 748 2106 niveas
772 2051 883 2120 jam
915 2048 1241 2102 dediscentia
1271 2047 1501 2115 plumas.

118 2141 237 2220 Nec
264 2144 464 2198 somnis
493 2157 711 2212 cperam
744 2141 912 2204 dedit,
945 2148 999 2193 at
1024 2139 1374 2209 plangoribus
1405 2137 1493 2191 ille
1521 2153 1536 2191 :

119 2232 294 2303 Inque
319 2249 418 2289 suo
444 2244 618 2289 stratu
660 2231 872 2286 Domini
905 2245 1111 2288 memor
1139 2229 1546 2300 omnipotentis,

118 2325 204 2380 Ac
238 2327 438 2379 veteris
463 2327 572 2396 jam
612 2335 724 2378 tum
766 2323 1010 2378 recolens
1038 2323 1262 2392 vestigia
1287 2324 1430 2387 vitae,

120 2417 306 2472 Deluit
345 2418 380 2457 b~
419 2419 658 2473 internas
683 2418 808 2473 ﬂetu
840 2417 1150 2472 medicante
1172 2417 1428 2471 latebras.

122 2509 312 2564 Hostia
342 2511 480 2575 viva,
508 2512 749 2581 placens,
780 2512 1006 2566 rationis
1034 2511 1284 2565 acumina
1307 2510 1462 2576 fulta,

121 2600 220 2656 Sic
253 2618 313 2657 se
335 2599 594 2657 virtutum
607 2610 762 2656 casta
800 2603 1062 2658 mactavit
1089 2603 1267 2656 innara
1291 2618 1304 2666 ;

120 2678 560 2748 PostiCht‘istum
584 2704 802 2764 portare
830 2707 1070 2758 erucem,
1091 2708 1332 2762 seseque
1360 2699 1578 2762 negato,
1619 2739 1624 2746 .

121 2781 356 2839 Gnarus.
375 2785 444 2838 ‘a’d
472 2785 728 2854 astrigcri-
750 2784 1078 2840 contendere
1105 2783 1341 2839 culmina
1380 2783 1526 2850 caeli,

122 2874 382 2930 Confisus
407 2875 492 2929 cui
523 2876 919 2939 munduserat,
946 2875 1036 2943 qui
1059 2874 1296 2944 denique
1319 2871 1565 2930 mando:

750 2971 976 3042 CAPUT
1005 2967 1074 3043 it.

125 3079 350 3136 Collatia
378 3077 547 3134 sancti
576 3097 692 3133 cum
725 3081 990 3148 apostolis,
1026 3080 1365 3149 martyribus.
1393 3088 1513 3132 etc.
1544 3076 1732 3147 Ejm-'

349 3153 463 3205 dem
491 3151 854 3220 lmepitaiitas,
886 3152 1140 3215 wliludo,
1171 3151 1478 3206 coenobium.

198 3242 286 3299 54.
311 3243 610 3298 Prudentes
637 3252 856 3297 assumo
883 3244 982 3297 viri
1006 3259 1275 3312 sensuque
1300 3251 1498 3298 coacto‘

107 3338 635 3413 ,Espﬂntianthujns
663 3353 856 3404 causas
877 3347 932 3392 et
951 3354 1116 3406 sensa
1147 3339 1346 3410 negoti,

105 3431 505 3502 {ionsuit‘isque
535 3430 750 3496 animis,
799 3429 983 3484 tulerit
1009 3431 1151 3499 quod
1184 3429 1418 3484 maxime
1466 3428 1708 3498 dignum,

533 3511 538 3513 λ
961 3521 1072 3596 [B.,
1109 3536 1227 3592 qua:
1258 3520 1416 3588 digna
1443 3516 1636 3590 relatu]

103 3597 367 3687 "Quisque
389 3616 532 3673 ferat
563 3637 574 3670 :
603 3618 733 3672 mihi
761 3626 905 3672 certe
947 3618 1132 3690 eadem
1168 3615 1440 3684 sententia
1484 3597 1706 3687 perstat,

124 3705 295 3776 Inque
321 3709 433 3763 dies
466 3710 647 3763 animo
675 3717 756 3764 est
780 3710 950 3780 magis
986 3706 1240 3776 illapsura
1273 3705 1466 3770 tenaci,

1202 187 1287 242 DE
1327 183 1485 240 VlTA
1525 183 1581 240 S.
1622 179 1952 237 GERMANI.
1995 210 2062 222 --
2103 180 2230 236 LIB.
2270 180 2334 240 li.

1740 303 1786 358 Α
1818 296 1882 349 Ει
1920 296 2239 350 documenta
2290 294 2403 364 lrgc
2447 291 2559 365 [B.,
2597 287 2766 362 legas]
2801 287 2887 348 :si
2917 295 3098 344 nonet
3122 284 3410 358 apostolus

3266 147 3404 228 uss

3186 393 3331 452 Lesse

1819 482 1886 537 Et
1912 481 2014 536 dici
2042 479 2230 538 valeat,
2258 477 2339 532 vel
2378 478 2479 537 die,
2504 477 2585 530 vel
2616 476 2794 530 dicere
2821 485 2842 513 θ
2891 472 3074 527 fallax.

1889 571 1978 626 56.
2036 571 2357 625 l’ontiliemu
2411 567 2700 623 cathedras
2753 565 2970 636 quantis
3022 549 3409 642 Splendoribnd

3093 655 3298 728 [ornet,

1820 754 1973 822 Quod
2003 753 2134 808 satis
2163 752 2418 818 emineat,
2447 766 2554 806 non
2580 759 2663 806 est
2689 749 2815 806 hinc
2843 748 3021 804 dicere
3043 748 3232 806 multa.

1817 847 2045 907 inferior
2067 846 2232 906 nullo;
2257 844 2440 900 multis
2466 844 2810 915 prasstantior
2833 852 3076 909 exstans.

1817 939 1876 993 1d
1907 940 2006 994 sibi
2027 940 2293 1008 privatum
2317 937 2519 994 Christi
2559 934 2664 991 fert
2693 951 2916 992 munere
2939 949 3156 1000 munus,
3405 997 3407 1000 ,

1822 1031 2078 1100 Dogmate
2121 1031 2264 1101 quod
2301 1029 2518 1092 rutilus,
2565 1027 2840 1102 signisque
2889 1025 3258 1098 frequentibus
3315 1024 3404 1082 in-

1819 1123 1885 1178 Et
1917 1122 2079 1187 verbo
2104 1133 2159 1180 et
2178 1123 2338 1180 claris
2357 1121 2652 1180 confecerit
2681 1120 2860 1176 omnia
2882 1123 3068 1194 gestis.
3156 1116 3330 1192 [genu

1891 1223 1978 1278 57.
2014 1223 2124 1278 Cur
2145 1238 2250 1279 non
2281 1232 2359 1285 et,
2392 1221 2524 1275 liciti
2548 1219 2749 1290 pepigit
2775 1218 2900 1288 quia
2942 1216 3143 1275 foedera
3178 1214 3328 1286 lecti,

1818 1313 2074 1385 Virgineo
2102 1315 2388 1384 quisquam
2418 1321 2594 1368 tenter
2616 1311 2915 1367 subducere
2935 1309 2960 1350 ἀ
2983 1309 3168 1372 serto?

1817 1405 2130 1475 incorrupta
2172 1405 2324 1469 fides,
2353 1405 2462 1462 voti
2497 1419 2650 1458 mens
2664 1402 2882 1458 conscia
2912 1403 3066 1466 recti,

1817 1499 1935 1554 Non
1968 1513 2203 1567 unquam
2233 1507 2315 1552 est
2345 1497 2485 1552 nivei
2514 1496 2691 1551 labem
2717 1509 2968 1564 perpessa
2995 1490 3234 1562 pudoris.

1817 1591 2018 1661 Estque
2047 1605 2236 1660 parum
2258 1591 2475 1644 intactae
2508 1588 2691 1644 carnis
2715 1587 2947 1657 gessisse
2965 1584 3187 1648 nitelas,

1739 1663 1787 1724 Β
1816 1685 2039 1741 intimus
2066 1683 2300 1741 obsceno
2328 1683 2374 1738 si
2409 1698 2519 1737 non
2551 1682 2711 1736 homo
2741 1696 2910 1750 purus
2927 1679 2994 1733 ab
3023 1686 3171 1742 actu,

1813 1776 2128 1848 Integritate
2164 1776 2248 1830 sui
2269 1775 2485 1830 studeat.
2507 1777 2760 1829 cortlstare
2791 1771 3022 1827 decoris.

1885 1868 1973 1925 58.
2002 1867 2274 1938 Ergoage,
2303 1877 2357 1923 et
2383 1867 2636 1922 adductis
2655 1879 2839 1934 coram
2867 1857 3190 1928 rationibus,
3212 1872 3403 1916 omnes

1816 1959 2017 2018 Ordine
2047 1975 2140 2029 per
2166 1967 2384 2012 sanctos
2424 1959 2662 2012 animum
2713 1971 2841 2024 rape
2884 1973 2896 2009 :
2939 1969 3178 2021 congrua
3218 1964 3403 2008 nostro

1815 2052 1871 2106 in
1902 2051 2108 2104 cunctis
2137 2057 2262 2105 sunt
2294 2047 2460 2102 multa
2495 2047 2641 2102 Patri
2668 2065 2681 2101 :
2710 2060 2941 2116 cumque
2963 2044 3179 2116 agmine
3204 2058 3402 2115 magno

1816 2141 2044 2196 Mundus
2065 2141 2309 2196 censoris
2333 2148 2557 2210 cogetur
2577 2140 2643 2194 ad
2672 2154 2768 2193 ora
2793 2136 2984 2204 futuri,

1815 2233 2056 2304 Cmnque
2077 2243 2132 2290 et.
2159 2232 2490 2303 apostolicus
2519 2231 2825 2286 consederit
2844 2230 2930 2286 ille
2959 2239 3201 2294 senatus.

1817 2323 2118 2380 Germanus
2147 2323 2308 2378 rutilo
2337 2324 2599 2378 subnixus
2624 2332 2680 2378 et
2710 2322 2822 2392 ipse
2850 2320 3031 2388 sedili,

1818 2417 1893 2471 De
1923 2435 2118 2488 magno
2143 2417 2360 2472 decreta
2393 2425 2540 2470 ratus
2570 2415 2814 2496 censoria
2839 2412 3010 2484 judex

1815 2511 1957 2567 Orbe
1985 2511 2119 2566 feret
2151 2530 2164 2566 :
2201 2521 2312 2572 tum
2344 2511 2679 2583 martyribus.
2700 2525 2823 2564 cum
2855 2510 3014 2564 fortia
3052 2508 3226 2565 sacris

1816 2603 2043 2660 Praemia
2069 2604 2390 2672 pendentur,
2418 2618 2628 2658 roseam
2659 2601 2800 2657 feret
2832 2602 3244 2668 illecoronam,.
3315 2644 3320 2648 κ

1816 2695 1988 2763 Quam
2022 2710 2282 2766 peperere
2309 2711 2498 2751 cruces
2525 2695 2742 2750 addicto
2771 2694 2824 2748 in
2864 2709 3092 2766 corpore
3127 2694 3326 2768 longae:
3379 2765 3388 2770 _

1814 2788 2057 2858 Cumque
2077 2790 2396 2846 sacerdotes
2421 2789 2565 2845 cauti
2591 2804 2690 2858 pro
2723 2804 2901 2843 merce
2939 2787 3150 2856 talenti,

1816 2879 1926 2936 Pro
1955 2897 2116 2936 carne
2135 2882 2392 2944 edomita,
2425 2880 2551 2944 facti
2583 2897 2682 2951 pro
2711 2881 2897 2936 fenore
2934 2881 3138 2953 luct‘i.,._

1817 2971 2016 3027 Ordine
2040 2973 2317 3042 promeriti
2348 2973 2601 3027 intrarint
2641 2973 2938 3043 penetralia
2972 2972 3144 3044 regni,

1765 3057 1786 3094 ³
1818 3063 2086 3118 Germano
2115 3067 2172 3125 in
2193 3077 2398 3134 partem
2427 3067 2602 3137 palma
2628 3068 2850 3122 victrice
2884 3068 3090 3130 locata,

1815 3155 2046 3225 Optime,
2076 3159 2306 3220 dicetur,
2337 3174 2434 3227 pro
2457 3175 2646 3228 .parws
2673 3161 2926 3223 maxime,
2957 3173 3130 3221 serve,

1813 3249 2036 3318 Excipe,
2067 3250 2208 3318 quod
2237 3249 2414 3308 fueris
2436 3250 2593 3319 pleno
2623 3235 2686 3303 de
2714 3251 2876 3304 corde
2905 3250 3110 3315 tidelis,

1883 3340 1972 3395 59.
2015 3338 2182 3394 Terra
2209 3339 2358 3393 ferax
2388 3341 2614 3418 trimoda
2643 3338 2729 3414 [Β.
2759 3338 2975 3416 triplici]
3005 3341 3126 3395 beat
3150 3339 3399 3394 ubertate

2306 3485 2311 3489 .
3007 3417 3296 3504 [col-onum
3309 3449 3323 3486 :

1813 3522 1904 3581 Sic
1945 3534 2092 3580 sator
2121 3524 2352 3588 edocuit,
2384 3524 2532 3579 verbi
2569 3525 2694 3579 dum
2725 3524 2928 3578 semina
2961 3525 3145 3578 mittit.

1802 3617 2051 3690 Cumque
2094 3617 2181 3672 alii
2223 3615 2463 3692 referent
2492 3617 2689 3694 nitidus
2719 3629 2884 3698 super
2910 3624 3056 3670 astra
3107 3609 3390 3685 maniplos,

1813 3709 2040 3764 Praemia
2081 3707 2306 3778 quisque
2344 3709 2428 3764 sui
2469 3717 2718 3778 repetens
2758 3725 2854 3779 pro
2891 3721 3041 3778 parte
3080 3707 3295 3773 laboris,

109 3789 1632 3870 Ὲξῑῑιῇῖιππππιῖῆπῑῐῑῑῖῆῑπῇπξ-σῖδππςς-η-
1661 3811 1682 3816 ·’

1833 3801 1858 3822 ι
2292 3802 2301 3814 ι
2677 3802 2687 3814 ο
2991 3803 3001 3815 .

132 3892 317 3947 Nobile
341 3896 656 3965 martyrium
687 3896 908 3950 totidem
933 3897 1162 3948 traxisse
1197 3892 1416 3947 «litibus.
1503 3932 1531 3940 -.
1587 3931 1598 3938 .
1641 3932 1652 3938 -
1691 3931 1730 3938 ..

23 4005 42 4031 ι
131 3981 301 4037 Nemo
324 3984 582 4038 molestus
611 3995 732 4050 eat;
766 3985 902 4039 ferat
934 3987 1031 4038 ista
1056 3971 1322 4053 superﬂua
1352 3997 1508 4036 nemo
1541 4022 1554 4035 .

132 4072 432 4127 Germanus
457 4075 587 4128 mihi
617 4084 819 4146 martyr
843 4074 982 4138 erit;
1013 4088 1109 4127 nec
1134 4073 1299 4126 ducar
1329 4073 1569 4141 ineptus,
1657 4098 1682 4103 λ’
1726 4096 1733 4102 ·

132 4163 238 4219 Pro
267 4167 420 4221 nobis
441 4183 556 4233 ora,
583 4183 796 4238 magne,
827 4183 944 4222 cum
969 4167 1177 4230 dixero,
1213 4176 1436 4236 martyr.

1767 3933 1784 3946 τ
1814 3891 2022 3963 Quique
2045 3908 2076 3947 a
2103 3902 2182 3946 ter
2199 3893 2361 3947 denis
2384 3892 2435 3946 in
2468 3907 2732 3963 sexagena
2765 3893 3037 3963 protectus
3067 3904 3121 3961 °,

1814 3985 1864 4042 A
1895 3985 2026 4039 laeva
2053 3985 2108 4039 in
2137 3985 2379 4038 dextram
2409 3999 2620 4055 semper
2647 3986 2872 4056 vestigia
2901 3985 3075 4054 duxit,

1813 4080 2068 4151 Virginea
2093 4077 2249 4147 plane
2282 4076 2503 4146 pollebit
2541 4086 2826 4132 stemmate
2855 4078 2984 4132 felix
3021 4097 3034 4131 :

1816 4174 2122 4260 Wibus
2155 4171 2310 4225 datus
2337 4169 2424 4224 ille
2450 4184 2652 4234 comes,
2683 4169 3002 4241 Agnumque
3027 4178 3307 4240 sequetur,

203 4259 291 4314 55.
334 4259 594 4331 Quodque
627 4270 708 4314 est
737 4263 818 4346 his
843 4261 1053 4331 potius;
1085 4274 1392 4336 quanquam
1421 4247 2200 4337 VOCOtWreSStttn
2235 4263 2449 4328 tulerit;
2478 4261 2728 4330 quodque
2754 4271 2834 4315 est
2857 4261 3034 4315 natale
3060 4261 3287 4331 pudicis,

1166 4349 1412 4422 [probus,
1443 4348 1645 4414 ausim,
1665 4371 1670 4376 α
1723 4354 1754 4422 ζ

133 4438 542 4510 Μοεηθίίιυῖδῑιε
563 4449 686 4496 toto
717 4451 872 4513 seges
900 4441 1226 4511 exspati‘avit
1254 4441 1307 4494 in
1337 4440 1510 4504 orbe,"

135 4530 296 4585 Fidus
315 4531 626 4601 apostolicis
645 4531 974 4587 Germanum
1006 4532 1302 4587 inscribere
1331 4530 1548 4601 granis;
1565 4535 1582 4586 '.

136 4620 202 4674 Et
224 4623 269 4678 si
293 4632 406 4678 non?
425 4631 670 4690 numero,
705 4627 911 4680 numeri
941 4637 1100 4695 quem
1133 4625 1269 4679 tiniit
1299 4631 1513 4687 auctor,
1653 4621 1656 4623 Α

108 4711 438 4770 εΛιτηετὶ-ιο.
470 4717 678 4772 Meritis
709 4718 839 4785 ipsis
869 4727 1194 4772 concurrere
1231 4718 1398 4774 Petro

136 4801 289 4857 Haud
320 4796 577 4874 vetitum;
608 4809 816 4864 meritis
855 4809 1046 4863 Petrus
1069 4825 1173 4864 nou
1208 4810 1410 4864 invidet
1448 4811 1635 4880 arquis.

128 4893 311 4970 .Vitam
332 4907 385 4954 et
417 4899 643 4954 virtutes
665 4909 694 4956 α
713 4909 910 4957 ‘nosu‘o
931 4903 1160 4973 p‘rtesule‘
1177 4913 1356 4974 gestas
1635 4896 1671 4904 ”

110 5083 151 5105 ’“
194 5089 227 5134 ’δ’
268 5095 533 5170 Interritus
565 5097 788 5166 dicimus
833 5101 1106 5156 interiores
1142 5102 1378 5166 tunicas;
1421 5099 1710 5170 trichaptas

135 5175 332 5250 autem,
371 5167 987 5250 εαρὲίίανῇξῌειίὺιὶίῇῃιιὶε
1047 5192 1057 5226 :
1107 5177 1289 5250 rpizat
1330 5176 1458 5250 (into
1497 5167 1707 5250 τρέχες)

137 5240 263 5288 enim
285 5240 688 5304 lirwcerapilli.
731 5241 807 5296 ita
992 5240 1148 5301 mss!
1185 5240 1310 5302 ibid.
1338 5240 1709 5304 Ἀιὶοαὺιῖἒρίέ

1795 4358 2080 4415 :Comziuet
2093 4355 2327 4412 retineri:
2352 4367 2606 4412 renonum
2623 4351 3186 4420 duieodinecapw;
3239 4368 3246 4374 -

1819 4450 2026 4511 Tath
2051 4457 2114 4502 ut
2129 4448 2181 4501 is
2209 4445 2384 4510 fieret,
2411 4454 2498 4500 tua
2523 4453 2652 4500 sunt
2678 4445 2792 4502 haec
2819 4445 3024 4508 munia,
3047 4444 3298 4514 Christo.
3325 4493 3330 4500 .

1817 4541 1932 4606 Quo
1951 4540 2066 4593 sine
2098 4538 2170 4592 nit
2203 4547 2432 4595 rectum:
2458 4551 2580 4592 cum
2601 4552 2712 4608 quo
2728 4549 2855 4594 sunt
2877 4538 3060 4595 omnia
3086 4548 3255 4594 recta.

1889 4631 1978 4686 60.
2033 4630 2147 4698 Qua
2177 4631 2292 4686 duo
2322 4627 2585 4685 cmiicolis
2622 4631 2894 4698 quondam
2933 4628 3284 4688 virtute-rem
3300 4630 3411 4699 ptis

1816 4725 2201 4795 Complaeuere
2242 4732 2424 4795 patres
2464 4719 2510 4785 ί,
2541 4722 2642 4776 fuit
2679 4725 2802 4781 hac
2845 4721 3142 4780 vernacula
3177 4730 3410 4780 sancto:

1817 4821 1988 4878 Edicti
2014 4832 2224 4874 memor
2252 4819 2336 4874 hic
2361 4814 2522 4871 toties
2553 4814 2792 4874 humana
2809 4815 3104 4878 monentis,
3199 4839 3226 4858 .-
3369 4818 3374 4822 '

1821 4914 1917 4972 Cui
1944 4914 2080 4969 bene
2109 4925 2236 4966 mox
2265 4910 2456 4973 facias,
2479 4922 2809 4981 quemquam
2825 4923 2939 4968 non
2959 4919 3083 4960 esse
3101 4903 3436 4977 legendum.

1891 5110 1918 5151 ἀ
1960 5106 2283 5175 Subducere,
2325 5121 2431 5181 pro
2471 5104 2801 5169 ducere’sub
2835 5112 2988 5170 serto
3023 5101 3322 5173 virgineo,
3357 5109 3455 5153 seu

1818 5183 2128 5253 virginibus
2151 5191 2545 5253 annumerare.
2591 5229 2594 5232 .
2787 5211 2790 5214 η
2965 5251 2976 5253 _
3081 5203 3084 5208 -

1831 5281 1834 5283 λ
1895 5243 1933 5294 ἕ
1959 5249 2159 5304 Alludit
2194 5255 2262 5304 ad
2287 5248 2604 5304 narabolam
2633 5253 2705 5304 de
2733 5257 2940 5304 semine
2965 5251 3114 5304 lapso
3147 5243 3215 5302 in
3262 5249 3464 5302 terram
