3876 5416
545 315 686 375 H59

544 436 805 508 Quodque
825 438 1019 495 viatori
1044 447 1339 510 patuerunt
1361 441 1499 497 ostia
1515 443 1670 514 justi,

543 529 814 587 Omnibus
835 530 1060 602 hospitii
1087 545 1184 602 per
1208 530 1416 602 largum
1450 532 1682 603 praebuit
1709 547 1865 587 usum
1892 549 1906 597 ;

543 618 713 676 Nemo
739 629 821 676 est
846 629 1104 692 exceptus
1124 662 1140 688 ,
1163 636 1449 692 perpessus
1479 639 1638 678 nemo
1667 623 1936 694 repulsam
1968 641 1982 678 :

542 709 770 783 Collegit
793 721 1035 779 cunctos,
1061 714 1258 769 struxit
1285 715 1529 770 convivia
1559 715 1769 770 cunctis
1803 732 1816 769 :

544 803 729 862 Intulit
749 806 864 877 ipse
890 806 1078 879 dapes,
1108 808 1426 879 cunctisque
1452 809 1595 864 unde
1615 809 1757 865 unde
1781 807 2017 876 refectis,

540 897 745 955 Esuriit
774 897 938 956 solus.
975 897 1248 966 Quantum
1279 898 1366 956 his
1391 899 1696 972 dependere
1727 915 1872 956 cura;

539 987 846 1047 Dilectusvc
873 1003 900 1033 ι
929 990 1073 1047 fuit?
1095 990 1338 1063 .Caperet
1369 1000 1625 1064 tanquam
1654 993 1836 1048 omnia
1876 991 2126 1050 Christus

540 1079 750 1148 Oﬁlcia,
776 1091 834 1138 et
859 1082 1118 1140 membris
1147 1090 1259 1138 tum
1285 1084 1742 1154 praesentissimus
1769 1091 1947 1151 esset;

536 1175 633 1234 Ille
658 1178 853 1250 pedum
880 1177 1068 1234 sordes
1094 1178 1344 1235 manibus
1368 1179 1637 1250 depellere
1662 1179 1828 1235 castis
1845 1220 1862 1245 ,

538 1264 842 1340 Osculaque
867 1268 1100 1325 extersis
1122 1269 1388 1325 instanter
1415 1270 1580 1342 figere
1607 1270 1838 1342 plantis;

539 1356 597 1416 Id
621 1358 815 1416 fecisse
835 1359 1026 1427 Deum,
1057 1368 1111 1416 et
1140 1359 1255 1417 fieri
1278 1359 1527 1431 iussisse,
1559 1362 1783 1432 peritus.

535 1449 804 1508 Invalidos
828 1453 966 1508 mira
997 1466 1213 1524 semper
1243 1453 1440 1524 pietate
1472 1452 1692 1517 refecit;

535 1543 832 1617 Desperata
857 1546 968 1613 diu,
1000 1560 1103 1602 nec
1121 1544 1237 1614 jam
1267 1545 1551 1602 medicalia
1576 1545 1764 1602 multis

541 1637 731 1695 Ulcera
760 1639 887 1696 dum
923 1639 1079 1707 fovit,
1109 1642 1319 1712 quoties
1345 1658 1373 1696 a
1398 1651 1577 1698 morte
1606 1641 1943 1712 resumpsit?

535 1727 637 1785 Hic
668 1730 826 1786 caecis
862 1731 1070 1798 oculus,
1108 1747 1205 1803 pes
1241 1733 1384 1790 idem
1423 1733 1656 1804 denique
1691 1732 1919 1799 claudis,

533 1819 976 1894 Pauperibusque
1001 1832 1157 1895 pater
1185 1843 1198 1879 :
1231 1825 1309 1881 sic
1331 1827 1582 1883 omnibus
1605 1827 1786 1883 omnia
1811 1826 2011 1892 factus,

533 1910 727 1971 Olfecit
761 1915 938 1983 nullis,
974 1919 1202 1973 certavit
1225 1919 1442 1988 profore
1465 1921 1698 1977 cunctis.

605 2004 694 2062 61.
720 2007 963 2081 Cumque
992 2009 1108 2079 ipso
1138 2018 1344 2066 tantum
1380 2011 1563 2068 videas
1591 2013 1693 2069 hoc
1715 2023 1956 2084 tempore
1983 2012 2121 2069 mul-

1941 2103 2050 2179 [tos

531 2191 786 2250 Secretos
810 2209 842 2249 a
867 2192 1022 2264 plebe
1047 2193 1185 2259 loco,
1210 2194 1467 2266 nulloque
1499 2195 1726 2266 pudore,

529 2282 798 2342 Aﬂ‘ectare
826 2285 1022 2341 animis
1051 2286 1234 2341 itidem
1267 2286 1542 2356 popularia
1570 2285 1736 2353 laxis;

529 2373 632 2432 llic
656 2376 773 2433 vice
796 2390 1058 2432 conversa
1080 2417 1094 2443 ,
1126 2391 1248 2432 raro
1278 2377 1420 2448 quod
1444 2378 1670 2450 contigit
1700 2377 1813 2444 ulli,

527 2466 588 2525 In
621 2468 830 2540 populis
853 2469 1074 2525 nitidam
1100 2469 1296 2525 secreti
1327 2484 1549 2526 munere
1577 2471 1745 2524 vitam

530 2556 794 2618 Obtinuit.
827 2561 1085 2634 Quodque
1115 2563 1351 2630 mirum;
1386 2564 1654 2621 mundalia
1683 2572 1942 2631 tractans,

529 2650 760 2730 Fallacis
785 2655 1005 2711 minime
1031 2657 1197 2712 traxit
1222 2657 1470 2730 contagia
1498 2657 1704 2713 mundi.

529 2727 586 2803 σ
600 2745 826 2802 mirum!
863 2747 1046 2818 piceas
1074 2727 1408 2820 quemquam
1425 2750 1739 2821 contingere
1766 2749 1972 2817 sordes,

531 2838 646 2896 Nec
673 2840 792 2913 pice
820 2840 1036 2899 ftedari.
1071 2842 1267 2898 Mirum
1293 2844 1306 2898 !
1342 2845 1482 2915 quod
1513 2845 1760 2900 conditus
1785 2845 1908 2901 imis

531 2932 675 3006 Ignis
699 2944 789 2990 eat
811 2935 1039 3004 sinibus,
1065 2945 1349 3008 vestesque
1380 2937 1622 2994 ferantur
1645 2938 1855 2994 inustas.

605 3026 695 3082 62.
732 3026 996 3082 Curarum
1024 3043 1318 3100 permagna
1341 3029 1474 3094 fuit,
1506 3031 1809 3086 conducere
1834 3043 2050 3099 semper

532 3117 807 3185 Ecclesiae,
837 3119 923 3174 cui
955 3128 1133 3176 rector
1155 3130 1290 3184 erat,
1325 3137 1594 3192 quamque
1624 3122 1815 3177 ordine
1841 3120 1979 3176 miro

533 3209 850 3282 Augmeutis
875 3218 1074 3266 sancta:
1095 3226 1422 3283 componens
1449 3211 1762 3284 relligionis,

537 3301 773 3358 Instituit
795 3302 992 3373 duplici
1022 3318 1185 3372 regna
1213 3305 1282 3359 ad
1311 3304 1552 3360 ccelestia
1583 3318 1827 3376 quosque

535 3391 618 3449 Ire
648 3395 753 3450 via.
797 3394 933 3451 Sunt
961 3395 1213 3468 perfectae
1236 3396 1463 3454 feliciter
1490 3397 1688 3463 ambas;

607 3517 635 3581 ᾗ
674 3505 741 3561 Id
778 3518 851 3563 est
881 3509 1183 3581 diligemus.
1221 3509 1343 3566 Not.
1382 3526 1484 3565 ms.

609 3576 637 3616 δ
676 3576 1049 3655 Ηραξιτικήν,’ἱά
1077 3590 1161 3635 est
1174 3582 1413 3655 _activam
1436 3583 1617 3636 vitam.
1655 3579 1778 3638 Not.
1805 3597 1936 3638 mss.

610 3657 633 3722 ἢ
673 3649 739 3722 If.
771 3651 1002 3707 Assueto
1035 3653 1264 3722 praxim.

606 3717 636 3760 ἀ
675 3720 741 3793 I_d
769 3733 842 3777 est
871 3717 1289 3793 contemplativa.
1329 3723 1454 3778 Not.
1487 3739 1618 3779 mss.

613 3800 639 3829 ο
675 3791 816 3847 Deus
860 3810 950 3862 per
997 3791 1199 3848 Isaiam
1227 3805 1246 3846 :
1270 3793 1329 3849 Si
1363 3795 1701 3866 separaveris
1740 3805 2035 3866 pretiosum
2083 3811 2117 3852 a

1553 317 1782 379 HERICI
1821 319 2133 379 MONACIII
2168 318 2827 380 ANTISSIODORENSIS
3611 333 3704 390 “60

2155 440 2206 502 Α
2232 435 2314 492 Ad
2341 437 2536 492 coelum
2560 438 2786 495 tendunt
2812 437 2979 509 aequis
2998 439 3333 510 processibus
3350 439 3533 497 amba:

2228 529 2428 585 Laxius
2452 547 2560 587 una
2587 532 2788 588 vehens
2814 531 2951 603 (haec
2971 547 3094 588 esse
3113 533 3366 590 canonica
3386 533 3569 608 fertur),

2227 627 2506 700 Πρακτικήν
2536 623 2565 664 δ
2600 632 2819 680 assueto
2843 634 2866 663 ο
2888 624 3002 695 jam
3030 624 3230 680 dudum
3269 640 3410 681 more
3447 625 3705 699 frequentat:

2225 713 2408 770 Altera
2435 713 2711 771 liminibus
2731 723 2880 770 arcta
2905 722 2988 771 est
3014 715 3141 771 hinc
3163 716 3288 772 inde
3313 718 3524 783 coactis,

2226 806 2338 864 Nec
2365 823 2462 878 per
2493 807 2651 878 plana
2677 807 2844 873 vehit,
2875 807 3095 867 molitur
3121 809 3188 864 ad
3222 807 3384 864 ardua
3411 825 3610 880 semper;

2227 900 2354 957 Haec
2379 908 2433 956 et
2454 901 2750 972 apostolica
2773 909 2878 968 est,
2903 901 3200 973 eademque
3221 902 3412 980 θωραά
3435 902 3479 967 δ,
3509 911 3664 961 tauqu

2226 990 2460 1050 Secessu
2489 992 2750 1064 gaudens,
2776 1002 2989 1048 secreto
3011 991 3130 1047 laeta
3153 993 3394 1063 perenni.

2226 1083 2377 1141 Hanc
2404 1083 2727 1156 ingressuris
2753 1090 2864 1138 tum
2890 1082 3087 1139 muenia
3115 1083 3342 1154 pulchra
3363 1083 3566 1150 locavit,

2225 1175 2389 1234 Urbis
2418 1175 2486 1232 ab
2513 1183 2760 1246 aspectu,
2791 1174 2998 1231 tumido
3023 1189 3129 1245 qua
3159 1175 3426 1247 prominet
3445 1177 3567 1232 amni

2225 1268 2546 1340 Surgentem
2574 1267 2643 1322 ad
2673 1266 2933 1325 thbum
2951 1309 2967 1335 ,
2999 1267 3162 1324 ﬂuvio
3191 1275 3372 1324 tamen
3396 1267 3643 1340 interiecto,

2223 1358 2477 1418 lcaunam
2504 1359 2642 1416 dixit
2665 1373 2861 1415 nomen
2885 1358 3366 1431 largita'vetustas.

2224 1450 2338 1508 Hoc
2367 1450 2620 1508 distincta
2651 1450 2810 1508 modo
2832 1465 2954 1507 sors
2983 1449 3356 1508 ecclesiastica
3382 1453 3555 1520 crevit,

2225 1544 2408 1602 Crevit
2433 1544 2489 1600 in
2513 1544 2869 1612 immensum;
2902 1543 3202 1617 studiisque
3226 1545 3504 1618 rapacibus
3533 1561 3670 1603 omnes

2219 1639 2304 1696 Ad
2339 1647 2582 1696 sanctam
2615 1646 2768 1696 certo
2792 1638 3097 1710 migrabant
3131 1639 3327 1696 ordine
3359 1639 3530 1705 vitam,

2221 1731 2428 1789 Felices
2454 1738 2670 1804 pastore
2691 1731 2853 1798 bono,
2873 1746 3033 1803 quem
3057 1733 3260 1803 praevia
3285 1731 3455 1788 virtus

2147 1802 2196 1864 Β
2223 1802 2778 1896 Feceratvegregium,
2807 1802 3250 1894 proponebatque
3280 1823 3597 1894 sequendum.

2225 1915 2356 1986 Quis
2378 1931 2484 1972 non
2508 1915 2697 1973 civiles
2725 1914 2816 1970 tali
2845 1930 2970 1972 cum
2998 1915 3232 1986 prmsule
3262 1931 3443 1972 mores

2223 2006 2564 2079 Conciperet,
2603 2020 2917 2079 quanquam
2937 2006 3101 2062 modo
3132 2005 3404 2063 barbarus
3441 2005 3520 2062 ille
3556 2005 3713 2059 venisset

3380 2097 3466 2172 [Β.
3488 2093 3669 2166 fuisset]?

2223 2190 2356 2260 Quis
2386 2190 2509 2248 fidei
2539 2198 2721 2263 posset
2742 2205 2910 2263 purus
2940 2178 3048 2248 non
3077 2190 3298 2247 fervere
3325 2189 3496 2247 cultor
3514 2230 3530 2257 ,

2222 2284 2336 2342 Etsi
2364 2285 2418 2340 in
2445 2292 2732 2342 centenum
2748 2282 2963 2354 iuratus
2989 2298 3145 2340 sacra
3169 2284 3442 2340 deorum!

2221 2375 2356 2446 Quis
2382 2375 2531 2433 ferus
2553 2390 2726 2447 usque
2751 2375 2908 2442 adeo,
2930 2388 3090 2446 quem
3119 2389 3232 2431 non
3266 2372 3673 2432 mitescemsancti

2221 2468 2409 2527 Gratia
2433 2469 2798 2541 compulerit?
2844 2469 3128 2540 Nunquam
3158 2467 3504 2526 sermonibus
3535 2467 3607 2524 illc

2224 2561 2359 2618 Rem
2384 2561 2553 2635 gessit
2578 2569 2786 2618 tantum
2802 2578 2820 2627 ;
2839 2570 3052 2634 poterat
3079 2561 3160 2618 sic
3180 2561 3422 2632 denique
3446 2559 3618 2632 sperni,

2225 2651 2284 2709 Si
2312 2668 2420 2710 non
2440 2661 2496 2712 et
2524 2655 2727 2711 faceret
2753 2672 2766 2711 :
2799 2653 3340 2725 contemnendusque
3366 2661 3570 2725 putatur

2226 2747 2425 2806 Doctor
2449 2749 2502 2804 in
2531 2748 2781 2819 eloquiis,
2813 2749 2916 2805 nisi
2946 2748 3051 2805 fert
3081 2747 3348 2819 sutl'ragia
3371 2747 3551 2804 factis:

2225 2843 2428 2913 Quave,
2456 2842 2598 2914 quod
2626 2851 2710 2899 est
2738 2842 2953 2899 Christo
2980 2842 3232 2909 charum,
3261 2843 3551 2899 subducere
3575 2835 3642 2892 vili

2221 2938 2358 2994 Arte
2381 2945 2544 3008 queat
2574 2936 2750 2992 luteos
2775 2935 3037 2993 exhalans
3074 2934 3315 3006 quisque
3343 2947 3572 3006 vapores,

2224 3029 2405 3103 Osque
2435 3031 2528 3088 Dei
2557 3031 2696 3099 dici,
2725 3046 2832 3088 non
2859 3040 2945 3087 est
2968 3029 3164 3086 eﬂ‘erre
3187 3029 3423 3086 facultas
3449 3038 3494 3084 ε.

2297 3125 2385 3181 65.
2426 3124 2642 3181 Tertius
2667 3134 2727 3180 ut
2748 3125 2927 3196 capiat
2950 3123 3120 3197 signis
3144 3125 3376 3181 exordia
3404 3123 3548 3187 liber,

2225 3219 2456 3276 Morales
2483 3234 2678 3291 operas
2705 3219 2881 3291 poscit
2904 3217 3060 3274 finire
3082 3220 3364 3276 secundus
3381 3236 3416 3288 ;.

2223 3310 2442 3384 Indigna
2469 3325 2778 3384 quanquam
2807 3310 2926 3382 cogi
2948 3310 3219 3368 brevitate
3245 3322 3520 3386 queratur.

2225 3510 2339 3574 vili.
2368 3511 2522 3582 quasi
2549 3527 2610 3568 os
2640 3527 2818 3569 meum
2845 3513 2972 3570 eris.
3020 3511 3151 3567 Vilis
3179 3522 3260 3568 est
3296 3511 3410 3569 Deo
3447 3513 3523 3567 hic
3539 3508 3717 3570 madv.

2221 3584 2527 3668 pretiosum,
2554 3583 2733 3638 anima
2766 3585 2835 3639 ad
2862 3584 3144 3668 im-qgirtem
3166 3586 3256 3639 sui
3275 3594 3474 3668 creata.
3511 3583 3717 3668 Notam}:

2222 3646 2353 3729 ibid.
2401 3646 2604 3729 Sensus
2619 3669 2750 3729 ergo
2775 3666 2858 3729 est
2886 3677 2903 3729 ε
2925 3646 3045 3729 Ι)ἷοὶ
3071 3670 3178 3710 non
3205 3664 3395 3729 potest
3415 3670 3513 3729 quo
3533 3646 3720 3729 pactoillt

2223 3725 2435 3782 animas
2463 3725 2574 3781 Deo
2622 3725 2824 3798 luerari
2875 3727 3125 3798 doctrina
3167 3725 3369 3798 possit,
3417 3725 3502 3798 qui
3545 3725 3720 3780 doctrin

2220 3798 2527 3868 exemplum
2573 3811 2681 3852 non
2731 3796 2991 3868 adjungit.

545 3942 3715 3974 mw

1645 4073 2077 4139 PRIEFATIO
2118 4075 2331 4139 LIBRI
2374 4076 2688 4154 TERTII,

1835 4223 2125 4298 Μονοκῳλῳ
2161 4217 2499 4302 explicata.

1907 4384 2392 4408 ~—

607 4492 696 4549 64.
711 4494 941 4568 Gyranti
953 4510 1157 4555 cuneos
1168 4493 1550 4555 Christicolum
1566 4513 1703 4572 quos
1713 4498 2118 4561 humusextullt
2139 4498 2194 4562 D
2219 4493 2314 4552 Sic
2341 4493 2496 4552 ἀοηῖε
2532 4495 2783 4554 homines
2807 4495 3096 4554 muniﬁcus
3118 4495 3364 4568 δρίιίιιιε
3391 4495 3580 4559 imbuit.

534 4583 788 4644 Occurrit
814 4589 953 4644 ratio
977 4605 1101 4646 cum
1132 4591 1448 4653 vehemens.
1477 4600 1590 4646 tum
1619 4591 1972 4663 moderatior,

535 4664 732 4724 Lector
753 4684 885 4739 pace
910 4677 1025 4736 tua,
1053 4685 1215 4740 quam
1243 4669 1405 4726 liceat
1423 4669 1654 4742 prodere
1673 4672 1862 4742 purius
1885 4689 1900 4727 :

533 4758 677 4816 Nulli
701 4759 895 4815 deterit
921 4761 1036 4815 hac
1062 4758 1224 4814 ofﬁcii
1255 4760 1730 4831 magniﬁcentiam.

507 4848 827 4921 'lnspectes,
855 4850 1019 4905 alium
1045 4850 1360 4908 muneribus
1379 4851 1645 4924 dogmatis
1679 4853 1867 4926 inclyti

534 4943 875 5020 Praepollerc,
907 4943 1070 4998 alium
1101 4959 1200 5016 pro
1227 4945 1434 5001 meritis
1460 4946 1719 5003 scandere
1746 4947 1944 5015 sidera,

509 5034 692 5092 Hunc
721 5037 890 5106 signis
913 5037 1182 5094 celebrem
1206 5038 1470 5094 clariﬁcat
1496 5038 1638 5094 fama
1660 5040 1891 5108 beatior,

538 5125 638 5180 Vix
668 5140 834 5180 unum
878 5126 1117 5183 invenias
1145 5129 1231 5184 cui
1260 5131 1427 5186 semel
1455 5131 1570 5188 haec
1592 5131 1776 5188 omnia
1822 5131 2111 5189 conﬂuant.

541 5217 772 5290 Vulgant
805 5217 1066 5275 Hilarium
1098 5233 1124 5262 α
1156 5224 1414 5293 septilidis
1439 5226 1644 5283 artibus
1680 5227 1969 5300 inclytum;

539 5308 801 5362 Martinus
829 5308 856 5348 ι’
881 5308 1050 5364 titulis
1074 5311 1401 5366 sitmiootens
1432 5325 1578 5366 astra
1615 5318 1957 5370 reverberat:

2216 4585 2340 4654 Qui,
2356 4598 2360 4604 '
2378 4601 2499 4642 cum
2526 4586 2845 4659 simpliciter
2868 4588 3185 4659 simplificus
3209 4591 3428 4647 substet
3443 4597 3494 4644 et
3513 4586 3673 4645 unicis.

2215 4674 2297 4732 Ob
2317 4675 2548 4734 fecunda
2580 4686 2760 4735 tamen
2782 4679 3062 4751 multiplici
3091 4681 3216 4738 dote
3243 4683 3578 4738 charismata.

2214 4765 2464 4824 Caelestis
2487 4768 2667 4840 potius
2692 4769 2996 4842 septilluum
3021 4772 3220 4843 pagina
3255 4779 3552 4844 concrepat.

2286 4857 2375 4914 65.
2415 4857 2460 4915 O
2492 4869 2680 4930 terque
2705 4869 2868 4932 atque
2889 4869 3082 4932 quater
3099 4862 3474 4934 magnificum,
3495 4855 3717 4920 ειάεοίςιι

3486 4947 3672 5024 [millies

2217 5041 2320 5100 Uni
2340 5043 2432 5115 qui
2455 5043 2650 5100 meruit
2679 5044 2819 5102 forte
2845 5045 2988 5102 bono
3007 5048 3423 5121 participarier!

2220 5133 2288 5192 Ut
2311 5135 2377 5190 de
2404 5134 2494 5191 illo
2519 5135 2728 5200 sileam,
2762 5137 2851 5207 qui
2879 5137 3143 5207 siquidem
3165 5138 3404 5210 plurima
3429 5132 3634 5194 rettulit;

2213 5225 2315 5282 Hic
2355 5225 2678 5297 Germanus,
2724 5229 2814 5286 hic
2839 5237 2940 5297 est,
2971 5229 3060 5286 cui
3089 5229 3288 5286 melico
3321 5228 3433 5302 [B.,
3458 5221 3618 5299 lyricol
3637 5230 3714 5274 αθ

3155 5321 3331 5370 lmine
3373 5318 3637 5370 nlaudimus
3655 5327 3668 5364 :
