3876 5416
63 292 184 349 εισι

1135 295 1223 350 DE
1266 294 1417 352 Vl'I'A
1460 292 1516 349 S.
1553 292 1881 349 GEIIIIANI.
1921 325 1987 333 -ο
2028 294 2136 349 LIB
2169 293 2254 348 IlI.

3174 292 3319 355 H32

60 408 205 463 Hunc
232 419 327 475 per
364 406 515 477 signa
549 415 728 461 tamen
774 404 1075 476 magnificis
1120 406 1307 462 confer
1351 405 1626 477 apostolis,
1658 411 1707 472 Λ
1736 406 1951 462 Stantes
1986 408 2247 471 ecclesiae,
2288 414 2340 462 et
2375 407 2570 462 vivifici
2608 406 2848 479 symbols
2881 407 3133 466 nominis.

60 498 113 554 Si
143 513 246 551 non
280 497 503 552 assimili
528 496 651 566 jure
677 505 871 568 potens
900 498 987 553 hic
1021 514 1236 570 quoque
1263 498 1559 570 Splendeat.

57 587 229 642 Testis
255 586 495 658 proluvie
523 587 722 660 Pelagii
755 597 1005 660 exempta
1034 588 1346 656 Britannia;

56 679 248 746 Testis,
277 696 384 753 qua
411 681 610 750 rigidas
636 680 724 736 ille
747 697 939 737 cruces
966 681 1157 738 cellula
1190 682 1442 752 pertulit;

53 772 262 840 Testes,
282 788 388 844 qua
409 773 622 830 facilem
642 789 875 844 cumque
898 776 1094 845 pedem
1124 775 1210 831 vel
1236 774 1405 832 semel
1432 770 1629 839 intulit,

1265 1054 1558 1134 LIBER
1635 1051 2115 1132 TERTIUS.

547 1345 774 1404 CAPUT
839 1345 1131 1403 PRIMUM.

53 1479 292 1536 Potestas
336 1479 450 1550 ejus
500 1478 754 1603 mirabiles
798 1479 856 1532 in
882 1478 1197 1603 (dentatus;
1246 1476 1514 1532 conversio
1567 1473 1629 1531 S.

735 1564 881 1603 amor
902 1565 999 1603 rm.

735 1564 999 1603 Wfﬂiﬂ.

117 1688 207 1743 66.
242 1688 541 1745 Creverunt
584 1687 731 1755 miri,
774 1688 984 1743 meritis
1022 1687 1414 1752 crescentibus,
1455 1694 1629 1751 actus,

48 1778 444 1850 Famosumque
467 1780 586 1834 viro
613 1794 710 1849 per
738 1780 891 1846 signa
919 1780 1157 1850 potentia
1186 1792 1381 1833 nomen
1458 1796 1465 1805 ί

46 1870 294 1927 Elicuere
323 1886 541 1939 cruces;
582 1887 809 1942 quarum
839 1886 947 1942 quo
977 1871 1163 1926 durior
1197 1885 1347 1935 usus,

44 1950 159 2016 Hoc
185 1961 239 2015 in
266 1961 544 2030 patrandis
583 1960 773 2015 melior
803 1960 1118 2029 praestantia
1149 1960 1321 2015 miris.

40 2050 379 2122 Principium
410 2048 531 2105 tulit
553 2051 659 2115 bis,
688 2066 794 2104 non
824 2051 1159 2121 experientia
1182 2049 1324 2119 juris

42 2142 196 2198 Vana
222 2144 477 2209 sni,.nec,
508 2159 613 2213 qua
640 2143 910 2211 quondam
935 2142 1223 2213 capiuntur
1246 2142 1470 2206 inertes,

38 2235 430 2291 Exauctorataz
452 2226 589 2290 levis
626 2233 988 2289 inconstantia
1012 2233 1244 2299 mentis;

37 2331 245 2385 Verum
279 2337 408 2384 nota
436 2328 593 2385 bonis
616 2328 745 2383 fessi
779 2326 1082 2396 compassio
1108 2325 1317 2391 fratris,

35 2420 139 2475 Cui
170 2435 280 2475 non
303 2420 449 2476 ferre
476 2434 695 2474 manum
727 2433 852 2488 pars
880 2426 963 2473 est
988 2417 1204 2488 indigna
1230 2422 1415 2470 reatus
1446 2426 1495 2468 ει.

111 2512 203 2566 67.
247 2512 458 2567 Extulit
487 2512 576 2567 illa
599 2511 773 2566 virum
800 2509 991 2565 studiis
1019 2508 1313 2579 frugalibus
1343 2517 1495 2572 mtas,

38 2600 248 2659 Ofﬁciis
278 2603 513 2658 habilem
539 2603 763 2674 primis;
791 2601 1085 2658 Ianuarius
1113 2601 1206 2657 olli

38 2692 358 2763 Cognomen
390 2694 589 2764 gentile
618 2692 740 2758 fuit,
768 2692 868 2748 sub
895 2692 1125 2761 praeside
1155 2692 1408 2763 princeps

41 2784 301 2840 Delectus
324 2783 506 2853 pensis
525 2791 739 2855 gentem
770 2782 1002 2837 multare
1028 2782 1268 2837 tributis.

41 2860 318 2928 Ponderi§
339 2873 513 2927 exacti
537 2880 847 2943 congestam
876 2880 1117 2941 tempore
1147 2886 1415 2926 summam

48 2963 211 3018 Forte
241 2961 450 3018 ferebat
478 2977 566 3027 eo,
593 2962 765 3032 plenis
788 2970 845 3016 ut
870 2961 976 3015 lata
1000 2961 1275 3017 crumenis

46 3053 290 3109 Adderet
313 3053 541 3109 exoticis
570 3052 762 3108 aeraria
792 3053 1004 3122 publica
1032 3053 1205 3123 gazis.

48 3145 119 3212 Is,
152 3146 302 3218 quod
329 3155 447 3201 erat
474 3146 648 3201 sancti
679 3146 905 3201 devotus
934 3159 1098 3198 verna
1124 3144 1353 3209 timoris,

49 3235 238 3291 Visere
264 3235 578 3306 pontificem
608 3234 834 3305 vestigia
862 3233 1018 3289 torsit
1044 3233 1096 3288 in
1124 3237 1335 3299 urbem,

46 3324 335 3398 Indignum
364 3325 564 3396 pietate
592 3335 765 3390 ratus,
790 3339 914 3379 cum
936 3324 1183 3380 cominus
1205 3322 1321 3397 (B.,
1346 3326 1645 3395 proximus)

196 3476 203 3487 ‘
1376 3413 1572 3486 [essct,

46 3504 392 3565 Prteteriisse
418 3509 594 3564 virum
625 3526 638 3562 :
666 3507 790 3563 tulit
821 3507 950 3563 hinc
978 3508 1046 3562 ad
1075 3508 1275 3564 mmnia
1305 3522 1571 3579 gressum.

50 3596 170 3652 Mox
212 3598 495 3667 vectigalis
518 3613 712 3668 passus
740 3598 1019 3669 dispendia
1053 3599 1220 3663 sacci,

47 3674 164 3743 Jam
196 3705 327 3745 reus
355 3697 460 3752 est,
488 3699 543 3744 et
571 3688 747 3744 adhuc
772 3688 971 3759 capitis
998 3689 1312 3744 discrimina
1341 3688 1516 3743 nescit
1541 3705 1553 3741 :

46 3778 296 3836 Amissos
322 3780 504 3851 rapuit
529 3796 789 3851 pervasus
814 3781 1059 3837 daemone
1083 3781 1304 3851 quidam

48 3869 182 3927 Cum
208 3888 376 3929 sacco
407 3888 685 3940 nummos;
718 3887 948 3946 cumque
978 3873 1193 3928 adforet
1216 3873 1424 3928 arbiter
1445 3873 1644 3941 omnis,

48 3961 305 4020 Condidit
335 3964 393 4020 iu
420 3963 676 4020 latebras.
719 3963 941 4019 Damnis
970 3963 1220 4019 addictus
1255 3963 1281 4003 δ
1313 3964 1548 4029 amaris,

48 4053 94 4109 Α
124 4072 370 4127 quonam
403 4065 613 4127 repetat
639 4058 780 4128 quod
804 4071 912 4112 non
939 4057 1275 4113 commiserit
1302 4057 1394 4113 ulli
1423 4059 1444 4112 ?

50 4149 259 4206 Anxius
286 4149 515 4206 incertis
541 4149 722 4220 cpplet
744 4148 1128 4220 conquestibus
1156 4149 1379 4218 urbem;

48 4240 201 4311 Itque
224 4242 478 4312 reditque
501 4242 675 4307 viam;
708 4256 814 4312 qua
841 4256 985 4297 nunc
1017 4242 1244 4312 vestigia
1265 4242 1489 4314 pressit,

50 4330 429 4404 Nequidquam
459 4332 730 4402 relegens;
763 4332 905 4403 quod
933 4348 1020 4389 res
1046 4332 1314 4405 incognita
1352 4344 1575 4406 perstat.

51 4420 320 4493 Collapsis
341 4422 561 4492 spebus,
583 4421 695 4476 sola
725 4423 841 4477 haec
872 4423 1142 4478 sententia
1174 4425 1377 4481 mansit

52 4509 109 4564 In
150 4520 409 4567 sanctum
453 4510 751 4566 transferre
776 4510 950 4566 virum
984 4513 1326 4582 reparamina
1356 4514 1572 4580 damni;

54 4599 206 4658 Hunc
245 4601 524 4673 precibus,
549 4602 693 4657 hunc
725 4608 780 4656 et
811 4601 1064 4673 Iacrymis
1092 4603 1366 4661 incessere
1397 4604 1573 4666 veris;

55 4691 207 4749 Haud
229 4692 397 4749 aliter
422 4708 585 4763 quam
615 4694 872 4764 depositis
900 4694 1170 4751 obnoxius
1195 4706 1362 4753 esset.

54 4781 261 4841 Prmsul
290 4784 532 4856 lugentis
552 4793 754 4840 sortem
782 4785 1071 4840 miseratus
1098 4785 1361 4855 iniquam,

55 4873 221 4931 Posse
249 4875 540 4932 reformari
572 4876 799 4946 spondet
829 4875 1109 4945 dispendia
1140 4876 1254 4933 fisci
1288 4895 1302 4931 :

58 4963 333 5022 Femineis
368 4965 610 5019 animum
638 4964 764 5019 velit
783 4978 1079 5020 exonerare
1104 4968 1340 5037 querelis
1368 4984 1380 5018 :

56 5052 312 5113 Praesulis
341 5058 579 5113 edictum
617 5065 725 5112 tota
758 5073 880 5113 mox
902 5059 1035 5113 urbe
1059 5065 1341 5118 nenendit:

1739 495 1996 551 Excursis
2025 496 2189 568 igitur
2215 495 2481 565 principio
2504 497 2744 551 moribus
2771 497 3009 567 optimis,

1740 584 1893 641 Ultro
1927 584 2078 659 signa
2109 594 2305 640 vocant
2338 584 2799 655 quadriﬁdo‘orbe
2829 587 3103 643 micantia.

1740 677 1856 735 Huc
1881 695 1978 735 nos
2001 679 2254 750 auspiciis
2283 680 2361 734 ire
2388 678 2562 745 bonis,
2591 679 2810 752 inclyte,
2850 679 3109 735 luminum

1737 768 1884 826 Fons
1904 770 2153 841 idemque
2181 777 2335 842 pater
2358 770 2450 841 qui
2488 771 2684 828 merito
2718 771 2939 837 diceris,
2969 786 3170 827 annue.

2752 1203 2796 1229 ,ρ

1737 1323 1961 1382 Publica
1990 1327 2045 1382 ni
2076 1326 2239 1384 fuerit
2261 1337 2539 1400 comperta
2566 1332 2815 1403 pecunia,
2842 1331 2997 1402 dixit,

1738 1414 1857 1471 lam
1887 1416 2080 1488 laqueo
2107 1419 2292 1475 elisam
2319 1419 2471 1477 flebis
2495 1422 2771 1480 discedere
2800 1423 2986 1480 vitam.

1739 1505 1878 1574 Quid
1909 1509 2083 1578 pietas
2109 1511 2337 1581 ageret?
2364 1510 2521 1568 Iubet
2549 1529 2581 1569 e
2603 1514 2930 1584 patientibus
2954 1531 3123 1573 unum

1740 1596 1941 1652 Acciri.
1991 1597 2136 1654 Casu
2165 1599 2385 1658 sceleris
2412 1602 2696 1659 deducitur
2724 1610 2931 1661 auctor.

1739 1685 1994 1759 Imperat,
2022 1689 2200 1746 edicat
2227 1693 2370 1761 pacti
2399 1695 2644 1766 contagia
2679 1694 2825 1749 furti.

1665 1798 1709 1857 Β
1741 1777 1833 1833 Ille
1859 1777 2003 1834 fovet
2032 1778 2313 1836 latebram.
2343 1778 2572 1838 Produci
2605 1786 2658 1839 in
2688 1784 2843 1856 plebe
2870 1795 3158 1857 negantem

1741 1866 1861 1921 Mox
1878 1866 2068 1935 jubet:
2094 1869 2219 1925 hinc
2242 1871 2414 1927 sacris
2438 1888 2559 1928 sese
2584 1873 2897 1930 solemniter
2920 1884 3105 1947 aptat:

1740 1955 1910 2011 Elatis
1940 1957 2188 2013 manibus
2212 1958 2425 2028 plebem
2456 1964 2523 2017 de
2548 1977 2697 2018 more
2725 1964 2970 2021 salutans

1741 2043 2039 2110 Sternitur,
2077 2054 2133 2102 et
2168 2048 2368 2103 terrain
2398 2061 2648 2120 porrecto
2673 2067 2901 2124 corpore
2931 2069 3204 2125 pressans,

1740 2134 1988 2205 Ingemit.
2036 2136 2256 2191 Orantis
2293 2138 2589 2194 hauserunt
2619 2141 2798 2196 sidera
2827 2158 3032 2198 vocent.

1740 2224 1852 2281 Nec
1874 2242 2045 2294 mora,
2079 2236 2192 2282 tum
2218 2229 2466 2286 volucres
2492 2231 2668 2302 agitur
2703 2233 2948 2303 captivus
2976 2235 3028 2289 in
3072 2250 3251 2291 auras.

1743 2316 2033 2388 Suppliciis
2063 2318 2255 2374 saltem
2290 2321 2404 2376 veri
2436 2321 2759 2377 documenta
2786 2324 3031 2379 daturus.

1741 2408 2040 2466 Ecclesiam
2062 2409 2286 2477 clamor,
2313 2412 2568 2483 populum
2598 2414 2882 2483 trepidatio
2919 2415 3172 2486 complet.

1746 2502 1951 2557 Extulit
1972 2502 2062 2558 illa
2092 2502 2209 2560 dies
2237 2504 2391 2560 miris
2415 2506 2718 2575 spectacula
2750 2507 2933 2575 rebus,

1744 2591 1901 2660 Quod
1925 2609 2052 2649 reus
2081 2603 2134 2648 et
2162 2594 2330 2665 judex
2357 2595 2471 2649 acri
2500 2596 2796 2652 certamine
2824 2612 3043 2653 causam

1744 2683 2061 2755 Expendere
2092 2701 2243 2741 suam
2269 2702 2282 2739 :
2302 2685 2449 2757 jacet
2480 2686 2589 2750 hic,
2615 2686 2877 2744 attollitur
2903 2687 3025 2755 ille;

1744 2775 1851 2832 Iste
1873 2778 2048 2833 solum
2077 2778 2346 2849 precibus,
2376 2787 2566 2835 ventos
2589 2780 2788 2849 premit
2813 2781 2903 2837 ille
2924 2782 3194 2853 querelis;

1743 2865 1985 2938 Contigit
2011 2868 2100 2923 hic
2126 2877 2350 2935 terram,
2378 2868 2513 2940 fugit
2534 2871 2624 2926 hic
2647 2872 2964 2943 contingere
2994 2882 3218 2939 terram,

1747 2957 1905 3014 Stare
1931 2958 2050 3014 loco
2076 2958 2264 3014 infelix
2299 2959 2570 3015 modicum
2607 2977 2715 3017 non
2742 2978 2906 3018 ausus
2935 2962 3149 3029 eodem,

1742 3049 1825 3106 Ac
1846 3052 1995 3108 velut
2020 3051 2225 3122 ingenti
2260 3053 2693 3111 circumvallatus
2726 3055 2794 3110 ab
2828 3055 2971 3127 igne,

1669 3165 1716 3228 ρ
1747 3140 2077 3198 Germanum
2108 3144 2399 3211 inclamat,
2431 3146 2745 3218 crimenque
2772 3163 2839 3204 ex
2869 3148 3058 3205 ordine
3087 3148 3260 3205 fassus

1747 3231 1972 3303 Digerit.
2021 3233 2439 3292 Antistes‘artus
2466 3251 2497 3292 e
2524 3238 2746 3307 pulvere
2775 3240 2986 3307 tollens,

1745 3319 1991 3376 Concivit
2018 3323 2299 3390 miserum,
2329 3342 2621 3398 coramque
2647 3330 2904 3385 assistere
2927 3330 3109 3399 jussit,

1746 3409 1912 3478 Inque
1934 3426 2093 3466 aures
2116 3413 2298 3483 populi
2329 3416 2524 3470 seriem
2548 3432 2870 3487 percurrere
2895 3418 3058 3485 furti;

1748 3499 1901 3566 Quod
1927 3511 2195 3572 superest,
2219 3504 2363 3558 notis
2384 3505 2585 3561 solidos
2613 3505 2804 3563 efferre
2829 3507 3069 3564 latebris.

1748 3590 1934 3647 Elatus
1963 3592 2144 3662 populi
2172 3595 2415 3664 percellit
2440 3597 2618 3651 sidera
2644 3597 2870 3665 clamor,
3072 3608 3073 3611 ‘

1748 3680 2002 3737 Germani
2045 3684 2297 3739 meritum
2322 3685 2632 3758 Christique
2661 3690 2891 3762 insignia
2920 3700 3145 3748 testans.

1820 3774 1908 3831 69.
1949 3775 2157 3831 Dicitur
2184 3779 2439 3848 auspiciis
2466 3781 2580 3837 haec
2608 3784 2940 3854 experientia
2968 3785 3158 3856 primis

1749 3863 2099 3937 Applausisse
2124 3868 2260 3935 viro,
2286 3885 2373 3926 res
2398 3880 2482 3927 est
2505 3874 2646 3944 quod
2668 3875 2885 3944 publice
2910 3886 3095 3948 gesta;

1751 3954 1906 4026 Saepe
1929 3966 2107 4013 tamen
2131 3956 2291 4016 ﬂatus
2320 3970 2342 4000 α
2371 3971 2678 4019 extruserat
2704 3964 2792 4020 ille
2812 3966 3074 4037 superbos
3100 3985 3115 4034 ;

1751 4045 1957 4104 Secreti
1979 4050 2203 4119 cupidus
2224 4051 2394 4107 voluit
2416 4054 2508 4108 sed
2529 4054 2758 4123 prodere
2787 4057 2938 4111 nulli.

1822 4140 1911 4196 70.
1950 4141 2086 4196 Cum
2114 4151 2303 4199 sancto
2330 4152 2515 4213 partes
2540 4144 2742 4200 infessa
2771 4146 2865 4203 lite
2889 4148 3125 4204 sinistrae

1751 4228 2042 4288 Certavere
2064 4232 2210 4299 viro;
2244 4235 2473 4303 quodam
2503 4236 2598 4290 sed
2636 4243 2876 4308 tempore
2902 4239 3101 4295 bellum

1750 4322 1943 4377 Acrius
1964 4323 2239 4390 incubuit;
2272 4324 2544 4396 multaque
2566 4327 2709 4382 hunc
2733 4338 2848 4383 arte
2871 4330 3097 4399 petitum

1754 4414 1826 4471 Ut
1852 4415 2035 4471 videre
2060 4416 2172 4471 suis
2193 4417 2431 4487 patulum
2459 4435 2566 4475 non
2598 4420 2790 4477 cedere
2816 4422 2960 4488 telis,

1673 4516 1725 4577 1)
1750 4504 2081 4578 Concepturu
2111 4509 2211 4564 sub
2236 4510 2399 4565 corde
2431 4509 2582 4566 nefas
2609 4511 2663 4567 in
2691 4512 2888 4569 damna
2917 4512 3087 4568 tulere

1750 4602 1960 4668 Plebis;
1995 4602 2047 4657 in
2078 4603 2216 4659 hanc
2244 4612 2390 4659 atras
2424 4605 2639 4660 tandem
2669 4620 2933 4661 exeruere
2957 4606 3265 4676 pharetras.

1749 4694 2016 4749 Continuo
2043 4694 2166 4751 latis
2190 4697 2371 4753 clades
2401 4696 2679 4753 incanduit
2709 4700 2874 4764 arvis,

1754 4787 1989 4859 Diraque
2015 4805 2111 4859 per
2136 4804 2348 4849 vastum
2376 4796 2591 4860 reptant
2627 4793 2878 4866 contagia
2914 4789 3127 4862 vulgus.

1756 4881 1991 4953 Spiritus
2010 4883 2036 4921 σι
2064 4884 2303 4942 obsessis
2331 4900 2533 4953 angens
2560 4889 2861 4956 praecordia
2889 4884 3171 4953 claustris,

1761 4973 2037 5044 Egraque
2062 4986 2160 5041 per
2190 4976 2424 5033 tumidas
2452 4976 2676 5047 adigens
2704 4978 2945 5053 suspiria
2968 4973 3181 5042 fauces,

1760 5064 2027 5119 Compulit
2046 5064 2249 5120 infesto
2271 5064 2526 5120 nonulum
2556 5075 2917 5120 succumbere
2941 5066 3121 5120 letho.
