3876 5416
554 318 695 378 1165
1550 324 1779 381 HERICI
1816 322 2125 382 MONACHI
2166 320 2827 383 ANTISSIODORENSIS
3182 280 3189 283 1
3580 334 3681 393 1161

546 435 711 509 Inque
757 436 872 493 dies
915 438 1041 493 saevi
1085 437 1412 494 crudescunt
1453 440 1731 515 σπέρματα
1772 438 1859 513 (Β.
1893 434 2126 512 semina)
2159 439 2207 500 Α
2238 437 2526 508 Expertus,
2554 438 2747 494 surdos
2777 435 3137 509 nequidquam
3167 438 3218 495 in
3244 446 3351 496 vota
3374 445 3532 509 vocari,

1836 526 2055 603 [morbi,

543 615 711 671 Ferre
738 632 954 672 manum
980 632 1159 684 nemo,
1188 616 1316 674 fatis
1338 633 1627 674 occurrere
1649 635 1827 674 nemo.

543 706 774 776 Agnovit
803 706 1003 762 veteris
1028 708 1148 777 pius
1186 718 1504 780 argumenta
1538 708 1777 781 chelydri

540 795 767 864 Prmsul,
794 798 1121 853 et-indoluit.
1155 797 1308 854 Sacri
1342 808 1453 854 tum
1480 801 1756 855 schemate
1786 799 1924 871 signi

539 884 734 941 lznbuil
757 886 974 942 allatum
1003 888 1287 960 verbisque
1305 891 1617 959 potentibus
1648 904 1909 960 unguem.

541 978 655 1034 lloc
685 980 905 1050 depulsa
937 981 1074 1048 lues,
1108 984 1213 1037 hoc
1241 983 1363 1037 vitae
1389 981 1595 1037 reddita
1625 983 1826 1054 plebes,

540 1072 751 1128 Halitus
782 1082 946 1144 atque
971 1076 1125 1131 cibus
1155 1083 1300 1130 tactu
1328 1086 1575 1145 reparata
1610 1074 1857 1145 liquoris,

534 1165 838 1233 Perniciem
874 1167 1162 1238 pepulere,-
1196 1168 1344 1223 salus
1372 1168 1565 1223 festina
1592 1169 1823 1223 recurrit
1848 1186 1861 1222 :

537 1255 795 1332 Purgavit
818 1258 1059 1315 medicus
1084 1258 1444 1327 quodcunque
1468 1257 1729 1313 infecerat
1756 1257 1982 1329 hydrus.

534 1334 875 1405 Daemonicos
906 1348 1066 1405 flatus
1099 1351 1261 1405 talem
1291 1351 1494 1406 sevisse
1523 1350 1734 1405 ruinam

533 1438 663 1495 Post
684 1441 891 1511 patuit;
930 1458 1161 1512 namque
1188 1458 1216 1497 a
1246 1443 1447 1498 misero
1475 1443 1600 1497 dum
1631 1441 1850 1512 pellitur
1876 1457 1982 1498 uno

2231 529 2420 586 Iudice
2445 528 2784 597 Christicola,
2827 529 3091 586 inciderat
3125 546 3277 600 quem
3303 530 3422 588 forte
3442 533 3485 600 ἀ,
3519 535 3666 605 Sabino,

2232 619 2582 676 Formantem
2607 622 2874 692 exemplis
2898 621 3114 677 decreta
3146 623 3416 678 monastica
3434 625 3608 695 pulchris

2230 708 2557 765 Germanum
2582 711 2825 780 expetiit.
2860 710 3058 766 Rerum
3077 709 3189 781 jam
3220 713 3435 783 cognitor
3455 714 3513 769 illi

2232 799 2485 871 Signarat
2513 816 2846 873 causamque
2871 802 2991 868 viri,
3021 811 3309 873 votumque
3335 803 3602 874 modumque,

2227 888 2347 945 Jam
2395 890 2509 948 fere
2551 890 2662 964 [B.,
2715 889 2908 963 prope]
2956 891 3259 961 contigerat
3298 893 3423 949 sacri
3460 893 3528 964 pia
3555 894 3671 950 limina

3509 982 3629 1055 pecli,

2226 1071 2429 1128 Obvius
2457 1072 2681 1129 antistes
2715 1080 2771 1127 et
2800 1087 2858 1127 se
2886 1080 3001 1127 tum
3026 1071 3167 1128 forte
3196 1071 3406 1129 ferebat.

2226 1162 2317 1218 llle
2345 1164 2462 1219 solo
2489 1172 2733 1219 sanctum
2764 1165 2991 1235 supplex
3019 1162 3223 1218 atfusus
3258 1163 3460 1219 adorat:

2223 1254 2477 1310 Erectum
2506 1256 2701 1327 praesul
2736 1257 2876 1311 miro
2907 1255 3215 1325 dignamine
3238 1254 3472 1321 mulcens,

2221 1345 2546 1419 Ingreditur,
2576 1348 2854 1419 gratisque
2876 1346 3150 1401 hominem
3179 1346 3489 1402 sermonibus
3507 1344 3632 1411 afﬂat;

2219 1436 2333 1492 ltur
2358 1439 2426 1494 ad
2453 1438 2755 1503 ecclesiam,
2785 1438 3010 1493 credens
3037 1437 3371 1509 perfunditur
3392 1439 3543 1504 undis;

2222 1527 2431 1582 Exutus
2464 1528 2659 1584 veteris
2688 1527 2903 1583 tandem
2928 1527 3204 1597 squallore
3239 1527 3473 1597 parentis,

536 1533 805 1604 Spiritus,
866 1532 919 1589 id
975 1534 1157 1590 retulit
1213 1542 1507 1605 sanctoque
1570 1548 1762 1589 manus
1810 1534 1877 1589 ad
1936 1532 2113 1589 sidera

1805 1625 1991 1698 [dante
2016 1638 2041 1667 ι
2217 1620 2461 1676 Induitur
2480 1621 2717 1688 niveam,
2753 1631 2958 1677 mutata
2989 1631 3196 1687 mente,
3230 1622 3472 1693 ﬁguram:

532 1715 770 1772 Turbine
792 1718 1077 1773 verborum
1109 1727 1321 1789 turpem
1348 1718 1625 1789 excepisse
1654 1715 1945 1786 repulsam.
2142 1787 2157 1789 A
2219 1712 2360 1780 Quin
2391 1721 2446 1768 et
2472 1727 2766 1782 corporeos
2794 1713 2963 1768 sensit
2993 1712 3299 1768 concedere
3325 1714 3539 1778 morbos;

604 1812 693 1866 71.
732 1810 950 1867 ίΕηιιιιίι
990 1812 1248 1867 virtutum
1289 1827 1596 1883 proponens
1624 1810 1846 1882 praemia
1876 1809 2109 1875 cunctis,
2141 1787 2188 1848 Β
2215 1804 2460 1877 Cumque
2485 1821 2647 1860 manu
2675 1805 2856 1860 lumen
2884 1820 3008 1861 sese
3033 1805 3302 1860 meruisse
3328 1805 3530 1877 gavisus,

2215 1893 2419 1952 Etatis
2440 1896 2705 1967 reliquum
2734 1897 2907 1952 sancti
2935 1896 3036 1951 sub
3065 1897 3290 1952 numine
3315 1897 3469 1953 duxit.

2827 2007 3057 2064 CAPUT
3094 2008 3160 2063 11.

530 1900 686 1956 Nunc
715 1903 1031 1969 monachos,
1062 1918 1204 1957 nunc
1233 1902 1320 1957 ille
1343 1902 1547 1957 citabat
1578 1901 1643 1956 ad
1676 1901 1843 1957 ardua
1870 1890 2109 1956 clerumi

529 1992 707 2062 Seque
756 1992 842 2048 his
889 2000 1207 2063 praesentem
1239 1991 1446 2047 vicibus
1480 1991 1607 2047 dum
1647 1992 1895 2048 redderet
1918 1989 2109 2062 mquis,

527 2082 770 2151 Quadam
800 2082 939 2138 forte
965 2082 1053 2139 die
1077 2082 1344 2153 rogitatus
1373 2082 1549 2138 visere
1576 2081 1799 2149 fratres,

525 2171 748 2238 Abnuit,
784 2170 1006 2227 alterius
1034 2170 1305 2227 distentus
1334 2172 1570 2241 pondere
1599 2187 1796 2228 causae.

528 2261 665 2317 Ecce
702 2261 794 2316 sed
822 2270 1104 2331 exemptus
1135 2276 1262 2316 cura
1294 2276 1540 2332 nexuque
1566 2263 1750 2334 negoti

523 2350 653 2406 Post
680 2351 978 2417 modicum,
1007 2351 1224 2423 ignaros
1256 2349 1454 2407 fratres
1475 2368 1727 2423 egressus
1750 2353 1951 2409 adibat.

524 2443 879 2499 Obsessorum
904 2460 1044 2499 unus
1078 2445 1291 2515 patiens
1316 2446 1381 2500 ad
1414 2446 1598 2502 limina
1630 2447 1893 2513 fratrum,

531 2534 763 2605 Plusque
790 2533 974 2591 furens
1002 2534 1182 2602 solito,
1211 2551 1396 2591 vocem
1428 2554 1526 2608 per
1554 2537 1735 2593 inania
1769 2538 1924 2605 tollit,

422 2634 429 2639 '
520 2623 720 2678 Adfore
751 2623 1080 2680 Germanum
1108 2625 1276 2680 vicini
1307 2626 1371 2681 ad
1396 2624 1633 2682 fluminis
1662 2642 1810 2693 oras,

520 2714 631 2772 Nec
662 2717 778 2772 sine
812 2717 1089 2788 pur-inissa
1118 2717 1339 2791 pelagus
1376 2716 1487 2790 [B.,
1529 2717 1773 2791 fluvium]
1825 2727 2105 2774 transcend

698 2808 701 2811 ’
1576 2807 1730 2882 [dere
1759 2808 1786 2849 b
1818 2809 2030 2880 cymba,

518 2900 727 2955 Fallere
757 2899 1000 2955 fallacem
1032 2899 1209 2955 fallaci
1240 2909 1459 2972 pectore
1487 2909 1687 2966 vatem,

513 2993 815 3048 Asseruere
840 2993 962 3058 diu;
992 2992 1197 3049 clamor
1223 2994 1319 3049 sed
1354 2992 1598 3064 pressius
1626 2992 1860 3060 instans,

514 3083 732 3139 Certius
768 3083 819 3138 id
848 3084 1001 3149 sciri,
1030 3098 1133 3139 nec
1163 3099 1278 3138 rem
1323 3082 1541 3139 differre
1571 3083 1846 3139 monebat.

516 3176 711 3231 Missus
737 3175 802 3231 ad
832 3175 946 3231 haec
981 3175 1165 3244 frater,
1194 3185 1373 3233 certos
1406 3177 1469 3232 de
1496 3175 1724 3249 praesule
1749 3176 1925 3234 reddit
1950 3195 1964 3233 :

512 3266 718 3337 Cymba
750 3266 909 3334 volat,
943 3275 1266 3343 gratumque
1302 3267 1449 3325 vehit
1480 3268 1740 3324 fidissima
1766 3271 2005 3340 pondus;

514 3357 798 3428 Excipitur
831 3355 988 3414 solito
1012 3356 1238 3413 fratrum
1271 3357 1485 3414 fervore
1512 3359 1767 3415 sacerdos
1798 3366 1815 3414 :'

512 3448 778 3505 Incumbit
804 3449 1077 3521 precibus,
1108 3448 1353 3520 sequitur
1378 3464 1540 3520 quem
1570 3449 1757 3505 concio
1788 3456 1918 3504 tota.

512 3540 796 3612 Extemplo
824 3539 1015 3596 validis
1036 3548 1302 3596 arctatum
1335 3540 1560 3595 nexibus
1592 3541 1764 3596 hostis

516 3633 796 3706 Captivum
827 3634 1056 3691 sublime
1083 3635 1223 3706 rapit
1248 3651 1263 3701 ;
1294 3634 1530 3704 dumque
1560 3634 1661 3690 iste
1691 3644 1937 3691 moratur

521 3739 568 3778 ι]
594 3722 865 3794 precibus,
897 3722 1031 3777 furit
1060 3723 1167 3787 hic,
1201 3731 1255 3778 et
1281 3723 1564 3792 questibus
1596 3739 1722 3779 aera
1754 3724 2010 3795 complet,

522 3815 692 3885 seque
725 3813 872 3869 ferox
902 3814 1088 3869 miseri
1118 3814 1441 3869 trudendum
1467 3823 1686 3886 pectore
1709 3816 1984 3884 frendens,

510 3904 728 3958 taedere
755 3918 1045 3973 corporeos
1070 3902 1261 3957 saltem
1296 3903 1570 3959 sineretur
1592 3914 1650 3960 ut
1679 3915 1829 3965 artus

522 3992 765 4063 mplorat
798 4011 811 4047 :
841 3994 933 4049 sed
962 4003 1017 4049 et
1044 3994 1148 4049 hoc
1177 3994 1275 4048 sibi
1307 4010 1415 4050 non
1438 3995 1733 4054 succedere
1761 4007 1966 4067 certus,

526 4084 657 4139 tixiit
679 4084 967 4141 obscenam
997 4085 1307 4157 compulsus
1339 4102 1588 4158 rumpere
1613 4099 1822 4161 partem
1849 4108 1862 4146 :

526 4178 820 4251 londignus
842 4180 1085 4250 sequitur
1111 4179 1247 4236 furis
1270 4180 1496 4252 vestigia
1529 4180 1689 4250 fetor,

506 4270 713 4325 Claruit
740 4285 870 4342 ergo
894 4271 1046 4328 locus
1072 4272 1280 4329 meritis
1309 4281 1365 4327 et
1397 4274 1601 4329 honore
1627 4275 1892 4346 magistri,

507 4361 575 4416 Et
596 4361 981 4416 succedentium
1014 4362 1381 4419 moderamine
1403 4362 1788 4433 discipulorum

505 4453 598 4509 llle
626 4454 738 4509 diu.
770 4453 1049 4509 Calamum
1074 4454 1313 4511 brevitas
1337 4470 1369 4511 a
1398 4455 1596 4513 talibus
1622 4467 1774 4513 arcet
1795 4469 1841 4513 ο.

2212 2097 2348 2171 Ejus
2394 2100 2569 2171 pietas
2614 2116 2737 2171 erga
2768 2100 3094 2171 defunctos;
3150 2099 3480 2154 remuneratio
3519 2098 3676 2171 hospitii;

2285 2169 2464 2240 electio
2501 2170 2571 2224 ad
2612 2169 2992 2240 expedilimwm
3035 2170 3429 2236 Britannicam;
3462 2170 3676 2224 conseruit

2279 2239 2341 2295 S.
2370 2240 2649 2311 Geuovefa:
2680 2239 2918 2312 uirginis.

2279 2351 2373 2409 73.
2406 2351 2659 2407 Veridico
2687 2364 2935 2407 sermone
2955 2351 3099 2408 Deus
3131 2353 3279 2408 haud
3308 2352 3502 2425 profore
3518 2349 3614 2407 dixit

2218 2444 2411 2499 lntima
2449 2444 2548 2499 sub
2572 2445 2734 2500 modii
2764 2453 2960 2500 tectam
2987 2454 3204 2514 torpere
3268 2444 3530 2501 lucernam.

2209 2534 2444 2590 Noverat
2465 2536 2518 2591 id
2546 2544 2731 2591 noster
2751 2536 3010 2606 praecelsa
3037 2535 3297 2606 dogmate
3321 2544 3505 2606 pastor,

2207 2626 2317 2683 Nec
2351 2627 2658 2698 patiebatur
2687 2627 2908 2682 latebris
2936 2627 3246 2682 consistere
3273 2627 3443 2682 caecis.

2206 2718 2405 2773 Bruma
2436 2718 2710 2789 pruinosis
2736 2718 3043 2772 increverat
3066 2718 3291 2773 horrida
3317 2718 3496 2783 terris;

2207 2810 2298 2866 Ille
2330 2810 2434 2866 iter
2462 2811 2739 2876 insistens,
2769 2809 2988 2864 admota
3020 2817 3206 2875 nocte,
3241 2819 3477 2864 monetur
3541 2864 3559 2889 O

2206 2899 2451 2971 Hospitio
2478 2899 2637 2956 fessis
2667 2900 2917 2955 tenebras
2949 2897 3249 2955 defendere
3278 2900 3530 2956 membris.

2205 2995 2262 3050 1d
2291 2995 2461 3051 solum
2493 3009 2507 3049 :
2536 3012 2659 3050 nam
2690 3003 2862 3066 empta
2891 2995 3007 3050 viro
3030 2993 3246 3064 jejunia
3279 3003 3518 3066 perstant.

2207 3085 2370 3141 Forte
2398 3085 2581 3157 procul
2617 3097 2810 3156 parent
2835 3087 3031 3142 veteris
3059 3087 3294 3158 vestigia
3318 3087 3465 3150 villm,

2128 3145 2173 3207 C
2207 3175 2461 3232 Putribus
2495 3192 2696 3231 annosa
2723 3177 2945 3249 jamjam
2975 3178 3275 3233 solitudine
3303 3180 3481 3245 tectis;

2201 3263 2323 3319 Alta
2349 3274 2663 3321 veternosas
2690 3266 2944 3322 cohibent
2972 3268 3196 3323 arbusta
3231 3268 3446 3323 ruinas:

2203 3353 2357 3409 Saeva
2386 3354 2487 3409 loci
2520 3355 2710 3423 facies,
2741 3364 2852 3411 tum
2880 3358 3231 3411 conversatio
3257 3372 3416 3413 saeva.

2200 3442 2500 3501 Praestabat
2525 3447 2697 3518 rigido
2719 3454 2932 3502 noctem
2959 3447 3270 3503 subducere
3295 3449 3445 3514 caelo,

2205 3535 2378 3604 Quam
2408 3547 2573 3607 caput
2604 3539 2817 3593 horrori
2874 3536 3098 3594 dubium
3130 3542 3467 3597 committere
3491 3548 3620 3602 tanto,

2199 3627 2355 3695 Quod
2413 3628 2527 3684 fere
2580 3628 2693 3703 [B.,
2743 3630 2934 3703 prope]
2971 3635 3263 3689 nocturnis
3312 3634 3491 3689 infesta
3528 3626 3685 3705 pericvla

3503 3722 3638 3797 [larvis

2198 3805 2323 3861 Rite
2351 3806 2469 3863 loco
2491 3806 2691 3863 nullam
2719 3820 3036 3880 paterentur
3067 3810 3267 3869 adesse
3298 3813 3534 3884 quietem.

2197 3898 2475 3970 Comperit
2503 3900 2604 3955 ista
2637 3916 2825 3957 senum
2854 3903 3052 3974 praesul
3081 3920 3343 3961 sermone
3367 3906 3586 3963 duorum:

2197 3989 2536 4062 Metatusque
2588 3992 2762 4047 locum
2793 4013 2804 4047 :
2837 3993 3016 4050 Tectis
3043 3997 3346 4063 succedite,
3385 3995 3522 4059 dixit,

2195 4080 2500 4152 Ambiguis,
2534 4083 2685 4148 socii,
2713 4093 2865 4152 patet
2894 4085 2979 4141 hic
3006 4100 3133 4154 spes
3156 4088 3338 4158 ampla
3370 4080 3601 4155 triumphi.

2201 4165 2302 4222 liic
2333 4169 2476 4224 inter
2499 4171 2697 4226 multas
2727 4172 2811 4225 vix
2840 4188 2944 4226 una
2981 4184 3063 4229 est
3095 4178 3311 4231 mansio
3336 4177 3463 4237 visa,

2195 4258 2373 4314 lnstar
2398 4262 2602 4318 habens
2623 4263 2822 4318 veteris
2848 4263 3046 4333 (fuerat
3076 4268 3423 4338 quandoque)
3450 4274 3608 4334 tugun.

2197 4350 2349 4408 lianc
2399 4355 2552 4424 petit,
2591 4355 2698 4411 huc
2734 4356 2980 4422 comites,
3023 4357 3178 4413 iteris
3217 4360 3325 4415 huc
3371 4358 3538 4413 frivola
3574 4360 3689 4405 trans-

3506 4442 3646 4520 μειβ,

577 4493 597 4509 ,
626 4493 738 4509 μη.
774 4493 1049 4509 eam“...
1337 4493 1369 4511 ..
1400 4493 1596 4513 ......,...
1798 4493 1841 4513 -.
3508 4493 3538 4520 .-

577 4546 668 4623 72.
705 4545 1063 4604 Mamertinus
1085 4547 1801 4624 ενπξιὴωξήᾳυειιοτίςησε
1823 4555 2091 4630 sacerdos,
2120 4493 2173 4558 Β
2203 4537 2369 4597 Omna
2393 4539 2575 4600 brevis
2600 4540 2754 4612 alios,
2792 4550 3041 4603 sanctum
3071 4543 3372 4619 psalmodia
3402 4542 3545 4620 pavit

506 4634 644 4691 Tum
670 4651 888 4707 quoque
917 4647 1239 4694 cunctorum
1265 4639 1442 4695 cultor
1468 4657 1566 4711 pro
1589 4658 1747 4713 posse
1775 4646 2020 4704 deorum.

511 4727 614 4784 Hic
635 4738 758 4801 post
784 4738 1005 4787 exactos
1031 4731 1236 4802 aliquot
1260 4733 1345 4789 his
1368 4733 1599 4791 cultibus
1627 4753 1798 4794 annos
1816 4779 1829 4806 ,

508 4820 680 4877 Unius
716 4819 891 4878 officio
918 4823 1083 4878 miser
1110 4824 1443 4895 exspoliatur
1472 4827 1651 4896 ocelli,

501 4909 723 4967 Arentis
752 4911 955 4983 pariter
981 4911 1225 4969 referens
1255 4915 1538 4986 dispendia
1565 4918 1768 4975 dextra:
1792 4937 1806 4988 ;

503 4998 848 5073 Pulsatisque
877 5003 990 5070 diu,
1018 5004 1219 5061 dudum
1251 5021 1386 5077 quas
1411 5018 1646 5078 rexerat,
1680 5012 1819 5079 aris;

2203 4633 2319 4689 Nox
2350 4645 2490 4702 erat,
2521 4646 2576 4691 et
2596 4637 2814 4708 plenum
2845 4639 3141 4709 carpebant
3164 4650 3364 4696 cuncta
3391 4648 3625 4709 soporem;

2202 4723 2401 4781 Lector
2429 4726 2626 4783 divinis
2654 4728 2895 4784 admdvit
2918 4732 3171 4785 acumina
3201 4732 3264 4804 [ἰ.
3290 4749 3338 4786 e.
3365 4719 3690 4798 oculosllibﬁSi

2201 4814 2317 4871 Mos
2344 4812 2464 4871 erat
2489 4817 2588 4872 iste
2613 4818 2752 4873 viro.
2782 4818 3076 4876 Cesserunt
3105 4822 3251 4877 fessa
3286 4823 3461 4894 sopori

2205 4905 2443 4963 Membra
2511 4916 2734 4976 tamen,
2795 4910 3034 4982 vicitque
3101 4913 3346 4969 animum
3405 4897 3690 4968 substantia!

3469 5004 3649 5078 [fortem
