3876 5416
49 328 196 391 H65

45 442 265 502 Interea
288 447 416 495 ante
438 437 624 493 oculos
650 436 836 492 infelix
864 437 1054 492 umbra
1082 432 1313 505 legentis

49 533 260 600 Astitit,
291 545 357 586 ac
387 544 492 584 non
519 542 714 599 magna
762 526 1011 598 quidem;
1062 539 1185 579 mox
1208 532 1326 578 acta
1357 519 1424 592 (f.
1449 516 1631 587 aucta)

1311 610 1569 684 [superne

48 714 317 770 Crescere
339 714 392 767 in
417 711 763 766 immensum.
787 706 995 764 Premit
1016 704 1192 763 imber
1210 716 1408 758 saxeus
1430 697 1635 763 aedem;

60 805 359 862 Missilibus
384 804 530 860 labat
555 811 676 857 acta
705 802 916 865 domus,
947 797 1129 854 tremit
1153 793 1329 872 excita
1358 790 1533 848 tellus.

46 897 308 967 Frigidus
332 895 541 951 invadit
569 893 763 963 trepidi
788 890 1084 963 praecordia
1121 896 1340 951 terror;

47 987 232 1043 Verba
262 987 486 1053 abeunt,
518 1001 621 1041 vox
651 984 898 1040 obductis
926 982 980 1037 in
1008 980 1254 1036 faucibus
1275 977 1464 1032 haeret.

47 1078 276 1135 Nutanti
306 1092 430 1149 spes
456 1092 562 1132 una
587 1075 710 1141 fuit,
733 1074 1035 1130 subducere
1060 1084 1253 1127 somno

47 1170 395 1229 Pontificem.
427 1171 611 1237 Vidit;
642 1169 933 1241 magnique
963 1166 1016 1221 in
1048 1164 1266 1220 nomine
1288 1160 1513 1224 Christi,

49 1262 184 1332 Quis
218 1263 313 1329 sit,
346 1263 546 1335 quidve
572 1270 739 1334 petat,
775 1275 959 1315 coram
980 1256 1136 1328 jubet
1160 1256 1250 1311 ille
1276 1254 1458 1311 fateri.

120 1351 211 1406 74.
252 1352 567 1408 Terrificam
598 1351 797 1422 pressit
823 1348 1092 1405 submissa
1117 1361 1249 1402 voce
1277 1346 1531 1418 ﬁguram,

51 1441 123 1499 Se
149 1444 468 1515 sociumque
495 1443 679 1499 ferens
707 1441 974 1497 scelerum
999 1438 1246 1510 contagia
1275 1437 1429 1508 plura

49 1533 353 1590 Admisisse
377 1549 558 1600 suum,
585 1546 775 1603 paenas
802 1530 1056 1601 pendisse
1077 1527 1308 1592 feroces,

50 1623 279 1679 Munera
306 1623 587 1681 defunctos
610 1638 718 1680 non
742 1620 1109 1695 promeruisse
1134 1618 1399 1686 sepulcri;

52 1717 320 1789 Quodque
345 1717 500 1787 quies
524 1715 742 1772 miseris
766 1728 1002 1784 unquam
1041 1727 1148 1768 non
1183 1711 1290 1766 ulla
1326 1710 1566 1772 daretur,

51 1805 321 1863 Infestare
343 1807 605 1863 homines.
635 1804 787 1870 Orat,
816 1805 925 1860 sint
946 1804 1157 1859 viscera
1187 1802 1230 1857 si
1258 1816 1388 1872 qua,

54 1896 111 1951 Si
140 1912 249 1967 qua
272 1898 390 1952 viro
418 1897 615 1969 pietas,
652 1894 915 1966 efllagitet
935 1892 1373 1965 Omnipotentem

50 1984 159 2041 Pro
185 2001 267 2051 se,
300 2002 507 2057 proque
533 2000 656 2050 suo,
685 1992 836 2039 tanta
862 1992 947 2039 est
975 1997 1040 2038 ea
1063 1997 1217 2046 cura,
1247 1979 1439 2047 sodali,

54 2077 290 2134 Sedibus
312 2086 569 2149 exceptos
597 2083 723 2148 post
747 2082 826 2130 tot
843 2073 957 2143 jam
990 2080 1233 2142 tempora
1268 2071 1432 2126 certis

53 2170 431 2241 'l'ranquillam
474 2170 691 2226 miseris
727 2169 872 2224 sinat
897 2167 1178 2223 inventare
1204 2164 1462 2234 quietem.

50 2260 283 2325 Indolet,
310 2276 467 2331 aeque
493 2260 603 2316 imo
632 2259 866 2329 suspiria
893 2265 1115 2329 pectore
1138 2255 1384 2322 volvens,

49 2348 174 2415 Quo
194 2349 417 2419 jaceant
441 2357 746 2405 monstrare
767 2347 944 2418 jubet.
978 2347 1096 2402 Dux
1131 2345 1353 2402 luminis
1380 2344 1573 2402 umbra

51 2436 311 2502 Praeviat,
342 2446 398 2493 et
426 2447 637 2494 veteres
665 2437 810 2493 inter
843 2435 1102 2492 convulsa
1133 2435 1324 2491 ruinas

51 2527 234 2584 Torva
268 2529 419 2584 subit
449 2548 462 2583 :
494 2528 645 2586 locus
672 2537 756 2586 est
778 2529 1045 2586 obnoxius
1073 2528 1161 2585 ille
1184 2528 1411 2585 duobus.

55 2617 239 2689 thue
264 2619 418 2675 color
445 2621 609 2678 rebus
636 2619 811 2676 nitido
838 2619 940 2676 sub
965 2620 1144 2676 sidere
1172 2619 1340 2685 fulsit,

52 2708 257 2764 Invitat
289 2709 495 2781 rigidos
523 2711 706 2781 operis
736 2719 1038 2782 praeceptor
1060 2718 1342 2782 agrestes;

56 2799 429 2872 Hortaturque.
456 2802 622 2864 viros,
651 2801 847 2856 castris
871 2802 998 2858 hinc
1032 2802 1158 2857 inde
1185 2800 1415 2865 coactis,

58 2891 380 2963 Expurgare
418 2891 615 2948 locum.
670 2891 856 2964 Longo
898 2892 1009 2949 sint
1050 2900 1293 2962 tempore
1333 2903 1645 2961 quanquam

66 2983 349 3053 Congesta:
371 2985 591 3050 sordes;
618 2984 758 3040 citus
784 2994 842 3039 at
867 2983 1021 3040 labor
1045 2983 1226 3038 omnia
1258 2982 1407 3036 vicit.

62 3076 371 3132 Ccrnuntur
398 3078 598 3149 passim
624 3079 731 3133 duo
757 3075 873 3132 fusa
899 3077 1165 3131 cadavera
1193 3073 1430 3136 tandem,

66 3165 202 3222 Mole
231 3168 325 3223 diu
359 3183 670 3239 compressa
698 3167 819 3223 rudi
848 3181 863 3219 :
887 3165 977 3220 vix
1012 3164 1185 3220 lurida
1209 3164 1337 3219 sivit

64 3256 315 3327 Agnosci,
342 3259 485 3329 quod
515 3265 672 3314 erant
703 3258 939 3312 humana
966 3254 1252 3320 cadavera,
1289 3252 1443 3308 tabes
1470 3269 1484 3305 :

69 3345 323 3404 Cernitur
353 3365 576 3405 exesum
606 3347 798 3404 scabra
831 3345 1077 3418 rubigine
1104 3344 1332 3409 ferrum,

69 3439 291 3496 Vincula
326 3440 441 3510 jam
471 3441 631 3497 siccis
667 3439 927 3496 haerentia
958 3447 1087 3493 tunc
1119 3451 1335 3509 quoque
1369 3434 1648 3492 membris.

67 3530 292 3603 Ingemit
324 3534 618 3589 humanam
648 3532 822 3588 sancti
855 3531 1146 3588 clementia
1180 3538 1404 3596 sortem,

70 3621 349 3694 Quamque
370 3634 570 3695 potest,
598 3625 815 3681 miseris
840 3623 998 3680 affert
1025 3621 1331 3694 eompassio
1355 3637 1578 3687 curam;

69 3712 361 3791 Commoda
396 3714 676 3771 funeribus
710 3715 960 3771 sinuatur
986 3713 1130 3770 fossa
1158 3713 1399 3779 duobus;

71 3803 242 3861 Mollia
270 3808 536 3864 detractis
558 3808 855 3864 succedunt
884 3808 1046 3862 lintea
1080 3806 1303 3873 vinclis;

75 3894 312 3955 Pulveris
338 3908 561 3970 aggestu
589 3899 756 3955 facies
781 3899 1010 3956 obducta
1040 3899 1305 3970 sepulcri;

73 3985 436 4061 Signaturque
463 3990 615 4047 locus
638 4000 872 4047 venturo
895 3991 1073 4046 notior
1109 4006 1263 4058 tero;

75 4075 206 4134 Tum
235 4082 323 4152 pia
349 4097 452 4153 pro
481 4082 698 4138 miseris
722 4082 902 4138 Patris
926 4083 1254 4140 intercessio
1280 4082 1472 4150 fertur,

76 4167 345 4228 Defunetis
376 4174 644 4243 requiem,
682 4174 820 4230 vivis
846 4174 1018 4229 latura
1045 4174 1307 4244 quietem.

75 4256 327 4329 Itnpavidi
356 4272 480 4336 post
508 4265 622 4320 haec
648 4262 869 4319 fundum
898 4271 1117 4320 tenuere
1138 4264 1337 4332 coloni,

80 4348 447 4426 Securamque
474 4355 600 4411 mali
630 4355 873 4427 implevit
895 4357 1175 4428 generatio
1198 4357 1401 4414 villam.

143 4442 229 4498 75.
270 4444 402 4501 Post
430 4446 573 4503 soles
604 4445 825 4518 aliquot,
856 4462 984 4502 casu
1008 4448 1320 4518 compulsus
1344 4450 1555 4517 eodem,

82 4530 316 4604 llospitio
348 4538 525 4595 fessus
554 4540 817 4595 successit
841 4541 1226 4611 pauperiorum

84 4619 223 4678 More
249 4641 348 4682 suo
372 4646 385 4681 :
415 4644 538 4684 nam
564 4639 849 4684 ventosum
878 4631 1052 4686 vitare
1084 4641 1350 4688 tumorem

85 4710 207 4769 Arte
232 4716 416 4774 volens
448 4718 563 4785 tali,
600 4719 864 4773 latebram
894 4720 974 4775 sic
996 4735 1138 4791 saepe
1162 4720 1401 4778 fovebat.

86 4800 193 4856 Nox
235 4822 297 4861 ea
339 4809 536 4865 divinis
587 4810 819 4866 accessit
855 4819 968 4866 tota
1015 4814 1224 4883 negetis
1263 4813 1378 4887 (8.,
1412 4815 1652 4884 impensa

993 4902 1100 4976 [est
1128 4906 1336 4979 integra
1365 4907 1585 4976 rebus;)

89 4980 274 5054 Etiam
297 4989 692 5063 lIammipedum
723 5007 886 5049 cursu
917 5005 1206 5065 provectus
1231 5012 1495 5069 equorum

91 5069 369 5124 Βυίιῐιεριιειι
391 5082 676 5124 inminutum
701 5079 936 5124 phmhllc
967 5099 1062 5124 nar
1089 5096 1280 5124 ntlnnln
1311 5086 1561 5124 muhnrnnv

1126 323 1213 379 DE
1250 319 1409 380 VITA
1447 318 1505 375 S.
1544 313 1873 374 GERMANI.
1913 347 1983 358 --
2017 316 2143 372 LIB.
2174 316 2258 373 III.

1658 427 1709 487 Α
1737 424 1903 496 Copia
1929 435 2043 501 tum
2065 428 2311 483 domibus
2334 434 2776 497 conspectaretur
2805 427 2859 483 in
2891 427 3013 484 illis.

3178 305 3318 368 IIl-6

1741 516 1983 585 Quazsiti,
2013 517 2203 586 priscis
2223 516 2339 572 ιιωο
2368 532 2427 572 se
2452 518 2681 587 coepisse
2703 517 2805 573 sub
2843 516 3001 573 annis

1740 606 1944 662 Damna
1976 609 2107 679 pati,
2138 608 2419 679 replicaut.
2450 608 2603 665 Votis
2629 610 2831 665 ambita
2862 609 3102 665 virorum

1741 696 2020 752 Succurrit
2046 698 2220 768 pietas
2257 696 2522 753 benedicti
2550 713 2771 753 munere
2796 697 2975 753 farris.

1741 787 1854 845 Hoc
1876 798 2042 858 pastae
2072 789 2317 844 volucres
2342 788 2530 843 vitiosa
2554 788 2766 844 silentia
2803 788 2978 844 noctis

1739 879 2042 952 Deponunt,
2069 894 2396 951 segnemque
2421 879 2563 935 diem
2588 879 2939 935 concentibus
2961 886 3175 951 urgent.

1740 971 2006 1027 Paenituit
2034 971 2270 1027 tacuisse
2299 970 2424 1038 diu;
2454 986 2604 1037 nam,
2641 968 2796 1025 fauce
2826 970 3021 1035 soluta,

1740 1063 2016 1118 lnsomnes
2041 1068 2216 1117 tecere
2236 1061 2502 1117 homines.
2530 1060 2638 1125 Sic,
2671 1060 2893 1117 cardine
2917 1075 3094 1129 verse,

1740 1152 1856 1209 Non
1885 1161 2094 1208 tantum
2122 1162 2283 1208 muta:
2310 1168 2474 1224 quam
2505 1152 2828 1227 displicuere
2858 1142 3134 1222 canentes.

1741 1242 1923 1300 Rebus
1952 1245 2007 1299 in
2036 1245 2248 1316 exiguis
2275 1243 2514 1315 ingentia
2540 1244 2735 1316 gaudia
2766 1253 3068 1315 prtestans,‘

1741 1335 2044 1407 Hospitium
2067 1335 2159 1391 tali
2183 1351 2509 1407 propensum
2535 1351 2759 1392 munere
2783 1334 2896 1407 (B.,
2919 1342 3199 1406 pensatum
3224 1332 3323 1389 fte-

2870 1426 3048 1500 [nore)
3076 1426 3250 1496 liquit.

1811 1515 1901 1572 76.
1942 1516 2163 1572 Extima
2192 1516 2399 1574 telluris
2424 1517 2591 1573 limbo
2620 1516 2856 1574 cinxisse
2884 1516 3109 1588 perenni

1740 1611 2004 1673 Oceanus,
2035 1610 2320 1681 perhibent
2349 1620 2562 1682 patrum
2588 1611 2945 1666 instrumenta
2970 1609 3209 1682 priorum
3235 1623 3249 1660 :

1741 1704 1791 1760 Is
1813 1713 1964 1760 certe
1990 1704 2155 1759 linem
2177 1704 2442 1775 quadrato
2471 1703 2676 1760 fecerat
2702 1704 2843 1769 orbi,

1672 1779 1716 1839 Β
1744 1796 1952 1853 Gallica
1983 1812 2089 1867 qua
2118 1796 2287 1868 rapidi
2312 1797 2686 1867 perstringunt
2704 1796 2886 1851 littora
2910 1794 3132 1860 tinctus;

1743 1886 1925 1944 Insula
1962 1886 2015 1941 ni
2047 1896 2203 1942 vasto
2230 1896 2498 1942 terrarum
2524 1885 2765 1956 plurima.
2780 1885 2945 1941 ductu

1743 1978 1981 2034 Alterius
2026 1993 2164 2050 pene
2209 1976 2321 2050 [B.,
2350 1974 2547 2048 ferme]
2585 1990 2780 2031 nomen
2805 1976 3135 2032 conduceret
3156 1972 3324 2042 (ii-bis,

1744 2069 1935 2126 Edicto
1961 2080 2205 2125 veterum
2237 2069 2472 2124 vocitata
2503 2067 2802 2132 Britannia,
2834 2069 3012 2123 brutis

1746 2164 1984 2220 Barbara
2010 2164 2153 2234 quod
2181 2163 2365 2220 feritet
2391 2179 2526 2235 gens
2553 2164 2693 2219 ultro
2722 2163 2964 2219 moribus
2989 2164 3188 2220 omnis.

1744 2253 1920 2310 Insula
1946 2263 2264 2310 cunctarum
2290 2263 2504 2310 constat
2529 2254 2853 2310 medioxima
2879 2254 2906 2294 ιι
2930 2269 3162 2325 quarum

1747 2344 1977 2400 Maxima
2003 2345 2088 2401 vel
2116 2345 2292 2415 prima
2318 2363 2333 2400 :
2366 2346 2556 2417 spatiis
2606 2362 2733 2402 nam
2763 2354 2912 2401 tensa
2943 2345 3255 2418 peramplis,

1748 2438 1856 2494 Ter
1884 2437 1998 2495 fere
2029 2450 2052 2479 ο
2089 2439 2316 2512 trigenis
2338 2441 2645 2510 productim
2675 2439 2911 2495 millibus
2942 2438 3031 2494 illa

1747 2530 1928 2603 Longa
1953 2539 2102 2603 patet
2128 2541 2439 2587 transversa
2473 2540 2648 2596 tuens,
2677 2531 2738 2586 llt
2765 2530 2872 2587 lata
2908 2531 3196 2598 trecentis;

1747 2624 1998 2694 Interque
2027 2638 2280 2681 occasum
2316 2633 2374 2680 et
2406 2633 2613 2696 septem
2643 2634 2892 2697 porrecta
2928 2625 3155 2693 triones,

1748 2714 2025 2770 Invidiosa
2053 2714 2081 2754 ἀ
2111 2715 2223 2771 suis
2249 2724 2467 2773 exercet
2495 2717 2700 2773 semina
2726 2715 2935 2788 glebis:

1747 2802 2031 2873 Quamque
2055 2802 2205 2859 ferax
2237 2804 2471 2877 frugum,
2501 2814 2607 2860 tam
2636 2803 2830 2860 fertilis
2853 2803 2940 2859 illa
2971 2804 3233 2861 virorum.

1747 2892 1946 2949 Polluit
1973 2895 2110 2950 hanc
2136 2909 2293 2950 error
2318 2894 2544 2966 praefato
2571 2906 2811 2967 tempore
2836 2896 3018 2962 dirus;

1748 2981 1901 3050 Quod
1931 2983 2064 3038 satis
2085 2984 2152 3038 ad
2179 2986 2451 3054 propriam
2480 2994 2661 3055 posset
2683 2983 2933 3041 conferre
2961 2985 3191 3043 salutem

1754 3078 1975 3134 Arbitra
2004 3079 2246 3146 libertas,
2274 3080 2486 3136 etiamsi
2514 3080 2689 3153 gratia
2716 3082 2876 3138 desit.

1678 3146 1724 3209 (ἶ
1756 3170 2003 3243 Pelagius
2032 3175 2275 3244 quidam,
2298 3190 2434 3230 vana
2461 3146 2707 3247 de'gente
2734 3179 2949 3247 μονάζος
2981 3188 3034 3239 ⁸.

1754 3262 1939 3317 Livida
1972 3264 2197 3320 tartarei
2224 3265 2437 3335 spirans
2462 3267 2729 3322 atramina
2759 3267 2923 3333 fellis,

1760 3348 1974 3406 Talibus
1996 3352 2180 3406 infecit
2207 3353 2457 3408 mortalia
2488 3355 2653 3410 corda
2678 3357 2919 3420 venenis,

1752 3439 1985 3496 Pectore
2008 3458 2318 3513 perversus,
2348 3442 2492 3499 fmdo
2513 3446 2822 3515 perversior
2850 3461 2964 3501 ore.

1825 3534 1912 3588 77.
1953 3533 2277 3591 Prwsulibus
2305 3534 2479 3592 Gallis
2512 3537 2701 3605 pandit
2728 3537 2925 3610 legatio
2951 3539 3058 3596 lida

1758 3625 2058 3681 Discrimen
2085 3626 2211 3683 fidei
2233 3636 2416 3699 partes
2442 3627 2704 3699 lapsantis
2732 3629 2786 3685 in
2817 3629 2958 3696 illas,

1755 3718 2038 3791 Quamque
2076 3728 2254 3791 potest
2288 3719 2546 3790 primum,
2575 3720 2785 3791 populis
2806 3737 3125 3779 succurrere
3150 3723 3335 3798 lapsis.

1756 3811 2155 3883 Religiosorum
2188 3813 2394 3884 pepulit
2417 3815 2720 3885 compassio
2748 3827 2983 3872 mentem

1759 3903 2046 3974 Expositos
2066 3904 2185 3960 diro
2211 3903 2407 3959 fratres
2428 3903 2625 3960 efferre
2651 3906 2876 3976 periclo.

1740 3993 1896 4051 Illinc
1919 3994 2157 4067 synodus
2188 4008 2479 4050 numerosa
2509 3995 2657 4050 coit:
2689 3998 3064 4055 communibus
3094 3998 3205 4054 illic

1758 4086 1937 4141 Causa
1966 4086 2155 4142 subest
2177 4084 2457 4155 lacrytnis,
2480 4087 2822 4142 contundunt
2839 4098 3059 4160 pectora
3087 4090 3344 4161 quisque;

1757 4178 2023 4249 Quodque
2044 4186 2204 4248 negat
2231 4191 2431 4241 sermo,
2463 4188 2730 4248 peragunt
2757 4181 2991 4250 suspiria
3021 4190 3148 4239 voto
3174 4201 3187 4238 :

1759 4272 1918 4328 Flent
1965 4282 2177 4344 pestem
2233 4271 2414 4327 cuncti
2447 4312 2462 4337 ,
2486 4281 2768 4342 nequeunt
2797 4288 3120 4330 succurrere
3141 4277 3345 4349 cuncti.

1759 4364 2034 4433 Quaeritur
2054 4380 2086 4420 e
2112 4364 2345 4428 cunctis,
2378 4362 2579 4425 relevet
2601 4362 2692 4433 qui
2730 4364 2952 4419 vulnere
2974 4373 3220 4420 cunctos.

1760 4460 1829 4514 Et
1853 4467 2099 4516 sanctum
2129 4457 2358 4524 meritis,
2396 4467 2451 4513 et
2481 4468 2642 4514 acuto
2662 4459 2912 4530 dogmate
2936 4469 3184 4525 cautum,

1765 4548 1831 4604 Et
1857 4549 2026 4618 signis
2055 4547 2269 4603 facilem
2300 4548 2475 4619 poscit
2501 4547 2567 4604 lis
2590 4556 2740 4603 tanta
2764 4558 3074 4620 patronum.

1763 4640 1863 4705 Te,
1892 4641 2072 4707 Pater,
2102 4641 2219 4697 haec
2246 4649 2524 4711 spectant;
2559 4649 2613 4696 tu
2647 4641 2810 4699 rebus
2836 4650 2997 4699 natus
3022 4642 3265 4715 agendis,

1766 4731 1861 4788 His
1885 4747 2102 4803 quoque
2133 4734 2415 4794 succedes,
2444 4733 2678 4801 repetita
2704 4742 2872 4801 sorte,
2896 4733 3140 4804 periclis.

1768 4821 1845 4879 Ne
1872 4824 2076 4894 trepida
2104 4839 2119 4889 ;
2147 4824 2372 4893 pariunt
2398 4829 2657 4878 aeternam
2691 4824 2817 4881 talia
2848 4825 3064 4879 laurum
3090 4838 3106 4877 :

1769 4917 1991 4989 Magnos
2024 4932 2217 4987 magna
2238 4921 2454 4988 petunt,
2489 4916 2794 4973 concedunt
2822 4916 2953 4972 vilia
2989 4915 3192 4986 parvis.

1770 5009 1878 5066 Has
1913 5009 1966 5067 in
2003 5007 2278 5067 Germano
2318 5014 2577 5077 reputant
2608 5010 2915 5068 consistere
2954 5007 3135 5075 dotes,

1769 5100 2023 5124 n-..:..---
2057 5100 2164 5124 L.--
2181 5120 2199 5124 -
2240 5120 2255 5124 -

2275 5100 2347 5124 -..ξ
2389 5113 2704 5124 ΑΑᾌΑ-ι-..Α--
2735 5116 2890 5124 _----
2924 5098 2991 5124 oln-

3340 1243 3365 1271 Ο
