3876 5416
555 390 690 448 “67
1539 387 1769 447 HERlCl
1806 385 2112 447 MONACHI
2150 385 2813 452 ANTlSSlODORENSlS
3228 366 3243 375 ’
3604 403 3698 463 ua

551 502 815 559 Omnibus
843 502 893 558 id
919 501 1093 568 cordi,
1122 508 1271 557 tenet
1296 499 1414 557 haec
1436 503 1701 559 sententia
1727 512 1980 571 cunctos;

547 598 799 653 Ambitur
832 597 1102 668 precibus,
1134 597 1295 653 cessit
1322 597 1536 655 dilectio
1562 600 1801 666 tandem,

548 686 839 756 Conjurata
873 684 1009 742 mori
1044 686 1270 743 fratrum
1294 705 1394 761 pro
1423 690 1584 746 laude
1614 707 1857 747 suorum.

617 777 704 832 78.
747 775 1007 848 Przecepti
1040 794 1327 837 memores.
1359 782 1564 837 socium
1590 793 1861 838 metantur
1886 795 1912 825 ι
1944 784 2086 852 iturg
2112 801 2123 837 :

548 865 792 937 Namque
819 868 923 923 duo
945 866 1139 923 melius
1166 878 1365 925 sortem
1393 870 1642 940 legantur
1670 873 1737 925 ad
1765 888 1950 939 unam,

547 959 613 1013 Et
648 959 799 1031 lapso
825 961 1008 1015 comiti
1038 963 1284 1017 certatim
1309 964 1561 1020 subvenit
1583 965 1752 1021 alter:

547 1048 640 1105 Sic
675 1052 780 1107 duo
805 1062 1128 1108 nocturnum
1160 1055 1379 1126 capiunt
1408 1055 1461 1111 iu
1492 1072 1625 1127 pace
1651 1073 1900 1129 soporem
1930 1072 1945 1111 :

547 1146 813 1201 lnvadens
840 1162 1027 1211 unum,
1061 1148 1329 1218 premitur
1357 1148 1557 1205 virtute
1591 1151 1841 1205 duorum.

543 1234 603 1303 Id
627 1236 719 1305 qui
742 1228 1034 1307 suppleret,
1071 1237 1254 1309 Lupus
1279 1247 1363 1294 est
1391 1255 1459 1295 ex
1492 1240 1710 1295 nomine
1740 1240 1937 1305 lectus,

545 1325 753 1382 Nobilis
778 1328 1035 1399 Augustae
1060 1330 1331 1400 quondam
1364 1330 1456 1401 qui
1489 1330 1627 1385 forte
1659 1331 1944 1386 Tricorum

542 1416 746 1473 Praesul
771 1427 907 1485 erat,
931 1419 1101 1488 signis
1122 1429 1177 1476 et
1198 1420 1378 1491 Opimo
1403 1422 1620 1478 nomine
1650 1437 1914 1477 summus.

551 1508 743 1564 Junxit
771 1511 1099 1580 apostolicos
1127 1511 1458 1566 moderatrix
1494 1514 1666 1582 gratia
1692 1521 1863 1578 vates,

546 1601 777 1657 Terram
802 1603 1142 1674 corporibus,
1172 1602 1369 1659 caelum
1400 1604 1598 1660 virtute
1621 1605 1879 1662 colentes.

554 1691 777 1763 Quoque
801 1693 952 1750 labor
980 1694 1167 1766 pluris,
1209 1703 1264 1750 et
1290 1708 1377 1751 res
1403 1695 1567 1750 edura
1595 1706 1815 1768 putatur

545 1783 771 1855 (Omnia
826 1801 951 1839 nam
1000 1800 1235 1857 magno,
1289 1801 1410 1858 quae
1458 1796 1583 1842 sunt
1618 1788 1964 1860 pergrandia,
1996 1803 2127 1844 con-

1856 1883 2055 1953 (stant)

544 1966 659 2023 Hoc
685 1984 746 2030 se
771 1983 1018 2039 permees
1043 1969 1110 2025 ad
1138 1969 1297 2024 fortia
1322 1981 1516 2025 cuncta
1550 1970 1739 2035 tulere,

541 2056 805 2113 Cursibus
829 2058 1074 2129 impigris
1101 2058 1333 2115 stadium
1360 2076 1681 2132 percurrere
1707 2064 1870 2118 docti.

617 2147 706 2203 79.
748 2147 804 2202 ln
836 2146 1145 2203 Parisiaeas
1173 2149 1334 2205 itiner
1359 2153 1697 2207 convertitur
1721 2170 1879 2221 oras;

543 2241 853 2297 Metodorus
892 2239 1050 2297 fessis
1079 2243 1263 2297 tribuit
1283 2245 1597 2315 compendia
1621 2247 1812 2302 noctis.

546 2332 729 2389 Turba
768 2333 871 2390 loci
904 2334 1185 2405 complexa
1217 2335 1383 2403 diem;
1411 2345 1604 2391 testata
1636 2339 1891 2409 probatos

542 2426 850 2483 Adventare
873 2427 1038 2491 viros,
1067 2436 1225 2498 rapto
1251 2426 1357 2482 fert
1386 2429 1601 2499 agmine
1631 2445 1895 2502 gressum,

541 2518 818 2589 Obviaque
842 2518 1085 2589 exceptis
1107 2518 1348 2588 impertit
1373 2519 1551 2575 debita
1586 2520 1806 2576 sanctis.

538 2612 810 2667 Funditur
836 2611 888 2665 in
917 2619 1166 2666 cunctam
1190 2625 1428 2680 praesens
1452 2612 1754 2668 benedictio
1780 2613 1990 2684 plebem
2014 2630 2027 2669 :

534 2703 665 2758 lude
694 2701 855 2758 rudes
884 2702 1095 2759 animos
1120 2701 1338 2757 monitis
1372 2702 1685 2758 cmlestibus
1710 2713 1922 2773 aptans,

537 2794 805 2866 Spargere
835 2804 1118 2849 nectareas
1143 2793 1290 2848 arvis
1313 2795 1591 2849 arentibus
1617 2795 1793 2850 nudas

536 2887 840 2945 Germanus
868 2901 1024 2942 sacer
1049 2886 1391 2958 aggreditur;
1429 2887 1696 2957 plenoque
1722 2885 1977 2942 ﬂuentem

538 2977 790 3033 Vultibus
819 2978 1057 3034 immotis
1083 2985 1355 3032 attentaut
1387 2977 1533 3032 fonte
1563 2977 1831 3047 sophiam.

537 3069 762 3123 Eminus
793 3069 846 3122 in
877 3068 1054 3123 medio
1076 3067 1252 3123 divam
1280 3077 1529 3122 constare
1555 3068 1812 3138 puellam.

534 3161 799 3218 Porrecto
827 3162 1024 3231 praesul
1054 3163 1228 3217 cernit
1256 3178 1419 3232 super
1444 3164 1656 3234 agmina
1681 3162 1865 3228 vultu;

534 3252 614 3307 Ac
638 3251 786 3307 velut
808 3251 1102 3307 aethercttm
1130 3252 1256 3321 quid
1285 3262 1685 3307 commentatur
1714 3252 1768 3307 in
1797 3251 1908 3318 illa,

538 3340 799 3397 Cominus
825 3342 1096 3396 admotam
1126 3341 1436 3414 pra'blando
1464 3341 1664 3397 famine
1694 3341 1915 3397 mulcet.

546 3433 639 3487 Sic
669 3432 755 3487 cui
784 3431 1003 3487 venales
1034 3432 1208 3486 fundit
1236 3432 1749 3504 licitatio‘gemmas,

534 3524 670 3579 Dum
693 3526 905 3581 cunctis
932 3526 1125 3590 inhiat,
1152 3527 1740 3596 pretiosamconspicit
1767 3543 1962 3589 unam;

532 3615 684 3671 Hanc
712 3618 872 3687 rapit,
903 3617 1046 3674 hanc
1072 3618 1256 3673 multis
1278 3626 1429 3689 Optat
1454 3618 1554 3672 sibi
1585 3628 1731 3673 stare
1762 3618 1993 3681 talentis,

544 3706 934 3777 Semotamque
958 3707 1076 3762 aliis
1103 3709 1310 3779 gremio
1334 3707 1427 3762 dat
1450 3707 1589 3763 ferre
1617 3708 1811 3762 tenaci.

532 3797 859 3853 Immensum
892 3806 1147 3868 stupuere
1172 3799 1293 3852 viri.
1316 3798 1488 3868 Caput
1512 3798 1601 3853 ille
1624 3800 1871 3868 paventis

540 3886 647 3943 Ore
670 3885 859 3942 fovens
882 3903 1056 3951 sacro,
1086 3888 1282 3957 quibus
1307 3895 1425 3941 orta
1451 3889 1764 3957 parentibus
1790 3895 1955 3955 esset,

535 3976 758 4043 Quodve
786 3975 887 4031 sibi
914 3992 1135 4041 nomen,
1169 3976 1278 4030 fatu
1308 3978 1573 4047 perquirit
1598 3979 1791 4033 amico.

536 4064 774 4136 Virginis
797 4066 849 4121 in
879 4067 1112 4121 medium
1138 4078 1508 4122 monstrantur
1538 4070 1729 4124 adesse
1750 4079 2021 4139 parentes,

534 4158 659 4213 Rite
690 4159 718 4199 δ
745 4157 888 4227 quod
918 4146 977 4214 et
1001 4161 1180 4230 patrio
1206 4177 1400 4216 nomen
1432 4160 1701 4217 Genovefa
1735 4162 1964 4218 tulisset.

604 4249 695 4306 80.
728 4248 850 4304 Mox
877 4266 1034 4306 sacer
1064 4252 1307 4322 implevit
1338 4253 1502 4307 divini
1534 4262 1754 4322 pectora
1784 4254 1936 4310 Vatis

534 4340 771 4410 Spiritus
791 4382 805 4407 ,
834 4350 889 4397 et
916 4341 1081 4397 rutilo
1107 4343 1186 4398 sic
1218 4343 1427 4397 intonat
1455 4360 1548 4397 ore
1576 4344 1831 4399 sacerdos
1857 4387 1870 4401 .

538 4427 585 4487 O
618 4430 855 4500 lepidum
884 4440 1033 4487 certe
1062 4441 1221 4502 caput
1248 4432 1261 4485 !
1294 4430 1340 4487 O
1368 4433 1663 4501 praecordia
1694 4434 1855 4506 digna
1881 4436 1894 4489 ι

536 4519 584 4578 O
612 4536 830 4591 semper
857 4521 1082 4576 meritos
1111 4521 1203 4575 tali
1235 4522 1300 4577 de
1325 4522 1475 4592 prole
1504 4533 1757 4592 parentes
1780 4525 1794 4579 !

533 4611 700 4684 Cujus
731 4614 784 4666 in
812 4621 1009 4669 exortu
1036 4627 1261 4683 superos
1291 4612 1527 4683 ingentia
1558 4613 1702 4668 cives

524 4701 733 4761 Gaudia
759 4703 1089 4774 perﬂarunt,
1120 4719 1248 4759 vero
1273 4704 1316 4758 si
1350 4704 1572 4759 credere
1602 4720 1745 4759 curae
1770 4714 1874 4770 est,

524 4792 724 4850 lntima
754 4795 983 4850 secretis
1008 4794 1125 4849 haec
1150 4794 1423 4864 quondam
1456 4794 1670 4849 admota
1701 4797 1983 4865 supernis,

523 4885 811 4945 Constabit
843 4886 1110 4955 perchara
1138 4884 1280 4949 Deo,
1314 4884 1690 4954 persplendida
1722 4887 1950 4951 mundo,

524 4980 703 5033 Atque
732 4978 868 5034 ipsis
899 4976 1161 5033 imitanda
1192 4976 1347 5031 viris.
1381 4975 1474 5030 Sic
1504 4976 1676 5038 fatus,
1706 4986 1759 5031 et
1787 4977 1927 5032 ultro

2156 507 2202 603 AI
2233 503 2402 576 Hujus
2431 522 2620 563 amore
2651 508 2797 565 feror
2823 510 3021 566 dudum
3043 550 3060 577 ,
3091 526 3253 581 quam
3283 512 3472 569 fervida
3493 515 3627 587 dixit;

2231 597 2543 669 Amplector
2574 601 2784 657 titulum
2817 613 3061 673 cognatze
3088 604 3434 675 virginitatis,

2231 685 2433 741 lnnuba
2464 689 2676 745 sidereo
2707 692 2907 761 possim
2939 708 3046 762 quo
3075 694 3276 749 nubere
3306 695 3513 764 Sponso.

2229 775 2287 830 ld
2307 817 2322 842 ,
2356 778 2399 831 si
2427 778 2666 849 dignaris
2684 822 2699 845 ,
2728 797 2824 851 per
2852 790 2902 836 te
2928 782 3239 837 roborarier
3261 793 3418 854 opto:

2232 864 2302 919 Et
2332 868 2580 922 manibus
2608 870 2870 924 submitte
2898 880 3059 940 caput
3086 889 3099 925 :
3133 871 3214 925 fer
3237 882 3357 927 vota
3384 876 3602 943 precanti.

2229 955 2435 1013 Prmsul
2463 968 2590 1014 ovat
2622 960 2831 1030 spolio,
2860 963 3134 1033 castisque
3168 962 3490 1032 amplexibus
3511 981 3681 1037 urgeas,

2231 1050 2623 1122 Magnanimem
2652 1064 2897 1124 perstare
2919 1054 3089 1124 jubet.
3120 1055 3240 1111 Mox
3269 1056 3443 1111 limina
3468 1056 3590 1115 laetus

2231 1140 2489 1197 Ecclesiae
2518 1152 2795 1213 penetrat,
2832 1144 3047 1214 ﬁxaque
3075 1146 3127 1200 in
3157 1148 3358 1202 vertice
3387 1148 3552 1203 dextra

2233 1230 2515 1289 Solemnes
2542 1250 2609 1290 ex
2642 1251 2789 1290 more
2816 1251 3005 1306 preces
3033 1246 3089 1291 et
3117 1246 3242 1292 vota
3280 1240 3506 1309 peregit,

2232 1322 2456 1396 Spiritui
2485 1335 2674 1382 sancto
2702 1343 2794 1382 vas
2820 1338 3010 1398 aptans
3042 1330 3459 1386 immaculatum.

2301 1416 2390 1471 8|.
2417 1415 2689 1473 Confectis
2718 1419 2879 1473 rebus
2898 1460 2912 1483 ,
2939 1419 3177 1474 relevant
3208 1420 3447 1475 mortalia
3476 1422 3605 1477 victu.

2236 1504 2373 1559 Tum
2406 1506 2513 1562 fido
2540 1508 2735 1579 pignus
2763 1508 3035 1578 deponens
3050 1508 3169 1578 jure
3192 1512 3404 1581 parenti
3432 1511 3479 1577 ἀ,

2236 1593 2320 1649 Ad
2346 1594 2521 1650 lucem
2554 1612 2798 1651 remeare
2812 1595 2987 1665 jubet.
3019 1597 3110 1654 Sic
3136 1600 3372 1669 denique
3394 1599 3596 1667 factum,

2232 1685 2370 1741 Num
2403 1704 2612 1745 memor
2640 1690 2880 1745 hesterni
2909 1691 3162 1761 persistis
3182 1733 3199 1757 ,
3232 1691 3344 1747 lilia
3364 1733 3378 1755 ,
3408 1692 3545 1747 voti?

2230 1776 2435 1833 Prtesul
2461 1780 2555 1834 ait.
2587 1780 2745 1836 Certe
2773 1796 3064 1837 memorem
3094 1798 3154 1838 se
3180 1783 3334 1855 virgo
3361 1784 3570 1849 fatetur;

2156 1886 2203 1945 Β
2232 1869 2362 1938 Ejus
2386 1879 2442 1925 at
2467 1872 2690 1926 obtentu
2717 1914 2732 1937 ,
2763 1873 2989 1927 nimium
3021 1872 3159 1929 foret
3192 1876 3376 1946 indiga
3406 1876 3569 1947 cujus,

2232 1959 2689 2017 Conservatttram
2722 1963 2896 2033 pactis
2924 1967 3194 2035 sponsalia
3226 1968 3400 2022 undis.

2232 2052 2509 2109 Successit
2539 2070 2626 2110 res
2655 2055 2790 2111 mira
2822 2056 2972 2124 loco,
3007 2057 3201 2114 favisse
3230 2060 3444 2115 videres

2229 2145 2529 2201 Atnborum
2560 2147 2703 2201 votis
2733 2147 2928 2203 collato
2958 2163 3179 2204 munere
3207 2149 3512 2216 Christum;

2228 2238 2404 2295 Prona
2432 2239 2547 2295 solo
2573 2240 2766 2310 prazsul
2798 2255 2920 2295 mox
2951 2240 3179 2311 pendula
3214 2242 3417 2298 lumina
3448 2244 3578 2309 ﬁxit;

2227 2330 2427 2387 IEreus
2452 2333 2673 2388 emicuit
2702 2350 2955 2404 supremo
2981 2334 3033 2390 in
3063 2336 3288 2406 pulvere
3315 2353 3570 2402 nummus,

2227 2422 2527 2494 lnsculptus
2558 2439 2739 2479 cruce.
2775 2424 3055 2481 Sublatnm
3091 2427 3287 2483 tellure
3309 2429 3547 2484 sacerdos

2226 2512 2421 2569 Munus
2450 2514 2716 2583 adoptiva:
2744 2514 2882 2570 collo
2912 2516 3124 2571 devovit
3150 2516 3415 2582 alumnae,

2226 2604 2371 2669 Hoc,
2401 2606 2623 2672 dicens,
2653 2605 2795 2661 dotis
2824 2616 3025 2661 nostra:
3054 2619 3340 2677 gestamen
3370 2607 3578 2673 habeto;

2224 2695 2339 2751 Hoc
2368 2695 2733 2751 discedentem
2761 2704 2888 2750 ante
2912 2696 3098 2752 oculos
3134 2712 3385 2768 persaepe
3411 2706 3609 2763 vocato;

2227 2784 2438 2842 Caetera
2459 2826 2473 2852 ,
2502 2788 2775 2842 mundano
2803 2802 3056 2859 pompam
3090 2790 3386 2846 referentia
3414 2790 3572 2856 cultu,

2227 2877 2268 2932 Α
2296 2879 2434 2934 collo
2464 2879 2753 2951 digitisque
2783 2883 2888 2939 tuis
2918 2899 3106 2940 arcere
3135 2893 3411 2939 memento
3437 2901 3450 2937 :

2223 2973 2422 3029 Extera
2451 2976 2723 3031 carnalem
2756 2979 3009 3050 subigant
3038 2978 3265 3050 insignia
3298 2990 3572 3047 sponsam;

2224 3064 2400 3136 Nupta
2431 3065 2541 3121 Deo
2563 3106 2578 3132 ,
2613 3068 2841 3138 gemmis
2867 3068 3104 3122 animum
3137 3082 3407 3137 compone
3433 3064 3623 3135 pudicis.

2224 3157 2377 3213 Nunc
2408 3159 2660 3230 longum,
2692 3161 2927 3231 pretiosa
2946 3201 2961 3226 ,
2989 3159 3125 3215 vale.
3155 3158 3503 3215 Genitoribus
3527 3155 3638 3209 illam

2148 3236 2193 3299 C
2226 3248 2558 3305 Servandam
2592 3261 2709 3321 post
2733 3253 2847 3307 btec
2877 3252 2996 3307 fidis
3025 3252 3332 3307 Commisit.
3370 3251 3439 3304 At
3467 3250 3564 3319 ipse

2221 3340 2571 3396 Continuavit
2602 3342 2706 3397 iter
2737 3352 2864 3398 noto
2896 3342 3270 3398 moderamine
3302 3351 3546 3413 emptum.

2847 3455 3074 3512 CAPUT
3109 3456 3197 3511 III.

2354 3546 2652 3618 Tempestas
2683 3549 2865 3602 sedata
2894 3550 3061 3602 sancti
3087 3549 3377 3618 precibus;
3408 3543 3633 3615 Pelagiani

2507 3620 2833 3688 argumentis
2862 3620 2977 3689 ejus
3007 3629 3054 3672 et
3087 3619 3353 3673 miraculo
3386 3619 3514 3671 uicti.

2289 3706 2379 3762 82.
2414 3706 2549 3762 llinc
2571 3724 2719 3763 mare
2743 3708 3135 3772 conscendunt,
3163 3708 3246 3763 usi
3270 3708 3370 3763 sed
3394 3706 3599 3779 produce
3613 3699 3714 3757 Chri-

2221 3798 2582 3870 Fidentesque
2611 3800 2711 3856 sibi
2741 3816 2959 3856 cessura
2988 3801 3226 3872 pericula
3258 3810 3482 3864 cuncta,
3629 3794 3712 3868 [εισι

2217 3889 2320 3957 Qui
2356 3892 2523 3946 tuitus
2556 3893 2807 3963 proprios
2845 3893 2987 3947 inter
3016 3893 3337 3948 discrimina
3371 3907 3569 3954 servos,

2216 3979 2425 4036 Gaudia
2457 3993 2576 4052 post
2613 3985 2866 4039 tenebras
2893 3985 3058 4040 cessit
3086 3986 3297 4055 potiora
3328 3984 3571 4057 probatis.

2217 4075 2455 4131 Leuibus
2484 4094 2548 4133 ac
2574 4078 2806 4147 primum
2841 4078 2981 4134 facta
3009 4090 3091 4135 est
3120 4080 3433 4151 progressio
3461 4074 3611 4131 ﬂabn’s

2217 4166 2479 4237 IEquOt-is
2508 4172 2572 4224 ad
2606 4172 2871 4235 medium,
2906 4172 3188 4227 subductis
3218 4187 3344 4227 cum
3373 4167 3544 4241 procul
3567 4162 3694 4223 arvis,

2219 4259 2345 4315 Sola
2373 4263 2538 4318 maris
2570 4261 2733 4319 facies
2765 4263 2901 4317 coelo
2931 4264 3211 4335 complexa
3243 4273 3470 4334 pateret.

2217 4349 2401 4406 Gloria
2431 4352 2710 4422 Spiritibus
2736 4369 3042 4424 quanquam
3077 4353 3320 4408 detracta
3351 4348 3577 4421 malignis

2216 4441 2434 4498 Fecerit
2461 4459 2581 4499 esse
2613 4460 2772 4512 reos;
2807 4453 2991 4500 manet
3023 4445 3107 4499 his
3137 4444 3439 4500 substantia
3467 4439 3641 4511 prisca.

2217 4535 2426 4591 Natalis
2447 4535 2636 4592 levitas
2655 4545 2813 4591 vento
2834 4537 3165 4607 penetralior
3181 4536 3267 4609 [Β.
3280 4578 3294 4600 ,
3311 4528 3582 4607 pernicior]
3595 4523 3707 4586 omni.

2135 4594 2191 4656 D
2217 4624 2406 4679 Livida
2437 4642 2589 4681 mens
2608 4668 2621 4691 ,
2655 4641 2869 4696 seraper
2898 4627 3092 4682 studiis
3119 4626 3317 4681 obnixa
3346 4626 3573 4697 piorum:

2215 4715 2477 4785 Quodque
2506 4717 2595 4771 Dei
2628 4718 2791 4772 castis
2820 4727 3052 4773 cernunt
3081 4717 3346 4791 accedere
3378 4716 3559 4777 lucris,

2214 4806 2269 4860 Id
2303 4807 2484 4878 lugent
2512 4809 2738 4878 periisse
2764 4809 2888 4863 sibi.
2920 4806 3225 4878 Properare
3253 4808 3439 4861 beatos

2211 4898 2527 4969 ingemuere
2558 4900 2701 4953 viros
2724 4908 2894 4970 captte
2920 4914 3240 4954 succurrere
3264 4898 3408 4969 plebi

2211 4992 2518 5040 Occurrunt
2542 5032 2556 5040 .
2592 5000 2811 5040 latomie.
2844 4992 3049 5040 agitant
3078 4991 3394 5040 discrimina
3419 4996 3579 5040 ponto.

3810 2825 3813 3045 Ι
