3876 5416
120 356 244 417 ms
542 426 547 429 ἶ
1165 351 1254 407 us
1290 349 1452 407 VlTA
1490 349 1548 407 s.
1585 345 1919 405 GERMANI.
1955 376 2029 388 —
2061 347 2190 403 LIB.
2225 346 2315 404 1v.
3224 322 3366 398 tm

381 472 588 528 Summi
618 470 835 527 nomine
859 467 1058 525 Christi
1706 471 1756 524 Δ
2066 462 2287 532 lncmpti
2315 478 2529 533 quoque
2553 462 2832 534 paeniteat.

383 561 606 625 Conlisi,
630 559 1070 632 penetravimus:
2144 554 2327 611 Pande
2353 570 2622 619 serenam,

453 650 573 708 Jam
600 649 712 705 fere
742 648 856 721 [8,,
886 646 1074 719 prope]
1102 662 1292 702 cursus
2067 645 2283 701 Christe
2314 654 2491 700 tamen
2526 646 2743 710 faciem,

381 741 720 811 Contigimus
748 738 988 794 medios:
2072 736 2209 806 Spes
2234 746 2284 791 cl
2312 736 2518 806 reSpice
2539 735 2750 805 lapsas:

382 830 540 888 Ponti
567 831 748 887 cerula
772 837 1007 895 tantum,
2068 826 2222 883 Votis
2242 827 2421 881 omnia
2445 827 2728 882 cesserint.

382 923 452 978 Et
472 922 671 979 caelum
700 922 935 991 undique
953 918 1213 977 cernitur.
2145 914 2374 991 Jamque
2403 924 2679 986 potentem

455 1014 664 1071 Auxius
685 1014 871 1070 haurit
1262 1045 1275 1057 -
2074 1009 2247 1082 Perge
2267 1023 2482 1065 manum
2508 1008 2746 1079 trepido:

386 1106 612 1162 Pectora
635 1107 857 1177 jamque
880 1119 1050 1176 pavor
1082 1145 1095 1158 .
2070 1103 2258 1159 Ausim
2281 1103 2545 1160 scandere
2565 1112 2741 1157 tecum

389 1198 605 1254 Tollunt
631 1214 848 1270 aequora
870 1197 1067 1252 molem
1093 1214 1107 1248 :
2078 1194 2400 1265 Quanquam
2430 1201 2582 1249 torva
2616 1190 2875 1264 pericula.

2722 1336 2848 1349 ..-

123 1340 389 1359 —

1330 1450 1633 1528 LIBER
1686 1448 2195 1542 QUARTUS.

1591 1614 1890 1630 ﬁ

620 1692 849 1752 CAPUT
886 1692 1177 1750 PRIMUM.
1450 1688 1461 1699 ’
1796 1694 1930 1749 Arte
1960 1694 2141 1760 dolos;
2166 1709 2356 1750 aurum
2388 1695 2483 1751 sed
2506 1696 2649 1766 quod
2677 1694 2897 1751 fornace
2924 1695 3203 1766 probetur,

113 1792 308 1848 Cetera
345 1787 485 1858 apud
518 1785 804 1858 Britannos
837 1796 1021 1858 gesta;
1057 1802 1120 1840 ac
1154 1785 1446 1857 praesertim
1475 1784 1694 1841 victoria
1798 1784 2089 1841 Immemor
2116 1786 2407 1842 interdum.
2438 1786 2648 1842 Veteris
2676 1786 2989 1842 meminisse
3018 1786 3181 1841 duelli

718 1856 1071 1912 Alleluiaﬁca'
1156 1856 1159 1857 ν
1798 1876 2105 1932 Prul‘uerat.
2140 1877 2422 1944 Quondam
2455 1878 2663 1933 meritis
2690 1875 2791 1932 Job
2819 1877 2999 1932 clarus
3026 1876 3244 1947 Opimis,

183 1971 268 2027 93.
303 1969 585 2026 Straverat
613 1965 887 2022 infandam
917 1965 1045 2023 felix
1072 1967 1375 2021 constantia
1398 1975 1630 2037 pestem,
1724 1995 1772 2055 Β
1799 1968 2011 2025 Clarior
2037 1977 2231 2025 exacto
2257 1968 2421 2024 rediit
2442 1968 2742 2025 certamine
2761 1968 2955 2023 victor.

112 2062 235 2117 Nisa
259 2062 388 2127 Deo,
420 2076 662 2130 puroque
689 2059 821 2114 ﬂdes
847 2057 1119 2115 conﬂanta
1144 2074 1359 2123 sereno,
1799 2059 1867 2114 Et
1892 2075 2202 2129 quanquam
2230 2074 2472 2115 summos
2498 2057 3014 2129 impellantfulmina
3046 2066 3279 2121 montes,

109 2152 318 2224 lgnibat
340 2153 509 2207 castis
543 2159 863 2205 cunctorum
902 2159 1123 2219 pectora
1157 2147 1392 2204 ﬂammis
1798 2151 1916 2206 Non
1952 2166 2084 2206 sane
2112 2150 2166 2206 id
2191 2153 2333 2221 quod
2362 2160 2487 2206 sunt
2514 2159 2727 2206 cessant
2758 2150 2993 2205 existere
3014 2156 3245 2203 montes.

109 2245 259 2300 Justa
290 2257 604 2298 reversuros
629 2240 835 2312 pepulit
860 2239 1128 2295 sententia
1158 2239 1372 2305 Patres,
1871 2240 1962 2298 96.
2000 2242 2245 2312 Cumque
2272 2241 2391 2297 loco
2418 2241 2591 2297 fessus
2613 2239 2775 2294 Pater
2807 2247 3111 2294 arctaretur
3139 2236 3355 2303 eodem,

113 2335 366 2407 Martyris
389 2333 581 2389 Albani
606 2333 748 2388 votis
778 2332 987 2387 ambire
1012 2330 1343 2401 sepulcrum.
1799 2333 2036 2389 Cernere
2064 2341 2185 2388 erat
2213 2341 2412 2389 tectam
2448 2333 2628 2388 modio
2658 2341 2871 2402 torpere
2904 2331 3201 2386 lucernam.

109 2424 349 2494 Protegit
376 2423 466 2478 ille
491 2438 619 2478 suos
649 2422 860 2477 meritis
892 2422 1253 2491 precibusque
1279 2419 1589 2487 Britannos,
1801 2428 1968 2483 Forte
1981 2437 2319 2483 emerserunt
2340 2427 2531 2482 validis
2553 2426 2800 2482 incendia
2828 2424 3030 2486 ﬂabris,

110 2512 273 2567 Millia
297 2528 580 2584 poenarum
607 2512 808 2567 Christi
837 2525 935 2582 pro
960 2511 1177 2566 nomine
1203 2525 1426 2580 passus;
1804 2518 2024 2574 Vicinas
2052 2516 2303 2588 populata
2323 2516 2511 2572 domos
2535 2533 2552 2582 ;
2577 2516 2801 2587 jamque
2830 2514 3010 2568 omnia
3042 2512 3235 2568 victrix

108 2603 311 2660 Ultima
351 2620 508 2674 quem
535 2605 726 2674 capitis
753 2605 930 2674 rapuit
958 2606 1223 2659 sententia
1245 2603 1369 2659 caesi
1400 2621 1413 2658 :
1806 2609 2053 2665 Flamma
2101 2618 2249 2666 tenet
2272 2626 2291 2664 ε
2316 2624 2440 2681 Spes
2482 2608 2657 2664 omnis
2704 2606 2847 2673 abit;
2891 2613 3212 2674 consumpta
3246 2600 3393 2672 palu-

105 2694 182 2750 At
208 2708 315 2748 non
343 2693 518 2748 lictori
544 2694 708 2749 cessit
739 2709 826 2748 res
862 2701 976 2747 tuta
1007 2693 1270 2763 superbo;
3202 2694 3327 2767 [stri

111 2783 289 2855 thue
319 2792 481 2853 caput
508 2792 732 2848 sancto,
761 2783 1073 2839 ceciderunt
1096 2783 1299 2837 lumina
1327 2798 1489 2839 saevo.
1807 2790 1974 2848 Tecta
2020 2799 2246 2862 crepant
2293 2790 2534 2858 calamo;
2583 2789 2737 2856 furit,
2786 2798 2843 2846 ει
2880 2787 2996 2859 jam
3036 2786 3283 2860 ριιερευιίε
3315 2785 3396 2840 in.

108 2875 205 2932 Sic
235 2885 309 2940 tu,
340 2875 574 2939 Christe,
600 2885 721 2930 tuos
753 2875 1024 2929 interdum
1059 2874 1321 2930 ulciscere
1348 2891 1557 2931 servos.
3150 2877 3327 2950 [gens.
3423 2878 3427 2882 ’

182 2968 273 3025 94.
312 2968 388 3023 Te
448 2982 659 3038 quoque
708 2965 1030 3038 perstringi,
1089 2974 1333 3038 martyr,
1390 2983 1499 3022 non
1532 2967 1708 3022 abnue
1809 2971 2006 3027 Fertur
2027 2970 2083 3027 in
2118 2971 2433 3041 hospitium,
2459 2969 2712 3041 zephyris
2739 2968 3075 3041 urgentibus,
3106 2966 3247 3037 ignis
3274 2962 3312 3017 τ’

1433 3056 1636 3129 [verbis
1810 3063 1990 3119 Turba
2021 3063 2197 3129 volat;
2232 3063 2588 3133 manibusque
2611 3062 2770 3118 Pater
2792 3061 3041 3117 sublatus
3068 3059 3267 3115 amicis

107 3147 243 3204 Plus
266 3148 412 3219 justo
436 3147 697 3202 brevibus
727 3164 741 3201 τ
771 3161 895 3201 nam
923 3146 979 3200 ηἰ
1007 3145 1215 3213 Ροιίοηι
1241 3154 1529 3212 vocarent»
1811 3157 2112 3212 Discrimen
2137 3155 2309 3226 fugiat
2333 3156 2473 3212 votis
2499 3154 2861 3211 concordibus
2886 3161 3069 3208 orant.

107 3237 277 3293 Forte
305 3239 440 3292 meis
467 3246 521 3292 et
548 3246 601 3291 tu
633 3236 857 3292 calamis
891 3235 1154 3291 obnoxius
1181 3250 1351 3290 esses.
1810 3247 2014 3302 Αιπιυίι
2039 3246 2285 3309 antistes,
2316 3245 2688 3317 ωειίεαιοψιθ
2719 3243 2973 3311 tumultu,

106 3329 281 3400 quue
304 3331 433 3384 mihi
465 3338 676 3401 gratum
706 3344 850 3385 nunc
880 3345 985 3384 non
1025 3327 1372 3383 mediocriter
1403 3335 1600 3382 exstat.
1735 3348 1782 3411 ο
1812 3338 2059 3409 increpa;
2087 3337 2302 3403 inﬁdos,
2335 3337 2478 3392 nulla
2516 3336 2726 3393 ratione
2755 3336 2962 3391 moveri

109 3420 294 3487 QuOd,
323 3429 373 3475 te
399 3419 670 3475 Germano
695 3420 965 3490 quondam
1002 3419 1200 3475 favisse
1228 3420 1388 3475 beato
1406 3460 1420 3483 ,

1815 3432 1887 3487 Se
1912 3447 2104 3502 passus
2136 3448 2151 3483 :
2189 3438 2337 3485 tanta
2366 3439 2450 3485 est
2478 3429 2603 3484 ﬂdei
2631 3427 2938 3484 constantia
2967 3433 3178 3484 sancto.

106 3511 377 3581 Accipio;
411 3511 609 3581 quique
635 3511 845 3567 auctori
877 3510 1185 3583 persolvere
1222 3509 1478 3580 pulchras

1841 3522 1973 3578 ’lehs
2002 3521 2270 3592 trepidare
2299 3528 2445 3575 metu
2477 3519 2857 3588 ﬂammamque
2884 3515 3153 3572 obsistere
3173 3522 3372 3571 contra.

108 3603 241 3658 Rite
272 3618 471 3674 parans
499 3610 698 3674 grates,
731 3609 937 3657 reserat
961 3601 1197 3672 pretiosa
1223 3601 1455 3672 sepulcri
1814 3610 2090 3666 Humanos
2117 3610 2266 3666 nisus
2296 3617 2506 3681 turpem
2765 3607 3039 3678 repulsam
3056 3647 3072 3673 ν

107 3691 369 3748 Claustra
398 3691 497 3756 tui,
519 3691 841 3761 cineresque
862 3690 978 3761 pios
1006 3697 1157 3745 casto
1182 3690 1371 3744 ordine
1399 3688 1571 3745 sacris
1815 3701 1938 3756 Μοχ
1961 3702 2131 3772 patuit
2161 3719 2175 3757 ε
2207 3717 2332 3756 nam
2363 3700 2726 3770 consumptis,
2755 3712 3091 3770 quacunque
3120 3695 3261 3752 meri
3288 3746 3297 3753 ι

111 3783 435 3839 Muneribus
463 3782 763 3848 cumulans,
795 3792 1106 3837 sanctorum
1140 3782 1362 3853 pignora
1398 3781 1599 3847 condit,
1817 3792 1997 3850 Turba
2029 3794 2200 3864 cupit,
2228 3794 2275 3848 si
2300 3793 2429 3864 quid
2456 3792 2652 3864 praesul
2684 3790 2999 3849 defenderat
3027 3804 3190 3861 aeger.

108 3875 361 3930 Diversis
387 3873 611 3929 collecta
642 3874 775 3929 locis
803 3889 816 3926 :
844 3872 923 3929 sic
951 3873 1183 3943 denique
1201 3873 1409 3944 justum
1816 3886 2065 3943 Excessit
2087 3886 2325 3950 rabidos,
2356 3885 2552 3941 merito
2578 3891 2869 3956 pugnante,
2900 3894 3131 3953 vapores
3157 3896 3175 3936 ε

110 3963 214 4021 Sic
244 3963 363 4020 fore
385 3965 742 4030 conveniens;
773 3964 949 4020 loculo
982 3972 1290 4035 tegerentur
1318 3971 1375 4017 ut
1402 3977 1530 4027 uno,
1821 3976 2064 4046 cumque
2100 3974 2212 4031 fere
2244 3975 2434 4044 spatiis
2455 3973 2599 4029 ultra
2624 3974 2871 4044 citraque
2896 3971 3164 4037 subactis,

108 4054 274 4121 Quos
303 4054 490 4110 eadem
517 4055 724 4110 meritis
751 4054 999 4110 nectebat
1027 4053 1194 4124 gloria
1224 4052 1484 4121 pulchris.

1819 4070 2111 4143 Spargeret
2133 4070 2397 4126 immitem
2429 4067 2734 4139 populatrix
2762 4066 2978 4122 ﬂamma
3002 4063 3272 4128 furorem...

109 4144 367 4199 Muneris
395 4146 557 4215 inque
584 4146 775 4208 vicem,
810 4160 966 4200 sacro
996 4146 1061 4200 de
1091 4144 1309 4214 pulvere
1331 4152 1539 4214 partem

1819 4164 2049 4234 Expavit
2083 4162 2278 4217 modici
2308 4161 2625 4231 contingere
2657 4167 2796 4213 tecta
2828 4157 3075 4229 mapalis,

112 4235 383 4292 susmm-
412 4236 646 4293 Ῐηῖθθῑυε
674 4236 792 4291 ἷυεο
817 4235 884 4292 de
912 4237 1174 4305 sanglli'le
1199 4250 1405 4304 cespes:
1819 4255 1974 4322 Quod
2004 4253 2164 4309 Pater
2190 4252 2432 4307 inclusus
2460 4259 2618 4306 torvo
2637 4248 2874 4306 servavit
2901 4250 2970 4303 ab
2993 4248 3122 4319 igni.

113 4326 267 4382 Tum
294 4342 508 4398 quoque
533 4330 777 4384 certabat
807 4328 1006 4382 veteris
1033 4328 1364 4381 monimeula
1398 4325 1675 4395 triumphi.
1819 4346 2137 4401 per“,an
2166 4343 2379 4398 animos
2412 4340 2649 4412 ingentia
2680 4338 2875 4411 gaudia
2903 4338 3094 4409 plebis,

109 4417 244 4476 Hoc
282 4436 465 4476 secum
495 4420 693 4492 9'35"]
726 4420 917 4492 Plenus
962 4419 1162 4474 νίτιυῑθ
1210 4418 1402 4473 “Vim
1450 4418 1581 4488 (Ῑεθε
1624 4432 1713 4471 τε·
1823 4435 2001 4505 Seque
2030 4433 2202 4504 magis
2225 4447 2421 4501 supero
2444 4431 2696 4485 laatantur
2723 4429 2944 4484 numine
2972 4428 3165 4483 victos.

1414 4506 1642 4582 imm):
1892 4525 1980 4581 9'1.
2022 4523 2133 4579 Nec
2179 4522 2373 4595 stringi
2424 4520 2702 4587 numeris,
2766 4534 2869 4575 nec
2933 4526 3161 4589 possunt
3216 4516 3410 4574 cedere

113 4601 273 4658 Hinc
294 4602 390 4657 tibi
418 4603 656 4658 surrexit
682 4603 925 4673 praeclari
955 4601 1247 4659 schematis
1271 4600 1392 4655 aula
3106 4608 3343 4682 herbis,

113 4690 402 4747 Moenibus
429 4692 483 4746 in
516 4694 714 4747 nostris
735 4733 749 4758 ,
784 4692 1030 4747 manibus
1056 4700 1363 4747 constructa
1393 4691 1642 4748 beatis!»

1749 4703 1801 4777 ὑ
1829 4709 2139 4779 Languidus
2164 4708 2411 4778 hospitio
2428 4705 2626 4776 praesul
2649 4720 2770 4775 qua:
2797 4702 2966 4777 gessit
2991 4701 3047 4754 in
3067 4699 3179 4755 illo.

113 4779 252 4846 Ηίεν
282 4780 508 4845 Albane»
538 4796 743 4850 Preces»
775 4781 861 4836 hic
891 4781 1044 4836 δυάίε
1066 4790 1190 4836 V013
1222 4782 1468 4852 ρίοΐυῖηὲ
1827 4799 2021 4855 Noctes
2044 4808 2206 4867 atque
2229 4799 2345 4854 dies
2371 4797 2693 4852 miserorum
2721 4796 2876 4851 turba
2896 4790 3130 4862 jacentis

115 4871 346 4942 Saepius
373 4872 462 4927 hic
480 4872 615 4942 justi
642 4873 786 4927 cives
813 4888 1030 4927 sensere
1060 4890 1340 4944 supernos.

1828 4890 2073 4947 Excubat
2095 4897 2223 4944 ante
2250 4889 2423 4955 fores;
2453 4885 2650 4940 animis
2673 4884 3051 4958 languentibus
3080 4881 3170 4936 isti

196 4962 297 5018 95°
338 4962 580 5035 Quisque
626 4961 742 5035 [Ρνο
787 4960 1053 5034 (malum
1099 4965 1186 5034 Ρίθ
1232 4964 1384 5030 Vixi"
1434 4964 1559 5020 diro
1599 4978 1724 5054 "'9‘
1828 4984 2155 5054 Corporibus
2184 4989 2418 5051 poscunt
2436 4976 2689 5033 columen
2723 4976 3032 5036 tabentibus
3057 4970 3154 5029 illi.

1159 5055 1486 5129 [σοπηῐηίυυε
1510 5053 1648 5110 ίιθδίί
1830 5053 2072 5147 Cumque
2110 5072 2245 5128 nihil
2278 5077 2556 5148 pateretur
2584 5069 2707 5138 opis
2743 5069 3038 5129 succedere
3076 5065 3270 5124 morbo
3308 5064 3432 5139 [suo

113 5146 265 5190 Sena,
292 5161 649 5190 annm-pssum
676 5147 869 5190 canitie
899 5148 1209 5190 Λῑςοιιίηιῖηρ
1239 5152 1400 5190 αρηαῖι

1986 5146 2001 5147 ί
2281 5146 2291 5148 ⁷
3161 5150 3283 5190 ι’...ιν
3308 5156 3329 5190 1
