  <div class='ocr_page' id='page_1' title='image "/cluster/home/n/w/nwhite01/storage/ocr_20150623/124/hvd.32044011218096/594.png"; bbox 0 0 3876 5416; ppageno 0'>
   <div class='ocr_carea' id='block_1_1' title="bbox 78 305 205 363">
    <p class='ocr_par' dir='ltr' id='par_1_1' title="bbox 78 305 205 363">
     <span class='ocr_line' id='line_1_1' title="bbox 78 305 205 363; baseline -0.031 -1"><span class='ocrx_word' id='word_1_1' title='bbox 78 305 205 363; x_wconf 81' lang='grc' dir='ltr'>ΗΠ</span> 
     </span>
    </p>
   </div>
   <div class='ocr_carea' id='block_1_2' title="bbox 74 411 1395 479">
    <p class='ocr_par' dir='ltr' id='par_1_2' title="bbox 74 411 1395 479">
     <span class='ocr_line' id='line_1_2' title="bbox 74 411 1395 479; baseline -0.01 -2"><span class='ocrx_word' id='word_1_2' title='bbox 74 424 371 479; x_wconf 85' lang='lat' dir='ltr'><strong>Germanus</strong></span> <span class='ocrx_word' id='word_1_3' title='bbox 402 425 584 472; x_wconf 87' lang='lat' dir='ltr'><strong>notam</strong></span> <span class='ocrx_word' id='word_1_4' title='bbox 617 413 830 469; x_wconf 99' lang='lat' dir='ltr'><strong>tandem</strong></span> <span class='ocrx_word' id='word_1_5' title='bbox 856 413 1064 469; x_wconf 90' lang='lat' dir='ltr'><strong>delatus</strong></span> <span class='ocrx_word' id='word_1_6' title='bbox 1087 413 1154 467; x_wconf 88' lang='lat' dir='ltr'><strong>ad</strong></span> <span class='ocrx_word' id='word_1_7' title='bbox 1184 411 1395 477; x_wconf 85' lang='lat' dir='ltr'><strong>urbem,</strong></span> 
     </span>
    </p>
   </div>
   <div class='ocr_carea' id='block_1_3' title="bbox 72 507 1258 581">
    <p class='ocr_par' dir='ltr' id='par_1_3' title="bbox 72 507 1258 581">
     <span class='ocr_line' id='line_1_3' title="bbox 72 507 1258 581; baseline -0.011 -12"><span class='ocrx_word' id='word_1_8' title='bbox 72 511 320 569; x_wconf 91' lang='lat' dir='ltr'><strong>Ambitur</strong></span> <span class='ocrx_word' id='word_1_9' title='bbox 346 509 543 581; x_wconf 85' lang='lat' dir='ltr'><strong>duplici</strong></span> <span class='ocrx_word' id='word_1_10' title='bbox 573 518 757 578; x_wconf 90' lang='lat' dir='ltr'><strong>pastor</strong></span> <span class='ocrx_word' id='word_1_11' title='bbox 780 507 981 575; x_wconf 84' lang='lat' dir='ltr'><strong>pietate</strong></span> <span class='ocrx_word' id='word_1_12' title='bbox 1005 519 1258 567; x_wconf 89' lang='lat' dir='ltr'><strong>suorum;</strong></span> 
     </span>
    </p>
   </div>
   <div class='ocr_carea' id='block_1_4' title="bbox 73 596 1250 664">
    <p class='ocr_par' dir='ltr' id='par_1_4' title="bbox 73 596 1250 664">
     <span class='ocr_line' id='line_1_4' title="bbox 73 596 1250 664; baseline -0.009 -3"><span class='ocrx_word' id='word_1_13' title='bbox 73 602 240 661; x_wconf 90' lang='lat' dir='ltr'><strong>Obvia</strong></span> <span class='ocrx_word' id='word_1_14' title='bbox 265 602 421 658; x_wconf 89' lang='lat' dir='ltr'><strong>turba</strong></span> <span class='ocrx_word' id='word_1_15' title='bbox 446 601 571 664; x_wconf 88' lang='lat' dir='ltr'><strong>ruit,</strong></span> <span class='ocrx_word' id='word_1_16' title='bbox 597 599 742 654; x_wconf 89' lang='lat' dir='ltr'><strong>luctu</strong></span> <span class='ocrx_word' id='word_1_17' title='bbox 774 606 967 652; x_wconf 89' lang='lat' dir='ltr'><strong>testata</strong></span> <span class='ocrx_word' id='word_1_18' title='bbox 989 596 1250 662; x_wconf 85' lang='lat' dir='ltr'><strong>dolorem,</strong></span> 
     </span>
    </p>
   </div>
   <div class='ocr_carea' id='block_1_5' title="bbox 70 680 1480 759">
    <p class='ocr_par' dir='ltr' id='par_1_5' title="bbox 70 680 1480 759">
     <span class='ocr_line' id='line_1_5' title="bbox 70 680 1480 759; baseline -0.006 -9"><span class='ocrx_word' id='word_1_19' title='bbox 70 695 267 751; x_wconf 87' lang='lat' dir='ltr'><strong>Plausu</strong></span> <span class='ocrx_word' id='word_1_20' title='bbox 298 692 540 747; x_wconf 69' lang='lat' dir='ltr'><strong>lanitium</strong></span> <span class='ocrx_word' id='word_1_21' title='bbox 560 680 789 757; x_wconf 51' lang='lat' dir='ltr'><strong>{mixtis</strong></span> <span class='ocrx_word' id='word_1_22' title='bbox 818 689 873 743; x_wconf 89' lang='lat' dir='ltr'><strong>in</strong></span> <span class='ocrx_word' id='word_1_23' title='bbox 905 697 1200 759; x_wconf 89' lang='lat' dir='ltr'><strong>utrumque</strong></span> <span class='ocrx_word' id='word_1_24' title='bbox 1231 688 1480 742; x_wconf 73' lang='lat' dir='ltr'><strong>feruntur</strong></span> 
     </span>
    </p>
   </div>
   <div class='ocr_carea' id='block_1_6' title="bbox 68 779 1545 858">
    <p class='ocr_par' dir='ltr' id='par_1_6' title="bbox 68 779 1545 858">
     <span class='ocr_line' id='line_1_6' title="bbox 68 779 1545 858; baseline -0.006 -18"><span class='ocrx_word' id='word_1_25' title='bbox 68 785 298 858; x_wconf 85' lang='lat' dir='ltr'><strong>Agmina</strong></span> <span class='ocrx_word' id='word_1_26' title='bbox 327 792 474 838; x_wconf 88' lang='lat' dir='ltr'><strong>tanta</strong></span> <span class='ocrx_word' id='word_1_27' title='bbox 498 781 674 838; x_wconf 90' lang='lat' dir='ltr'><strong>modis</strong></span> <span class='ocrx_word' id='word_1_28' title='bbox 702 799 716 835; x_wconf 88' lang='lat'><strong>:</strong></span> <span class='ocrx_word' id='word_1_29' title='bbox 744 780 999 851; x_wconf 85' lang='lat' dir='ltr'><strong>lacrymis</strong></span> <span class='ocrx_word' id='word_1_30' title='bbox 1023 787 1080 834; x_wconf 91' lang='lat' dir='ltr'><strong>at</strong></span> <span class='ocrx_word' id='word_1_31' title='bbox 1107 779 1299 850; x_wconf 89' lang='lat' dir='ltr'><strong>gaudia</strong></span> <span class='ocrx_word' id='word_1_32' title='bbox 1327 779 1545 832; x_wconf 81' lang='lat' dir='ltr'><strong>cedunt.</strong></span> 
     </span>
    </p>
   </div>
   <div class='ocr_carea' id='block_1_7' title="bbox 69 870 1514 933">
    <p class='ocr_par' dir='ltr' id='par_1_7' title="bbox 69 870 1514 933">
     <span class='ocr_line' id='line_1_7' title="bbox 69 870 1514 933; baseline -0.007 -2"><span class='ocrx_word' id='word_1_33' title='bbox 69 875 352 931; x_wconf 83' lang='lat' dir='ltr'><strong>Presserat</strong></span> <span class='ocrx_word' id='word_1_34' title='bbox 381 875 434 929; x_wconf 92' lang='lat' dir='ltr'><strong>in</strong></span> <span class='ocrx_word' id='word_1_35' title='bbox 458 873 687 929; x_wconf 89' lang='lat' dir='ltr'><strong>miseros</strong></span> <span class='ocrx_word' id='word_1_36' title='bbox 711 871 920 926; x_wconf 86' lang='lat' dir='ltr'><strong>clavum</strong></span> <span class='ocrx_word' id='word_1_37' title='bbox 944 870 1157 925; x_wconf 82' lang='lat' dir='ltr'><strong>fortuna</strong></span> <span class='ocrx_word' id='word_1_38' title='bbox 1182 870 1439 924; x_wconf 83' lang='lat' dir='ltr'><strong>trabalem</strong></span> <span class='ocrx_word' id='word_1_39' title='bbox 1463 880 1514 933; x_wconf 72' lang='grc' dir='ltr'><strong>ιι,</strong></span> 
     </span>
    </p>
   </div>
   <div class='ocr_carea' id='block_1_8' title="bbox 70 960 1653 1023">
    <p class='ocr_par' dir='ltr' id='par_1_8' title="bbox 70 960 1653 1023">
     <span class='ocr_line' id='line_1_8' title="bbox 70 960 1653 1023; baseline -0.005 -1"><span class='ocrx_word' id='word_1_40' title='bbox 70 967 204 1023; x_wconf 88' lang='lat' dir='ltr'><strong>Dum</strong></span> <span class='ocrx_word' id='word_1_41' title='bbox 234 967 398 1021; x_wconf 89' lang='lat' dir='ltr'><strong>Pater</strong></span> <span class='ocrx_word' id='word_1_42' title='bbox 426 965 600 1020; x_wconf 87' lang='lat' dir='ltr'><strong>almus</strong></span> <span class='ocrx_word' id='word_1_43' title='bbox 638 965 795 1019; x_wconf 85' lang='lat' dir='ltr'><strong>abest</strong></span> <span class='ocrx_word' id='word_1_44' title='bbox 817 978 1011 1018; x_wconf 87' lang='lat' dir='ltr'><strong>causas</strong></span> <span class='ocrx_word' id='word_1_45' title='bbox 1042 972 1222 1017; x_wconf 88' lang='lat' dir='ltr'><strong>tamen</strong></span> <span class='ocrx_word' id='word_1_46' title='bbox 1251 962 1441 1017; x_wconf 86' lang='lat' dir='ltr'><strong>ordine</strong></span> <span class='ocrx_word' id='word_1_47' title='bbox 1463 960 1653 1015; x_wconf 66' lang='lat' dir='ltr'><strong>discit-</strong></span> 
     </span>
    </p>
   </div>
   <div class='ocr_carea' id='block_1_9' title="bbox 70 1053 1310 1130">
    <p class='ocr_par' dir='ltr' id='par_1_9' title="bbox 70 1053 1310 1130">
     <span class='ocr_line' id='line_1_9' title="bbox 70 1053 1310 1130; baseline -0.007 -13"><span class='ocrx_word' id='word_1_48' title='bbox 70 1058 372 1130; x_wconf 87' lang='lat' dir='ltr'><strong>Oppressos</strong></span> <span class='ocrx_word' id='word_1_49' title='bbox 393 1058 595 1113; x_wconf 92' lang='lat' dir='ltr'><strong>dudum</strong></span> <span class='ocrx_word' id='word_1_50' title='bbox 623 1054 869 1111; x_wconf 86' lang='lat' dir='ltr'><strong>censoris</strong></span> <span class='ocrx_word' id='word_1_51' title='bbox 895 1054 1135 1124; x_wconf 88' lang='lat' dir='ltr'><strong>pondere</strong></span> <span class='ocrx_word' id='word_1_52' title='bbox 1163 1053 1310 1108; x_wconf 84' lang='lat' dir='ltr'><strong>cives</strong></span> 
     </span>
    </p>
   </div>
   <div class='ocr_carea' id='block_1_10' title="bbox 68 1147 1279 1209">
    <p class='ocr_par' dir='ltr' id='par_1_10' title="bbox 68 1147 1279 1209">
     <span class='ocr_line' id='line_1_10' title="bbox 68 1147 1279 1209; baseline -0.007 0"><span class='ocrx_word' id='word_1_53' title='bbox 68 1154 267 1209; x_wconf 89' lang='lat' dir='ltr'><strong>Acrius</strong></span> <span class='ocrx_word' id='word_1_54' title='bbox 289 1151 524 1208; x_wconf 87' lang='lat' dir='ltr'><strong>insolitis</strong></span> <span class='ocrx_word' id='word_1_55' title='bbox 550 1166 665 1206; x_wconf 90' lang='lat' dir='ltr'><strong>rem</strong></span> <span class='ocrx_word' id='word_1_56' title='bbox 690 1149 1013 1206; x_wconf 89' lang='lat' dir='ltr'><strong>contrivisse</strong></span> <span class='ocrx_word' id='word_1_57' title='bbox 1043 1147 1279 1203; x_wconf 88' lang='lat' dir='ltr'><strong>tributis.</strong></span> 
     </span>
    </p>
   </div>
   <div class='ocr_carea' id='block_1_11' title="bbox 68 1238 1344 1315">
    <p class='ocr_par' dir='ltr' id='par_1_11' title="bbox 68 1238 1344 1315">
     <span class='ocr_line' id='line_1_11' title="bbox 68 1238 1344 1315; baseline -0.007 -14"><span class='ocrx_word' id='word_1_58' title='bbox 68 1245 298 1315; x_wconf 85' lang='lat' dir='ltr'><strong>Ingemit</strong></span> <span class='ocrx_word' id='word_1_59' title='bbox 320 1243 578 1300; x_wconf 65' lang='lat' dir='ltr'><strong>aerumnis</strong></span> <span class='ocrx_word' id='word_1_60' title='bbox 600 1259 615 1308; x_wconf 93' lang='lat'><strong>;</strong></span> <span class='ocrx_word' id='word_1_61' title='bbox 639 1242 859 1313; x_wconf 88' lang='lat' dir='ltr'><strong>pietatis</strong></span> <span class='ocrx_word' id='word_1_62' title='bbox 889 1241 1097 1315; x_wconf 80' lang='lat' dir='ltr'><strong>viscera</strong></span> <span class='ocrx_word' id='word_1_63' title='bbox 1126 1238 1344 1310; x_wconf 87' lang='lat' dir='ltr'><strong>pandit;</strong></span> 
     </span>
    </p>
   </div>
   <div class='ocr_carea' id='block_1_12' title="bbox 72 1329 1318 1404">
    <p class='ocr_par' dir='ltr' id='par_1_12' title="bbox 72 1329 1318 1404">
     <span class='ocr_line' id='line_1_12' title="bbox 72 1329 1318 1404; baseline -0.006 -15"><span class='ocrx_word' id='word_1_64' title='bbox 72 1336 344 1399; x_wconf 79' lang='lat' dir='ltr'><strong>Rimatur,</strong></span> <span class='ocrx_word' id='word_1_65' title='bbox 380 1348 613 1404; x_wconf 90' lang='lat' dir='ltr'><strong>quanam</strong></span> <span class='ocrx_word' id='word_1_66' title='bbox 646 1331 875 1387; x_wconf 89' lang='lat' dir='ltr'><strong>miseros</strong></span> <span class='ocrx_word' id='word_1_67' title='bbox 905 1346 937 1385; x_wconf 91' lang='lat' dir='ltr'><strong>a</strong></span> <span class='ocrx_word' id='word_1_68' title='bbox 962 1330 1114 1385; x_wconf 87' lang='lat' dir='ltr'><strong>clade</strong></span> <span class='ocrx_word' id='word_1_69' title='bbox 1139 1329 1318 1384; x_wconf 86' lang='lat' dir='ltr'><strong>levare</strong></span> 
     </span>
    </p>
   </div>
   <div class='ocr_carea' id='block_1_13' title="bbox 68 1418 1416 1494">
    <p class='ocr_par' dir='ltr' id='par_1_13' title="bbox 68 1418 1416 1494">
     <span class='ocr_line' id='line_1_13' title="bbox 68 1418 1416 1494; baseline -0.005 -16"><span class='ocrx_word' id='word_1_70' title='bbox 68 1426 198 1480; x_wconf 82' lang='lat' dir='ltr'><strong>Arte</strong></span> <span class='ocrx_word' id='word_1_71' title='bbox 225 1433 393 1494; x_wconf 85' lang='lat' dir='ltr'><strong>queat</strong></span> <span class='ocrx_word' id='word_1_72' title='bbox 420 1438 436 1477; x_wconf 90' lang='lat'><strong>:</strong></span> <span class='ocrx_word' id='word_1_73' title='bbox 467 1423 788 1494; x_wconf 81' lang='lat' dir='ltr'><strong>magnisque</strong></span> <span class='ocrx_word' id='word_1_74' title='bbox 821 1430 987 1492; x_wconf 86' lang='lat' dir='ltr'><strong>caput</strong></span> <span class='ocrx_word' id='word_1_75' title='bbox 1013 1421 1302 1477; x_wconf 86' lang='lat' dir='ltr'><strong>sudoribus</strong></span> <span class='ocrx_word' id='word_1_76' title='bbox 1327 1418 1416 1473; x_wconf 92' lang='lat' dir='ltr'><strong>ille</strong></span> 
     </span>
    </p>
   </div>
   <div class='ocr_carea' id='block_1_14' title="bbox 68 1505 1581 1587">
    <p class='ocr_par' dir='ltr' id='par_1_14' title="bbox 68 1505 1581 1587">
     <span class='ocr_line' id='line_1_14' title="bbox 68 1505 1581 1587; baseline -0.002 -17"><span class='ocrx_word' id='word_1_77' title='bbox 68 1505 329 1583; x_wconf 77' lang='lat' dir='ltr'><strong>Voverat,</strong></span> <span class='ocrx_word' id='word_1_78' title='bbox 360 1517 706 1587; x_wconf 86' lang='lat' dir='ltr'><strong>omnigenum</strong></span> <span class='ocrx_word' id='word_1_79' title='bbox 733 1517 948 1587; x_wconf 84' lang='lat' dir='ltr'><strong>patiens</strong></span> <span class='ocrx_word' id='word_1_80' title='bbox 982 1516 1100 1570; x_wconf 86' lang='lat' dir='ltr'><strong>sine</strong></span> <span class='ocrx_word' id='word_1_81' title='bbox 1130 1529 1281 1571; x_wconf 89' lang='lat' dir='ltr'><strong>more</strong></span> <span class='ocrx_word' id='word_1_82' title='bbox 1314 1515 1581 1570; x_wconf 89' lang='lat' dir='ltr'><strong>laborum.</strong></span> 
     </span>
    </p>
   </div>
   <div class='ocr_carea' id='block_1_15' title="bbox 70 1602 1415 1677">
    <p class='ocr_par' dir='ltr' id='par_1_15' title="bbox 70 1602 1415 1677">
     <span class='ocr_line' id='line_1_15' title="bbox 70 1602 1415 1677; baseline -0.002 -17"><span class='ocrx_word' id='word_1_83' title='bbox 70 1604 238 1677; x_wconf 89' lang='lat' dir='ltr'><strong>Urget</strong></span> <span class='ocrx_word' id='word_1_84' title='bbox 263 1621 394 1662; x_wconf 88' lang='lat' dir='ltr'><strong>cura</strong></span> <span class='ocrx_word' id='word_1_85' title='bbox 422 1606 600 1660; x_wconf 84' lang='lat' dir='ltr'><strong>virum</strong></span> <span class='ocrx_word' id='word_1_86' title='bbox 624 1621 640 1671; x_wconf 94' lang='lat'><strong>;</strong></span> <span class='ocrx_word' id='word_1_87' title='bbox 671 1620 775 1661; x_wconf 87' lang='lat' dir='ltr'><strong>nec</strong></span> <span class='ocrx_word' id='word_1_88' title='bbox 791 1606 904 1676; x_wconf 87' lang='lat' dir='ltr'><strong>jam</strong></span> <span class='ocrx_word' id='word_1_89' title='bbox 931 1604 1187 1675; x_wconf 73' lang='lat' dir='ltr'><strong>suffragia</strong></span> <span class='ocrx_word' id='word_1_90' title='bbox 1215 1602 1415 1658; x_wconf 85' lang='lat' dir='ltr'><strong>differt.</strong></span> 
     </span>
    </p>
   </div>
   <div class='ocr_carea' id='block_1_16' title="bbox 66 1694 1494 1769">
    <p class='ocr_par' dir='ltr' id='par_1_16' title="bbox 66 1694 1494 1769">
     <span class='ocr_line' id='line_1_16' title="bbox 66 1694 1494 1769; baseline -0.002 -17"><span class='ocrx_word' id='word_1_91' title='bbox 66 1694 272 1753; x_wconf 83' lang='lat' dir='ltr'><strong>Fessus</strong></span> <span class='ocrx_word' id='word_1_92' title='bbox 298 1698 472 1754; x_wconf 88' lang='lat' dir='ltr'><strong>adhuc</strong></span> <span class='ocrx_word' id='word_1_93' title='bbox 494 1697 688 1769; x_wconf 79' lang='lat' dir='ltr'><strong>pelagi,</strong></span> <span class='ocrx_word' id='word_1_94' title='bbox 722 1712 943 1751; x_wconf 87' lang='lat' dir='ltr'><strong>rursum</strong></span> <span class='ocrx_word' id='word_1_95' title='bbox 975 1695 1255 1752; x_wconf 85' lang='lat' dir='ltr'><strong>terrestria</strong></span> <span class='ocrx_word' id='word_1_96' title='bbox 1286 1704 1494 1761; x_wconf 89' lang='lat' dir='ltr'><strong>tentat;</strong></span> 
     </span>
    </p>
   </div>
   <div class='ocr_carea' id='block_1_17' title="bbox 67 1784 1498 1858">
    <p class='ocr_par' dir='ltr' id='par_1_17' title="bbox 67 1784 1498 1858">
     <span class='ocr_line' id='line_1_17' title="bbox 67 1784 1498 1858; baseline -0.002 -16"><span class='ocrx_word' id='word_1_97' title='bbox 67 1786 483 1858; x_wconf 74' lang='lat' dir='ltr'><strong>[egrediturque</strong></span> <span class='ocrx_word' id='word_1_98' title='bbox 508 1786 672 1853; x_wconf 88' lang='lat' dir='ltr'><strong>viam,</strong></span> <span class='ocrx_word' id='word_1_99' title='bbox 696 1785 916 1856; x_wconf 87' lang='lat' dir='ltr'><strong>longum</strong></span> <span class='ocrx_word' id='word_1_100' title='bbox 939 1801 1045 1857; x_wconf 89' lang='lat' dir='ltr'><strong>qua</strong></span> <span class='ocrx_word' id='word_1_101' title='bbox 1066 1784 1238 1841; x_wconf 85' lang='lat' dir='ltr'><strong>Gallia</strong></span> <span class='ocrx_word' id='word_1_102' title='bbox 1268 1799 1498 1855; x_wconf 86' lang='lat' dir='ltr'><strong>vergens</strong></span> 
     </span>
    </p>
   </div>
   <div class='ocr_carea' id='block_1_18' title="bbox 64 1875 1655 1948">
    <p class='ocr_par' dir='ltr' id='par_1_18' title="bbox 64 1875 1655 1948">
     <span class='ocr_line' id='line_1_18' title="bbox 64 1875 1655 1948; baseline -0.002 -15"><span class='ocrx_word' id='word_1_103' title='bbox 64 1878 267 1934; x_wconf 89' lang='lat' dir='ltr'><strong>Pandit</strong></span> <span class='ocrx_word' id='word_1_104' title='bbox 302 1880 436 1945; x_wconf 89' lang='lat' dir='ltr'><strong>iter;</strong></span> <span class='ocrx_word' id='word_1_105' title='bbox 469 1886 765 1948; x_wconf 88' lang='lat' dir='ltr'><strong>sanctoque</strong></span> <span class='ocrx_word' id='word_1_106' title='bbox 789 1877 970 1934; x_wconf 89' lang='lat' dir='ltr'><strong>ferens</strong></span> <span class='ocrx_word' id='word_1_107' title='bbox 1008 1878 1064 1931; x_wconf 91' lang='lat' dir='ltr'><strong>in</strong></span> <span class='ocrx_word' id='word_1_108' title='bbox 1100 1886 1321 1948; x_wconf 87' lang='lat' dir='ltr'><strong>pectore</strong></span> <span class='ocrx_word' id='word_1_109' title='bbox 1358 1875 1655 1943; x_wconf 84' lang='lat' dir='ltr'><strong>Christum,</strong></span> 
     </span>
    </p>
   </div>
   <div class='ocr_carea' id='block_1_19' title="bbox 63 1966 1563 2042">
    <p class='ocr_par' dir='ltr' id='par_1_19' title="bbox 63 1966 1563 2042">
     <span class='ocr_line' id='line_1_19' title="bbox 63 1966 1563 2042; baseline -0.005 -17"><span class='ocrx_word' id='word_1_110' title='bbox 63 1968 447 2042; x_wconf 85' lang='lat' dir='ltr'><strong>Progreditur,</strong></span> <span class='ocrx_word' id='word_1_111' title='bbox 472 1969 685 2024; x_wconf 90' lang='lat' dir='ltr'><strong>modico</strong></span> <span class='ocrx_word' id='word_1_112' title='bbox 716 1975 1007 2023; x_wconf 90' lang='lat' dir='ltr'><strong>contentus</strong></span> <span class='ocrx_word' id='word_1_113' title='bbox 1030 1967 1096 2021; x_wconf 89' lang='lat' dir='ltr'><strong>ad</strong></span> <span class='ocrx_word' id='word_1_114' title='bbox 1118 1966 1299 2021; x_wconf 89' lang='lat' dir='ltr'><strong>omnia</strong></span> <span class='ocrx_word' id='word_1_115' title='bbox 1323 1974 1563 2034; x_wconf 89' lang='lat' dir='ltr'><strong>sumptu.</strong></span> 
     </span>
    </p>
   </div>
   <div class='ocr_carea' id='block_1_20' title="bbox 134 2056 1627 2133">
    <p class='ocr_par' dir='ltr' id='par_1_20' title="bbox 134 2056 1627 2133">
     <span class='ocr_line' id='line_1_20' title="bbox 134 2056 1627 2133; baseline -0.005 -14"><span class='ocrx_word' id='word_1_116' title='bbox 134 2062 267 2119; x_wconf 67' lang='lat'><strong>103.</strong></span> <span class='ocrx_word' id='word_1_117' title='bbox 307 2062 578 2133; x_wconf 87' lang='lat' dir='ltr'><strong>Carpebat</strong></span> <span class='ocrx_word' id='word_1_118' title='bbox 602 2076 792 2132; x_wconf 89' lang='lat' dir='ltr'><strong>gressu</strong></span> <span class='ocrx_word' id='word_1_119' title='bbox 814 2058 1011 2129; x_wconf 60' lang='lat' dir='ltr'><strong>praesul</strong></span> <span class='ocrx_word' id='word_1_120' title='bbox 1043 2073 1140 2129; x_wconf 91' lang='lat' dir='ltr'><strong>per</strong></span> <span class='ocrx_word' id='word_1_121' title='bbox 1168 2067 1355 2127; x_wconf 89' lang='lat' dir='ltr'><strong>aperta</strong></span> <span class='ocrx_word' id='word_1_122' title='bbox 1382 2056 1627 2112; x_wconf 89' lang='lat' dir='ltr'><strong>modesto</strong></span> 
     </span>
    </p>
   </div>
   <div class='ocr_carea' id='block_1_21' title="bbox 58 2148 1493 2223">
    <p class='ocr_par' dir='ltr' id='par_1_21' title="bbox 58 2148 1493 2223">
     <span class='ocr_line' id='line_1_21' title="bbox 58 2148 1493 2223; baseline -0.007 -12"><span class='ocrx_word' id='word_1_123' title='bbox 58 2155 218 2211; x_wconf 83' lang='lat' dir='ltr'><strong>Rura</strong></span> <span class='ocrx_word' id='word_1_124' title='bbox 242 2155 409 2221; x_wconf 90' lang='lat' dir='ltr'><strong>viam,</strong></span> <span class='ocrx_word' id='word_1_125' title='bbox 438 2166 738 2223; x_wconf 88' lang='lat' dir='ltr'><strong>vesperque</strong></span> <span class='ocrx_word' id='word_1_126' title='bbox 765 2152 907 2206; x_wconf 88' lang='lat' dir='ltr'><strong>diem</strong></span> <span class='ocrx_word' id='word_1_127' title='bbox 938 2150 1207 2205; x_wconf 89' lang='lat' dir='ltr'><strong>condebat</strong></span> <span class='ocrx_word' id='word_1_128' title='bbox 1234 2148 1290 2203; x_wconf 93' lang='lat' dir='ltr'><strong>in</strong></span> <span class='ocrx_word' id='word_1_129' title='bbox 1312 2148 1493 2213; x_wconf 90' lang='lat' dir='ltr'><strong>undis,</strong></span> 
     </span>
    </p>
   </div>
   <div class='ocr_carea' id='block_1_22' title="bbox 56 2241 1351 2315">
    <p class='ocr_par' dir='ltr' id='par_1_22' title="bbox 56 2241 1351 2315">
     <span class='ocr_line' id='line_1_22' title="bbox 56 2241 1351 2315; baseline -0.006 -12"><span class='ocrx_word' id='word_1_130' title='bbox 56 2246 342 2304; x_wconf 87' lang='lat' dir='ltr'><strong>Obruerat</strong></span> <span class='ocrx_word' id='word_1_131' title='bbox 366 2253 536 2301; x_wconf 91' lang='lat' dir='ltr'><strong>totum</strong></span> <span class='ocrx_word' id='word_1_132' title='bbox 560 2244 740 2314; x_wconf 88' lang='lat' dir='ltr'><strong>pluvio</strong></span> <span class='ocrx_word' id='word_1_133' title='bbox 766 2244 854 2313; x_wconf 86' lang='lat' dir='ltr'><strong>qui</strong></span> <span class='ocrx_word' id='word_1_134' title='bbox 885 2243 1087 2315; x_wconf 79' lang='lat' dir='ltr'><strong>frigore</strong></span> <span class='ocrx_word' id='word_1_135' title='bbox 1107 2241 1304 2296; x_wconf 84' lang='lat' dir='ltr'><strong>coelum</strong></span> <span class='ocrx_word' id='word_1_136' title='bbox 1336 2259 1351 2295; x_wconf 91' lang='lat'><strong>:</strong></span> 
     </span>
    </p>
   </div>
   <div class='ocr_carea' id='block_1_23' title="bbox 54 2334 1376 2400">
    <p class='ocr_par' dir='ltr' id='par_1_23' title="bbox 54 2334 1376 2400">
     <span class='ocr_line' id='line_1_23' title="bbox 54 2334 1376 2400; baseline -0.007 -6"><span class='ocrx_word' id='word_1_137' title='bbox 54 2337 366 2394; x_wconf 82' lang='lat' dir='ltr'><strong>Confectus</strong></span> <span class='ocrx_word' id='word_1_138' title='bbox 390 2336 588 2400; x_wconf 89' lang='lat' dir='ltr'><strong>macie,</strong></span> <span class='ocrx_word' id='word_1_139' title='bbox 620 2334 899 2390; x_wconf 88' lang='lat' dir='ltr'><strong>confectus</strong></span> <span class='ocrx_word' id='word_1_140' title='bbox 925 2334 1197 2399; x_wconf 89' lang='lat' dir='ltr'><strong>sordibus,</strong></span> <span class='ocrx_word' id='word_1_141' title='bbox 1224 2347 1376 2399; x_wconf 88' lang='lat' dir='ltr'><strong>ecce,</strong></span> 
     </span>
    </p>
   </div>
   <div class='ocr_carea' id='block_1_24' title="bbox 49 2425 1407 2497">
    <p class='ocr_par' dir='ltr' id='par_1_24' title="bbox 49 2425 1407 2497">
     <span class='ocr_line' id='line_1_24' title="bbox 49 2425 1407 2497; baseline -0.004 -14"><span class='ocrx_word' id='word_1_142' title='bbox 49 2427 228 2483; x_wconf 83' lang='lat' dir='ltr'><strong>Addit</strong></span> <span class='ocrx_word' id='word_1_143' title='bbox 258 2442 326 2483; x_wconf 83' lang='lat' dir='ltr'><strong>se</strong></span> <span class='ocrx_word' id='word_1_144' title='bbox 351 2427 606 2482; x_wconf 88' lang='lat' dir='ltr'><strong>comitem</strong></span> <span class='ocrx_word' id='word_1_145' title='bbox 633 2440 892 2496; x_wconf 88' lang='lat' dir='ltr'><strong>perverso</strong></span> <span class='ocrx_word' id='word_1_146' title='bbox 919 2433 1139 2497; x_wconf 89' lang='lat' dir='ltr'><strong>pectore</strong></span> <span class='ocrx_word' id='word_1_147' title='bbox 1162 2425 1407 2494; x_wconf 91' lang='lat' dir='ltr'><strong>quidam,</strong></span> 
     </span>
    </p>
   </div>
   <div class='ocr_carea' id='block_1_25' title="bbox 51 2515 1584 2587">
    <p class='ocr_par' dir='ltr' id='par_1_25' title="bbox 51 2515 1584 2587">
     <span class='ocr_line' id='line_1_25' title="bbox 51 2515 1584 2587; baseline -0.004 -14"><span class='ocrx_word' id='word_1_148' title='bbox 51 2516 250 2573; x_wconf 81' lang='lat' dir='ltr'><strong>Nudus</strong></span> <span class='ocrx_word' id='word_1_149' title='bbox 279 2518 356 2572; x_wconf 85' lang='lat' dir='ltr'><strong>ad</strong></span> <span class='ocrx_word' id='word_1_150' title='bbox 385 2532 554 2587; x_wconf 88' lang='lat' dir='ltr'><strong>usque</strong></span> <span class='ocrx_word' id='word_1_151' title='bbox 579 2517 762 2587; x_wconf 89' lang='lat' dir='ltr'><strong>pedes.</strong></span> <span class='ocrx_word' id='word_1_152' title='bbox 795 2516 1008 2587; x_wconf 88' lang='lat' dir='ltr'><strong>Pepulit</strong></span> <span class='ocrx_word' id='word_1_153' title='bbox 1032 2515 1314 2571; x_wconf 88' lang='lat' dir='ltr'><strong>miseratio</strong></span> <span class='ocrx_word' id='word_1_154' title='bbox 1338 2522 1584 2569; x_wconf 81' lang='lat' dir='ltr'><strong>cunctos.</strong></span> 
     </span>
    </p>
   </div>
   <div class='ocr_carea' id='block_1_26' title="bbox 51 2609 1408 2682">
    <p class='ocr_par' dir='ltr' id='par_1_26' title="bbox 51 2609 1408 2682">
     <span class='ocr_line' id='line_1_26' title="bbox 51 2609 1408 2682; baseline -0.005 -14"><span class='ocrx_word' id='word_1_155' title='bbox 51 2611 325 2682; x_wconf 77' lang='lat' dir='ltr'><strong>Iungitur</strong></span> <span class='ocrx_word' id='word_1_156' title='bbox 350 2610 586 2677; x_wconf 90' lang='lat' dir='ltr'><strong>hospitio</strong></span> <span class='ocrx_word' id='word_1_157' title='bbox 613 2617 909 2679; x_wconf 76' lang='lat' dir='ltr'><strong>praetextus</strong></span> <span class='ocrx_word' id='word_1_158' title='bbox 938 2622 1178 2679; x_wconf 88' lang='lat' dir='ltr'><strong>paupere</strong></span> <span class='ocrx_word' id='word_1_159' title='bbox 1207 2609 1408 2678; x_wconf 78' lang='lat' dir='ltr'><strong>praedo,</strong></span> 
     </span>
    </p>
   </div>
   <div class='ocr_carea' id='block_1_27' title="bbox 51 2698 1598 2772">
    <p class='ocr_par' dir='ltr' id='par_1_27' title="bbox 51 2698 1598 2772">
     <span class='ocr_line' id='line_1_27' title="bbox 51 2698 1598 2772; baseline -0.005 -14"><span class='ocrx_word' id='word_1_160' title='bbox 51 2702 327 2772; x_wconf 87' lang='lat' dir='ltr'><strong>Interque</strong></span> <span class='ocrx_word' id='word_1_161' title='bbox 348 2699 611 2754; x_wconf 85' lang='lat' dir='ltr'><strong>innocuos</strong></span> <span class='ocrx_word' id='word_1_162' title='bbox 634 2698 876 2753; x_wconf 89' lang='lat' dir='ltr'><strong>cubitum</strong></span> <span class='ocrx_word' id='word_1_163' title='bbox 897 2698 989 2751; x_wconf 91' lang='lat' dir='ltr'><strong>dat</strong></span> <span class='ocrx_word' id='word_1_164' title='bbox 1016 2698 1259 2766; x_wconf 83' lang='lat' dir='ltr'><strong>membra</strong></span> <span class='ocrx_word' id='word_1_165' title='bbox 1284 2698 1562 2751; x_wconf 90' lang='lat' dir='ltr'><strong>ministros</strong></span> <span class='ocrx_word' id='word_1_166' title='bbox 1585 2713 1598 2750; x_wconf 90' lang='lat'><strong>:</strong></span> 
     </span>
    </p>
   </div>
   <div class='ocr_carea' id='block_1_28' title="bbox 54 2788 1500 2860">
    <p class='ocr_par' dir='ltr' id='par_1_28' title="bbox 54 2788 1500 2860">
     <span class='ocr_line' id='line_1_28' title="bbox 54 2788 1500 2860; baseline -0.006 -11"><span class='ocrx_word' id='word_1_167' title='bbox 54 2793 167 2849; x_wconf 84' lang='lat' dir='ltr'><strong>ﬂos</strong></span> <span class='ocrx_word' id='word_1_168' title='bbox 196 2805 395 2860; x_wconf 90' lang='lat' dir='ltr'><strong>sopor,</strong></span> <span class='ocrx_word' id='word_1_169' title='bbox 425 2789 568 2843; x_wconf 91' lang='lat' dir='ltr'><strong>hunc</strong></span> <span class='ocrx_word' id='word_1_170' title='bbox 598 2797 753 2860; x_wconf 87' lang='lat' dir='ltr'><strong>urget</strong></span> <span class='ocrx_word' id='word_1_171' title='bbox 781 2803 935 2843; x_wconf 82' lang='lat' dir='ltr'><strong>saeva:</strong></span> <span class='ocrx_word' id='word_1_172' title='bbox 966 2789 1249 2843; x_wconf 87' lang='lat' dir='ltr'><strong>meditatio</strong></span> <span class='ocrx_word' id='word_1_173' title='bbox 1274 2788 1500 2841; x_wconf 84' lang='lat' dir='ltr'><strong>fraudis.</strong></span> 
     </span>
    </p>
   </div>
   <div class='ocr_carea' id='block_1_29' title="bbox 55 2880 1435 2951">
    <p class='ocr_par' dir='ltr' id='par_1_29' title="bbox 55 2880 1435 2951">
     <span class='ocr_line' id='line_1_29' title="bbox 55 2880 1435 2951; baseline -0.005 -12"><span class='ocrx_word' id='word_1_174' title='bbox 55 2883 380 2939; x_wconf 80' lang='lat' dir='ltr'><strong>Proﬁcuum</strong></span> <span class='ocrx_word' id='word_1_175' title='bbox 407 2880 600 2936; x_wconf 89' lang='lat' dir='ltr'><strong>sceleri</strong></span> <span class='ocrx_word' id='word_1_176' title='bbox 629 2895 829 2951; x_wconf 87' lang='lat' dir='ltr'><strong>gnarus</strong></span> <span class='ocrx_word' id='word_1_177' title='bbox 857 2880 1162 2934; x_wconf 88' lang='lat' dir='ltr'><strong>conducere</strong></span> <span class='ocrx_word' id='word_1_178' title='bbox 1191 2887 1435 2948; x_wconf 87' lang='lat' dir='ltr'><strong>tempus,</strong></span> 
     </span>
    </p>
   </div>
   <div class='ocr_carea' id='block_1_30' title="bbox 62 2968 1363 3046">
    <p class='ocr_par' dir='ltr' id='par_1_30' title="bbox 62 2968 1363 3046">
     <span class='ocr_line' id='line_1_30' title="bbox 62 2968 1363 3046; baseline -0.005 -17"><span class='ocrx_word' id='word_1_179' title='bbox 62 2973 277 3046; x_wconf 88' lang='lat' dir='ltr'><strong>Surgit,</strong></span> <span class='ocrx_word' id='word_1_180' title='bbox 303 2979 361 3027; x_wconf 89' lang='lat' dir='ltr'><strong>et</strong></span> <span class='ocrx_word' id='word_1_181' title='bbox 382 2970 658 3026; x_wconf 87' lang='lat' dir='ltr'><strong>addictum</strong></span> <span class='ocrx_word' id='word_1_182' title='bbox 694 2970 867 3026; x_wconf 90' lang='lat' dir='ltr'><strong>sancti</strong></span> <span class='ocrx_word' id='word_1_183' title='bbox 893 2970 1123 3025; x_wconf 88' lang='lat' dir='ltr'><strong>senioris</strong></span> <span class='ocrx_word' id='word_1_184' title='bbox 1148 2968 1203 3023; x_wconf 92' lang='lat' dir='ltr'><strong>in</strong></span> <span class='ocrx_word' id='word_1_185' title='bbox 1233 2984 1363 3024; x_wconf 90' lang='lat' dir='ltr'><strong>usus</strong></span> 
     </span>
    </p>
   </div>
   <div class='ocr_carea' id='block_1_31' title="bbox 60 3061 1661 3135">
    <p class='ocr_par' dir='ltr' id='par_1_31' title="bbox 60 3061 1661 3135">
     <span class='ocr_line' id='line_1_31' title="bbox 60 3061 1661 3135; baseline -0.004 -11"><span class='ocrx_word' id='word_1_186' title='bbox 60 3066 304 3124; x_wconf 80' lang='lat' dir='ltr'><strong>Abducit</strong></span> <span class='ocrx_word' id='word_1_187' title='bbox 338 3064 568 3121; x_wconf 87' lang='lat' dir='ltr'><strong>stabulis</strong></span> <span class='ocrx_word' id='word_1_188' title='bbox 610 3064 816 3120; x_wconf 90' lang='lat' dir='ltr'><strong>incesta</strong></span> <span class='ocrx_word' id='word_1_189' title='bbox 856 3064 1046 3119; x_wconf 83' lang='lat' dir='ltr'><strong>fraude</strong></span> <span class='ocrx_word' id='word_1_190' title='bbox 1066 3061 1368 3132; x_wconf 76' lang='lat' dir='ltr'><strong>iumentum</strong></span> <span class='ocrx_word' id='word_1_191' title='bbox 1402 3062 1519 3135; x_wconf 88' lang='lat' dir='ltr'><strong>(B.,</strong></span> <span class='ocrx_word' id='word_1_192' title='bbox 1567 3078 1661 3117; x_wconf 86' lang='lat' dir='ltr'><strong>ca-</strong></span> 
     </span>
    </p>
   </div>
   <div class='ocr_carea' id='block_1_32' title="bbox 1129 298 2294 358">
    <p class='ocr_par' dir='ltr' id='par_1_32' title="bbox 1129 298 2294 358">
     <span class='ocr_line' id='line_1_32' title="bbox 1129 298 2294 358; baseline 0.003 -3"><span class='ocrx_word' id='word_1_193' title='bbox 1129 301 1213 356; x_wconf 88' lang='lat' dir='ltr'><strong>DE</strong></span> <span class='ocrx_word' id='word_1_194' title='bbox 1252 300 1406 357; x_wconf 80' lang='lat' dir='ltr'><strong>VITA</strong></span> <span class='ocrx_word' id='word_1_195' title='bbox 1460 298 1518 354; x_wconf 90' lang='lat' dir='ltr'><strong>S.</strong></span> <span class='ocrx_word' id='word_1_196' title='bbox 1558 298 1891 355; x_wconf 77' lang='lat' dir='ltr'><strong>GERMANI.</strong></span> <span class='ocrx_word' id='word_1_197' title='bbox 1929 331 1999 343; x_wconf 94' lang='lat'><strong><em>—</em></strong></span> <span class='ocrx_word' id='word_1_198' title='bbox 2035 298 2165 358; x_wconf 86' lang='lat' dir='ltr'><strong>LIB.</strong></span> <span class='ocrx_word' id='word_1_199' title='bbox 2206 302 2294 358; x_wconf 78' lang='lat' dir='ltr'><strong>IV.</strong></span> 
     </span>
    </p>
   </div>
   <div class='ocr_carea' id='block_1_33' title="bbox 1678 410 3029 487">
    <p class='ocr_par' dir='ltr' id='par_1_33' title="bbox 1678 410 3029 487">
     <span class='ocr_line' id='line_1_33' title="bbox 1678 410 3029 487; baseline 0.005 -22"><span class='ocrx_word' id='word_1_200' title='bbox 1678 415 1727 476; x_wconf 79' lang='grc' dir='ltr'><strong>Α</strong></span> <span class='ocrx_word' id='word_1_201' title='bbox 1759 410 1826 466; x_wconf 90' lang='lat' dir='ltr'><strong>Ut</strong></span> <span class='ocrx_word' id='word_1_202' title='bbox 1858 410 2002 466; x_wconf 89' lang='lat' dir='ltr'><strong>nullo</strong></span> <span class='ocrx_word' id='word_1_203' title='bbox 2028 427 2297 481; x_wconf 88' lang='lat' dir='ltr'><strong>quoquam</strong></span> <span class='ocrx_word' id='word_1_204' title='bbox 2326 424 2510 483; x_wconf 84' lang='lat' dir='ltr'><strong>posset</strong></span> <span class='ocrx_word' id='word_1_205' title='bbox 2544 413 2814 471; x_wconf 85' lang='lat' dir='ltr'><strong>divertere</strong></span> <span class='ocrx_word' id='word_1_206' title='bbox 2841 426 3029 487; x_wconf 91' lang='lat' dir='ltr'><strong>pacto;</strong></span> 
     </span>
    </p>
   </div>
   <div class='ocr_carea' id='block_1_34' title="bbox 3202 308 3339 366">
    <p class='ocr_par' dir='ltr' id='par_1_34' title="bbox 3202 308 3339 366">
     <span class='ocr_line' id='line_1_34' title="bbox 3202 308 3339 366; baseline 0.015 -2"><span class='ocrx_word' id='word_1_207' title='bbox 3202 308 3339 366; x_wconf 80' lang='lat' dir='ltr'><strong>U78</strong></span> 
     </span>
    </p>
   </div>
   <div class='ocr_carea' id='block_1_35' title="bbox 1760 498 3175 578">
    <p class='ocr_par' dir='ltr' id='par_1_35' title="bbox 1760 498 3175 578">
     <span class='ocr_line' id='line_1_35' title="bbox 1760 498 3175 578; baseline 0.006 -25"><span class='ocrx_word' id='word_1_208' title='bbox 1760 498 1824 554; x_wconf 95' lang='lat' dir='ltr'><strong>Ni</strong></span> <span class='ocrx_word' id='word_1_209' title='bbox 1855 517 1977 556; x_wconf 86' lang='lat' dir='ltr'><strong>mox</strong></span> <span class='ocrx_word' id='word_1_210' title='bbox 2002 501 2399 571; x_wconf 84' lang='lat' dir='ltr'><strong>quadrupedem</strong></span> <span class='ocrx_word' id='word_1_211' title='bbox 2425 504 2660 561; x_wconf 86' lang='lat' dir='ltr'><strong>vovisset</strong></span> <span class='ocrx_word' id='word_1_212' title='bbox 2683 507 2909 563; x_wconf 89' lang='lat' dir='ltr'><strong>reddere</strong></span> <span class='ocrx_word' id='word_1_213' title='bbox 2938 515 3175 578; x_wconf 89' lang='lat' dir='ltr'><strong>captum.</strong></span> 
     </span>
    </p>
   </div>
   <div class='ocr_carea' id='block_1_36' title="bbox 1759 591 3230 667">
    <p class='ocr_par' dir='ltr' id='par_1_36' title="bbox 1759 591 3230 667">
     <span class='ocr_line' id='line_1_36' title="bbox 1759 591 3230 667; baseline 0.005 -22"><span class='ocrx_word' id='word_1_214' title='bbox 1759 591 1894 646; x_wconf 83' lang='lat' dir='ltr'><strong>Tum</strong></span> <span class='ocrx_word' id='word_1_215' title='bbox 1925 609 2081 649; x_wconf 88' lang='lat' dir='ltr'><strong>sacer</strong></span> <span class='ocrx_word' id='word_1_216' title='bbox 2106 594 2353 659; x_wconf 89' lang='lat' dir='ltr'><strong>indoluit,</strong></span> <span class='ocrx_word' id='word_1_217' title='bbox 2382 596 2635 667; x_wconf 89' lang='lat' dir='ltr'><strong>mollique</strong></span> <span class='ocrx_word' id='word_1_218' title='bbox 2668 596 2920 654; x_wconf 75' lang='lat' dir='ltr'><strong>affamine</strong></span> <span class='ocrx_word' id='word_1_219' title='bbox 2946 598 3189 653; x_wconf 90' lang='lat' dir='ltr'><strong>mulcens</strong></span> <span class='ocrx_word' id='word_1_220' title='bbox 3217 616 3230 653; x_wconf 89' lang='lat'><strong>:</strong></span> 
     </span>
    </p>
   </div>
   <div class='ocr_carea' id='block_1_37' title="bbox 1757 681 3125 753">
    <p class='ocr_par' dir='ltr' id='par_1_37' title="bbox 1757 681 3125 753">
     <span class='ocr_line' id='line_1_37' title="bbox 1757 681 3125 753; baseline 0.005 -18"><span class='ocrx_word' id='word_1_221' title='bbox 1757 681 1855 746; x_wconf 86' lang='lat' dir='ltr'><strong>En,</strong></span> <span class='ocrx_word' id='word_1_222' title='bbox 1889 682 1981 737; x_wconf 89' lang='lat' dir='ltr'><strong>tibi</strong></span> <span class='ocrx_word' id='word_1_223' title='bbox 2007 683 2150 753; x_wconf 88' lang='lat' dir='ltr'><strong>quod</strong></span> <span class='ocrx_word' id='word_1_224' title='bbox 2176 685 2318 739; x_wconf 92' lang='lat' dir='ltr'><strong>nudo</strong></span> <span class='ocrx_word' id='word_1_225' title='bbox 2349 686 2549 748; x_wconf 87' lang='lat' dir='ltr'><strong>deerat,</strong></span> <span class='ocrx_word' id='word_1_226' title='bbox 2581 687 2625 741; x_wconf 91' lang='lat' dir='ltr'><strong>si</strong></span> <span class='ocrx_word' id='word_1_227' title='bbox 2657 686 2798 743; x_wconf 87' lang='lat' dir='ltr'><strong>forte</strong></span> <span class='ocrx_word' id='word_1_228' title='bbox 2824 688 3088 744; x_wconf 88' lang='lat' dir='ltr'><strong>dedissem</strong></span> <span class='ocrx_word' id='word_1_229' title='bbox 3108 727 3125 753; x_wconf 89' lang='lat'><strong>,</strong></span> 
     </span>
    </p>
   </div>
   <div class='ocr_carea' id='block_1_38' title="bbox 1757 772 2949 845">
    <p class='ocr_par' dir='ltr' id='par_1_38' title="bbox 1757 772 2949 845">
     <span class='ocr_line' id='line_1_38' title="bbox 1757 772 2949 845; baseline 0.006 -18"><span class='ocrx_word' id='word_1_230' title='bbox 1757 772 2012 829; x_wconf 83' lang='lat' dir='ltr'><strong>Patrandi</strong></span> <span class='ocrx_word' id='word_1_231' title='bbox 2043 774 2264 830; x_wconf 80' lang='lat' dir='ltr'><strong>sceleris</strong></span> <span class='ocrx_word' id='word_1_232' title='bbox 2293 776 2543 845; x_wconf 86' lang='lat' dir='ltr'><strong>impulsio</strong></span> <span class='ocrx_word' id='word_1_233' title='bbox 2572 777 2713 832; x_wconf 86' lang='lat' dir='ltr'><strong>nulla</strong></span> <span class='ocrx_word' id='word_1_234' title='bbox 2739 778 2949 834; x_wconf 88' lang='lat' dir='ltr'><strong>fuisset.</strong></span> 
     </span>
    </p>
   </div>
   <div class='ocr_carea' id='block_1_39' title="bbox 1757 865 3343 939">
    <p class='ocr_par' dir='ltr' id='par_1_39' title="bbox 1757 865 3343 939">
     <span class='ocr_line' id='line_1_39' title="bbox 1757 865 3343 939; baseline 0.004 -19"><span class='ocrx_word' id='word_1_235' title='bbox 1757 865 1910 921; x_wconf 87' lang='lat' dir='ltr'><strong>Nunc</strong></span> <span class='ocrx_word' id='word_1_236' title='bbox 1940 881 2074 937; x_wconf 89' lang='lat' dir='ltr'><strong>cape</strong></span> <span class='ocrx_word' id='word_1_237' title='bbox 2111 866 2264 937; x_wconf 88' lang='lat' dir='ltr'><strong>cujus</strong></span> <span class='ocrx_word' id='word_1_238' title='bbox 2292 881 2421 939; x_wconf 87' lang='lat' dir='ltr'><strong>eges</strong></span> <span class='ocrx_word' id='word_1_239' title='bbox 2455 885 2468 922; x_wconf 86' lang='lat'><strong>:</strong></span> <span class='ocrx_word' id='word_1_240' title='bbox 2504 870 2645 939; x_wconf 90' lang='lat' dir='ltr'><strong>quod</strong></span> <span class='ocrx_word' id='word_1_241' title='bbox 2686 878 2931 925; x_wconf 91' lang='lat' dir='ltr'><strong>nostrum</strong></span> <span class='ocrx_word' id='word_1_242' title='bbox 2963 881 3075 937; x_wconf 90' lang='lat' dir='ltr'><strong>est,</strong></span> <span class='ocrx_word' id='word_1_243' title='bbox 3111 870 3343 937; x_wconf 86' lang='lat' dir='ltr'><strong>reddito,</strong></span> 
     </span>
    </p>
   </div>
   <div class='ocr_carea' id='block_1_40' title="bbox 3089 962 3265 1036">
    <p class='ocr_par' dir='ltr' id='par_1_40' title="bbox 3089 962 3265 1036">
     <span class='ocr_line' id='line_1_40' title="bbox 3089 962 3265 1036; baseline -0.006 -17"><span class='ocrx_word' id='word_1_244' title='bbox 3089 962 3265 1036; x_wconf 75' lang='lat' dir='ltr'><strong>[dixit.</strong></span> 
     </span>
    </p>
   </div>
   <div class='ocr_carea' id='block_1_41' title="bbox 1759 1052 3160 1125">
    <p class='ocr_par' dir='ltr' id='par_1_41' title="bbox 1759 1052 3160 1125">
     <span class='ocr_line' id='line_1_41' title="bbox 1759 1052 3160 1125; baseline 0 -16"><span class='ocrx_word' id='word_1_245' title='bbox 1759 1052 1850 1109; x_wconf 89' lang='lat' dir='ltr'><strong>Sic</strong></span> <span class='ocrx_word' id='word_1_246' title='bbox 1875 1068 1999 1109; x_wconf 88' lang='lat' dir='ltr'><strong>reus</strong></span> <span class='ocrx_word' id='word_1_247' title='bbox 2021 1053 2280 1109; x_wconf 90' lang='lat' dir='ltr'><strong>mdultam</strong></span> <span class='ocrx_word' id='word_1_248' title='bbox 2315 1054 2523 1109; x_wconf 83' lang='lat' dir='ltr'><strong>revehit</strong></span> <span class='ocrx_word' id='word_1_249' title='bbox 2550 1069 2674 1109; x_wconf 88' lang='lat' dir='ltr'><strong>cum</strong></span> <span class='ocrx_word' id='word_1_250' title='bbox 2703 1070 2924 1110; x_wconf 90' lang='lat' dir='ltr'><strong>munere</strong></span> <span class='ocrx_word' id='word_1_251' title='bbox 2951 1070 3160 1125; x_wconf 88' lang='lat' dir='ltr'><strong>pacem.</strong></span> 
     </span>
    </p>
   </div>
   <div class='ocr_carea' id='block_1_42' title="bbox 1829 1143 3263 1217">
    <p class='ocr_par' dir='ltr' id='par_1_42' title="bbox 1829 1143 3263 1217">
     <span class='ocr_line' id='line_1_42' title="bbox 1829 1143 3263 1217; baseline 0.003 -18"><span class='ocrx_word' id='word_1_252' title='bbox 1829 1144 1952 1199; x_wconf 71' lang='lat'><strong>105.</strong></span> <span class='ocrx_word' id='word_1_253' title='bbox 1987 1143 2191 1200; x_wconf 83' lang='lat' dir='ltr'><strong>Secreti</strong></span> <span class='ocrx_word' id='word_1_254' title='bbox 2222 1146 2448 1216; x_wconf 88' lang='lat' dir='ltr'><strong>cupidus</strong></span> <span class='ocrx_word' id='word_1_255' title='bbox 2479 1155 2669 1202; x_wconf 88' lang='lat' dir='ltr'><strong>sancto</strong></span> <span class='ocrx_word' id='word_1_256' title='bbox 2691 1148 2771 1201; x_wconf 89' lang='lat' dir='ltr'><strong>vir</strong></span> <span class='ocrx_word' id='word_1_257' title='bbox 2797 1148 3015 1201; x_wconf 89' lang='lat' dir='ltr'><strong>numine</strong></span> <span class='ocrx_word' id='word_1_258' title='bbox 3042 1147 3263 1217; x_wconf 90' lang='lat' dir='ltr'><strong>plenus,</strong></span> 
     </span>
    </p>
   </div>
   <div class='ocr_carea' id='block_1_43' title="bbox 1756 1234 3029 1305">
    <p class='ocr_par' dir='ltr' id='par_1_43' title="bbox 1756 1234 3029 1305">
     <span class='ocr_line' id='line_1_43' title="bbox 1756 1234 3029 1305; baseline 0.003 -16"><span class='ocrx_word' id='word_1_259' title='bbox 1756 1234 1872 1291; x_wconf 88' lang='lat' dir='ltr'><strong>Non</strong></span> <span class='ocrx_word' id='word_1_260' title='bbox 1903 1236 2075 1305; x_wconf 86' lang='lat' dir='ltr'><strong>magis</strong></span> <span class='ocrx_word' id='word_1_261' title='bbox 2099 1244 2353 1291; x_wconf 79' lang='lat' dir='ltr'><strong>externos</strong></span> <span class='ocrx_word' id='word_1_262' title='bbox 2376 1238 2568 1292; x_wconf 90' lang='lat' dir='ltr'><strong>doctus</strong></span> <span class='ocrx_word' id='word_1_263' title='bbox 2597 1237 2770 1293; x_wconf 86' lang='lat' dir='ltr'><strong>vitare</strong></span> <span class='ocrx_word' id='word_1_264' title='bbox 2798 1237 3029 1302; x_wconf 82' lang='lat' dir='ltr'><strong>favores,</strong></span> 
     </span>
    </p>
   </div>
   <div class='ocr_carea' id='block_1_44' title="bbox 1758 1326 3342 1402">
    <p class='ocr_par' dir='ltr' id='par_1_44' title="bbox 1758 1326 3342 1402">
     <span class='ocr_line' id='line_1_44' title="bbox 1758 1326 3342 1402; baseline 0.001 -19"><span class='ocrx_word' id='word_1_265' title='bbox 1758 1329 2037 1399; x_wconf 82' lang='lat' dir='ltr'><strong>Quamque</strong></span> <span class='ocrx_word' id='word_1_266' title='bbox 2082 1326 2171 1401; x_wconf 88' lang='grc' dir='ltr'><strong>[Β.</strong></span> <span class='ocrx_word' id='word_1_267' title='bbox 2197 1369 2213 1396; x_wconf 86' lang='grc'><strong><em>,</em></strong></span> <span class='ocrx_word' id='word_1_268' title='bbox 2269 1327 2470 1402; x_wconf 76' lang='lat' dir='ltr'><strong>Atque]</strong></span> <span class='ocrx_word' id='word_1_269' title='bbox 2508 1329 2883 1385; x_wconf 86' lang='lat' dir='ltr'><strong>ministrorum</strong></span> <span class='ocrx_word' id='word_1_270' title='bbox 2928 1328 3118 1386; x_wconf 88' lang='lat' dir='ltr'><strong>solatia</strong></span> <span class='ocrx_word' id='word_1_271' title='bbox 3148 1328 3342 1385; x_wconf 83' lang='lat' dir='ltr'><strong>crebra</strong></span> 
     </span>
    </p>
   </div>
   <div class='ocr_carea' id='block_1_45' title="bbox 2997 1420 3265 1493">
    <p class='ocr_par' dir='ltr' id='par_1_45' title="bbox 2997 1420 3265 1493">
     <span class='ocr_line' id='line_1_45' title="bbox 2997 1420 3265 1493; baseline 0 -17"><span class='ocrx_word' id='word_1_272' title='bbox 2997 1420 3265 1493; x_wconf 90' lang='lat' dir='ltr'><strong>[suorum,</strong></span> 
     </span>
    </p>
   </div>
   <div class='ocr_carea' id='block_1_46' title="bbox 1758 1511 3160 1586">
    <p class='ocr_par' dir='ltr' id='par_1_46' title="bbox 1758 1511 3160 1586">
     <span class='ocr_line' id='line_1_46' title="bbox 1758 1511 3160 1586; baseline 0.001 -18"><span class='ocrx_word' id='word_1_273' title='bbox 1758 1513 1896 1568; x_wconf 76' lang='lat' dir='ltr'><strong>Voto</strong></span> <span class='ocrx_word' id='word_1_274' title='bbox 1918 1511 2207 1578; x_wconf 90' lang='lat' dir='ltr'><strong>detulerat,</strong></span> <span class='ocrx_word' id='word_1_275' title='bbox 2231 1512 2608 1586; x_wconf 84' lang='lat' dir='ltr'><strong>latebramque</strong></span> <span class='ocrx_word' id='word_1_276' title='bbox 2632 1515 2815 1571; x_wconf 86' lang='lat' dir='ltr'><strong>fovere</strong></span> <span class='ocrx_word' id='word_1_277' title='bbox 2842 1530 3160 1585; x_wconf 86' lang='lat' dir='ltr'><strong>perennem,</strong></span> 
     </span>
    </p>
   </div>
   <div class='ocr_carea' id='block_1_47' title="bbox 1756 1603 3304 1679">
    <p class='ocr_par' dir='ltr' id='par_1_47' title="bbox 1756 1603 3304 1679">
     <span class='ocr_line' id='line_1_47' title="bbox 1756 1603 3304 1679; baseline 0.003 -23"><span class='ocrx_word' id='word_1_278' title='bbox 1756 1603 2164 1672; x_wconf 89' lang='lat' dir='ltr'><strong>Immunemque</strong></span> <span class='ocrx_word' id='word_1_279' title='bbox 2191 1619 2358 1670; x_wconf 67' lang='lat' dir='ltr'><strong>aurae,</strong></span> <span class='ocrx_word' id='word_1_280' title='bbox 2382 1621 2544 1675; x_wconf 91' lang='lat' dir='ltr'><strong>quam</strong></span> <span class='ocrx_word' id='word_1_281' title='bbox 2572 1607 2727 1679; x_wconf 88' lang='lat' dir='ltr'><strong>longa</strong></span> <span class='ocrx_word' id='word_1_282' title='bbox 2759 1616 2860 1670; x_wconf 89' lang='lat' dir='ltr'><strong>est,</strong></span> <span class='ocrx_word' id='word_1_283' title='bbox 2896 1607 3093 1662; x_wconf 85' lang='lat' dir='ltr'><strong>ducere</strong></span> <span class='ocrx_word' id='word_1_284' title='bbox 3114 1608 3304 1663; x_wconf 88' lang='lat' dir='ltr'><strong>vitam.</strong></span> 
     </span>
    </p>
   </div>
   <div class='ocr_carea' id='block_1_48' title="bbox 1759 1694 3037 1769">
    <p class='ocr_par' dir='ltr' id='par_1_48' title="bbox 1759 1694 3037 1769">
     <span class='ocr_line' id='line_1_48' title="bbox 1759 1694 3037 1769; baseline 0.005 -21"><span class='ocrx_word' id='word_1_285' title='bbox 1759 1694 2075 1750; x_wconf 87' lang='lat' dir='ltr'><strong>Inconvulsa</strong></span> <span class='ocrx_word' id='word_1_286' title='bbox 2099 1704 2279 1751; x_wconf 91' lang='lat' dir='ltr'><strong>manet</strong></span> <span class='ocrx_word' id='word_1_287' title='bbox 2305 1699 2484 1769; x_wconf 83' lang='lat' dir='ltr'><strong>magni</strong></span> <span class='ocrx_word' id='word_1_288' title='bbox 2511 1699 2605 1753; x_wconf 89' lang='lat' dir='ltr'><strong>sed</strong></span> <span class='ocrx_word' id='word_1_289' title='bbox 2634 1700 2853 1769; x_wconf 89' lang='lat' dir='ltr'><strong>sponsio</strong></span> <span class='ocrx_word' id='word_1_290' title='bbox 2878 1697 3003 1754; x_wconf 81' lang='lat' dir='ltr'><strong>Iesu</strong></span> <span class='ocrx_word' id='word_1_291' title='bbox 3021 1739 3037 1765; x_wconf 89' lang='lat'><strong>,</strong></span> 
     </span>
    </p>
   </div>
   <div class='ocr_carea' id='block_1_49' title="bbox 1686 1771 3138 1857">
    <p class='ocr_par' dir='ltr' id='par_1_49' title="bbox 1686 1771 3138 1857">
     <span class='ocr_line' id='line_1_49' title="bbox 1686 1771 3138 1857; baseline 0.001 -15"><span class='ocrx_word' id='word_1_292' title='bbox 1686 1771 1731 1833; x_wconf 72' lang='grc' dir='ltr'><strong><em>Ε</em></strong></span> <span class='ocrx_word' id='word_1_293' title='bbox 1763 1786 2033 1842; x_wconf 83' lang='lat' dir='ltr'><strong>Montibus</strong></span> <span class='ocrx_word' id='word_1_294' title='bbox 2059 1787 2365 1857; x_wconf 87' lang='lat' dir='ltr'><strong>impositam</strong></span> <span class='ocrx_word' id='word_1_295' title='bbox 2390 1805 2493 1844; x_wconf 92' lang='lat' dir='ltr'><strong>non</strong></span> <span class='ocrx_word' id='word_1_296' title='bbox 2518 1791 2641 1845; x_wconf 90' lang='lat' dir='ltr'><strong>abdi</strong></span> <span class='ocrx_word' id='word_1_297' title='bbox 2676 1792 2879 1845; x_wconf 88' lang='lat' dir='ltr'><strong>visibus</strong></span> <span class='ocrx_word' id='word_1_298' title='bbox 2910 1791 3098 1845; x_wconf 85' lang='lat' dir='ltr'><strong>urbem</strong></span> <span class='ocrx_word' id='word_1_299' title='bbox 3126 1808 3138 1843; x_wconf 91' lang='lat'><strong>:</strong></span> 
     </span>
    </p>
   </div>
   <div class='ocr_carea' id='block_1_50' title="bbox 1764 1878 3235 1951">
    <p class='ocr_par' dir='ltr' id='par_1_50' title="bbox 1764 1878 3235 1951">
     <span class='ocr_line' id='line_1_50' title="bbox 1764 1878 3235 1951; baseline 0.003 -22"><span class='ocrx_word' id='word_1_300' title='bbox 1764 1878 2043 1947; x_wconf 81' lang='lat' dir='ltr'><strong>Quemque</strong></span> <span class='ocrx_word' id='word_1_301' title='bbox 2071 1879 2203 1949; x_wconf 85' lang='lat' dir='ltr'><strong>tegit</strong></span> <span class='ocrx_word' id='word_1_302' title='bbox 2231 1880 2442 1935; x_wconf 88' lang='lat' dir='ltr'><strong>meritis</strong></span> <span class='ocrx_word' id='word_1_303' title='bbox 2467 1881 2735 1935; x_wconf 89' lang='lat' dir='ltr'><strong>absistens</strong></span> <span class='ocrx_word' id='word_1_304' title='bbox 2764 1880 2934 1950; x_wconf 87' lang='lat' dir='ltr'><strong>gloria</strong></span> <span class='ocrx_word' id='word_1_305' title='bbox 2966 1880 3235 1951; x_wconf 77' lang='lat' dir='ltr'><strong>pulchris,</strong></span> 
     </span>
    </p>
   </div>
   <div class='ocr_carea' id='block_1_51' title="bbox 1762 1968 2971 2043">
    <p class='ocr_par' dir='ltr' id='par_1_51' title="bbox 1762 1968 2971 2043">
     <span class='ocr_line' id='line_1_51' title="bbox 1762 1968 2971 2043; baseline 0.002 -20"><span class='ocrx_word' id='word_1_306' title='bbox 1762 1968 1969 2025; x_wconf 89' lang='lat' dir='ltr'><strong>Iudicat</strong></span> <span class='ocrx_word' id='word_1_307' title='bbox 1999 1969 2232 2043; x_wconf 85' lang='lat' dir='ltr'><strong>egregiis</strong></span> <span class='ocrx_word' id='word_1_308' title='bbox 2260 1969 2541 2025; x_wconf 90' lang='lat' dir='ltr'><strong>illustraus</strong></span> <span class='ocrx_word' id='word_1_309' title='bbox 2570 1972 2741 2041; x_wconf 83' lang='lat' dir='ltr'><strong>gratia</strong></span> <span class='ocrx_word' id='word_1_310' title='bbox 2769 1970 2971 2041; x_wconf 89' lang='lat' dir='ltr'><strong>signis;</strong></span> 
     </span>
    </p>
   </div>
   <div class='ocr_carea' id='block_1_52' title="bbox 1763 2061 3229 2134">
    <p class='ocr_par' dir='ltr' id='par_1_52' title="bbox 1763 2061 3229 2134">
     <span class='ocr_line' id='line_1_52' title="bbox 1763 2061 3229 2134; baseline -0.001 -17"><span class='ocrx_word' id='word_1_311' title='bbox 1763 2063 1830 2118; x_wconf 87' lang='lat' dir='ltr'><strong>Et</strong></span> <span class='ocrx_word' id='word_1_312' title='bbox 1850 2078 2064 2134; x_wconf 86' lang='lat' dir='ltr'><strong>quaqua</strong></span> <span class='ocrx_word' id='word_1_313' title='bbox 2094 2063 2287 2118; x_wconf 87' lang='lat' dir='ltr'><strong>tulerat</strong></span> <span class='ocrx_word' id='word_1_314' title='bbox 2317 2062 2528 2117; x_wconf 86' lang='lat' dir='ltr'><strong>facilem</strong></span> <span class='ocrx_word' id='word_1_315' title='bbox 2559 2077 2654 2131; x_wconf 87' lang='lat' dir='ltr'><strong>per</strong></span> <span class='ocrx_word' id='word_1_316' title='bbox 2684 2061 2917 2129; x_wconf 88' lang='lat' dir='ltr'><strong>compita</strong></span> <span class='ocrx_word' id='word_1_317' title='bbox 2952 2074 3229 2130; x_wconf 85' lang='lat' dir='ltr'><strong>gressum,</strong></span> 
     </span>
    </p>
   </div>
   <div class='ocr_carea' id='block_1_53' title="bbox 1764 2153 2958 2222">
    <p class='ocr_par' dir='ltr' id='par_1_53' title="bbox 1764 2153 2958 2222">
     <span class='ocr_line' id='line_1_53' title="bbox 1764 2153 2958 2222; baseline -0.003 -13"><span class='ocrx_word' id='word_1_318' title='bbox 1764 2154 2002 2210; x_wconf 90' lang='lat' dir='ltr'><strong>Urbibus</strong></span> <span class='ocrx_word' id='word_1_319' title='bbox 2033 2162 2088 2210; x_wconf 88' lang='lat' dir='ltr'><strong>et</strong></span> <span class='ocrx_word' id='word_1_320' title='bbox 2118 2154 2253 2208; x_wconf 89' lang='lat' dir='ltr'><strong>vicis</strong></span> <span class='ocrx_word' id='word_1_321' title='bbox 2280 2153 2472 2222; x_wconf 85' lang='lat' dir='ltr'><strong>raptim</strong></span> <span class='ocrx_word' id='word_1_322' title='bbox 2503 2153 2812 2221; x_wconf 88' lang='lat' dir='ltr'><strong>promiscua</strong></span> <span class='ocrx_word' id='word_1_323' title='bbox 2840 2167 2958 2206; x_wconf 87' lang='lat' dir='ltr'><strong>sese</strong></span> 
     </span>
    </p>
   </div>
   <div class='ocr_carea' id='block_1_54' title="bbox 1763 2247 3042 2320">
    <p class='ocr_par' dir='ltr' id='par_1_54' title="bbox 1763 2247 3042 2320">
     <span class='ocr_line' id='line_1_54' title="bbox 1763 2247 3042 2320; baseline -0.001 -15"><span class='ocrx_word' id='word_1_324' title='bbox 1763 2250 1931 2307; x_wconf 85' lang='lat' dir='ltr'><strong>Obvia</strong></span> <span class='ocrx_word' id='word_1_325' title='bbox 1958 2251 2115 2305; x_wconf 90' lang='lat' dir='ltr'><strong>turba</strong></span> <span class='ocrx_word' id='word_1_326' title='bbox 2140 2249 2325 2313; x_wconf 89' lang='lat' dir='ltr'><strong>dabat,</strong></span> <span class='ocrx_word' id='word_1_327' title='bbox 2354 2248 2627 2320; x_wconf 64' lang='lat' dir='ltr'><strong>praeclaris</strong></span> <span class='ocrx_word' id='word_1_328' title='bbox 2650 2249 2827 2303; x_wconf 79' lang='lat' dir='ltr'><strong>excita</strong></span> <span class='ocrx_word' id='word_1_329' title='bbox 2854 2247 3011 2304; x_wconf 88' lang='lat' dir='ltr'><strong>factis</strong></span> <span class='ocrx_word' id='word_1_330' title='bbox 3029 2289 3042 2313; x_wconf 89' lang='lat'><strong>,</strong></span> 
     </span>
    </p>
   </div>
   <div class='ocr_carea' id='block_1_55' title="bbox 1762 2338 3013 2410">
    <p class='ocr_par' dir='ltr' id='par_1_55' title="bbox 1762 2338 3013 2410">
     <span class='ocr_line' id='line_1_55' title="bbox 1762 2338 3013 2410; baseline -0.002 -16"><span class='ocrx_word' id='word_1_331' title='bbox 1762 2339 1832 2395; x_wconf 84' lang='lat' dir='ltr'><strong>Et</strong></span> <span class='ocrx_word' id='word_1_332' title='bbox 1852 2355 2162 2410; x_wconf 88' lang='lat' dir='ltr'><strong>quanquam</strong></span> <span class='ocrx_word' id='word_1_333' title='bbox 2191 2338 2356 2410; x_wconf 85' lang='lat' dir='ltr'><strong>longi,</strong></span> <span class='ocrx_word' id='word_1_334' title='bbox 2383 2338 2540 2393; x_wconf 85' lang='lat' dir='ltr'><strong>facile</strong></span> <span class='ocrx_word' id='word_1_335' title='bbox 2566 2354 2757 2393; x_wconf 91' lang='lat' dir='ltr'><strong>secura</strong></span> <span class='ocrx_word' id='word_1_336' title='bbox 2792 2338 3013 2393; x_wconf 90' lang='lat' dir='ltr'><strong>laboris.</strong></span> 
     </span>
    </p>
   </div>
   <div class='ocr_carea' id='block_1_56' title="bbox 1835 2426 3329 2499">
    <p class='ocr_par' dir='ltr' id='par_1_56' title="bbox 1835 2426 3329 2499">
     <span class='ocr_line' id='line_1_56' title="bbox 1835 2426 3329 2499; baseline -0.001 -16"><span class='ocrx_word' id='word_1_337' title='bbox 1835 2429 1959 2484; x_wconf 72' lang='lat'><strong>106.</strong></span> <span class='ocrx_word' id='word_1_338' title='bbox 1987 2429 2065 2485; x_wconf 89' lang='lat' dir='ltr'><strong>Te</strong></span> <span class='ocrx_word' id='word_1_339' title='bbox 2093 2444 2326 2499; x_wconf 86' lang='lat' dir='ltr'><strong>quoque,</strong></span> <span class='ocrx_word' id='word_1_340' title='bbox 2353 2428 2615 2484; x_wconf 80' lang='lat' dir='ltr'><strong>Caesareis</strong></span> <span class='ocrx_word' id='word_1_341' title='bbox 2641 2428 2818 2485; x_wconf 86' lang='lat' dir='ltr'><strong>fatalis</strong></span> <span class='ocrx_word' id='word_1_342' title='bbox 2848 2427 2877 2468; x_wconf 75' lang='grc' dir='ltr'>δ</span> <span class='ocrx_word' id='word_1_343' title='bbox 2904 2426 3084 2483; x_wconf 86' lang='lat' dir='ltr'><strong>Alesia</strong></span> <span class='ocrx_word' id='word_1_344' title='bbox 3113 2427 3329 2493; x_wconf 87' lang='lat' dir='ltr'><strong>castris,</strong></span> 
     </span>
    </p>
   </div>
   <div class='ocr_carea' id='block_1_57' title="bbox 1762 2517 3239 2587">
    <p class='ocr_par' dir='ltr' id='par_1_57' title="bbox 1762 2517 3239 2587">
     <span class='ocr_line' id='line_1_57' title="bbox 1762 2517 3239 2587; baseline -0.001 -14"><span class='ocrx_word' id='word_1_345' title='bbox 1762 2518 1917 2575; x_wconf 81' lang='lat' dir='ltr'><strong>Haud</strong></span> <span class='ocrx_word' id='word_1_346' title='bbox 1931 2518 2054 2587; x_wconf 88' lang='lat' dir='ltr'><strong>jure</strong></span> <span class='ocrx_word' id='word_1_347' title='bbox 2075 2521 2366 2574; x_wconf 87' lang='lat' dir='ltr'><strong>abnuerem</strong></span> <span class='ocrx_word' id='word_1_348' title='bbox 2396 2519 2619 2576; x_wconf 88' lang='lat' dir='ltr'><strong>calamis</strong></span> <span class='ocrx_word' id='word_1_349' title='bbox 2642 2519 2980 2575; x_wconf 85' lang='lat' dir='ltr'><strong>committere</strong></span> <span class='ocrx_word' id='word_1_350' title='bbox 3003 2517 3239 2583; x_wconf 91' lang='lat' dir='ltr'><strong>nostris;</strong></span> 
     </span>
    </p>
   </div>
   <div class='ocr_carea' id='block_1_58' title="bbox 1763 2609 3280 2683">
    <p class='ocr_par' dir='ltr' id='par_1_58' title="bbox 1763 2609 3280 2683">
     <span class='ocr_line' id='line_1_58' title="bbox 1763 2609 3280 2683; baseline -0.001 -18"><span class='ocrx_word' id='word_1_351' title='bbox 1763 2610 1912 2678; x_wconf 62' lang='lat' dir='ltr'><strong>Quae,</strong></span> <span class='ocrx_word' id='word_1_352' title='bbox 1944 2612 2086 2682; x_wconf 93' lang='lat' dir='ltr'><strong>quod</strong></span> <span class='ocrx_word' id='word_1_353' title='bbox 2112 2612 2224 2667; x_wconf 91' lang='lat' dir='ltr'><strong>alas</strong></span> <span class='ocrx_word' id='word_1_354' title='bbox 2262 2613 2511 2683; x_wconf 89' lang='lat' dir='ltr'><strong>proprios</strong></span> <span class='ocrx_word' id='word_1_355' title='bbox 2546 2612 2839 2683; x_wconf 62' lang='lat' dir='ltr'><strong>praepingui</strong></span> <span class='ocrx_word' id='word_1_356' title='bbox 2881 2626 3022 2681; x_wconf 88' lang='lat' dir='ltr'><strong>pane</strong></span> <span class='ocrx_word' id='word_1_357' title='bbox 3042 2609 3280 2674; x_wconf 87' lang='lat' dir='ltr'><strong>colonos,</strong></span> 
     </span>
    </p>
   </div>
   <div class='ocr_carea' id='block_1_59' title="bbox 1764 2701 3035 2773">
    <p class='ocr_par' dir='ltr' id='par_1_59' title="bbox 1764 2701 3035 2773">
     <span class='ocr_line' id='line_1_59' title="bbox 1764 2701 3035 2773; baseline -0.002 -16"><span class='ocrx_word' id='word_1_358' title='bbox 1764 2702 2009 2757; x_wconf 84' lang='lat' dir='ltr'><strong>Nominis</strong></span> <span class='ocrx_word' id='word_1_359' title='bbox 2040 2702 2249 2770; x_wconf 88' lang='lat' dir='ltr'><strong>adjectu</strong></span> <span class='ocrx_word' id='word_1_360' title='bbox 2274 2704 2545 2771; x_wconf 89' lang='lat' dir='ltr'><strong>quondam</strong></span> <span class='ocrx_word' id='word_1_361' title='bbox 2572 2704 2778 2773; x_wconf 88' lang='lat' dir='ltr'><strong>signata</strong></span> <span class='ocrx_word' id='word_1_362' title='bbox 2809 2701 3035 2771; x_wconf 91' lang='lat' dir='ltr'><strong>putaris.</strong></span> 
     </span>
    </p>
   </div>
   <div class='ocr_carea' id='block_1_60' title="bbox 1764 2793 3057 2851">
    <p class='ocr_par' dir='ltr' id='par_1_60' title="bbox 1764 2793 3057 2851">
     <span class='ocr_line' id='line_1_60' title="bbox 1764 2793 3057 2851; baseline -0.002 -1"><span class='ocrx_word' id='word_1_363' title='bbox 1764 2796 1840 2850; x_wconf 88' lang='lat' dir='ltr'><strong>Te</strong></span> <span class='ocrx_word' id='word_1_364' title='bbox 1865 2793 2000 2850; x_wconf 82' lang='lat' dir='ltr'><strong>fines</strong></span> <span class='ocrx_word' id='word_1_365' title='bbox 2030 2794 2246 2850; x_wconf 87' lang='lat' dir='ltr'><strong>Heduos</strong></span> <span class='ocrx_word' id='word_1_366' title='bbox 2276 2804 2331 2850; x_wconf 91' lang='lat' dir='ltr'><strong>et</strong></span> <span class='ocrx_word' id='word_1_367' title='bbox 2361 2794 2546 2849; x_wconf 91' lang='lat' dir='ltr'><strong>limina</strong></span> <span class='ocrx_word' id='word_1_368' title='bbox 2577 2810 2785 2851; x_wconf 91' lang='lat' dir='ltr'><strong>summa</strong></span> <span class='ocrx_word' id='word_1_369' title='bbox 2817 2802 3057 2849; x_wconf 86' lang='lat' dir='ltr'><strong>tuentem</strong></span> 
     </span>
    </p>
   </div>
   <div class='ocr_carea' id='block_1_61' title="bbox 1762 2883 3093 2957">
    <p class='ocr_par' dir='ltr' id='par_1_61' title="bbox 1762 2883 3093 2957">
     <span class='ocr_line' id='line_1_61' title="bbox 1762 2883 3093 2957; baseline -0.002 -18"><span class='ocrx_word' id='word_1_370' title='bbox 1762 2885 2063 2957; x_wconf 82' lang='lat' dir='ltr'><strong>Aggressus</strong></span> <span class='ocrx_word' id='word_1_371' title='bbox 2097 2884 2367 2955; x_wconf 88' lang='lat' dir='ltr'><strong>quondam</strong></span> <span class='ocrx_word' id='word_1_372' title='bbox 2394 2900 2538 2939; x_wconf 76' lang='lat' dir='ltr'><strong>szevo</strong></span> <span class='ocrx_word' id='word_1_373' title='bbox 2567 2884 2862 2939; x_wconf 88' lang='lat' dir='ltr'><strong>certamine</strong></span> <span class='ocrx_word' id='word_1_374' title='bbox 2888 2883 3093 2949; x_wconf 68' lang='lat' dir='ltr'><strong>Caesar,</strong></span> 
     </span>
    </p>
   </div>
   <div class='ocr_carea' id='block_1_62' title="bbox 1766 2973 3115 3044">
    <p class='ocr_par' dir='ltr' id='par_1_62' title="bbox 1766 2973 3115 3044">
     <span class='ocr_line' id='line_1_62' title="bbox 1766 2973 3115 3044; baseline -0.001 -15"><span class='ocrx_word' id='word_1_375' title='bbox 1766 2975 1910 3029; x_wconf 89' lang='lat' dir='ltr'><strong>Pene</strong></span> <span class='ocrx_word' id='word_1_376' title='bbox 1936 2975 2053 3029; x_wconf 92' lang='lat' dir='ltr'><strong>tulit</strong></span> <span class='ocrx_word' id='word_1_377' title='bbox 2079 2974 2264 3029; x_wconf 87' lang='lat' dir='ltr'><strong>Latias</strong></span> <span class='ocrx_word' id='word_1_378' title='bbox 2295 2989 2401 3029; x_wconf 92' lang='lat' dir='ltr'><strong>non</strong></span> <span class='ocrx_word' id='word_1_379' title='bbox 2427 2990 2584 3044; x_wconf 54' lang='lat' dir='ltr'><strong>aequo</strong></span> <span class='ocrx_word' id='word_1_380' title='bbox 2605 2974 2776 3029; x_wconf 80' lang='lat' dir='ltr'><strong>Marte</strong></span> <span class='ocrx_word' id='word_1_381' title='bbox 2798 2973 3115 3044; x_wconf 89' lang='lat' dir='ltr'><strong>phalangas,</strong></span> 
     </span>
    </p>
   </div>
   <div class='ocr_carea' id='block_1_63' title="bbox 1767 3061 3172 3136">
    <p class='ocr_par' dir='ltr' id='par_1_63' title="bbox 1767 3061 3172 3136">
     <span class='ocr_line' id='line_1_63' title="bbox 1767 3061 3172 3136; baseline -0.004 -16"><span class='ocrx_word' id='word_1_382' title='bbox 1767 3066 2063 3136; x_wconf 81' lang='lat' dir='ltr'><strong>Expertus,</strong></span> <span class='ocrx_word' id='word_1_383' title='bbox 2094 3065 2287 3136; x_wconf 88' lang='lat' dir='ltr'><strong>patriis</strong></span> <span class='ocrx_word' id='word_1_384' title='bbox 2309 3065 2440 3134; x_wconf 91' lang='lat' dir='ltr'><strong>quid</strong></span> <span class='ocrx_word' id='word_1_385' title='bbox 2470 3065 2644 3120; x_wconf 87' lang='lat' dir='ltr'><strong>Gallia</strong></span> <span class='ocrx_word' id='word_1_386' title='bbox 2673 3072 2855 3134; x_wconf 90' lang='lat' dir='ltr'><strong>posset</strong></span> <span class='ocrx_word' id='word_1_387' title='bbox 2885 3064 2939 3119; x_wconf 89' lang='lat' dir='ltr'><strong>in</strong></span> <span class='ocrx_word' id='word_1_388' title='bbox 2967 3061 3172 3116; x_wconf 86' lang='lat' dir='ltr'><strong>armis:</strong></span> 
     </span>
    </p>
   </div>
   <div class='ocr_carea' id='block_1_64' title="bbox 1318 3144 3089 3227">
    <p class='ocr_par' dir='ltr' id='par_1_64' title="bbox 1318 3144 3089 3227">
     <span class='ocr_line' id='line_1_64' title="bbox 1318 3144 3089 3227; baseline 0 -19"><span class='ocrx_word' id='word_1_389' title='bbox 1318 3152 1591 3226; x_wconf 90' lang='lat' dir='ltr'><strong>[ballum.)</strong></span> <span class='ocrx_word' id='word_1_390' title='bbox 1690 3144 1734 3205; x_wconf 90' lang='lat' dir='ltr'><strong>C</strong></span> <span class='ocrx_word' id='word_1_391' title='bbox 1767 3155 1921 3211; x_wconf 90' lang='lat' dir='ltr'><strong>Nunc</strong></span> <span class='ocrx_word' id='word_1_392' title='bbox 1950 3164 2157 3211; x_wconf 89' lang='lat' dir='ltr'><strong>restant</strong></span> <span class='ocrx_word' id='word_1_393' title='bbox 2179 3157 2379 3212; x_wconf 85' lang='lat' dir='ltr'><strong>veteris</strong></span> <span class='ocrx_word' id='word_1_394' title='bbox 2405 3166 2613 3211; x_wconf 91' lang='lat' dir='ltr'><strong>tantum</strong></span> <span class='ocrx_word' id='word_1_395' title='bbox 2641 3157 2867 3227; x_wconf 83' lang='lat' dir='ltr'><strong>vestigia</strong></span> <span class='ocrx_word' id='word_1_396' title='bbox 2904 3156 3089 3212; x_wconf 89' lang='lat' dir='ltr'><strong>castri.</strong></span> 
     </span>
    </p>
   </div>
   <div class='ocr_carea' id='block_1_65' title="bbox 62 3245 1289 3320">
    <p class='ocr_par' dir='ltr' id='par_1_65' title="bbox 62 3245 1289 3320">
     <span class='ocr_line' id='line_1_65' title="bbox 62 3245 1289 3320; baseline -0.003 -15"><span class='ocrx_word' id='word_1_397' title='bbox 62 3250 338 3309; x_wconf 78' lang='lat' dir='ltr'><strong>Redditus</strong></span> <span class='ocrx_word' id='word_1_398' title='bbox 363 3258 531 3320; x_wconf 91' lang='lat' dir='ltr'><strong>utque</strong></span> <span class='ocrx_word' id='word_1_399' title='bbox 556 3248 694 3313; x_wconf 82' lang='lat' dir='ltr'><strong>dies,</strong></span> <span class='ocrx_word' id='word_1_400' title='bbox 717 3248 830 3303; x_wconf 87' lang='lat' dir='ltr'><strong>noti</strong></span> <span class='ocrx_word' id='word_1_401' title='bbox 851 3248 1066 3318; x_wconf 85' lang='lat' dir='ltr'><strong>jactura</strong></span> <span class='ocrx_word' id='word_1_402' title='bbox 1091 3245 1289 3301; x_wconf 87' lang='lat' dir='ltr'><strong>vebieli</strong></span> 
     </span>
    </p>
   </div>
   <div class='ocr_carea' id='block_1_66' title="bbox 60 3328 1425 3411">
    <p class='ocr_par' dir='ltr' id='par_1_66' title="bbox 60 3328 1425 3411">
     <span class='ocr_line' id='line_1_66' title="bbox 60 3328 1425 3411; baseline -0.004 -13"><span class='ocrx_word' id='word_1_403' title='bbox 60 3340 362 3408; x_wconf 87' lang='lat' dir='ltr'><strong>Noscitur;</strong></span> <span class='ocrx_word' id='word_1_404' title='bbox 396 3349 453 3396; x_wconf 88' lang='lat' dir='ltr'><strong>at</strong></span> <span class='ocrx_word' id='word_1_405' title='bbox 483 3340 742 3411; x_wconf 89' lang='lat' dir='ltr'><strong>furtijam</strong></span> <span class='ocrx_word' id='word_1_406' title='bbox 774 3355 833 3397; x_wconf 88' lang='lat' dir='ltr'><strong>se</strong></span> <span class='ocrx_word' id='word_1_407' title='bbox 853 3341 1188 3396; x_wconf 78' lang='lat' dir='ltr'><strong>subduxerat</strong></span> <span class='ocrx_word' id='word_1_408' title='bbox 1211 3328 1425 3394; x_wconf 82' lang='lat' dir='ltr'><strong>auctor.</strong></span> 
     </span>
    </p>
   </div>
   <div class='ocr_carea' id='block_1_67' title="bbox 59 3431 1302 3502">
    <p class='ocr_par' dir='ltr' id='par_1_67' title="bbox 59 3431 1302 3502">
     <span class='ocr_line' id='line_1_67' title="bbox 59 3431 1302 3502; baseline -0.002 -15"><span class='ocrx_word' id='word_1_409' title='bbox 59 3431 209 3488; x_wconf 83' lang='lat' dir='ltr'><strong>Neve</strong></span> <span class='ocrx_word' id='word_1_410' title='bbox 240 3431 519 3489; x_wconf 88' lang='lat' dir='ltr'><strong>sacerdoti</strong></span> <span class='ocrx_word' id='word_1_411' title='bbox 551 3446 791 3502; x_wconf 75' lang='lat' dir='ltr'><strong>praesens</strong></span> <span class='ocrx_word' id='word_1_412' title='bbox 817 3432 1030 3487; x_wconf 90' lang='lat' dir='ltr'><strong>evectio</strong></span> <span class='ocrx_word' id='word_1_413' title='bbox 1054 3433 1302 3496; x_wconf 86' lang='lat' dir='ltr'><strong>deesset,</strong></span> 
     </span>
    </p>
   </div>
   <div class='ocr_carea' id='block_1_68' title="bbox 58 3523 1449 3594">
    <p class='ocr_par' dir='ltr' id='par_1_68' title="bbox 58 3523 1449 3594">
     <span class='ocr_line' id='line_1_68' title="bbox 58 3523 1449 3594; baseline -0.002 -14"><span class='ocrx_word' id='word_1_414' title='bbox 58 3524 314 3581; x_wconf 89' lang='lat' dir='ltr'><strong>Clericus</strong></span> <span class='ocrx_word' id='word_1_415' title='bbox 342 3523 665 3593; x_wconf 90' lang='lat' dir='ltr'><strong>obsequium</strong></span> <span class='ocrx_word' id='word_1_416' title='bbox 701 3532 892 3579; x_wconf 89' lang='lat' dir='ltr'><strong>sancto</strong></span> <span class='ocrx_word' id='word_1_417' title='bbox 916 3523 1223 3594; x_wconf 85' lang='lat' dir='ltr'><strong>dependere</strong></span> <span class='ocrx_word' id='word_1_418' title='bbox 1243 3529 1449 3586; x_wconf 87' lang='lat' dir='ltr'><strong>suetus,</strong></span> 
     </span>
    </p>
   </div>
   <div class='ocr_carea' id='block_1_69' title="bbox 58 3611 1379 3688">
    <p class='ocr_par' dir='ltr' id='par_1_69' title="bbox 58 3611 1379 3688">
     <span class='ocr_line' id='line_1_69' title="bbox 58 3611 1379 3688; baseline -0.005 -15"><span class='ocrx_word' id='word_1_419' title='bbox 58 3616 114 3672; x_wconf 87' lang='lat' dir='ltr'><strong>In</strong></span> <span class='ocrx_word' id='word_1_420' title='bbox 141 3617 398 3688; x_wconf 89' lang='lat' dir='ltr'><strong>peditem</strong></span> <span class='ocrx_word' id='word_1_421' title='bbox 427 3622 669 3669; x_wconf 85' lang='lat' dir='ltr'><strong>mutatur</strong></span> <span class='ocrx_word' id='word_1_422' title='bbox 697 3629 863 3685; x_wconf 90' lang='lat' dir='ltr'><strong>eques</strong></span> <span class='ocrx_word' id='word_1_423' title='bbox 888 3629 903 3668; x_wconf 90' lang='lat'><strong>:</strong></span> <span class='ocrx_word' id='word_1_424' title='bbox 931 3615 1010 3669; x_wconf 91' lang='lat' dir='ltr'><strong>sic</strong></span> <span class='ocrx_word' id='word_1_425' title='bbox 1034 3614 1199 3684; x_wconf 79' lang='lat' dir='ltr'><strong>exigit</strong></span> <span class='ocrx_word' id='word_1_426' title='bbox 1228 3611 1379 3667; x_wconf 91' lang='lat' dir='ltr'><strong>ordo.</strong></span> 
     </span>
    </p>
   </div>
   <div class='ocr_carea' id='block_1_70' title="bbox 58 3702 1502 3780">
    <p class='ocr_par' dir='ltr' id='par_1_70' title="bbox 58 3702 1502 3780">
     <span class='ocr_line' id='line_1_70' title="bbox 58 3702 1502 3780; baseline -0.006 -17"><span class='ocrx_word' id='word_1_427' title='bbox 58 3708 319 3779; x_wconf 85' lang='lat' dir='ltr'><strong>Dumque</strong></span> <span class='ocrx_word' id='word_1_428' title='bbox 342 3707 452 3761; x_wconf 89' lang='lat' dir='ltr'><strong>iter</strong></span> <span class='ocrx_word' id='word_1_429' title='bbox 476 3705 801 3771; x_wconf 88' lang='lat' dir='ltr'><strong>accelerant,</strong></span> <span class='ocrx_word' id='word_1_430' title='bbox 826 3705 1041 3780; x_wconf 80' lang='lat' dir='ltr'><strong>liquith</strong></span> <span class='ocrx_word' id='word_1_431' title='bbox 1066 3702 1282 3776; x_wconf 87' lang='lat' dir='ltr'><strong>perfusa</strong></span> <span class='ocrx_word' id='word_1_432' title='bbox 1307 3715 1502 3756; x_wconf 91' lang='lat' dir='ltr'><strong>sereno</strong></span> 
     </span>
    </p>
   </div>
   <div class='ocr_carea' id='block_1_71' title="bbox 55 3793 1381 3858">
    <p class='ocr_par' dir='ltr' id='par_1_71' title="bbox 55 3793 1381 3858">
     <span class='ocr_line' id='line_1_71' title="bbox 55 3793 1381 3858; baseline -0.006 -3"><span class='ocrx_word' id='word_1_433' title='bbox 55 3797 218 3855; x_wconf 90' lang='lat' dir='ltr'><strong>Clara</strong></span> <span class='ocrx_word' id='word_1_434' title='bbox 245 3798 357 3854; x_wconf 91' lang='lat' dir='ltr'><strong>viri</strong></span> <span class='ocrx_word' id='word_1_435' title='bbox 394 3795 562 3852; x_wconf 88' lang='lat' dir='ltr'><strong>facies</strong></span> <span class='ocrx_word' id='word_1_436' title='bbox 587 3796 770 3852; x_wconf 92' lang='lat' dir='ltr'><strong>sobrio</strong></span> <span class='ocrx_word' id='word_1_437' title='bbox 800 3795 1171 3851; x_wconf 90' lang='lat' dir='ltr'><strong>moderamine</strong></span> <span class='ocrx_word' id='word_1_438' title='bbox 1198 3793 1381 3858; x_wconf 85' lang='lat' dir='ltr'><strong>fulsit;</strong></span> 
     </span>
    </p>
   </div>
   <div class='ocr_carea' id='block_1_72' title="bbox 61 3885 1349 3960">
    <p class='ocr_par' dir='ltr' id='par_1_72' title="bbox 61 3885 1349 3960">
     <span class='ocr_line' id='line_1_72' title="bbox 61 3885 1349 3960; baseline -0.005 -15"><span class='ocrx_word' id='word_1_439' title='bbox 61 3888 171 3945; x_wconf 90' lang='lat' dir='ltr'><strong>Sed</strong></span> <span class='ocrx_word' id='word_1_440' title='bbox 200 3897 413 3960; x_wconf 73' lang='lat' dir='ltr'><strong>praeter</strong></span> <span class='ocrx_word' id='word_1_441' title='bbox 436 3887 651 3943; x_wconf 88' lang='lat' dir='ltr'><strong>solitum</strong></span> <span class='ocrx_word' id='word_1_442' title='bbox 675 3887 811 3942; x_wconf 69' lang='lat' dir='ltr'><strong>laeta:</strong></span> <span class='ocrx_word' id='word_1_443' title='bbox 833 3887 1127 3958; x_wconf 80' lang='lat' dir='ltr'><strong>Spiratnina</strong></span> <span class='ocrx_word' id='word_1_444' title='bbox 1152 3885 1349 3941; x_wconf 87' lang='lat' dir='ltr'><strong>mentis</strong></span> 
     </span>
    </p>
   </div>
   <div class='ocr_carea' id='block_1_73' title="bbox 59 3976 1451 4052">
    <p class='ocr_par' dir='ltr' id='par_1_73' title="bbox 59 3976 1451 4052">
     <span class='ocr_line' id='line_1_73' title="bbox 59 3976 1451 4052; baseline -0.006 -15"><span class='ocrx_word' id='word_1_445' title='bbox 59 3980 268 4037; x_wconf 79' lang='lat' dir='ltr'><strong>Fronte</strong></span> <span class='ocrx_word' id='word_1_446' title='bbox 296 3980 519 4052; x_wconf 90' lang='lat' dir='ltr'><strong>premit.</strong></span> <span class='ocrx_word' id='word_1_447' title='bbox 550 3978 746 4035; x_wconf 79' lang='lat' dir='ltr'><strong>Videre</strong></span> <span class='ocrx_word' id='word_1_448' title='bbox 783 3979 886 4042; x_wconf 93' lang='lat' dir='ltr'><strong>sui,</strong></span> <span class='ocrx_word' id='word_1_449' title='bbox 911 3978 1226 4048; x_wconf 90' lang='lat' dir='ltr'><strong>cunctisque</strong></span> <span class='ocrx_word' id='word_1_450' title='bbox 1254 3976 1451 4031; x_wconf 92' lang='lat' dir='ltr'><strong>viritim</strong></span> 
     </span>
    </p>
   </div>
   <div class='ocr_carea' id='block_1_74' title="bbox 58 4068 1465 4140">
    <p class='ocr_par' dir='ltr' id='par_1_74' title="bbox 58 4068 1465 4140">
     <span class='ocr_line' id='line_1_74' title="bbox 58 4068 1465 4140; baseline -0.005 -12"><span class='ocrx_word' id='word_1_451' title='bbox 58 4072 333 4128; x_wconf 82' lang='lat' dir='ltr'><strong>Attonitis</strong></span> <span class='ocrx_word' id='word_1_452' title='bbox 353 4111 369 4137; x_wconf 96' lang='lat'><strong>,</strong></span> <span class='ocrx_word' id='word_1_453' title='bbox 399 4070 573 4125; x_wconf 82' lang='lat' dir='ltr'><strong>audax</strong></span> <span class='ocrx_word' id='word_1_454' title='bbox 604 4068 871 4140; x_wconf 90' lang='lat' dir='ltr'><strong>pauloque</strong></span> <span class='ocrx_word' id='word_1_455' title='bbox 891 4069 1262 4140; x_wconf 80' lang='lat' dir='ltr'><strong>expromptior</strong></span> <span class='ocrx_word' id='word_1_456' title='bbox 1288 4082 1428 4122; x_wconf 90' lang='lat' dir='ltr'><strong>unus</strong></span> <span class='ocrx_word' id='word_1_457' title='bbox 1449 4107 1465 4132; x_wconf 92' lang='lat'><strong>,</strong></span> 
     </span>
    </p>
   </div>
   <div class='ocr_carea' id='block_1_75' title="bbox 60 4159 1414 4233">
    <p class='ocr_par' dir='ltr' id='par_1_75' title="bbox 60 4159 1414 4233">
     <span class='ocr_line' id='line_1_75' title="bbox 60 4159 1414 4233; baseline -0.006 -13"><span class='ocrx_word' id='word_1_458' title='bbox 60 4164 334 4232; x_wconf 60' lang='lat' dir='ltr'><strong>Quanam</strong></span> <span class='ocrx_word' id='word_1_459' title='bbox 365 4171 543 4228; x_wconf 89' lang='lat' dir='ltr'><strong>tanta,</strong></span> <span class='ocrx_word' id='word_1_460' title='bbox 572 4171 744 4233; x_wconf 86' lang='lat' dir='ltr'><strong>rogat,</strong></span> <span class='ocrx_word' id='word_1_461' title='bbox 779 4161 885 4217; x_wconf 69' lang='lat' dir='ltr'><strong>laeti</strong></span> <span class='ocrx_word' id='word_1_462' title='bbox 915 4161 987 4217; x_wconf 91' lang='lat' dir='ltr'><strong>sit</strong></span> <span class='ocrx_word' id='word_1_463' title='bbox 1013 4161 1185 4233; x_wconf 88' lang='lat' dir='ltr'><strong>gratia</strong></span> <span class='ocrx_word' id='word_1_464' title='bbox 1214 4159 1414 4214; x_wconf 90' lang='lat' dir='ltr'><strong>vultus.</strong></span> 
     </span>
    </p>
   </div>
   <div class='ocr_carea' id='block_1_76' title="bbox 134 4250 1660 4319">
    <p class='ocr_par' dir='ltr' id='par_1_76' title="bbox 134 4250 1660 4319">
     <span class='ocr_line' id='line_1_76' title="bbox 134 4250 1660 4319; baseline -0.007 -6"><span class='ocrx_word' id='word_1_465' title='bbox 134 4256 264 4313; x_wconf 64' lang='lat'><strong>104.</strong></span> <span class='ocrx_word' id='word_1_466' title='bbox 296 4255 400 4311; x_wconf 88' lang='lat' dir='ltr'><strong>Ille</strong></span> <span class='ocrx_word' id='word_1_467' title='bbox 419 4254 520 4309; x_wconf 89' lang='lat' dir='ltr'><strong>sub</strong></span> <span class='ocrx_word' id='word_1_468' title='bbox 544 4255 681 4318; x_wconf 66' lang='lat' dir='ltr'><strong>haec,</strong></span> <span class='ocrx_word' id='word_1_469' title='bbox 698 4252 988 4319; x_wconf 83' lang='lat' dir='ltr'><strong>Modicum,</strong></span> <span class='ocrx_word' id='word_1_470' title='bbox 1013 4251 1480 4318; x_wconf 88' lang='lat' dir='ltr'><strong>socii,subsistite,</strong></span> <span class='ocrx_word' id='word_1_471' title='bbox 1507 4250 1660 4312; x_wconf 78' lang='lat' dir='ltr'><strong>dixit,</strong></span> 
     </span>
    </p>
   </div>
   <div class='ocr_carea' id='block_1_77' title="bbox 62 4344 1206 4405">
    <p class='ocr_par' dir='ltr' id='par_1_77' title="bbox 62 4344 1206 4405">
     <span class='ocr_line' id='line_1_77' title="bbox 62 4344 1206 4405; baseline -0.005 0"><span class='ocrx_word' id='word_1_472' title='bbox 62 4348 131 4405; x_wconf 83' lang='lat' dir='ltr'><strong>Et</strong></span> <span class='ocrx_word' id='word_1_473' title='bbox 157 4347 439 4404; x_wconf 88' lang='lat' dir='ltr'><strong>ridendus</strong></span> <span class='ocrx_word' id='word_1_474' title='bbox 464 4354 519 4400; x_wconf 91' lang='lat' dir='ltr'><strong>et</strong></span> <span class='ocrx_word' id='word_1_475' title='bbox 542 4344 742 4400; x_wconf 86' lang='lat' dir='ltr'><strong>infelici</strong></span> <span class='ocrx_word' id='word_1_476' title='bbox 768 4352 913 4401; x_wconf 91' lang='lat' dir='ltr'><strong>sorte</strong></span> <span class='ocrx_word' id='word_1_477' title='bbox 942 4345 1206 4400; x_wconf 89' lang='lat' dir='ltr'><strong>dolendus</strong></span> 
     </span>
    </p>
   </div>
   <div class='ocr_carea' id='block_1_78' title="bbox 60 4434 1347 4505">
    <p class='ocr_par' dir='ltr' id='par_1_78' title="bbox 60 4434 1347 4505">
     <span class='ocr_line' id='line_1_78' title="bbox 60 4434 1347 4505; baseline -0.006 -7"><span class='ocrx_word' id='word_1_478' title='bbox 60 4438 182 4498; x_wconf 73' lang='lat' dir='ltr'><strong>Iam</strong></span> <span class='ocrx_word' id='word_1_479' title='bbox 209 4438 426 4497; x_wconf 86' lang='lat' dir='ltr'><strong>vestris</strong></span> <span class='ocrx_word' id='word_1_480' title='bbox 457 4436 628 4491; x_wconf 88' lang='lat' dir='ltr'><strong>oculis</strong></span> <span class='ocrx_word' id='word_1_481' title='bbox 662 4435 829 4492; x_wconf 87' lang='lat' dir='ltr'><strong>miser</strong></span> <span class='ocrx_word' id='word_1_482' title='bbox 848 4435 1210 4505; x_wconf 86' lang='lat' dir='ltr'><strong>objectabitur</strong></span> <span class='ocrx_word' id='word_1_483' title='bbox 1230 4434 1347 4501; x_wconf 88' lang='lat' dir='ltr'><strong>ille,</strong></span> 
     </span>
    </p>
   </div>
   <div class='ocr_carea' id='block_1_79' title="bbox 62 4525 1455 4601">
    <p class='ocr_par' dir='ltr' id='par_1_79' title="bbox 62 4525 1455 4601">
     <span class='ocr_line' id='line_1_79' title="bbox 62 4525 1455 4601; baseline -0.006 -14"><span class='ocrx_word' id='word_1_484' title='bbox 62 4532 238 4601; x_wconf 86' lang='lat' dir='ltr'><strong>Quem</strong></span> <span class='ocrx_word' id='word_1_485' title='bbox 268 4545 405 4586; x_wconf 81' lang='lat' dir='ltr'><strong>mox</strong></span> <span class='ocrx_word' id='word_1_486' title='bbox 438 4527 711 4597; x_wconf 87' lang='lat' dir='ltr'><strong>torquebit</strong></span> <span class='ocrx_word' id='word_1_487' title='bbox 736 4526 867 4582; x_wconf 66' lang='grc' dir='ltr'><strong>ἰωάὶ</strong></span> <span class='ocrx_word' id='word_1_488' title='bbox 894 4542 1045 4582; x_wconf 88' lang='lat' dir='ltr'><strong>mens</strong></span> <span class='ocrx_word' id='word_1_489' title='bbox 1071 4527 1284 4582; x_wconf 90' lang='lat' dir='ltr'><strong>conscia</strong></span> <span class='ocrx_word' id='word_1_490' title='bbox 1309 4525 1455 4582; x_wconf 89' lang='lat' dir='ltr'><strong>facti.</strong></span> 
     </span>
    </p>
   </div>
   <div class='ocr_carea' id='block_1_80' title="bbox 64 4619 1381 4690">
    <p class='ocr_par' dir='ltr' id='par_1_80' title="bbox 64 4619 1381 4690">
     <span class='ocr_line' id='line_1_80' title="bbox 64 4619 1381 4690; baseline -0.005 -11"><span class='ocrx_word' id='word_1_491' title='bbox 64 4624 237 4690; x_wconf 76' lang='lat' dir='ltr'><strong>Dixit,</strong></span> <span class='ocrx_word' id='word_1_492' title='bbox 273 4631 335 4678; x_wconf 88' lang='lat' dir='ltr'><strong>et</strong></span> <span class='ocrx_word' id='word_1_493' title='bbox 367 4621 425 4676; x_wconf 94' lang='lat' dir='ltr'><strong>in</strong></span> <span class='ocrx_word' id='word_1_494' title='bbox 453 4628 662 4689; x_wconf 88' lang='lat' dir='ltr'><strong>partem</strong></span> <span class='ocrx_word' id='word_1_495' title='bbox 692 4620 956 4688; x_wconf 88' lang='lat' dir='ltr'><strong>porrectis</strong></span> <span class='ocrx_word' id='word_1_496' title='bbox 982 4619 1206 4684; x_wconf 88' lang='lat' dir='ltr'><strong>visibus,</strong></span> <span class='ocrx_word' id='word_1_497' title='bbox 1233 4633 1381 4682; x_wconf 89' lang='lat' dir='ltr'><strong>ecce,</strong></span> 
     </span>
    </p>
   </div>
   <div class='ocr_carea' id='block_1_81' title="bbox 64 4709 1474 4780">
    <p class='ocr_par' dir='ltr' id='par_1_81' title="bbox 64 4709 1474 4780">
     <span class='ocr_line' id='line_1_81' title="bbox 64 4709 1474 4780; baseline -0.006 -8"><span class='ocrx_word' id='word_1_498' title='bbox 64 4716 302 4772; x_wconf 85' lang='lat' dir='ltr'><strong>Eminus</strong></span> <span class='ocrx_word' id='word_1_499' title='bbox 329 4710 631 4779; x_wconf 88' lang='lat' dir='ltr'><strong>inspiciunt</strong></span> <span class='ocrx_word' id='word_1_500' title='bbox 654 4709 911 4779; x_wconf 84' lang='lat' dir='ltr'><strong>peditem.</strong></span> <span class='ocrx_word' id='word_1_501' title='bbox 943 4711 1166 4780; x_wconf 87' lang='lat' dir='ltr'><strong>loroque</strong></span> <span class='ocrx_word' id='word_1_502' title='bbox 1197 4724 1474 4779; x_wconf 89' lang='lat' dir='ltr'><strong>manuque</strong></span> 
     </span>
    </p>
   </div>
   <div class='ocr_carea' id='block_1_82' title="bbox 65 4800 1669 4878">
    <p class='ocr_par' dir='ltr' id='par_1_82' title="bbox 65 4800 1669 4878">
     <span class='ocr_line' id='line_1_82' title="bbox 65 4800 1669 4878; baseline -0.006 -15"><span class='ocrx_word' id='word_1_503' title='bbox 65 4808 313 4878; x_wconf 80' lang='lat' dir='ltr'><strong>Raptum</strong></span> <span class='ocrx_word' id='word_1_504' title='bbox 340 4800 549 4857; x_wconf 87' lang='lat' dir='ltr'><strong>animal</strong></span> <span class='ocrx_word' id='word_1_505' title='bbox 578 4808 698 4871; x_wconf 89' lang='lat' dir='ltr'><strong>post</strong></span> <span class='ocrx_word' id='word_1_506' title='bbox 717 4815 777 4856; x_wconf 90' lang='lat' dir='ltr'><strong>se</strong></span> <span class='ocrx_word' id='word_1_507' title='bbox 801 4801 1110 4871; x_wconf 88' lang='lat' dir='ltr'><strong>pudibunda</strong></span> <span class='ocrx_word' id='word_1_508' title='bbox 1134 4801 1311 4857; x_wconf 82' lang='lat' dir='ltr'><strong>fronte</strong></span> <span class='ocrx_word' id='word_1_509' title='bbox 1340 4801 1669 4856; x_wconf 84' lang='lat' dir='ltr'><strong>trahentem.</strong></span> 
     </span>
    </p>
   </div>
   <div class='ocr_carea' id='block_1_83' title="bbox 62 4895 1668 4969">
    <p class='ocr_par' dir='ltr' id='par_1_83' title="bbox 62 4895 1668 4969">
     <span class='ocr_line' id='line_1_83' title="bbox 62 4895 1668 4969; baseline -0.006 -12"><span class='ocrx_word' id='word_1_510' title='bbox 62 4900 324 4969; x_wconf 86' lang='lat' dir='ltr'><strong>Dumque</strong></span> <span class='ocrx_word' id='word_1_511' title='bbox 339 4896 435 4952; x_wconf 89' lang='lat' dir='ltr'><strong>ille</strong></span> <span class='ocrx_word' id='word_1_512' title='bbox 447 4895 733 4961; x_wconf 87' lang='lat' dir='ltr'><strong>accelerat,</strong></span> <span class='ocrx_word' id='word_1_513' title='bbox 749 4895 983 4966; x_wconf 89' lang='lat' dir='ltr'><strong>dumque</strong></span> <span class='ocrx_word' id='word_1_514' title='bbox 995 4896 1047 4951; x_wconf 90' lang='lat' dir='ltr'><strong>bi</strong></span> <span class='ocrx_word' id='word_1_515' title='bbox 1061 4911 1167 4951; x_wconf 94' lang='lat' dir='ltr'><strong>non</strong></span> <span class='ocrx_word' id='word_1_516' title='bbox 1186 4896 1351 4950; x_wconf 90' lang='lat' dir='ltr'><strong>multa</strong></span> <span class='ocrx_word' id='word_1_517' title='bbox 1369 4902 1668 4969; x_wconf 85' lang='lat' dir='ltr'><strong>morantur.</strong></span> 
     </span>
    </p>
   </div>
   <div class='ocr_carea' id='block_1_84' title="bbox 58 4968 1661 5074">
    <p class='ocr_par' dir='ltr' id='par_1_84' title="bbox 58 4968 1661 5074">
     <span class='ocr_line' id='line_1_84' title="bbox 58 4968 1661 5074; baseline -0.006 -27"><span class='ocrx_word' id='word_1_518' title='bbox 58 4988 557 5074; x_wconf 58' lang='lat' dir='ltr'><strong>Consequiturque</strong></span> <span class='ocrx_word' id='word_1_519' title='bbox 584 4984 756 5050; x_wconf 87' lang='lat' dir='ltr'><strong>brevi,</strong></span> <span class='ocrx_word' id='word_1_520' title='bbox 785 5001 951 5057; x_wconf 89' lang='lat' dir='ltr'><strong>seque</strong></span> <span class='ocrx_word' id='word_1_521' title='bbox 979 4988 1045 5041; x_wconf 89' lang='lat' dir='ltr'><strong>ad</strong></span> <span class='ocrx_word' id='word_1_522' title='bbox 1074 4988 1300 5055; x_wconf 88' lang='lat' dir='ltr'><strong>vestigia</strong></span> <span class='ocrx_word' id='word_1_523' title='bbox 1323 4986 1538 5050; x_wconf 89' lang='lat' dir='ltr'><strong>sternit,</strong></span> <span class='ocrx_word' id='word_1_524' title='bbox 1656 4968 1661 4975; x_wconf 65' lang='grc'><em>’</em></span> 
     </span>
    </p>
   </div>
   <div class='ocr_carea' id='block_1_85' title="bbox 64 5076 1494 5148">
    <p class='ocr_par' dir='ltr' id='par_1_85' title="bbox 64 5076 1494 5148">
     <span class='ocr_line' id='line_1_85' title="bbox 64 5076 1494 5148; baseline -0.006 -8"><span class='ocrx_word' id='word_1_525' title='bbox 64 5081 277 5141; x_wconf 89' lang='lat' dir='ltr'><strong>Ordine</strong></span> <span class='ocrx_word' id='word_1_526' title='bbox 304 5076 667 5136; x_wconf 88' lang='lat' dir='ltr'><strong>commissum</strong></span> <span class='ocrx_word' id='word_1_527' title='bbox 697 5076 871 5132; x_wconf 87' lang='lat' dir='ltr'><strong>fassus</strong></span> <span class='ocrx_word' id='word_1_528' title='bbox 899 5092 994 5147; x_wconf 89' lang='lat' dir='ltr'><strong>per</strong></span> <span class='ocrx_word' id='word_1_529' title='bbox 1021 5077 1230 5148; x_wconf 85' lang='lat' dir='ltr'><strong>singula</strong></span> <span class='ocrx_word' id='word_1_530' title='bbox 1261 5080 1494 5141; x_wconf 90' lang='lat' dir='ltr'><strong>crimen,</strong></span> 
     </span>
    </p>
   </div>
   <div class='ocr_carea' id='block_1_86' title="bbox 67 5166 1674 5245">
    <p class='ocr_par' dir='ltr' id='par_1_86' title="bbox 67 5166 1674 5245">
     <span class='ocr_line' id='line_1_86' title="bbox 67 5166 1674 5245; baseline -0.007 -15"><span class='ocrx_word' id='word_1_531' title='bbox 67 5174 254 5245; x_wconf 85' lang='lat' dir='ltr'><strong>Seque</strong></span> <span class='ocrx_word' id='word_1_532' title='bbox 279 5172 361 5227; x_wconf 87' lang='lat' dir='ltr'><strong>ita</strong></span> <span class='ocrx_word' id='word_1_533' title='bbox 390 5166 559 5224; x_wconf 89' lang='lat' dir='ltr'><strong>totius</strong></span> <span class='ocrx_word' id='word_1_534' title='bbox 579 5166 870 5238; x_wconf 82' lang='lat' dir='ltr'><strong>implexum</strong></span> <span class='ocrx_word' id='word_1_535' title='bbox 897 5167 1009 5241; x_wconf 88' lang='lat' dir='ltr'><strong>[B.,</strong></span> <span class='ocrx_word' id='word_1_536' title='bbox 1033 5167 1411 5241; x_wconf 89' lang='lat' dir='ltr'><strong>constrictum]</strong></span> <span class='ocrx_word' id='word_1_537' title='bbox 1438 5175 1674 5233; x_wconf 87' lang='lat' dir='ltr'><strong>tempore</strong></span> 
     </span>
    </p>
   </div>
   <div class='ocr_carea' id='block_1_87' title="bbox 1382 5253 1583 5331">
    <p class='ocr_par' dir='ltr' id='par_1_87' title="bbox 1382 5253 1583 5331">
     <span class='ocr_line' id='line_1_87' title="bbox 1382 5253 1583 5331; baseline -0.015 -21"><span class='ocrx_word' id='word_1_538' title='bbox 1382 5253 1583 5331; x_wconf 88' lang='lat' dir='ltr'><strong>[noctis</strong></span> 
     </span>
    </p>
   </div>
   <div class='ocr_carea' id='block_1_88' title="bbox 397 5387 1674 5416">
    <p class='ocr_par' dir='ltr' id='par_1_88' title="bbox 397 5387 1674 5416">
     <span class='ocr_line' id='line_1_88' title="bbox 397 5387 1674 5416; baseline 0 0"><span class='ocrx_word' id='word_1_539' title='bbox 397 5409 420 5416; x_wconf 85' lang='lat'>_</span> <span class='ocrx_word' id='word_1_540' title='bbox 464 5390 682 5416; x_wconf 52' lang='grc' dir='ltr'><strong>.--ιηιερ</strong></span> <span class='ocrx_word' id='word_1_541' title='bbox 772 5393 1027 5416; x_wconf 62' lang='grc' dir='ltr'><strong>...ηειεμη</strong></span> <span class='ocrx_word' id='word_1_542' title='bbox 1070 5390 1184 5416; x_wconf 59' lang='grc' dir='ltr'><strong>ηιξ...</strong></span> <span class='ocrx_word' id='word_1_543' title='bbox 1238 5392 1395 5416; x_wconf 54' lang='grc' dir='ltr'><strong>τηε---</strong></span> <span class='ocrx_word' id='word_1_544' title='bbox 1450 5387 1674 5416; x_wconf 60' lang='grc' dir='ltr'><strong>---Αἷμα</strong></span> 
     </span>
    </p>
   </div>
   <div class='ocr_carea' id='block_1_89' title="bbox 1764 3247 3013 3318">
    <p class='ocr_par' dir='ltr' id='par_1_89' title="bbox 1764 3247 3013 3318">
     <span class='ocr_line' id='line_1_89' title="bbox 1764 3247 3013 3318; baseline -0.001 -16"><span class='ocrx_word' id='word_1_545' title='bbox 1764 3248 2052 3318; x_wconf 87' lang='lat' dir='ltr'><strong>Presbyter</strong></span> <span class='ocrx_word' id='word_1_546' title='bbox 2075 3247 2360 3302; x_wconf 81' lang='lat' dir='ltr'><strong>exstiterat</strong></span> <span class='ocrx_word' id='word_1_547' title='bbox 2381 3247 2545 3301; x_wconf 87' lang='lat' dir='ltr'><strong>claris</strong></span> <span class='ocrx_word' id='word_1_548' title='bbox 2570 3247 2840 3301; x_wconf 88' lang='lat' dir='ltr'><strong>natalilms</strong></span> <span class='ocrx_word' id='word_1_549' title='bbox 2872 3247 2979 3301; x_wconf 92' lang='lat' dir='ltr'><strong>illic</strong></span> <span class='ocrx_word' id='word_1_550' title='bbox 2998 3288 3013 3313; x_wconf 93' lang='lat'><strong>,</strong></span> 
     </span>
    </p>
   </div>
   <div class='ocr_carea' id='block_1_90' title="bbox 1764 3334 2981 3408">
    <p class='ocr_par' dir='ltr' id='par_1_90' title="bbox 1764 3334 2981 3408">
     <span class='ocr_line' id='line_1_90' title="bbox 1764 3334 2981 3408; baseline -0.004 -15"><span class='ocrx_word' id='word_1_551' title='bbox 1764 3337 1975 3393; x_wconf 89' lang='lat' dir='ltr'><strong>Clarior</strong></span> <span class='ocrx_word' id='word_1_552' title='bbox 2000 3336 2233 3408; x_wconf 87' lang='lat' dir='ltr'><strong>ingenio,</strong></span> <span class='ocrx_word' id='word_1_553' title='bbox 2264 3335 2348 3391; x_wconf 89' lang='lat' dir='ltr'><strong>cui</strong></span> <span class='ocrx_word' id='word_1_554' title='bbox 2377 3344 2489 3389; x_wconf 89' lang='lat' dir='ltr'><strong>tum</strong></span> <span class='ocrx_word' id='word_1_555' title='bbox 2520 3335 2720 3405; x_wconf 88' lang='lat' dir='ltr'><strong>gentile</strong></span> <span class='ocrx_word' id='word_1_556' title='bbox 2749 3334 2981 3390; x_wconf 88' lang='lat' dir='ltr'><strong>Senator</strong></span> 
     </span>
    </p>
   </div>
   <div class='ocr_carea' id='block_1_91' title="bbox 1765 3424 3149 3495">
    <p class='ocr_par' dir='ltr' id='par_1_91' title="bbox 1765 3424 3149 3495">
     <span class='ocr_line' id='line_1_91' title="bbox 1765 3424 3149 3495; baseline -0.001 -12"><span class='ocrx_word' id='word_1_557' title='bbox 1765 3428 1969 3485; x_wconf 88' lang='lat' dir='ltr'><strong>Nomen</strong></span> <span class='ocrx_word' id='word_1_558' title='bbox 1998 3434 2137 3481; x_wconf 90' lang='lat' dir='ltr'><strong>erat.</strong></span> <span class='ocrx_word' id='word_1_559' title='bbox 2170 3424 2293 3480; x_wconf 79' lang='lat' dir='ltr'><strong>Vita</strong></span> <span class='ocrx_word' id='word_1_560' title='bbox 2324 3426 2627 3495; x_wconf 88' lang='lat' dir='ltr'><strong>meritoque</strong></span> <span class='ocrx_word' id='word_1_561' title='bbox 2656 3425 2928 3479; x_wconf 88' lang='lat' dir='ltr'><strong>simillima</strong></span> <span class='ocrx_word' id='word_1_562' title='bbox 2952 3424 3149 3494; x_wconf 80' lang='lat' dir='ltr'><strong>conjux</strong></span> 
     </span>
    </p>
   </div>
   <div class='ocr_carea' id='block_1_92' title="bbox 1764 3512 2908 3587">
    <p class='ocr_par' dir='ltr' id='par_1_92' title="bbox 1764 3512 2908 3587">
     <span class='ocr_line' id='line_1_92' title="bbox 1764 3512 2908 3587; baseline -0.004 -15"><span class='ocrx_word' id='word_1_563' title='bbox 1764 3517 2039 3587; x_wconf 65' lang='lat' dir='ltr'><strong>IEquabat</strong></span> <span class='ocrx_word' id='word_1_564' title='bbox 2066 3515 2259 3570; x_wconf 90' lang='lat' dir='ltr'><strong>studiis</strong></span> <span class='ocrx_word' id='word_1_565' title='bbox 2286 3515 2421 3569; x_wconf 90' lang='lat' dir='ltr'><strong>casti</strong></span> <span class='ocrx_word' id='word_1_566' title='bbox 2448 3515 2664 3570; x_wconf 89' lang='lat' dir='ltr'><strong>decreta</strong></span> <span class='ocrx_word' id='word_1_567' title='bbox 2689 3512 2908 3584; x_wconf 87' lang='lat' dir='ltr'><strong>jugalis.</strong></span> 
     </span>
    </p>
   </div>
   <div class='ocr_carea' id='block_1_93' title="bbox 1763 3604 2998 3679">
    <p class='ocr_par' dir='ltr' id='par_1_93' title="bbox 1763 3604 2998 3679">
     <span class='ocr_line' id='line_1_93' title="bbox 1763 3604 2998 3679; baseline -0.007 -13"><span class='ocrx_word' id='word_1_568' title='bbox 1763 3610 1942 3666; x_wconf 87' lang='lat' dir='ltr'><strong>Ambo</strong></span> <span class='ocrx_word' id='word_1_569' title='bbox 1963 3607 2225 3679; x_wconf 87' lang='lat' dir='ltr'><strong>provecti,</strong></span> <span class='ocrx_word' id='word_1_570' title='bbox 2258 3606 2420 3661; x_wconf 89' lang='lat' dir='ltr'><strong>macti</strong></span> <span class='ocrx_word' id='word_1_571' title='bbox 2451 3605 2794 3661; x_wconf 89' lang='lat' dir='ltr'><strong>successibus</strong></span> <span class='ocrx_word' id='word_1_572' title='bbox 2819 3604 2998 3659; x_wconf 87' lang='lat' dir='ltr'><strong>ambo.</strong></span> 
     </span>
    </p>
   </div>
   <div class='ocr_carea' id='block_1_94' title="bbox 1837 3693 3352 3768">
    <p class='ocr_par' dir='ltr' id='par_1_94' title="bbox 1837 3693 3352 3768">
     <span class='ocr_line' id='line_1_94' title="bbox 1837 3693 3352 3768; baseline -0.003 -14"><span class='ocrx_word' id='word_1_573' title='bbox 1837 3701 1958 3755; x_wconf 75' lang='lat'><strong>107.</strong></span> <span class='ocrx_word' id='word_1_574' title='bbox 2001 3698 2096 3754; x_wconf 84' lang='lat' dir='ltr'><strong>llis</strong></span> <span class='ocrx_word' id='word_1_575' title='bbox 2129 3696 2326 3768; x_wconf 79' lang='lat' dir='ltr'><strong>praesul</strong></span> <span class='ocrx_word' id='word_1_576' title='bbox 2354 3696 2547 3759; x_wconf 87' lang='lat' dir='ltr'><strong>sancti,</strong></span> <span class='ocrx_word' id='word_1_577' title='bbox 2572 3697 2663 3766; x_wconf 92' lang='lat' dir='ltr'><strong>qui</strong></span> <span class='ocrx_word' id='word_1_578' title='bbox 2694 3694 3125 3759; x_wconf 88' lang='lat' dir='ltr'><strong>commendatur,</strong></span> <span class='ocrx_word' id='word_1_579' title='bbox 3150 3693 3352 3749; x_wconf 76' lang='lat' dir='ltr'><strong>amoris</strong></span> 
     </span>
    </p>
   </div>
   <div class='ocr_carea' id='block_1_95' title="bbox 1764 3783 3244 3864">
    <p class='ocr_par' dir='ltr' id='par_1_95' title="bbox 1764 3783 3244 3864">
     <span class='ocr_line' id='line_1_95' title="bbox 1764 3783 3244 3864; baseline -0.005 -18"><span class='ocrx_word' id='word_1_580' title='bbox 1764 3791 1993 3848; x_wconf 76' lang='lat' dir='ltr'><strong>Fcedere</strong></span> <span class='ocrx_word' id='word_1_581' title='bbox 2007 3790 2231 3864; x_wconf 82' lang='lat' dir='ltr'><strong>junctus</strong></span> <span class='ocrx_word' id='word_1_582' title='bbox 2251 3797 2387 3844; x_wconf 88' lang='lat' dir='ltr'><strong>erat.</strong></span> <span class='ocrx_word' id='word_1_583' title='bbox 2413 3787 2523 3843; x_wconf 84' lang='lat' dir='ltr'><strong>llos</strong></span> <span class='ocrx_word' id='word_1_584' title='bbox 2545 3796 2656 3843; x_wconf 91' lang='lat' dir='ltr'><strong>tum</strong></span> <span class='ocrx_word' id='word_1_585' title='bbox 2678 3802 2801 3843; x_wconf 90' lang='lat' dir='ltr'><strong>cum</strong></span> <span class='ocrx_word' id='word_1_586' title='bbox 2830 3783 2972 3841; x_wconf 90' lang='lat' dir='ltr'><strong>forte</strong></span> <span class='ocrx_word' id='word_1_587' title='bbox 2993 3784 3244 3855; x_wconf 87' lang='lat' dir='ltr'><strong>petisset,</strong></span> 
     </span>
    </p>
   </div>
   <div class='ocr_carea' id='block_1_96' title="bbox 1765 3878 2997 3957">
    <p class='ocr_par' dir='ltr' id='par_1_96' title="bbox 1765 3878 2997 3957">
     <span class='ocr_line' id='line_1_96' title="bbox 1765 3878 2997 3957; baseline -0.006 -17"><span class='ocrx_word' id='word_1_588' title='bbox 1765 3884 2075 3957; x_wconf 84' lang='lat' dir='ltr'><strong>Excipiunt,</strong></span> <span class='ocrx_word' id='word_1_589' title='bbox 2100 3890 2304 3953; x_wconf 91' lang='lat' dir='ltr'><strong>quanto</strong></span> <span class='ocrx_word' id='word_1_590' title='bbox 2324 3880 2803 3950; x_wconf 85' lang='lat' dir='ltr'><strong>consensitcopia,</strong></span> <span class='ocrx_word' id='word_1_591' title='bbox 2827 3878 2997 3934; x_wconf 90' lang='lat' dir='ltr'><strong>cultu.</strong></span> 
     </span>
    </p>
   </div>
   <div class='ocr_carea' id='block_1_97' title="bbox 1765 3970 3226 4049">
    <p class='ocr_par' dir='ltr' id='par_1_97' title="bbox 1765 3970 3226 4049">
     <span class='ocr_line' id='line_1_97' title="bbox 1765 3970 3226 4049; baseline -0.006 -13"><span class='ocrx_word' id='word_1_592' title='bbox 1765 3982 1865 4038; x_wconf 84' lang='lat' dir='ltr'><strong>Hic</strong></span> <span class='ocrx_word' id='word_1_593' title='bbox 1895 3988 2141 4036; x_wconf 87' lang='lat' dir='ltr'><strong>matrona</strong></span> <span class='ocrx_word' id='word_1_594' title='bbox 2171 3980 2315 4049; x_wconf 91' lang='lat' dir='ltr'><strong>piam</strong></span> <span class='ocrx_word' id='word_1_595' title='bbox 2345 3978 2544 4033; x_wconf 79' lang='lat' dir='ltr'><strong>struxit</strong></span> <span class='ocrx_word' id='word_1_596' title='bbox 2572 3976 2674 4032; x_wconf 91' lang='lat' dir='ltr'><strong>sub</strong></span> <span class='ocrx_word' id='word_1_597' title='bbox 2702 3974 2932 4046; x_wconf 69' lang='lat' dir='ltr'><strong>praasule</strong></span> <span class='ocrx_word' id='word_1_598' title='bbox 2960 3970 3226 4036; x_wconf 84' lang='lat' dir='ltr'><strong>fraudem,</strong></span> 
     </span>
    </p>
   </div>
   <div class='ocr_carea' id='block_1_98' title="bbox 1767 4062 3118 4137">
    <p class='ocr_par' dir='ltr' id='par_1_98' title="bbox 1767 4062 3118 4137">
     <span class='ocr_line' id='line_1_98' title="bbox 1767 4062 3118 4137; baseline -0.008 -9"><span class='ocrx_word' id='word_1_599' title='bbox 1767 4071 2043 4128; x_wconf 88' lang='lat' dir='ltr'><strong>Stramiue</strong></span> <span class='ocrx_word' id='word_1_600' title='bbox 2072 4066 2354 4137; x_wconf 89' lang='lat' dir='ltr'><strong>subjecto;</strong></span> <span class='ocrx_word' id='word_1_601' title='bbox 2392 4082 2500 4136; x_wconf 90' lang='lat' dir='ltr'><strong>quo</strong></span> <span class='ocrx_word' id='word_1_602' title='bbox 2529 4066 2745 4122; x_wconf 88' lang='lat' dir='ltr'><strong>nescius</strong></span> <span class='ocrx_word' id='word_1_603' title='bbox 2770 4062 3118 4129; x_wconf 85' lang='lat' dir='ltr'><strong>incubitavit;</strong></span> 
     </span>
    </p>
   </div>
   <div class='ocr_carea' id='block_1_99' title="bbox 1769 4156 2915 4223">
    <p class='ocr_par' dir='ltr' id='par_1_99' title="bbox 1769 4156 2915 4223">
     <span class='ocr_line' id='line_1_99' title="bbox 1769 4156 2915 4223; baseline -0.008 -7"><span class='ocrx_word' id='word_1_604' title='bbox 1769 4161 2002 4218; x_wconf 89' lang='lat' dir='ltr'><strong>Telluris</strong></span> <span class='ocrx_word' id='word_1_605' title='bbox 2024 4159 2215 4215; x_wconf 84' lang='lat' dir='ltr'><strong>solitus</strong></span> <span class='ocrx_word' id='word_1_606' title='bbox 2243 4156 2379 4212; x_wconf 91' lang='lat' dir='ltr'><strong>alias</strong></span> <span class='ocrx_word' id='word_1_607' title='bbox 2406 4156 2719 4211; x_wconf 89' lang='lat' dir='ltr'><strong>incumbere</strong></span> <span class='ocrx_word' id='word_1_608' title='bbox 2749 4163 2915 4223; x_wconf 87' lang='lat' dir='ltr'><strong>tergo.</strong></span> 
     </span>
    </p>
   </div>
   <div class='ocr_carea' id='block_1_100' title="bbox 1766 4244 3054 4326">
    <p class='ocr_par' dir='ltr' id='par_1_100' title="bbox 1766 4244 3054 4326">
     <span class='ocr_line' id='line_1_100' title="bbox 1766 4244 3054 4326; baseline -0.012 -15"><span class='ocrx_word' id='word_1_609' title='bbox 1766 4254 1983 4326; x_wconf 89' lang='lat' dir='ltr'><strong>Impulit</strong></span> <span class='ocrx_word' id='word_1_610' title='bbox 2010 4261 2175 4321; x_wconf 88' lang='lat' dir='ltr'><strong>utque</strong></span> <span class='ocrx_word' id='word_1_611' title='bbox 2202 4265 2341 4306; x_wconf 85' lang='lat' dir='ltr'><strong>novo</strong></span> <span class='ocrx_word' id='word_1_612' title='bbox 2363 4257 2540 4305; x_wconf 89' lang='lat' dir='ltr'><strong>terras</strong></span> <span class='ocrx_word' id='word_1_613' title='bbox 2561 4245 2832 4302; x_wconf 80' lang='lat' dir='ltr'><strong>amamine</strong></span> <span class='ocrx_word' id='word_1_614' title='bbox 2861 4244 3021 4298; x_wconf 88' lang='lat' dir='ltr'><strong>Titan</strong></span> <span class='ocrx_word' id='word_1_615' title='bbox 3038 4283 3054 4309; x_wconf 98' lang='lat'><strong>,</strong></span> 
     </span>
    </p>
   </div>
   <div class='ocr_carea' id='block_1_101' title="bbox 1768 4329 3356 4417">
    <p class='ocr_par' dir='ltr' id='par_1_101' title="bbox 1768 4329 3356 4417">
     <span class='ocr_line' id='line_1_101' title="bbox 1768 4329 3356 4417; baseline -0.012 -13"><span class='ocrx_word' id='word_1_616' title='bbox 1768 4347 1937 4417; x_wconf 87' lang='lat' dir='ltr'><strong>Urget</strong></span> <span class='ocrx_word' id='word_1_617' title='bbox 1966 4346 2096 4409; x_wconf 89' lang='lat' dir='ltr'><strong>iter;</strong></span> <span class='ocrx_word' id='word_1_618' title='bbox 2125 4342 2427 4413; x_wconf 87' lang='lat' dir='ltr'><strong>gaudetque</strong></span> <span class='ocrx_word' id='word_1_619' title='bbox 2454 4340 2646 4394; x_wconf 87' lang='lat' dir='ltr'><strong>domus</strong></span> <span class='ocrx_word' id='word_1_620' title='bbox 2666 4378 2681 4404; x_wconf 96' lang='lat'><strong>,</strong></span> <span class='ocrx_word' id='word_1_621' title='bbox 2717 4336 3057 4407; x_wconf 87' lang='lat' dir='ltr'><strong>gaudentque</strong></span> <span class='ocrx_word' id='word_1_622' title='bbox 3083 4329 3356 4398; x_wconf 82' lang='lat' dir='ltr'><strong>ministri,</strong></span> 
     </span>
    </p>
   </div>
   <div class='ocr_carea' id='block_1_102' title="bbox 1773 4427 2889 4494">
    <p class='ocr_par' dir='ltr' id='par_1_102' title="bbox 1773 4427 2889 4494">
     <span class='ocr_line' id='line_1_102' title="bbox 1773 4427 2889 4494; baseline -0.012 0"><span class='ocrx_word' id='word_1_623' title='bbox 1773 4438 1905 4494; x_wconf 89' lang='lat' dir='ltr'><strong>Sese</strong></span> <span class='ocrx_word' id='word_1_624' title='bbox 1933 4437 2229 4491; x_wconf 79' lang='lat' dir='ltr'><strong>illustratus</strong></span> <span class='ocrx_word' id='word_1_625' title='bbox 2258 4433 2370 4487; x_wconf 91' lang='lat' dir='ltr'><strong>noti</strong></span> <span class='ocrx_word' id='word_1_626' title='bbox 2395 4429 2660 4487; x_wconf 87' lang='lat' dir='ltr'><strong>solamine</strong></span> <span class='ocrx_word' id='word_1_627' title='bbox 2691 4427 2889 4482; x_wconf 88' lang='lat' dir='ltr'><strong>Patris.</strong></span> 
     </span>
    </p>
   </div>
   <div class='ocr_carea' id='block_1_103' title="bbox 1774 4517 3006 4599">
    <p class='ocr_par' dir='ltr' id='par_1_103' title="bbox 1774 4517 3006 4599">
     <span class='ocr_line' id='line_1_103' title="bbox 1774 4517 3006 4599; baseline -0.012 -13"><span class='ocrx_word' id='word_1_628' title='bbox 1774 4529 2071 4599; x_wconf 83' lang='lat' dir='ltr'><strong>Reliiqnias</strong></span> <span class='ocrx_word' id='word_1_629' title='bbox 2098 4534 2344 4581; x_wconf 89' lang='lat' dir='ltr'><strong>matrona</strong></span> <span class='ocrx_word' id='word_1_630' title='bbox 2374 4532 2493 4578; x_wconf 89' lang='lat' dir='ltr'><strong>toro</strong></span> <span class='ocrx_word' id='word_1_631' title='bbox 2519 4521 2754 4592; x_wconf 87' lang='lat' dir='ltr'><strong>collegit,</strong></span> <span class='ocrx_word' id='word_1_632' title='bbox 2777 4529 2833 4575; x_wconf 89' lang='lat' dir='ltr'><strong>et</strong></span> <span class='ocrx_word' id='word_1_633' title='bbox 2856 4517 3006 4574; x_wconf 87' lang='lat' dir='ltr'><strong>omni</strong></span> 
     </span>
    </p>
   </div>
   <div class='ocr_carea' id='block_1_104' title="bbox 1773 4606 3073 4689">
    <p class='ocr_par' dir='ltr' id='par_1_104' title="bbox 1773 4606 3073 4689">
     <span class='ocr_line' id='line_1_104' title="bbox 1773 4606 3073 4689; baseline -0.013 -12"><span class='ocrx_word' id='word_1_634' title='bbox 1773 4618 2110 4689; x_wconf 87' lang='lat' dir='ltr'><strong>Compositas</strong></span> <span class='ocrx_word' id='word_1_635' title='bbox 2137 4616 2335 4679; x_wconf 86' lang='lat' dir='ltr'><strong>studio,</strong></span> <span class='ocrx_word' id='word_1_636' title='bbox 2368 4612 2550 4668; x_wconf 88' lang='lat' dir='ltr'><strong>causis</strong></span> <span class='ocrx_word' id='word_1_637' title='bbox 2577 4610 2830 4664; x_wconf 89' lang='lat' dir='ltr'><strong>vitalibus</strong></span> <span class='ocrx_word' id='word_1_638' title='bbox 2857 4620 2879 4648; x_wconf 80' lang='grc' dir='ltr'><strong>ο</strong></span> <span class='ocrx_word' id='word_1_639' title='bbox 2905 4606 3073 4662; x_wconf 88' lang='lat' dir='ltr'><strong>abdit.</strong></span> 
     </span>
    </p>
   </div>
   <div class='ocr_carea' id='block_1_105' title="bbox 1776 4696 3046 4775">
    <p class='ocr_par' dir='ltr' id='par_1_105' title="bbox 1776 4696 3046 4775">
     <span class='ocr_line' id='line_1_105' title="bbox 1776 4696 3046 4775; baseline -0.014 -9"><span class='ocrx_word' id='word_1_640' title='bbox 1776 4710 1907 4765; x_wconf 86' lang='lat' dir='ltr'><strong>Post</strong></span> <span class='ocrx_word' id='word_1_641' title='bbox 1931 4708 2074 4763; x_wconf 87' lang='lat' dir='ltr'><strong>soles</strong></span> <span class='ocrx_word' id='word_1_642' title='bbox 2093 4706 2322 4775; x_wconf 89' lang='lat' dir='ltr'><strong>aliquot,</strong></span> <span class='ocrx_word' id='word_1_643' title='bbox 2352 4701 2519 4758; x_wconf 87' lang='lat' dir='ltr'><strong>natali</strong></span> <span class='ocrx_word' id='word_1_644' title='bbox 2551 4700 2800 4771; x_wconf 90' lang='lat' dir='ltr'><strong>lampade</strong></span> <span class='ocrx_word' id='word_1_645' title='bbox 2824 4696 3046 4771; x_wconf 90' lang='lat' dir='ltr'><strong>quidam</strong></span> 
     </span>
    </p>
   </div>
   <div class='ocr_carea' id='block_1_106' title="bbox 1777 4786 3158 4873">
    <p class='ocr_par' dir='ltr' id='par_1_106' title="bbox 1777 4786 3158 4873">
     <span class='ocr_line' id='line_1_106' title="bbox 1777 4786 3158 4873; baseline -0.014 -14"><span class='ocrx_word' id='word_1_646' title='bbox 1777 4800 2121 4873; x_wconf 90' lang='lat' dir='ltr'><strong>Splendidus,</strong></span> <span class='ocrx_word' id='word_1_647' title='bbox 2142 4806 2199 4851; x_wconf 88' lang='lat' dir='ltr'><strong>et</strong></span> <span class='ocrx_word' id='word_1_648' title='bbox 2226 4796 2391 4852; x_wconf 86' lang='lat' dir='ltr'><strong>multa</strong></span> <span class='ocrx_word' id='word_1_649' title='bbox 2424 4807 2605 4847; x_wconf 88' lang='lat' dir='ltr'><strong>rerum</strong></span> <span class='ocrx_word' id='word_1_650' title='bbox 2635 4792 2840 4848; x_wconf 86' lang='lat' dir='ltr'><strong>ditione</strong></span> <span class='ocrx_word' id='word_1_651' title='bbox 2865 4786 3158 4859; x_wconf 86' lang='lat' dir='ltr'><strong>superbus,</strong></span> 
     </span>
    </p>
   </div>
   <div class='ocr_carea' id='block_1_107' title="bbox 1781 4876 3149 4961">
    <p class='ocr_par' dir='ltr' id='par_1_107' title="bbox 1781 4876 3149 4961">
     <span class='ocr_line' id='line_1_107' title="bbox 1781 4876 3149 4961; baseline -0.017 -11"><span class='ocrx_word' id='word_1_652' title='bbox 1781 4895 2033 4950; x_wconf 74' lang='lat' dir='ltr'><strong>Dauuone</strong></span> <span class='ocrx_word' id='word_1_653' title='bbox 2062 4886 2324 4961; x_wconf 82' lang='lat' dir='ltr'><strong>perﬂatur</strong></span> <span class='ocrx_word' id='word_1_654' title='bbox 2348 4905 2363 4942; x_wconf 88' lang='lat'><strong>:</strong></span> <span class='ocrx_word' id='word_1_655' title='bbox 2401 4884 2657 4939; x_wconf 87' lang='lat' dir='ltr'><strong>suberant</strong></span> <span class='ocrx_word' id='word_1_656' title='bbox 2688 4883 2946 4955; x_wconf 80' lang='lat' dir='ltr'><strong>suffragia</strong></span> <span class='ocrx_word' id='word_1_657' title='bbox 2974 4876 3149 4938; x_wconf 84' lang='lat' dir='ltr'><strong>nulla,</strong></span> 
     </span>
    </p>
   </div>
   <div class='ocr_carea' id='block_1_108' title="bbox 1782 4972 3388 5055">
    <p class='ocr_par' dir='ltr' id='par_1_108' title="bbox 1782 4972 3388 5055">
     <span class='ocr_line' id='line_1_108' title="bbox 1782 4972 3388 5055; baseline -0.016 -14"><span class='ocrx_word' id='word_1_658' title='bbox 1782 4985 2038 5055; x_wconf 83' lang='lat' dir='ltr'><strong>Quodque</strong></span> <span class='ocrx_word' id='word_1_659' title='bbox 2058 4981 2261 5036; x_wconf 87' lang='lat' dir='ltr'><strong>absens</strong></span> <span class='ocrx_word' id='word_1_660' title='bbox 2278 4980 2585 5037; x_wconf 87' lang='lat' dir='ltr'><strong>Germanus</strong></span> <span class='ocrx_word' id='word_1_661' title='bbox 2603 4985 2724 5030; x_wconf 89' lang='lat' dir='ltr'><strong>erat</strong></span> <span class='ocrx_word' id='word_1_662' title='bbox 2740 5019 2756 5043; x_wconf 85' lang='lat'><strong>,</strong></span> <span class='ocrx_word' id='word_1_663' title='bbox 2771 4991 2895 5049; x_wconf 87' lang='lat' dir='ltr'><strong>spes</strong></span> <span class='ocrx_word' id='word_1_664' title='bbox 2916 4975 3159 5028; x_wconf 86' lang='lat' dir='ltr'><strong>cesserat</strong></span> <span class='ocrx_word' id='word_1_665' title='bbox 3180 4972 3388 5028; x_wconf 65' lang='lat' dir='ltr'><strong>omnis,</strong></span> 
     </span>
    </p>
   </div>
   <div class='ocr_carea' id='block_1_109' title="bbox 1778 5067 3250 5143">
    <p class='ocr_par' dir='ltr' id='par_1_109' title="bbox 1778 5067 3250 5143">
     <span class='ocr_line' id='line_1_109' title="bbox 1778 5067 3250 5143; baseline -0.014 -9"><span class='ocrx_word' id='word_1_666' title='bbox 1778 5074 2127 5143; x_wconf 66' lang='lat' dir='ltr'><strong>Przesumpsit</strong></span> <span class='ocrx_word' id='word_1_667' title='bbox 2152 5083 2403 5130; x_wconf 88' lang='lat' dir='ltr'><strong>matrona</strong></span> <span class='ocrx_word' id='word_1_668' title='bbox 2440 5067 2622 5133; x_wconf 80' lang='lat' dir='ltr'><strong>fidem,</strong></span> <span class='ocrx_word' id='word_1_669' title='bbox 2655 5069 2990 5139; x_wconf 87' lang='lat' dir='ltr'><strong>Christoque</strong></span> <span class='ocrx_word' id='word_1_670' title='bbox 3018 5068 3250 5127; x_wconf 87' lang='lat' dir='ltr'><strong>vocato,</strong></span> 
     </span>
    </p>
   </div>
   <div class='ocr_carea' id='block_1_110' title="bbox 1783 5156 3106 5227">
    <p class='ocr_par' dir='ltr' id='par_1_110' title="bbox 1783 5156 3106 5227">
     <span class='ocr_line' id='line_1_110' title="bbox 1783 5156 3106 5227; baseline -0.017 -1"><span class='ocrx_word' id='word_1_671' title='bbox 1783 5170 2009 5227; x_wconf 82' lang='lat' dir='ltr'><strong>Servato</strong></span> <span class='ocrx_word' id='word_1_672' title='bbox 2040 5164 2227 5219; x_wconf 89' lang='lat' dir='ltr'><strong>miseri</strong></span> <span class='ocrx_word' id='word_1_673' title='bbox 2262 5156 2573 5222; x_wconf 88' lang='lat' dir='ltr'><strong>circumdat</strong></span> <span class='ocrx_word' id='word_1_674' title='bbox 2597 5165 2859 5221; x_wconf 86' lang='lat' dir='ltr'><strong>stramine</strong></span> <span class='ocrx_word' id='word_1_675' title='bbox 2880 5167 3106 5225; x_wconf 88' lang='lat' dir='ltr'><strong>corpus.</strong></span> 
     </span>
    </p>
   </div>
   <div class='ocr_carea' id='block_1_111' title="bbox 1786 5249 2979 5322">
    <p class='ocr_par' dir='ltr' id='par_1_111' title="bbox 1786 5249 2979 5322">
     <span class='ocr_line' id='line_1_111' title="bbox 1786 5249 2979 5322; baseline -0.01 -4"><span class='ocrx_word' id='word_1_676' title='bbox 1786 5259 2034 5317; x_wconf 84' lang='lat' dir='ltr'><strong>Ahsentis</strong></span> <span class='ocrx_word' id='word_1_677' title='bbox 2065 5253 2290 5322; x_wconf 82' lang='lat' dir='ltr'><strong>merito,</strong></span> <span class='ocrx_word' id='word_1_678' title='bbox 2319 5249 2495 5311; x_wconf 84' lang='lat' dir='ltr'><strong>cessit</strong></span> <span class='ocrx_word' id='word_1_679' title='bbox 2518 5264 2606 5304; x_wconf 86' lang='lat' dir='ltr'><strong>res</strong></span> <span class='ocrx_word' id='word_1_680' title='bbox 2632 5255 2803 5310; x_wconf 88' lang='lat' dir='ltr'><strong>ardua</strong></span> <span class='ocrx_word' id='word_1_681' title='bbox 2828 5261 2979 5311; x_wconf 84' lang='lat' dir='ltr'><strong>voto.</strong></span> 
     </span>
    </p>
   </div>
   <div class='ocr_carea' id='block_1_112' title="bbox 1855 5372 3289 5416">
    <p class='ocr_par' dir='ltr' id='par_1_112' title="bbox 1855 5372 3289 5416">
     <span class='ocr_line' id='line_1_112' title="bbox 1855 5372 3289 5416; baseline 0 0"><span class='ocrx_word' id='word_1_682' title='bbox 1855 5394 1883 5416; x_wconf 77' lang='grc' dir='ltr'><strong>ι.</strong></span> <span class='ocrx_word' id='word_1_683' title='bbox 1930 5391 1999 5416; x_wconf 80' lang='lat' dir='ltr'><strong>n-</strong></span> <span class='ocrx_word' id='word_1_684' title='bbox 2030 5386 2196 5416; x_wconf 52' lang='lat' dir='ltr'><strong>sint-</strong></span> <span class='ocrx_word' id='word_1_685' title='bbox 2243 5390 2328 5416; x_wconf 66' lang='lat'><strong>-4.-</strong></span> <span class='ocrx_word' id='word_1_686' title='bbox 2374 5380 2580 5416; x_wconf 68' lang='grc' dir='ltr'><strong>νηιορεε</strong></span> <span class='ocrx_word' id='word_1_687' title='bbox 2635 5384 2886 5416; x_wconf 76' lang='lat' dir='ltr'><strong>M...:..-.....</strong></span> <span class='ocrx_word' id='word_1_688' title='bbox 2935 5372 3248 5416; x_wconf 74' lang='lat' dir='ltr'><strong>[Inllim&#39;um</strong></span> <span class='ocrx_word' id='word_1_689' title='bbox 3277 5390 3289 5403; x_wconf 76' lang='grc' dir='ltr'><strong>ο</strong></span> 
     </span>
    </p>
   </div>
   <div class='ocr_carea' id='block_1_113' title="bbox 3340 5374 3426 5416">
    <p class='ocr_par' dir='ltr' id='par_1_113' title="bbox 3340 5374 3426 5416">
     <span class='ocr_line' id='line_1_113' title="bbox 3340 5374 3426 5416; baseline 0 0"><span class='ocrx_word' id='word_1_690' title='bbox 3340 5392 3370 5416; x_wconf 79' lang='grc' dir='ltr'><em>η</em></span> <span class='ocrx_word' id='word_1_691' title='bbox 3380 5374 3426 5416; x_wconf 70' lang='lat' dir='ltr'><strong>hi</strong></span> 
     </span>
    </p>
   </div>
  </div>
