  <div class='ocr_page' id='page_1' title='image "/cluster/home/n/w/nwhite01/storage/ocr_20150623/124/hvd.32044011218096/595.png"; bbox 0 0 3876 5416; ppageno 0'>
   <div class='ocr_carea' id='block_1_1' title="bbox 571 171 2824 245">
    <p class='ocr_par' dir='ltr' id='par_1_1' title="bbox 571 171 2824 245">
     <span class='ocr_line' id='line_1_1' title="bbox 571 171 2824 245; baseline 0.008 -19"><span class='ocrx_word' id='word_1_1' title='bbox 571 171 594 226; x_wconf 82' lang='grc'><strong>1</strong></span> <span class='ocrx_word' id='word_1_2' title='bbox 613 171 709 233; x_wconf 71' lang='grc'><strong>179</strong></span> <span class='ocrx_word' id='word_1_3' title='bbox 1557 177 1784 236; x_wconf 81' lang='lat' dir='ltr'><strong>llERlCl</strong></span> <span class='ocrx_word' id='word_1_4' title='bbox 1824 178 2128 238; x_wconf 77' lang='lat' dir='ltr'><strong>MONACHI</strong></span> <span class='ocrx_word' id='word_1_5' title='bbox 2163 178 2824 245; x_wconf 77' lang='lat' dir='ltr'><strong>ANTISSIODORENSIS</strong></span> 
     </span>
    </p>
   </div>
   <div class='ocr_carea' id='block_1_2' title="bbox 567 282 3207 363">
    <p class='ocr_par' dir='ltr' id='par_1_2' title="bbox 567 282 3207 363">
     <span class='ocr_line' id='line_1_2' title="bbox 567 282 3207 363; baseline 0.007 -26"><span class='ocrx_word' id='word_1_6' title='bbox 567 282 736 341; x_wconf 85' lang='lat' dir='ltr'><strong>Nocte</strong></span> <span class='ocrx_word' id='word_1_7' title='bbox 762 283 946 352; x_wconf 82' lang='lat' dir='ltr'><strong>miser,</strong></span> <span class='ocrx_word' id='word_1_8' title='bbox 978 301 1172 358; x_wconf 88' lang='lat' dir='ltr'><strong>magno</strong></span> <span class='ocrx_word' id='word_1_9' title='bbox 1202 295 1456 361; x_wconf 83' lang='lat' dir='ltr'><strong>tanquam</strong></span> <span class='ocrx_word' id='word_1_10' title='bbox 1483 289 1710 346; x_wconf 79' lang='lat' dir='ltr'><strong>vallatus</strong></span> <span class='ocrx_word' id='word_1_11' title='bbox 1730 292 1798 347; x_wconf 90' lang='lat' dir='ltr'><strong>ab</strong></span> <span class='ocrx_word' id='word_1_12' title='bbox 1828 292 1959 363; x_wconf 89' lang='lat' dir='ltr'><strong>igni,</strong></span> <span class='ocrx_word' id='word_1_13' title='bbox 2167 293 2219 354; x_wconf 83' lang='lat' dir='ltr'><strong>A</strong></span> <span class='ocrx_word' id='word_1_14' title='bbox 2865 296 3089 357; x_wconf 84' lang='lat' dir='ltr'><strong>CAPUT</strong></span> <span class='ocrx_word' id='word_1_15' title='bbox 3126 299 3207 356; x_wconf 91' lang='lat' dir='ltr'><strong>lll.</strong></span> 
     </span>
    </p>
   </div>
   <div class='ocr_carea' id='block_1_3' title="bbox 570 374 2101 485">
    <p class='ocr_par' dir='ltr' id='par_1_3' title="bbox 570 374 2002 450">
     <span class='ocr_line' id='line_1_3' title="bbox 570 374 2002 450; baseline 0.006 -19"><span class='ocrx_word' id='word_1_16' title='bbox 570 374 807 441; x_wconf 64' lang='lat' dir='ltr'><strong>Estuat,</strong></span> <span class='ocrx_word' id='word_1_17' title='bbox 833 387 887 432; x_wconf 90' lang='lat' dir='ltr'><strong>et</strong></span> <span class='ocrx_word' id='word_1_18' title='bbox 912 379 1111 450; x_wconf 85' lang='lat' dir='ltr'><strong>replico</strong></span> <span class='ocrx_word' id='word_1_19' title='bbox 1134 380 1463 440; x_wconf 72' lang='lat' dir='ltr'><strong>Germanum</strong></span> <span class='ocrx_word' id='word_1_20' title='bbox 1492 385 1707 440; x_wconf 85' lang='lat' dir='ltr'><strong>nomine</strong></span> <span class='ocrx_word' id='word_1_21' title='bbox 1731 383 2002 449; x_wconf 89' lang='lat' dir='ltr'><strong>frendens,</strong></span> 
     </span>
    </p>
   </div>
   <div class='ocr_carea' id='block_1_4' title="bbox 2174 374 3705 485">
    <p class='ocr_par' dir='ltr' id='par_1_4' title="bbox 2254 406 3705 485">
     <span class='ocr_line' id='line_1_4' title="bbox 2254 406 3705 485; baseline 0.011 -25"><span class='ocrx_word' id='word_1_22' title='bbox 2254 406 2514 485; x_wconf 67' lang='lat' dir='ltr'><strong>Revelulio</strong></span> <span class='ocrx_word' id='word_1_23' title='bbox 2548 420 2729 465; x_wconf 78' lang='lat' dir='ltr'><strong>sancto</strong></span> <span class='ocrx_word' id='word_1_24' title='bbox 2773 412 2915 485; x_wconf 10' lang='lat' dir='ltr'><strong>[arcta</strong></span> <span class='ocrx_word' id='word_1_25' title='bbox 2946 412 3010 467; x_wconf 80' lang='lat' dir='ltr'><strong>de</strong></span> <span class='ocrx_word' id='word_1_26' title='bbox 3036 414 3199 468; x_wconf 81' lang='lat' dir='ltr'><strong>natali</strong></span> <span class='ocrx_word' id='word_1_27' title='bbox 3236 419 3398 471; x_wconf 80' lang='lat' dir='ltr'><strong>sancti</strong></span> <span class='ocrx_word' id='word_1_28' title='bbox 3421 423 3588 478; x_wconf 61' lang='lat' dir='ltr'><strong>“(iani</strong></span> <span class='ocrx_word' id='word_1_29' title='bbox 3618 447 3705 485; x_wconf 61' lang='lat' dir='ltr'><strong>iam.</strong></span> 
     </span>
    </p>
   </div>
   <div class='ocr_carea' id='block_1_5' title="bbox 567 464 3708 555">
    <p class='ocr_par' dir='ltr' id='par_1_5' title="bbox 567 464 3708 555">
     <span class='ocr_line' id='line_1_5' title="bbox 567 464 3708 555; baseline 0.007 -34"><span class='ocrx_word' id='word_1_30' title='bbox 567 464 850 538; x_wconf 83' lang='lat' dir='ltr'><strong>Abripitur</strong></span> <span class='ocrx_word' id='word_1_31' title='bbox 871 472 997 526; x_wconf 83' lang='lat' dir='ltr'><strong>saevi</strong></span> <span class='ocrx_word' id='word_1_32' title='bbox 1029 473 1242 528; x_wconf 87' lang='lat' dir='ltr'><strong>tandem</strong></span> <span class='ocrx_word' id='word_1_33' title='bbox 1268 476 1333 530; x_wconf 89' lang='lat' dir='ltr'><strong>de</strong></span> <span class='ocrx_word' id='word_1_34' title='bbox 1360 475 1512 532; x_wconf 90' lang='lat' dir='ltr'><strong>fauce</strong></span> <span class='ocrx_word' id='word_1_35' title='bbox 1546 476 1737 541; x_wconf 89' lang='lat' dir='ltr'><strong>leonis,</strong></span> <span class='ocrx_word' id='word_1_36' title='bbox 2321 481 2485 555; x_wconf 70' lang='lat' dir='ltr'><strong>tyris;</strong></span> <span class='ocrx_word' id='word_1_37' title='bbox 2512 464 2653 555; x_wconf 44' lang='lat' dir='ltr'><strong>&quot;2;qu</strong></span> <span class='ocrx_word' id='word_1_38' title='bbox 2674 464 2929 555; x_wconf 51' lang='lat' dir='ltr'><strong>tripertitis</strong></span> <span class='ocrx_word' id='word_1_39' title='bbox 2949 464 3013 538; x_wconf 55' lang='lat' dir='ltr'><strong>ii.</strong></span> <span class='ocrx_word' id='word_1_40' title='bbox 3035 464 3395 553; x_wconf 41' lang='lat'><strong>$555525}</strong></span> 
     </span>
    </p>
   </div>
   <div class='ocr_carea' id='block_1_6' title="bbox 568 551 2099 637">
    <p class='ocr_par' dir='ltr' id='par_1_6' title="bbox 568 555 2065 637">
     <span class='ocr_line' id='line_1_6' title="bbox 568 555 2065 637; baseline 0.006 -25"><span class='ocrx_word' id='word_1_41' title='bbox 568 555 627 612; x_wconf 74' lang='lat' dir='ltr'><strong>In</strong></span> <span class='ocrx_word' id='word_1_42' title='bbox 659 556 925 627; x_wconf 87' lang='lat' dir='ltr'><strong>reliquum</strong></span> <span class='ocrx_word' id='word_1_43' title='bbox 951 575 1158 631; x_wconf 86' lang='lat' dir='ltr'><strong>sospes,</strong></span> <span class='ocrx_word' id='word_1_44' title='bbox 1186 564 1380 621; x_wconf 88' lang='lat' dir='ltr'><strong>collato</strong></span> <span class='ocrx_word' id='word_1_45' title='bbox 1413 582 1652 628; x_wconf 89' lang='lat' dir='ltr'><strong>munere,</strong></span> <span class='ocrx_word' id='word_1_46' title='bbox 1687 580 1915 637; x_wconf 79' lang='lat' dir='ltr'><strong>tempus.</strong></span> <span class='ocrx_word' id='word_1_47' title='bbox 2058 630 2065 637; x_wconf 39' lang='grc' dir='ltr'><strong>ο</strong></span> 
     </span>
    </p>
   </div>
   <div class='ocr_carea' id='block_1_7' title="bbox 1799 551 3330 637">
    <p class='ocr_par' dir='ltr' id='par_1_7' title="bbox 1799 551 3330 637">
     <span class='ocr_line' id='line_1_7' title="bbox 1799 551 3330 637; baseline 0.006 -36"><span class='ocrx_word' id='word_1_48' title='bbox 1799 582 1915 637; x_wconf 51' lang='grc' dir='ltr'><strong>ρης,</strong></span> <span class='ocrx_word' id='word_1_49' title='bbox 2323 551 2537 622; x_wconf 77' lang='lat' dir='ltr'><strong>novefa;</strong></span> <span class='ocrx_word' id='word_1_50' title='bbox 2565 551 2693 622; x_wconf 72' lang='lat' dir='ltr'><strong>felix</strong></span> <span class='ocrx_word' id='word_1_51' title='bbox 2722 553 2937 609; x_wconf 80' lang='lat' dir='ltr'><strong>reditus.</strong></span> <span class='ocrx_word' id='word_1_52' title='bbox 3310 564 3330 579; x_wconf 83' lang='lat'><strong>‘</strong></span> 
     </span>
    </p>
   </div>
   <div class='ocr_carea' id='block_1_8' title="bbox 3616 205 3793 297">
    <p class='ocr_par' dir='ltr' id='par_1_8' title="bbox 3616 205 3793 297">
     <span class='ocr_line' id='line_1_8' title="bbox 3616 205 3793 297; baseline 0 -35"><span class='ocrx_word' id='word_1_53' title='bbox 3616 205 3707 269; x_wconf 82' lang='lat' dir='ltr'><strong>lito</strong></span> <span class='ocrx_word' id='word_1_54' title='bbox 3792 280 3793 297; x_wconf 22' lang='lat'>1</span> 
     </span>
    </p>
   </div>
   <div class='ocr_carea' id='block_1_9' title="bbox 645 646 3462 738">
    <p class='ocr_par' dir='ltr' id='par_1_9' title="bbox 645 646 3462 738">
     <span class='ocr_line' id='line_1_9' title="bbox 645 646 3462 738; baseline 0.008 -37"><span class='ocrx_word' id='word_1_55' title='bbox 645 646 766 703; x_wconf 90' lang='grc'><strong>108.</strong></span> <span class='ocrx_word' id='word_1_56' title='bbox 799 646 854 701; x_wconf 92' lang='lat' dir='ltr'><strong>In</strong></span> <span class='ocrx_word' id='word_1_57' title='bbox 884 648 1267 721; x_wconf 77' lang='lat' dir='ltr'><strong>Lugdunenses</strong></span> <span class='ocrx_word' id='word_1_58' title='bbox 1291 657 1461 727; x_wconf 62' lang='lat' dir='ltr'><strong>aequis</strong></span> <span class='ocrx_word' id='word_1_59' title='bbox 1485 658 1829 728; x_wconf 81' lang='lat' dir='ltr'><strong>processibus</strong></span> <span class='ocrx_word' id='word_1_60' title='bbox 1855 673 2010 713; x_wconf 90' lang='lat' dir='ltr'><strong>arces</strong></span> <span class='ocrx_word' id='word_1_61' title='bbox 2252 661 2476 720; x_wconf 88' lang='lat' dir='ltr'><strong>Nescius</strong></span> <span class='ocrx_word' id='word_1_62' title='bbox 2502 666 2795 722; x_wconf 88' lang='lat' dir='ltr'><strong>immunem</strong></span> <span class='ocrx_word' id='word_1_63' title='bbox 2819 666 3031 722; x_wconf 82' lang='lat' dir='ltr'><strong>sudoris</strong></span> <span class='ocrx_word' id='word_1_64' title='bbox 3053 667 3190 723; x_wconf 90' lang='lat' dir='ltr'><strong>inire</strong></span> <span class='ocrx_word' id='word_1_65' title='bbox 3215 668 3462 738; x_wconf 84' lang='lat' dir='ltr'><strong>quietem,</strong></span> 
     </span>
    </p>
   </div>
   <div class='ocr_carea' id='block_1_10' title="bbox 574 735 3589 829">
    <p class='ocr_par' dir='ltr' id='par_1_10' title="bbox 574 735 3589 829">
     <span class='ocr_line' id='line_1_10' title="bbox 574 735 3589 829; baseline 0.009 -36"><span class='ocrx_word' id='word_1_66' title='bbox 574 735 732 829; x_wconf 51' lang='lat' dir='ltr'><strong>Yexit</strong></span> <span class='ocrx_word' id='word_1_67' title='bbox 754 739 913 805; x_wconf 82' lang='lat' dir='ltr'><strong>Arar,</strong></span> <span class='ocrx_word' id='word_1_68' title='bbox 940 741 1200 801; x_wconf 78' lang='lat' dir='ltr'><strong>Rhodano</strong></span> <span class='ocrx_word' id='word_1_69' title='bbox 1228 761 1346 803; x_wconf 86' lang='lat' dir='ltr'><strong>sese</strong></span> <span class='ocrx_word' id='word_1_70' title='bbox 1370 750 1468 804; x_wconf 87' lang='lat' dir='ltr'><strong>sub</strong></span> <span class='ocrx_word' id='word_1_71' title='bbox 1494 751 1761 805; x_wconf 78' lang='lat' dir='ltr'><strong>mtenibus</strong></span> <span class='ocrx_word' id='word_1_72' title='bbox 1782 750 1988 806; x_wconf 85' lang='lat' dir='ltr'><strong>abdens</strong></span> <span class='ocrx_word' id='word_1_73' title='bbox 2251 754 2525 810; x_wconf 77' lang='lat' dir='ltr'><strong>Arvernae</strong></span> <span class='ocrx_word' id='word_1_74' title='bbox 2546 758 2815 825; x_wconf 87' lang='lat' dir='ltr'><strong>quondam</strong></span> <span class='ocrx_word' id='word_1_75' title='bbox 2842 757 3036 828; x_wconf 70' lang='lat' dir='ltr'><strong>praesul</strong></span> <span class='ocrx_word' id='word_1_76' title='bbox 3066 735 3380 829; x_wconf 79' lang='lat' dir='ltr'><strong>progressus</strong></span> <span class='ocrx_word' id='word_1_77' title='bbox 3406 735 3456 816; x_wconf 89' lang='lat' dir='ltr'><strong>in</strong></span> <span class='ocrx_word' id='word_1_78' title='bbox 3477 778 3589 828; x_wconf 78' lang='lat' dir='ltr'><strong>oras,</strong></span> 
     </span>
    </p>
   </div>
   <div class='ocr_carea' id='block_1_11' title="bbox 570 826 3356 920">
    <p class='ocr_par' dir='ltr' id='par_1_11' title="bbox 570 826 3356 920">
     <span class='ocr_line' id='line_1_11' title="bbox 570 826 3356 920; baseline 0.008 -37"><span class='ocrx_word' id='word_1_79' title='bbox 570 826 832 899; x_wconf 84' lang='lat' dir='ltr'><strong>Lugduno</strong></span> <span class='ocrx_word' id='word_1_80' title='bbox 858 832 1134 889; x_wconf 87' lang='lat' dir='ltr'><strong>celebrant</strong></span> <span class='ocrx_word' id='word_1_81' title='bbox 1159 837 1431 894; x_wconf 84' lang='lat' dir='ltr'><strong>Gallorum</strong></span> <span class='ocrx_word' id='word_1_82' title='bbox 1464 838 1663 895; x_wconf 89' lang='lat' dir='ltr'><strong>famine</strong></span> <span class='ocrx_word' id='word_1_83' title='bbox 1688 855 1882 896; x_wconf 90' lang='lat' dir='ltr'><strong>nomen</strong></span> <span class='ocrx_word' id='word_1_84' title='bbox 2252 842 2309 898; x_wconf 90' lang='lat' dir='ltr'><strong>ln</strong></span> <span class='ocrx_word' id='word_1_85' title='bbox 2337 843 2704 903; x_wconf 81' lang='lat' dir='ltr'><strong>Brivafensem</strong></span> <span class='ocrx_word' id='word_1_86' title='bbox 2733 826 2882 903; x_wconf 82' lang='lat' dir='ltr'><strong>ﬂexit</strong></span> <span class='ocrx_word' id='word_1_87' title='bbox 2908 826 3130 920; x_wconf 80' lang='lat' dir='ltr'><strong>vestigia</strong></span> <span class='ocrx_word' id='word_1_88' title='bbox 3157 826 3356 906; x_wconf 75' lang='lat' dir='ltr'><strong>vicum.</strong></span> 
     </span>
    </p>
   </div>
   <div class='ocr_carea' id='block_1_12' title="bbox 572 919 3566 1011">
    <p class='ocr_par' dir='ltr' id='par_1_12' title="bbox 572 919 3566 1011">
     <span class='ocr_line' id='line_1_12' title="bbox 572 919 3566 1011; baseline 0.008 -35"><span class='ocrx_word' id='word_1_89' title='bbox 572 919 886 1011; x_wconf 63' lang='lat' dir='ltr'><strong>impositum</strong></span> <span class='ocrx_word' id='word_1_90' title='bbox 916 927 1206 994; x_wconf 91' lang='lat' dir='ltr'><strong>quondam,</strong></span> <span class='ocrx_word' id='word_1_91' title='bbox 1235 931 1376 1000; x_wconf 88' lang='lat' dir='ltr'><strong>quod</strong></span> <span class='ocrx_word' id='word_1_92' title='bbox 1406 931 1474 985; x_wconf 89' lang='lat' dir='ltr'><strong>sit</strong></span> <span class='ocrx_word' id='word_1_93' title='bbox 1497 946 1651 986; x_wconf 89' lang='lat' dir='ltr'><strong>mons</strong></span> <span class='ocrx_word' id='word_1_94' title='bbox 1676 932 1886 988; x_wconf 89' lang='lat' dir='ltr'><strong>lucidus</strong></span> <span class='ocrx_word' id='word_1_95' title='bbox 1909 933 2048 988; x_wconf 88' lang='lat' dir='ltr'><strong>idem</strong></span> <span class='ocrx_word' id='word_1_96' title='bbox 2067 946 2115 987; x_wconf 77' lang='grc' dir='ltr'><strong>ι.</strong></span> <span class='ocrx_word' id='word_1_97' title='bbox 2253 933 2372 1000; x_wconf 74' lang='lat' dir='ltr'><strong>llic,</strong></span> <span class='ocrx_word' id='word_1_98' title='bbox 2406 946 2610 1008; x_wconf 83' lang='lat' dir='ltr'><strong>martyr</strong></span> <span class='ocrx_word' id='word_1_99' title='bbox 2628 937 2859 1004; x_wconf 82' lang='lat' dir='ltr'><strong>Juliane,</strong></span> <span class='ocrx_word' id='word_1_100' title='bbox 2892 939 2986 995; x_wconf 91' lang='lat' dir='ltr'><strong>tibi</strong></span> <span class='ocrx_word' id='word_1_101' title='bbox 3021 919 3119 1011; x_wconf 81' lang='lat' dir='ltr'><strong>pro</strong></span> <span class='ocrx_word' id='word_1_102' title='bbox 3146 943 3365 998; x_wconf 88' lang='lat' dir='ltr'><strong>nomine</strong></span> <span class='ocrx_word' id='word_1_103' title='bbox 3389 958 3566 1001; x_wconf 82' lang='lat' dir='ltr'><strong>summo</strong></span> 
     </span>
    </p>
   </div>
   <div class='ocr_carea' id='block_1_13' title="bbox 574 1008 3522 1105">
    <p class='ocr_par' dir='ltr' id='par_1_13' title="bbox 574 1008 3522 1105">
     <span class='ocr_line' id='line_1_13' title="bbox 574 1008 3522 1105; baseline 0.01 -41"><span class='ocrx_word' id='word_1_104' title='bbox 574 1008 869 1083; x_wconf 73' lang='lat' dir='ltr'><strong>Eiiceptum</strong></span> <span class='ocrx_word' id='word_1_105' title='bbox 906 1017 1100 1073; x_wconf 89' lang='lat' dir='ltr'><strong>studiis</strong></span> <span class='ocrx_word' id='word_1_106' title='bbox 1131 1019 1312 1089; x_wconf 83' lang='lat' dir='ltr'><strong>plebes</strong></span> <span class='ocrx_word' id='word_1_107' title='bbox 1334 1022 1678 1092; x_wconf 87' lang='lat' dir='ltr'><strong>amplectitur</strong></span> <span class='ocrx_word' id='word_1_108' title='bbox 1702 1023 1871 1093; x_wconf 72' lang='lat' dir='ltr'><strong>mquis</strong></span> <span class='ocrx_word' id='word_1_109' title='bbox 1899 1042 1912 1078; x_wconf 89' lang='lat'><strong>:</strong></span> <span class='ocrx_word' id='word_1_110' title='bbox 2255 1027 2416 1084; x_wconf 83' lang='lat' dir='ltr'><strong>Millia</strong></span> <span class='ocrx_word' id='word_1_111' title='bbox 2445 1044 2726 1100; x_wconf 72' lang='lat' dir='ltr'><strong>ptenarum</strong></span> <span class='ocrx_word' id='word_1_112' title='bbox 2751 1008 3055 1088; x_wconf 75' lang='lat' dir='ltr'><strong>truculento</strong></span> <span class='ocrx_word' id='word_1_113' title='bbox 3091 1044 3333 1105; x_wconf 88' lang='lat' dir='ltr'><strong>tempore</strong></span> <span class='ocrx_word' id='word_1_114' title='bbox 3368 1051 3522 1105; x_wconf 84' lang='lat' dir='ltr'><strong>passo,</strong></span> 
     </span>
    </p>
   </div>
   <div class='ocr_carea' id='block_1_14' title="bbox 576 1100 3559 1194">
    <p class='ocr_par' dir='ltr' id='par_1_14' title="bbox 576 1100 3559 1194">
     <span class='ocr_line' id='line_1_14' title="bbox 576 1100 3559 1194; baseline 0.008 -38"><span class='ocrx_word' id='word_1_115' title='bbox 576 1100 736 1158; x_wconf 71' lang='lat' dir='ltr'><strong>Etas</strong></span> <span class='ocrx_word' id='word_1_116' title='bbox 764 1113 953 1160; x_wconf 75' lang='lat' dir='ltr'><strong>cuncta</strong></span> <span class='ocrx_word' id='word_1_117' title='bbox 987 1107 1095 1162; x_wconf 88' lang='lat' dir='ltr'><strong>ruit</strong></span> <span class='ocrx_word' id='word_1_118' title='bbox 1122 1124 1137 1163; x_wconf 92' lang='lat'><strong>:</strong></span> <span class='ocrx_word' id='word_1_119' title='bbox 1166 1125 1330 1167; x_wconf 78' lang='lat' dir='ltr'><strong>sexus</strong></span> <span class='ocrx_word' id='word_1_120' title='bbox 1358 1113 1632 1168; x_wconf 86' lang='lat' dir='ltr'><strong>concurrit</strong></span> <span class='ocrx_word' id='word_1_121' title='bbox 1658 1121 1906 1185; x_wconf 88' lang='lat' dir='ltr'><strong>uterque.</strong></span> <span class='ocrx_word' id='word_1_122' title='bbox 2255 1117 2410 1174; x_wconf 84' lang='lat' dir='ltr'><strong>Haud</strong></span> <span class='ocrx_word' id='word_1_123' title='bbox 2447 1120 2664 1190; x_wconf 88' lang='lat' dir='ltr'><strong>impune</strong></span> <span class='ocrx_word' id='word_1_124' title='bbox 2690 1123 2845 1177; x_wconf 88' lang='lat' dir='ltr'><strong>bonis</strong></span> <span class='ocrx_word' id='word_1_125' title='bbox 2873 1138 3087 1194; x_wconf 88' lang='lat' dir='ltr'><strong>semper</strong></span> <span class='ocrx_word' id='word_1_126' title='bbox 3109 1100 3308 1179; x_wconf 75' lang='lat' dir='ltr'><strong>obnixa</strong></span> <span class='ocrx_word' id='word_1_127' title='bbox 3336 1100 3559 1194; x_wconf 77' lang='lat' dir='ltr'><strong>vetustas,</strong></span> 
     </span>
    </p>
   </div>
   <div class='ocr_carea' id='block_1_15' title="bbox 578 1192 3552 1287">
    <p class='ocr_par' dir='ltr' id='par_1_15' title="bbox 578 1192 3552 1287">
     <span class='ocr_line' id='line_1_15' title="bbox 578 1192 3552 1287; baseline 0.008 -39"><span class='ocrx_word' id='word_1_128' title='bbox 578 1192 825 1268; x_wconf 89' lang='lat' dir='ltr'><strong>Tangere</strong></span> <span class='ocrx_word' id='word_1_129' title='bbox 848 1216 947 1257; x_wconf 91' lang='lat' dir='ltr'><strong>nec</strong></span> <span class='ocrx_word' id='word_1_130' title='bbox 980 1211 1218 1273; x_wconf 89' lang='lat' dir='ltr'><strong>tantum;</strong></span> <span class='ocrx_word' id='word_1_131' title='bbox 1239 1207 1395 1278; x_wconf 86' lang='lat' dir='ltr'><strong>juvat</strong></span> <span class='ocrx_word' id='word_1_132' title='bbox 1422 1210 1698 1279; x_wconf 82' lang='lat' dir='ltr'><strong>aspexisse</strong></span> <span class='ocrx_word' id='word_1_133' title='bbox 1726 1207 2054 1279; x_wconf 88' lang='lat' dir='ltr'><strong>frequenter.</strong></span> <span class='ocrx_word' id='word_1_134' title='bbox 2255 1210 2499 1265; x_wconf 83' lang='lat' dir='ltr'><strong>Detrain</strong></span> <span class='ocrx_word' id='word_1_135' title='bbox 2528 1211 2656 1266; x_wconf 84' lang='lat' dir='ltr'><strong>celsi</strong></span> <span class='ocrx_word' id='word_1_136' title='bbox 2683 1214 2879 1282; x_wconf 87' lang='lat' dir='ltr'><strong>passim</strong></span> <span class='ocrx_word' id='word_1_137' title='bbox 2906 1192 3259 1271; x_wconf 75' lang='lat' dir='ltr'><strong>monumenta</strong></span> <span class='ocrx_word' id='word_1_138' title='bbox 3287 1216 3552 1287; x_wconf 84' lang='lat' dir='ltr'><strong>triumphi:</strong></span> 
     </span>
    </p>
   </div>
   <div class='ocr_carea' id='block_1_16' title="bbox 577 1284 3548 1379">
    <p class='ocr_par' dir='ltr' id='par_1_16' title="bbox 577 1284 3548 1379">
     <span class='ocr_line' id='line_1_16' title="bbox 577 1284 3548 1379; baseline 0.007 -37"><span class='ocrx_word' id='word_1_139' title='bbox 577 1284 827 1346; x_wconf 86' lang='lat' dir='ltr'><strong>Procedit</strong></span> <span class='ocrx_word' id='word_1_140' title='bbox 854 1296 1062 1351; x_wconf 91' lang='lat' dir='ltr'><strong>cunctis</strong></span> <span class='ocrx_word' id='word_1_141' title='bbox 1090 1297 1394 1356; x_wconf 88' lang='lat' dir='ltr'><strong>benedictio</strong></span> <span class='ocrx_word' id='word_1_142' title='bbox 1424 1302 1581 1373; x_wconf 90' lang='lat' dir='ltr'><strong>plena</strong></span> <span class='ocrx_word' id='word_1_143' title='bbox 1617 1301 1839 1369; x_wconf 88' lang='lat' dir='ltr'><strong>salutis;</strong></span> <span class='ocrx_word' id='word_1_144' title='bbox 2255 1301 2324 1358; x_wconf 90' lang='lat' dir='ltr'><strong>Et</strong></span> <span class='ocrx_word' id='word_1_145' title='bbox 2352 1317 2659 1373; x_wconf 86' lang='lat' dir='ltr'><strong>quanquam</strong></span> <span class='ocrx_word' id='word_1_146' title='bbox 2688 1302 2866 1361; x_wconf 88' lang='lat' dir='ltr'><strong>clarus</strong></span> <span class='ocrx_word' id='word_1_147' title='bbox 2887 1303 3096 1361; x_wconf 88' lang='lat' dir='ltr'><strong>famoso</strong></span> <span class='ocrx_word' id='word_1_148' title='bbox 3125 1306 3345 1361; x_wconf 89' lang='lat' dir='ltr'><strong>nomine</strong></span> <span class='ocrx_word' id='word_1_149' title='bbox 3371 1284 3548 1379; x_wconf 77' lang='lat' dir='ltr'><strong>martyr</strong></span> 
     </span>
    </p>
   </div>
   <div class='ocr_carea' id='block_1_17' title="bbox 579 1380 3541 1465">
    <p class='ocr_par' dir='ltr' id='par_1_17' title="bbox 579 1380 3541 1465">
     <span class='ocr_line' id='line_1_17' title="bbox 579 1380 3541 1465; baseline 0.007 -31"><span class='ocrx_word' id='word_1_150' title='bbox 579 1380 717 1436; x_wconf 89' lang='lat' dir='ltr'><strong>Tum</strong></span> <span class='ocrx_word' id='word_1_151' title='bbox 748 1383 947 1441; x_wconf 84' lang='lat' dir='ltr'><strong>relevat</strong></span> <span class='ocrx_word' id='word_1_152' title='bbox 978 1399 1133 1459; x_wconf 89' lang='lat' dir='ltr'><strong>grato</strong></span> <span class='ocrx_word' id='word_1_153' title='bbox 1165 1403 1479 1450; x_wconf 88' lang='lat' dir='ltr'><strong>cunctorum</strong></span> <span class='ocrx_word' id='word_1_154' title='bbox 1509 1404 1726 1465; x_wconf 88' lang='lat' dir='ltr'><strong>pectora</strong></span> <span class='ocrx_word' id='word_1_155' title='bbox 1757 1393 1948 1459; x_wconf 87' lang='lat' dir='ltr'><strong>verbo;</strong></span> <span class='ocrx_word' id='word_1_156' title='bbox 2258 1392 2400 1450; x_wconf 88' lang='lat' dir='ltr'><strong>Solis</strong></span> <span class='ocrx_word' id='word_1_157' title='bbox 2435 1393 2505 1448; x_wconf 90' lang='lat' dir='ltr'><strong>ab</strong></span> <span class='ocrx_word' id='word_1_158' title='bbox 2532 1410 2727 1451; x_wconf 89' lang='lat' dir='ltr'><strong>occasu</strong></span> <span class='ocrx_word' id='word_1_159' title='bbox 2748 1394 2860 1464; x_wconf 85' lang='lat' dir='ltr'><strong>jam</strong></span> <span class='ocrx_word' id='word_1_160' title='bbox 2890 1405 3001 1452; x_wconf 91' lang='lat' dir='ltr'><strong>tum</strong></span> <span class='ocrx_word' id='word_1_161' title='bbox 3029 1396 3255 1453; x_wconf 88' lang='lat' dir='ltr'><strong>ferreris</strong></span> <span class='ocrx_word' id='word_1_162' title='bbox 3278 1398 3331 1453; x_wconf 89' lang='lat' dir='ltr'><strong>in</strong></span> <span class='ocrx_word' id='word_1_163' title='bbox 3356 1408 3541 1465; x_wconf 85' lang='lat' dir='ltr'><strong>ortum;</strong></span> 
     </span>
    </p>
   </div>
   <div class='ocr_carea' id='block_1_18' title="bbox 580 1469 3474 1559">
    <p class='ocr_par' dir='ltr' id='par_1_18' title="bbox 580 1469 3474 1559">
     <span class='ocr_line' id='line_1_18' title="bbox 580 1469 3474 1559; baseline 0.007 -35"><span class='ocrx_word' id='word_1_164' title='bbox 580 1469 648 1525; x_wconf 87' lang='lat' dir='ltr'><strong>Et</strong></span> <span class='ocrx_word' id='word_1_165' title='bbox 667 1488 973 1545; x_wconf 87' lang='lat' dir='ltr'><strong>quanquam</strong></span> <span class='ocrx_word' id='word_1_166' title='bbox 1002 1478 1231 1538; x_wconf 89' lang='lat' dir='ltr'><strong>festinus</strong></span> <span class='ocrx_word' id='word_1_167' title='bbox 1259 1497 1365 1550; x_wconf 88' lang='lat' dir='ltr'><strong>eat,</strong></span> <span class='ocrx_word' id='word_1_168' title='bbox 1398 1485 1633 1541; x_wconf 85' lang='lat' dir='ltr'><strong>sitientia</strong></span> <span class='ocrx_word' id='word_1_169' title='bbox 1661 1496 1828 1552; x_wconf 88' lang='lat' dir='ltr'><strong>certe,</strong></span> <span class='ocrx_word' id='word_1_170' title='bbox 2258 1476 2372 1541; x_wconf 83' lang='lat' dir='ltr'><strong>Hoc</strong></span> <span class='ocrx_word' id='word_1_171' title='bbox 2399 1496 2546 1541; x_wconf 90' lang='lat' dir='ltr'><strong>certe</strong></span> <span class='ocrx_word' id='word_1_172' title='bbox 2565 1487 2819 1558; x_wconf 85' lang='lat' dir='ltr'><strong>quiddam</strong></span> <span class='ocrx_word' id='word_1_173' title='bbox 2842 1486 3022 1544; x_wconf 87' lang='lat' dir='ltr'><strong>fueras</strong></span> <span class='ocrx_word' id='word_1_174' title='bbox 3041 1490 3331 1545; x_wconf 89' lang='lat' dir='ltr'><strong>obscurior</strong></span> <span class='ocrx_word' id='word_1_175' title='bbox 3347 1490 3474 1559; x_wconf 89' lang='lat' dir='ltr'><strong>ipso,</strong></span> 
     </span>
    </p>
   </div>
   <div class='ocr_carea' id='block_1_19' title="bbox 581 1560 3487 1649">
    <p class='ocr_par' dir='ltr' id='par_1_19' title="bbox 581 1560 3487 1649">
     <span class='ocr_line' id='line_1_19' title="bbox 581 1560 3487 1649; baseline 0.007 -32"><span class='ocrx_word' id='word_1_176' title='bbox 581 1560 734 1628; x_wconf 85' lang='lat' dir='ltr'><strong>Quod</strong></span> <span class='ocrx_word' id='word_1_177' title='bbox 758 1567 890 1623; x_wconf 87' lang='lat' dir='ltr'><strong>satis</strong></span> <span class='ocrx_word' id='word_1_178' title='bbox 915 1579 1019 1635; x_wconf 88' lang='lat' dir='ltr'><strong>est,</strong></span> <span class='ocrx_word' id='word_1_179' title='bbox 1054 1573 1255 1629; x_wconf 85' lang='lat' dir='ltr'><strong>relevat</strong></span> <span class='ocrx_word' id='word_1_180' title='bbox 1284 1577 1455 1631; x_wconf 83' lang='lat' dir='ltr'><strong>vivaci</strong></span> <span class='ocrx_word' id='word_1_181' title='bbox 1484 1577 1732 1647; x_wconf 88' lang='lat' dir='ltr'><strong>dogmate</strong></span> <span class='ocrx_word' id='word_1_182' title='bbox 1759 1576 1942 1631; x_wconf 86' lang='lat' dir='ltr'><strong>corda.</strong></span> <span class='ocrx_word' id='word_1_183' title='bbox 2189 1638 2230 1649; x_wconf 37' lang='grc' dir='ltr'><strong>,ι</strong></span> <span class='ocrx_word' id='word_1_184' title='bbox 2262 1574 2488 1647; x_wconf 86' lang='lat' dir='ltr'><strong>Semper</strong></span> <span class='ocrx_word' id='word_1_185' title='bbox 2512 1578 2811 1634; x_wconf 90' lang='lat' dir='ltr'><strong>honorandi</strong></span> <span class='ocrx_word' id='word_1_186' title='bbox 2841 1581 2980 1649; x_wconf 88' lang='lat' dir='ltr'><strong>quod</strong></span> <span class='ocrx_word' id='word_1_187' title='bbox 3007 1579 3161 1649; x_wconf 83' lang='lat' dir='ltr'><strong>plebs</strong></span> <span class='ocrx_word' id='word_1_188' title='bbox 3182 1580 3347 1636; x_wconf 89' lang='lat' dir='ltr'><strong>oblita</strong></span> <span class='ocrx_word' id='word_1_189' title='bbox 3374 1581 3487 1642; x_wconf 84' lang='lat' dir='ltr'><strong>diei.</strong></span> 
     </span>
    </p>
   </div>
   <div class='ocr_carea' id='block_1_20' title="bbox 655 1638 3558 1738">
    <p class='ocr_par' dir='ltr' id='par_1_20' title="bbox 655 1638 3558 1738">
     <span class='ocr_line' id='line_1_20' title="bbox 655 1638 3558 1738; baseline 0.007 -30"><span class='ocrx_word' id='word_1_190' title='bbox 655 1654 775 1711; x_wconf 85' lang='grc'><strong>109.</strong></span> <span class='ocrx_word' id='word_1_191' title='bbox 809 1656 926 1713; x_wconf 80' lang='lat' dir='ltr'><strong>Jam</strong></span> <span class='ocrx_word' id='word_1_192' title='bbox 954 1662 1151 1717; x_wconf 90' lang='lat' dir='ltr'><strong>dudum</strong></span> <span class='ocrx_word' id='word_1_193' title='bbox 1181 1665 1435 1736; x_wconf 86' lang='lat' dir='ltr'><strong>gravibus</strong></span> <span class='ocrx_word' id='word_1_194' title='bbox 1459 1638 1765 1738; x_wconf 71' lang='lat' dir='ltr'><strong>quamquam</strong></span> <span class='ocrx_word' id='word_1_195' title='bbox 1796 1667 1981 1723; x_wconf 89' lang='lat' dir='ltr'><strong>dilatio</strong></span> <span class='ocrx_word' id='word_1_196' title='bbox 2020 1667 2159 1723; x_wconf 88' lang='lat' dir='ltr'><strong>votis</strong></span> <span class='ocrx_word' id='word_1_197' title='bbox 2189 1638 2234 1698; x_wconf 73' lang='grc' dir='ltr'>Β</span> <span class='ocrx_word' id='word_1_198' title='bbox 2266 1638 2417 1724; x_wconf 73' lang='lat' dir='ltr'><strong>Haud</strong></span> <span class='ocrx_word' id='word_1_199' title='bbox 2455 1670 2548 1726; x_wconf 90' lang='lat' dir='ltr'><strong>tibi</strong></span> <span class='ocrx_word' id='word_1_200' title='bbox 2576 1681 2723 1727; x_wconf 91' lang='lat' dir='ltr'><strong>certa</strong></span> <span class='ocrx_word' id='word_1_201' title='bbox 2752 1638 2915 1728; x_wconf 76' lang='lat' dir='ltr'><strong>dabat</strong></span> <span class='ocrx_word' id='word_1_202' title='bbox 2943 1638 3142 1729; x_wconf 81' lang='lat' dir='ltr'><strong>celebri</strong></span> <span class='ocrx_word' id='word_1_203' title='bbox 3174 1674 3430 1729; x_wconf 85' lang='lat' dir='ltr'><strong>solemnia</strong></span> <span class='ocrx_word' id='word_1_204' title='bbox 3457 1638 3558 1729; x_wconf 86' lang='lat' dir='ltr'><strong>ritu.</strong></span> 
     </span>
    </p>
   </div>
   <div class='ocr_carea' id='block_1_21' title="bbox 582 1742 3479 1833">
    <p class='ocr_par' dir='ltr' id='par_1_21' title="bbox 582 1742 3479 1833">
     <span class='ocr_line' id='line_1_21' title="bbox 582 1742 3479 1833; baseline 0.006 -34"><span class='ocrx_word' id='word_1_205' title='bbox 582 1742 901 1814; x_wconf 88' lang='lat' dir='ltr'><strong>Obstiterat,</strong></span> <span class='ocrx_word' id='word_1_206' title='bbox 930 1753 1067 1808; x_wconf 92' lang='lat' dir='ltr'><strong>miro</strong></span> <span class='ocrx_word' id='word_1_207' title='bbox 1090 1757 1301 1810; x_wconf 89' lang='lat' dir='ltr'><strong>tandem</strong></span> <span class='ocrx_word' id='word_1_208' title='bbox 1333 1768 1576 1829; x_wconf 87' lang='lat' dir='ltr'><strong>raptatur</strong></span> <span class='ocrx_word' id='word_1_209' title='bbox 1604 1775 1788 1815; x_wconf 89' lang='lat' dir='ltr'><strong>amore</strong></span> <span class='ocrx_word' id='word_1_210' title='bbox 2264 1758 2380 1814; x_wconf 80' lang='lat' dir='ltr'><strong>Non</strong></span> <span class='ocrx_word' id='word_1_211' title='bbox 2412 1759 2531 1814; x_wconf 89' lang='lat' dir='ltr'><strong>tulit</strong></span> <span class='ocrx_word' id='word_1_212' title='bbox 2554 1775 2793 1817; x_wconf 89' lang='lat' dir='ltr'><strong>errorem</strong></span> <span class='ocrx_word' id='word_1_213' title='bbox 2814 1762 2984 1833; x_wconf 85' lang='lat' dir='ltr'><strong>longis</strong></span> <span class='ocrx_word' id='word_1_214' title='bbox 3009 1763 3309 1818; x_wconf 83' lang='lat' dir='ltr'><strong>inolescere</strong></span> <span class='ocrx_word' id='word_1_215' title='bbox 3335 1764 3479 1818; x_wconf 78' lang='lat' dir='ltr'><strong>sectis</strong></span> 
     </span>
    </p>
   </div>
   <div class='ocr_carea' id='block_1_22' title="bbox 582 1838 3676 1925">
    <p class='ocr_par' dir='ltr' id='par_1_22' title="bbox 582 1838 3676 1925">
     <span class='ocr_line' id='line_1_22' title="bbox 582 1838 3676 1925; baseline 0.01 -30"><span class='ocrx_word' id='word_1_216' title='bbox 582 1838 750 1895; x_wconf 89' lang='lat' dir='ltr'><strong>Obvia</strong></span> <span class='ocrx_word' id='word_1_217' title='bbox 779 1842 1070 1910; x_wconf 87' lang='lat' dir='ltr'><strong>Germano,</strong></span> <span class='ocrx_word' id='word_1_218' title='bbox 1107 1845 1241 1904; x_wconf 89' lang='lat' dir='ltr'><strong>fusis</strong></span> <span class='ocrx_word' id='word_1_219' title='bbox 1263 1863 1582 1921; x_wconf 89' lang='lat' dir='ltr'><strong>quacunque</strong></span> <span class='ocrx_word' id='word_1_220' title='bbox 1607 1854 1860 1917; x_wconf 88' lang='lat' dir='ltr'><strong>catervis,</strong></span> <span class='ocrx_word' id='word_1_221' title='bbox 2265 1849 2568 1907; x_wconf 74' lang='lat' dir='ltr'><strong>Germanus</strong></span> <span class='ocrx_word' id='word_1_222' title='bbox 2592 1853 2851 1918; x_wconf 73' lang='lat' dir='ltr'><strong>Veniens;</strong></span> <span class='ocrx_word' id='word_1_223' title='bbox 2881 1869 2943 1909; x_wconf 66' lang='lat' dir='ltr'><strong>ac</strong></span> <span class='ocrx_word' id='word_1_224' title='bbox 2975 1854 3211 1923; x_wconf 69' lang='lat' dir='ltr'><strong>Primum</strong></span> <span class='ocrx_word' id='word_1_225' title='bbox 3230 1895 3245 1917; x_wconf 75' lang='grc' dir='ltr'><strong><em>ο</em></strong></span> <span class='ocrx_word' id='word_1_226' title='bbox 3274 1862 3499 1924; x_wconf 54' lang='lat' dir='ltr'><strong>tempore</strong></span> <span class='ocrx_word' id='word_1_227' title='bbox 3516 1868 3676 1925; x_wconf 67' lang='lat' dir='ltr'><strong>quom</strong></span> 
     </span>
    </p>
   </div>
   <div class='ocr_carea' id='block_1_23' title="bbox 588 1933 3517 2017">
    <p class='ocr_par' dir='ltr' id='par_1_23' title="bbox 588 1933 3517 2017">
     <span class='ocr_line' id='line_1_23' title="bbox 588 1933 3517 2017; baseline 0.003 -28"><span class='ocrx_word' id='word_1_228' title='bbox 588 1933 726 1989; x_wconf 88' lang='lat' dir='ltr'><strong>Urbs</strong></span> <span class='ocrx_word' id='word_1_229' title='bbox 755 1936 965 1993; x_wconf 86' lang='lat' dir='ltr'><strong>Arelas.</strong></span> <span class='ocrx_word' id='word_1_230' title='bbox 996 1938 1323 2001; x_wconf 89' lang='lat' dir='ltr'><strong>Fundatoris</strong></span> <span class='ocrx_word' id='word_1_231' title='bbox 1351 1946 1681 2017; x_wconf 78' lang='lat' dir='ltr'><strong>cognomine</strong></span> <span class='ocrx_word' id='word_1_232' title='bbox 1698 1946 1858 2016; x_wconf 85' lang='lat' dir='ltr'><strong>primi</strong></span> <span class='ocrx_word' id='word_1_233' title='bbox 2268 1940 2435 1996; x_wconf 80' lang='lat' dir='ltr'><strong>Sacra</strong></span> <span class='ocrx_word' id='word_1_234' title='bbox 2465 1941 2645 1997; x_wconf 88' lang='lat' dir='ltr'><strong>ferant</strong></span> <span class='ocrx_word' id='word_1_235' title='bbox 2668 1954 2877 2009; x_wconf 82' lang='lat' dir='ltr'><strong>sancto,</strong></span> <span class='ocrx_word' id='word_1_236' title='bbox 2910 1943 3020 1999; x_wconf 90' lang='lat' dir='ltr'><strong>fatu</strong></span> <span class='ocrx_word' id='word_1_237' title='bbox 3046 1943 3317 2014; x_wconf 87' lang='lat' dir='ltr'><strong>perquirit</strong></span> <span class='ocrx_word' id='word_1_238' title='bbox 3345 1943 3517 1998; x_wconf 87' lang='lat' dir='ltr'><strong>amico.</strong></span> 
     </span>
    </p>
   </div>
   <div class='ocr_carea' id='block_1_24' title="bbox 583 2024 3427 2108">
    <p class='ocr_par' dir='ltr' id='par_1_24' title="bbox 583 2024 3427 2108">
     <span class='ocr_line' id='line_1_24' title="bbox 583 2024 3427 2108; baseline 0.001 -26"><span class='ocrx_word' id='word_1_239' title='bbox 583 2024 697 2084; x_wconf 85' lang='lat' dir='ltr'><strong>Hoc</strong></span> <span class='ocrx_word' id='word_1_240' title='bbox 725 2029 940 2087; x_wconf 85' lang='lat' dir='ltr'><strong>duxisse</strong></span> <span class='ocrx_word' id='word_1_241' title='bbox 971 2031 1147 2089; x_wconf 88' lang='lat' dir='ltr'><strong>ferunt</strong></span> <span class='ocrx_word' id='word_1_242' title='bbox 1176 2036 1383 2093; x_wconf 89' lang='lat' dir='ltr'><strong>incerto</strong></span> <span class='ocrx_word' id='word_1_243' title='bbox 1407 2048 1646 2108; x_wconf 91' lang='lat' dir='ltr'><strong>tempore</strong></span> <span class='ocrx_word' id='word_1_244' title='bbox 1675 2053 1871 2093; x_wconf 90' lang='lat' dir='ltr'><strong>nomen</strong></span> <span class='ocrx_word' id='word_1_245' title='bbox 1897 2038 1949 2093; x_wconf 76' lang='grc' dir='ltr'><strong>ιι.</strong></span> <span class='ocrx_word' id='word_1_246' title='bbox 2265 2031 2544 2087; x_wconf 88' lang='lat' dir='ltr'><strong>lndoctum</strong></span> <span class='ocrx_word' id='word_1_247' title='bbox 2571 2032 2763 2104; x_wconf 88' lang='lat' dir='ltr'><strong>vulgus</strong></span> <span class='ocrx_word' id='word_1_248' title='bbox 2787 2050 2906 2091; x_wconf 86' lang='lat' dir='ltr'><strong>sese</strong></span> <span class='ocrx_word' id='word_1_249' title='bbox 2929 2036 3140 2090; x_wconf 88' lang='lat' dir='ltr'><strong>nescire</strong></span> <span class='ocrx_word' id='word_1_250' title='bbox 3170 2033 3427 2089; x_wconf 88' lang='lat' dir='ltr'><strong>fatentur.</strong></span> 
     </span>
    </p>
   </div>
   <div class='ocr_carea' id='block_1_25' title="bbox 585 2120 2116 2199">
    <p class='ocr_par' dir='ltr' id='par_1_25' title="bbox 585 2120 1992 2199">
     <span class='ocr_line' id='line_1_25' title="bbox 585 2120 1992 2199; baseline 0.006 -23"><span class='ocrx_word' id='word_1_251' title='bbox 585 2120 685 2176; x_wconf 83' lang='lat' dir='ltr'><strong>llic</strong></span> <span class='ocrx_word' id='word_1_252' title='bbox 718 2131 844 2176; x_wconf 91' lang='lat' dir='ltr'><strong>tunc</strong></span> <span class='ocrx_word' id='word_1_253' title='bbox 872 2122 1126 2191; x_wconf 86' lang='lat' dir='ltr'><strong>Hilarius,</strong></span> <span class='ocrx_word' id='word_1_254' title='bbox 1154 2127 1279 2183; x_wconf 93' lang='lat' dir='ltr'><strong>hinc</strong></span> <span class='ocrx_word' id='word_1_255' title='bbox 1312 2144 1481 2199; x_wconf 87' lang='lat' dir='ltr'><strong>usque</strong></span> <span class='ocrx_word' id='word_1_256' title='bbox 1509 2130 1576 2184; x_wconf 89' lang='lat' dir='ltr'><strong>ad</strong></span> <span class='ocrx_word' id='word_1_257' title='bbox 1603 2130 1782 2185; x_wconf 86' lang='lat' dir='ltr'><strong>sidera</strong></span> <span class='ocrx_word' id='word_1_258' title='bbox 1808 2136 1992 2194; x_wconf 86' lang='lat' dir='ltr'><strong>notus,</strong></span> 
     </span>
    </p>
   </div>
   <div class='ocr_carea' id='block_1_26' title="bbox 2181 2120 3712 2199">
    <p class='ocr_par' dir='ltr' id='par_1_26' title="bbox 2343 2120 3712 2196">
     <span class='ocr_line' id='line_1_26' title="bbox 2343 2120 3712 2196; baseline 0.001 -20"><span class='ocrx_word' id='word_1_259' title='bbox 2343 2122 2462 2177; x_wconf 88' lang='grc'><strong>111.</strong></span> <span class='ocrx_word' id='word_1_260' title='bbox 2507 2120 2644 2179; x_wconf 86' lang='lat' dir='ltr'><strong>Tum</strong></span> <span class='ocrx_word' id='word_1_261' title='bbox 2680 2123 2860 2190; x_wconf 87' lang='lat' dir='ltr'><strong>Pater,</strong></span> <span class='ocrx_word' id='word_1_262' title='bbox 2904 2124 2947 2180; x_wconf 89' lang='lat' dir='ltr'><strong>E</strong></span> <span class='ocrx_word' id='word_1_263' title='bbox 2976 2124 3206 2181; x_wconf 90' lang='lat' dir='ltr'><strong>summis</strong></span> <span class='ocrx_word' id='word_1_264' title='bbox 3244 2124 3542 2196; x_wconf 86' lang='lat' dir='ltr'><strong>poscendum</strong></span> <span class='ocrx_word' id='word_1_265' title='bbox 3565 2123 3712 2185; x_wconf 73' lang='lat' dir='ltr'><strong>sedibus.</strong></span> 
     </span>
    </p>
   </div>
   <div class='ocr_carea' id='block_1_27' title="bbox 584 2211 3678 2291">
    <p class='ocr_par' dir='ltr' id='par_1_27' title="bbox 584 2211 3678 2291">
     <span class='ocr_line' id='line_1_27' title="bbox 584 2211 3678 2291; baseline 0.004 -25"><span class='ocrx_word' id='word_1_266' title='bbox 584 2211 835 2269; x_wconf 71' lang='lat' dir='ltr'><strong>Prazsulis</strong></span> <span class='ocrx_word' id='word_1_267' title='bbox 860 2215 1091 2272; x_wconf 80' lang='lat' dir='ltr'><strong>officium</strong></span> <span class='ocrx_word' id='word_1_268' title='bbox 1122 2218 1392 2289; x_wconf 86' lang='lat' dir='ltr'><strong>verboque</strong></span> <span class='ocrx_word' id='word_1_269' title='bbox 1413 2236 1682 2290; x_wconf 90' lang='lat' dir='ltr'><strong>manuque</strong></span> <span class='ocrx_word' id='word_1_270' title='bbox 1711 2220 1931 2291; x_wconf 82' lang='lat' dir='ltr'><strong>gerebat</strong></span> <span class='ocrx_word' id='word_1_271' title='bbox 1955 2237 1969 2275; x_wconf 89' lang='lat'><strong>:</strong></span> <span class='ocrx_word' id='word_1_272' title='bbox 3516 2214 3678 2287; x_wconf 71' lang='lat' dir='ltr'><strong>linquit.</strong></span> 
     </span>
    </p>
   </div>
   <div class='ocr_carea' id='block_1_28' title="bbox 583 2302 3658 2378">
    <p class='ocr_par' dir='ltr' id='par_1_28' title="bbox 583 2302 3658 2378">
     <span class='ocr_line' id='line_1_28' title="bbox 583 2302 3658 2378; baseline -0 -21"><span class='ocrx_word' id='word_1_273' title='bbox 583 2302 776 2374; x_wconf 87' lang='lat' dir='ltr'><strong>lgneus</strong></span> <span class='ocrx_word' id='word_1_274' title='bbox 806 2304 893 2360; x_wconf 89' lang='lat' dir='ltr'><strong>ille</strong></span> <span class='ocrx_word' id='word_1_275' title='bbox 923 2305 1048 2372; x_wconf 79' lang='lat' dir='ltr'><strong>fide,</strong></span> <span class='ocrx_word' id='word_1_276' title='bbox 1078 2308 1285 2363; x_wconf 71' lang='lat' dir='ltr'><strong>cmlesti</strong></span> <span class='ocrx_word' id='word_1_277' title='bbox 1311 2308 1513 2365; x_wconf 86' lang='lat' dir='ltr'><strong>famine</strong></span> <span class='ocrx_word' id='word_1_278' title='bbox 1541 2318 1772 2378; x_wconf 88' lang='lat' dir='ltr'><strong>torrens,</strong></span> <span class='ocrx_word' id='word_1_279' title='bbox 2339 2307 2489 2375; x_wconf 86' lang='lat' dir='ltr'><strong>Quod</strong></span> <span class='ocrx_word' id='word_1_280' title='bbox 2520 2310 2661 2378; x_wconf 89' lang='lat' dir='ltr'><strong>potis</strong></span> <span class='ocrx_word' id='word_1_281' title='bbox 2688 2308 2938 2364; x_wconf 62' lang='lat' dir='ltr'><strong>humanae</strong></span> <span class='ocrx_word' id='word_1_282' title='bbox 2964 2323 3071 2364; x_wconf 89' lang='lat' dir='ltr'><strong>non</strong></span> <span class='ocrx_word' id='word_1_283' title='bbox 3102 2317 3188 2364; x_wconf 83' lang='lat' dir='ltr'><strong>est</strong></span> <span class='ocrx_word' id='word_1_284' title='bbox 3223 2308 3511 2378; x_wconf 80' lang='lat' dir='ltr'><strong>expendere</strong></span> <span class='ocrx_word' id='word_1_285' title='bbox 3529 2305 3658 2360; x_wconf 82' lang='lat' dir='ltr'><strong>menti.</strong></span> 
     </span>
    </p>
   </div>
   <div class='ocr_carea' id='block_1_29' title="bbox 585 2392 3500 2472">
    <p class='ocr_par' dir='ltr' id='par_1_29' title="bbox 585 2392 3500 2472">
     <span class='ocr_line' id='line_1_29' title="bbox 585 2392 3500 2472; baseline 0.002 -23"><span class='ocrx_word' id='word_1_286' title='bbox 585 2392 877 2466; x_wconf 70' lang='lat' dir='ltr'><strong>Prmccptis</strong></span> <span class='ocrx_word' id='word_1_287' title='bbox 910 2411 1129 2468; x_wconf 88' lang='lat' dir='ltr'><strong>operam</strong></span> <span class='ocrx_word' id='word_1_288' title='bbox 1165 2398 1327 2456; x_wconf 84' lang='lat' dir='ltr'><strong>dabat</strong></span> <span class='ocrx_word' id='word_1_289' title='bbox 1358 2401 1630 2458; x_wconf 89' lang='lat' dir='ltr'><strong>indefesse</strong></span> <span class='ocrx_word' id='word_1_290' title='bbox 1667 2402 1844 2458; x_wconf 87' lang='lat' dir='ltr'><strong>beatis</strong></span> <span class='ocrx_word' id='word_1_291' title='bbox 1873 2402 1984 2472; x_wconf 89' lang='lat' dir='ltr'><strong>(B.,</strong></span> <span class='ocrx_word' id='word_1_292' title='bbox 2014 2401 2167 2457; x_wconf 85' lang='lat' dir='ltr'><strong>inde—</strong></span> <span class='ocrx_word' id='word_1_293' title='bbox 2269 2400 2386 2456; x_wconf 83' lang='lat' dir='ltr'><strong>Nox</strong></span> <span class='ocrx_word' id='word_1_294' title='bbox 2409 2402 2538 2466; x_wconf 87' lang='lat' dir='ltr'><strong>ruit,</strong></span> <span class='ocrx_word' id='word_1_295' title='bbox 2563 2402 2722 2472; x_wconf 89' lang='lat' dir='ltr'><strong>inque</strong></span> <span class='ocrx_word' id='word_1_296' title='bbox 2743 2418 2896 2458; x_wconf 90' lang='lat' dir='ltr'><strong>suam</strong></span> <span class='ocrx_word' id='word_1_297' title='bbox 2926 2412 3071 2459; x_wconf 77' lang='lat' dir='ltr'><strong>ctetu</strong></span> <span class='ocrx_word' id='word_1_298' title='bbox 3099 2418 3320 2459; x_wconf 88' lang='lat' dir='ltr'><strong>cessere</strong></span> <span class='ocrx_word' id='word_1_299' title='bbox 3342 2403 3500 2458; x_wconf 89' lang='lat' dir='ltr'><strong>soluto</strong></span> 
     </span>
    </p>
   </div>
   <div class='ocr_carea' id='block_1_30' title="bbox 1545 2488 3668 2565">
    <p class='ocr_par' dir='ltr' id='par_1_30' title="bbox 1545 2488 3668 2565">
     <span class='ocr_line' id='line_1_30' title="bbox 1545 2488 3668 2565; baseline 0.001 -19"><span class='ocrx_word' id='word_1_300' title='bbox 1545 2491 1758 2549; x_wconf 76' lang='lat' dir='ltr'><strong>[fessus</strong></span> <span class='ocrx_word' id='word_1_301' title='bbox 1782 2494 2024 2550; x_wconf 91' lang='lat' dir='ltr'><strong>honestis</strong></span> <span class='ocrx_word' id='word_1_302' title='bbox 2043 2494 2095 2565; x_wconf 86' lang='lat'><strong>;)</strong></span> <span class='ocrx_word' id='word_1_303' title='bbox 2271 2492 2509 2562; x_wconf 85' lang='lat' dir='ltr'><strong>Quisque</strong></span> <span class='ocrx_word' id='word_1_304' title='bbox 2537 2494 2755 2547; x_wconf 89' lang='lat' dir='ltr'><strong>domum</strong></span> <span class='ocrx_word' id='word_1_305' title='bbox 2785 2511 2799 2546; x_wconf 88' lang='lat'><strong>:</strong></span> <span class='ocrx_word' id='word_1_306' title='bbox 2832 2493 3025 2557; x_wconf 68' lang='lat' dir='ltr'><strong>praesul</strong></span> <span class='ocrx_word' id='word_1_307' title='bbox 3053 2509 3211 2549; x_wconf 90' lang='lat' dir='ltr'><strong>sacra</strong></span> <span class='ocrx_word' id='word_1_308' title='bbox 3242 2498 3504 2564; x_wconf 84' lang='lat' dir='ltr'><strong>pernoctat</strong></span> <span class='ocrx_word' id='word_1_309' title='bbox 3524 2488 3668 2549; x_wconf 62' lang='lat' dir='ltr'><strong>inde.</strong></span> 
     </span>
    </p>
   </div>
   <div class='ocr_carea' id='block_1_31' title="bbox 585 2579 3544 2656">
    <p class='ocr_par' dir='ltr' id='par_1_31' title="bbox 585 2579 3544 2656">
     <span class='ocr_line' id='line_1_31' title="bbox 585 2579 3544 2656; baseline 0.001 -21"><span class='ocrx_word' id='word_1_310' title='bbox 585 2579 704 2644; x_wconf 84' lang='lat' dir='ltr'><strong>llic,</strong></span> <span class='ocrx_word' id='word_1_311' title='bbox 736 2590 795 2636; x_wconf 90' lang='lat' dir='ltr'><strong>ut</strong></span> <span class='ocrx_word' id='word_1_312' title='bbox 823 2583 1174 2651; x_wconf 90' lang='lat' dir='ltr'><strong>apostolicum</strong></span> <span class='ocrx_word' id='word_1_313' title='bbox 1202 2584 1446 2655; x_wconf 67' lang='lat' dir='ltr'><strong>praeclari</strong></span> <span class='ocrx_word' id='word_1_314' title='bbox 1478 2586 1735 2656; x_wconf 89' lang='lat' dir='ltr'><strong>temporis</strong></span> <span class='ocrx_word' id='word_1_315' title='bbox 1762 2585 1954 2651; x_wconf 87' lang='lat' dir='ltr'><strong>instar,</strong></span> <span class='ocrx_word' id='word_1_316' title='bbox 2273 2582 2548 2655; x_wconf 90' lang='lat' dir='ltr'><strong>Luteaque</strong></span> <span class='ocrx_word' id='word_1_317' title='bbox 2568 2582 2621 2639; x_wconf 89' lang='lat' dir='ltr'><strong>in</strong></span> <span class='ocrx_word' id='word_1_318' title='bbox 2658 2585 2825 2641; x_wconf 90' lang='lat' dir='ltr'><strong>roseis</strong></span> <span class='ocrx_word' id='word_1_319' title='bbox 2856 2586 3082 2641; x_wconf 91' lang='lat' dir='ltr'><strong>rutilans</strong></span> <span class='ocrx_word' id='word_1_320' title='bbox 3108 2602 3311 2641; x_wconf 88' lang='lat' dir='ltr'><strong>aurora</strong></span> <span class='ocrx_word' id='word_1_321' title='bbox 3335 2585 3544 2656; x_wconf 87' lang='lat' dir='ltr'><strong>capillis,</strong></span> 
     </span>
    </p>
   </div>
   <div class='ocr_carea' id='block_1_32' title="bbox 587 2672 3471 2750">
    <p class='ocr_par' dir='ltr' id='par_1_32' title="bbox 587 2672 3471 2750">
     <span class='ocr_line' id='line_1_32' title="bbox 587 2672 3471 2750; baseline 0.001 -23"><span class='ocrx_word' id='word_1_322' title='bbox 587 2672 896 2743; x_wconf 85' lang='lat' dir='ltr'><strong>Excipiens,</strong></span> <span class='ocrx_word' id='word_1_323' title='bbox 930 2676 1097 2746; x_wconf 84' lang='lat' dir='ltr'><strong>prona</strong></span> <span class='ocrx_word' id='word_1_324' title='bbox 1129 2687 1373 2733; x_wconf 83' lang='lat' dir='ltr'><strong>sanctum</strong></span> <span class='ocrx_word' id='word_1_325' title='bbox 1398 2678 1594 2750; x_wconf 84' lang='lat' dir='ltr'><strong>pietate</strong></span> <span class='ocrx_word' id='word_1_326' title='bbox 1625 2678 1868 2744; x_wconf 88' lang='lat' dir='ltr'><strong>colebat,</strong></span> <span class='ocrx_word' id='word_1_327' title='bbox 2273 2673 2372 2729; x_wconf 83' lang='lat' dir='ltr'><strong>Vix</strong></span> <span class='ocrx_word' id='word_1_328' title='bbox 2406 2675 2669 2731; x_wconf 89' lang='lat' dir='ltr'><strong>matutino</strong></span> <span class='ocrx_word' id='word_1_329' title='bbox 2692 2676 3029 2732; x_wconf 90' lang='lat' dir='ltr'><strong>rubefecerat</strong></span> <span class='ocrx_word' id='word_1_330' title='bbox 3053 2678 3260 2732; x_wconf 67' lang='lat' dir='ltr'><strong>aethera</strong></span> <span class='ocrx_word' id='word_1_331' title='bbox 3291 2692 3471 2742; x_wconf 90' lang='lat' dir='ltr'><strong>curru;</strong></span> 
     </span>
    </p>
   </div>
   <div class='ocr_carea' id='block_1_33' title="bbox 584 2763 3606 2840">
    <p class='ocr_par' dir='ltr' id='par_1_33' title="bbox 584 2763 3606 2840">
     <span class='ocr_line' id='line_1_33' title="bbox 584 2763 3606 2840; baseline -0.001 -19"><span class='ocrx_word' id='word_1_332' title='bbox 584 2764 792 2821; x_wconf 79' lang='lat' dir='ltr'><strong>Affectu</strong></span> <span class='ocrx_word' id='word_1_333' title='bbox 818 2776 1047 2838; x_wconf 89' lang='lat' dir='ltr'><strong>patrem,</strong></span> <span class='ocrx_word' id='word_1_334' title='bbox 1077 2770 1255 2824; x_wconf 91' lang='lat' dir='ltr'><strong>meriti</strong></span> <span class='ocrx_word' id='word_1_335' title='bbox 1285 2769 1568 2839; x_wconf 88' lang='lat' dir='ltr'><strong>splendore</strong></span> <span class='ocrx_word' id='word_1_336' title='bbox 1593 2770 1929 2840; x_wconf 88' lang='lat' dir='ltr'><strong>magistrum.</strong></span> <span class='ocrx_word' id='word_1_337' title='bbox 2272 2763 2479 2819; x_wconf 69' lang='lat' dir='ltr'><strong>Prmsul</strong></span> <span class='ocrx_word' id='word_1_338' title='bbox 2504 2765 2688 2832; x_wconf 85' lang='lat' dir='ltr'><strong>adest;</strong></span> <span class='ocrx_word' id='word_1_339' title='bbox 2717 2781 3005 2823; x_wconf 88' lang='lat' dir='ltr'><strong>causamne</strong></span> <span class='ocrx_word' id='word_1_340' title='bbox 3032 2768 3174 2823; x_wconf 89' lang='lat' dir='ltr'><strong>Deus</strong></span> <span class='ocrx_word' id='word_1_341' title='bbox 3202 2767 3501 2838; x_wconf 89' lang='lat' dir='ltr'><strong>patefecerit</strong></span> <span class='ocrx_word' id='word_1_342' title='bbox 3519 2764 3606 2829; x_wconf 89' lang='lat' dir='ltr'><strong>ulli,</strong></span> 
     </span>
    </p>
   </div>
   <div class='ocr_carea' id='block_1_34' title="bbox 589 2856 3469 2931">
    <p class='ocr_par' dir='ltr' id='par_1_34' title="bbox 589 2856 3469 2931">
     <span class='ocr_line' id='line_1_34' title="bbox 589 2856 3469 2931; baseline 0.001 -18"><span class='ocrx_word' id='word_1_343' title='bbox 589 2857 860 2913; x_wconf 89' lang='lat' dir='ltr'><strong>Frenabat</strong></span> <span class='ocrx_word' id='word_1_344' title='bbox 887 2859 1112 2930; x_wconf 87' lang='lat' dir='ltr'><strong>rigidam</strong></span> <span class='ocrx_word' id='word_1_345' title='bbox 1137 2860 1375 2931; x_wconf 64' lang='lat' dir='ltr'><strong>praefecti</strong></span> <span class='ocrx_word' id='word_1_346' title='bbox 1405 2861 1622 2915; x_wconf 90' lang='lat' dir='ltr'><strong>nomine</strong></span> <span class='ocrx_word' id='word_1_347' title='bbox 1646 2870 1859 2931; x_wconf 86' lang='lat' dir='ltr'><strong>gentem</strong></span> <span class='ocrx_word' id='word_1_348' title='bbox 2280 2856 2430 2913; x_wconf 89' lang='lat' dir='ltr'><strong>Ultro</strong></span> <span class='ocrx_word' id='word_1_349' title='bbox 2452 2858 2788 2929; x_wconf 89' lang='lat' dir='ltr'><strong>perquirens.</strong></span> <span class='ocrx_word' id='word_1_350' title='bbox 2820 2860 3080 2931; x_wconf 80' lang='lat' dir='ltr'><strong>Expertes</strong></span> <span class='ocrx_word' id='word_1_351' title='bbox 3107 2876 3233 2916; x_wconf 89' lang='lat' dir='ltr'><strong>esse</strong></span> <span class='ocrx_word' id='word_1_352' title='bbox 3275 2862 3469 2931; x_wconf 84' lang='lat' dir='ltr'><strong>negoti,</strong></span> 
     </span>
    </p>
   </div>
   <div class='ocr_carea' id='block_1_35' title="bbox 588 2945 3575 3060">
    <p class='ocr_par' dir='ltr' id='par_1_35' title="bbox 588 2945 3575 3060">
     <span class='ocr_line' id='line_1_35' title="bbox 588 2945 3575 3060; baseline -0.001 -55"><span class='ocrx_word' id='word_1_353' title='bbox 588 2951 879 3007; x_wconf 84' lang='lat' dir='ltr'><strong>Auxiliaris</strong></span> <span class='ocrx_word' id='word_1_354' title='bbox 911 2951 1071 3017; x_wconf 89' lang='lat' dir='ltr'><strong>item;</strong></span> <span class='ocrx_word' id='word_1_355' title='bbox 1101 2953 1332 3024; x_wconf 81' lang='lat' dir='ltr'><strong>geminis</strong></span> <span class='ocrx_word' id='word_1_356' title='bbox 1359 2954 1444 3008; x_wconf 91' lang='lat' dir='ltr'><strong>cui</strong></span> <span class='ocrx_word' id='word_1_357' title='bbox 1465 2954 1688 3025; x_wconf 86' lang='lat' dir='ltr'><strong>grandia</strong></span> <span class='ocrx_word' id='word_1_358' title='bbox 1716 2954 1859 3010; x_wconf 89' lang='lat' dir='ltr'><strong>votis</strong></span> <span class='ocrx_word' id='word_1_359' title='bbox 2196 2978 2249 3060; x_wconf 24' lang='lat' dir='ltr'><strong>Ct</strong></span> <span class='ocrx_word' id='word_1_360' title='bbox 2276 2945 2409 3060; x_wconf 52' lang='lat' dir='ltr'><strong>‘S.ese</strong></span> <span class='ocrx_word' id='word_1_361' title='bbox 2429 2955 2722 3060; x_wconf 61' lang='lat' dir='ltr'><strong>testantur.</strong></span> <span class='ocrx_word' id='word_1_362' title='bbox 2753 2948 2874 3006; x_wconf 80' lang='lat' dir='ltr'><strong>Mox</strong></span> <span class='ocrx_word' id='word_1_363' title='bbox 2897 2951 3014 3060; x_wconf 69' lang='lat' dir='ltr'><strong>lucc</strong></span> <span class='ocrx_word' id='word_1_364' title='bbox 3042 2951 3095 3006; x_wconf 91' lang='lat' dir='ltr'><strong>in</strong></span> <span class='ocrx_word' id='word_1_365' title='bbox 3124 2952 3292 3006; x_wconf 85' lang='lat' dir='ltr'><strong>verba</strong></span> <span class='ocrx_word' id='word_1_366' title='bbox 3321 2949 3575 3057; x_wconf 75' lang='lat' dir='ltr'><strong>sacerdos:</strong></span> 
     </span>
    </p>
   </div>
   <div class='ocr_carea' id='block_1_36' title="bbox 588 3038 3663 3116">
    <p class='ocr_par' dir='ltr' id='par_1_36' title="bbox 588 3038 3663 3116">
     <span class='ocr_line' id='line_1_36' title="bbox 588 3038 3663 3116; baseline 0 -18"><span class='ocrx_word' id='word_1_367' title='bbox 588 3044 833 3098; x_wconf 77' lang='lat' dir='ltr'><strong>Adventu</strong></span> <span class='ocrx_word' id='word_1_368' title='bbox 859 3045 1035 3114; x_wconf 90' lang='lat' dir='ltr'><strong>magni</strong></span> <span class='ocrx_word' id='word_1_369' title='bbox 1069 3043 1328 3100; x_wconf 87' lang='lat' dir='ltr'><strong>fulserunt</strong></span> <span class='ocrx_word' id='word_1_370' title='bbox 1355 3045 1546 3115; x_wconf 86' lang='lat' dir='ltr'><strong>gaudia</strong></span> <span class='ocrx_word' id='word_1_371' title='bbox 1582 3043 1789 3112; x_wconf 87' lang='lat' dir='ltr'><strong>Patris;</strong></span> <span class='ocrx_word' id='word_1_372' title='bbox 2197 3038 2241 3060; x_wconf 71' lang='grc' dir='ltr'>υ</span> <span class='ocrx_word' id='word_1_373' title='bbox 2275 3038 2473 3096; x_wconf 84' lang='lat' dir='ltr'><strong>Mensis</strong></span> <span class='ocrx_word' id='word_1_374' title='bbox 2501 3040 2798 3111; x_wconf 89' lang='lat' dir='ltr'><strong>legitimum</strong></span> <span class='ocrx_word' id='word_1_375' title='bbox 2831 3043 3019 3099; x_wconf 89' lang='lat' dir='ltr'><strong>subeat</strong></span> <span class='ocrx_word' id='word_1_376' title='bbox 3044 3060 3209 3114; x_wconf 89' lang='lat' dir='ltr'><strong>quam</strong></span> <span class='ocrx_word' id='word_1_377' title='bbox 3243 3045 3487 3116; x_wconf 90' lang='lat' dir='ltr'><strong>septimus</strong></span> <span class='ocrx_word' id='word_1_378' title='bbox 3510 3057 3663 3101; x_wconf 82' lang='lat' dir='ltr'><strong>annum.</strong></span> 
     </span>
    </p>
   </div>
   <div class='ocr_carea' id='block_1_37' title="bbox 589 3128 3529 3206">
    <p class='ocr_par' dir='ltr' id='par_1_37' title="bbox 589 3128 3529 3206">
     <span class='ocr_line' id='line_1_37' title="bbox 589 3128 3529 3206; baseline -0.001 -18"><span class='ocrx_word' id='word_1_379' title='bbox 589 3132 681 3188; x_wconf 93' lang='lat' dir='ltr'><strong>llle</strong></span> <span class='ocrx_word' id='word_1_380' title='bbox 710 3133 809 3188; x_wconf 87' lang='lat' dir='ltr'><strong>viri</strong></span> <span class='ocrx_word' id='word_1_381' title='bbox 839 3133 1039 3189; x_wconf 92' lang='lat' dir='ltr'><strong>dudum</strong></span> <span class='ocrx_word' id='word_1_382' title='bbox 1068 3134 1227 3204; x_wconf 88' lang='lat' dir='ltr'><strong>pleno</strong></span> <span class='ocrx_word' id='word_1_383' title='bbox 1259 3134 1521 3206; x_wconf 89' lang='lat' dir='ltr'><strong>ﬂagrabat</strong></span> <span class='ocrx_word' id='word_1_384' title='bbox 1545 3149 1753 3199; x_wconf 91' lang='lat' dir='ltr'><strong>amore,</strong></span> <span class='ocrx_word' id='word_1_385' title='bbox 2274 3128 2390 3185; x_wconf 86' lang='lat' dir='ltr'><strong>Hoc</strong></span> <span class='ocrx_word' id='word_1_386' title='bbox 2412 3130 2604 3184; x_wconf 89' lang='lat' dir='ltr'><strong>scitote</strong></span> <span class='ocrx_word' id='word_1_387' title='bbox 2625 3132 2777 3200; x_wconf 89' lang='lat' dir='ltr'><strong>prius</strong></span> <span class='ocrx_word' id='word_1_388' title='bbox 2800 3132 2999 3188; x_wconf 91' lang='lat' dir='ltr'><strong>mundo</strong></span> <span class='ocrx_word' id='word_1_389' title='bbox 3019 3133 3326 3189; x_wconf 89' lang='lat' dir='ltr'><strong>clarescere</strong></span> <span class='ocrx_word' id='word_1_390' title='bbox 3357 3133 3529 3189; x_wconf 77' lang='lat' dir='ltr'><strong>festum</strong></span> 
     </span>
    </p>
   </div>
   <div class='ocr_carea' id='block_1_38' title="bbox 592 3219 3565 3298">
    <p class='ocr_par' dir='ltr' id='par_1_38' title="bbox 592 3219 3565 3298">
     <span class='ocr_line' id='line_1_38' title="bbox 592 3219 3565 3298; baseline -0.001 -19"><span class='ocrx_word' id='word_1_391' title='bbox 592 3224 811 3280; x_wconf 81' lang='lat' dir='ltr'><strong>Visendi</strong></span> <span class='ocrx_word' id='word_1_392' title='bbox 837 3225 1082 3297; x_wconf 89' lang='lat' dir='ltr'><strong>cupidus,</strong></span> <span class='ocrx_word' id='word_1_393' title='bbox 1114 3233 1225 3281; x_wconf 91' lang='lat' dir='ltr'><strong>tum</strong></span> <span class='ocrx_word' id='word_1_394' title='bbox 1257 3226 1400 3297; x_wconf 90' lang='lat' dir='ltr'><strong>quod</strong></span> <span class='ocrx_word' id='word_1_395' title='bbox 1424 3238 1686 3297; x_wconf 84' lang='lat' dir='ltr'><strong>quartana</strong></span> <span class='ocrx_word' id='word_1_396' title='bbox 1711 3225 1946 3298; x_wconf 76' lang='lat' dir='ltr'><strong>iugalem</strong></span> <span class='ocrx_word' id='word_1_397' title='bbox 2275 3219 2517 3288; x_wconf 91' lang='lat' dir='ltr'><strong>Quatuor</strong></span> <span class='ocrx_word' id='word_1_398' title='bbox 2543 3231 2666 3276; x_wconf 90' lang='lat' dir='ltr'><strong>ante</strong></span> <span class='ocrx_word' id='word_1_399' title='bbox 2687 3223 2802 3278; x_wconf 91' lang='lat' dir='ltr'><strong>dies</strong></span> <span class='ocrx_word' id='word_1_400' title='bbox 2824 3222 2875 3287; x_wconf 72' lang='grc' dir='ltr'><strong>ἀ,</strong></span> <span class='ocrx_word' id='word_1_401' title='bbox 2902 3225 3019 3279; x_wconf 56' lang='lat' dir='ltr'><strong>haec</strong></span> <span class='ocrx_word' id='word_1_402' title='bbox 3039 3234 3165 3280; x_wconf 89' lang='lat' dir='ltr'><strong>sunt</strong></span> <span class='ocrx_word' id='word_1_403' title='bbox 3194 3224 3393 3280; x_wconf 88' lang='lat' dir='ltr'><strong>natalia</strong></span> <span class='ocrx_word' id='word_1_404' title='bbox 3419 3222 3565 3279; x_wconf 85' lang='lat' dir='ltr'><strong>sancti</strong></span> 
     </span>
    </p>
   </div>
   <div class='ocr_carea' id='block_1_39' title="bbox 593 3310 3454 3389">
    <p class='ocr_par' dir='ltr' id='par_1_39' title="bbox 593 3310 3454 3389">
     <span class='ocr_line' id='line_1_39' title="bbox 593 3310 3454 3389; baseline -0.002 -16"><span class='ocrx_word' id='word_1_405' title='bbox 593 3313 861 3373; x_wconf 72' lang='lat' dir='ltr'><strong>Terrebat</strong></span> <span class='ocrx_word' id='word_1_406' title='bbox 882 3316 1042 3389; x_wconf 91' lang='lat' dir='ltr'><strong>longo</strong></span> <span class='ocrx_word' id='word_1_407' title='bbox 1064 3317 1178 3388; x_wconf 82' lang='lat' dir='ltr'><strong>jam</strong></span> <span class='ocrx_word' id='word_1_408' title='bbox 1207 3318 1406 3373; x_wconf 91' lang='lat' dir='ltr'><strong>dudum</strong></span> <span class='ocrx_word' id='word_1_409' title='bbox 1438 3326 1679 3387; x_wconf 87' lang='lat' dir='ltr'><strong>tempore</strong></span> <span class='ocrx_word' id='word_1_410' title='bbox 1706 3317 1930 3387; x_wconf 83' lang='lat' dir='ltr'><strong>lampas.</strong></span> <span class='ocrx_word' id='word_1_411' title='bbox 2277 3310 2373 3365; x_wconf 82' lang='lat' dir='ltr'><strong>liis</strong></span> <span class='ocrx_word' id='word_1_412' title='bbox 2407 3323 2613 3385; x_wconf 86' lang='lat' dir='ltr'><strong>martyr</strong></span> <span class='ocrx_word' id='word_1_413' title='bbox 2642 3312 2816 3369; x_wconf 87' lang='lat' dir='ltr'><strong>factus</strong></span> <span class='ocrx_word' id='word_1_414' title='bbox 2844 3312 2984 3370; x_wconf 85' lang='lat' dir='ltr'><strong>felici</strong></span> <span class='ocrx_word' id='word_1_415' title='bbox 3012 3323 3162 3371; x_wconf 85' lang='lat' dir='ltr'><strong>sorte</strong></span> <span class='ocrx_word' id='word_1_416' title='bbox 3183 3314 3454 3380; x_wconf 85' lang='lat' dir='ltr'><strong>Kalendis,</strong></span> 
     </span>
    </p>
   </div>
   <div class='ocr_carea' id='block_1_40' title="bbox 665 3400 3596 3481">
    <p class='ocr_par' dir='ltr' id='par_1_40' title="bbox 665 3400 3596 3481">
     <span class='ocr_line' id='line_1_40' title="bbox 665 3400 3596 3481; baseline -0.001 -19"><span class='ocrx_word' id='word_1_417' title='bbox 665 3406 787 3463; x_wconf 83' lang='grc'><strong>110.</strong></span> <span class='ocrx_word' id='word_1_418' title='bbox 830 3408 1051 3464; x_wconf 85' lang='lat' dir='ltr'><strong>Intranti</strong></span> <span class='ocrx_word' id='word_1_419' title='bbox 1079 3408 1295 3480; x_wconf 87' lang='lat' dir='ltr'><strong>longum</strong></span> <span class='ocrx_word' id='word_1_420' title='bbox 1316 3411 1568 3481; x_wconf 90' lang='lat' dir='ltr'><strong>princeps</strong></span> <span class='ocrx_word' id='word_1_421' title='bbox 1589 3409 1932 3479; x_wconf 86' lang='lat' dir='ltr'><strong>rapitohvius</strong></span> <span class='ocrx_word' id='word_1_422' title='bbox 1955 3422 2173 3479; x_wconf 88' lang='lat' dir='ltr'><strong>agmen,</strong></span> <span class='ocrx_word' id='word_1_423' title='bbox 2276 3401 2480 3457; x_wconf 79' lang='lat' dir='ltr'><strong>lndilus</strong></span> <span class='ocrx_word' id='word_1_424' title='bbox 2506 3410 2590 3457; x_wconf 85' lang='lat' dir='ltr'><strong>est</strong></span> <span class='ocrx_word' id='word_1_425' title='bbox 2614 3400 2837 3474; x_wconf 84' lang='lat' dir='ltr'><strong>Superis</strong></span> <span class='ocrx_word' id='word_1_426' title='bbox 2860 3402 2980 3460; x_wconf 84' lang='lat' dir='ltr'><strong>fuso</strong></span> <span class='ocrx_word' id='word_1_427' title='bbox 3002 3420 3099 3474; x_wconf 90' lang='lat' dir='ltr'><strong>pro</strong></span> <span class='ocrx_word' id='word_1_428' title='bbox 3126 3405 3388 3476; x_wconf 86' lang='lat' dir='ltr'><strong>sanguine</strong></span> <span class='ocrx_word' id='word_1_429' title='bbox 3409 3403 3596 3459; x_wconf 78' lang='lat' dir='ltr'><strong>castris:</strong></span> 
     </span>
    </p>
   </div>
   <div class='ocr_carea' id='block_1_41' title="bbox 593 3489 3638 3571">
    <p class='ocr_par' dir='ltr' id='par_1_41' title="bbox 593 3489 3638 3571">
     <span class='ocr_line' id='line_1_41' title="bbox 593 3489 3638 3571; baseline -0.003 -16"><span class='ocrx_word' id='word_1_430' title='bbox 593 3500 826 3571; x_wconf 82' lang='lat' dir='ltr'><strong>Excipit,</strong></span> <span class='ocrx_word' id='word_1_431' title='bbox 853 3500 1105 3568; x_wconf 90' lang='lat' dir='ltr'><strong>oblectat,</strong></span> <span class='ocrx_word' id='word_1_432' title='bbox 1138 3501 1367 3568; x_wconf 89' lang='lat' dir='ltr'><strong>refovet,</strong></span> <span class='ocrx_word' id='word_1_433' title='bbox 1394 3511 1705 3568; x_wconf 88' lang='lat' dir='ltr'><strong>veneratur,</strong></span> <span class='ocrx_word' id='word_1_434' title='bbox 1737 3502 1968 3569; x_wconf 84' lang='lat' dir='ltr'><strong>adorat;</strong></span> <span class='ocrx_word' id='word_1_435' title='bbox 2278 3489 2389 3546; x_wconf 83' lang='lat' dir='ltr'><strong>Res</strong></span> <span class='ocrx_word' id='word_1_436' title='bbox 2417 3500 2694 3563; x_wconf 86' lang='lat' dir='ltr'><strong>comperta</strong></span> <span class='ocrx_word' id='word_1_437' title='bbox 2724 3493 2856 3547; x_wconf 92' lang='lat' dir='ltr'><strong>mihi</strong></span> <span class='ocrx_word' id='word_1_438' title='bbox 2892 3494 3111 3549; x_wconf 91' lang='lat' dir='ltr'><strong>monitis</strong></span> <span class='ocrx_word' id='word_1_439' title='bbox 3133 3494 3439 3549; x_wconf 64' lang='lat' dir='ltr'><strong>caelestibus</strong></span> <span class='ocrx_word' id='word_1_440' title='bbox 3466 3494 3638 3547; x_wconf 69' lang='lat' dir='ltr'><strong>baaeest.</strong></span> 
     </span>
    </p>
   </div>
   <div class='ocr_carea' id='block_1_42' title="bbox 596 3582 2127 3662">
    <p class='ocr_par' dir='ltr' id='par_1_42' title="bbox 596 3591 1845 3662">
     <span class='ocr_line' id='line_1_42' title="bbox 596 3591 1845 3662; baseline 0.002 -17"><span class='ocrx_word' id='word_1_441' title='bbox 596 3591 731 3655; x_wconf 84' lang='lat' dir='ltr'><strong>Tum</strong></span> <span class='ocrx_word' id='word_1_442' title='bbox 765 3599 936 3649; x_wconf 87' lang='lat' dir='ltr'><strong>totum</strong></span> <span class='ocrx_word' id='word_1_443' title='bbox 968 3591 1111 3648; x_wconf 89' lang='lat' dir='ltr'><strong>facili</strong></span> <span class='ocrx_word' id='word_1_444' title='bbox 1146 3594 1367 3649; x_wconf 89' lang='lat' dir='ltr'><strong>metitur</strong></span> <span class='ocrx_word' id='word_1_445' title='bbox 1396 3593 1600 3649; x_wconf 91' lang='lat' dir='ltr'><strong>lumine</strong></span> <span class='ocrx_word' id='word_1_446' title='bbox 1629 3608 1845 3662; x_wconf 87' lang='lat' dir='ltr'><strong>corpus,</strong></span> 
     </span>
    </p>
   </div>
   <div class='ocr_carea' id='block_1_43' title="bbox 2060 3582 3591 3662">
    <p class='ocr_par' dir='ltr' id='par_1_43' title="bbox 2280 3582 3591 3655">
     <span class='ocr_line' id='line_1_43' title="bbox 2280 3582 3591 3655; baseline -0.002 -18"><span class='ocrx_word' id='word_1_447' title='bbox 2280 3582 2426 3637; x_wconf 86' lang='lat' dir='ltr'><strong>Dixit</strong></span> <span class='ocrx_word' id='word_1_448' title='bbox 2447 3590 2503 3638; x_wconf 89' lang='lat' dir='ltr'><strong>et</strong></span> <span class='ocrx_word' id='word_1_449' title='bbox 2523 3582 2795 3654; x_wconf 87' lang='lat' dir='ltr'><strong>ingentem</strong></span> <span class='ocrx_word' id='word_1_450' title='bbox 2824 3584 3153 3655; x_wconf 89' lang='lat' dir='ltr'><strong>perfundunt</strong></span> <span class='ocrx_word' id='word_1_451' title='bbox 3189 3586 3380 3655; x_wconf 86' lang='lat' dir='ltr'><strong>gaudia</strong></span> <span class='ocrx_word' id='word_1_452' title='bbox 3405 3584 3591 3655; x_wconf 85' lang='lat' dir='ltr'><strong>plebem.</strong></span> 
     </span>
    </p>
   </div>
   <div class='ocr_carea' id='block_1_44' title="bbox 594 3672 2125 3755">
    <p class='ocr_par' dir='ltr' id='par_1_44' title="bbox 594 3682 1958 3755">
     <span class='ocr_line' id='line_1_44' title="bbox 594 3682 1958 3755; baseline 0 -17"><span class='ocrx_word' id='word_1_453' title='bbox 594 3682 810 3754; x_wconf 91' lang='lat' dir='ltr'><strong>lmpulit</strong></span> <span class='ocrx_word' id='word_1_454' title='bbox 836 3685 1121 3739; x_wconf 89' lang='lat' dir='ltr'><strong>attonitam</strong></span> <span class='ocrx_word' id='word_1_455' title='bbox 1151 3685 1355 3755; x_wconf 91' lang='lat' dir='ltr'><strong>trepida</strong></span> <span class='ocrx_word' id='word_1_456' title='bbox 1386 3683 1673 3739; x_wconf 90' lang='lat' dir='ltr'><strong>formidine</strong></span> <span class='ocrx_word' id='word_1_457' title='bbox 1703 3692 1958 3752; x_wconf 90' lang='lat' dir='ltr'><strong>mentem,</strong></span> 
     </span>
    </p>
   </div>
   <div class='ocr_carea' id='block_1_45' title="bbox 2044 3672 3575 3755">
    <p class='ocr_par' dir='ltr' id='par_1_45' title="bbox 2282 3672 3575 3746">
     <span class='ocr_line' id='line_1_45' title="bbox 2282 3672 3575 3746; baseline 0.006 -19"><span class='ocrx_word' id='word_1_458' title='bbox 2282 3672 2536 3744; x_wconf 82' lang='lat' dir='ltr'><strong>Martyris</strong></span> <span class='ocrx_word' id='word_1_459' title='bbox 2569 3688 2637 3729; x_wconf 89' lang='lat' dir='ltr'><strong>ex</strong></span> <span class='ocrx_word' id='word_1_460' title='bbox 2665 3673 2755 3729; x_wconf 90' lang='lat' dir='ltr'><strong>illo</strong></span> <span class='ocrx_word' id='word_1_461' title='bbox 2782 3673 3089 3731; x_wconf 89' lang='lat' dir='ltr'><strong>celebratur</strong></span> <span class='ocrx_word' id='word_1_462' title='bbox 3111 3685 3357 3745; x_wconf 77' lang='lat' dir='ltr'><strong>tempore</strong></span> <span class='ocrx_word' id='word_1_463' title='bbox 3384 3688 3575 3746; x_wconf 73' lang='lat' dir='ltr'><strong>pompa.</strong></span> 
     </span>
    </p>
   </div>
   <div class='ocr_carea' id='block_1_46' title="bbox 596 3762 3508 3846">
    <p class='ocr_par' dir='ltr' id='par_1_46' title="bbox 596 3762 3508 3846">
     <span class='ocr_line' id='line_1_46' title="bbox 596 3762 3508 3846; baseline -0.003 -20"><span class='ocrx_word' id='word_1_464' title='bbox 596 3772 765 3843; x_wconf 76' lang='lat' dir='ltr'><strong>Digna</strong></span> <span class='ocrx_word' id='word_1_465' title='bbox 793 3774 911 3829; x_wconf 85' lang='lat' dir='ltr'><strong>viro</strong></span> <span class='ocrx_word' id='word_1_466' title='bbox 938 3774 1120 3840; x_wconf 71' lang='lat' dir='ltr'><strong>facies,</strong></span> <span class='ocrx_word' id='word_1_467' title='bbox 1150 3782 1204 3829; x_wconf 88' lang='lat' dir='ltr'><strong>et</strong></span> <span class='ocrx_word' id='word_1_468' title='bbox 1230 3774 1446 3845; x_wconf 85' lang='lat' dir='ltr'><strong>plenum</strong></span> <span class='ocrx_word' id='word_1_469' title='bbox 1478 3775 1696 3830; x_wconf 80' lang='lat' dir='ltr'><strong>numine</strong></span> <span class='ocrx_word' id='word_1_470' title='bbox 1720 3786 1928 3846; x_wconf 71' lang='lat' dir='ltr'><strong>pectus,</strong></span> <span class='ocrx_word' id='word_1_471' title='bbox 2280 3762 2451 3820; x_wconf 78' lang='lat' dir='ltr'><strong>Gallia</strong></span> <span class='ocrx_word' id='word_1_472' title='bbox 2477 3779 2581 3834; x_wconf 88' lang='lat' dir='ltr'><strong>qua</strong></span> <span class='ocrx_word' id='word_1_473' title='bbox 2610 3773 2797 3835; x_wconf 89' lang='lat' dir='ltr'><strong>partes</strong></span> <span class='ocrx_word' id='word_1_474' title='bbox 2816 3765 2926 3820; x_wconf 89' lang='lat' dir='ltr'><strong>late</strong></span> <span class='ocrx_word' id='word_1_475' title='bbox 2952 3766 3220 3836; x_wconf 87' lang='lat' dir='ltr'><strong>spatiatur</strong></span> <span class='ocrx_word' id='word_1_476' title='bbox 3248 3767 3301 3821; x_wconf 84' lang='lat' dir='ltr'><strong>in</strong></span> <span class='ocrx_word' id='word_1_477' title='bbox 3324 3779 3508 3821; x_wconf 89' lang='lat' dir='ltr'><strong>omnes.</strong></span> 
     </span>
    </p>
   </div>
   <div class='ocr_carea' id='block_1_47' title="bbox 600 3852 3793 3938">
    <p class='ocr_par' dir='ltr' id='par_1_47' title="bbox 600 3852 3793 3938">
     <span class='ocr_line' id='line_1_47' title="bbox 600 3852 3793 3938; baseline 0.002 -19"><span class='ocrx_word' id='word_1_478' title='bbox 600 3864 879 3920; x_wconf 84' lang='lat' dir='ltr'><strong>Sermonis</strong></span> <span class='ocrx_word' id='word_1_479' title='bbox 909 3865 1165 3935; x_wconf 87' lang='lat' dir='ltr'><strong>gravitas,</strong></span> <span class='ocrx_word' id='word_1_480' title='bbox 1195 3864 1422 3921; x_wconf 89' lang='lat' dir='ltr'><strong>illustris</strong></span> <span class='ocrx_word' id='word_1_481' title='bbox 1449 3865 1617 3938; x_wconf 87' lang='lat' dir='ltr'><strong>gloria</strong></span> <span class='ocrx_word' id='word_1_482' title='bbox 1642 3866 1839 3928; x_wconf 90' lang='lat' dir='ltr'><strong>vultus,</strong></span> <span class='ocrx_word' id='word_1_483' title='bbox 2356 3855 2476 3909; x_wconf 65' lang='lat'><strong>“2-</strong></span> <span class='ocrx_word' id='word_1_484' title='bbox 2521 3856 2727 3911; x_wconf 73' lang='lat' dir='ltr'><strong>RUI&#39;SUS</strong></span> <span class='ocrx_word' id='word_1_485' title='bbox 2751 3855 2887 3911; x_wconf 67' lang='lat' dir='ltr'><strong>bella</strong></span> <span class='ocrx_word' id='word_1_486' title='bbox 2915 3871 3129 3922; x_wconf 70' lang='grc' dir='ltr'><strong>ῐηονθεὶ</strong></span> <span class='ocrx_word' id='word_1_487' title='bbox 3157 3854 3333 3926; x_wconf 68' lang='lat' dir='ltr'><strong>spiras</strong></span> <span class='ocrx_word' id='word_1_488' title='bbox 3363 3852 3568 3910; x_wconf 61' lang='lat' dir='ltr'><strong>incendia</strong></span> <span class='ocrx_word' id='word_1_489' title='bbox 3589 3858 3719 3904; x_wconf 50' lang='grc' dir='ltr'><strong>Μεθ’</strong></span> <span class='ocrx_word' id='word_1_490' title='bbox 3792 3896 3793 3933; x_wconf 57' lang='grc' dir='ltr'>ι</span> 
     </span>
    </p>
   </div>
   <div class='ocr_carea' id='block_1_48' title="bbox 598 3942 2129 4029">
    <p class='ocr_par' dir='ltr' id='par_1_48' title="bbox 598 3955 1999 4029">
     <span class='ocr_line' id='line_1_48' title="bbox 598 3955 1999 4029; baseline 0.004 -18"><span class='ocrx_word' id='word_1_491' title='bbox 598 3955 766 4011; x_wconf 90' lang='lat' dir='ltr'><strong>Fama</strong></span> <span class='ocrx_word' id='word_1_492' title='bbox 796 3956 973 4010; x_wconf 90' lang='lat' dir='ltr'><strong>minor</strong></span> <span class='ocrx_word' id='word_1_493' title='bbox 1001 3956 1228 4022; x_wconf 89' lang='lat' dir='ltr'><strong>meritis,</strong></span> <span class='ocrx_word' id='word_1_494' title='bbox 1256 3958 1433 4029; x_wconf 87' lang='lat' dir='ltr'><strong>magni</strong></span> <span class='ocrx_word' id='word_1_495' title='bbox 1462 3958 1773 4028; x_wconf 61' lang='lat' dir='ltr'><strong>praestantia</strong></span> <span class='ocrx_word' id='word_1_496' title='bbox 1802 3958 1999 4015; x_wconf 86' lang='lat' dir='ltr'><strong>cordis.</strong></span> 
     </span>
    </p>
   </div>
   <div class='ocr_carea' id='block_1_49' title="bbox 2261 3942 3792 4029">
    <p class='ocr_par' dir='ltr' id='par_1_49' title="bbox 2284 3942 3719 4029">
     <span class='ocr_line' id='line_1_49' title="bbox 2284 3942 3719 4029; baseline -0.006 -26"><span class='ocrx_word' id='word_1_497' title='bbox 2284 3946 2511 4003; x_wconf 89' lang='lat' dir='ltr'><strong>Desecto</strong></span> <span class='ocrx_word' id='word_1_498' title='bbox 2535 3946 2762 4016; x_wconf 86' lang='lat' dir='ltr'><strong>nequior</strong></span> <span class='ocrx_word' id='word_1_499' title='bbox 2788 3944 2912 4018; x_wconf 86' lang='lat' dir='ltr'><strong>[B.,</strong></span> <span class='ocrx_word' id='word_1_500' title='bbox 2944 3944 3182 4015; x_wconf 85' lang='lat' dir='ltr'><strong>Nequior</strong></span> <span class='ocrx_word' id='word_1_501' title='bbox 3220 3942 3479 4015; x_wconf 85' lang='lat' dir='ltr'><strong>abscisso]</strong></span> <span class='ocrx_word' id='word_1_502' title='bbox 3509 3942 3719 4029; x_wconf 53' lang='lat' dir='ltr'><strong>conserte”</strong></span> 
     </span>
    </p>
   </div>
   <div class='ocr_carea' id='block_1_50' title="bbox 598 4026 3664 4119">
    <p class='ocr_par' dir='ltr' id='par_1_50' title="bbox 598 4026 3664 4119">
     <span class='ocr_line' id='line_1_50' title="bbox 598 4026 3664 4119; baseline -0.004 -17"><span class='ocrx_word' id='word_1_503' title='bbox 598 4045 737 4102; x_wconf 83' lang='lat' dir='ltr'><strong>Exin</strong></span> <span class='ocrx_word' id='word_1_504' title='bbox 766 4046 1049 4119; x_wconf 72' lang='lat' dir='ltr'><strong>prmcipuis</strong></span> <span class='ocrx_word' id='word_1_505' title='bbox 1074 4046 1299 4102; x_wconf 78' lang='lat' dir='ltr'><strong>eﬂ‘undit</strong></span> <span class='ocrx_word' id='word_1_506' title='bbox 1322 4026 1544 4104; x_wconf 80' lang='lat' dir='ltr'><strong>munera</strong></span> <span class='ocrx_word' id='word_1_507' title='bbox 1572 4049 1752 4119; x_wconf 86' lang='lat' dir='ltr'><strong>gazis,</strong></span> <span class='ocrx_word' id='word_1_508' title='bbox 3396 4033 3555 4107; x_wconf 80' lang='lat' dir='ltr'><strong>[bellua</strong></span> <span class='ocrx_word' id='word_1_509' title='bbox 3572 4026 3664 4084; x_wconf 68' lang='lat'><strong>€000</strong></span> 
     </span>
    </p>
   </div>
   <div class='ocr_carea' id='block_1_51' title="bbox 599 4125 2130 4216">
    <p class='ocr_par' dir='ltr' id='par_1_51' title="bbox 599 4138 1964 4216">
     <span class='ocr_line' id='line_1_51' title="bbox 599 4138 1964 4216; baseline 0.003 -20"><span class='ocrx_word' id='word_1_510' title='bbox 599 4138 913 4211; x_wconf 89' lang='lat' dir='ltr'><strong>Oblatisque</strong></span> <span class='ocrx_word' id='word_1_511' title='bbox 941 4157 1157 4197; x_wconf 87' lang='lat' dir='ltr'><strong>manum</strong></span> <span class='ocrx_word' id='word_1_512' title='bbox 1188 4144 1437 4215; x_wconf 89' lang='lat' dir='ltr'><strong>dignetur</strong></span> <span class='ocrx_word' id='word_1_513' title='bbox 1474 4145 1736 4214; x_wconf 87' lang='lat' dir='ltr'><strong>pandere,</strong></span> <span class='ocrx_word' id='word_1_514' title='bbox 1767 4146 1964 4216; x_wconf 88' lang='lat' dir='ltr'><strong>poscit.</strong></span> 
     </span>
    </p>
   </div>
   <div class='ocr_carea' id='block_1_52' title="bbox 1960 4125 3491 4216">
    <p class='ocr_par' dir='ltr' id='par_1_52' title="bbox 1960 4125 3491 4216">
     <span class='ocr_line' id='line_1_52' title="bbox 1960 4125 3491 4216; baseline -0.003 -34"><span class='ocrx_word' id='word_1_515' title='bbox 1960 4184 1964 4198; x_wconf 58' lang='grc'><em>,</em></span> <span class='ocrx_word' id='word_1_516' title='bbox 2287 4125 2415 4182; x_wconf 88' lang='lat' dir='ltr'><strong>Tela</strong></span> <span class='ocrx_word' id='word_1_517' title='bbox 2443 4127 2661 4198; x_wconf 90' lang='lat' dir='ltr'><strong>quidem</strong></span> <span class='ocrx_word' id='word_1_518' title='bbox 2686 4127 2819 4183; x_wconf 83' lang='lat' dir='ltr'><strong>forti-</strong></span> <span class='ocrx_word' id='word_1_519' title='bbox 2839 4142 3010 4198; x_wconf 90' lang='lat' dir='ltr'><strong>nuper</strong></span> <span class='ocrx_word' id='word_1_520' title='bbox 3035 4135 3308 4198; x_wconf 88' lang='lat' dir='ltr'><strong>prostrata</strong></span> <span class='ocrx_word' id='word_1_521' title='bbox 3334 4125 3491 4216; x_wconf 83' lang='lat' dir='ltr'><strong>duello</strong></span> 
     </span>
    </p>
   </div>
   <div class='ocr_carea' id='block_1_53' title="bbox 602 4205 2133 4309">
    <p class='ocr_par' dir='ltr' id='par_1_53' title="bbox 602 4205 1934 4309">
     <span class='ocr_line' id='line_1_53' title="bbox 602 4205 1934 4309; baseline 0.003 -20"><span class='ocrx_word' id='word_1_522' title='bbox 602 4230 802 4289; x_wconf 83' lang='lat' dir='ltr'><strong>Uxoris</strong></span> <span class='ocrx_word' id='word_1_523' title='bbox 826 4205 950 4302; x_wconf 77' lang='lat' dir='ltr'><strong>post</strong></span> <span class='ocrx_word' id='word_1_524' title='bbox 978 4235 1092 4290; x_wconf 75' lang='lat' dir='ltr'><strong>hznc</strong></span> <span class='ocrx_word' id='word_1_525' title='bbox 1121 4205 1342 4306; x_wconf 71' lang='lat' dir='ltr'><strong>supplex</strong></span> <span class='ocrx_word' id='word_1_526' title='bbox 1373 4205 1934 4309; x_wconf 23' lang='lat' dir='ltr'><strong>inccmmodavjungit.</strong></span> 
     </span>
    </p>
   </div>
   <div class='ocr_carea' id='block_1_54' title="bbox 2138 4205 3669 4309">
    <p class='ocr_par' dir='ltr' id='par_1_54' title="bbox 2286 4205 3669 4291">
     <span class='ocr_line' id='line_1_54' title="bbox 2286 4205 3669 4291; baseline -0.009 -16"><span class='ocrx_word' id='word_1_527' title='bbox 2286 4221 2402 4275; x_wconf 87' lang='lat' dir='ltr'><strong>Non</strong></span> <span class='ocrx_word' id='word_1_528' title='bbox 2428 4220 2592 4291; x_wconf 90' lang='lat' dir='ltr'><strong>pudet</strong></span> <span class='ocrx_word' id='word_1_529' title='bbox 2616 4220 2669 4274; x_wconf 90' lang='lat' dir='ltr'><strong>in</strong></span> <span class='ocrx_word' id='word_1_530' title='bbox 2701 4220 2930 4275; x_wconf 90' lang='lat' dir='ltr'><strong>miseros</strong></span> <span class='ocrx_word' id='word_1_531' title='bbox 2956 4220 3152 4275; x_wconf 90' lang='lat' dir='ltr'><strong>iterum</strong></span> <span class='ocrx_word' id='word_1_532' title='bbox 3185 4218 3413 4275; x_wconf 89' lang='lat' dir='ltr'><strong>conﬂare</strong></span> <span class='ocrx_word' id='word_1_533' title='bbox 3438 4205 3669 4270; x_wconf 79' lang='lat' dir='ltr'><strong>Britannos?</strong></span> 
     </span>
    </p>
   </div>
   <div class='ocr_carea' id='block_1_55' title="bbox 600 4307 2131 4397">
    <p class='ocr_par' dir='ltr' id='par_1_55' title="bbox 600 4307 1857 4397">
     <span class='ocr_line' id='line_1_55' title="bbox 600 4307 1857 4397; baseline 0.005 -17"><span class='ocrx_word' id='word_1_534' title='bbox 600 4325 804 4381; x_wconf 81' lang='lat' dir='ltr'><strong>Annuit</strong></span> <span class='ocrx_word' id='word_1_535' title='bbox 826 4327 1053 4383; x_wconf 91' lang='lat' dir='ltr'><strong>antistes</strong></span> <span class='ocrx_word' id='word_1_536' title='bbox 1084 4327 1226 4390; x_wconf 86' lang='lat' dir='ltr'><strong>fidei,</strong></span> <span class='ocrx_word' id='word_1_537' title='bbox 1256 4344 1357 4384; x_wconf 90' lang='lat' dir='ltr'><strong>nec</strong></span> <span class='ocrx_word' id='word_1_538' title='bbox 1383 4330 1600 4397; x_wconf 70' lang='lat' dir='ltr'><strong>prmmia</strong></span> <span class='ocrx_word' id='word_1_539' title='bbox 1630 4329 1809 4386; x_wconf 75' lang='lat' dir='ltr'><strong>differt</strong></span> <span class='ocrx_word' id='word_1_540' title='bbox 1832 4307 1857 4385; x_wconf 13' lang='grc' dir='ltr'>εί</span> 
     </span>
    </p>
   </div>
   <div class='ocr_carea' id='block_1_56' title="bbox 2146 4307 3677 4397">
    <p class='ocr_par' dir='ltr' id='par_1_56' title="bbox 2210 4307 3677 4397">
     <span class='ocr_line' id='line_1_56' title="bbox 2210 4307 3677 4397; baseline -0.008 -28"><span class='ocrx_word' id='word_1_541' title='bbox 2210 4355 2263 4397; x_wconf 63' lang='grc' dir='ltr'>ῃ</span> <span class='ocrx_word' id='word_1_542' title='bbox 2289 4312 2460 4368; x_wconf 82' lang='lat' dir='ltr'><strong>Parce</strong></span> <span class='ocrx_word' id='word_1_543' title='bbox 2491 4312 2610 4374; x_wconf 86' lang='lat' dir='ltr'><strong>tibi,</strong></span> <span class='ocrx_word' id='word_1_544' title='bbox 2640 4310 2751 4381; x_wconf 84' lang='lat' dir='ltr'><strong>jam</strong></span> <span class='ocrx_word' id='word_1_545' title='bbox 2778 4326 2962 4382; x_wconf 84' lang='lat' dir='ltr'><strong>parce,</strong></span> <span class='ocrx_word' id='word_1_546' title='bbox 3003 4327 3231 4383; x_wconf 84' lang='lat' dir='ltr'><strong>precor;</strong></span> <span class='ocrx_word' id='word_1_547' title='bbox 3270 4326 3372 4381; x_wconf 88' lang='lat' dir='ltr'><strong>quo</strong></span> <span class='ocrx_word' id='word_1_548' title='bbox 3390 4307 3677 4397; x_wconf 56' lang='lat' dir='ltr'><strong>saepiusatrttm</strong></span> 
     </span>
    </p>
   </div>
   <div class='ocr_carea' id='block_1_57' title="bbox 600 4378 3716 4489">
    <p class='ocr_par' dir='ltr' id='par_1_57' title="bbox 600 4378 3716 4489">
     <span class='ocr_line' id='line_1_57' title="bbox 600 4378 3716 4489; baseline 0.005 -16"><span class='ocrx_word' id='word_1_549' title='bbox 600 4378 2032 4489; x_wconf 43' lang='lat' dir='ltr'><strong>asa:at;&#39;agn&#39;i&#39;egii&#39;aiis&#39;sagatigu&#39;Man.</strong></span> <span class='ocrx_word' id='word_1_550' title='bbox 2212 4378 2263 4417; x_wconf 71' lang='grc' dir='ltr'><strong>ν</strong></span> <span class='ocrx_word' id='word_1_551' title='bbox 2289 4401 2559 4457; x_wconf 59' lang='lat' dir='ltr'><strong>mulieris</strong></span> <span class='ocrx_word' id='word_1_552' title='bbox 2592 4403 2772 4458; x_wconf 67' lang='grc' dir='ltr'><strong>νίτοεδ</strong></span> <span class='ocrx_word' id='word_1_553' title='bbox 2813 4410 2997 4473; x_wconf 48' lang='lat' dir='ltr'><strong>caput,</strong></span> <span class='ocrx_word' id='word_1_554' title='bbox 3034 4401 3347 4473; x_wconf 62' lang='lat' dir='ltr'><strong>iaculabere</strong></span> <span class='ocrx_word' id='word_1_555' title='bbox 3373 4378 3716 4489; x_wconf 48' lang='lat' dir='ltr'><strong>(Nam</strong></span> 
     </span>
    </p>
   </div>
   <div class='ocr_carea' id='block_1_58' title="bbox 603 4483 3678 4583">
    <p class='ocr_par' dir='ltr' id='par_1_58' title="bbox 603 4483 3678 4583">
     <span class='ocr_line' id='line_1_58' title="bbox 603 4483 3678 4583; baseline 0.004 -21"><span class='ocrx_word' id='word_1_556' title='bbox 603 4483 831 4563; x_wconf 74' lang='lat' dir='ltr'><strong>Discutit</strong></span> <span class='ocrx_word' id='word_1_557' title='bbox 861 4483 1165 4579; x_wconf 87' lang='lat' dir='ltr'><strong>ingrediens</strong></span> <span class='ocrx_word' id='word_1_558' title='bbox 1203 4524 1347 4580; x_wconf 67' lang='lat' dir='ltr'><strong>aegro</strong></span> <span class='ocrx_word' id='word_1_559' title='bbox 1372 4511 1438 4566; x_wconf 90' lang='lat' dir='ltr'><strong>de</strong></span> <span class='ocrx_word' id='word_1_560' title='bbox 1466 4527 1690 4582; x_wconf 89' lang='lat' dir='ltr'><strong>corpore</strong></span> <span class='ocrx_word' id='word_1_561' title='bbox 1730 4523 1960 4583; x_wconf 88' lang='lat' dir='ltr'><strong>pestem,</strong></span> <span class='ocrx_word' id='word_1_562' title='bbox 3535 4483 3678 4559; x_wconf 46' lang='grc' dir='ltr'><strong>[ἄπιθ’</strong></span> 
     </span>
    </p>
   </div>
   <div class='ocr_carea' id='block_1_59' title="bbox 603 4584 2134 4701">
    <p class='ocr_par' dir='ltr' id='par_1_59' title="bbox 603 4598 1913 4673">
     <span class='ocr_line' id='line_1_59' title="bbox 603 4598 1913 4673; baseline 0.004 -16"><span class='ocrx_word' id='word_1_563' title='bbox 603 4598 673 4657; x_wconf 84' lang='lat' dir='ltr'><strong>Et</strong></span> <span class='ocrx_word' id='word_1_564' title='bbox 698 4608 901 4655; x_wconf 90' lang='lat' dir='ltr'><strong>tremor</strong></span> <span class='ocrx_word' id='word_1_565' title='bbox 928 4610 984 4656; x_wconf 93' lang='lat' dir='ltr'><strong>et</strong></span> <span class='ocrx_word' id='word_1_566' title='bbox 1010 4601 1177 4658; x_wconf 90' lang='lat' dir='ltr'><strong>febris</strong></span> <span class='ocrx_word' id='word_1_567' title='bbox 1200 4612 1399 4673; x_wconf 89' lang='lat' dir='ltr'><strong>puncto</strong></span> <span class='ocrx_word' id='word_1_568' title='bbox 1428 4603 1677 4661; x_wconf 87' lang='lat' dir='ltr'><strong>delentur</strong></span> <span class='ocrx_word' id='word_1_569' title='bbox 1702 4606 1913 4662; x_wconf 90' lang='lat' dir='ltr'><strong>eodem.</strong></span> 
     </span>
    </p>
   </div>
   <div class='ocr_carea' id='block_1_60' title="bbox 2261 4584 3792 4701">
    <p class='ocr_par' dir='ltr' id='par_1_60' title="bbox 2289 4584 3696 4701">
     <span class='ocr_line' id='line_1_60' title="bbox 2289 4584 3696 4701; baseline -0.01 -59"><span class='ocrx_word' id='word_1_570' title='bbox 2289 4586 2357 4642; x_wconf 87' lang='lat' dir='ltr'><strong>Et</strong></span> <span class='ocrx_word' id='word_1_571' title='bbox 2388 4587 2611 4657; x_wconf 89' lang='lat' dir='ltr'><strong>repetita</strong></span> <span class='ocrx_word' id='word_1_572' title='bbox 2644 4584 3100 4643; x_wconf 83' lang='lat' dir='ltr'><strong>dabuntcelerem</strong></span> <span class='ocrx_word' id='word_1_573' title='bbox 3127 4590 3418 4641; x_wconf 87' lang='lat' dir='ltr'><strong>commenta</strong></span> <span class='ocrx_word' id='word_1_574' title='bbox 3449 4587 3696 4701; x_wconf 43' lang='lat' dir='ltr'><strong>minuit”L</strong></span> 
     </span>
    </p>
   </div>
   <div class='ocr_carea' id='block_1_61' title="bbox 608 4664 2139 4761">
    <p class='ocr_par' dir='ltr' id='par_1_61' title="bbox 608 4664 1838 4761">
     <span class='ocr_line' id='line_1_61' title="bbox 608 4664 1838 4761; baseline 0.007 -17"><span class='ocrx_word' id='word_1_575' title='bbox 608 4688 697 4745; x_wconf 90' lang='lat' dir='ltr'><strong>Sic</strong></span> <span class='ocrx_word' id='word_1_576' title='bbox 716 4691 859 4761; x_wconf 87' lang='lat' dir='ltr'><strong>capit</strong></span> <span class='ocrx_word' id='word_1_577' title='bbox 883 4701 1122 4761; x_wconf 91' lang='lat' dir='ltr'><strong>optatum</strong></span> <span class='ocrx_word' id='word_1_578' title='bbox 1148 4664 1272 4749; x_wconf 81' lang='lat' dir='ltr'><strong>felix</strong></span> <span class='ocrx_word' id='word_1_579' title='bbox 1300 4704 1543 4751; x_wconf 88' lang='lat' dir='ltr'><strong>matrona</strong></span> <span class='ocrx_word' id='word_1_580' title='bbox 1573 4697 1838 4753; x_wconf 90' lang='lat' dir='ltr'><strong>levamen.</strong></span> 
     </span>
    </p>
   </div>
   <div class='ocr_carea' id='block_1_62' title="bbox 2261 4664 3792 4761">
    <p class='ocr_par' dir='ltr' id='par_1_62' title="bbox 2290 4664 3698 4751">
     <span class='ocr_line' id='line_1_62' title="bbox 2290 4664 3698 4751; baseline -0.013 -14"><span class='ocrx_word' id='word_1_581' title='bbox 2290 4682 2444 4751; x_wconf 89' lang='lat' dir='ltr'><strong>Quod</strong></span> <span class='ocrx_word' id='word_1_582' title='bbox 2473 4680 2640 4737; x_wconf 89' lang='lat' dir='ltr'><strong>semel</strong></span> <span class='ocrx_word' id='word_1_583' title='bbox 2672 4682 2920 4736; x_wconf 89' lang='lat' dir='ltr'><strong>insanum</strong></span> <span class='ocrx_word' id='word_1_584' title='bbox 2946 4687 3031 4736; x_wconf 91' lang='lat' dir='ltr'><strong>est</strong></span> <span class='ocrx_word' id='word_1_585' title='bbox 3058 4678 3314 4735; x_wconf 89' lang='lat' dir='ltr'><strong>iteratum</strong></span> <span class='ocrx_word' id='word_1_586' title='bbox 3347 4672 3550 4731; x_wconf 85' lang='lat' dir='ltr'><strong>insanius</strong></span> <span class='ocrx_word' id='word_1_587' title='bbox 3568 4664 3698 4720; x_wconf 61' lang='lat' dir='ltr'><strong>boavi.</strong></span> 
     </span>
    </p>
   </div>
   <div class='ocr_carea' id='block_1_63' title="bbox 607 4762 3619 4860">
    <p class='ocr_par' dir='ltr' id='par_1_63' title="bbox 607 4762 3619 4860">
     <span class='ocr_line' id='line_1_63' title="bbox 607 4762 3619 4860; baseline -0.004 -30"><span class='ocrx_word' id='word_1_588' title='bbox 607 4775 882 4836; x_wconf 80' lang='lat' dir='ltr'><strong>Adventus</strong></span> <span class='ocrx_word' id='word_1_589' title='bbox 904 4790 1025 4851; x_wconf 87' lang='lat' dir='ltr'><strong>post</strong></span> <span class='ocrx_word' id='word_1_590' title='bbox 1053 4781 1168 4837; x_wconf 71' lang='lat' dir='ltr'><strong>hcce</strong></span> <span class='ocrx_word' id='word_1_591' title='bbox 1188 4798 1464 4853; x_wconf 82' lang='lat' dir='ltr'><strong>exponens</strong></span> <span class='ocrx_word' id='word_1_592' title='bbox 1496 4787 1686 4843; x_wconf 90' lang='lat' dir='ltr'><strong>ordine</strong></span> <span class='ocrx_word' id='word_1_593' title='bbox 1710 4803 1903 4844; x_wconf 87' lang='lat' dir='ltr'><strong>causas</strong></span> <span class='ocrx_word' id='word_1_594' title='bbox 2136 4788 2151 4801; x_wconf 85' lang='lat'><em>’</em></span> <span class='ocrx_word' id='word_1_595' title='bbox 2291 4774 2656 4845; x_wconf 82' lang='lat' dir='ltr'><strong>Majoremque</strong></span> <span class='ocrx_word' id='word_1_596' title='bbox 2679 4770 2860 4826; x_wconf 88' lang='lat' dir='ltr'><strong>ferunt</strong></span> <span class='ocrx_word' id='word_1_597' title='bbox 2884 4772 2966 4827; x_wconf 91' lang='lat' dir='ltr'><strong>bis</strong></span> <span class='ocrx_word' id='word_1_598' title='bbox 2995 4769 3223 4826; x_wconf 84' lang='lat' dir='ltr'><strong>vulnera</strong></span> <span class='ocrx_word' id='word_1_599' title='bbox 3254 4777 3397 4838; x_wconf 85' lang='lat' dir='ltr'><strong>rupta</strong></span> <span class='ocrx_word' id='word_1_600' title='bbox 3418 4762 3619 4860; x_wconf 58' lang='lat' dir='ltr'><strong>dolorem.</strong></span> 
     </span>
    </p>
   </div>
   <div class='ocr_carea' id='block_1_64' title="bbox 608 4861 2139 4946">
    <p class='ocr_par' dir='ltr' id='par_1_64' title="bbox 608 4864 1921 4946">
     <span class='ocr_line' id='line_1_64' title="bbox 608 4864 1921 4946; baseline 0.01 -25"><span class='ocrx_word' id='word_1_601' title='bbox 608 4864 911 4924; x_wconf 86' lang='lat' dir='ltr'><strong>Perfruitur</strong></span> <span class='ocrx_word' id='word_1_602' title='bbox 934 4871 1130 4927; x_wconf 89' lang='lat' dir='ltr'><strong>sobriis</strong></span> <span class='ocrx_word' id='word_1_603' title='bbox 1151 4884 1195 4933; x_wconf 74' lang='grc' dir='ltr'><strong>ο,</strong></span> <span class='ocrx_word' id='word_1_604' title='bbox 1228 4875 1451 4930; x_wconf 90' lang='lat' dir='ltr'><strong>ohtento</strong></span> <span class='ocrx_word' id='word_1_605' title='bbox 1475 4877 1736 4946; x_wconf 89' lang='lat' dir='ltr'><strong>principe,</strong></span> <span class='ocrx_word' id='word_1_606' title='bbox 1763 4879 1921 4934; x_wconf 88' lang='lat' dir='ltr'><strong>votis.</strong></span> 
     </span>
    </p>
   </div>
   <div class='ocr_carea' id='block_1_65' title="bbox 2069 4861 3600 4946">
    <p class='ocr_par' dir='ltr' id='par_1_65' title="bbox 2291 4861 3600 4946">
     <span class='ocr_line' id='line_1_65' title="bbox 2291 4861 3600 4946; baseline -0.012 -26"><span class='ocrx_word' id='word_1_607' title='bbox 2291 4864 2394 4920; x_wconf 83' lang='lat' dir='ltr'><strong>Vix</strong></span> <span class='ocrx_word' id='word_1_608' title='bbox 2421 4863 2616 4937; x_wconf 69' lang='lat' dir='ltr'><strong>prazsul</strong></span> <span class='ocrx_word' id='word_1_609' title='bbox 2642 4863 2830 4933; x_wconf 90' lang='lat' dir='ltr'><strong>positis</strong></span> <span class='ocrx_word' id='word_1_610' title='bbox 2855 4864 3106 4919; x_wconf 88' lang='lat' dir='ltr'><strong>humeros</strong></span> <span class='ocrx_word' id='word_1_611' title='bbox 3128 4861 3439 4917; x_wconf 81' lang='lat' dir='ltr'><strong>subduxerat</strong></span> <span class='ocrx_word' id='word_1_612' title='bbox 3461 4863 3600 4946; x_wconf 68' lang='lat' dir='ltr'><strong>armis.</strong></span> 
     </span>
    </p>
   </div>
   <div class='ocr_carea' id='block_1_66' title="bbox 609 4938 2140 5038">
    <p class='ocr_par' dir='ltr' id='par_1_66' title="bbox 609 4938 1832 5038">
     <span class='ocr_line' id='line_1_66' title="bbox 609 4938 1832 5038; baseline 0.011 -27"><span class='ocrx_word' id='word_1_613' title='bbox 609 4955 832 5012; x_wconf 87' lang='lat' dir='ltr'><strong>Civibus</strong></span> <span class='ocrx_word' id='word_1_614' title='bbox 857 4963 1128 5027; x_wconf 87' lang='lat' dir='ltr'><strong>oppressis</strong></span> <span class='ocrx_word' id='word_1_615' title='bbox 1152 4966 1359 5020; x_wconf 90' lang='lat' dir='ltr'><strong>revehit</strong></span> <span class='ocrx_word' id='word_1_616' title='bbox 1382 4938 1574 5022; x_wconf 74' lang='lat' dir='ltr'><strong>vexilla</strong></span> <span class='ocrx_word' id='word_1_617' title='bbox 1597 4938 1832 5038; x_wconf 79' lang='lat' dir='ltr'><strong>quietis;</strong></span> 
     </span>
    </p>
   </div>
   <div class='ocr_carea' id='block_1_67' title="bbox 2139 4938 3670 5038">
    <p class='ocr_par' dir='ltr' id='par_1_67' title="bbox 2290 4938 3670 5038">
     <span class='ocr_line' id='line_1_67' title="bbox 2290 4938 3670 5038; baseline -0.012 -26"><span class='ocrx_word' id='word_1_618' title='bbox 2290 4956 2614 5012; x_wconf 87' lang='lat' dir='ltr'><strong>lnunensum</strong></span> <span class='ocrx_word' id='word_1_619' title='bbox 2637 4954 2836 5019; x_wconf 88' lang='lat' dir='ltr'><strong>fessus,</strong></span> <span class='ocrx_word' id='word_1_620' title='bbox 2861 4953 3246 5024; x_wconf 86' lang='lat' dir='ltr'><strong>propriamque</strong></span> <span class='ocrx_word' id='word_1_621' title='bbox 3268 4949 3499 5038; x_wconf 83' lang='lat' dir='ltr'><strong>reviserat</strong></span> <span class='ocrx_word' id='word_1_622' title='bbox 3516 4938 3670 4996; x_wconf 62' lang='lat' dir='ltr'><strong>urbem:</strong></span> 
     </span>
    </p>
   </div>
   <div class='ocr_carea' id='block_1_68' title="bbox 613 5035 2144 5125">
    <p class='ocr_par' dir='ltr' id='par_1_68' title="bbox 613 5035 1838 5125">
     <span class='ocr_line' id='line_1_68' title="bbox 613 5035 1838 5125; baseline 0.012 -23"><span class='ocrx_word' id='word_1_623' title='bbox 613 5048 836 5103; x_wconf 90' lang='lat' dir='ltr'><strong>Summa</strong></span> <span class='ocrx_word' id='word_1_624' title='bbox 867 5050 1010 5105; x_wconf 89' lang='lat' dir='ltr'><strong>salus</strong></span> <span class='ocrx_word' id='word_1_625' title='bbox 1037 5054 1132 5107; x_wconf 92' lang='lat' dir='ltr'><strong>toti</strong></span> <span class='ocrx_word' id='word_1_626' title='bbox 1164 5057 1411 5125; x_wconf 80' lang='lat' dir='ltr'><strong>quamvis</strong></span> <span class='ocrx_word' id='word_1_627' title='bbox 1435 5035 1692 5119; x_wconf 79' lang='lat' dir='ltr'><strong>existeret</strong></span> <span class='ocrx_word' id='word_1_628' title='bbox 1718 5064 1838 5119; x_wconf 91' lang='lat' dir='ltr'><strong>urbi</strong></span> 
     </span>
    </p>
   </div>
   <div class='ocr_carea' id='block_1_69' title="bbox 1994 5035 3525 5125">
    <p class='ocr_par' dir='ltr' id='par_1_69' title="bbox 2291 5035 3525 5117">
     <span class='ocr_line' id='line_1_69' title="bbox 2291 5035 3525 5117; baseline -0.011 -14"><span class='ocrx_word' id='word_1_629' title='bbox 2291 5048 2434 5103; x_wconf 87' lang='lat' dir='ltr'><strong>Ecce</strong></span> <span class='ocrx_word' id='word_1_630' title='bbox 2464 5047 2776 5103; x_wconf 89' lang='lat' dir='ltr'><strong>ferebantur</strong></span> <span class='ocrx_word' id='word_1_631' title='bbox 2802 5043 3052 5117; x_wconf 89' lang='lat' dir='ltr'><strong>precibus</strong></span> <span class='ocrx_word' id='word_1_632' title='bbox 3079 5043 3329 5099; x_wconf 85' lang='lat' dir='ltr'><strong>mandata</strong></span> <span class='ocrx_word' id='word_1_633' title='bbox 3356 5035 3525 5096; x_wconf 81' lang='lat' dir='ltr'><strong>coactis</strong></span> 
     </span>
    </p>
   </div>
   <div class='ocr_carea' id='block_1_70' title="bbox 613 5128 3612 5224">
    <p class='ocr_par' dir='ltr' id='par_1_70' title="bbox 613 5128 3612 5224">
     <span class='ocr_line' id='line_1_70' title="bbox 613 5128 3612 5224; baseline 0.004 -30"><span class='ocrx_word' id='word_1_634' title='bbox 613 5136 846 5194; x_wconf 79' lang='lat' dir='ltr'><strong>Reddita</strong></span> <span class='ocrx_word' id='word_1_635' title='bbox 879 5138 1112 5206; x_wconf 88' lang='lat' dir='ltr'><strong>pastoris</strong></span> <span class='ocrx_word' id='word_1_636' title='bbox 1135 5148 1340 5199; x_wconf 86' lang='lat' dir='ltr'><strong>tantum</strong></span> <span class='ocrx_word' id='word_1_637' title='bbox 1365 5152 1653 5216; x_wconf 85' lang='lat' dir='ltr'><strong>praesentia</strong></span> <span class='ocrx_word' id='word_1_638' title='bbox 1679 5153 1878 5224; x_wconf 86' lang='lat' dir='ltr'><strong>magni.</strong></span> <span class='ocrx_word' id='word_1_639' title='bbox 2294 5142 2643 5206; x_wconf 67' lang='grc' dir='ltr'><strong>(ἷυηοῑονυῐην</strong></span> <span class='ocrx_word' id='word_1_640' title='bbox 2673 5138 2859 5209; x_wconf 74' lang='grc' dir='ltr'><strong>(ιυίίιιιῑ</strong></span> <span class='ocrx_word' id='word_1_641' title='bbox 2896 5137 3128 5200; x_wconf 60' lang='lat' dir='ltr'><strong>memmi</strong></span> <span class='ocrx_word' id='word_1_642' title='bbox 3162 5150 3235 5224; x_wconf 53' lang='grc' dir='ltr'><strong>εξ</strong></span> <span class='ocrx_word' id='word_1_643' title='bbox 3264 5142 3404 5224; x_wconf 66' lang='lat' dir='ltr'><strong>Panf</strong></span> <span class='ocrx_word' id='word_1_644' title='bbox 3425 5128 3612 5224; x_wconf 67' lang='lat' dir='ltr'><strong>Piomm’</strong></span> 
     </span>
    </p>
   </div>
   <div class='ocr_carea' id='block_1_71' title="bbox 2295 5218 3593 5298">
    <p class='ocr_par' dir='ltr' id='par_1_71' title="bbox 2295 5218 3593 5298">
     <span class='ocr_line' id='line_1_71' title="bbox 2295 5218 3593 5298; baseline -0.018 -10"><span class='ocrx_word' id='word_1_645' title='bbox 2295 5232 2354 5288; x_wconf 91' lang='lat' dir='ltr'><strong>1n</strong></span> <span class='ocrx_word' id='word_1_646' title='bbox 2382 5230 2610 5286; x_wconf 89' lang='lat' dir='ltr'><strong>miseros</strong></span> <span class='ocrx_word' id='word_1_647' title='bbox 2636 5229 2827 5283; x_wconf 91' lang='lat' dir='ltr'><strong>iterum</strong></span> <span class='ocrx_word' id='word_1_648' title='bbox 2852 5234 3056 5298; x_wconf 90' lang='lat' dir='ltr'><strong>pestem</strong></span> <span class='ocrx_word' id='word_1_649' title='bbox 3086 5223 3341 5279; x_wconf 87' lang='lat' dir='ltr'><strong>recidisse</strong></span> <span class='ocrx_word' id='word_1_650' title='bbox 3365 5218 3593 5274; x_wconf 74' lang='lat' dir='ltr'><strong>Britannos</strong></span> 
     </span>
    </p>
   </div>
   <div class='ocr_carea' id='block_1_72' title="bbox 1280 5308 3522 5394">
    <p class='ocr_par' dir='ltr' id='par_1_72' title="bbox 1280 5308 3522 5394">
     <span class='ocr_line' id='line_1_72' title="bbox 1280 5308 3522 5394; baseline -0.008 -13"><span class='ocrx_word' id='word_1_651' title='bbox 1280 5347 1495 5361; x_wconf 80' lang='lat'><strong>-———~</strong></span> <span class='ocrx_word' id='word_1_652' title='bbox 2297 5321 2571 5394; x_wconf 87' lang='lat' dir='ltr'><strong>Dogmatis</strong></span> <span class='ocrx_word' id='word_1_653' title='bbox 2598 5320 2792 5386; x_wconf 89' lang='lat' dir='ltr'><strong>insani,</strong></span> <span class='ocrx_word' id='word_1_654' title='bbox 2821 5333 2920 5374; x_wconf 89' lang='lat' dir='ltr'><strong>nec</strong></span> <span class='ocrx_word' id='word_1_655' title='bbox 2944 5332 3091 5390; x_wconf 91' lang='lat' dir='ltr'><strong>spem</strong></span> <span class='ocrx_word' id='word_1_656' title='bbox 3118 5324 3322 5371; x_wconf 84' lang='lat' dir='ltr'><strong>restare</strong></span> <span class='ocrx_word' id='word_1_657' title='bbox 3346 5308 3522 5369; x_wconf 86' lang='lat' dir='ltr'><strong>salutis,</strong></span> 
     </span>
    </p>
   </div>
  </div>
