3876 5416
77 302 198 370 1181

74 425 133 480 Ni
162 422 310 493 prius
337 423 612 477 obtentam
642 421 868 491 pulchro
892 423 1190 478 certamine
1216 438 1437 478 causam

73 515 296 570 Tutetur
324 512 501 568 solito.
531 511 763 566 Suberat
791 527 915 582 spes
935 521 1083 567 certa
1109 512 1366 582 triumphi

73 607 174 660 Pro
201 604 416 659 miseris
442 604 674 659 movisse
712 619 933 671 manus;
972 620 1072 660 nec
1103 604 1270 675 gloria
1304 603 1440 660 velis

73 697 174 751 lret
207 695 382 765 prima
414 695 526 750 suis
547 737 560 757 ,
592 695 638 750 si
666 711 771 750 non
795 711 1042 766 suprema
1069 697 1277 752 subiret

70 785 287 840 lnfectis
314 785 539 853 imposta
568 799 822 841 manusa.
856 787 951 841 llis
986 789 1209 843 vocibus
1238 788 1348 843 iras

72 877 302 942 Excitat,
339 878 729 949 impatiensque
755 895 920 934 morae
947 895 1070 934 mox
1101 895 1251 934 arma
1287 880 1540 950 reposcit,

69 967 233 1022 Arma
263 968 440 1033 celer;
475 970 722 1038 notisque
748 981 898 1025 artus
925 970 1197 1024 inducitur
1223 971 1410 1025 armis.

70 1059 305 1114 Voverat
333 1059 420 1114 ille
445 1075 598 1115 suum
626 1060 747 1115 fidei
778 1075 876 1131 pro
907 1062 1123 1115 nomine
1149 1070 1357 1130 pectus,

70 1150 122 1204 In
151 1165 536 1221 quamcunque
567 1152 720 1207 daret
753 1168 914 1207 casus
953 1153 1264 1207 incumbere
1293 1163 1521 1209 mortem
1549 1171 1562 1206 :

66 1241 180 1295 lbat
208 1242 465 1312 paciferis
496 1244 827 1313 perlustrans
852 1245 1126 1315 gressibus
1155 1247 1362 1310 orbem,

69 1329 294 1386 Semina
325 1341 511 1388 sancta
540 1332 754 1398 ferens;
783 1343 838 1389 et
867 1333 1090 1403 pulchro
1113 1335 1362 1403 dogmate
1387 1333 1651 1404 pandens,

67 1422 302 1478 Prtemia
365 1422 702 1481 Christicolis
763 1440 908 1480 uuae»
946 1435 1002 1478 et
1047 1435 1246 1481 ouanta
1295 1434 1554 1495 parentur
1602 1424 1656 1479 in

1331 1516 1350 1588 [
1373 1517 1538 1571 astris
1564 1532 1578 1577 ;

69 1605 294 1672 Contra,
330 1621 449 1677 qua:
485 1607 742 1678 reprobus
769 1608 953 1663 ineant
975 1606 1089 1680 [B.,
1119 1608 1405 1680 maneant]
1430 1616 1548 1678 post
1581 1606 1661 1660 fu-

1206 1696 1358 1769 [nera
1389 1712 1581 1766 pwnaa.

1137 311 1224 367 DE
1261 310 1420 368 VITA
1458 310 1516 367 S.
1554 307 1884 368 GERMANI.
1917 341 1987 352 —
2018 312 2146 368 LIB.
2189 313 2274 370 iV.

3191 311 3331 370 “82

1675 423 1725 484 Α
1754 421 1830 476 Ne
1860 431 2038 478 tamen
2067 424 2165 480 hos
2190 423 2336 494 justo
2367 421 2582 477 fundam
2614 423 2728 479 sine
2757 423 2965 479 faenore
2991 437 3200 489 versus,

1755 513 2023 584 Supplicis
2049 525 2164 569 esto
2190 529 2418 579 memor,
2447 514 2807 585 precibusque
2835 522 2985 569 tuere
3013 513 3254 579 ﬁdelem;

1753 605 2004 674 Quasque
2035 615 2126 662 tuo
2157 607 2294 662 nosti
2325 607 2476 661 dotes
2506 607 2766 662 accedere
2794 606 3022 677 Sponsa,

1752 694 2059 750 Accessisse
2088 697 2205 762 tibi,
2239 697 2428 752 collata
2459 706 2628 763 sorte,
2661 707 2846 768 putato
2873 716 2885 752 :

1751 784 1979 856 Jamque
2007 787 2145 852 vale,
2175 786 2462 857 conjuncta
2499 790 2628 854 Deo,
2657 789 2906 860 sreclique
2935 800 3222 845 memento.

1827 877 1947 933 116.
1996 878 2130 935 Hinc
2159 895 2308 936 mare
2337 881 2736 943 conscendunt;
2779 891 3109 936 concurrunt
3149 895 3334 934 omnia

3041 970 3063 1044 [
3084 973 3222 1026 votis
3246 988 3260 1036 ;

1755 1060 1955 1131 Puppis
1981 1061 2034 1116 in
2062 1061 2377 1133 obsequium
2408 1073 2736 1134 componunt
2761 1064 2976 1118 flamina
3006 1077 3221 1119 cursum
3247 1078 3263 1128 ;

1756 1153 2038 1210 Fluctibus
2066 1154 2291 1210 infestas
2321 1154 2505 1210 videas
2535 1157 2763 1211 cessisse
2792 1155 3085 1226 procellas;

1756 1245 1945 1300 Vivida
1976 1247 2027 1300 vi
2057 1248 2227 1301 virtus
2270 1255 2549 1300 ventorum
2576 1247 2799 1301 verbera
2834 1246 2981 1300 vicit.

1758 1337 1946 1408 Tuque
1973 1337 2124 1393 ferox
2151 1339 2362 1401 aberas,
2397 1338 2605 1392 dzemon
2639 1353 2744 1392 non
2775 1352 2938 1392 ausus
2975 1335 3193 1400 adesse;

1759 1426 1910 1493 Quod
1941 1428 2194 1492 necdum,
2228 1427 2417 1498 pelago
2446 1427 2613 1482 fueris
2637 1443 2758 1498 qure
2787 1442 2980 1495 passus
3010 1426 3062 1479 in
3094 1425 3226 1494 ipso,

1761 1519 2090 1574 Exciderant
2131 1521 2332 1575 animo.
2375 1519 2481 1575 Sed
2510 1535 2665 1574 mens
2693 1519 2785 1574 tibi
2820 1519 2979 1572 livida
3008 1530 3337 1588 quanquam,

1759 1610 1979 1680 Antiqui
2015 1611 2238 1680 populos
2268 1626 2544 1682 emergere
2573 1611 2726 1666 fauce
2755 1611 3025 1675 draconis,

1764 1699 2049 1754 Eternum
2078 1700 2284 1766 doleat;
2323 1702 2496 1755 virtus
2523 1701 2863 1756 sanctissima
2894 1708 3042 1753 certe

142 1787 269 1843 115.
316 1773 505 1858 'luque
549 1795 747 1843 lterum
813 1788 1046 1844 celebris
1096 1761 1331 1858 priscum
1359 1761 1655 1853 ,iLutetia,
1694 1761 1734 1821 Β
1764 1790 1977 1860 Impulit
2001 1791 2225 1845 invitum
2255 1761 2464 1862 populis
2493 1791 2784 1860 praedicere
2812 1799 2990 1843 vatem

1391 1892 1586 1932 nomen

1391 1892 1524 1932 noml

65 1966 331 2023 Carmine
359 1967 531 2022 conde
563 1981 714 2032 meo;
744 1967 876 2022 mihi
905 1975 1054 2022 certe
1083 1975 1284 2022 mentio
1309 1876 1524 2023 co[nstat

63 2057 305 2130 Semper
329 2069 477 2132 grata
507 2061 606 2126 tui,
647 2060 789 2130 quod
818 2069 871 2115 te
900 2076 1043 2115 nunc
1067 2061 1279 2115 ossibus
1309 2069 1467 2115 ornat

62 2149 288 2218 Sponsa
322 2151 351 2192 ιι
377 2151 485 2206 mei
522 2151 756 2217 Domini,
791 2151 1060 2221 quondam
1095 2151 1440 2207 celeberrima
1472 2150 1642 2222 signis

55 2241 182 2298 Huc
215 2254 351 2298 tunc
380 2244 654 2314 ingressus
677 2243 875 2313 praesul
905 2243 1229 2307 Germanus,
1267 2257 1453 2296 amore

53 2331 361 2401 Excipitur
384 2333 542 2387 miro.
574 2333 806 2387 Pronam
839 2332 1142 2387 benedictio
1170 2331 1382 2400 plebem

55 2423 349 2479 Confovet
379 2438 393 2476 :
425 2424 627 2492 ingenti
668 2422 970 2493 persultant
999 2422 1177 2476 omnia
1211 2421 1423 2491 plausu.

50 2514 324 2584 Depositi
348 2529 557 2569 memor
581 2513 671 2569 ille
701 2514 804 2579 sui,
837 2514 1058 2583 quinam
1089 2511 1424 2568 Genovefam

57 2606 245 2662 Casus
273 2613 426 2676 agat,
455 2605 632 2661 studio
664 2621 788 2660 mox
813 2613 1198 2676 percunctatur
1224 2605 1420 2659 amico.

59 2699 306 2757 Coelitus
334 2697 625 2768 attigerant
649 2697 887 2750 animum
933 2695 1272 2760 discrimina,
1305 2695 1488 2760 credo,

61 2790 347 2854 Plurima,
374 2802 495 2858 quae
522 2795 732 2857 tempus
759 2786 933 2840 fuerat
962 2799 1217 2855 perpessa
1243 2800 1341 2855 per
1367 2784 1496 2840 illud
1527 2803 1540 2838 :

67 2883 139 2938 Ut
171 2881 324 2938 solet
346 2879 613 2949 obloquiis
638 2878 808 2948 pietas
836 2875 1188 2932 succumbere
1213 2873 1384 2929 duris.

64 2973 294 3042 Parque
323 2969 430 3025 fuit
453 2969 620 3041 nigra;
644 2969 793 3024 virus
818 2965 1221 3036 deprehendere
1249 2964 1475 3029 mentis,

64 3067 206 3119 Cum
239 3070 509 3131 concepta
549 3059 715 3115 semel
744 3057 955 3111 furialis
993 3055 1200 3111 semina
1229 3053 1461 3108 ﬂamma:

67 3155 208 3221 Nec,
243 3161 443 3210 sancto
471 3158 733 3222 praesente
760 3147 914 3214 Viro,
943 3146 1097 3216 plebs
1135 3144 1296 3200 livida
1326 3142 1564 3214 pressit;

67 3245 171 3302 Cui
205 3253 404 3300 tamen
437 3241 527 3297 illa
556 3257 653 3297 suo
694 3238 887 3295 melius
913 3251 1073 3306 quam
1104 3242 1231 3290 nota
1258 3233 1468 3304 parenti
1499 3241 1600 3289 est.

143 3336 274 3392 1M.
311 3334 458 3390 Exin
485 3333 740 3404 virginea:
768 3330 975 3388 secedit
1011 3330 1065 3384 in
1094 3329 1276 3384 abdita
1304 3326 1471 3400 cellae,

65 3428 395 3498 Conseptus
421 3423 617 3496 populo
649 3441 661 3478 :
692 3423 871 3495 prodit
897 3436 1023 3476 mox
1051 3421 1212 3477 obvia
1237 3419 1392 3487 virgo
1416 3435 1431 3486 ;

66 3519 252 3587 Quam
277 3516 454 3572 Pater
478 3513 682 3585 ingenti
711 3527 941 3583 magnus
967 3511 1169 3582 pietate
1195 3511 1429 3575 salutat;

71 3609 343 3666 Numinis
375 3614 436 3661 ut
467 3605 724 3676 templum
753 3610 1070 3658 veneratum
1089 3599 1212 3670 jure
1238 3607 1480 3670 putares.

71 3705 216 3759 llinc
251 3706 518 3772 spectans
543 3695 784 3768 plebem,
822 3695 1118 3764 dextraque
1151 3691 1364 3747 silentia
1397 3687 1678 3751 mandans,

71 3795 330 3867 Virginis
356 3791 620 3860 auspiciis
651 3789 842 3859 repetit
867 3785 1133 3858 prteconia
1158 3784 1348 3854 primis
1381 3801 1395 3836 :

74 3889 146 3945 Ut
173 3900 413 3942 sacrum
442 3883 657 3938 Christo
682 3880 806 3935 felix
837 3878 1064 3933 infantia
1092 3891 1286 3947 corpus

68 3979 321 4051 Aptarit,
353 3975 506 4031 nullo
533 3972 904 4028 temerandum
931 3970 984 4023 in
1013 3968 1205 4024 sarcula
1233 3974 1391 4036 pacto
1417 3977 1430 4016 :

70 4072 145 4127 Se
172 4081 412 4142 quoque
433 4064 662 4136 virginei
689 4077 902 4132 semper
931 4060 1193 4114 mansisse
1218 4055 1463 4129 pudoris,

69 4163 364 4235 Abjuncto
394 4169 712 4228 quanquam
743 4159 1011 4207 secretum
1039 4163 1285 4220 corpore,
1319 4153 1530 4200 testem.

74 4254 290 4326 thue,
327 4252 434 4316 ait,
469 4247 718 4304 indubias
743 4250 947 4299 statuat
985 4241 1251 4298 sententia
1279 4246 1509 4304 mentes,

71 4348 442 4418 Argumenta
470 4339 546 4395 rei
573 4338 717 4394 ver-is
739 4333 1028 4407 perdiscite
1051 4331 1240 4403 signis.

73 4439 251 4505 Dixit,
279 4444 343 4491 et
373 4430 636 4487 infectam
664 4429 1026 4498 lacrymarum
1053 4422 1270 4478 ﬂumine
1292 4429 1549 4484 terram,-

75 4530 252 4600 Virgo
282 4538 466 4582 orans
497 4529 724 4576 recubos
753 4532 859 4587 qua
886 4531 944 4572 se
967 4515 1213 4570 flectebat
1238 4529 1290 4568 in
1315 4521 1489 4577 artus,

75 4622 348 4679 Ostentat
377 4612 573 4684 digito.
600 4609 956 4668 Rabieshinc
983 4608 1155 4679 pulsa,
1185 4606 1427 4661 furentes

76 4712 301 4777 Leniit;
347 4705 558 4772 incepti
589 4711 814 4758 cunctos
837 4700 1074 4771 piguisse
1100 4699 1333 4753 videres.

77 4807 380 4862 Consensu
412 4796 567 4851 socio
595 4793 802 4848 cunctis
830 4791 1136 4847 decernitur
1166 4791 1381 4856 insons;

77 4897 374 4952 lnsontem
406 4887 592 4944 cuncti
616 4893 861 4941 conserta
889 4883 1044 4939 laude
1068 4882 1334 4936 fatentur:

80 4982 392 5056 Componit
430 4977 650 5032 rabidos
682 4975 910 5030 assertio
938 4990 1065 5030 vera
1096 4971 1374 5039 tumultus,

81 5083 278 5151 Deque
310 5069 526 5130 animis
553 5068 656 5123 atri
683 5067 835 5138 pellit
860 5067 1106 5139 contagia
1141 5064 1296 5121 fellis.

82 5174 227 5200 v-:..
262 5165 518 5200 ῡηιιςεῖαα
542 5160 770 5200 noluhnic
799 5158 1069 5200 Cunnunf‘a
1101 5175 1195 5200 nm-
1223 5174 1347 5200 nmo

1715 4465 1768 4525 D

1763 1883 2020 1940 Praesulis
2047 1883 2356 1938 adventum.
2388 1881 2624 1936 Necdum
2651 1880 2965 1949 contingere
3003 1884 3205 1930 terram

1767 1974 2058 2040 Quiverat;
2106 1972 2278 2027 insula
2305 1971 2634 2027 Germanum
2663 1971 2774 2040 jam
2809 1977 2915 2023 tota
2957 1966 3241 2020 fremebat.

1767 2062 1928 2117 Forte
1959 2063 2060 2117 loci
2090 2064 2340 2132 princeps
2371 2060 2682 2130 llelaphius,
2725 2059 2902 2112 iudice
2933 2057 3099 2120 nullo,

1767 2156 2063 2214 Occursum
2107 2164 2399 2227 properat;
2443 2163 2553 2208 tam
2598 2161 2806 2207 certum
2841 2159 2925 2206 est
2963 2149 3186 2204 credere
3217 2145 3350 2201 vati.

1765 2247 1934 2302 Filius
1964 2248 2088 2301 huic
2116 2246 2306 2316 primis
2337 2259 2502 2299 curvo
2531 2244 2815 2296 damnatus
2839 2240 2905 2294 ab
2934 2237 3093 2292 anuis

1766 2338 1995 2406 Poplite,
2028 2336 2319 2390 marcentis
2351 2335 2548 2388 tulerat
2577 2329 2854 2400 dispendia
2883 2328 3076 2383 cruris.

1769 2431 2001 2485 Exhibet
2033 2430 2176 2484 hunc
2208 2442 2389 2484 secum
2423 2444 2440 2480 :
2468 2425 2713 2494 sequitur
2741 2419 3014 2492 provincia
3044 2425 3180 2483 tota,

1769 2522 1952 2577 Turba
1984 2520 2344 2581 sacerdotum,
2377 2529 2677 2572 concursus
2703 2511 2872 2566 inscia
2899 2508 3104 2579 plebes.

1771 2613 1972 2670 Ordine
2002 2610 2287 2668 submissis
2316 2608 2494 2680 prodit
2521 2605 2825 2661 benedictio
2852 2601 3061 2657 cunctis
3090 2616 3104 2652 :

1776 2706 1914 2761 Hine
1942 2704 2185 2759 doctrina
2212 2701 2387 2755 ﬂuens
2423 2697 2762 2754 sermonibus
2793 2694 2980 2764 irrigat
3006 2703 3214 2745 omnes.

1771 2795 2028 2868 Agnoscit
2056 2792 2282 2864 populos
2310 2791 2430 2844 fidei
2463 2798 2589 2842 tunc
2614 2800 2784 2856 usque
2815 2794 3064 2846 tenaces;

1772 2887 2036 2944 Auctores
2062 2884 2281 2940 sceleris
2311 2887 2643 2949 compertum
2673 2876 2904 2932 existere
2930 2885 3134 2942 paucos
3162 2886 3178 2922 :

1775 2978 2130 3046 Qumruntur;
2162 2973 2467 3040 vindexque
2493 2985 2618 3024 reos
2641 2963 2905 3021 sententia
2932 2961 3138 3032 plectit.

1850 3067 1973 3120 117.
2014 3063 2267 3134 lrrumpit
2302 3063 2497 3115 densas
2521 3056 2814 3127 Helaphius
2843 3053 2958 3122 ipse
2985 3059 3256 3112 catervas,

1775 3159 2066 3228 Objectans
2105 3155 2297 3210 claudo
2329 3153 2623 3208 deformem
2655 3162 2883 3217 corpore
2913 3154 3119 3199 natum.

1776 3249 1887 3304 Nec
1913 3247 2094 3302 verbis
2131 3260 2266 3314 opus
2298 3253 2410 3307 est;
2456 3242 2688 3310 allegant
2717 3238 2948 3309 plurima
2981 3249 3224 3298 causam,

1697 3388 1702 3391 _
1776 3337 1955 3402 .IEtas,
1992 3334 2264 3399 debilitas,
2299 3333 2552 3402 lacrymze
2589 3344 2750 3398 super
2787 3326 2964 3381 omnia
2998 3325 3188 3394 patris.

1778 3430 1936 3486 Elicit
1971 3429 2241 3498 ingentem
2274 3423 2577 3492 compassio
2599 3420 2744 3489 justa
2773 3419 3011 3473 dolorem

1779 3521 2113 3575 Cunctorum
2143 3532 2206 3570 ex
2237 3514 2432 3569 animis
2458 3531 2470 3566 :
2499 3511 2668 3566 ﬂexus
2694 3524 2855 3580 quam
2885 3508 3119 3561 maxime
3147 3505 3368 3575 prmsul,

1781 3613 1912 3668 Sese
1941 3609 2206 3682 praesidiis
2233 3606 2441 3662 confert
2467 3621 2530 3660 ex
2561 3619 2711 3658 more
2741 3600 3018 3672 supernis;

1781 3707 1917 3761 Tum
1941 3703 2194 3773 juvenem
2224 3700 2460 3756 residere
2486 3696 2666 3766 jubet;
2699 3710 2826 3750 mox
2856 3701 2974 3748 arte
3001 3691 3269 3761 magistra

1781 3795 2053 3866 Explicuit
2080 3793 2342 3848 medicam
2378 3790 2568 3844 doctus
2611 3800 2928 3842 succurrere
2955 3785 3226 3846 dextram,

1781 3889 2090 3943 Attrectans
2122 3885 2294 3939 siccos
2323 3881 2427 3936 leni
2457 3879 2762 3950 palpamine
2792 3890 3008 3931 nervos.

1784 3977 1925 4042 Mox,
1958 3985 2208 4043 tanquam
2241 3971 2422 4041 digitis
2451 3970 2639 4022 flueret
2674 3966 2940 4021 medicina
2969 3962 3230 4027 salubris,

1783 4065 2146 4134 Consequitur
2174 4060 2367 4114 fesuna
2399 4057 2574 4122 salus;
2619 4055 2756 4125 rapit
2795 4053 2942 4107 arida
2974 4065 3198 4106 succum

1785 4157 2082 4226 Compages
2109 4151 2368 4213 refluum;
2415 4154 2656 4202 remeant
2688 4146 2740 4199 in
2766 4144 2990 4213 pristina
3018 4141 3192 4207 nervi,

1784 4252 1962 4319 Atque
1990 4245 2336 4304 interdictum
2367 4247 2618 4312 repetunt
2642 4237 2868 4306 vestigia
2898 4235 3117 4298 ﬂexum,

1787 4340 2180 4408 Multorumque
2206 4333 2378 4392 oculis
2403 4332 2667 4387 fulserunt
2694 4329 2830 4383 dona
2862 4325 3052 4381 salutis
3084 4322 3167 4394 (ϐ.
3200 4321 3378 4392 Lugd.

2785 4418 2854 4491 [et
2881 4417 2970 4481 B.,
2996 4413 3304 4484 Creantis);

1795 4523 1928 4579 Cum
1958 4529 2112 4592 pater
2140 4517 2463 4573 incolumem
2507 4513 2697 4582 recipit
2736 4518 2858 4583 post
2897 4519 3140 4576 tempora
3168 4513 3388 4566 natum,

1798 4616 1969 4670 Natus
1996 4611 2340 4684 plaudentem
2371 4607 2560 4675 recipit
2592 4619 2687 4674 per
2714 4602 2911 4673 gaudia
2936 4605 3171 4671 patrem.

1801 4706 1892 4762 Sic
1920 4715 2026 4768 tua,
2059 4702 2296 4768 Christe,
2329 4697 2501 4754 modis
2527 4694 2734 4749 iuolent
2762 4688 3037 4764 praeconia
3066 4685 3226 4742 miris

1801 4799 1868 4854 Et
1895 4796 2014 4850 fidei
2045 4793 2265 4863 capiunt
2295 4789 2550 4846 invictum
2588 4792 2806 4852 pectora
2834 4783 3024 4838 robur.

1807 4892 1942 4948 Hinc
1968 4903 2122 4944 sacer
2157 4887 2224 4939 ad
2254 4886 2466 4957 plebem
2495 4893 2673 4933 sermo
2703 4875 3045 4934 convertitur
3076 4884 3307 4927 omnem

1803 4983 1878 5037 De
1907 4981 2076 5049 lapsu,
2106 4991 2198 5028 seu
2229 4989 2351 5046 quae
2377 4977 2630 5039 reparcnt
2663 4967 2938 5040 impendia
2968 4961 3210 5028 lapsum.

1802 5071 2018 5128 Obtinct
2053 5067 2300 5124 immotis
2330 5061 2575 5118 columen
2600 5055 2825 5118 fundata
2852 5049 3135 5114 columnis

1804 5163 1942 5200 φη...
1977 5159 2136 5200 nume
2173 5155 2300 5200 nas:
2321 5157 2572 5200 .mmnanl.
2599 5163 2702 5200 nm
2729 5153 2939 5200 fmdere
2971 5140 3184 5196 cuncti.
