3876 5416
572 316 712 379 1185
1572 317 1804 375 HERICI
1843 318 2149 377 MONACIII
2186 320 2843 380 ANTISSIODORENSIS
3611 338 3691 396 nu

571 428 830 486 Tartarea
859 437 971 485 tum
999 438 1151 500 peste
1188 445 1404 497 carens,
1431 430 1732 503 insignibus
1759 432 1914 488 almae
2134 421 2139 427 ’
2180 434 2234 496 Α
2260 432 2351 487 Bis
2377 436 2662 504 penetrare
2690 414 2889 489 datum.
2924 435 3006 491 bis
3036 435 3220 491 intima
3249 452 3449 496 cernere
3478 448 3607 513 magni

572 517 727 605 Nunc
754 533 965 589 quoque
990 535 1135 575 nunc
1162 519 1285 575 ﬁdei
1310 528 1462 576 casto
1490 520 1779 591 Splendore
1805 529 2079 577 coruscat.
2262 523 2499 581 Monstra
2532 527 2715 592 maris,
2750 526 2942 597 positis
2970 527 3074 582 huc
3103 530 3315 583 tandem
3344 529 3524 589 ﬂectere
3543 537 3652 605 velis;

573 601 712 665 Pace
738 609 871 665 locis
901 617 1073 680 parta,
1103 610 1290 681 Spoliis
1320 621 1662 682 percomptus
1688 612 1903 683 opimis,
2266 615 2504 688 Votaque
2537 627 2784 673 servatus
2808 618 3022 673 solvens
3054 618 3108 673 in
3134 619 3308 674 littore
3330 632 3508 687 nautes,

571 700 713 756 Alite
740 700 884 757 felici
911 714 1090 759 notam
1123 706 1382 760 remeavit
1415 706 1468 762 in
1500 706 1690 762 urbem
2263 709 2380 776 Qua
2408 710 2617 764 ratione
2639 717 2811 780 potes,
2844 708 3057 780 genium
3084 725 3272 765 curare
3296 722 3546 779 memento;

573 790 896 859 Germanus,
929 796 1139 865 superis
1164 797 1359 852 merito
1383 798 1726 866 gratissimus
1756 798 1939 855 astris.
2263 799 2447 869 Teque
2474 814 2604 870 para
2638 799 2843 870 (rerum
2871 813 2990 854 sors
3018 808 3103 854 est
3129 799 3349 872 incerta)
3382 799 3550 868 tutum;

647 884 771 941 118.
802 885 990 957 Tuque
1013 903 1067 953 ο,
1097 889 1182 944 cui
1208 896 1320 944 toto
1348 890 1611 946 discretos
1638 890 1769 945 orbe
1792 890 2085 945 Britannos
2264 890 2354 952 Ut,
2385 891 2428 946 si
2461 891 2580 961 quis
2608 891 2818 957 subeat,
2854 890 3029 960 possis
3059 906 3157 961 par
3185 905 3301 946 esse
3326 891 3492 947 labori.

1697 1156 2148 1255 PIUEFATIO.
2169 1157 2385 1219 LIBRI
2428 1158 2728 1246 QUINTI,

1800 1309 2010 1383 Δικὼλῳ
2053 1288 2280 1383 διάρὸφῳ
2326 1310 2610 1383 peracta.

1990 1473 2456 1490 ﬂ

647 1581 807 1640 Dives
834 1580 1085 1638 Daedalon
1115 1579 1243 1652 olim
1272 1580 1632 1652 Ἐκατόμπολις
1668 1591 1695 1620 ι
1736 1577 1930 1634 extulit
2341 1578 2460 1634 H9.
2504 1576 2629 1634 Haec
2656 1585 2707 1633 te
2735 1585 2974 1633 monstra
2999 1585 3213 1649 petunt,
3243 1577 3337 1634 tibi
3371 1575 3522 1633 fabula
3548 1580 3699 1650 manem

857 1672 1022 1729 Multa
1049 1672 1205 1727 laude
1231 1668 1480 1741 peritum.
1758 1708 1763 1713 α
2549 1669 2694 1735 erc,
2718 1667 2903 1740 ignare
2928 1677 3087 1739 poeta
3113 1687 3126 1722 :

649 1765 932 1836 Quondam
958 1766 1046 1836 qui
1076 1764 1286 1835 fugiens
1317 1763 1547 1818 Minoeia
1573 1762 1795 1833 palatia.
2334 1759 2452 1818 Jam
2474 1770 2540 1818 tu
2566 1754 2815 1818 Daedaleo
2838 1762 2997 1817 nimis
3022 1777 3191 1833 ocyor
3216 1761 3383 1827 Icaro,

860 1856 1013 1912 Ceris
1039 1856 1225 1912 nexuit
1254 1855 1387 1921 alas,
2549 1851 2839 1908 Terrarum
2870 1852 3054 1907 intima
3083 1853 3321 1923 linquis;

644 1946 848 2004 Pennis
873 1947 1200 2018 praepetibus
1227 1962 1452 2001 vacuum
1480 1954 1631 2026 natus
1658 1960 1787 2002 aera
2187 1983 2238 2045 Β
2337 1945 2475 2001 Dum
2503 1953 2556 2001 te
2582 1945 2837 2002 materies
2865 1946 3090 2001 nimium
3119 1947 3267 2017 rapit
3295 1946 3419 2004 ardu

860 2039 1000 2094 Tuto
1025 2053 1182 2109 posse
1209 2037 1403 2093 meari.
2187 2036 2235 2045 ’
2547 2036 2699 2094 Caelo
2728 2036 3007 2093 intendere
3028 2052 3260 2107 pennas.

644 2127 853 2184 Ascivit
880 2128 1132 2184 comitem
1159 2126 1351 2182 levitas
1374 2126 1661 2182 temeraria
2332 2130 2509 2203 Atque
2537 2145 2572 2186 ο
2600 2128 2942 2184 dulcicauum
2979 2129 3256 2198 raperetis
3280 2129 3332 2183 in
3357 2127 3532 2194 alitem,

860 2220 1021 2277 Lat-vo
1048 2219 1257 2276 foedere
1279 2230 1519 2292 gnatum,
2548 2221 2938 2291 Manarentque
2965 2234 3169 2276 canoro

644 2313 704 2371 In
730 2314 1012 2387 patrisque
1044 2313 1185 2369 latus
1224 2313 1369 2369 subit
1398 2311 1568 2385 aliger
1606 2310 1806 2377 Icarus,
2334 2311 2536 2369 Pluma:
2557 2329 2651 2384 per
2672 2313 2869 2385 digitos
2897 2312 3267 2381 numerosque
3293 2308 3501 2372 volatili!

863 2405 1167 2461 Patrissare
1197 2414 1441 2461 coactus.
2549 2402 2684 2459 Tum
2714 2412 2768 2459 te
2794 2418 2892 2474 per
2914 2401 3175 2472 liquidum
3204 2401 3400 2456 aethera

646 2496 784 2553 Tum
820 2498 1005 2554 videre
1030 2496 1141 2568 poli
1171 2497 1278 2552 duo
1304 2495 1776 2568 quadrupedantia
2335 2492 2649 2550 Nectentem
2667 2494 2898 2550 modulis
2918 2494 3056 2549 bene
3077 2492 3300 2549 dissona
3323 2492 3531 2547 limmata
3546 2486 3702 2559 (B.,leu-

860 2587 1103 2644 Primum
1129 2595 1373 2644 monstra
1401 2587 1606 2645 volare.
3498 2576 3668 2655 [mata'l

644 2678 840 2736 Arctos
872 2679 940 2734 ad
969 2679 1174 2750 gelidas
1198 2687 1351 2749 pater
1376 2678 1604 2750 impiger
1637 2678 1835 2745 evolat,
2553 2676 2719 2732 Vivax
2748 2689 2925 2746 penna
2951 2675 3158 2732 bearet.

860 2769 1032 2826 Tutus
1057 2768 1257 2840 frigore
1283 2768 1417 2824 laevo
1448 2787 1462 2823 :
2334 2766 2451 2823 Abl
2479 2774 2533 2823 te
2556 2782 2626 2822 ne
2650 2766 2901 2837 subigam
2928 2764 3222 2820 temeraria
3245 2762 3463 2828 ludicra,

648 2860 887 2918 Tandem
921 2861 1249 2918 Chalcidicis
1277 2861 1616 2932 superastitit
1639 2860 1859 2917 arcibus
1877 2877 1890 2890 ·
2548 2860 2685 2915 Dum
2713 2858 2963 2915 sublimia
2992 2867 3194 2914 tentas.

862 2950 989 3006 Haec
1013 2952 1247 3021 primum
1279 2951 1458 3020 attigit
1484 2966 1613 3004 arva
1646 2968 1660 3004 :
2335 2949 2458 3006 Abl
2486 2965 2553 3006 ne
2579 2950 2909 3021 prmeipitem
2937 2947 3241 3018 penetralia
3270 2946 3475 3002 fulmina

648 3039 750 3098 Hic
779 3043 1036 3114 templum
1066 3042 1160 3098 tibi
1188 3041 1388 3109 nobile,
1417 3042 1644 3109 Phoebe,
1672 3042 1887 3107 dicavit,
1918 3049 1974 3097 et
2550 3041 2702 3098 Saeva
2732 3042 2786 3097 in
2824 3050 3028 3096 tartara
3055 3040 3265 3111 pellant
3294 3056 3309 3095 :

858 3132 1055 3189 Fessas
1078 3134 1230 3189 exuit
1257 3133 1391 3189 alas.
2333 3133 2561 3201 Ouando
2588 3143 2764 3191 exstat
2789 3134 3013 3190 vetitum
3044 3133 3212 3188 nimis
3239 3132 3402 3188 ardua
3425 3126 3630 3203 persequi.

649 3223 840 3293 Natus,
870 3226 1127 3282 Daedaleis
1160 3227 1336 3281 minus
1366 3226 1574 3297 integer
1604 3226 1832 3293 artibus,
2551 3224 2661 3281 Nec
2688 3224 3269 3285 transcenderevires.

860 3316 1219 3388 Incautusque
1246 3317 1452 3387 pericli,
2188 3336 2235 3402 ρ
2336 3316 2434 3374 His
2462 3326 2539 3382 tu,
2569 3316 2804 3381 Christe,
2827 3325 2982 3385 potes
3009 3315 3338 3371 medicarier
3362 3313 3519 3377 unice,

645 3404 774 3464 Plus
792 3407 940 3479 justo
967 3409 1176 3482 ἔμπύριι
1205 3409 1348 3464 subit
1375 3406 1543 3463 ardua
1569 3407 1805 3463 climatis
1846 3408 1956 3478 (8.,
1988 3429 2159 3480 ιμπν-

1569 3407 1805 3463 climatis
1846 3408 1956 3478 (8.,
1988 3429 2159 3480 ιμπν-
2543 3407 2669 3463 Haec
2695 3407 2911 3462 eludere
2942 3407 3044 3462 tela
3077 3424 3092 3461 :

1553 3497 1757 3574 [ρίουη.
1787 3499 2045 3570 κλίματος)
2070 3515 2086 3565 ;
2333 3499 2404 3555 Et
2429 3499 2514 3556 cui
2541 3512 2696 3569 posse
2721 3497 2822 3553 fuit
2850 3498 2977 3554 dare
3007 3496 3079 3552 tal

2333 3499 2404 3555 Et
2429 3499 2514 3556 cui
2541 3512 2696 3569 posse
2721 3497 2822 3553 fuit
2850 3498 2977 3554 dare
3007 3496 3133 3554 talia
3164 3496 3287 3553 ﬁeri
3312 3495 3418 3570 [B.,
3442 3487 3626 3559 conﬁci];

861 3593 981 3649 Mox
1010 3597 1201 3665 pennis
1228 3595 1499 3661 resolutis,
2550 3590 2666 3647 Non
2700 3600 2752 3646 te
2776 3605 2934 3659 posse
2959 3590 3207 3661 negarim

646 3683 952 3757 Cognomen
983 3687 1168 3760 pelago
1195 3689 1339 3744 dedit
1360 3689 1542 3745 Icarus
1566 3688 1745 3755 obvio,
2335 3682 2496 3741 Casto
2523 3682 2640 3740 vela
2664 3683 2882 3753 quidem
2906 3681 3038 3737 dare
3063 3681 3349 3738 commoda
3374 3674 3591 3738 carmini;

862 3778 1032 3834 Saevis
1059 3779 1287 3837 obrutus
1315 3780 1494 3852 undis.
2448 3798 2453 3803 ·
2547 3773 2658 3831 Nec
2685 3789 2810 3845 spes
2834 3772 3013 3829 deviat
3041 3787 3297 3843 usquam.

650 3921 677 3950 ι
713 3911 1098 3986 Ἐκᾳῖόμπολιςε
1148 3914 1205 3968 id
1249 3924 1357 3981 est,
1402 3898 1615 3970 centum‘
1648 3916 1916 3972 civitatum
1964 3918 2161 3986 insula,

1710 3916 1916 3972 vitatum
1964 3918 2161 3986 insula,
2336 3905 2367 3947 δ
2399 3908 2468 3963 Id
2491 3917 2562 3964 est
2591 3905 2912 3961 Hemitonia.
2943 3904 3067 3960 Not.
3103 3920 3241 3961 mss.

583 3976 739 4033 Creta
767 3976 1020 4037 videlicet.
1053 3982 1117 4037 N.
1151 3999 1279 4040 mss.
1343 3976 1354 3981 ⁷
1546 3990 1555 3997 ’

573 4092 3690 4145 —____.;__________‘________—_—————‘

1795 4223 2098 4304 LIBER
2171 4215 2667 4316 QUINTUS.

1996 4399 2459 4421 *-

1095 4509 1324 4568 CAPUT
1353 4509 1643 4568 PRIMUM.
2262 4504 2453 4561 Dicere
2486 4503 2624 4574 plus,
2652 4503 2846 4560 fecisse
2874 4503 3076 4570 minus,
3103 4512 3323 4560 taxatur
3348 4503 3596 4559 honestum.

575 4620 969 4677 Armoricorum
990 4623 1292 4699 prodigiosa
1312 4624 1577 4699 _de[ensio,
1610 4634 1664 4699 et
1692 4640 1825 4699 nova
1855 4637 1949 4699 pro
1971 4622 2155 4699 iisdem
2261 4593 2500 4699 {legibus
2528 4593 2679 4699 ha"°_
2697 4592 3132 4699 “deinnunquam
3163 4608 3400 4699 “Was.”

645 4680 1169 4765 susceptaprofectio'
1207 4694 1262 4749 in
1302 4680 1866 4760 Ita'liamfmiracula'
1888 4695 1940 4747 in
1975 4693 2157 4747 itinere
2261 4684 2469 4756 Smpius
2497 4694 2799 4756 expertum.
2830 4684 3030 4753 Quare,
3055 4701 3167 4756 quo
3188 4686 3418 4757 principe
3437 4680 3542 4737 felix

576 4764 581 4769 ”
647 4777 808 4832 usque
835 4763 903 4817 ad
920 4763 1083 4835 ‘Alpes
1109 4765 1273 4834 facta.
2258 4778 2412 4835 Tunc
2436 4793 2649 4889 quoque
2675 4778 2904 4889 ﬂorebat
2932 4777 3101 4834 titulis
3127 4778 3419 4889 respublica

647 4869 769 4925 120.
797 4869 1018 4927 Defesso
1039 4872 1212 4945 pelagi
1242 4873 1409 4944 glebae
1437 4873 1635 4929 natalis
1664 4874 1716 4928 in
1747 4890 1871 4929 oras
2182 4914 2234 4945 η
2262 4868 2453 4940 Magna
2481 4867 2627 4924 salus
2654 4868 2843 4938 patriae
2880 4866 3100 4940 (nomen
3126 4867 3228 4923 fuit
3251 4868 3418 4924 ditius
3440 4862 3522 4933 illi)

577 4959 681 5017 Vix
704 4974 948 5016 remeare
976 4964 1181 5028 datum,
1220 4980 1343 5020 cum
1374 4966 1620 5036 protinus
1643 4965 1799 5022 obvia
1828 4966 1987 5038 longo
2179 4955 2232 4975 "
2259 4960 2529 5016 Pertaesus
2563 4960 2783 5016 tumida
2812 4975 2993 5017 mores
3018 4969 3074 5015 et
3099 4961 3324 5015 crimina
3348 4955 3515 5028 gentis.

576 5046 859 5098 Procul-rit
885 5060 1056 5098 Iram“
1093 5054 1257 5098 tangis
1282 5055 1476 5098 lponlin
1505 5058 1696 5098 nnlmic
2259 5053 2586 5098 Vnclnndnm
2623 5055 2811 5098 riaidie
2838 5044 3054 5098 ‘lnnrlnm
3081 5055 3323 5098 nnrmieil
3357 5048 3528 5098 Alanis.
