3876 5416
127 287 252 350 1185
1161 291 1250 346 DE
1289 289 1446 346 VITA
1485 287 1543 346 S.
1583 291 1658 348 (ΞΕ

1831 292 1914 348 Νι.
1953 324 2025 334 -
2060 295 2188 351 LIB.
2234 299 2300 354 γ.
3219 305 3356 364 1186

121 410 246 478 Quid
273 404 429 478 possit
464 403 649 458 feritas
681 420 696 458 :
728 417 928 458 saevum
968 401 1108 473 rapit
1149 404 1427 474 improbus
1455 419 1669 475 agmen,
1701 417 1746 473 Α
1777 405 1966 461 Castra
1997 407 2190 464 dehinc
2219 418 2488 478 repetunt.
2522 409 2711 466 Merito
2741 412 2818 467 sic
2841 414 3086 484 praesulis
3120 418 3246 474 almi

117 503 305 556 Ardeas
327 506 521 568 Optata:
549 497 946 566 quamprimum
983 497 1294 552 incumbere
1320 501 1532 567 prinde).
1778 496 2005 567 Depouit
2027 499 2292 568 trepidum
2319 516 2450 569 gens
2479 500 2832 557 Armoricana
2862 505 3108 562 timorem
3131 549 3144 574 ,

186 592 291 646 ﬁl.
315 587 562 644 Percellit
584 587 839 642 miseram
865 588 980 641 dira
1011 587 1343 657 exspectatio
1367 597 1604 659 gentem,
1775 589 2070 662 Emergeus
2103 591 2316 646 tandem
2345 593 2576 647 truciutn
2610 595 2677 648 de
2702 594 2855 650 fauce
2880 597 3146 654 ferarum°

117 685 181 739 Et
208 695 364 739 metus
393 681 712 750 impatiens;
744 691 798 734 et
827 696 1006 735 rerum
1033 681 1295 749 plurimus
1332 683 1526 736 horror
1553 700 1564 734 :
1775 678 1888 734 Hac
1911 681 2120 736 ratione
2149 689 2344 745 tamen,
2375 692 2542 752 partre
2563 699 2660 753 per
2690 684 2894 740 foedera
2923 688 3044 756 paci

114 776 218 831 Nec
239 790 356 829 vero
382 773 608 842 simplex
641 781 794 844 urget
821 773 1115 842 praecordia
1148 781 1325 827 terror
1355 791 1367 826 :
1773 768 2050 826 Romanus
2075 773 2325 842 stipulam
2355 789 2398 827 ει
2427 775 2665 842 praebeat
2692 776 3059 845 induperator.

109 868 220 922 Non
249 866 485 922 conferre
515 881 759 928 manum,
792 881 896 919 non
928 865 1062 919 fines
1097 866 1250 920 hoste
1281 866 1438 930 tueri,
1845 862 1969 916 124.
2012 865 2135 921 llaec
2189 880 2448 936 quorsum
2499 869 2748 935 tendant,
2814 870 2948 924 satis
3003 880 3088 926 est
3137 871 3354 932 edicere

108 960 216 1014 Non
241 961 419 1015 saltem
450 968 662 1014 tentare
693 958 870 1028 fugam
898 959 1165 1013 sententia
1194 958 1386 1029 surgit.
1866 970 1876 980 ’
2913 961 3280 1034 [promptum

69 1053 270 1123 -Fingtt
294 1051 519 1122 quisque
549 1051 648 1105 sibi
679 1050 814 1104 varii
841 1049 1152 1104 discrimina
1185 1050 1334 1114 lethi,

1821 1060 1867 1110 e,
1902 1043 2080 1111 Pater,
2110 1046 2225 1102 hare
2250 1064 2489 1115 rursum,
2515 1061 2567 1105 te
2591 1059 2738 1106 certe
2768 1052 2884 1107 ltmc
2911 1053 3034 1108 talia
3065 1064 3352 1126 spectant:

103 1143 320 1214 Solaque
346 1151 608 1212 suspectte
641 1149 856 1211 torquet
885 1140 1072 1194 dilatio
1102 1141 1310 1194 mortis.
1767 1135 1886 1190 .lam
1912 1146 1961 1191 tc
1990 1138 2248 1204 sidereus,
2271 1138 2382 1207 jam
2415 1140 2611 1195 dudum
2641 1144 2812 1212 poscit
2836 1142 3115 1216 Olympus,

103 1236 213 1292 Una
244 1237 422 1291 subest
453 1235 667 1290 miseris
693 1235 832 1289 ratio
858 1243 1071 1289 servata
1101 1233 1320 1300 salutis;
1769 1227 1950 1297 Teque
1979 1229 2105 1282 olim
2131 1231 2344 1285 miscrts
2377 1235 2681 1288 mordacius
2709 1235 2910 1290 invidet
2935 1239 3098 1293 arvis.

99 1325 154 1379 Si
188 1342 240 1381 se
265 1326 510 1397 dignetur
536 1326 728 1398 gladiis
757 1341 1028 1396 opponere
1054 1325 1268 1396 praesul.
1767 1317 1833 1372 At
1858 1335 1962 1372 non
1995 1320 2282 1390 terrigenis
2310 1322 2390 1377 fas
2422 1332 2504 1377 est
2537 1325 2800 1380 excedere
2822 1328 3037 1393 castris,

95 1417 297 1487 Legatis
325 1419 438 1473 hzec
464 1433 674 1472 summa
711 1417 830 1471 fuit.
861 1417 998 1484 Quid
1027 1433 1168 1472 nunc
1194 1432 1426 1487 quoque,
1455 1428 1661 1484 sancte,
1764 1408 1883 1478 Ipse
1911 1412 2090 1480 quoad
2116 1411 2300 1467 Latias
2323 1429 2571 1484 gressum
2602 1417 2842 1472 deﬂexus
2877 1418 2930 1472 in
2967 1435 3114 1484 oras,

95 1505 224 1572 Quid
249 1505 485 1562 facturus
512 1507 659 1580 eris?
695 1507 752 1561 Si
785 1517 836 1562 te
865 1508 1166 1562 subducere
1199 1516 1395 1574 tentes,
1764 1501 1862 1555 llic
1888 1518 2101 1572 quoque
2137 1505 2411 1559 ctelestem
2439 1506 2605 1561 facias
2634 1506 2924 1562 ﬂavescere
2949 1525 3200 1564 messem.

89 1595 256 1660 Nosti,
283 1598 406 1667 quid
430 1607 587 1668 capto
618 1599 687 1652 sit
727 1599 932 1653 viscera
962 1598 1212 1652 claudere
1243 1599 1394 1652 fratri
1425 1617 1436 1652 :
1762 1592 1968 1662 Forsan
1997 1603 2050 1648 et
2073 1594 2190 1649 hinc
2215 1597 2425 1664 superis
2451 1599 2622 1652 fertur
2660 1600 2925 1654 sententia
2955 1599 3144 1668 fastis;

91 1683 213 1740 Sive
235 1685 422 1756 juvare
451 1687 616 1752 velis;
660 1696 864 1742 terrent
891 1704 1049 1758 quam
1081 1689 1244 1743 multa
1275 1690 1588 1743 volentem?
1766 1681 1856 1746 Ul.
1889 1695 2264 1740 consumlllalo
2287 1703 2610 1756 magnorum
2647 1688 2751 1743 fine
2779 1690 3044 1757 laborum,

86 1774 198 1831 Rex
227 1776 386 1842 ferus,
413 1778 696 1832 horrenda:
726 1777 902 1832 rabies
941 1778 1209 1848 incognita
1248 1778 1442 1848 gentis,
1690 1758 1732 1816 Β
1767 1773 1948 1827 νίοιοΐ
1979 1775 2028 1827 i"
2052 1774 2201 1828 “alia
2233 1777 2415 1844 capias
2451 1779 2659 1847 insigne
2687 1781 2999 1845 superbum.

81 1867 149 1922 Et
178 1868 345 1939 lingua
374 1878 430 1923 et
456 1883 650 1928 mores,
687 1878 956 1938 torvteque
985 1869 1255 1938 protervia
1291 1869 1512 1934 frontis;
1757 1864 2048 1932 Qtucsitarn
2081 1869 2318 1934 meritis,
2352 1880 2562 1940 partam
2593 1871 2792 1926 virtute
2818 1887 3100 1939 coronam,

83 1961 215 2014 Tum
243 1962 382 2031 quod
404 1961 649 2031 perpetui
677 1961 947 2016 defessum
978 1962 1117 2016 mole
1153 1961 1351 2017 laboris
1756 1955 2082 2011 Distiuctum
2117 1959 2356 2027 pulchris
2381 1961 2598 2015 rutilum
2629 1963 2878 2016 diadema
2910 1963 3146 2035 beryllis.

75 2050 377 2106 Destituant
404 2062 593 2108 tenues
628 2052 900 2106 ineuntem
933 2053 1155 2122 grandia
1183 2053 1344 2106 vires.
1755 2044 1799 2100 Ο
1827 2045 2017 2099 Pater!
2051 2045 2095 2102 Ο
2120 2049 2332 2118 magnis
2355 2050 2528 2120 pelagi
2557 2052 2805 2105 defuncte
2832 2053 3079 2121 periclis!

69 2140 204 2197 Fide
234 2141 370 2207 Deo;
413 2141 650 2196 fraterna
679 2141 815 2196 feret
842 2142 1056 2196 dilectio
1081 2142 1332 2211 palmam.
1756 2135 1830 2189 Te
1866 2139 1960 2190 scd
2012 2140 2185 2194 adhuc
2215 2141 2488 2195 subeunda
2539 2151 2756 2196 manent
2795 2144 3190 2213 quamplurima
3232 2154 3342 2202 ter—

68 2232 241 2287 P0535-
265 2234 414 2289 dabit
435 2273 450 2298 ν
500 2233 589 2302 qui
621 2233 754 2288 velle
783 2233 928 2287 dedit
957 2251 969 2287 ;
1005 2248 1090 2287 res
1118 2233 1286 2286 ardua
1321 2247 1651 2302 quanquam.
1754 2224 1871 2292 Quo
1906 2235 2185 2296 tecumque
2210 2228 2345 2284 feret
2375 2230 2612 2294 fortuna,
2645 2232 2927 2287 audentior
2954 2235 3045 2289 ito.
3209 2235 3340 2309 [risz

66 2325 340 2380 Concedet
363 2327 525 2396 justis
561 2327 693 2380 laevo
727 2342 848 2380 mox
884 2325 1103 2381 numine
1137 2327 1296 2379 votis.
1753 2317 1798 2374 0
1827 2321 2076 2389 graviora
2106 2329 2284 2375 tamen
2313 2322 2505 2377 crebro
2539 2323 2852 2378 discrimina
2880 2340 3061 2394 passe,

147 2415 269 2469 122.
301 2417 441 2489 Ergo
472 2419 576 2472 iter
607 2419 832 2472 invadit.
861 2418 1060 2472 Aderat
1099 2434 1230 2487 gens
1263 2417 1486 2486 perfida,
1520 2419 1653 2476 ﬁnes
1753 2411 1850 2468 llis
1877 2414 2198 2484 quandoque
2228 2413 2367 2470 feret
2394 2414 2525 2470 felix
2548 2418 2852 2472 constantia
2890 2419 3070 2472 linem.

57 2503 184 2559 Jam
213 2516 549 2578 transgressa
580 2524 739 2573 suos;
778 2509 970 2564 faciem
1007 2511 1214 2565 telluris
1243 2521 1442 2582 aperta:
1828 2507 1951 2562 125.
1993 2507 2102 2562 Nec
2141 2524 2292 2563 mora
2325 2508 2494 2578 (Quas
2525 2511 2722 2564 etenim
2754 2510 2983 2566 ﬂammis
3033 2511 3344 2568 cmlestibus

59 2595 315 2665 lmplerat
348 2597 583 2653 ferratus
610 2614 806 2668 eques;
842 2617 934 2655 rex
963 2601 1194 2669 agminis
1226 2604 1326 2656 atri
3051 2600 3270 2674 [ardens

58 2687 330 2743 Barbarus
360 2689 413 2742 in
445 2690 642 2753 medio,
679 2691 918 2746 trucibus
952 2692 1254 2747 horrendus
1290 2694 1342 2748 in
1382 2696 1572 2762 armis,
1751 2689 1942 2744 Posset
1961 2691 2163 2746 habere
2194 2691 2442 2761 mOI‘aS?)
2476 2693 2645 2762 patris
2674 2692 2952 2764 digressus
2983 2691 3052 2746 ab
3084 2693 3229 2758 οῖ’ῖεο

57 2778 272 2847 Optata:
295 2793 390 2848 spe
415 2778 578 2833 caedis
601 2779 736 2833 hiat.
766 2779 886 2834 Mox
915 2783 1163 2850 praeditec
1194 2783 1365 2838 fidens
1750 2781 1973 2849 Alpinas
1997 2782 2228 2836 celerem
2253 2798 2502 2852 gressum
2532 2785 2820 2854 detorquet
2845 2785 2899 2838 in
2929 2801 3115 2849 arces;

53 2869 364 2924 Germanus
399 2869 657 2933 Domino,
687 2871 894 2925 medios
928 2872 1178 2941 irrumpit
1212 2873 1263 2927 in
1295 2873 1499 2940 hostes,
1754 2872 1937 2942 Teque
1966 2874 2162 2927 iterum
2192 2875 2447 2944 gradiens
2485 2876 2666 2929 studio
2695 2875 2917 2945 pietatis
2949 2876 3124 2940 avitai,

51 2960 394 3032 Armaloque
418 2962 538 3016 duci
567 2977 684 3017 sese
712 2962 978 3032 (mirabile
1003 2963 1218 3033 dictu!)
1616 3017 1630 3028 ,
1752 2962 1889 3019 Care
1920 2965 2054 3033 petit
2081 2964 2292 3018 meritis
2316 2972 2371 3017 et
2399 2964 2674 3032 relligioue
2705 2965 2952 3031 Senator,

51 3053 263 3122 Ingerit
289 3055 619 3124 intrepidus;
649 3057 934 3126 medioque
965 3057 1278 3128 interprete,
1313 3061 1544 3129 primum
1674 3107 1716 3129 η
1751 3052 1980 3124 Hospitii
2007 3065 2163 3125 grato
2189 3069 2453 3125 pensllrus
2483 3055 2667 3110 fenore
2695 3056 2894 3111 dotem.

121 3107 151 3122 υ
2438 3107 2662 3110 -

50 3145 286 3213 Exorat,
319 3162 545 3217 seseque
573 3163 763 3219 preces
791 3149 1016 3203 etl‘undit
1039 3149 1090 3202 iu
1119 3107 1343 3205 omnes.r
1673 3107 1717 3169 C
1750 3143 2006 3199 Constitit
2031 3156 2155 3201 ante
2185 3147 2369 3202 oculos
2399 3149 2574 3203 subito
2602 3151 2862 3217 producta
2891 3149 3089 3218 puella.

43 3237 166 3303 Ille,
184 3255 380 3295 manus
403 3241 614 3295 indocta
638 3243 747 3310 pati
772 3257 870 3296 ceu
893 3242 1063 3296 bestia
1080 3244 1353 3313 quondam
1376 3243 1647 3316 (B.,qua:-
1750 3233 2057 3290 OmllimOdi
2085 3239 2352 3292 sermonis
2383 3240 2567 3308 ίηοΡδ,
2601 3255 2762 3308 quam
2793 3240 2947 3308 longa
2978 3243 3142 3296 οοαένί

41 3325 314 3384 Orantem
342 3329 558 3399 refugit.
595 3331 794 3385 Praesul
829 3334 1170 3387 cunctamina
1195 3334 1323 3388 smvi
1447 3333 1640 3408 Nam),
1749 3326 1982 3381 Cardine
2007 3327 2090 3381 bis
2119 3329 2255 3381 deuo
2283 3329 2579 3396 carpebant
2607 3330 2803 3380 damna
2828 3329 3024 3383 silenti.

41 3414 301 3472 Pectoris
333 3419 634 3490 increpitat.
665 3419 1024 3476 Nihilominus
1047 3423 1234 3476 abnuit
1263 3423 1371 3480 ille.
1748 3414 2008 3471 Cominus
2035 3418 2308 3471 admotam
2340 3417 2478 3471 miro
2514 3417 2823 3487 dignamine
2857 3419 3051 3488 pracsul

38 3507 300 3564 Antistes
321 3512 516 3580 emptis
543 3513 759 3567 tandem
784 3515 1078 3582 persistere
1101 3525 1284 3571 certus
1306 3557 1320 3581 ,
1748 3505 2020 3576 Suscipil;
2054 3505 2176 3560 inde
2206 3521 2365 3559 manu
2405 3507 2597 3560 ίδοίθιη
2631 3507 2922 3575 Peril!“rat
2946 3507 3119 3562 amica
3142 3547 3158 3574 ν

37 3598 353 3671 lnjecitque
382 3617 624 3668 manum,
647 3603 906 3676 frtenique
937 3606 1132 3661 invasit
1163 3609 1420 3665 habenas.
1747 3597 1842 3662 Os,
1868 3597 2098 3650 frontem
2119 3636 2134 3661 .
2165 3605 2216 3650 et
2253 3604 2422 3650 totum
2449 3597 2790 3666 permulcens
2822 3599 3057 3668 unguine
3084 3599 3292 3654 vultum
3312 3615 3327 3629 ο

34 3691 386 3748 Immensum
414 3705 668 3767 stupuere
695 3714 902 3754 omnes.
936 3698 1214 3754 Sisluutur
1241 3703 1429 3756 eodem
1745 3692 1988 3760 Tresque
2017 3690 2214 3746 dehinc
2240 3691 2394 3760 ραιιίε
2425 3691 2548 3744 Vino
2569 3691 2886 3760 permiscuit
2913 3690 3085 3758 Oﬂ‘us;
3112 3708 3120 3750 ι

34 3783 286 3854 Agmina
319 3786 420 3840 fixa
445 3787 598 3853 loco;
628 3804 727 3878 πιθα
751 3791 894 3844 cedit
923 3791 1076 3860 copia
1105 3792 1356 3863 cuiquam

1744 3780 1911 3851 Inque
1941 3796 2002 3835 os
2032 3781 2276 3836 attonita:
2305 3795 2636 3851 componens
2667 3781 2893 3850 virginis
2928 3771 3111 3848 unam,

37 3874 145 3928 Vel
182 3886 397 3932 mutare
432 3878 628 3943 locum,
648 3871 741 3935 'vel
772 3897 1042 3952 quoquam
1071 3882 1288 3938 flectere
1317 3897 1588 3952 gressum,
1742 3871 1997 3942 Imperat,
2030 3882 2310 3942 acceptum
2341 3881 2541 3941 prazeat
2572 3872 2878 3926 benedictio
2903 3887 3120 3942 panem.

31 3965 229 4021 Tanto
257 3968 480 4024 siuei-um
506 3972 738 4043 ρει-[υιιίι
763 3976 935 4043 grana
961 3974 1094 4028 lucis
1741 3961 1836 4016 Illa
1867 3962 2178 4016 Sacerdotis
2200 3977 2398 4032 parens
2427 3964 2494 4017 ad
2521 3963 2730 4034 singula
2762 3965 2963 4028 verbis,

26 4057 371 4114 Pontificem
401 4062 550 4117 radio
581 4080 592 4116 :
627 4079 727 4133 par
753 4065 988 4119 vultibus
1020 4065 1110 4120 ille
1147 4063 1364 4135 Moysis,
1689 4079 1692 4084 ·
1743 4055 1920 4111 Edicit
1943 4056 2126 4126 pleno,
2157 4055 2353 4125 praesul
2384 4057 2525 4126 quod
2547 4055 2809 4125 jusserat,
2834 4073 2948 4114 ore.

22 4152 345 4207 Corntttam
371 4153 565 4210 faciem
601 4155 809 4210 Domini
837 4155 1118 4212 referentis
1145 4157 1214 4210 ab
1240 4172 1357 4222 ore,
1744 4147 1836 4203 Sic
1864 4157 2051 4204 uxoria
2083 4164 2222 4203 n0V0
2261 4163 2486 4203 manans
2515 4147 2768 4204 facundia
2802 4151 2929 4214 l‘ilu.

23 4243 270 4298 Terruit
293 4245 557 4300 immanes
586 4245 779 4300 frontis
809 4247 1432 4318 splendorepltalanges,
1741 4240 1942 4296 {Etatis
1970 4239 2204 4309 reliquos
2229 4240 2353 4293 exin
2379 4240 2593 4294 duravit
2619 4242 2672 4294 in
2700 4257 2893 4298 annos.

22 4335 157 4389 Non
189 4351 355 4390 ausas
378 4337 497 4400 niti,
531 4353 637 4392 non
667 4353 828 4394 ausas
850 4337 1070 4392 tendere
1091 4349 1300 4392 contra.
1815 4333 1940 4388 1'26.
1979 4333 2104 4387 lude
2132 4332 2496 4402 profecturus,
2530 4344 2887 4405 praeterquam
2921 4334 3060 4389 forte
3088 4334 3320 4402 solebat.

105 4425 244 4479 ηδ.
266 4425 376 4480 Rex
397 4425 542 4482 ferus
566 4427 875 4483 indomitam
892 4429 1078 4499 jussus
1093 4430 1358 4498 deponere
1377 4442 1633 4500 mentem,
1667 4459 1715 4520 Β
1743 4425 1928 4481 Artius
1953 4424 2261 4479 unanimem
2301 4425 2670 4494 complexibus
2697 4435 2852 4496 urget
2880 4426 3151 4493 amicum;

22 4513 281 4569 Miratur
312 4517 518 4586 potius;
545 4518 814 4586 stupidum
847 4519 1102 4572 miracula
1137 4528 1341 4575 terrent
1369 4539 1383 4575 :
1668 4513 1705 4520 ⁷
1739 4521 1991 4588 Interque
2019 4517 2300 4586 amplexus
2329 4533 2490 4587 quam
2519 4517 2665 4572 molli
2695 4517 2896 4573 famine
2925 4517 3191 4582 mulcens,

19 4606 174 4674 Qua:
212 4617 322 4662 tam
347 4611 740 4679 magnanimem
771 4611 932 4664 faciat
956 4614 1262 4668 constantia
1293 4623 1570 4680 sanctum;
1740 4609 2030 4664 Hilernum
2064 4605 2268 4672 valeas,
2295 4607 2465 4661 frater
2496 4607 2834 4673 cbarissime,
2868 4605 3034 4671 dixit,

18 4700 260 4766 Quanta
288 4700 414 4756 Seni
444 4703 632 4766 virtus,
664 4712 862 4770 quanta
901 4714 983 4757 est
1015 4707 1317 4761 reverentia
1350 4706 1562 4772 vultus,
1739 4703 2036 4758 lndiscreta
2071 4715 2204 4753 mea:
2233 4717 2329 4771 per
2359 4699 2556 4754 saecula
2589 4701 2768 4769 portio
2796 4698 3012 4755 mentis.

17 4790 284 4847 Millibus
307 4802 363 4846 ut
389 4794 568 4862 potior
592 4809 685 4847 seu
712 4803 921 4848 constet
950 4793 1141 4848 fortior
1172 4811 1327 4852 unus.
1418 4837 1420 4840 μ
1737 4794 1956 4850 Annuat
1985 4791 2363 4859 Omnipotens,
2394 4792 2558 4846 rebus
2589 4809 2712 4848 cum
2745 4792 2850 4848 line
2880 4803 3135 4858 Supremo

15 4883 280 4940 Bellicus
309 4887 376 4940 ad
407 4901 592 4955 pacem
617 4887 886 4955 extemplo
914 4887 1199 4954 deponitur
1224 4889 1417 4953 ardor;
1739 4886 1960 4944 Venerit
1982 4895 2286 4942 extremam
2322 4883 2606 4940 districtus
2635 4899 2836 4956 ponere
2871 4889 3074 4938 metam
3093 4919 3108 4943 .

17 4974 360 5031 Concedunt
391 4978 624 5031 humana
660 4977 797 5040 Deo;
830 4977 1059 5032 violenta
1088 4977 1284 5037 furoris
1740 4978 1987 5034 Vttltibus
2013 4987 2073 5031 ut
2101 4976 2210 5032 Iazti
2241 4993 2340 5034 nos
2368 4982 2725 5032 contueamur
2753 4974 2983 5048 opacisIn
3012 4987 3026 5022 :

728 5076 741 5088 ·
779 5069 946 5094 λεδ-τιε-
979 5069 1160 5099 ιυιιιεη·
1740 5070 1875 5118 Nam
1903 5067 2076 5120 donec
2123 5067 2285 5120 huius
2311 5066 2430 5120 lB..
2470 5063 2646 5120 liuius
2687 5070 2833 5120 enim
2881 5058 3086 5120 donccl
3113 5063 3386 5119 SBHw“
