3876 5416
79 298 205 359 1189

1145 294 1232 352 DE
1271 295 1430 352 VlTA
1468 295 1526 353 S.
1569 293 1900 352 GERMANI.
1938 328 2005 337 —
2043 295 2170 352 LIB.
2217 297 2275 353 ν.

3203 307 3344 370 1190

77 415 417 488 squalentem
447 422 503 470 et
533 413 760 470 tremulo
788 420 1118 471 marcentem
1162 428 1391 484 corpore
1429 412 1644 467 demum
1675 414 1724 473 A
1752 410 1892 478 Quid
1924 419 2130 468 tantum
2157 413 2338 469 miseri
2372 413 2439 471 de
2467 422 2519 471 te
2545 415 2810 475 meruisse
2845 421 3140 491 putamur?

75 512 333 580 Supposta
363 507 573 564 cervice
598 506 762 571 subit,
795 505 1107 575 mediasque
1127 520 1226 576 per
1249 504 1423 560 undas

72 601 281 664 Evehit,
327 607 382 653 et
413 608 527 655 tuto
559 596 839 664 traiectum
865 595 1047 651 littore
1068 595 1236 667 ponit.

138 688 257 746 155.
298 689 447 745 inter
467 690 607 744 dicta
634 687 782 743 feror
808 688 1016 743 medius
1042 689 1378 760 dicendaque
1406 696 1556 744 vates
1580 706 1593 743 :

70 780 186 838 Hzcc
215 789 499 846 revocant;
531 788 616 836 ast
640 780 733 835 illa
769 790 962 836 vocant
988 798 1001 834 :
1034 781 1263 837 debetur
1287 782 1556 851 utrisque.

70 871 165 926 Hic
197 884 406 926 mecum
440 871 673 927 subsiste
701 880 906 937 tamen,
934 887 1263 943 quocunque
1293 872 1536 928 locorum

70 961 378 1031 Digredior:
413 961 685 1032 stupidum
724 962 1021 1033 percellent
1048 964 1278 1035 plurima
1308 978 1552 1019 sensum.

70 1051 250 1107 Omnia
275 1052 449 1117 mira;
483 1054 636 1107 novis
661 1062 946 1123 emergunt
970 1063 1163 1109 cuncta
1193 1052 1414 1124 figuris;

68 1145 133 1200 At
161 1161 262 1199 non
290 1159 353 1199 se
381 1146 616 1215 speciem
647 1145 788 1201 ratio
813 1145 999 1201 defixit
1020 1148 1073 1200 in
1098 1146 1259 1201 ullam
1288 1160 1303 1200 :

68 1236 308 1292 Pressius
338 1236 586 1293 obruitur
612 1252 794 1292 rerum
827 1237 929 1292 sub
959 1238 1195 1307 pondere
1229 1244 1447 1307 pectus;

68 1329 253 1384 Pectus
270 1328 486 1384 libratis
510 1329 790 1399 impellunt
824 1328 1032 1399 singula
1057 1329 1259 1385 verbis.

69 1419 362 1479 Germanus
390 1418 645 1474 miserum
674 1418 811 1473 collo
844 1428 995 1473 trans
1019 1434 1233 1487 aequora
1264 1419 1432 1474 vexit.

69 1506 364 1563 Germanus
400 1509 678 1563 miserunt.
703 1507 791 1564 Sic
818 1518 869 1564 te
896 1523 1125 1579 persona
1153 1509 1375 1580 fatigat;

68 1597 299 1670 lnclytus
324 1609 380 1654 et
409 1599 537 1654 nulli
560 1600 774 1670 generis
799 1600 1083 1670 splendore
1107 1602 1395 1666 secundus,

70 1691 323 1761 Dignatur
351 1692 593 1748 humeris
626 1693 883 1749 miserum
911 1694 1197 1750 sustollere
1222 1693 1496 1764 pulchris;

70 1785 214 1852 Quod
243 1802 348 1842 non
378 1788 499 1857 quis
528 1787 733 1842 faceret
762 1788 931 1843 nostri
962 1787 1045 1843 vel
1073 1787 1291 1841 infimus
1319 1785 1441 1840 aevi.

68 1878 253 1945 Quaere
274 1879 501 1948 gradum
537 1893 552 1931 :
578 1886 694 1935 toto
715 1878 908 1948 prmsul
939 1878 1254 1933 notissimus
1278 1875 1430 1941 orbe,

68 1970 163 2029 Da.
195 1972 285 2041 qui
318 1986 377 2027 se
407 1981 614 2027 tantum
640 1972 792 2027 malit
820 1972 1138 2027 submittere
1165 1970 1383 2039 praesul.

62 2059 294 2116 Etatem
322 2064 534 2132 poscis?
566 2061 763 2118 Seuior
790 2063 1087 2133 plenusque
1112 2063 1318 2117 dierum
1348 2077 1362 2114 :

61 2149 295 2207 Oblitum
323 2154 648 2224 propriinon
680 2155 908 2209 mendax
938 2154 1139 2208 dixeris
1161 2154 1282 2210 aevi.

58 2243 268 2311 Quanta
296 2245 565 2311 valetudo,
600 2245 741 2316 quod
773 2245 958 2312 robur,
985 2260 1227 2315 quaerere
1252 2244 1467 2316 pergis?

55 2333 367 2403 Squalidus,
407 2344 613 2390 mterno
630 2334 802 2407 jejuni
833 2335 1038 2390 ﬁndere
1062 2335 1261 2400 siccus,

60 2424 273 2480 Viscera
305 2426 400 2481 cui
435 2429 656 2491 macies,
687 2425 858 2496 pallor
881 2425 1191 2481 confecerat
1212 2441 1330 2491 ora,

47 2513 253 2586 Aspera
286 2525 421 2587 post
443 2526 646 2587 septem
675 2517 995 2573 recreabaut
1018 2516 1217 2572 hordea
1249 2515 1422 2580 soles,

52 2602 275 2659 Defesso
294 2620 535 2675 pausam
559 2606 767 2661 telluris
796 2615 944 2677 terga
965 2605 1239 2672 ferebant,

54 2697 155 2750 Vix
187 2706 362 2762 artus,
398 2699 487 2752 vix
516 2698 603 2754 ille
634 2698 835 2766 ferens,
863 2699 950 2754 vix
980 2700 1195 2756 ossibus
1221 2701 1432 2756 lmrens
1452 2740 1466 2767 ,

62 2786 307 2859 Concipit
334 2788 605 2859 ingentem
630 2789 846 2860 pietatis
869 2799 1089 2859 pectore
1115 2791 1410 2857 flammam,

64 2876 305 2934 Pondere
329 2895 437 2934 non
467 2877 694 2945 fractus,
725 2879 942 2952 refugus
966 2877 1070 2936 non
1101 2881 1260 2953 plane
1281 2884 1468 2953 pericli
1486 2924 1504 2952 ,

64 2970 506 3042 Exhaustumque
531 2987 737 3039 senem,
769 2976 920 3028 senio
945 2975 1225 3029 confectus
1250 2985 1303 3030 et
1328 2976 1465 3045 ipse,

62 3061 222 3118 Fasce
244 3064 397 3134 prius
421 3064 606 3129 misso,
635 3065 877 3135 tremulis
906 3068 1205 3121 transvexit
1231 3067 1283 3119 in
1311 3067 1473 3121 ulnis.

62 3151 281 3224 Magnus
303 3156 355 3226 in
392 3155 631 3210 mtbereo
661 3154 854 3211 merito
879 3155 1148 3225 reputaris
1175 3154 1422 3226 Olympo,

60 3245 246 3305 Juucte
273 3249 386 3305 Deo
406 3249 627 3319 praesul,
652 3249 740 3304 cui
772 3256 850 3304 tot
879 3248 1193 3303 holocausta
1220 3249 1433 3318 piorum

58 3340 382 3397 Concessum
412 3352 500 3397 est
523 3357 748 3413 operum
778 3341 911 3411 Regi
940 3347 1179 3395 mactare
1204 3340 1474 3409 polorum.

127 3435 243 3490 154.
292 3436 564 3492 Ulteriora
594 3445 787 3504 petens
814 3433 1015 3489 claram
1044 3432 1287 3489 defertur
1313 3433 1365 3488 in
1396 3433 1607 3499 urbem,

59 3525 221 3593 Quam
253 3526 620 3581 Mediolanum
650 3525 824 3581 fertur
845 3524 1048 3580 dixisse
1074 3532 1335 3579 vetustas.

59 3614 217 3671 Fama
242 3617 380 3672 serit
409 3617 742 3686 (quanquam
780 3614 937 3669 famae
962 3628 1069 3668 non
1107 3615 1344 3670 creditur
1368 3613 1539 3686 omni)

58 3706 331 3772 Quondam
350 3706 636 3761 intestinis
662 3704 898 3776 ﬂagrans
925 3706 1068 3777 quod
1092 3704 1263 3760 Gallia
1296 3703 1454 3761 bellis

58 3797 331 3866 Expulerit
366 3796 622 3868 proprios
652 3796 889 3873 violento
918 3795 1091 3852 Marte
1115 3796 1335 3852 colonos

59 3884 282 3943 Sedibus
309 3903 341 3944 e
371 3888 629 3959 propriis,
661 3885 817 3942 Latio
844 3889 935 3958 qui
959 3887 1100 3944 forte
1123 3888 1329 3953 coacti,

60 3976 203 4035 llanc
227 3989 629 4036 exstruxerunt
650 3979 861 4036 collatis
883 3981 1111 4050 stipibus
1136 3984 1356 4047 urbem;

62 4065 310 4124 Dicentes
338 4069 543 4136 Medio,
569 4068 697 4124 facti
728 4070 794 4125 de
822 4070 1064 4137 nomine,
1092 4070 1322 4137 Lanum,

57 4158 223 4225 Quod,
250 4176 377 4215 cum
410 4160 591 4232 prima
621 4160 773 4215 novis
798 4169 1072 4217 struerent
1096 4160 1412 4216 fundamina
1446 4162 1640 4229 muris,

61 4249 227 4308 Lanea
254 4269 349 4309 sus
374 4253 556 4309 media
583 4252 900 4324 perhibetur
927 4262 1080 4324 parte
1108 4260 1328 4324 reperta
1346 4265 1394 4308 α.

58 4339 168 4397 lluc
195 4343 403 4400 Praesul
434 4344 678 4410 veniens,
705 4358 866 4398 auras
893 4344 1099 4399 vitabat
1123 4345 1340 4411 inanes,

59 4431 293 4491 Obnixus
321 4436 503 4492 solitis
530 4451 651 4492 sese
673 4435 852 4492 velare
879 4435 1134 4503 latebris;

60 4522 273 4581 Delituit
301 4543 411 4583 non
449 4526 540 4582 ille
562 4534 766 4592 tamen,
791 4527 919 4595 quin
950 4528 1200 4597 protinus
1225 4529 1373 4585 omni

60 4614 182 4682 Quis
206 4628 515 4688 quantusve
546 4617 721 4685 foret,
751 4616 954 4688 liquido
987 4618 1485 4697 clarescereturbi.

126 4708 245 4764 155.
289 4709 567 4766 Solemnis
599 4718 709 4763 tum
734 4707 872 4764 forte
899 4709 1014 4764 dies
1038 4719 1387 4766 contraxerat
1413 4710 1505 4766 illu

59 4797 243 4855 Plures
268 4800 615 4872 pontificum,
644 4815 966 4870 sacramque
990 4810 1252 4871 geruntur
1272 4804 1338 4859 ad
1362 4817 1515 4859 aram

63 4891 254 4960 Divini,
279 4895 405 4965 quis
431 4892 774 4950 Cltristicola:
807 4904 1147 4964 vegetantur,
1176 4895 1427 4952 honores.

61 4982 359 5055 Ingreditur
385 4984 653 5055 placidam
682 4983 876 5052 praesul
902 4983 1205 5040 Germanus
1236 4985 1290 5040 in
1320 4986 1499 5043 aulam

65 5071 271 5098 1.-..ηι---
330 5074 551 5098 1.--.4212..
578 5076 625 5098 ..ι

648 5078 795 5098 :AA‘M
829 5078 1058 5098 ...ηηιξμι
1084 5078 1247 5098 -.-...!-

1755 502 1869 558 Heu
1898 503 2113 560 feritas!
2149 506 2262 560 Heu
2294 507 2531 564 crudelis
2555 509 2810 565 violentia
2841 514 3052 568 rerum!

1756 593 1864 650 Nec
1886 595 2076 668 pelago
2107 596 2255 653 lucus
2278 606 2380 663 est,
2407 599 2537 670 ipsis
2567 602 2906 658 excludimur
2932 604 3098 661 arvis.

1755 682 1935 755 Nuper
1962 684 2239 741 Gallorum
2275 687 2412 757 pulsi
2438 691 2805 748 concessimus
2828 693 2970 760 oris;

1751 774 1989 830 Praebuit
2016 774 2262 833 Oceanus
2284 778 2460 850 pelagi
2491 781 2631 836 inter
2658 793 2809 838 vasta
2840 783 3099 840 latebram
3130 802 3144 839 :

1754 865 1892 920 llinc
1918 883 2134 938 quoque
2163 871 2413 925 detrusos
2437 873 2705 940 precibus,
2733 872 3019 942 Germane,
3049 875 3265 948 fugasti.

1753 957 1944 1013 Omnia
1974 961 2102 1029 quid
2126 961 2415 1030 penetras?
2437 960 2597 1019 Orbis
2624 966 2753 1035 quid
2781 965 2934 1021 devia
2963 966 3201 1026 lustras?

1755 1048 1971 1115 Desine,
2000 1058 2054 1105 et
2077 1060 2314 1120 optatam
2347 1052 2503 1108 fessis
2528 1055 2780 1123 permitte
2800 1056 3060 1127 quietem.

1753 1140 2091 1211 Obstupuere
2116 1141 2344 1208 animis;
2377 1157 2652 1214 exangues
2679 1146 2918 1217 implicat
2947 1159 3097 1206 artus

1752 1230 2058 1301 Conceptus
2085 1232 2189 1288 hac
2210 1247 2342 1289 voce
2373 1242 2575 1290 tremor
2605 1254 2617 1289 :
2645 1235 2703 1291 fit
2729 1241 2954 1308 quaestio
2989 1242 3215 1312 passim,

1753 1319 1889 1388 Quis
1918 1321 2222 1380 Germanus
2248 1336 2387 1393 erat,
2421 1343 2582 1397 quem
2613 1346 2714 1385 vox
2745 1332 2925 1387 audita
2958 1336 3194 1404 petebat.

1830 1416 1954 1470 156.
1993 1416 2316 1489 Compertus
2371 1421 2585 1476 tandem
2638 1432 2721 1478 est
2773 1424 3018 1494 prmclari
3068 1428 3345 1484 schemate

3058 1516 3265 1573 vultus:

3058 1516 3265 1573 vultuS°

1753 1593 1959 1651 Cretera
1989 1597 2255 1665 plebeium
2288 1600 2531 1657 referunt
2559 1602 2788 1672 insignia
2828 1515 3055 1660 cultumE
3252 1558 3268 1585 ’

1753 1685 2063 1753 Cousultus,
2091 1705 2197 1743 non
2230 1705 2363 1746 sane
2392 1694 2639 1763 gradum,
2672 1710 2778 1748 non
2812 1694 2899 1749 ille
2931 1697 3168 1767 negavit.

1677 1771 1723 1830 Β
1752 1774 1961 1829 Cernua
1991 1778 2303 1846 pontificum
2331 1792 2626 1837 veneratur
2660 1784 2848 1838 concio
2879 1794 3160 1852 sanctum;

1752 1865 1964 1923 Viseret
1990 1881 2153 1939 utque
2200 1873 2282 1928 sui
2322 1872 2549 1930 latorem
2583 1875 2610 1914 b
2643 1876 2898 1943 nominis,
2927 1892 3138 1943 omnes,

1750 1958 1971 2016 Collatis
1997 1965 2272 2032 precibus,
2302 1967 2441 2021 votis
2468 1967 2845 2024 communibus
2877 1970 3102 2037 instant,

1749 2052 2053 2109 Parendum
2078 2059 2283 2112 sanctis
2317 2061 2513 2128 praesul
2542 2076 2641 2131 pro
2681 2070 2923 2132 tempore
2947 2064 3177 2131 ducens,

1751 2143 2004 2200 Secretos
2035 2148 2218 2213 subiit,
2250 2149 2449 2204 misero
2483 2152 2801 2219 comitante,
2828 2167 3094 2220 recessus,

1749 2233 2037 2306 Couceptis
2065 2254 2171 2294 non
2198 2240 2365 2295 ntulta
2391 2239 2495 2297 fuit
2520 2243 2705 2299 dilatio
2733 2246 2874 2300 votis
2906 2261 2921 2299 :
3068 2304 3078 2313 ,

1748 2325 1973 2394 Prodiit,
2004 2338 2058 2384 et
2087 2328 2228 2386 faeda
2259 2341 2543 2402 purgatum
2570 2344 2723 2405 peste
2754 2337 3037 2402 reducens,

1750 2413 2079 2472 Incolumem
2115 2419 2324 2488 populis
2353 2420 2576 2490 pulchra
2613 2422 2813 2479 virtute
2844 2423 3077 2480 reforma
3105 2463 3120 2479 .

1750 2506 1865 2563 lloc
1893 2508 2072 2577 Pater,
2106 2513 2209 2568 hoc
2235 2515 2471 2584 primum
2502 2515 2672 2573 Latiis
2702 2519 2935 2574 innotuit
2958 2521 3102 2576 arvis

1748 2599 2024 2670 Auspicio.
2053 2603 2172 2661 Mox
2206 2606 2432 2663 diversis
2462 2624 2491 2663 e
2521 2610 2765 2679 partibus
2795 2626 2985 2668 omnes

1750 2688 2092 2749 Concurrunt
2124 2697 2324 2767 populi,
2363 2700 2797 2772 pervulgataeque
2823 2701 3174 2772 frequentant

1750 2780 1943 2839 Munus
1969 2787 2109 2858 opis.
2143 2787 2280 2843 Tum
2306 2791 2573 2846 consertis
2602 2793 2667 2846 ad
2697 2793 2949 2863 dogmata
2980 2793 3151 2864 signis
3180 2801 3230 2862 ο,

1752 2875 1843 2932 Sic
1872 2877 2084 2949 probris
2105 2881 2337 2947 animas,
2372 2883 2450 2938 sic
2474 2898 2703 2953 corpora
2728 2884 2879 2938 clade
2906 2885 3138 2940 levabat.

1825 2969 1949 3024 157.
1975 2970 2109 3026 Exin
2139 2971 2400 3027 multiﬂua
2430 2975 2627 3043 praesul
2654 2976 2928 3045 digressus
2950 2977 3018 3031 ab
3043 2974 3177 3033 urbe

1756 3058 2081 3130 Susceptum
2111 3063 2442 3131 provehebat
2469 3063 2573 3118 iter
2600 3063 2848 3120 felicibus
2871 3065 2986 3121 oris
3012 3083 3025 3119 :

1675 3124 1720 3185 C
1754 3149 2005 3203 Occurrit
2029 3154 2276 3207 mendica
2305 3169 2522 3220 manus,
2553 3156 2857 3227 stipemque
2877 3159 3116 3228 petebat,

1697 3293 1703 3301 ,
1755 3241 1921 3295 Docta
1946 3250 2001 3295 et
2027 3240 2297 3298 sufﬁciens
2326 3245 2501 3299 aliena
2532 3247 2718 3300 vivere
2740 3250 2967 3317 quadra.

1750 3331 1996 3389 Consulit
2031 3333 2260 3387 antistes
2302 3344 2549 3404 sumptus
2578 3336 2835 3391 rationed
2869 3339 3196 3394 ministrum.

1751 3421 2016 3478 Conscius
2047 3422 2134 3479 ille
2166 3423 2289 3489 sibi,
2325 3434 2535 3478 ternum
2557 3441 2842 3496 superesse
2869 3428 3162 3493 nomisma,

1750 3514 1998 3585 Amplius
2058 3514 2200 3569 haud
2252 3515 2547 3587 quidquam
2599 3525 2846 3587 sumptus
2901 3519 3213 3589 respondit,
3281 3519 3340 3577 in

1920 3607 1927 3613 ’
3035 3609 3265 3682 [omnes.

1750 3700 1872 3758 Mox
1897 3699 2051 3772 jubet
2073 3698 2310 3770 indignis
2339 3697 2526 3770 largiri
2554 3707 2749 3754 cuncta
2774 3700 3020 3757 misellis.

1749 3792 2001 3848 Victuros
2026 3792 2185 3847 hodie
2213 3808 2312 3847 nos
2343 3792 2507 3857 unde,
2533 3792 2791 3849 diaconus
2824 3794 3019 3864 inquit,

1750 3886 1968 3952 Sancte,
1996 3886 2194 3958 putas?
2223 3885 2341 3940 Non
2370 3885 2452 3940 fas
2482 3885 2699 3954 Christo
2719 3884 2979 3953 difﬁdere,
3007 3886 3175 3955 dixit;

1746 3979 1939 4035 Pascet
1966 3989 2022 4034 at
2043 3978 2131 4035 ille
2152 3994 2280 4033 suos
2306 3977 2402 4049 (nil
2432 3992 2577 4032 nunc
2604 3979 2913 4049 vereamur)
2939 3993 3138 4052 egenos
3164 3997 3178 4035 :

1748 4072 1829 4128 Tu
1855 4072 2037 4137 modo,
2068 4072 2209 4142 quod
2238 4071 2381 4140 potis
2401 4077 2506 4134 est,
2531 4070 2719 4140 inopes
2756 4084 2951 4126 curare
2975 4079 3270 4127 memento.

1746 4164 1975 4220 Venturi
2005 4172 2218 4230 cautus,
2242 4177 2551 4234 quanquam
2574 4176 2681 4216 non
2700 4159 2844 4230 jure,
2872 4162 3144 4230 minister,

1745 4254 2105 4327 Largiturque
2127 4255 2280 4319 duos,
2315 4268 2590 4323 unumque
2620 4253 2672 4307 in
2695 4263 2912 4323 postera
2942 4262 3144 4308 servat.

1654 4364 1661 4369 κ
1748 4345 1866 4402 Νοη
1900 4345 2034 4400 lucri
2065 4353 2293 4410 tantum,
2335 4344 2537 4410 damni,
2565 4344 2913 4413 virprovide,
2940 4353 3204 4414 quantum

1750 4434 1865 4491 Hac
1887 4436 2006 4491 vice
2028 4435 2297 4501 struxisti,
2331 4444 2575 4490 temnens
2597 4442 2866 4506 praecepta
2890 4434 3131 4505 Magistri
3165 4451 3180 4501 ;

1752 4527 2125 4597 Lucratusque
2146 4541 2353 4597 parum,
2383 4526 2626 4581 meruisti
2658 4528 2884 4598 perdere
2913 4524 3163 4580 multum.

1755 4618 1847 4676 Sic
1868 4620 2105 4676 vindicta
2136 4633 2362 4689 sequax,
2390 4619 2471 4674 sic
2496 4627 2681 4673 votum
2709 4618 2838 4674 lusit
2858 4631 3105 4675 avarum.

1825 4714 1947 4770 158.
1966 4714 2208 4782 Dumque
2234 4712 2339 4768 iter
2355 4709 2674 4780 expediunt;
2705 4712 2893 4782 rapido
2917 4708 3133 4764 fervore
3146 4708 3360 4774 citatis,

1754 4804 1917 4872 Ecce,
1944 4805 2048 4859 viri
2078 4812 2376 4859 cernuntur
2396 4799 2552 4870 equis
2572 4810 2695 4869 post
2720 4811 2869 4873 terga
2898 4803 3186 4854 meantum
3216 4820 3241 4860 ι

1753 4897 2032 4953 Desiluere
2057 4894 2238 4959 brevi;
2274 4890 2584 4958 sanctiqu
2611 4890 2664 4943 in
2689 4892 2911 4961 pulvere
2936 4884 3043 4940 fusi

1752 4988 2121 5045 Procumbunt
2150 4986 2405 5053 pedibus;
2441 4987 2553 5031 tum
2576 4980 2658 5034 sic
2686 4981 2739 5036 in
2762 4982 2931 5039 verba
2958 4974 3251 5039 feruntur
3296 5005 3321 5044 ι

1992 5093 2028 5098 γ-
2047 5075 2123 5098 ---1
2158 5076 2244 5098 1.2..
2263 5093 2281 5098 -
2318 5070 2454 5098 ,ιιηκε

1752 5078 1804 5098 π
1900 5084 1910 5098 ι
1956 5096 1961 5097 γ
1992 5075 2123 5098 ,----I
2158 5076 2281 5098 I.!..-
2318 5070 2588 5098 Jnm:Illlni
2622 5085 2879 5098 nna-1-n“
