3876 5416
573 179 705 237 “9|

560 291 822 355 Decubat,
857 284 1151 342 innumeris
1190 282 1438 338 addictus
1468 280 1697 350 denique
1730 277 1969 332 morbis:

563 385 656 441 Sic
684 391 853 446 certe,
880 380 956 435 sic
984 378 1073 433 ille
1100 391 1215 440 sua,
1249 375 1328 431 sic
1350 374 1437 428 ille
1465 388 1706 429 suorum.

2177 280 2227 336 Α

1565 166 1793 223 IIERICI
1835 163 2141 221 MONACIII
2182 161 2843 219 ANTISSIODORENSIS
3606 171 3691 229 Im

2254 271 2524 328 Germano
2553 274 2790 343 patuisse
2812 272 2912 327 sui.
2939 271 3054 328 Non
3084 287 3209 329 sane
3233 282 3402 345 putato

2254 361 2366 416 Hoc
2411 364 2628 427 mirum,
2661 363 2801 418 bone
2846 362 2947 423 vir,
2979 370 3128 417 tanto
3156 364 3293 433 quod
3319 364 3478 421 clausa
3505 368 3690 443 Propheu

559 476 725 535 Clade
769 486 1020 545 gemens,
1071 470 1323 524 miseram
1372 466 1771 539 quamprimum
1824 463 2149 532 abrumpere
2250 454 2440 510 Cordis
2467 446 2879 524 hiant:plenusr
2902 455 3076 510 sancti
3113 455 3202 526 qui
3233 458 3433 513 numine
3454 459 3606 529 Flatus,

1886 554 2077 627 [vitam

462 720 471 727 κ
563 656 788 723 Quaerit,
813 664 868 709 et
899 653 1102 708 invisos
1130 650 1276 707 letho
1304 650 1457 705 linire
1485 649 1731 715 labores;

561 747 837 817 Comperit
858 754 913 801 at
942 753 1248 815 postquam,
1278 751 1491 798 nostras
1522 757 1619 795 vos
1643 741 1721 795 ire
1743 755 1840 809 per
1866 755 2013 806 oras,

560 839 838 910 Ambiguis
859 837 1053 895 animis
1080 851 1200 907 spes
1226 844 1312 891 est
1334 835 1540 905 relapsa
1564 833 1678 907 [B.,
1701 832 1910 905 illapsu]
1936 832 2145 887 salutis.

561 928 692 998 Ejus
715 945 855 984 nunc
876 928 943 983 ad
968 943 1062 984 vos
1086 927 1308 982 ferimus
1334 926 1706 997 lacrymasque
1734 940 2031 995 precesque
2055 940 2069 977 :

562 1018 619 1074 Si
650 1019 847 1090 poterit
874 1019 1090 1089 dignum
1126 1018 1300 1089 pietas
1329 1016 1381 1071 id
1411 1017 1609 1071 ducere
1636 1026 1837 1080 vestra,

562 1107 734 1163 Visite
759 1107 1133 1178 languentem;
1164 1107 1437 1162 submisso
1465 1116 1683 1176 pectore
1702 1106 1876 1177 poscit
1906 1119 1921 1158 :

562 1199 669 1255 Seu
701 1198 934 1253 violenta
961 1212 1148 1269 preces
1172 1198 1459 1253 absumunt
1483 1195 1599 1268 [B.,
1623 1192 1971 1267 abrumpunt]
2003 1191 2146 1249 seria

1811 1286 2070 1359 [nostras,

559 1380 671 1436 Nec
694 1380 834 1450 potis
857 1388 940 1435 est
967 1380 1130 1435 itiner
1154 1393 1424 1448 quoquam
1449 1376 1709 1433 desistere
1739 1385 2011 1446 emplum;

558 1473 630 1528 At
652 1472 900 1542 precibus
916 1472 1076 1543 justis
1098 1471 1401 1526 benedictio
1417 1470 1604 1540 juncta
1632 1469 1865 1524 salubris

559 1561 885 1633 Compensct
906 1562 1085 1617 vultus
1110 1563 1502 1617 oblectamenta
1526 1562 1704 1631 negati
1735 1578 1750 1615 :

559 1649 682 1707 Uno
712 1652 959 1717 donetur,
986 1653 1031 1706 si
1061 1667 1165 1706 non
1194 1659 1463 1705 mereatur
1483 1660 1730 1721 utroque.

634 1741 755 1796 159.
787 1739 922 1795 Tum
948 1732 1107 1794 Pater
1138 1740 1414 1795 admirans
1445 1740 1566 1795 fidei
1597 1740 1903 1795 venerabile
1933 1756 2141 1813 pignus,

564 1830 821 1898 Indoluit,
849 1832 1173 1901 strinxitque
1200 1832 1436 1886 animum
1465 1832 1684 1901 pietatis
1704 1832 1911 1903 imago;

555 1920 625 1977 Et
653 1938 963 1993 quanquam
990 1923 1152 1994 coepti
1179 1922 1482 1977 stimularet
1508 1938 1637 1977 cura
1665 1922 1866 1979 laboris

558 2013 675 2069 Non
704 2013 919 2070 differre
948 2015 1112 2082 diem,
1140 2015 1226 2068 via
1252 2015 1452 2070 rectior
1481 2015 1568 2070 illa
1594 2025 1835 2087 putatur,

556 2106 671 2175 Qua
699 2124 906 2164 merces
934 2109 1084 2179 operi
1110 2120 1357 2164 servatur
1381 2110 1559 2164 debita
1589 2109 1757 2179 justo.

555 2198 668 2257 Nec
694 2215 843 2255 mora
873 2219 885 2254 :
915 2201 1151 2255 divertit.
1184 2199 1420 2256 Comites
1444 2202 1707 2256 obsistere
1741 2208 1958 2266 contra;

553 2290 740 2363 Legati
768 2300 958 2346 contra
987 2290 1235 2345 connixis
1266 2290 1471 2345 viribus
1504 2292 1745 2346 instant:

554 2382 799 2453 Dumque
829 2383 904 2448 hi,
948 2382 1183 2452 dumque
1222 2381 1372 2449 illia;
1404 2381 1462 2435 ﬁt
1492 2381 1823 2437 concertatio
1856 2381 2028 2453 longa.

552 2472 794 2544 Indignis
831 2473 1002 2543 magis
1033 2472 1122 2526 ille
1154 2472 1332 2538 favet;
1360 2487 1457 2544 per
1486 2474 1705 2539 saecula,
1731 2473 1935 2538 dicens,

550 2563 637 2619 Nil
668 2566 816 2635 prius
845 2580 964 2620 esse
998 2565 1123 2632 sibi,
1151 2556 1314 2635 quam
1334 2563 1487 2634 iussa
1513 2564 1787 2620 facessere
1806 2565 2031 2631 Christi,

550 2653 749 2724 Bisque
777 2655 915 2708 mori
942 2663 1163 2724 propter
1192 2654 1401 2709 Domini
1431 2662 1699 2724 praecepta
1726 2662 1995 2724 paratum.

474 2758 477 2759 '
551 2741 597 2798 0
620 2743 833 2799 Patrem
864 2759 1079 2799 summo
1101 2743 1403 2814 splendoris
1429 2744 1662 2798 culmine
1686 2743 1940 2814 dignum!

552 2832 617 2896 Ο,
649 2833 749 2888 sibi
776 2833 867 2902 qui
890 2835 1162 2903 propriam
1194 2832 1393 2901 refugit
1414 2834 1714 2902 dependere
1743 2834 1930 2897 vitam,

552 2922 793 2993 Quisque
808 2923 918 2979 Deo
943 2924 1151 2989 vivens,
1179 2922 1344 2977 immo
1368 2923 1453 2977 cui
1483 2923 1665 2979 vivere
1689 2922 1957 2989 Christus,

549 3012 827 3067 Fraternis
858 3014 1093 3067 animam
1122 3013 1323 3067 mavult
1352 3028 1623 3084 Opponere
1646 3013 1840 3070 lucris!
1928 3046 1932 3051 -

548 3101 693 3173 Ergo
715 3113 986 3159 memento
1016 3105 1136 3175 piis,
1173 3103 1331 3160 Pater
1355 3120 1410 3173 o,
1438 3106 1730 3176 persistere
1758 3107 1970 3177 coeptis.

550 3193 669 3249 Non
699 3194 872 3251 deerit
902 3206 1089 3253 sancto
1114 3197 1380 3263 bravium,
1418 3198 1550 3253 mihi
1580 3200 1756 3261 crede,
1796 3199 1988 3255 labori.

620 3284 743 3338 140.
766 3283 997 3356 Legatos
1026 3285 1223 3342 hilares
1255 3287 1400 3342 subit
1425 3287 1713 3343 exsultatio
1743 3288 1900 3359 digna
1926 3305 1940 3343 :

549 3370 811 3444 Quodque
834 3376 948 3431 suis
970 3376 1111 3431 votis
1137 3377 1388 3447 dignatur
1408 3377 1603 3431 cedere
1622 3377 1817 3447 prmsul
1833 3418 1849 3442 ,

547 3466 640 3520 Bis
667 3477 882 3522 centum
913 3476 1167 3539 promunt
1194 3469 1456 3523 instructo
1488 3483 1709 3524 munere
1744 3468 1923 3524 soldos
1954 3468 2005 3536 δ,

547 3556 696 3611 Dona
725 3557 861 3614 viro.
895 3557 1099 3613 Praesul
1127 3572 1234 3613 non
1267 3567 1471 3613 tantum
1504 3574 1727 3614 munere
1754 3558 1924 3623 latus,

546 3647 778 3719 Pignore
801 3666 964 3720 quam
991 3651 1138 3717 fidei,
1167 3650 1508 3706 commendat
1536 3660 1730 3706 cuncta
1761 3652 2039 3719 ministro;

546 3740 674 3795 Ilaec
698 3756 832 3812 cape
861 3757 1022 3805 nunc,
1058 3743 1260 3806 dicens,
1294 3758 1358 3797 ac
1386 3750 1439 3797 te
1465 3743 1818 3799 succumbere
1845 3759 1999 3800 noxa:

545 3831 731 3895 Disce;
768 3832 911 3900 quod
941 3832 994 3885 in
1023 3832 1251 3887 miseros
1288 3833 1531 3888 lraudem
1562 3834 1847 3888 meditatus
1873 3849 2091 3906 egenos,

545 3916 802 3973 Malueris
830 3933 951 3974 esse
995 3928 1154 3974 tenax
1192 3937 1206 3975 :
1254 3936 1380 3975 nam
1412 3922 1495 3987 si,
1534 3923 1678 3992 quod
1717 3924 1931 3979 tradere
1969 3924 2126 3994 jussi,

543 4005 836 4074 Cessisses,
861 4009 1019 4064 solito
1046 4010 1261 4067 Christo
1298 4012 1586 4078 tribuente,
1617 4013 1823 4069 refusos

544 4096 867 4153 Tercentum
898 4114 1121 4169 caperes
1151 4101 1413 4157 hodierno
1441 4100 1627 4158 fenore
1652 4103 1852 4159 soldos.

539 4187 750 4244 Invadit
774 4187 1006 4246 formido
1034 4191 1326 4260 hominem,
1356 4202 1562 4249 secreta
1588 4203 1771 4250 reatus

613 4353 640 4381 ι
671 4339 883 4398 Sabim.
929 4348 1284 4403 contendunt.

2174 1631 2219 1689 Β

2165 2981 2211 3043 C

2249 543 2367 600 Jam
2397 545 2541 601 Dens
2568 554 2672 611 est,
2692 546 2803 615 jam
2834 546 3043 601 divinos
3066 548 3285 602 sortitur
3311 549 3525 608 honores.

2322 635 2442 688 Ml.
2468 634 2614 689 Neve
2636 635 2753 704 opis
2775 635 3020 706 indignos
3048 636 3231 691 dilatio
3258 638 3407 693 multa
3436 653 3631 711 gravaret,

2248 722 2552 788 Accelerat,
2586 733 2847 795 raptoque
2874 726 3062 793 gradu,
3093 742 3202 797 quo
3225 736 3344 782 vota
3372 731 3608 800 requirunt,

2250 815 2608 871 Praestaturus
2637 817 2809 881 adest,
2847 817 3027 873 missis
3055 819 3423 875 comitantibus
3444 823 3589 878 isdem.

2249 908 2390 972 Mox,
2425 919 2681 980 tanquam
2718 910 3001 966 manifesta
3032 910 3180 966 salus
3215 913 3435 983 ingressa
3461 914 3639 983 διώξω,

2249 1001 2570 1075 Exspectata
2610 1001 2789 1057 Patris
2815 1002 3016 1057 relevat
3047 1005 3332 1072 praesentia
3363 1013 3559 1060 cunctos.

2251 1087 2347 1145 Hic
2377 1099 2522 1146 artes
2547 1091 2810 1146 Medicum
2842 1101 2998 1147 notas
3026 1090 3221 1148 efferre
3246 1093 3475 1149 videres:

2247 1178 2385 1234 Hinc
2417 1180 2609 1250 pietas,
2640 1181 2785 1236 illinc
2806 1181 3040 1253 perfecta
3066 1183 3258 1252 peritia
3285 1184 3454 1240 claret.

2249 1255 2544 1339 Sternitur,
2580 1282 2636 1328 et
2661 1273 2934 1328 Christum
2960 1275 3118 1330 solito
3147 1285 3435 1344 prostratus
3458 1278 3608 1345 adorat,

2249 1363 2401 1419 Tunc
2428 1366 2602 1434 magis
2637 1365 2744 1420 alta
2777 1375 2996 1437 petens,
3020 1367 3179 1421 fieret
3216 1383 3334 1423 cum
3371 1370 3552 1439 pronior
3574 1371 3687 1428 artis:
3768 1363 3769 1433 ἕ

2245 1456 2479 1512 Auribus
2505 1457 2632 1512 hinc
2659 1459 2868 1529 superis
2900 1460 3074 1514 oratio
3101 1458 3223 1515 fusa
3254 1459 3491 1526 salubris;

2246 1547 2343 1603 Cui
2372 1548 2622 1621 lacrymm
2648 1549 2824 1605 fecere
2855 1550 2996 1605 viam
3021 1566 3189 1622 super
3215 1561 3356 1607 astra
3376 1553 3556 1621 volanti,

2247 1637 2454 1694 Gaudia
2482 1640 2772 1695 multorum
2806 1651 3117 1697 mercantur
3144 1643 3362 1699 ﬂumina
3395 1662 3590 1715 quarum.

2246 1728 2433 1784 Invisit
2453 1730 2721 1796 dominos,
2755 1731 2937 1787 invisit
2961 1733 3197 1802 denique
3222 1749 3400 1791 servos
3426 1754 3439 1789 :

2244 1820 2482 1876 Certanti
2507 1823 2685 1879 studio
2710 1824 3000 1880 indiscreta
3029 1827 3231 1881 cubilia
3261 1828 3474 1884 lustrat:

2244 1912 2505 1969 Omnibus
2528 1908 2790 1971 aéthereas
2820 1916 3054 1986 impertit
3076 1935 3207 1989 lure
3234 1922 3471 1978 medelas.

2245 2003 2417 2061 Unius
2440 2007 2616 2076 spatio
2649 2023 2737 2062 res
2767 2017 2851 2064 est
2871 2009 3116 2064 confecta
3139 2012 3284 2078 diei;

2244 2102 2362 2158 Una
2390 2104 2506 2160 dies
2532 2107 2744 2160 cunctis
2772 2105 2907 2161 fudit
2933 2106 3175 2163 fomenta
3203 2111 3405 2168 salutis.

2241 2194 2372 2251 Post
2404 2195 2531 2250 hinc
2553 2196 2853 2267 digreditur
2882 2215 2895 2251 :
2929 2198 3182 2255 dominus
3208 2202 3477 2259 comitatur
3494 2214 3639 2260 euntem

2241 2286 2362 2357 Ipse
2390 2287 2581 2343 domus
2615 2306 2627 2342 :
2653 2290 2886 2360 gaudent
2915 2293 3184 2361 reparatis
3205 2294 3404 2352 viribus
3424 2312 3601 2352 omnes:

2241 2374 2469 2432 Plausus
2503 2378 2700 2449 ubique
2729 2389 2908 2445 sonat,
2938 2381 3184 2451 pulchrae
3213 2393 3270 2438 et
3314 2386 3561 2441 modulatio
3580 2384 3687 2440 laedit

2241 2462 2515 2520 Christum
2540 2477 2731 2523 cuncta
2753 2468 2946 2536 beant;
2973 2469 3309 2527 Germanum
3330 2486 3499 2530 cuncta
3520 2475 3687 2530 resultant.

2242 2555 2422 2613 Gloria
2454 2559 2534 2614 sic
2562 2560 2812 2626 Domino,
2844 2560 2922 2617 sic
2945 2564 3145 2619 crescit
3172 2565 3356 2635 upiuio
3381 2566 3536 2632 Servo,

2241 2647 2566 2720 Dispergens
2591 2650 2845 2720 lepidum,
2872 2668 3085 2723 quaqua
3117 2658 3395 2726 pergebat,
3418 2657 3602 2712 odorem.

2241 2738 2460 2794 lunatus
2494 2742 2694 2813 subigit
2722 2751 3039 2799 cunctorum
3066 2756 3294 2815 pectora
3323 2747 3484 2804 fervor

2242 2827 2412 2884 Nosse
2437 2828 2646 2899 Virum,
2678 2833 2815 2888 mira
2843 2836 3163 2891 meritorum
3196 2838 3318 2894 luce
3340 2854 3587 2895 ooruscmn.

2240 2920 2405 2976 Multa
2433 2923 2649 2993 quidem
2671 2926 2928 2981 suberant
2957 2928 3167 2983 clarum
3195 2931 3459 3003 gignentia
3477 2946 3635 2994 nomen;

2244 3010 2462 3082 Dogma,
2492 3012 2665 3080 labor,
2690 3015 2938 3082 comitas,
2964 3033 3169 3085 mores,
3198 3021 3501 3088 constantia,-
3520 3020 3653 3082 fervor;

2240 3102 2502 3173 Quodque
2531 3113 2615 3160 est
2660 3109 3008 3178 praecipuum,
3042 3111 3266 3169 dilectio
3297 3115 3503 3184 plurima
3536 3113 3687 3173 fratrum;

2237 3193 2350 3261 Qua
2375 3212 2538 3267 grave
2567 3198 2831 3270 quidquid
2858 3209 3007 3270 erat,
3037 3211 3301 3276 terraque
3329 3208 3535 3277 marique
3557 3204 3689 3259 ferdtat

2308 3284 2432 3339 142.
2450 3286 2590 3354 Quid
2611 3297 2688 3355 tu,
2711 3290 2841 3358 quid
2862 3307 3106 3363 gressum
3129 3307 3317 3367 raptas
3337 3313 3426 3370 per
3447 3299 3564 3355 devia
3580 3293 3691 3351 sub?

2236 3375 2379 3444 Quid
2408 3381 2706 3438 cancellato
2731 3382 2900 3439 flectis
2929 3390 3254 3459 compendia
3291 3392 3473 3446 ductu?

2233 3466 2317 3524 Ire
2343 3470 2493 3526 brevi
2522 3484 2759 3541 puteras,
2786 3491 2892 3544 qua
2920 3484 2971 3532 te
2996 3492 3099 3547 per
3123 3480 3284 3552 longa
3311 3481 3499 3554 fatigas.

2234 3561 2545 3618 Ravennam
2574 3576 2721 3620 certe
2750 3568 2940 3623 melius
2964 3570 3055 3623 via
3083 3573 3234 3642 regia
3262 3574 3421 3631 ducit.

2232 3651 2349 3708 Non
2376 3655 2445 3710 ab
2481 3670 2540 3709 re
2565 3656 2801 3724 tulerim,
2833 3661 2975 3728 quod
2999 3660 3328 3719 diverticula
3362 3663 3556 3735 quaeris:

2232 3746 2402 3803 Immo
2430 3763 2530 3820 ego
2563 3750 2666 3821 (sic
2690 3752 2923 3818 animus,
2953 3753 3032 3808 sic
3060 3755 3301 3827 denique
3329 3755 3457 3810 ferre
3478 3751 3638 3817 videtur)

2232 3836 2546 3894 Ravennam
2576 3842 2831 3898 subtriste
2854 3842 3058 3914 aliquid
3083 3847 3425 3914 portendere,
3452 3844 3588 3904 crede

2231 3929 2385 3997 Quod
2414 3931 2498 3985 vel
2523 3933 2709 3999 exitio,
2735 3934 2819 3988 vel
2848 3937 3021 4005 possit
3044 3939 3246 3995 cedere
3276 3940 3458 3994 damno
3484 3957 3495 3991 :

2230 4020 2508 4092 Contiguis
2531 4024 2674 4093 quod
2702 4032 2812 4080 tam
2851 4028 3147 4084 succedere
3178 4030 3437 4086 moenibus
3458 4029 3612 4083 horres.

2229 4110 2501 4181 Quidquid
2528 4114 2582 4168 id
2612 4124 2714 4181 est,
2750 4117 2984 4173 subsiste
3011 4134 3229 4189 parum,
3255 4120 3471 4191 ﬂatuque
3492 4122 3651 4186 recepto.

2229 4198 2457 4258 Obnixis
2490 4205 2687 4261 animis
2723 4204 2973 4278 superest
2998 4213 3362 4283 quodcunque
3385 4211 3566 4268 subibis.

2301 4354 2331 4395 δ
2359 4354 2553 4413 Soldos
2575 4374 2675 4431 pro
2695 4314 2912 4430 solidos,
2936 4363 3030 4433 qui
3059 4368 3272 4422 nummi
3295 4374 3439 4421 erant
3453 4362 3582 4420 aurei.

553 4524 3640 4569 .—_______.___________________________

1698 4682 2125 4745 PIUEFATIO
2167 4685 2386 4750 LIBRI
2430 4688 2671 4753 SEXTI
2694 4736 2712 4766 ,

1772 4836 1979 4909 Δικῶλῳ
2022 4830 2290 4913 διπρὸφῳ
2326 4835 2595 4900 variata.

547 5095 668 5152 I45.
702 5095 976 5168 Expensas
998 5099 1180 5169 operis
1209 5100 1410 5157 claudit
1442 5103 1837 5174 pulcherrimus
1865 5109 1975 5175 ἒξάς
2007 5120 2063 5174 ι;

1027 5187 1222 5245 Lector
1250 5193 1442 5257 amice,
1474 5195 1643 5250 vides.

542 5274 709 5348 Cujus
738 5293 785 5333 st
807 5294 1002 5336 causas
1030 5289 1087 5335 et
1107 5283 1335 5353 mystica
1355 5285 1597 5353 symbola
1621 5303 1852 5357 qureras,

2156 5113 2206 5172 D

1971 5007 2378 5022 In

2754 5114 2982 5186 Impiger
3002 5117 3288 5175 ediderim.

2229 5198 2533 5272 Exemplar,
2563 5202 2791 5260 solidum
2815 5204 3054 5263 facturus
3074 5206 3333 5265 Conditor
3352 5206 3530 5264 orbem,

2727 5295 2841 5352 Hoc
2864 5298 2966 5353 sibi
2992 5301 3274 5371 proposuit
3298 5318 3311 5353 :
