3876 5416
104 386 241 440 “93

1181 377 1267 431 DE
1307 376 1465 431 VITA
1507 376 1563 430 S.
1607 371 1913 429 GERMANI
1956 401 2024 411 --
2061 371 2186 425 LIB.
2232 369 2312 423 Vl.

3229 366 3361 421 ΗΜ
3415 421 3420 426 .

98 500 344 566 Namque
357 510 494 566 opus
511 509 670 550 omne
690 508 845 547 suum
861 506 1086 546 numero
1102 490 1359 546 discrevit
1379 489 1598 552 eodem;
1623 496 1681 541 ut
1709 492 1757 552 Α
1784 487 1916 540 Cum
1947 493 2098 540 sexta
2129 492 2270 538 totus
2292 483 2428 552 parit
2456 483 2683 538 ἐπταδυιι
2717 482 3008 537 olliciosam
3038 481 3049 531 i
3080 499 3092 543 ;

580 583 780 656 Pagina
811 597 961 638 sacra
996 580 1163 637 refert
1187 597 1201 632 :

98 678 363 751 Quamvis
381 675 619 742 etsimul
643 683 699 730 et
721 673 888 731 semel
914 673 1096 729 omnia
1119 671 1352 735 condita,
1388 685 1551 726 verax

639 753 936 835 Theologia
955 772 1149 831 canat;

99 861 407 920 Perfectum
436 861 532 918 sed
550 875 686 932 opus
717 857 928 914 numeri
950 855 1211 928 perfectio
1233 853 1430 925 signat,

611 947 864 1006 Partibus
890 956 1013 1020 apta
1043 948 1176 1004 suis.

95 1043 352 1102 Cardinis
373 1042 517 1099 hunc
535 1039 697 1113 primi
723 1039 769 1097 si
798 1055 897 1110 per
917 1039 1252 1096 theoremata
1275 1037 1441 1093 ducas
1463 1047 1510 1101 α,

625 1137 838 1192 Eminet
865 1134 1111 1207 egregius
1139 1152 1152 1189 :

93 1231 346 1302 Namque
371 1245 469 1287 sua
503 1228 650 1286 solus
679 1242 798 1284 sese
824 1225 1043 1298 regione
1067 1232 1302 1290 coercet,

525 1324 739 1380 Gnarus
762 1321 964 1377 habere
990 1319 1207 1375 modum
1234 1336 1248 1372 :

94 1420 212 1478 Nec
231 1435 494 1477 summam
507 1418 722 1485 minuit,
739 1431 840 1474 nec
860 1415 974 1471 vult
993 1414 1376 1482 transcendere
1391 1427 1681 1478 summam,

559 1508 807 1566 Partibus
839 1507 1126 1579 explicitus
1147 1506 1176 1546 ι)
1205 1524 1216 1558 :

97 1603 278 1661 Unum
306 1611 454 1661 sexta
479 1602 697 1674 quidem
730 1610 842 1668 est;
871 1601 979 1656 duo
1002 1599 1192 1665 tertia;
1225 1597 1504 1654 dimidium
1539 1607 1679 1663 tres;

618 1693 724 1750 Sex
755 1707 817 1750 ea
847 1691 1155 1748 restituunt.

169 1789 290 1849 ut.
321 1786 513 1854 Visne,
554 1787 700 1844 aliud
723 1787 986 1852 referam,
1017 1797 1172 1856 mage
1212 1783 1354 1854 quod
1392 1782 1680 1846 mirabere,

548 1879 663 1935 Huc
690 1879 840 1946 ades,
872 1877 1035 1947 idque
1062 1875 1225 1931 refer.

90 1973 351 2029 Partibus
377 1973 432 2028 in
460 1988 676 2029 versum
705 1973 900 2035 ductis,
925 1971 1224 2040 iisdemque
1250 1967 1519 2033 remixlis,

553 2064 776 2119 Instruit
806 2062 897 2118 hic
918 2061 1138 2119 δεκαδθη
1161 2072 1207 2126 ε,

86 2159 232 2214 Pars
254 2166 336 2214 cst
360 2165 512 2215 sexta
537 2160 697 2231 μονὰς
724 2155 774 2222 d,
807 2154 1015 2210 numeri
1041 2153 1348 2225 progressio
1374 2152 1548 2223 prima
1579 2167 1592 2204 :

594 2249 854 2306 Primitus
896 2247 985 2302 illa
1015 2245 1186 2312 subit;

88 2343 284 2399 Tertia
309 2358 541 2414 namque
563 2340 694 2402 δυὰς
719 2352 766 2407 θ,
792 2337 975 2395 sedem
1006 2345 1150 2392 tenet
1171 2346 1333 2406 atque
1355 2335 1678 2392 secundam'

558 2433 704 2489 Fons
735 2430 985 2504 paritatis
1007 2445 1068 2486 ea
1098 2437 1179 2486 est
1205 2447 1218 2482 :

86 2526 498 2598 Dimidiumque
521 2529 668 2607 τριάς
701 2525 749 2593 ί,
777 2525 917 2581 hanc
946 2523 1140 2579 tertius
1166 2521 1368 2595 excipit
1392 2520 1559 2586 ordo;

573 2617 712 2674 Hinc
738 2617 855 2673 ﬂuit
881 2616 1163 2687 imparitas
1192 2632 1205 2668 :

84 2711 232 2768 Cum
267 2720 420 2766 sexta
463 2711 720 2777 medium,
762 2708 988 2766 αονοιδθιι
1035 2711 1184 2784 τριὰς
1221 2707 1482 2779 applicat;
1523 2712 1686 2776 atque

529 2801 627 2856 His
654 2800 773 2855 ﬂuit
800 2801 942 2854 alma
963 2803 1151 2872 τετρὰς
1176 2801 1200 2839 ⁸
1227 2815 1240 2851 :

87 2895 281 2952 Tertia
309 2908 433 2951 cum
465 2893 643 2949 medio
671 2890 868 2949 δυαδθι]
900 2889 1229 2965 τριαδοιιᾳυθ
1250 2895 1496 2959 coaptat;

546 2985 734 3047 ῐιεντάς
756 2983 785 3023 ιι
819 2983 886 3038 ab
916 2982 1002 3037 his
1034 2982 1229 3038 oritur.

86 3079 288 3136 Partes
317 3077 638 3135 omnimodae
659 3075 866 3145 digesta
886 3085 1032 3129 sorte
1053 3071 1268 3137 refusae,

523 3167 648 3238 ἐξα
683 3167 901 3239 quidem
927 3173 1182 3238 reparant
1209 3166 1252 3218 ί.

172 3419 201 3448 ι
227 3404 402 3462 Cardo
431 3405 632 3464 primus
671 3421 1010 3461 numerorum
1035 3415 1109 3462 est
1152 3407 1217 3461 ab
1244 3421 1348 3462 uno
1376 3407 1446 3462 ad
1487 3407 1683 3464 decem.

88 3476 224 3532 Not.
248 3492 379 3532 mss.
408 3476 610 3533 Sensus
636 3492 767 3548 ergo
795 3486 880 3532 est
902 3494 916 3531 :
942 3476 1000 3532 Si
1031 3493 1316 3548 numerum
1355 3478 1500 3534 hunc
1533 3494 1689 3534 sena-

89 3549 242 3604 rium
266 3548 576 3604 consideres
595 3547 822 3614 attente,
845 3548 1089 3605 invenies
1110 3547 1258 3604 illum
1281 3549 1523 3605 eminere
1548 3550 1690 3606 inter

91 3620 289 3675 decem
326 3619 552 3688 primos.

173 3690 202 3730 ιι
229 3688 470 3772 Uterque
482 3691 584 3772 .hic
611 3705 803 3748 versus
838 3691 1026 3772 eodem
1061 3691 1285 3756 recidit,
1315 3699 1371 3746 et
1396 3690 1685 3772 significat,

89 3761 243 3839 hanc
274 3760 658 3839 perfectionem
701 3761 916 3839 senario
958 3778 1186 3839 numero
1229 3760 1506 3839 propriam
1543 3778 1684 3828 esse,

91 3829 251 3914 Quod
274 3829 462 3914 omnes
485 3833 602 3914 ejus
620 3842 805 3904 partes
840 3831 1090 3903 aliquotae
1121 3829 1283 3888 simul
1301 3913 1307 3914 ί
1328 3829 1555 3904 sumpta:
1581 3851 1690 3914 non

93 3907 427 3958 imminuant
473 3907 590 3974 ejus
631 3919 899 3959 summam
939 3918 1038 3960 nec
1084 3913 1315 3974 augeant
1360 3915 1517 3960 :tres
1545 3907 1690 3960 enim

95 3981 311 4057 tantum
340 3974 500 4057 habet
527 3986 725 4057 partes
766 3975 1050 4057 aliquotas,
1083 3990 1276 4057 nempe
1303 3985 1512 4057 sentam
1531 4015 1544 4039 ,
1571 3991 1692 4057 qua;

91 4053 186 4126 est
203 4045 410 4126 unitas;
437 4045 674 4126 tertiam,
695 4062 814 4126 qua:
835 4054 961 4100 sunt
981 4047 1115 4113 duo;
1139 4053 1199 4126 et
1221 4046 1522 4126 dimidium)
1545 4047 1692 4126 quod

93 4123 187 4171 est
215 4115 357 4199 tria:
388 4117 488 4199 has
522 4115 919 4199 siuconjungas,
951 4131 1143 4186 nempe
1177 4117 1231 4178 l,
1255 4117 1368 4199 et
1391 4117 1454 4181 '5,
1485 4115 1694 4173 faeiunt

94 4202 219 4264 sex.
249 4183 366 4264 Non
395 4187 473 4264 sic
504 4188 596 4264 alii
625 4183 835 4242 numeri
855 4204 889 4264 _:_
913 4203 1037 4241 nam
1069 4183 1300 4257 exempli
1323 4203 1506 4264 causa,
1540 4197 1693 4264 octo-

94 4257 289 4314 narius
309 4258 596 4332 has‘babet
616 4266 798 4332 partes
822 4257 1108 4332 aliquotas,
1131 4265 1383 4332 octavam
1405 4259 1479 4330 (id
1505 4268 1589 4314 est
1610 4260 1693 4332 l),

93 4335 355 4410 quartam
381 4327 480 4399 (2),
509 4327 798 4410 dimidium
817 4327 929 4401 (4)5
949 4329 1057 4385 Has
1083 4332 1128 4410 s_i
1144 4331 1360 4400 jungas,
1392 4327 1502 4386 non
1521 4327 1692 4387 conti-

95 4401 249 4454 cient
273 4408 416 4470 octo.
440 4400 534 4456 sed
555 4408 760 4470 septem
785 4400 1178 4456 tantummodo.

175 4481 199 4541 ἐ
243 4469 469 4528 Δικαδεη
496 4487 594 4541 pro
616 4469 842 4534 suasa,
877 4471 927 4525 id
951 4480 1034 4526 est
1066 4489 1341 4527 numerum
1380 4472 1686 4528 denarium.

172 4540 201 4580 ἀ
241 4545 406 4603 Μονὰς·
440 4540 524 4625 est
564 4543 762 4625 unitas,
788 4542 1110 4612 principium
1160 4545 1404 4611 numeri;
1443 4554 1498 4600 et
1533 4553 1685 4600 sexta

96 4626 234 4684 pars
257 4613 475 4684 numeri
495 4613 718 4668 senarii.

127 4755 137 4765 _
179 4695 203 4722 ο
245 4685 403 4766 Δνάις2
429 4683 485 4739 id
512 4693 598 4741 est
617 4700 862 4739 numerus
894 4684 1152 4751 binarius,
1184 4687 1277 4757 qui
1303 4695 1385 4743 est
1411 4701 1540 4757 pars
1573 4694 1684 4742 ter-

97 4765 182 4810 lla
208 4765 428 4809 senarii.

182 4825 202 4864 ί
241 4829 422 4893 Τριὰς,
449 4842 695 4882 numerus
730 4828 1013 4892 ternarias,
1047 4827 1247 4882 senarii
1276 4829 1577 4884 dimidium.

184 4846 197 4864 ι
241 4846 283 4878 τι-
320 4848 422 4893 mc,
449 4846 695 4882 numerus
730 4846 1013 4892 ternarias,
1047 4846 1247 4882 scnarn
1276 4846 1577 4884 armiamm.

181 4846 422 4979 5_est,
451 4913 588 4979 pars
603 4907 755 4953 sexta
779 4898 977 4979 senarii
1009 4909 1151 4979 (quae
1169 4900 1473 4979 est-unitas)
1499 4898 1688 4968 juncta

98 4968 283 5025 medio
314 4968 479 5040 (quod
511 4976 590 5022 est
620 4985 876 5041 numerus
905 4968 1192 5041 tertiarius)
1224 4969 1395 5041 gignit
1429 4968 1684 5039 quatuor,

99 5054 203 5115 seu
232 5037 517 5116 numerum
541 5039 967 5116 quaternarium,
986 5039 1075 5108 qui
1110 5037 1306 5116 Graece
1332 5037 1530 5098 dicitur
1567 5060 1686 5116 τετ-

1454 1873 1682 1946 [lector?
1710 1857 1760 1918 Β

1714 3222 1763 3286 C

1712 4592 1766 4654 D

2167 574 2316 629 lianc
2349 574 2586 629 sterilem
2614 574 2897 644 perhibent
2922 574 2942 612 ¹ί
2974 591 2986 626 :

1788 669 1970 725 Tertia
1995 683 2116 725 cum
2143 677 2254 724 toto
2278 676 2427 722 creat
2447 666 2668 724 ὁκταδειι
2694 664 2713 704 1
2739 684 2753 732 ;
2785 666 2910 721 hinc
2931 663 3047 721 fluit
3067 667 3206 727 ἐλπὶς

2240 760 2430 816 Vivere
2451 770 2571 830 post
2596 759 2806 815 cineres
2829 771 2904 825 ln;

1787 849 1956 907 Totus
1987 865 2108 905 cum
2129 850 2330 930 'mcdio,
2361 850 2708 905 numeraliter
2737 851 2874 906 ἐννέα
2896 849 3098 920 gignit;

2260 942 2312 998 Is
2334 943 2570 1013 triplicat
2599 942 2817 1020 τριαδεη
2844 961 2855 996 :

1787 1033 1882 1091 His
1904 1045 2187 1106 superacta
2209 1038 2385 1110 μονὰς,
2416 1037 2619 1091 πάντων
2640 1036 2783 1096 τέλος
2807 1047 3156 1089 numerorum

2266 1125 2485 1182 Proficit
2520 1125 2576 1179 in
2606 1125 2863 1180 decaden.

1787 1218 1879 1277 Sic
1905 1220 2085 1293 operis
2108 1219 2362 1276 meritum
2387 1232 2596 1273 merces
2617 1231 2869 1272 mansura
2891 1223 3168 1285 sequetur,

2247 1311 2418 1380 Quam
2449 1309 2596 1372 δεκὰς
2626 1308 2826 1380 elligiat
2848 1319 2900 1361 υ.

1785 1405 1920 1461 Tam
1946 1413 2129 1462 manet
2158 1405 2262 1461 hoc
2295 1418 2513 1470 verum,
2550 1418 2712 1472 quam
2746 1401 2838 1472 qui
2878 1416 3040 1472 super
3078 1397 3258 1455 omnia
3292 1396 3372 1452 sui

2309 1493 2418 1552 Nec
2455 1494 2595 1550 ratio
2629 1495 2844 1550 titubat.
3225 1492 3328 1564 [cst
3355 1509 3366 1557 ;

1783 1592 1938 1647 Anne
1963 1590 2058 1646 tibi
2081 1589 2266 1644 videor
2289 1588 2500 1644 senaria
2526 1586 2786 1659 symbola,
2812 1586 3000 1652 lector,

2309 1679 2569 1735 Elicuisse
2613 1680 2842 1748 parum?

1789 1775 1846 1831 Si
1869 1783 2045 1846 potes,
2071 1774 2170 1830 ede
2199 1772 2363 1829 alium
2386 1771 2546 1826 simili
2569 1771 2776 1825 ratione
2813 1769 3080 1824 clucntcm
3105 1785 3121 1835 ;

2305 1863 2474 1921 Cedat
2500 1872 2556 1918 ct
2584 1863 2687 1918 iste
2711 1863 2848 1918 loco.

1785 1963 1940 2031 Quod
1969 1963 2014 2020 si
2035 1977 2143 2020 non
2165 1961 2306 2032 potis
2327 1968 2438 2024 est;
2466 1955 2736 2028 perfectos
2760 1956 2906 2011 disce
2937 1955 3238 2025 triumphos

2299 2050 2556 2106 Pmesulis
2580 2063 2700 2104 esse
2725 2047 2850 2103 mei.

1786 2149 1932 2218 Quos
1967 2148 2185 2204 cohibet
2206 2159 2481 2207 numerus,
2507 2155 2666 2214 quem
2695 2149 2753 2196 tu
2768 2139 2880 2209 jam
2903 2141 3006 2195 rite
3029 2140 3274 2214 συνεργόν

2300 2235 2514 2290 Dixeris
2538 2248 2658 2289 esse
2680 2232 2776 2288 Dei
2801 2239 2850 2284 ο.

1857 2331 1981 2386 145.
2009 2330 2177 2388 Oratu
2208 2328 2420 2393 melius,
2453 2332 2698 2397 superest
2747 2325 3106 2395 quodcunque
3144 2323 3367 2392 laboris,

2312 2418 2576 2488 Expedies
2612 2416 2846 2472 modico.

1786 2514 1832 2572 Ο
1857 2514 2092 2571 clemens
2112 2512 2370 2580 Trinitas,
2397 2518 2593 2568 nostra
2613 2525 2828 2580 quoque
2847 2509 2968 2566 fons
2990 2509 3269 2566 trinitatis.
3377 2527 3413 2554 ar

2187 2603 2324 2659 Nam
2351 2603 2525 2659 tribus
2547 2616 2708 2658 omne
2739 2603 2922 2658 subest
2947 2619 2963 2659 :

1786 2703 2000 2769 οὐσίαν,
2029 2697 2240 2772 δύναμιν
2266 2698 2471 2764 dicunt,
2495 2698 2718 2770 ὶνέργιαν
2741 2703 2936 2766 atque;

2214 2790 2347 2858 Quis
2381 2790 2512 2853 sine,
2544 2788 2686 2843 nulla
2717 2786 2869 2863 φύσις
2895 2798 2942 2841 P.

1787 2885 1885 2942 Est
1913 2886 2079 2941 etiam
2105 2883 2320 2939 trinitas
2343 2881 2536 2938 animze
2563 2881 2898 2936 contermina
2921 2887 3142 2947 nostrae,

2295 2971 2410 3039 Qua
2436 2972 2497 3027 fit
2532 2971 2709 3041 imago
2735 2971 2832 3026 Dei
2858 2989 2870 3025 :

1787 3080 1916 3138 Νοῦς
1939 3074 2075 3142 haec,
2090 3081 2252 3144 atque
2269 3071 2433 3146 λόγος,
2458 3068 2623 3124 etiam
2646 3066 2844 3126 διάνοια
2859 3079 2887 3119 ει
2908 3076 3158 3136 vocatur,
3372 3066 3384 3114 ί
3409 3083 3425 3100 ·

2220 3165 2373 3222 Hanc
2401 3177 2615 3235 quoque
2643 3171 2702 3219 tu
2742 3162 2954 3222 tribuis.

1869 3413 1889 3453 1
1930 3411 2067 3467 Nam
2093 3409 2131 3464 2
2159 3419 2215 3466 et
2237 3409 2271 3464 6
2295 3409 2502 3464 faciunt
2528 3408 2581 3474 8,
2607 3408 2722 3470 sive
2748 3406 2958 3466 ὁκτάδα.

1860 3493 1902 3516 ³·
1937 3485 2104 3544 Ἐλπὶς
2132 3482 2296 3536 vivere
2313 3489 2428 3549 post
2454 3479 2673 3543 cineres,
2702 3478 2763 3549 id
2785 3489 2869 3533 est
2901 3495 3016 3549 spes
3041 3491 3382 3535 resurrectio-

1791 3559 1894 3612 nis.
1927 3553 2242 3611 Octonarius
2271 3546 2414 3606 enim
2441 3551 2497 3604 in
2519 3549 2708 3603 divinis
2729 3546 2939 3604 Litteris
2965 3548 3174 3604 Novum
3201 3550 3380 3606 Testa-

1791 3637 2022 3684 mentum
2038 3664 2055 3691 ,
2113 3638 2387 3693 corporum
2407 3691 2416 3693 _
2439 3621 2997 3693 resurrectiOnem,_ac
3051 3621 3380 3693 majestatem

1793 3699 1940 3770 regni
1967 3689 2068 3751 Dei
2094 3689 2378 3770 signiﬁcat,
2405 3691 2660 3770 inquitet
2686 3691 2878 3770 probat
2898 3689 3113 3770 [longus
3135 3689 3204 3745 ad
3231 3693 3376 3748 hunc

1793 3760 2083 3826 ntimerum
2127 3760 2183 3820 in
2226 3760 2411 3834 Opere,
2439 3760 2599 3834 quod
2641 3760 3156 3834 inscribitdlys'ticw
3197 3779 3377 3834 mune-

1794 3857 1974 3895 rorum
2004 3829 2403 3908 signiﬁcationis
2429 3829 2638 3908 librum.
2667 3829 2769 3908 Ubi
2800 3832 2866 3886 de
2893 3829 2996 3908 hoc
3033 3848 3231 3902 genere
3263 3833 3380 3908 plu-

1794 3911 1933 3966 rima
1962 3903 2174 3964 eru'dite
2207 3913 2461 3976 congesta
2491 3904 2665 3976 lector
2687 3903 2952 3976 ejusmodi
2991 3919 3172 3959 rerum
3200 3905 3380 3959 curio-

1796 3996 1888 4036 sus
1920 3979 2176 4042 inveniet,
2209 3974 2435 4044 singulis
2457 3974 2700 4030 numeris
2724 3974 2966 4045 propria.

1870 4064 1895 4090 ιι
1933 4049 2005 4106 Ut
2029 4048 2267 4105 ostendit
2305 4046 2447 4101 idem
2485 4045 2701 4116 Bongus
2757 4045 2813 4099 in
2859 4060 3087 4102 munero
3132 4046 3378 4116 denario,

1795 4124 1939 4180 ultra
1971 4121 2227 4176 medium.

1869 4202 1893 4230 ο
1924 4193 2125 4263 Lepida
2157 4204 2304 4263 sane
2322 4187 2567 4244 collectio
2597 4205 2610 4242 :
2644 4185 2757 4263 Ego
2800 4188 3090 4259 triumphos
3141 4189 3203 4263 S.
3257 4189 3384 4245 Ger-

1796 4265 1940 4321 mani
1967 4259 2156 4318 enarro
2187 4259 2332 4314 libris
2372 4275 2494 4323 sex;
2553 4259 2697 4329 atqui
2729 4275 2974 4313 numerus
2999 4262 3240 4314 senarius
3265 4278 3383 4329 per-

1795 4337 1963 4460 {eclus
1992 4344 2104 4397 est,
2143 4347 2264 4401 ergo
2311 4341 2362 4383 et
2407 4329 2622 4400 perfecti
2663 4329 2912 4400 triumphi
2960 4329 3062 4384 illi.
3115 4329 3220 4386 Sed
3267 4331 3384 4387 haec

1819 4405 1999 4460 udenti
2028 4411 2199 4460 poetae
2223 4401 2594 4456 condonanda.

1819 4405 1999 4461 udenti
2028 4411 2199 4474 poetae
2223 4401 2594 4474 condonanda.

1869 4489 1897 4528 ιν
1934 4476 1990 4531 ld
2029 4472 2136 4539 est,
2165 4472 2473 4544 essentiam,
2522 4473 2760 4526 virtutem
2805 4481 2957 4543 atque
2995 4473 3384 4544 Aoperationcm,

1799 4549 1914 4606 sine
1940 4545 2135 4617 quibus
2164 4543 2419 4617 nulla_e_st
2438 4545 2588 4617 φρσις
2613 4557 2707 4617 seu
2740 4540 2951 4617 natura.
2975 4540 3053 4617 ‘In
3082 4545 3223 4617 omni
3247 4548 3386 4599 enim

1792 4613 1986 4676 natura
2017 4613 2321 4670 rationabili
2354 4613 2795 4683 intellectualique
2820 4615 2923 4667 tria
2964 4613 3075 4668 haec
3113 4614 3386 4681 insepara-

1793 4691 1964 4747 biliter
1988 4701 2289 4757 semperque
2331 4685 2798 4757 incorrttptilgiliter
2839 4694 3120 4757 manentia
3150 4687 3388 4739 conside-

1793 4770 1999 4817 rantur.
2038 4753 2243 4812 llorum
2270 4755 2586 4825 exemplum.
2618 4753 2787 4809 Nulta
2832 4765 3042 4817 natura,
3075 4755 3180 4808 sive
3221 4757 3387 4809 ratio-

1793 4832 1930 4887 nalis
1975 4831 2079 4884 sive
2159 4825 2528 4882 intellectualis
2578 4836 2684 4890 est,
2737 4843 2855 4897 qua:
2906 4827 3108 4897 ignoret
3152 4841 3209 4897 se
3257 4844 3392 4888 esse,

1793 4901 2026 4976 quamvis
2074 4899 2290 4976 nesciat_
2317 4897 2444 4969 quid
2480 4897 2566 4950 sit.
2617 4893 2761 4976 Dant
2796 4893 3394 4976 ergo'dico‘anlntelliqa

1793 4962 1874 5028 me
1895 4987 2036 5034 esse;
2078 4986 2248 5042 nonne
2272 4962 2368 5024 hoc
2395 4969 2709 5042 un_o__verbq,
2740 4962 2878 5042 quod
2908 4975 2985 5020 est
3007 4962 3273 5034 intelligo,
3297 4962 3401 5020 tria

1794 5043 2031 5115 signi/ica
2063 5060 2095 5096 a
2125 5057 2178 5094 se
2205 5035 2626 5112 inseparabi‘lia?
2659 5035 2797 5098 Nam
2828 5049 2873 5095 et
2908 5051 2989 5090 me
3008 5045 3202 5110 es_se,et
3232 5051 3405 5107 posse,
