3876 5416
523 461 530 476 ,
590 410 732 470 H95
1591 411 1817 468 ilERlCl
1856 411 2162 469 MONACHI
2203 412 2859 470 ANTISSIODORENSIS
3628 424 3719 483 “96

585 523 731 597 Ergo
754 538 872 595 age,
894 530 950 579 et
975 531 1186 595 optatas
1215 525 1411 596 largire
1437 525 1699 597 attingere
1723 534 1914 594 metas,
2190 530 2238 591 Α
2267 524 2346 583 Ne
2363 542 2469 598 qua
2498 535 2677 582 tamen
2704 527 2931 582 subeant
2951 525 3265 582 exhaustam
3289 528 3429 585 taedia
3450 538 3654 601 mentem;

1029 618 1250 674 Summe
1277 619 1437 685 Deus,
1473 619 1726 674 Trinitas.
2733 617 2807 674 Te
2833 618 2971 675 duce
2991 619 3373 692 progredimur.

587 773 788 831 docent
814 790 1088 854 sacrarum
1129 777 1431 854 litterarum
1465 779 1788 854 interpretes
1827 779 1879 833 in
1906 778 2039 854 illud
2052 777 2168 854 .Ge-
2272 783 2516 854 nostrum
2543 776 2600 832 in
2625 777 2927 836 Comment.
2951 779 3008 836 in
3033 777 3285 838 Genesim
3305 792 3425 840 tom.
3447 782 3482 851 l,
3503 781 3574 842 lib.
3593 788 3719 854 iniere

585 861 800 920 neseos,
826 845 1109 904 Faciamus
1126 849 1396 920 nominem
1425 850 1493 903 ad
1523 845 1805 920 imaginem
1833 858 1881 905 et
1920 849 2167 905 similitu-
2272 849 2341 904 ab
2364 848 2536 906 initio.

585 917 760 972 dinem
785 929 1034 974 nostram.
1061 918 1178 985 Adi,
1206 921 1250 976 si
1284 921 1478 992 placet,
1509 917 1856 978 Benedictum
1887 921 2165 977 Pererium
2492 923 2536 932 “

587 1055 3704 1083 Μ

1824 1182 2121 1264 LIBER
2198 1181 2613 1265 SEXTUS.

1980 1363 2237 1387 -——-'—

1093 1489 1319 1547 CAPUT
1356 1489 1646 1548 PRIMUM.
2269 1491 2404 1550 Cum
2425 1492 2688 1567 genitrice
2720 1495 2811 1567 pia
2838 1495 3056 1568 plenum
3082 1498 3322 1560 deferret
3350 1500 3542 1564 honoris

581 1601 638 1658 S.
665 1600 912 1677 Germani
939 1604 1187 1677 adventus
1207 1606 1277 1660 ad
1307 1606 1504 1677 regiam
1526 1615 1649 1660 tunc
1678 1605 1858 1659 urbem
1892 1602 2165 1677 Ravenna-
2269 1582 2548 1677 Quidqu
2571 1587 2810 1644 mOdum-
2837 1587 3007 1645 Ρθῑΐίί
3037 1590 3117 1648 Sic
3145 1602 3359 1665 δοθΡίτε
3384 1579 3565 1650 decori!

651 1676 780 1728 tium
808 1675 1109 1758 imperatori
1138 1674 1443 1758 ceterisque
1464 1677 1830 1748 gratissimus:
1877 1675 2165 1731 miraculo-
2269 1674 2510 1732 Ornabat
2530 1678 2725 1734 sobriae
2748 1678 2839 1752 [Β.
2862 1680 3082 1756 sanctae]
3100 1682 3218 1754 jam
3243 1694 3354 1741 tum
3383 1686 3564 1742 virtutis
3580 1698 3716 1742 amator.

650 1762 768 1799 rum
789 1745 903 1817 ejus
928 1747 1119 1801 ibidem
1150 1745 1481 1820 frequentia.‘
2271 1762 2604 1822 Germanum
2626 1745 2834 1842 magnae
2854 1745 3175 1830 sulmuniem
3199 1776 3461 1832 moenibus
3482 1778 3618 1844 urbis,

621 1861 771 1917 146.
811 1859 1016 1916 Praevia
1037 1861 1178 1916 fama
1198 1875 1363 1917 ruens
1381 1859 1595 1917 Latium
1622 1860 1928 1916 conciverat
1954 1857 2160 1925 orbem,
2272 1853 2387 1924 Qua
2421 1866 2628 1913 tantum
2659 1859 2860 1930 pietate
2894 1859 3111 1920 Patrem
3151 1874 3394 1924 tractare
3426 1868 3618 1934 decebat,

577 1956 892 2027 Digressum
922 1953 1117 2024 patriis
1144 1952 1474 2010 Germanum
1497 1968 1668 2024 nuper
1689 1954 1757 2010 ab
1778 1953 1911 2019 oris,
2272 1952 2581 2024 Excipiunt.
2615 1954 2818 2013 Rerum
2845 1973 3105 2016 conversa
3133 1971 3286 2019 sorte
3310 2004 3325 2030 ,
3352 1963 3556 2030 videres,

577 2047 891 2104 Ravennam
919 2056 1070 2104 certa
1101 2045 1334 2104 celerem
1366 2046 1576 2102 ratione
1606 2045 1791 2102 subire
1824 2063 1836 2100 :
2273 2043 2344 2102 Ut
2365 2062 2574 2119 pompae
2608 2048 2859 2122 refugum
2895 2054 3075 2110 studio
3106 2064 3355 2114 certante
3400 2055 3625 2128 premebat

574 2139 925 2212 Compertum
954 2139 1009 2196 id
1033 2139 1218 2212 populi
1246 2139 1398 2196 vario
1422 2153 1674 2196 sermone
1705 2137 1983 2202 ferebant;
2272 2137 2430 2210 Vulgi
2469 2154 2667 2211 pompa
2692 2157 2895 2213 sequax
2927 2161 2940 2198 :
2973 2145 3439 2220 edicto,principis
3463 2163 3612 2205 omnes

574 2231 832 2300 Urbibus,
869 2240 925 2288 et
954 2231 1112 2299 vicis,
1135 2246 1234 2303 per
1253 2231 1510 2303 compita,
1550 2246 1752 2302 perque
1780 2229 1985 2300 plateas
2190 2304 2233 2312 _
2270 2229 2576 2288 Occurrunt
2597 2248 2883 2304 proceres;
2919 2247 3178 2309 properat
3202 2240 3497 2310 promiscua
3522 2239 3676 2312 plebes;

571 2323 688 2380 Hoc
723 2324 829 2391 vir,
865 2324 972 2381 hoc
998 2323 1194 2379 mulier
1222 2325 1328 2381 hoc
1354 2331 1484 2380 tunc
1504 2321 1793 2393 infansque
1816 2332 2089 2388 senexque
2189 2304 2239 2366 Β
2267 2322 2404 2380 Tum
2429 2339 2583 2381 sacer
2606 2326 2852 2383 ecclesia:
2879 2304 3047 2386 denso
3078 2304 3428 2403 ruit-agmine
3449 2304 3623 2386 cicius:

571 2415 688 2473 Hoc
699 2414 935 2487 juvenis,
953 2416 1188 2472 medium
1203 2424 1262 2472 et
1281 2415 1473 2486 siquid
1489 2413 1852 2484 iuvenemque
1873 2425 2164 2482 senemque
2267 2414 2544 2473 Laudibus
2573 2417 2628 2472 hi
2658 2417 2940 2488 plaudunt,
2974 2419 3286 2491 persultant
3314 2421 3561 2494 plausibus
3581 2420 3644 2486 illi,

569 2500 872 2580 Dispescit;
917 2508 1110 2566 validm
1143 2508 1460 2580 quatiebant
1497 2507 1677 2563 omnia
1710 2520 1908 2564 voces:
2267 2507 2334 2562 Et
2363 2522 2649 2566 commune
2672 2509 2837 2566 decus
2858 2511 3017 2582 parili
3043 2511 3247 2582 pietate
3279 2514 3543 2570 salutant.-

571 2600 765 2659 Omnia
799 2601 1115 2670 fervebant;
1160 2601 1437 2658 instabant
1469 2600 1653 2657 omnia
1679 2600 1818 2656 votis
1845 2618 1856 2653 :
2339 2599 2461 2654 148.
2494 2599 2766 2657 Plurimus
2787 2611 3045 2674 augustos
3071 2603 3242 2662 animi
3293 2605 3579 2677 perﬂaverat
3609 2603 3717 2666 ardor,

570 2696 904 2754 Germanum
933 2698 1106 2766 dives,
1136 2695 1466 2754 Germanum
1491 2694 1724 2764 denique
1746 2706 1949 2765 pauper
2265 2691 2552 2762 Obsequiis
2578 2693 2855 2750 cumulare
2892 2695 3090 2751 virum.
3129 2695 3450 2754 Cautissima
3483 2712 3622 2754 rerum

571 2787 898 2859 Venturum,
929 2805 1128 2847 resono
1150 2790 1353 2861 passim
1380 2788 1618 2844 clamore
1653 2784 1979 2841 fremebant.
2272 2784 2373 2842 Vas
2412 2787 2649 2857 amplum
2677 2788 2864 2859 regina
2892 2798 3107 2846 struens
3138 2790 3410 2864 regalibus
3441 2792 3570 2854 escis,

571 2881 776 2939 Tantus
801 2897 954 2940 amor
977 2892 1186 2949 sancto,
1219 2891 1365 2938 tanta
1399 2890 1483 2938 est
1509 2878 1765 2936 instantia
1792 2876 1951 2948 vulgo
2265 2876 2381 2933 Non
2411 2886 2592 2938 tamen
2620 2879 2781 2938 ullius
2806 2880 2973 2937 mixta
2999 2881 3334 2955 pinguedine
3357 2883 3543 2951 carnis,

573 2973 765 3030 Visere
791 2973 1101 3046 pontiﬁcem
1133 2982 1452 3042 certamque
1488 2969 1694 3026 referre
1720 2967 1969 3023 salutem.
2265 2969 2428 3026 Mittit
2449 2971 2710 3042 pontiﬁci.
2743 2971 3008 3048 Suscepto
3034 2991 3262 3032 munere
3290 2975 3401 3044 tali,

569 3063 636 3120 Et
657 3079 966 3136 quanquam
985 3064 1187 3134 sumpti
1208 3070 1458 3134 respectu
1474 3057 1992 3134 plane(B.jamque)
2013 3055 2161 3114 labo-
2263 3064 2503 3122 Partitur
2530 3066 2763 3138 propriis
2786 3068 3011 3125 obsonia
3051 3079 3252 3126 cuncta
3277 3070 3551 3126 ministris:

568 3158 862 3230 Impatiens
879 3166 1099 3230 urgeret
1131 3157 1269 3225 iter;
1298 3157 1395 3214 sed
1419 3155 1688 3228 plurimus
1715 3153 1881 3212 ardor
2061 3151 2160 3225 [ris
2261 3154 2516 3213 Vindicat
2543 3169 2842 3230 argentum,
2871 3160 3085 3216 miseris
3119 3158 3398 3220 fracturus
3418 3159 3586 3233 egenis.

569 3248 862 3308 Obstantes
884 3265 1028 3320 aegre
1051 3263 1330 3320 nexusque
1351 3239 1640 3317 merasque
1674 3245 1905 3312 ferebat,
2263 3249 2344 3304 Ex
2375 3249 2429 3303 in
2454 3250 2805 3321 conspicuum
2830 3262 3146 3323 compensat
3173 3267 3400 3308 munere
3431 3263 3621 3308 munus:

569 3339 904 3413 lncrepitans
932 3355 1154 3414 segnem
1187 3340 1430 3396 mordaci
1461 3345 1682 3411 pectore
1711 3348 1978 3410 gressum.
2263 3343 2336 3398 Et
2368 3343 2461 3398 vili
2489 3352 2542 3400 et
2569 3345 2781 3401 modico
2801 3346 3081 3418 suppletur
3100 3345 3283 3419 lignea
3310 3361 3458 3418 pane,

568 3435 663 3493 Sic
687 3435 970 3492 desideriis
989 3447 1204 3508 semper
1233 3434 1420 3492 dilatio
1459 3433 1631 3490 fertur
2264 3433 2436 3501 Quam
2453 3435 2655 3506 praesul
2689 3450 2883 3507 parcos
2911 3435 3150 3506 patinam
3175 3438 3459 3508 promebat
3479 3436 3524 3492 in
3546 3445 3664 3489 nm:

568 3517 936 3586 Accumuiare
953 3528 1105 3586 sitim
1138 3543 1153 3583 :
1192 3543 1311 3599 qua:
1338 3527 1384 3584 si
1412 3527 1578 3583 dilata
1605 3525 1873 3594 residunt,
2263 3525 2498 3582 Mittitur
2525 3528 2798 3602 Augustae.
2834 3529 3042 3584 Donum
3074 3531 3358 3603 complexa
3394 3537 3599 3586 verenter

565 3619 686 3681 Non
719 3621 986 3681 desideria
1013 3618 1100 3694 [Β.
1129 3619 1334 3693 supplet
1357 3615 1495 3693 haec]
1522 3627 1693 3687 certe,
1739 3634 1851 3676 non
1900 3616 1998 3674 illa
2045 3615 2160 3672 fue-
2265 3616 2523 3691 Suscipit,
2559 3629 2614 3676 et
2659 3630 2917 3692 tanquam
2945 3630 3163 3693 caperet
3191 3623 3449 3689 coelestia,
3477 3618 3637 3683 condit;

1905 3709 2082 3784 {runt.
2187 3699 2234 3768 C
2265 3709 2488 3769 Munere
2515 3711 2639 3770 laeta
2664 3713 2822 3783 dato,
2851 3714 2948 3772 sed
2977 3714 3152 3772 laetior
3183 3715 3278 3772 illa
3309 3726 3525 3786 recepto.

567 3803 808 3865 Tandem
833 3807 1149 3879 susciperis,
1175 3805 1377 3861 mundo
1407 3805 1715 3878 gratissime
1735 3803 1952 3877 praesul,
2265 3805 2437 3875 Quam
2462 3805 2625 3862 fuerit
2653 3821 2839 3863 carum
2865 3822 3089 3865 manans
3119 3823 3149 3863 a
3175 3809 3409 3880 praesule
3430 3808 3606 3868 donum,

567 3899 891 3971 Exspectate
917 3898 1044 3966 diu;
1073 3912 1384 3969 quanquam
1409 3912 1518 3952 non
1555 3898 1694 3954 forte
1713 3897 1893 3967 cupita
1933 3907 1957 3936 ει
1997 3913 2009 3948 :
2263 3897 2387 3955 Mox
2415 3898 2618 3971 liquido
2650 3900 2856 3972 patuit;
2882 3901 3024 3972 quod
3048 3908 3102 3958 et
3125 3915 3264 3958 auro
3288 3901 3516 3958 claudere
3535 3896 3672 3968 lignum

569 3989 719 4046 More
746 3989 962 4059 quidem
989 3987 1152 4046 solito
1178 3992 1444 4044 nocturna
1470 3988 1687 4045 silentia
1727 3997 1974 4061 captans.
2261 3990 2516 4059 Jusserit,
2544 4001 2600 4049 et
2622 3993 2788 4050 variis
2807 4007 3002 4064 panem
3032 4009 3256 4051 servare
3278 3991 3504 4050 medelis.

568 4081 686 4138 Non
723 4091 906 4138 tamen
930 4082 1190 4139 excubias
1224 4081 1531 4165 illicvitare
1558 4098 1780 4155 sagaces
2259 4083 2308 4140 0
2337 4097 2424 4140 res
2448 4083 2666 4140 aeternis
2688 4091 2838 4140 certe
2863 4083 3181 4156 dignissima
3209 4082 3396 4141 fastis!

566 4175 735 4234 Posse
761 4175 893 4244 fuit;
923 4190 1028 4233 nec
1051 4175 1204 4233 fraus
1229 4176 1453 4248 cupidos
1480 4186 1740 4250 concepta
1771 4176 1981 4242 fefellit,
2262 4175 2329 4244 Ο,
2360 4190 2480 4249 quae
2515 4175 2773 4234 sublimes
2803 4175 3031 4234 inclinas
3057 4177 3233 4249 gratia
3263 4184 3483 4244 mentes,

565 4267 708 4337 Quin
737 4276 792 4324 et
823 4268 1223 4340 conspicerent,
1245 4278 1302 4325 et
1329 4277 1619 4340 conspecto
1645 4268 1974 4326 fruerentur.
2263 4271 2329 4325 Et
2359 4269 2580 4328 Christo
2605 4271 2808 4344 subigis
2835 4271 3092 4328 mundani
3122 4271 3262 4329 colla
3303 4268 3537 4329 tumoris!

563 4363 832 4434 Principis
849 4361 1107 4419 Ecclesiae
1131 4364 1434 4434 meritoque
1458 4372 1512 4419 et
1537 4363 1758 4418 nomine
1779 4363 1989 4435 pollens
2260 4363 2305 4420 0
2341 4365 2550 4435 regina,
2573 4364 2724 4434 pium
2749 4378 3014 4420 venerans
3043 4364 3096 4420 in
3135 4363 3367 4436 praesule
3399 4358 3590 4420 numenl

564 4454 758 4513 Petrus
779 4455 808 4496 ι)
835 4455 1188 4526 apostolicum
1215 4455 1358 4512 dicta
1384 4456 1635 4512 servabat
1665 4456 1719 4511 in
1751 4454 1885 4511 urbe
2259 4454 2324 4522 Ο,
2350 4456 2434 4512 cui
2457 4456 2571 4528 jam
2598 4455 2771 4512 defert
2801 4457 3045 4513 Romana
3074 4460 3341 4530 potentia,
3367 4453 3564 4532 praesul!

565 4547 729 4604 Forte
754 4561 993 4619 gregem,
1022 4547 1107 4602 vir
1126 4547 1388 4617 praecelso
1416 4546 1720 4616 splendoris
1740 4545 1870 4601 aviti
2143 4571 2155 4585 -
2258 4545 2371 4603 Nec
2395 4549 2571 4606 aberit
2601 4549 2790 4616 multo,
2824 4550 2953 4622 quin
2995 4551 3148 4607 ocius
3176 4561 3326 4607 astra
3355 4544 3566 4620 sequenti

566 4641 866 4699 Stemmate
895 4641 1240 4713 conspicuus,
1264 4639 1432 4695 multa
1463 4649 1519 4696 et
1563 4640 1832 4711 probitate
1870 4651 2148 4695 coruscus.
2259 4640 2477 4698 Dcferat
2510 4641 2768 4698 aztbcrius
2799 4640 3021 4714 Superis
3055 4658 3178 4699 cum
3208 4643 3442 4700 millibus
3466 4640 3574 4696 axis.

638 4738 763 4795 147.
791 4738 926 4796 Tum
957 4752 1169 4809 quoque
1193 4737 1306 4809 jam
1331 4734 1545 4806 juvenis
1574 4750 1696 4792 cum
1718 4742 1891 4790 matre
1916 4731 2149 4788 Valenti-
2332 4735 2452 4794 M9.
2484 4735 2648 4793 Forte
2685 4737 2773 4794 die
2805 4737 3060 4808 quadam,
3091 4737 3292 4810 popqu
3333 4737 3553 4807 stipante,
3573 4727 3712 4799 plateas

1868 4824 2085 4899 [nianus
2259 4830 2585 4903 ingreditur,
2613 4829 2826 4902 placido
2845 4829 3182 4902 perlustrans
3209 4830 3391 4886 omnia
3414 4839 3582 4902 gressu.
3779 4824 3785 4903 1

564 4917 797 4980 Romula
821 4930 1035 4993 sceptra
1060 4936 1278 4994 gerens,
1303 4936 1487 4976 rerum
1531 4918 1781 4976 flectebat
1821 4915 2079 4973 habenas.
2155 4989 2168 5001 θ
2261 4920 2594 4990 Devenitque
2624 4919 2823 4987 locum,
2854 4919 3053 4976 misera
3085 4936 3192 4992 quo
3216 4929 3364 4977 sorte
3389 4925 3621 4975 nocentum

563 5016 833 5068 Maximus
860 5016 1111 5070 imperio.
1139 5013 1298 5070 factis
1327 5024 1383 5069 et
1408 5015 1624 5069 nomine
1651 5028 1878 5074 magnus
1911 5022 1958 5064 ε.
2261 5011 2479 5068 Publica
2512 5011 2834 5066 damnarant
2861 5013 3097 5070 tenebris
3131 5011 3394 5076 ergastula
3421 5008 3612 5064 turbam,
