3876 5416
2 2781 28 2790 -~
99 2755 284 2832 Qella,
312 2775 633 2833 manusque,
663 2764 850 2835 pedes,
885 2773 942 2824 et
982 2767 1243 2838 quidquid
1285 2768 1368 2831 vis
1408 2767 1710 2826 truculenta

2 2975 4 2978 ν
97 2941 353 3000 Absolvit
378 2947 575 3018 pietas,
605 2950 784 3008 rabies
811 2952 955 3024 quod
982 2952 1232 3008 vinxerat
1259 2963 1397 3009 atra.

143 317 284 374 ttat
1207 314 1296 372 es
1337 273 1496 372 vrrA
1535 315 1592 374 s.
1633 316 1964 380 GERMANI.
2001 352 2072 362 --
2108 321 2236 378 LIB.
2279 318 2362 378 vt.
3278 319 3417 385 tres

133 433 326 492 Elatas
351 431 554 503 pariter
587 433 781 491 tollunt
807 437 874 493 ad
899 437 1077 493 sidera
1106 452 1285 496 voces.
1753 440 1807 501 Α
1903 437 2024 492 152.
2059 436 2185 494 Haec
2209 446 2386 492 tamen
2411 435 2653 506 angelico
2679 451 2784 492 non
2811 434 2987 507 impar
3017 435 3126 492 vita
3159 438 3328 495 colori
3429 454 3448 469 ·

129 528 398 603 Agnoscit
430 544 644 596 causas,
675 532 874 603 populo
903 532 1194 600 referente,
1229 531 1432 589 doloris
1463 549 1478 587 :
1829 529 1908 587 Ne
1929 532 2046 588 sine
2072 541 2208 588 teste
2239 531 2398 598 foret,
2422 548 2516 589 sex
2545 531 2811 588 assedisse
2855 531 3104 588 feruntur

127 620 364 689 Indolet,
386 637 452 678 ac
483 621 696 679 facilem
720 625 940 696 stringit
966 627 1271 698 compassio
1297 633 1535 682 mentem
1564 643 1578 680 :
1830 621 2033 679 Sancto
2059 623 2363 695 pontiﬁces,
2396 625 2698 694 meritoque
2719 633 2775 681 et
2808 625 3025 681 nomine
3060 625 3192 682 clari

127 711 389 770 Carceris
420 715 656 772 immites
685 716 880 774 blanda
905 720 1112 790 pietate
1138 720 1416 777 ministros
1829 714 2094 788 Tempore
2117 718 2411 785 continuo;
2445 733 2540 775 seu
2567 733 2688 777 cum
2720 719 2977 776 miracula
3001 721 3202 778 mundo

122 804 397 863 Advocat.
420 807 709 867 Abducunt
729 813 904 869 sancti
927 828 986 870 se
1013 813 1220 869 visibus
1249 813 1346 880 illi,
1827 810 2044 878 Ederet,
2073 819 2168 866 aut
2199 812 2453 870 crucibus
2493 826 2797 882 corpusque
2841 821 3104 885 artusque
3147 815 3412 874 domaret.

127 896 360 956 Solvere
384 903 526 974 quod
555 903 700 960 nulla
728 915 982 978 poterant
1007 909 1222 964 ratione
1249 915 1542 973 nocentes,
1826 900 1892 957 Hi
1923 909 2088 959 testes
2114 918 2341 974 operum
2369 903 2555 959 multis
2577 919 2826 966 mansere
2848 905 3057 962 diebus.

123 990 284 1060 Quos
311 994 447 1050 aula:
473 1010 728 1066 proceres
751 999 1040 1058 horrendae
1070 1016 1317 1073 mergere
1351 1001 1515 1058 morti
1899 996 2022 1053 155.
2085 996 2203 1054 Huc
2261 998 2397 1070 pede
2461 997 2658 1056 difﬁcili
2713 1015 3020 1070 quanquam
3082 1002 3420 1059 decurrimus

119 1083 365 1144 Decreto
390 1089 644 1148 tulerant.
677 1091 794 1162 Quo
823 1103 878 1151 te
912 1111 1058 1152 nunc
1085 1104 1301 1152 vertere
1339 1095 1582 1162 demum,
3119 1095 3344 1168 [usque'

119 1177 251 1247 Quo
275 1183 501 1251 poteris,
525 1185 741 1256 pietas?
773 1186 979 1245 Vereor
1001 1189 1295 1260 persistere
1319 1196 1499 1260 coepto
1824 1186 1895 1241 At
1922 1200 2067 1242 nunc
2093 1185 2321 1243 ulterius
2349 1195 2566 1243 tentans
2590 1187 2873 1244 intendere
2900 1205 3172 1261 gressum,

116 1269 209 1327 Ne
237 1288 344 1329 non
374 1273 642 1344 sufﬁcias;
676 1285 790 1346 aut,
822 1279 866 1335 si
895 1280 1190 1351 persistere
1219 1295 1373 1336 mens
1402 1265 1508 1347 est,
1825 1278 2063 1336 Materia:
2091 1279 2331 1336 novitate
2358 1295 2606 1351 premor;
2639 1289 2750 1336 tum
2771 1282 3013 1352 pondere
3033 1282 3232 1350 fessus,

114 1367 442 1428 lndeeorem
469 1374 667 1430 subeas
684 1417 699 1442 ,
721 1384 931 1432 tentata
961 1377 1121 1444 forte,
1148 1377 1444 1448 repulsam.
1822 1372 1908 1429 Ire
1931 1373 2153 1445 quidem
2179 1389 2420 1445 nequeo;
2445 1375 2620 1444 pudor
2642 1384 2725 1432 est
2751 1377 3022 1446 deponere
3048 1378 3272 1434 fascem.

113 1458 208 1517 En
251 1461 439 1520 feritas
465 1464 774 1539 refugitque
798 1484 1013 1540 preces,
1044 1470 1358 1542 spernitque
1383 1474 1715 1540 precantem.
1822 1464 2002 1537 Atque
2026 1465 2255 1533 utinam,
2284 1468 2447 1524 rebus
2471 1467 2672 1524 ciuium
2697 1469 3070 1526 crescentibus
3094 1485 3288 1541 usque,

0 1623 8 1628 _
113 1553 364 1614 Praestat
389 1560 632 1618 divinum
661 1563 842 1636 magis
871 1564 1156 1636 explorare
1193 1564 1467 1631 favorem;
1823 1557 2086 1617 Crescere
2113 1561 2277 1616 verba
2301 1559 2486 1628 dares,
2513 1562 2666 1619 nasci
2699 1562 2792 1632 qui
2820 1563 2987 1620 verba
3012 1562 3242 1621 dedisti!

114 1645 392 1721 Quodque
417 1661 616 1724 negant
641 1653 914 1723 homines,
946 1672 977 1712 a
1008 1656 1291 1728 majestate
1321 1655 1532 1727 precari
1558 1673 1569 1709 :
1824 1649 2093 1721 Eligerem
2128 1653 2228 1708 sub
2254 1651 2402 1710 fasce
2429 1654 2588 1721 mori,
2618 1670 2782 1726 quam
2813 1654 3008 1712 cedere
3035 1655 3251 1728 ereptis.

112 1739 338 1798 Caetera
363 1745 442 1802 sic
471 1747 762 1817 quondam,
789 1749 871 1805 sic
901 1758 956 1805 tu
983 1764 1243 1820 superare
1267 1748 1500 1806 solebas.

1888 1741 1932 1798 :d
1972 1741 2101 1811 quid
2129 1743 2266 1813 ago?
2302 1744 2614 1814 priscumne
2650 1746 2824 1802 sinam
2866 1746 3096 1816 periisse
3139 1745 3419 1805 laborem?

197 1830 320 1886 150.
352 1831 556 1888 Praesul
579 1835 822 1905 pmnales
850 1851 1098 1908 gressum
1127 1835 1360 1893 deﬂectit
1379 1851 1436 1892 tn
1459 1833 1640 1892 audes:
1744 1825 1795 1890 Β
1819 1833 2027 1906 Cuique
2054 1837 2236 1892 datum
2262 1837 2438 1910 pelagi
2461 1851 2597 1910 pene
2618 1840 2931 1910 contingere
2958 1840 3128 1906 littus,

1 1937 8 1943 ‘
107 1923 365 1981 Membra
395 1927 511 1984 solo
533 1929 728 1984 sternit
753 1948 765 1983 :
790 1929 1056 1987 Deitatem
1082 1947 1318 1988 cernuus
1344 1939 1469 1987 orat
1496 1945 1511 1984 :
1821 1929 1994 1987 Unius
2019 1931 2233 2002 objecta
2263 1940 2323 1989 et
2358 1933 2566 2005 trepida
2593 1933 2886 1991 formidine
2911 1935 3030 1991 saxi

15 2017 18 2020 ’
102 2013 233 2072 Nec
255 2017 429 2087 pietas
459 2017 720 2075 frustrata
746 2020 957 2088 virum;
1001 2023 1284 2092 patuitque
1314 2031 1536 2093 repente
1816 2022 2010 2079 Lintea
2037 2025 2340 2092 retrodare,
2363 2035 2419 2082 et
2440 2027 2620 2098 patiar
2647 2029 3003 2086 succumbere
3033 2029 3224 2087 uexati

7 2113 10 2116 ’
103 2106 328 2176 Gratia,
356 2126 462 2181 qua
493 2121 707 2184 gratum
736 2111 989 2169 Christus
1017 2111 1279 2185 perﬂarat
1307 2113 1606 2169 alumnum.
1817 2103 1954 2182 Huc,
1985 2115 2164 2184 Pater,
2190 2118 2399 2188 aspires
2421 2120 2559 2175 votis
2587 2119 2918 2191 ingentibus,
2945 2135 3065 2188 oro,

3 2207 8 2214 ’
105 2199 247 2258 Mox
276 2203 644 2261 fundamentis
670 2221 862 2263 carcer
883 2213 1194 2274 concussus
1221 2207 1290 2262 ab
1319 2207 1464 2274 imis,
1817 2205 2060 2277 Spesque
2086 2209 2278 2278 procul
2305 2208 2457 2266 fusas
2482 2209 2536 2264 in
2560 2211 2798 2280 pectoris
2825 2220 2981 2266 antra
3015 2210 3275 2270 refundas

0 2309 2 2320 '
106 2294 384 2365 Solvitur,
413 2307 468 2354 et
499 2299 659 2372 rigidi
686 2299 1014 2357 submittunt
1037 2299 1252 2357 vincula
1277 2309 1491 2372 postes;
1815 2297 2051 2354 Vitalem
2074 2297 2274 2355 functis
2301 2301 2542 2356 animam
2570 2303 2658 2357 cui
2691 2303 2921 2361 reddere
2950 2303 3215 2360 membris

11 2379 28 2411 ι
101 2386 342 2456 Ferrea,
369 2388 566 2447 laxatis
593 2391 814 2448 immani
839 2392 1079 2466 pondere
1101 2393 1375 2459 claustris,
1815 2387 2098 2457 Quondam
2129 2407 2288 2462 posse
2314 2391 2419 2448 fuit
2439 2407 2658 2450 caenosa
2689 2394 2831 2451 mole
2859 2403 3106 2466 gravato.

99 2478 281 2536 Porta
310 2491 492 2552 patet;
523 2485 686 2542 duros
719 2485 918 2542 mirum
943 2487 1293 2560 languescere
1336 2500 1531 2554 nexus,

1813 2481 2146 2554 Argumenta
2179 2485 2255 2540 tui
2278 2487 2490 2558 capiam
2524 2495 2707 2544 tamen
2741 2488 2867 2545 inde
2895 2488 3117 2557 favoris,

0 2561 16 2600 ‘-‘
99 2569 183 2624 Et
209 2571 452 2642 triplices
473 2574 661 2633 videas
685 2593 842 2634 usum
876 2576 1158 2648 abjurasse
1189 2587 1431 2635 catenas.
1817 2571 1873 2629 Si
1902 2573 2084 2644 modo,
2118 2577 2262 2648 quod
2287 2579 2542 2647 memini,
2571 2580 2677 2637 rite
2709 2595 3032 2653 percurrere
3067 2581 3256 2641 dones.

0 2685 20 2694 -α
97 2661 418 2772 Ex‘onerata
443 2667 595 2737 gravi
620 2668 933 2772 relevantur
951 2672 1190 2772 pondere
1216 2672 1354 2772 colla
1371 2711 1387 2738 ,
1565 2767 1579 2772 Α
2027 2698 2032 2705 ·
2427 2712 2658 2772 CAPUT
2695 2714 2758 2772 ιι,

1812 2817 2019 2880 Ibidem
2088 2835 2356 2885 mortuum
2396 2831 2665 2906 suscitat;
2723 2831 2909 2888 liberat
2958 2849 3399 2906 energumeuttm,‘

19 2847 24 2852 ’
97 2851 362 2909 Arctarat
390 2855 564 2928 rigido
599 2857 926 2915 miserorum
964 2860 1020 2916 in
1049 2874 1278 2934 corpore
1307 2860 1488 2931 ferro;
1812 2847 2019 2880 "mm"
2088 2847 2356 2885 manum
2413 2847 2665 2914 9“.““5;
2723 2847 2909 2888 “om”

107 2941 351 2971 nt.--r..:.
378 2947 551 2971 4-.--
605 2950 780 2971 ηις--
819 2967 909 2971 μη
931 2952 952 2971 ,
982 2952 1048 2971 __.
2257 2901 2500 2971 ρνιεάιειι
2541 2902 2739 2958 obttum
2773 2920 2946 2959 suum.

2 3063 26 3074 ιο
97 3033 154 3091 0
181 3049 400 3108 semper
421 3041 642 3097 robusta
671 3041 839 3100 ﬁdes!
875 3044 961 3100 cui
989 3046 1234 3118 subjacet
1255 3061 1445 3115 omne,

1815 3030 1942 3093 154.
1980 3031 2304 3094 Volusianus
2335 3045 2456 3094 erat
2483 3040 2746 3112 praeciso
2774 3043 2994 3102 nomine
3021 3045 3238 3118 quidam
3257 3088 3274 3114 ,

2 3155 24 3170 ι·
97 3127 264 3195 Quod
292 3140 486 3188 natura
511 3141 695 3207 negat,
734 3139 903 3194 certis
933 3153 1096 3210 quam
1124 3139 1335 3212 legibus
1357 3140 1436 3196 uti

1389 3140 1436 3196 1i
1750 3201 1775 3212 Δ
1811 3123 1976 3182 Urbis
2003 3128 2262 3197 patricio,
2294 3131 2392 3186 toti
2421 3131 2649 3190 dilectus
2685 3141 2741 3190 et
2763 3136 2920 3204 urbi,

2 3227 4 3236 '
96 3219 462 3294 Omnipotens
482 3201 752 3299 prohibet,
777 3227 895 3284 ﬁeri
924 3201 1492 3305 siquandovperurget,

1731 3201 1780 3275 (ἓ
1806 3215 1983 3287 Atque
2008 3235 2040 3273 a
2069 3221 2322 3278 cancellis
2346 3223 2526 3294 prisco
2555 3227 2623 3282 de
2654 3241 2809 3283 more
2834 3201 3100 3286 minister.

2 3323 12 3356 ί
96 3311 244 3369 Esse
269 3317 412 3385 quod
435 3315 729 3388 insolitum,
761 3328 956 3377 natura
981 3330 1137 3390 teste,
1161 3323 1455 3394 probatur;
1807 3309 1978 3366 Filius
2006 3310 2134 3367 huic
2157 3313 2350 3384 Primis
2377 3315 2622 3386 impense
2654 3326 2845 3387 ετιιιιε
2881 3320 2936 3375 in
2965 3321 3147 3389 annis,

7 3417 20 3449 ἱ·
94 3406 325 3466 Proruit
350 3413 618 3485 exemptis
644 3413 974 3472 miserorum
1005 3417 1194 3474 concio
1225 3417 1447 3484 vinclis,

1804 3401 1922 3460 Jam
1954 3406 2357 3478 promulgandis
2383 3425 2534 3481 spem
2561 3413 2904 3483 posteritatis
2930 3416 3143 3482 alebat;

13 3503 28 3522 "
100 3499 387 3573 Squalida,
417 3506 596 3577 pigra,
620 3507 874 3579 horrens,
897 3509 1254 3579 miserabilis,
1288 3510 1501 3583 hispida
1524 3551 1537 3578 ,

1636 3521 1727 3567 ,μ
1801 3495 1853 3554 Is
1885 3505 2065 3555 tamen
2101 3500 2406 3558 immodica:
2437 3504 2684 3575 pulsatus
2710 3507 2937 3562 verbere
2963 3507 3131 3565 febris
3152 3548 3167 3575 ,

1442 3605 1628 3680 hens;
1805 3587 2005 3647 Tabuit
2026 3591 2246 3661 infelix;
2276 3593 2410 3651 furit
2431 3597 2646 3654 ossibus
2675 3598 2864 3654 intima
2891 3599 3094 3669 pestis,

4 3711 10 3718 -
99 3684 539 3760 Praeque'ferens
569 3709 768 3752 vacuos
794 3695 939 3752 facili
972 3704 1269 3771 gestamine
1290 3711 1482 3762 nexus,

1804 3681 1948 3751 Quin
1977 3685 2144 3740 etiam
2173 3685 2410 3757 liquidas
2431 3686 2546 3758 jam
2575 3689 2900 3762 depopulata
2917 3691 3219 3761 medullas;

100 3780 241 3850 Quis
265 3785 415 3855 prius
439 3786 729 3859 implicitos
779 3788 970 3847 feritas
1007 3790 1309 3848 obduxerat
1347 3800 1517 3848 artus.

1803 3774 2069 3834 Terrebat
2087 3779 2298 3837 vicibus
2328 3780 2587 3838 miserum
2613 3781 2891 3855 frigusque
2920 3785 3175 3857 calorque

4 3917 10 3926 .
100 3873 394 3947 Linquitur
418 3878 682 3936 innocuus
711 3882 927 3938 tandem
957 3892 1080 3953 post
1114 3891 1354 3955 tempora
1383 3899 1535 3940 carce

1800 3870 2053 3939 Pestifer,
2083 3873 2329 3941 insanus,
2360 3875 2711 3943 miserabilis,
2741 3877 3164 3944 immoderatus;

4 3991 24 4016 ς
99 3966 514 4042 lmmunemque
535 3971 683 4028 necis
711 3974 902 4045 pandit
931 3975 1288 4032 subeuntibus
1319 3975 1518 4031 aulam.
1799 3965 2204 4038 Ρθτιεεευωίιιιε
2232 3967 2338 4023 Cibi
2359 4007 2374 4035 ν
2401 3977 2690 4040 Ρθηωδιιῐη
2720 3970 2954 4042 denique
2983 3981 3164 4042 Ροῑιιεν

4 4087 12 4114 τ
101 4061 365 4120 Ecclesia:
393 4066 618 4138 gremio,
646 4067 798 4138 pacis
824 4078 1100 4137 praeeunte
1126 4069 1399 4142 triumpho
1417 4111 1431 4138 ,

1799 4056 2034 4114 Ferreus
2065 4058 2122 4112 in
2148 4067 2380 4115 mortem
2411 4062 2692 4131 perstabat
2720 4062 2937 4118 trudere
2962 4078 3207 4121 somnus.

4 4167 24 4208 ίῖ
100 4157 408 4216 Germanus
442 4161 697 4216 reducem
727 4161 866 4216 mira
900 4162 1104 4232 pietate
1136 4163 1416 4230 cohortem
1798 4144 1920 4202 13m
1948 4147 2147 4204 cedunt
2173 4148 2401 4215 ιηθάίοί;
2431 4164 2557 4221 Spes
2581 4160 2664 4206 εει
2691 4150 2906 4207 summa
2935 4152 3160 4220 saluus;

4 4281 26 4306 ν
100 4252 316 4309 Inserit.
349 4253 442 4309 Illa
469 4253 947 4326 novopersultans
977 4255 1218 4310 carmine
1244 4255 1470 4326 plaudit.

1797 4239 2106 4296 Pereellunt
2137 4241 2375 4311 trepidos
2402 4249 2613 4297 tantum
2645 4243 2882 4300 lamenta
2915 4254 3187 4316 parentes,

19 4357 27 4390 ι
174 4344 296 4400 151.
321 4344 436 4400 lbat
462 4345 517 4400 in
543 4346 867 4403 immensum
903 4347 1114 4403 meritis
1139 4347 1400 4402 instructa
1432 4346 1550 4402 beat

1796 4331 1997 4389 Lurida
2026 4332 2082 4389 in
2104 4342 2362 4390 aeternam
2392 4336 2672 4392 clausuros
2701 4336 2904 4392 lumina
2937 4347 3186 4395 mortem.

19 4451 27 4462 '
99 4435 266 4491 Fama
300 4435 478 4493 Patris
505 4439 720 4511 magni;
753 4439 1029 4512 signorum
1054 4439 1222 4511 gloria
1247 4455 1347 4496 nec
1374 4455 1479 4494 non
1797 4425 1934 4481 vom
1962 4427 2056 4482 Sed
2088 4425 2155 4483 ad
2186 4436 2432 4485 sanetum
2460 4444 2628 4499 Prope
2652 4444 2775 4486 sem
2803 4431 3024 4498 ῐιιιίειίεν
3053 4431 3233 4487 amid-

13 4567 16 4572 -
99 4531 257 4588 Clara
284 4548 466 4590 comes
494 4533 720 4605 populos
744 4533 812 4589 ad
839 4534 1089 4606 dogmata
1122 4543 1308 4591 saneta
1337 4535 1516 4590 ciebat

1795 4518 2082 4575 Przevertit
2107 4520 2216 4575 cita
2244 4535 2416 4589 mors,
2446 4521 2579 4577 nulli
2607 4537 2728 4594 qua:
2758 4539 2986 4595 parcere
3009 4525 3176 4578 novit.

6 4669 22 4686 ,ι
97 4626 139 4682 Ε
167 4627 374 4682 cunctis
397 4642 694 4699 properare
719 4625 876 4694 locis,
906 4628 1104 4698 quibus
1135 4627 1303 4683 ardua
1335 4627 1506 4682 virtus

1713 4605 1770 4668 Ι)
1793 4612 1885 4669 llle
1913 4622 2092 4670 tamen
2123 4625 2410 4686 properat,
2443 4625 2590 4671 coetu
2616 4619 2914 4676 comitante
2943 4618 3176 4689 piorum.

9 4739 26 4766 ις
96 4717 417 4776 iamdudum
443 4730 720 4794 comperta
750 4719 906 4775 foret.
934 4719 1207 4778 Facundia
1253 4737 1540 4793 quanquan

1452 4737 1565 4776 nam
1798 4706 2030 4763 Nuntius
2059 4707 2264 4764 interea
2292 4720 2473 4781 coepto
2501 4709 2743 4768 deterret
2765 4721 2983 4777 euntes,

9 4871 12 4874 ,
101 4811 248 4869 Nunc
270 4814 402 4869 mihi
431 4821 761 4886 suppeteret,
789 4812 930 4868 soliti
960 4829 1123 4885 quam
1155 4815 1396 4870 carmine
1423 4823 1540 4868 vate

1534 4827 1578 4868 gs
1796 4800 1909 4858 Nec
1933 4799 2072 4868 fore,
2104 4817 2207 4872 qua
2236 4819 2357 4860 sese
2383 4802 2816 4875 praesquatione
2837 4805 3065 4874 fatiget,

19 4949 22 4957 .
97 4904 323 4960 Gutture
345 4905 650 4970 eentieano,
677 4902 1007 4973 totidemque
1041 4917 1334 4973 exposcere
1365 4903 1591 4974 linguis;
1795 4895 1950 4964 Quod
1973 4911 2107 4966 puer
2135 4906 2398 4955 extremae
2422 4897 2609 4969 jussus
2640 4903 2944 4959 concedere
2975 4895 3139 4956 sorti,

6 5047 10 5056 .
99 4995 314 5068 Singula
341 5013 439 5054 uec
481 4997 708 5054 modicis
735 5012 948 5069 possem
974 4997 1341 5070 perstringere
1367 4996 1537 5055 verbis

1797 4987 2072 5060 Sparserit
2095 4989 2149 5044 in
2178 4997 2369 5049 tenues
2389 5006 2548 5046 usum
2586 4995 2901 5065 spiraminis
2925 5003 3108 5046 auras.

21 5133 24 5138 .
97 5090 224 5158 Quae
251 5088 408 5149 Pater
430 5090 689 5147 Ausoniis
719 5089 979 5147 miracula
1011 5093 1239 5166 gesserit
1262 5095 1394 5162 oris,

1916 5081 2119 5137 ‘5.Tum
2132 5097 2264 5141 vero
2276 5085 2531 5157 precibus
2545 5087 2808 5162 subigunt
2820 5079 3229 5147 communibus
3247 5094 3447 5146 munes

8 5229 26 5250 ι.
98 5185 466 5260 Ampliﬁcante
503 5184 617 5242 Deo
646 5185 855 5243 dilectae
885 5204 1108 5244 munera
1134 5188 1294 5247 dotis.

1796 5174 2238 5246 Ollicioperstare
2271 5182 2389 5251 pio;
2420 5191 2521 5233 nec
2554 5177 2772 5242 distulit
2794 5184 2908 5241 ille.

100 5279 218 5308 “"3-
243 5299 342 5308 ..Α-α
373 5281 655 5308 κ.-ΜΛῖ1ΛΜ
683 5281 1005 5308 ηπΑκεΙκι-ἷμιοκι
1040 5282 1294 5308 Λ-ιεηιξιιεοα
1321 5280 1548 5308 -..ΑλΑἱΜ

1792 5268 2076 5308 lnvnninnl
2107 5269 2310 5306 ιιίαἶδηα
2367 5270 2522 5306 “lu-3c
2556 5280 2936 5306 un-.......2l...a
3003 5276 3147 5304 tas-Inc
