3876 5416
599 367 736 422 1199
1601 365 1831 423 llERlCl
1868 365 2178 424 MONACHI
2215 365 2880 426 ANTISSIODORENSIS
3643 384 3726 442 me

593 485 942 543 Coufundens
970 483 1229 555 lugubres
1251 483 1384 540 diris
1410 485 1737 542 clamoribus
1759 485 1919 542 aedes.

593 575 884 634 Pontiﬁces
911 575 1163 632 manibus
1190 575 1428 648 deﬁgunt
1456 576 1642 633 oscula
1675 577 1909 642 sanctis;

601 668 807 736 Orant,
839 668 1118 740 lugentum
1146 669 1523 724 miseresceret
1548 667 1638 724 ille
1661 676 1981 740 parentum.

590 759 1027 834 Defunctumque
1052 761 1162 816 imo
1184 761 1437 832 precibus
1460 769 1738 817 revocaret
1763 774 1980 818 averno.

593 851 813 910 Obstitit
835 853 924 909 ille
953 855 1042 910 diu
1069 853 1242 909 sancti
1273 853 1482 910 ratione
1505 853 1728 924 pudoris
1749 893 1764 920 ,

590 943 862 1002 Virtutem
891 956 1095 1003 temere
1123 945 1298 1002 fassus
1328 961 1435 1001 non
1466 961 1587 1002 esse
1610 945 1927 1017 petendam,

592 1037 734 1103 Nec,
767 1039 944 1110 possis
966 1048 1262 1110 quantum,
1294 1039 1413 1094 ﬁeri
1444 1039 1640 1094 debere
1669 1039 1948 1109 periclum.

587 1130 839 1200 Imperiis
867 1131 993 1187 ﬁdei
1020 1133 1237 1188 tandem
1261 1134 1557 1189 concedere
1581 1133 1771 1189 doctus

587 1222 823 1290 Annuit;
854 1223 981 1280 hinc
1004 1224 1247 1294 pulchris
1277 1233 1512 1282 mentem
1541 1226 1890 1296 praecingitur
1917 1227 2101 1292 armis,

482 1344 497 1375 τ
590 1312 887 1370 Commoda
916 1315 1124 1371 militiae
1151 1331 1272 1387 qua:
1296 1324 1523 1372 noverat
1550 1331 1671 1372 esse
1695 1332 1976 1388 supernae:

585 1407 716 1462 Haac
745 1408 908 1464 heros
935 1407 1145 1474 vibrat,
1173 1410 1466 1480 turbasque
1490 1407 1762 1464 facessere
1792 1410 2010 1465 mandat
2037 1428 2048 1464 :

491 1482 507 1491 b
589 1499 866 1557 Sternitur
894 1502 1022 1558 hinc
1037 1502 1182 1559 arvis
1204 1516 1252 1569 α,
1276 1511 1428 1558 tanto
1447 1503 1675 1561 vicinior
1697 1503 1889 1570 astris;

585 1593 833 1651 Fletibus
861 1595 1048 1667 implet
1073 1597 1297 1652 humum
1317 1638 1333 1663 ,
1353 1598 1557 1668 gemitu
1587 1591 1831 1669 percellit
1855 1596 2139 1670 Olympum
2159 1640 2174 1666 ,

587 1685 654 1741 Et
679 1684 953 1743 Christum
984 1687 1239 1760 lacrymis
1258 1731 1273 1755 ,
1302 1697 1358 1744 et
1383 1689 1658 1746 Christum
1685 1691 1988 1762 planctibus
2010 1701 2150 1747 orat.

659 1778 780 1833 156.
809 1779 994 1835 Audiit
1014 1778 1386 1852 Omnipotens,
1420 1797 1521 1837 nec
1551 1781 1730 1838 differt
1751 1791 1876 1839 vota
1899 1782 2100 1840 ﬁdelis:

586 1869 946 1940 Elicitamque
969 1871 1093 1927 imis
1121 1872 1357 1926 animam
1388 1887 1631 1929 remeare
1653 1876 1927 1941 cavernis,

585 1962 702 2027 Qua
736 1962 936 2018 virtute
961 1973 1158 2033 potest,
1191 1963 1403 2030 detexta
1428 1965 1872 2036 retexerejussit.

588 2049 874 2123 Extemplo
902 2054 1163 2120 recalent,
1194 2055 1356 2110 motis
1382 2056 1752 2128 compagibus,
1775 2066 1955 2125 artus,

586 2143 867 2201 litsensim
887 2147 1052 2218 prisci
1077 2145 1186 2220 [B.,
1204 2146 1402 2220 vegeti]
1419 2156 1673 2219 repetunt
1686 2150 1909 2221 collegia
1929 2151 2037 2223 (B.,
2057 2152 2173 2210 loca

1565 2238 1848 2312 [eongrua)
1872 2256 2098 2310 sensus;

589 2326 864 2397 Sanguine
888 2339 1172 2402 concepto,
1204 2332 1383 2387 socius
1416 2330 1566 2387 calor
1593 2346 1716 2388 ossa
1749 2331 1973 2388 revisit:

584 2421 715 2490 Quae
745 2437 907 2494 sopor
937 2425 1200 2496 urgebat,
1229 2425 1404 2481 lucem
1426 2423 1541 2496 jam
1572 2425 1773 2481 lumina
1803 2429 2042 2497 spirant;

581 2511 809 2585 Jamque
833 2517 1040 2572 micant
1069 2516 1257 2587 digiti;
1283 2515 1400 2588 jam
1426 2517 1620 2588 quaerit
1645 2517 1829 2591 lingua
1858 2519 2062 2576 moveri
2091 2537 2101 2576 :

581 2607 776 2665 Omnia
804 2610 997 2668 vitales
1024 2619 1282 2668 exercent
1309 2611 1554 2668 membra
1591 2611 1813 2684 ﬁguras.

578 2699 693 2758 Nec
717 2702 870 2773 prius
894 2704 1123 2761 antistes
1153 2711 1306 2760 artus
1333 2719 1365 2760 e
1390 2703 1614 2774 pulvere
1645 2704 1780 2761 tollit
1796 2747 1812 2772 ,

578 2790 838 2850 Cominus
867 2793 1128 2862 adnixus;
1157 2795 1330 2852 donec
1355 2794 1635 2867 consurgit
1664 2804 1913 2869 uterque.

575 2885 647 2942 Et
668 2901 826 2959 puer,
853 2896 909 2944 et
929 2887 1158 2959 praesul;
1183 2887 1273 2943 hic
1300 2887 1437 2954 leto,
1465 2887 1682 2942 ﬂetibus
1707 2887 1826 2943 ille:

575 2979 882 3037 Germanus
904 2981 1158 3053 juvenem
1191 2997 1334 3037 satvo
1365 2981 1431 3036 de
1453 2979 1643 3036 funere
1664 2990 1878 3051 raptum

574 3069 784 3144 Erigit;
813 3080 1058 3128 erectum
1090 3073 1263 3128 turbis
1291 3072 1649 3144 gaudentibus
1673 3072 1857 3129 infert.

572 3162 828 3219 Procedit
857 3163 923 3219 de
951 3172 1126 3220 morte
1155 3178 1347 3232 novus,
1380 3162 1616 3236 ﬂatuque
1643 3165 1867 3222 reducto
1885 3208 1900 3233 ,

573 3252 861 3325 Respirat,
893 3255 1130 3323 residet,
1161 3255 1454 3324 refovetur,
1483 3257 1734 3330 respicit,
1765 3259 1985 3325 horret,
2075 3309 2093 3327 ,

575 3344 755 3416 Seque
776 3355 958 3424 stupet
981 3362 1266 3418 superesse
1296 3347 1434 3404 sibi:
1467 3363 1596 3404 mox
1626 3349 1836 3408 viribus
1860 3350 2028 3416 actis,

573 3439 720 3495 Exiit
743 3439 797 3494 in
819 3439 1051 3495 solidum
1081 3439 1314 3496 connixo
1337 3447 1559 3511 pectore
1583 3441 1772 3497 robur.

572 3530 724 3587 Laeta
749 3531 832 3588 rei
858 3530 1026 3588 facies
1053 3531 1231 3588 luctus
1252 3532 1414 3588 elusit
1438 3534 1694 3603 acerbos,

570 3625 642 3681 Et
665 3633 921 3697 percepta
950 3624 1092 3682 diem
1121 3634 1452 3698 pepererunt
1478 3627 1674 3698 gaudia
1701 3627 1900 3686 festum

568 3715 806 3774 Vocibus
834 3717 1027 3784 elatis;
1067 3718 1331 3792 contingit
1357 3719 1535 3776 sidera
1563 3721 1736 3778 virtus

570 3808 915 3881 Magniﬁcata
946 3810 1066 3866 Dei.
1093 3809 1185 3868 Sic
1208 3819 1298 3890 tu,
1331 3813 1437 3877 sic,
1475 3811 1716 3882 Christe,
1746 3813 1930 3872 futuro

567 3899 689 3955 Mox
715 3909 892 3957 tecum
919 3901 1120 3956 famulo
1140 3902 1386 3958 cumulas
1405 3905 1677 3974 praeconia
1703 3903 1942 3962 laudum.

567 3990 750 4046 Gloria
783 4007 994 4048 summa
1023 3993 1154 4059 tibi,
1181 3993 1375 4050 mortis
1403 3996 1496 4066 qui
1524 3995 1700 4052 victor
1725 3998 1964 4066 acerbae,

573 4081 834 4154 Praecipis
857 4083 1046 4139 electis
1069 4086 1421 4142 succumbere
1454 4096 1658 4143 tartara
1687 4089 1881 4146 servis.

639 4173 761 4227 157.
793 4172 1010 4246 Regalis
1032 4175 1286 4247 princeps
1315 4178 1419 4233 hac
1446 4187 1766 4250 tempestate
1797 4182 1988 4240 cubilis
2010 4224 2026 4250 ,

568 4265 639 4320 Et
657 4273 902 4322 servator
931 4281 1092 4338 opum
1115 4269 1432 4338 perhibetur
1457 4268 1598 4328 forte
1625 4271 1793 4329 fuisse

563 4356 820 4413 Accolius
837 4399 852 4424 ,
879 4357 1028 4416 claro
1062 4359 1302 4417 famosus
1329 4362 1547 4418 nomine
1573 4365 1759 4436 spado.

560 4447 768 4505 Nobilis
789 4450 879 4506 hic
905 4451 1103 4508 damno
1129 4462 1240 4507 tum
1266 4455 1622 4524 torquebatur
1648 4456 1883 4525 alumni,

558 4539 679 4596 Jam
704 4539 955 4609 juvenis,
985 4541 1101 4612 jam
1131 4561 1236 4614 qua
1259 4546 1446 4615 velles,
1489 4562 1554 4603 ex
1589 4557 1707 4604 arte
1731 4551 1894 4620 periti
1921 4571 1932 4606 :

557 4631 827 4704 Repserat
852 4633 908 4689 in
939 4635 1200 4692 miserum
1226 4639 1406 4695 rabies
1439 4640 1708 4698 horrenda
1738 4642 1938 4700 furoris

556 4723 831 4781 Daemonis
859 4725 1074 4799 afﬂatu,
1106 4729 1323 4799 propria
1350 4731 1444 4800 qui
1469 4738 1621 4801 peste
1647 4733 1897 4799 nocivus,

554 4817 748 4872 Allidit
770 4827 958 4890 captas
984 4818 1129 4876 foedo
1158 4821 1469 4878 discrimine
1495 4832 1725 4892 mentes,

557 4906 839 4965 Menstrua
859 4911 1116 4967 deciduos
1144 4927 1267 4968 cum
1293 4912 1420 4968 luna
1443 4915 1708 4987 recolligit
1734 4915 1904 4987 ignes.

554 5000 780 5072 Reginae
805 5004 1408 5085 precibus,miserantis
1431 5008 1581 5075 talia,
1613 5009 1812 5067 Sancto

553 5092 815 5160 Oﬂ‘ertur,
844 5094 1001 5166 longa
1029 5100 1242 5152 tandem
1275 5098 1340 5154 de
1361 5099 1512 5157 clade
1530 5103 1780 5172 piandus.

554 5182 829 5253 Suscipit;
868 5193 1030 5255 atque
1057 5187 1145 5243 die
1169 5191 1506 5260 purgandum
1538 5193 1747 5250 distulit
1768 5195 1889 5265 illo;

553 5273 690 5330 Cum
720 5282 898 5329 tamen
926 5274 1209 5344 immanes,
1236 5283 1516 5350 praemisso
1545 5285 1746 5344 famine
1771 5299 1980 5347 tantum
2005 5334 2020 5360 ,

550 5365 797 5416 Trndem
825 5383 944 5416 mns
966 5378 1110 5416 esset
1138 5386 1409 5416 mmmmm
1437 5377 1504 5416 Δρ
1535 5394 1761 5416 ρηνηηηη
1789 5393 1966 5416 unum.
1993 5403 2007 5416 .

2203 488 2255 547 A
2285 484 2480 542 Usibus
2503 487 2777 544 addictum
2803 487 3017 558 captiva
3044 493 3192 543 sorte
3219 487 3411 546 fuisset.

2284 576 2440 633 Hunc
2460 577 2637 643 Pater,
2672 580 2818 636 hunc
2838 594 3023 636 secum
3045 581 3146 636 sub
3167 589 3372 637 noctem
3394 581 3599 644 claudere
3612 588 3727 658 jussit

2284 669 2407 726 Mox
2435 670 2590 741 quasi
2617 673 2905 728 tormentis
2925 672 3133 728 daamon
3159 673 3448 744 compulsus
3471 680 3641 747 amaris,

2283 761 2600 835 Prorumpit
2633 765 2763 821 caeci
2791 765 2973 821 verbis
3000 764 3203 821 virtute
3237 764 3468 834 latebris;

2285 853 2464 927 Seque
2486 853 2756 912 infelicem
2789 857 2989 913 teneris
3014 857 3260 928 rapuisse
3281 859 3377 915 sub
3405 861 3537 917 annis

2283 944 2525 1014 indicat;
2555 961 2676 1004 esse
2701 947 2815 1013 sui,
2845 947 3055 1018 placeat
3079 948 3122 1003 si
3152 948 3363 1016 cedere,
3385 949 3531 1019 juris,

2284 1038 2440 1105 Quod
2468 1037 2570 1094 sibi
2600 1047 2880 1094 constaret
2903 1040 3068 1094 tantis
3095 1039 3327 1096 servisse
3352 1041 3531 1097 diebus.

2291 1127 2408 1184 Non
2433 1128 2554 1184 tulit
2581 1129 2686 1185 ista
2717 1128 2906 1196 Pater;
2937 1129 3123 1200 procul
3147 1139 3206 1185 at
3229 1130 3485 1188 discedere
3497 1131 3640 1201 jussit,

2283 1219 2394 1278 Nec
2411 1229 2535 1292 post
2559 1222 2727 1279 divini
2750 1223 3021 1294 specimen
3049 1231 3263 1280 tentare
3293 1225 3502 1281 decoris.

2283 1310 2513 1384 Effugit,
2540 1321 2597 1368 et
2625 1321 2813 1371 tenues
2840 1315 3066 1371 exhalat
3086 1315 3277 1386 pulsus
3301 1316 3355 1370 in
3375 1332 3532 1372 auras.

2283 1403 2550 1477 Purgatus
2577 1405 2796 1476 juvenis
2821 1407 3100 1477 plaudenti
3130 1407 3375 1463 redditur
3400 1408 3530 1464 aula.

2337 1497 2460 1555 158.
2486 1499 2723 1554 Venerat
2742 1498 2831 1554 ille
2851 1499 3091 1570 quidem,
3107 1500 3448 1570 poscentibus
3465 1501 3726 1567 Americanis,

2283 1589 2548 1648 Pacturus
2572 1592 2787 1648 veniam
2814 1607 3000 1648 scaevae
3026 1592 3056 1631 b
3080 1608 3180 1662 pro
3204 1593 3427 1663 crimine
3449 1594 3599 1664 gentis.

2282 1681 2459 1739 Cessit
2480 1699 2568 1740 res
2597 1683 2770 1749 votis;
2803 1698 2929 1738 mox
2958 1683 3150 1737 annuit
3171 1683 3528 1754 induperator;

2289 1774 2533 1832 Arbitrio
2562 1775 2742 1832 Patris
2775 1783 3094 1831 constarunt
3123 1787 3156 1852 εκ
3186 1784 3382 1831 cuncta
3415 1777 3551 1831 beati.

2205 1855 2256 1917 Β
2281 1870 2350 1926 Ει
2378 1869 2522 1928 foret
2548 1869 2638 1924 illa
2669 1870 2884 1941 quidem
2915 1869 3227 1925 ﬁrmissima
3255 1877 3430 1925 cautlo
3453 1869 3596 1940 pacis;

2278 1961 2490 2019 Mobilis
2529 1969 2586 2015 at
2613 1961 2807 2032 priscae
2837 1975 3116 2017 revomens
3144 1961 3394 2031 contagia
3417 1959 3584 2014 fraudis

2275 2054 2457 2124 Natio,
2486 2054 2803 2126 pestiferum
2831 2054 2989 2110 solito
3013 2054 3276 2110 meditata
3307 2053 3548 2116 duellum,

2275 2151 2422 2206 Ausa
2451 2160 2535 2206 est
2560 2149 2836 2204 Romanas
2867 2148 2922 2203 in
2951 2162 3072 2204 sese
3098 2162 3319 2202 armare
3339 2161 3548 2202 secures.

2278 2241 2393 2297 Hoc
2418 2248 2474 2297 et
2501 2240 2779 2296 Pontiﬁcis
2809 2239 2913 2295 fuit
2937 2239 3268 2295 intercessio
3291 2254 3467 2304 cassa,

2276 2332 2344 2387 Et
2372 2332 2418 2388 si
2446 2331 2578 2404 quid
2606 2331 2796 2388 feritas
2821 2330 3130 2403 praeﬁxerat
3153 2330 3477 2400 imperialis,

2275 2423 2577 2480 Conﬁatum
2606 2424 2661 2480 in
2691 2423 2920 2481 miseros
2948 2425 3122 2480 atroci
3147 2431 3298 2480 sorte
3324 2422 3564 2494 pependit.
3802 2425 3803 2494 ξ

2349 2497 2473 2553 159.
2501 2496 2640 2551 Dum
2668 2510 2767 2567 per
2790 2494 3051 2552 miriﬁcos
3079 2493 3341 2551 Germani
3370 2493 3594 2548 volvimur
3608 2499 3708 2553 aclis,

2274 2590 2413 2646 Dum
2432 2587 2589 2659 juvat
2611 2589 2854 2661 insignes
2874 2588 3085 2644 calamo
3114 2589 3335 2659 signare
3367 2587 3572 2648 labores.

2275 2684 2540 2757 Quodque
2579 2693 2666 2742 est
2699 2685 3040 2740 innumerum
3058 2723 3073 2749 ,
3107 2698 3340 2739 numero
3379 2676 3727 2750 comprehende.

3428 2774 3645 2847 [tanquam

2273 2869 2504 2942 (Dicere
2531 2873 2676 2942 quod
2696 2869 2874 2928 scelus
2903 2868 3020 2942 est)
3049 2869 3130 2925 sic
3164 2885 3292 2924 rara
3319 2865 3562 2941 peregerit
3582 2861 3658 2926 ille,

2274 2962 2346 3020 Ut
2373 2965 2579 3020 nostris
2605 2964 2800 3020 merito
2824 2964 3038 3036 possint
3073 2963 3430 3018 succumbere
3455 2958 3620 3022 verbis,

2272 3054 2408 3112 Pars
2436 3072 2620 3113 rerum
2642 3057 2836 3112 melior
2860 3058 3026 3112 densa
3059 3055 3298 3124 caligine
3326 3063 3518 3125 torpet,

2272 3148 2572 3205 Perniciem
2600 3149 2811 3220 trepido
2838 3158 2986 3205 certe
3008 3147 3184 3203 latura
3213 3155 3406 3218 poetae.

2193 3239 2242 3305 (Ξ
2272 3240 2339 3297 Et
2364 3249 2422 3296 te
2444 3242 2729 3312 permagni
2753 3239 3065 3296 fraudatum
3099 3254 3331 3296 munere
3355 3238 3566 3303 fructus,

2271 3334 2590 3404 Questuque
2615 3341 2672 3388 et
2698 3333 2954 3404 laerymis
2983 3332 3260 3403 quondam
3290 3330 3574 3395 causabere,
3593 3325 3714 3384 lecte.

2271 3426 2330 3481 Si
2359 3440 2629 3481 summam
2660 3433 2840 3496 coepto
2861 3425 3126 3480 detrectet
3156 3441 3314 3480 musa
3341 3424 3501 3480 labori

2267 3518 2598 3590 lmposuisse
2633 3534 2885 3585 manum;
2915 3534 3039 3574 cum
3077 3519 3152 3574 sit
3192 3518 3312 3574 haec
3351 3516 3469 3591 458.,
3497 3509 3732 3586 qua..ch

3095 3613 3249 3686 [est}
3286 3627 3487 3669 summa
3510 3606 3676 3667 laboris:

2267 3705 2513 3774 Qualiter
2539 3707 2609 3763 ad
2632 3707 2802 3762 vitam
2829 3722 2928 3777 per
2953 3706 3149 3770 mortis
3180 3706 3372 3761 limina
3407 3704 3555 3759 victor

2269 3798 2575 3854 Germanus
2604 3798 2786 3864 subiit,
2820 3797 3020 3869 liquida
3041 3812 3368 3869 percurrere
3387 3811 3557 3852 canna.

2270 3891 2400 3946 Esto
2439 3909 2452 3945 :
2487 3890 2738 3948 funereos
2766 3893 2860 3948 sed
2885 3907 3040 3948 mens
3065 3907 3310 3964 praesaga
3337 3890 3523 3946 doloris

2257 3983 2462 4039 ‘llorret
2487 3984 2625 4038 inire
2653 3985 2862 4040 modos.
2894 3983 2939 4041 Ο
2969 3999 3056 4042 res
3084 3986 3358 4058 condigna
3386 3981 3565 4038 taceri!

2263 4075 2603 4147 Pugnantem
2629 4076 2844 4147 placido
2861 4075 3003 4147 juvit
3027 4077 3373 4132 committere
3393 4075 3599 4145 plectro;

2266 4167 2538 4225 Victorem
2564 4168 2769 4238 refugis
2793 4168 2956 4225 rutilo
2977 4184 3240 4240 pompare
3273 4164 3558 4238 triumpho?

2259 4260 2430 4318 Exsul
2453 4272 2645 4333 gratus
2658 4270 2808 4328 erat;
2840 4277 3081 4335 regnans
3099 4279 3206 4319 non
3235 4263 3439 4334 gratior
3464 4257 3629 4315 exstet?

2259 4353 2454 4411 Dicere
2477 4355 2525 4412 si
2556 4357 2757 4412 metuis
2781 4356 2998 4411 mortali
3027 4372 3257 4427 corpore
3283 4356 3544 4416 functum;

2258 4451 2358 4505 Ast
2384 4451 2745 4507 immortalem
2775 4450 3044 4508 cumulata
3075 4451 3232 4508 laude
3265 4451 3547 4522 frequenta.

2262 4543 2401 4600 Vere
2427 4543 2774 4610 immortalis,
2808 4557 2936 4598 vere
2955 4558 3054 4614 per
3085 4543 3282 4599 smeula
3307 4543 3463 4606 vivit,

2174 4608 2233 4671 Ῐ)
2262 4636 2422 4703 Vivit,
2463 4643 2519 4692 et
2545 4608 2817 4708 empyrias
2843 4608 3001 4706 auget
3031 4635 3319 4707 splendore
3341 4635 3578 4693 cohortes,

2257 4728 2595 4795 Coniunctus
2631 4729 2882 4795 Domino,
2915 4729 3212 4785 conformis
3238 4728 3466 4798 denique
3486 4726 3661 4781 Christo,

2256 4823 2520 4892 Quodque
2544 4823 2718 4893 magis
2749 4830 2986 4893 stupeas,
3015 4821 3202 4876 unitus
3228 4830 3286 4877 et
3316 4818 3571 4874 uniﬁcatns

2251 4915 2418 4985 Inque
2441 4914 2613 4970 Deum
2641 4912 2949 4972 transfusus
2976 4915 3157 4979 homo,
3187 4912 3464 4983 factusque
3489 4911 3642 4964 θέωσις·

2320 5007 2445 5063 160.
2476 5006 2725 5064 Solverat
2749 5007 3059 5080 umbrivaga
3083 5022 3290 5064 mersas
3323 5004 3530 5074 caligine
3556 5007 3676 5052 tcms

2251 5103 2518 5177 Φωσφόρος
2542 5101 2594 5168 ά,
2622 5103 2913 5175 ingenuum
2926 5103 3088 5158 rebus
3111 5115 3364 5173 reparare
3389 5095 3586 5155 colorem
3675 5123 3686 5154 )

2252 5195 2488 5262 Gnarus,
2509 5204 2564 5251 et
2589 5195 2866 5269 ignigenas
2900 5195 3037 5251 coelo
3063 5195 3361 5252 subducere
3382 5189 3572 5249 stellas:

2250 5288 2659 5360 Germanusque
2692 5298 2866 5361 pater,
2894 5289 3118 5347 solemni
3146 5288 3306 5345 laude
3337 5293 3558 5358 peracta,

2254 5380 2384 5416 “non
2410 5382 2703 5416 mnhllinnc
2735 5391 2950 5416 ηνοι-ηΔΙ
2987 5383 3228 5416 Λθνιιιῖηᾼ
3265 5394 3472 5416 ΩΛΙΥΙΠΛΕ
