3876 5416
61 403 187 464 ηῡι

59 515 317 572 ludebant
347 514 526 568 animo
564 512 738 570 felicia
772 514 910 570 dicta
946 512 1150 583 capaci.

59 605 225 673 Quid,
256 603 484 660 facunde
513 604 695 670 Pater,
728 605 858 674 quid
879 617 976 674 per
999 603 1214 659 diversa
1250 602 1524 661 moraris?

56 701 175 766 Dic,
203 697 345 769 quod
371 697 688 764 dicendum;
719 712 1030 768 quanquam
1057 697 1129 752 sit
1151 697 1334 752 dicere
1359 694 1537 760 triste,

57 792 258 856 Triste,
281 792 490 858 minax,
513 790 819 862 querulum,
849 789 1218 862 lacrymabilc,
1251 781 1641 860 prodigiosum,

54 885 297 942 Tandem
316 927 332 952 ,
360 885 542 940 dilecti
573 885 844 940 Germano
873 883 1076 939 fredere
1107 883 1332 946 fratres,

50 978 296 1048 Accipite
335 979 479 1044 haec,
509 987 562 1033 et
587 992 701 1033 rem
731 977 947 1049 penitus
972 976 1224 1048 deﬁgitel,
1254 975 1429 1031 dixit:

49 1068 322 1136 Viximus,
355 1076 410 1125 et
428 1069 609 1140 jussas
634 1069 734 1124 aevi
759 1067 1098 1124 decurrimus
1125 1082 1284 1130 oras;

48 1150 238 1227 Nunc,
269 1160 394 1231 quia
423 1170 575 1216 certa
602 1169 784 1216 manet
810 1161 993 1231 generi
1023 1159 1289 1214 sententia
1320 1167 1530 1222 nostro,
1644 1231 1645 1236 η

59 1253 302 1325 Quaeque
328 1261 511 1308 creata
541 1254 754 1324 vigent,
783 1251 1049 1308 labefacta
1079 1266 1360 1307 senescere
1395 1256 1646 1314 constat,

53 1348 170 1404 Jam
215 1361 464 1418 suprema
525 1355 750 1412 vocant;
803 1354 1006 1411 vocat,
1053 1346 1306 1416 inquam,
1353 1343 1638 1409 Christus;

1053 1435 1311 1508 [eundum
1348 1444 1462 1490 est:

51 1529 205 1585 Solvi
235 1531 353 1586 vult
381 1533 594 1588 animus
625 1531 828 1604 poenali
857 1545 1079 1586 carcere
1109 1538 1321 1596 trusus;

48 1622 282 1694 Jamque
310 1641 519 1681 memor
545 1628 788 1698 generis,
830 1625 1080 1694 cqntagia
1111 1625 1262 1695 pigra
1293 1629 1537 1685 recusat,

48 1715 249 1771 .IEthra
297 1717 471 1774 libens
508 1721 735 1790 repetit,
766 1719 857 1790 qui
881 1734 1099 1787 germen
1132 1719 1200 1771 ab
1227 1717 1430 1771 artbcre
1461 1714 1647 1770 traxit.

48 1810 196 1882 Ergo
226 1811 575 1869 resolvendus
601 1813 973 1884 Superumque
1000 1812 1068 1869 ad
1093 1812 1273 1866 lumen
1301 1806 1645 1882 (B.,limen)

1269 1901 1470 1976 [iturus

45 1996 155 2063 Me,
197 1998 466 2070 ﬁnemque
495 2015 675 2057 meum
704 2001 858 2055 vobis
891 2001 1232 2057 committere
1262 2013 1413 2054 curo.

121 2089 252 2145 161.
283 2089 453 2147 Nocte
491 2093 709 2164 quidem
746 2092 1016 2164 placidum
1064 2106 1312 2161 caperem
1355 2104 1480 2146 cum
1509 2088 1650 2144 forte

1198 2182 1471 2255 [soporem
1489 2222 1503 2247 ,

41 2276 175 2332 Visa
215 2277 348 2333 mihi
378 2278 566 2345 facies,
590 2279 838 2350 generosi
875 2277 1114 2333 numinis
1144 2277 1337 2343 instar,

41 2366 224 2422 Fassa
252 2368 455 2435 Deum;
480 2385 580 2424 nec
603 2385 704 2424 vox
727 2369 1000 2424 hominem
1029 2383 1130 2423 nec
1157 2368 1323 2422 verba
1353 2365 1650 2434 sonabant;

42 2457 311 2515 Christus
334 2468 451 2515 erat
470 2503 484 2526 ,
508 2457 652 2516 solet
680 2461 769 2516 ille
799 2475 925 2517 suos
951 2461 1054 2515 hac
1081 2460 1262 2514 visere
1290 2457 1486 2514 forma.

41 2548 400 2620 Admotaque
429 2551 559 2605 mihi
588 2551 786 2606 blando
815 2550 1099 2606 conamine
1124 2550 1313 2604 dextra
1336 2589 1351 2615 ,

41 2637 285 2706 Arrisit,
314 2641 586 2711 rutiloque
615 2643 730 2698 haec
757 2643 979 2712 insuper
1006 2641 1214 2697 addidit
1237 2655 1365 2696 ore:

47 2728 225 2791 Care,
254 2731 573 2801 peregrinas
601 2732 764 2786 itiner
789 2732 1074 2787 subiturus
1097 2731 1149 2784 in
1177 2746 1332 2794 oras,

42 2822 265 2893 Excipe
287 2823 588 2889 caelestem,
617 2826 833 2895 provisa
862 2823 1064 2879 viatica
1085 2863 1098 2888 ,
1133 2823 1325 2892 stipem
1346 2861 1360 2886 ,

41 2915 385 2986 Adjumenta
413 2919 532 2972 vite.
565 2917 678 2972 Tali
713 2921 822 2972 tum
853 2915 1055 2972 famine
1080 2924 1293 2982 motus,

43 3007 381 3076 Quaerebam
410 3025 736 3082 causamque
755 3012 890 3076 viae,
921 3027 1252 3081 causamque
1277 3011 1504 3067 laboris.

42 3104 172 3159 Non
199 3097 463 3174 ,‘inquit,
490 3114 738 3162 metuas:
769 3105 1001 3176 patriam
1045 3105 1322 3161 revocaris
1365 3106 1416 3160 in
1450 3104 1651 3170 altam;

42 3197 115 3251 Et
149 3196 330 3252 civem
360 3198 632 3268 egregium
657 3199 770 3268 jam
796 3198 1020 3269 jamque
1045 3199 1283 3269 reposcit
1311 3196 1572 3271 Olympus
1592 3237 1606 3262 ,

42 3291 174 3360 Quo
203 3305 337 3346 mox
374 3300 688 3361 perpetuam
727 3293 910 3363 capies
944 3293 1060 3347 sine
1091 3292 1197 3348 ﬁne
1229 3293 1500 3362 quietem;

41 3383 173 3452 Quo
195 3382 320 3439 sine
339 3392 499 3440 nocte
520 3384 666 3451 dies,
701 3385 817 3440 sine
850 3394 1094 3456 tempore
1123 3393 1368 3455 tempora
1392 3391 1652 3440 currunt:

41 3476 112 3532 Et
142 3490 282 3546 pax
322 3483 378 3531 et
402 3477 558 3548 quies
577 3519 591 3544 ,
617 3486 674 3532 et
701 3477 820 3541 lux,
845 3486 901 3532 et
925 3477 1095 3548 gloria
1120 3492 1334 3548 perpes.

41 3568 242 3635 Dixit,
271 3575 326 3624 et
350 3568 615 3624 :ethereas
646 3585 766 3625 sese
789 3570 1009 3625 libravit
1034 3571 1088 3624 in
1116 3587 1296 3626 auras.

41 3662 137 3718 Sic
169 3661 347 3718 Pater
380 3664 613 3720 occiduae
638 3665 802 3720 sortis
840 3681 1089 3736 suprema
1124 3669 1368 3723 canebat.
1439 3700 1445 3711 -

41 3751 358 3810 Pontiﬁces
382 3754 488 3810 alio
514 3756 689 3811 somni
717 3764 968 3827 portenta
995 3757 1312 3824 trahebant,

41 3850 300 3906 Credere
328 3863 426 3904 nec
447 3858 736 3919 poterant,
770 3851 1084 3922 contingere
1123 3852 1266 3922 quod
1304 3853 1656 3907 metuebant:

41 3941 378 3997 Snstulcrat
409 3942 572 3998 timor
602 3943 716 4013 ipse
743 3942 922 3998 ﬁdem.
956 3944 1063 3999 Sed
1098 3945 1299 4015 praesul
1327 3945 1552 4000 anhelus

41 4035 101 4088 In
139 4022 350 4103 patﬁae
389 4047 634 4088 remeare
657 4034 833 4089 sinum
855 4075 870 4100 ,
898 4036 1188 4092 studiOsius
1224 4036 1388 4090 instat

41 4123 330 4182 Omnibus
358 4125 589 4180 extremi
624 4140 843 4181 causam
875 4125 1133 4180 mandare
1160 4127 1299 4194 diei;

41 4219 145 4273 Sat
179 4217 294 4273 sibi
326 4224 692 4288 compertum,
729 4227 815 4274 sat
841 4233 900 4273 se
928 4232 1252 4289 pernoscere
1277 4219 1493 4282 dicens,

41 4308 238 4378 Quam
270 4309 506 4379 patriam
532 4307 747 4366 famulis
772 4309 1047 4381 Regnator
1071 4304 1336 4382 spondeat
1361 4311 1510 4367 orbis

698 4426 926 4485 CAPUT
963 4427 1052 4485 Ill.

41 4514 248 4571 Sancti
289 4517 535 4586 morbus;
586 4521 789 4592 obitus;
830 4521 1051 4592 glorig;
1079 4521 1402 4587 hwredilas;
1460 4521 1654 4592 fimus,

556 4589 845 4651 translatqu
866 4592 923 4646 in
952 4589 1176 4648 Gallias.

119 4676 267 4734 i62.
308 4678 411 4734 Vix
443 4680 586 4737 soles
614 4681 848 4752 aliquot,
881 4682 1056 4754 spatio
1086 4685 1330 4752 cedente,
1362 4691 1650 4749 mearant;

41 4769 414 4842 Effectusque
441 4772 585 4829 celer
613 4773 858 4843 sequitur
888 4775 1151 4846 praesagia
1178 4777 1352 4832 vatis:

41 4866 384 4937 Carpuntur
410 4865 555 4922 facili
595 4867 936 4923 sanctissima
975 4869 1217 4925 membra
1250 4868 1465 4937 dolore;

41 4929 287 5016 Invadit
314 4929 504 5016 amnes
529 4962 826 5032 penetralis
852 4961 1064 5018 flamma
1092 4963 1387 5031 medullas;

41 5053 301 5122 Jamque
334 5053 499 5122 pedes
525 5062 762 5122 torpent,
784 5053 899 5124 jam
925 5063 1120 5112 nutant
1143 5055 1330 5113 mollia
1359 5071 1516 5112 crura
1533 5097 1546 5121 ,

41 5148 376 5216 Elanguent
400 5145 542 5200 oculi
572 5146 896 5205 moribundo
925 5149 979 5204 in
1009 5164 1236 5223 corpore
1268 5149 1434 5216 sicci;

41 5239 279 5296 Cuncta
307 5235 521 5304 labant;
553 5251 708 5294 mens
729 5239 841 5296 sola
875 5243 1042 5300 Deum
1068 5245 1369 5312 cernitque
1383 5242 1654 5314 capitque.

121 5329 240 5356 At!!!
305 5325 392 5356 Λιιο

441 5328 530 5356 ..ι-ιε
550 5343 842 5356 “-Α”“Α----
879 5334 1032 5356 ---ΑΕΔ
1067 5350 1121 5356 -.-

1119 398 1206 454 DE
1247 397 1404 453 vna
1443 397 1502 452 s.
1541 377 1874 453 GERMANI.
1915 427 1984 436 --
2018 396 2146 452 LIB.
2184 398 2271 453 Vl.

1653 512 1726 575 ιΑ
1751 511 1847 568 Vel
1878 521 2130 584 torquere
2155 514 2278 579 diu,
2301 520 2526 582 partove
2554 510 2818 566 absistere
2844 523 3010 581 regno
3030 550 3044 576 ,

3198 392 3338 450 ηοξ

1749 604 2068 678 Martyrium
2098 606 2182 661 cui
2215 607 2326 660 vita
2359 603 2490 670 fuit;
2518 604 2647 674 quin
2677 603 2818 658 mole
2848 602 3091 658 laborum

1753 697 2035 752 Dcfessum
2061 695 2228 751 nimia
2254 704 2338 751 ter
2367 693 2535 751 denos
2561 694 2781 750 circiter
2811 708 3011 760 annos,

1747 790 1944 846 Invitat
1969 805 2195 862 superas
2221 803 2402 844 rerum
2430 788 2736 843 moderator
2761 787 2816 841 in
2841 799 3014 841 arces.

1822 881 1944 937 164.
1979 881 2248 952 Augustas
2268 880 2431 948 inter,
2461 895 2598 951 quas
2623 893 2856 949 unquam
2880 875 3102 950 protulit
3124 877 3292 942 orbis,

1749 976 1919 1034 Fastu
1949 974 2184 1043 seposito
2215 971 2344 1028 felix
2369 971 2605 1027 Placidia
2633 971 2786 1040 regni

1750 1067 1949 1123 Visitat
1972 1065 2280 1130 inﬁrmum,
2311 1062 2548 1129 refovet,
2580 1061 2977 1133 complectitur,
3005 1058 3215 1124 ambit;

1751 1161 1919 1217 Docta
1946 1168 2108 1230 caput
2133 1158 2367 1228 rigidum
2394 1157 2532 1213 divis
2562 1156 2880 1212 submittere
2899 1153 3067 1224 jussis
3087 1196 3100 1218 ,

1753 1252 2008 1324 Suggerit
2027 1293 2042 1318 ,
2069 1251 2278 1315 edicat,
2307 1249 2504 1320 siquid
2533 1264 2686 1304 mens
2715 1248 2874 1304 anxia
2902 1257 3118 1319 captat:

1751 1346 1860 1402 Nec
1888 1360 2040 1400 mora
2069 1343 2359 1414 praestandi
2378 1385 2392 1409 ,
2421 1343 2477 1397 ni
2507 1343 2644 1398 desit
2669 1358 2799 1399 cura
2832 1341 3072 1413 petendi.

1754 1438 1876 1496 Mox
1915 1438 2095 1493 Patris
2139 1436 2237 1512 [B.
2285 1436 2465 1492 Patris
2494 1434 2652 1508 mox]
2701 1435 2938 1490 animum
2983 1433 3172 1504 patriae
3205 1445 3333 1503 per-

2586 1604 2588 1606 ,
2680 1522 2924 1603 [strinxit
2953 1526 3155 1597 imago,

1752 1626 2073 1700 Digrediens
2097 1635 2350 1682 moestam
2376 1627 2568 1682 Pastor
2597 1641 2762 1696 quam
2797 1623 3029 1695 liquerat
3058 1623 3189 1679 olim
3213 1663 3228 1687 ,

1751 1722 1891 1777 Dum
1923 1736 1980 1776 se
2013 1720 2269 1775 fraternis
2294 1720 2501 1775 mavult
2527 1719 2843 1789 impendere
2870 1718 3082 1782 causis;

1752 1810 1948 1866 Nescia
1981 1826 2102 1880 quae
2133 1825 2348 1875 rerum,
2382 1810 2654 1878 sortisque
2689 1809 2874 1879 ignara
2910 1806 3133 1871 futurae,

1673 1886 1724 1948 Β
1751 1903 2005 1960 Ρτίεειιιῑε
2029 1903 2097 1959 ad
2123 1903 2357 1958 reditum
2380 1910 2507 1957 voto
2529 1901 2799 1973 pendebat
2823 1899 3040 1955 inermi.

1824 1994 1948 2051 165.
1979 1994 2120 2062 Quid
2149 2004 2236 2062 tu,
2269 1995 2398 2066 quid
2425 1993 2662 2066 gravidis
2686 2008 2883 2049 oneras
2910 1991 3154 2048 coelestia
3183 1989 3346 2054 voris,

1753 2090 1799 2148 Ο
1823 2089 1976 2161 plebs
1993 2129 2006 2154 ,
2035 2104 2069 2143 o
2099 2087 2309 2157 patria?
2332 2086 2472 2154 Quid
2498 2086 2676 2142 adhuc
2705 2099 2830 2156 spes
2855 2085 3034 2155 pascis
3063 2081 3303 2136 inertes?

1754 2181 1887 2237 Fata
1916 2189 2112 2251 parant
2138 2179 2314 2244 aliud,
2352 2193 2454 2233 nec
2479 2192 2664 2233 rerum
2688 2176 2958 2231 maximus
2982 2173 3190 2229 Auctor

1757 2272 1872 2328 Hac
1899 2271 2017 2326 vice
2042 2269 2390 2342 prosequitur
2415 2268 2575 2325 solita
2595 2268 2799 2339 pietate
2827 2265 3090 2323 volentes.

1758 2365 1912 2432 Quod
1938 2372 2183 2435 praestat,
2213 2363 2468 2435 quodque
2495 2370 2580 2417 est
2606 2362 2802 2427 satius,
2831 2358 3212 2431 praeponderat
3239 2357 3348 2411 ille.

1760 2459 1994 2529 Tempus
2021 2456 2194 2522 adest,
2239 2455 2494 2510 meritum
2521 2453 2698 2524 capiat
2737 2452 2855 2506 sine
2879 2450 2987 2505 ﬁne
3011 2449 3349 2519 triumphum

1761 2554 2088 2618 Germanus,
2118 2552 2317 2622 liquidi
2347 2550 2616 2607 scandens
2646 2546 2912 2618 Capitolia
2944 2543 3097 2610 coeli;

1760 2645 1871 2702 Nec
1903 2644 2310 2708 circumscribi,
2343 2643 2672 2698 brevibusve
2700 2639 2940 2695 insidere
2964 2637 3138 2693 muris

1761 2739 2002 2798 Candida
2025 2753 2221 2811 pompa
2250 2737 2413 2803 sinit;
2449 2735 2635 2792 Latias
2657 2748 2815 2805 mage
2841 2731 2960 2787 fusa
2994 2745 3089 2800 per
3115 2742 3241 2782 oras

1762 2833 1936 2888 Edere
1963 2831 2268 2902 quadriﬁdo
2297 2830 2494 2902 quaerit
2521 2827 2833 2900 spectacula
2863 2823 3086 2881 mundo.

1748 2923 2099 2994 'Spectabunt
2127 2923 2250 2988 alii;
2283 2930 2526 2993 spectato
2553 2929 2611 2976 tu
2636 2919 2882 2990 potiere;

1761 3018 1830 3074 Et
1856 3019 2064 3091 gremio
2091 3017 2298 3088 capies,
2328 3025 2386 3073 et
2407 3016 2558 3073 molli
2582 3014 2773 3070 fronde
2794 3013 3024 3069 fovebis.

1763 3111 1881 3168 Non
1910 3121 2038 3168 tuus
2067 3121 2151 3168 est
2175 3112 2342 3183 prisci
2371 3110 2570 3182 praesul
2590 3107 2791 3166 oblitus
2820 3108 3053 3173 amoris;
3259 3177 3264 3182 δ

1764 3202 2168 3272 Defunctusque
2195 3204 2374 3266 docet,
2403 3209 2664 3272 quantum
2695 3209 2748 3254 te
2772 3200 2928 3254 vivus
2956 3198 3186 3253 amarit:

1763 3293 1840 3349 Te
1863 3294 2089 3363 repetit;
2118 3293 2372 3362 repetita,
2405 3293 2560 3348 dabis
2587 3293 2675 3362 pia
2705 3292 2867 3346 thura
2894 3290 3125 3361 sepulto.

1761 3388 1877 3443 Hoc
1905 3385 2139 3457 speciale
2172 3384 2392 3454 quidem
2423 3383 2669 3455 reginam
2693 3397 2920 3452 poscere
2951 3396 3149 3436 munus

1760 3477 2026 3543 Instituit;
2066 3490 2346 3547 nunquam
2372 3473 2461 3530 illa
2492 3474 2667 3547 magis
2694 3474 2861 3529 invita
2892 3474 3097 3545 petenti

1761 3570 2076 3637 Concessit;
2118 3569 2413 3639 sensitque,
2445 3567 2566 3623 viro
2599 3582 2707 3622 non
2737 3581 2857 3622 esse
2883 3565 3222 3636 negandum,

1761 3662 1914 3732 Quod
1946 3675 2105 3717 secus
2133 3675 2198 3716 ac
2225 3659 2421 3727 vellet,
2450 3650 2729 3729 nunquam
2751 3657 3070 3729 contingere
3094 3657 3289 3728 possit.

1761 3755 1869 3811 Ter
1901 3754 2185 3811 benedicte
2211 3751 2391 3820 Pater,
2422 3762 2506 3809 ter
2534 3750 2834 3823 splendide,
2875 3760 2958 3806 ter
2985 3749 3320 3814 venerande,

1761 3847 2093 3918 Omnigenas
2119 3846 2216 3902 tibi
2239 3853 2364 3917 post
2389 3843 2666 3901 Christum
2695 3842 3053 3914 dependimus
3074 3841 3208 3896 odas

1759 3939 1904 3996 Grex
1929 3939 2270 4010 populusque
2296 3947 2444 4005 tuus,
2476 3937 2564 3993 cui
2591 3936 2802 3992 viscera
2831 3942 2914 3990 tot
2938 3934 3159 4007 pietatis
3179 3976 3193 3999 ,

1759 4031 1972 4090 Gaudia
2005 4041 2082 4086 tot
2109 4032 2333 4095 mentis,
2371 4046 2494 4102 spes
2521 4038 2727 4097 tantas,
2767 4030 3050 4085 commoda
3077 4037 3262 4095 tanta,

1760 4124 1838 4180 Te
1867 4126 2146 4187 redeunte,
2178 4122 2381 4190 refers;
2408 4137 2532 4179 cum
2559 4137 2667 4193 quo
2695 4127 2824 4178 sunt
2852 4121 3037 4176 omnia
3068 4121 3297 4184 dextra;

1760 4217 1880 4286 Quo
1900 4218 2018 4274 sine
2044 4216 2192 4271 nulla
2216 4216 2424 4281 forent;
2454 4217 2511 4271 ni
2544 4213 2756 4279 frivola,
2785 4213 3222 4278 caeca,-sinistra.

1830 4307 1954 4364 166.
1993 4307 2134 4376 Quid
2163 4307 2394 4363 referam
2426 4306 2579 4361 Latio
2603 4304 2829 4376 populos
2855 4318 2923 4359 ex
2958 4303 3090 4359 orbe
3135 4313 3355 4360 ruentes

1759 4402 1878 4471 Quo
1899 4399 2120 4471 languet
2145 4400 2430 4456 medicus?
2451 4399 2628 4455 Ardor
2654 4407 2836 4456 manet
2865 4399 3118 4457 omnibus
3145 4399 3287 4455 idem

1765 4497 1970 4561 Visere,
2000 4502 2057 4549 et
2081 4493 2357 4565 obsequiis
2385 4492 2584 4549 Sancto
2613 4507 2938 4550 concurrere
2967 4491 3144 4564 dignis
3169 4511 3182 4546 :

1681 4619 1738 4682 Ι)
1762 4587 1832 4644 Et
1855 4585 2084 4652 faciunt,
2112 4592 2176 4642 ut
2201 4585 2432 4656 quisque
2465 4592 2664 4656 potest,
2696 4591 2757 4639 ut
2780 4583 3018 4653 postulat
3042 4583 3214 4638 ordo:

1766 4682 1940 4740 Omne
1963 4679 2146 4736 choris
2176 4687 2391 4749 tempus
2415 4677 2772 4749 psallentibus
2795 4674 3215 4741 immodulatur;

1765 4774 1875 4831 Pro
1899 4771 2157 4844 lacrymis
2186 4769 2396 4834 laudes,
2422 4782 2523 4838 pro
2547 4768 2696 4827 luctu
2719 4772 2978 4838 personat
3000 4765 3257 4835 hymnus,

1767 4865 2011 4922 lnvitans
2041 4862 2277 4934 Superas
2297 4859 2478 4915 Patris
2503 4862 2577 4918 ad
2601 4870 2856 4933 suprema
2880 4855 3152 4911 cohortes.

1843 4954 1967 5012 167.
2009 4956 2282 5028 Septimus
2311 4951 2526 5008 atllarat
2553 4953 2746 5027 rapido
2777 4946 3056 5002 terrestria
3085 4961 3249 5001 curru

1766 5046 2032 5114 Phoebus,
2064 5048 2131 5103 ab
2161 5043 2398 5101 occiduis
2432 5058 2697 5108 remeans
2726 5038 2984 5098 illustrior
3007 5037 3168 5093 undis
3194 5053 3208 5089 :

1770 5139 2008 5214 Spiritus
2035 5148 2091 5195 at
2119 5135 2286 5194 coicis
2314 5146 2341 5175 ι
2373 5133 2595 5203 ardens
2621 5144 2896 5203 emergere
2924 5129 3136 5195 vinclis,

1769 5233 2001 5298 Emicat,
2031 5241 2088 5288 et
2112 5227 2344 5300 liquidas
2371 5225 2516 5284 liber
2552 5229 2886 5296 transfertur
2908 5223 2962 5278 in
2982 5237 3172 5288 auras,

1773 5320 2140 5356 “umni'ponla
2165 5317 2289 5356 mln
2322 5315 2636 5356 lmlnmn---
2665 5317 2927 5356 “Iolaomn
2959 5312 2986 5352 ι)
3021 5316 3250 5356 canente
3277 5319 3292 5356 ἶ
