3876 5416
584 452 723 512 1205

471 591 477 598 '
575 578 826 651 Ignotum
854 584 1001 634 certe
1029 574 1210 633 lumen
1238 576 1468 633 miratur
1497 577 1740 652 Olympi;

580 670 649 726 Et
664 668 779 741 jam
808 670 907 726 sub
939 669 1167 742 pedibus
1195 669 1364 727 nubes
1393 677 1447 727 et
1477 670 1656 727 sidera
1684 672 1889 739 cernit;

572 763 861 834 Despectat
886 762 1026 821 rosei
1055 763 1341 820 candentia
1364 763 1570 819 lumina
1596 762 1763 831 solis;

572 856 864 930 Despectat
889 857 1080 930 gelidae
1108 859 1351 914 rorantia
1385 858 1565 915 sidera
1594 858 1764 928 lunae,

570 946 640 1005 Et
666 965 1003 1021 quaecunque
1029 965 1197 1023 vagos
1222 959 1442 1009 exercet
1467 951 1623 1008 stella
1648 967 1901 1009 recursus
1918 993 1932 1020 ,

570 1042 805 1100 Telluris
827 1044 1044 1112 molem,
1074 1043 1537 1118 circumfusasque
1566 1048 1843 1114 tenebras,

565 1134 865 1192 Pneumata
899 1145 1203 1207 ventorum,
1233 1147 1725 1213 tempestatumque
1750 1152 2049 1199 tumorem:

568 1226 678 1283 Cur
712 1243 809 1283 ver
836 1230 1213 1302 tranquillum,
1249 1247 1349 1287 cur
1378 1234 1584 1290 torrida
1610 1237 1838 1306 prodeat
1865 1243 2057 1302 restas;

566 1317 873 1376 Autumnus
903 1314 1020 1376 uvis
1049 1318 1299 1389 fcetetur;
1324 1323 1515 1379 bruma
1539 1325 1747 1396 pruinis
1777 1344 1789 1380 :

475 1478 508 1487 Ἀ
562 1409 632 1465 Et
654 1411 915 1483 quidquid
948 1412 1132 1468 mundi
1159 1414 1324 1470 volvit
1359 1425 1631 1473 structura
1668 1417 1956 1489 triquadri,

434 1576 443 1581 λ
490 1530 497 1537 ο
572 1501 640 1556 Ει
668 1504 931 1576 quidquid
956 1505 1197 1579 physicis
1226 1508 1518 1578 perhibent
1553 1512 1909 1568 succumbere
1942 1513 2151 1580 causis;

488 1596 494 1600 ’
565 1598 621 1653 Si
653 1615 761 1670 qua
791 1600 975 1673 vigent
1006 1604 1271 1673 numeris,
1298 1609 1593 1676 mensuris,
1617 1611 2042 1681 ponderibusve;

557 1688 614 1742 Si
648 1705 752 1761 qua
779 1691 968 1761 latent,
997 1703 1052 1751 et
1081 1696 1127 1752 si
1156 1712 1264 1768 qua
1289 1708 1478 1770 patent
1503 1700 1557 1755 in
1589 1698 1810 1758 cardine
1839 1719 2043 1773 rerum,

568 1781 714 1840 Puro
739 1794 1058 1843 cunctorum
1090 1791 1402 1861 speculatur
1425 1794 1629 1852 lumine
1653 1812 1874 1854 causam
1901 1814 1916 1853 :

557 1873 751 1932 Omnia
782 1893 842 1935 se
866 1881 1072 1948 subter,
1104 1881 1383 1941 Christum
1412 1903 1574 1959 super
1596 1891 1779 1946 omnia
1802 1894 1996 1951 cernit.

563 1966 727 2024 Ridet
751 1971 882 2040 quin
911 1973 1075 2029 etiam
1100 1990 1327 2049 pompas
1351 1987 1406 2034 et
1431 1980 1664 2037 culmina
1695 1984 1862 2050 saecli,

555 2057 729 2132 Reges
759 2060 1083 2133 horrendos,
1121 2060 1445 2138 diademata,
1472 2082 1707 2144 sceptra,
1740 2084 2016 2149 tyrannos,

550 2150 619 2207 Et
645 2151 816 2210 multo
844 2172 1006 2228 gazas
1037 2157 1304 2217 scelerum
1335 2160 1547 2222 fervore
1573 2167 1797 2238 petitas,

547 2244 737 2304 lliusas
766 2263 899 2304 auro
931 2250 1077 2306 tenui
1105 2251 1418 2313 discrimine
1446 2268 1645 2327 vestes,

554 2339 624 2433 lit
650 2341 913 2415 quidquid
944 2344 1217 2404 mundana
1245 2359 1425 2421 potest
1452 2355 1666 2413 variare
1688 2356 1957 2433 supellex;

544 2429 705 2489 Ridet
734 2448 998 2508 praaterea
1026 2454 1179 2498 vana:
1205 2448 1489 2506 κακοπάθια
1513 2459 1539 2489 ει
1560 2429 1783 2519 mentis,

544 2522 772 2589 Gaudia,
803 2542 1036 2599 spesque
1069 2547 1258 2601 novas,
1288 2534 1420 2605 iras,
1454 2547 1710 2613 atrosque
1738 2543 1991 2613 timores,

540 2613 941 2693 Fumiﬁcasque
964 2619 1129 2691 faces,
1159 2625 1350 2686 solitus
1370 2645 1505 2701 quas
1529 2649 1784 2705 spargere
1812 2635 1988 2695 livor:

538 2706 775 2801 Proterit
814 2711 929 2771 haec
958 2718 1209 2787 pedibus,
1235 2706 1351 2778 haec
1380 2723 1555 2781 victor
1582 2727 1813 2801 denique
1845 2730 2049 2800 calcat;

539 2800 681 2869 Quin
709 2815 767 2860 et
792 2806 1059 2877 pestiferi,
1089 2811 1343 2885 subigens
1372 2829 1597 2883 venena,
1631 2820 1885 2878 draconis

540 2892 787 2954 Conterit
821 2899 912 2956 ille
937 2912 1118 2975 caput,
1148 2906 1453 2982 cristasque
1478 2921 1532 2967 et
1562 2912 1723 2969 sibila
1750 2914 1888 2972 colla

541 2984 834 3057 Deprimit:
874 2990 964 3047 ille
987 2993 1153 3063 jacet,
1187 3011 1294 3052 non
1324 3015 1491 3057 ausus
1520 3000 1712 3067 tollere
1733 3013 1945 3061 contra.

612 3078 738 3135 169.
779 3080 989 3139 Interea
1017 3070 1269 3147 Christus
1296 3091 1495 3163 triplici
1522 3106 1683 3169 caput
1712 3097 1826 3169 ipse
1853 3115 2054 3159 corona

537 3168 754 3264 Cingit:
787 3178 905 3246 qua:
932 3172 1105 3248 prima
1133 3189 1238 3248 est,
1277 3186 1358 3240 ter
1388 3185 1526 3243 deno
1549 3168 1763 3261 jaspide
1791 3204 2015 3264 vernat;

535 3262 790 3324 Proxima
812 3284 933 3341 qua:
955 3275 1146 3347 surgit,
1166 3285 1275 3335 stat
1302 3279 1479 3338 sexies
1506 3291 1627 3340 acta
1650 3282 1736 3358 (Β.
1754 3285 1837 3343 bis
1860 3296 1943 3344 ter
1954 3262 2123 3367 facta)

1683 3376 2016 3454 [decemplex
2031 3401 2047 3452 ;

533 3475 717 3536 Tertia
746 3490 979 3541 centeno
1002 3489 1192 3546 rutilat
1219 3492 1583 3563 pulcherrima
1604 3513 1767 3557 versu
1785 3501 1833 3556 δ.

531 3568 577 3627 O
606 3572 800 3632 decus!
827 3592 863 3634 o
883 3581 1066 3653 magni
1095 3587 1393 3655 pernobilis
1422 3590 1601 3647 incola
1623 3593 1777 3650 coeli!

529 3661 692 3723 Orbis
718 3666 943 3737 deliciae,
976 3676 1198 3744 praesul,
1226 3693 1325 3749 per
1350 3681 1547 3741 alecula
1575 3684 1740 3750 salve,

528 3755 744 3830 Terque
765 3774 1069 3838 quaterque
1094 3767 1284 3839 juvat,
1313 3773 1401 3829 vel
1433 3775 1629 3833 millies
1658 3778 1895 3848 addere;
1928 3783 2115 3841 salve:

530 3849 599 3907 Et
627 3852 796 3923 salve,
821 3864 876 3913 et
900 3857 1102 3927 valeas,
1136 3870 1192 3918 et
1217 3873 1393 3932 aveto,
1422 3876 1480 3923 et
1500 3882 1712 3927 summe
1743 3872 1938 3931 valeto.

597 3962 723 4021 170.
781 3965 936 4035 Quod
998 3980 1283 4042 superest;
1339 3976 1516 4034 valida
1574 3979 1724 4038 inter
1780 3992 1963 4055 partes
2016 3987 2117 4046 lite

1830 4075 2041 4150 [coorta

519 4164 776 4224 Prsesulls
802 4167 1051 4230 induvias
1077 4178 1327 4234 certatim
1353 4182 1586 4256 quisque
1615 4201 1939 4260 reposcunt;

523 4256 621 4315 His
651 4258 883 4330 inhiant,
912 4263 1009 4321 has
1030 4267 1263 4339 quisque
1284 4270 1386 4328 sibi
1416 4277 1661 4347 rapuisse
1676 4256 1940 4338 laborant
1965 4303 1977 4341 :

514 4349 711 4409 Acrior
739 4368 805 4410 ex
841 4356 1035 4427 opibus
1060 4372 1330 4432 nusquam
1357 4369 1634 4425 contentio
1659 4373 1886 4430 summis

514 4445 819 4505 Emersisse
851 4449 987 4508 solet
1016 4469 1029 4507 :
1059 4454 1271 4513 modica
1295 4456 1563 4518 ditescere
1585 4465 1765 4534 praeda

511 4540 612 4597 Est
635 4542 821 4600 votum
848 4546 1078 4615 cunctis,
1113 4560 1346 4621 nequeat
1375 4568 1498 4610 cum
1529 4557 1722 4616 cedere
1746 4564 1975 4623 cunctis.

514 4632 796 4692 Promitur
825 4638 880 4693 in
910 4639 1170 4707 medium,
1196 4653 1407 4714 partem
1435 4647 1531 4703 sed
1556 4649 1793 4707 vindicat
1823 4652 1965 4723 aula,

512 4724 731 4783 Partem
762 4730 1069 4802 pontiﬁces,
1096 4734 1292 4792 collata
1327 4749 1493 4808 sorte,
1520 4754 1828 4813 capessunt.

512 4816 837 4878 Sanctorum
863 4825 1102 4895 gerulam
1130 4828 1255 4886 divo
1285 4847 1385 4903 pro
1412 4849 1637 4895 munere
1667 4857 1887 4912 capsam

507 4910 805 4983 Impatiens
832 4918 1019 4989 regina
1048 4921 1224 4996 capit;
1255 4938 1380 4981 mox
1411 4926 1655 5000 pignoris
1678 4910 1805 4990 almi

504 5002 703 5061 Petrus
728 5017 856 5063 ovat
885 5011 1078 5080 spolio,
1107 5012 1305 5085 prtesul
1335 5021 1709 5082 sanctissimus
1734 5027 1902 5096 urhis,

518 5093 877 5166 Ciliciumque
902 5104 1062 5172 rapit,
1098 5120 1305 5164 sacram
1334 5114 1473 5185 rapit
1503 5115 1616 5186 ipse
1641 5093 1937 5191 cu‘cullam;

460 5220 471 5227 -
507 5188 719 5245 Cretera
749 5192 1038 5258 pontiﬁces
1068 5204 1277 5256 certant
1307 5203 1648 5258 disrumnem
1678 5216 1792 5258 ςρηί

1600 457 1826 516 llERlCl
1863 456 2173 517 MONACHI
2208 458 2867 525 ANTISSIODORENSIS
3650 483 3733 544 lilii

2195 578 2250 641 Α
2345 583 2465 638 171.
2521 584 2748 643 Funeris
2789 587 3061 660 impensas
3112 588 3301 648 animis
3346 594 3733 657 eommunilmsm-

2264 748 2418 817 Quod
2447 764 2555 807 non
2586 767 2752 824 parva
2781 753 2898 810 viro
2927 755 3154 812 debetur
3177 756 3347 829 gloria
3371 765 3520 813 lam.
3571 686 3690 761 [sene

2261 837 2512 899 Accolius
2538 843 2710 900 solido
2738 844 2985 915 pollinxit
3006 856 3248 903 aromate
3268 863 3476 920 corpus;

2263 933 2537 1003 Vestibus,
2565 946 2621 993 et
2653 937 2797 993 molli
2828 939 3015 1011 regina
3041 938 3281 996 Placidia
3305 939 3464 999 fulcro

2262 1026 2484 1096 Extulit,
2516 1037 2571 1087 et
2600 1040 2817 1088 sanctos
2843 1033 2980 1088 texit
3009 1034 3329 1104 propensius
3357 1046 3519 1103 artus;

2260 1118 2399 1175 Hinc
2430 1121 2554 1187 iter,
2582 1131 2637 1178 et
2662 1124 2910 1191 comites,
2943 1136 3227 1202 expensas,
3252 1137 3411 1197 atque
3437 1126 3619 1197 vehicla,

2263 1209 2659 1284 Suppetiasque
2683 1216 2803 1284 vim,
2837 1232 2931 1273 seu
2959 1223 3241 1277 commoda
3271 1231 3453 1292 cuncta
3478 1225 3639 1281 meandi

2258 1305 2482 1361 instruit
2510 1314 2787 1379 auguStus,
2819 1310 3093 1384 lectosque
3119 1315 3223 1370 hac
3249 1325 3393 1373 sorte
3417 1317 3638 1373 ministros

2258 1394 2611 1471 Prosequitur
2636 1399 2799 1473 largis
2828 1403 2999 1475 regali
3027 1419 3252 1461 munere
3277 1405 3358 1479 (C.
3383 1406 3533 1478 Lugd.
3549 1407 3645 1473 etB,
3662 1411 3725 1464 cui.

3374 1498 3542 1571 lmine)
3565 1501 3679 1565 donis.

2257 1584 2547 1645 Pontifices
2575 1602 2638 1645 ea
2666 1604 2797 1646 cura
2822 1604 2987 1662 penes
3014 1606 3175 1662 quam
3204 1591 3435 1647 maxime
3457 1590 3595 1646 fervet

2256 1677 2325 1734 Et
2355 1694 2589 1750 praesens
2615 1689 2828 1738 struere
2855 1682 3197 1755 obsequium,
3226 1691 3283 1739 et
3311 1683 3517 1754 vigilare
3537 1682 3672 1739 futuro.

2256 1771 2394 1829 Tum
2423 1776 2683 1847 quidquid
2709 1776 2885 1848 poscit
2910 1778 3222 1849 przestantia
3251 1777 3551 1850 relligionis,

2255 1864 2485 1924 Funeris
2510 1882 2597 1925 om
2608 1869 2853 1927 nimodos
2883 1872 3023 1927 unde
3046 1872 3188 1927 unde
3218 1882 3466 1943 aptantur
3486 1872 3532 1928 in
3553 1887 3655 1929 usus.

2176 1948 2226 2014 Β
2252 1958 2480 2032 Agmine
2506 1962 2777 2034 prmeipuo
2804 1962 2886 2020 sic
2912 1963 3277 2021 informantur
3301 1967 3367 2021 ad
3394 1980 3523 2032 oras,

2251 2051 2420 2109 Gallia
2449 2052 2685 2127 (plaude)
2720 2062 2864 2121 tuas,
2896 2056 3138 2113 antistite
3164 2057 3291 2114 laeta
3319 2066 3533 2129 recepto.

2321 2166 2439 2225 172.
2486 2167 2596 2227 Nec
2622 2178 2673 2229 te
2702 2170 2900 2229 divinis
2923 2182 3167 2229 exortem
3207 2161 3579 2239 duxero'donis,

2243 2260 2445 2320 Italicis
2475 2279 2583 2320 non
2610 2262 2901 2323 infecunda
2928 2265 3205 2323 Placentia
3234 2267 3427 2341 glebis,

2242 2354 2341 2412 Cui
2371 2372 2495 2415 mox
2524 2358 2781 2432 dignatur
2807 2368 3059 2417 sanctum
3089 2359 3387 2417 succedere
3415 2358 3579 2427 funus;

2240 2447 2503 2520 Quodque
2534 2450 2678 2507 intra
2710 2450 2953 2509 ecclesiae
2980 2461 3145 2507 noctu
3180 2460 3394 2508 secreta
3419 2450 3611 2507 locatum

2240 2541 2376 2596 Dum
2404 2543 2549 2615 vigili
2576 2544 2751 2615 pietas
2780 2545 3087 2616 hymnoque
3111 2552 3168 2601 et
3194 2544 3403 2600 lumine
3426 2551 3592 2609 servat,

2235 2633 2398 2691 Forte
2427 2635 2530 2692 loci
2565 2645 2812 2694 matrona
2839 2637 3005 2704 subit,
3028 2638 3114 2694 cui
3144 2637 3331 2709 passio
3359 2636 3555 2703 dudum,

2234 2723 2388 2781 Dicta
2418 2727 2709 2800 paralysis,
2738 2729 2970 2785 miseros
2993 2726 3328 2789 labefecerat
3354 2738 3525 2786 artus:

2233 2813 2351 2872 Jam
2377 2817 2559 2874 nervis
2588 2817 2813 2876 ﬂuidum
2839 2818 3106 2895 [ﬂuidam]
3128 2820 3263 2877 laxa
3287 2836 3527 2894 compage
3541 2817 3673 2897 solntk

2230 2908 2468 2967 Cernere
2493 2920 2613 2967 erat
2641 2913 2896 2971 miseram
2925 2911 3195 2973 defunctis
3227 2915 3411 2973 vivere
3435 2913 3650 2971 membris.

2230 3001 2357 3059 Haec
2385 3011 2573 3061 sancto
2602 3004 2759 3061 subdi
2790 3004 2965 3078 poscit
2986 3004 3240 3065 benefida
3263 3006 3474 3066 feretro.

2230 3092 2519 3163 Subditur;
2547 3104 2602 3152 et
2626 3104 2755 3162 tota,
2782 3114 2945 3170 quam
2972 3098 3132 3171 longa
3153 3107 3263 3169 est,
3294 3108 3447 3158 nocte
3470 3098 3705 3158 recumbens.

2228 3186 2419 3245 Haurit
2451 3188 2721 3258 caelestes,
2744 3189 2962 3249 Christo
2992 3200 3300 3264 vegetante,
3332 3192 3576 3250 medelas:

2230 3278 2526 3352 Stringitur
2554 3282 2610 3339 in
2640 3283 2904 3354 solidum;
2934 3286 3116 3343 nervis
3140 3287 3193 3343 in
3220 3287 3402 3359 prisca
3428 3286 3631 3349 reductis,

2227 3371 2492 3444 Exceptat
2520 3373 2813 3447 placidum,
2850 3377 3024 3448 sopita
3054 3387 3233 3449 peste,
3257 3381 3505 3452 vigorem.

2225 3460 2344 3521 Lux
2373 3466 2533 3535 redit,
2566 3476 2621 3523 et
2650 3479 2885 3540 emptum
2911 3479 3166 3541 repetunt
3191 3472 3443 3531 insistere
3466 3469 3638 3529 callem:

2222 3562 2380 3621 Elato
2408 3565 2625 3638 capulo,
2665 3566 2860 3623 mulier
2889 3566 3172 3624 sanissima
3200 3568 3397 3639 surgit,

2221 3654 2443 3714 Munere
2471 3656 2711 3715 defuncti
2739 3657 2905 3717 vitam
2932 3658 3122 3717 sortita
3157 3658 3445 3716 salubrem.

2221 3747 2445 3806 Miratur
2470 3750 2719 3823 populus,
2749 3751 2996 3822 genuinis
3018 3751 3215 3809 vadere
3236 3751 3449 3823 plantis,

2222 3841 2495 3899 Hactenus
2524 3841 2684 3900 ollicii
2717 3842 2892 3899 fuerat
2917 3858 3036 3914 quae
3067 3843 3233 3900 totius
3260 3844 3444 3915 impos.

2218 3934 2329 3993 Nec
2355 3953 2641 3995 numerum
2673 3936 2937 4004 referunt,
2965 3951 3066 3993 nec
3094 3937 3290 4008 stringi
3312 3933 3526 3994 carmine
3554 3933 3700 4002 pom!

2216 4028 2441 4095 Caetera,
2474 4029 2736 4089 lustratas
2761 4046 2883 4102 quae
2904 4038 3018 4087 tum
3040 4038 3259 4101 patrata
3284 4045 3382 4103 per
3406 4042 3532 4085 oras.
3568 4046 3587 4071 ο

2215 4121 2353 4190 Quin
2378 4131 2435 4178 et
2456 4123 2540 4180 bis
2571 4122 2839 4193 triplicem
2865 4122 3007 4180 nodo
3036 4137 3383 4194 compescere
3406 4119 3561 4176 funem
3583 4125 3599 4154 ι

2213 4213 2489 4286 Cogimur,
2519 4225 2574 4270 et
2602 4215 2769 4287 raptis
2794 4213 3026 4272 stadium
3051 4230 3377 4286 componere
3401 4212 3549 4273 metis.

2210 4305 2378 4362 Lecta
2408 4306 2617 4364 dabunt
2646 4306 2781 4363 alias
2811 4307 3017 4364 devotae
3044 4306 3290 4380 symbola
3318 4304 3517 4363 mentis.

2282 4416 2404 4472 175.
2444 4416 2707 4474 ιλΕῐιιθτθο
2732 4417 2944 4474 monitu
2972 4417 3220 4490 divisque
3248 4417 3473 4475 exercita
3494 4410 3618 4486 jussis

2207 4507 2399 4575 Gallia,
2435 4508 2704 4566 Penninas
2730 4525 2921 4581 agmen
2945 4511 3227 4567 contendit
3254 4512 3306 4567 in
3332 4510 3505 4580 Alpes.

2207 4596 2511 4671 Exceptum
2545 4617 2701 4657 suum
2728 4601 2926 4673 duplici
2956 4601 3157 4672 pietate
3180 4600 3482 4662 Parentem:

2131 4724 2182 4785 D
2209 4690 2363 4763 Quod
2389 4693 2631 4765 propius,
2662 4693 2807 4765 quod
2837 4693 3131 4767 longinqua
3162 4696 3378 4767 regione
3404 4692 3598 4749 relatus.

2207 4780 2373 4853 Urget
2400 4798 2554 4838 amor
2581 4782 2747 4848 cives,
2778 4792 2937 4856 urget
2962 4786 3267 4842 reverentia
3288 4793 3455 4850 certe;

2207 4875 2469 4947 Quodque
2508 4886 2787 4944 verentur,
2825 4886 3040 4945 amant;
3089 4880 3236 4951 quod
3277 4888 3451 4935 amant
3482 4874 3526 4931 id
3558 4879 3688 4936 Μωρέ

3391 4951 3642 5043 [verﬁtun

2205 5061 2446 5128 Felices';
2471 5071 2704 5135 utroque
2733 5072 2912 5120 tamen
2943 5067 2988 5123 si
3015 5076 3241 5139 perpete
3267 5073 3387 5122 voto

2204 5153 2270 5209 Et
2308 5162 2553 5211 metuant
2579 5164 2634 5210 et
2671 5165 2856 5214 ament
2889 5161 3240 5217 metuendum
3269 5169 3324 5217 et
3348 5171 3537 5228 semper
3556 5161 3684 5206 mﬂ'
