3876 5416
35 382 163 441 1205

35 492 331 550 Succollant
360 491 448 550 alii
472 511 486 563 ;
513 493 725 567 lactant
755 494 1027 567 impendia
1051 495 1242 563 multi;

35 588 122 655 Qui
154 595 397 659 possunt,
424 588 577 644 oneri
607 589 815 647 vicibus
844 590 1137 647 succedere
1169 590 1441 663 gaudent;

35 667 78 735 Id
106 679 201 750 qui
232 695 338 735 non
366 686 615 751 possunt,
639 682 784 755 quod
810 682 983 741 solum
1012 681 1245 754 denique
1265 692 1512 755 possunt,

35 772 301 830 Deducunt
332 774 525 843 oculis,
553 775 724 834 oculis
751 785 808 834 et
842 792 976 835 voce
1005 784 1305 850 sequuntur
1333 797 1346 834 :

35 863 249 921 ;umina
275 867 558 940 multiplici
585 884 765 926 rerum
795 878 1107 929 constructa
1139 880 1334 945 paratu

35 956 314 1015 )bnubunt
339 960 532 1017 rutilos
557 961 804 1033 phoebeae
832 962 1095 1038 lampadis
1127 964 1295 1040 ignes.

35 1049 196 1105 l‘anla
226 1048 581 1115 datur‘cineri
611 1055 659 1112 si
689 1070 871 1114 rerum
894 1071 1088 1130 pompa
1115 1059 1355 1127 caduco;

35 1139 235 1212 Quanta
261 1142 497 1217 animam
529 1146 741 1223 superis
770 1146 996 1223 insignit
1018 1147 1189 1221 gloria
1217 1146 1453 1205 castris?

1003 383 1091 442 DE
1128 382 1290 441 VITA
1322 380 1407 442 IS.
1451 381 1785 440 GERMANI.
1826 415 1894 425 —-
1935 382 2289 441 EPILOGUS.

3160 384 3180 438 i
3191 382 3298 441 206

1628 501 1681 562 A
1705 500 1917 568 Quanta
1945 499 2104 575 polo;
2130 500 2172 554 si
2206 489 2354 556 tanta
2381 498 2525 556 solo?
2550 497 2625 555 Te
2645 499 2834 565 dante,
2873 498 3222 571 Redemptor,

1716 591 2041 650 Sanctorum
2065 607 2279 665 semper
2302 607 2449 654 mors
2476 602 2561 648 est
2589 591 2826 665 pretiosa
2858 599 3094 659 tuorum,

1716 686 1831 744 Hoc
1853 686 2160 759 splendore,
2187 685 2368 753 Pater,
2400 684 2570 742 Latiis
2598 694 2819 742 evectus
2846 686 2914 742 ab
2939 686 3072 754 oris,

1716 778 1919 837 Ordine
1945 780 2243 856 magnifico
2271 779 2480 838 dilectae
2510 780 2754 838 redderis
2784 781 2928 849 urbi,

1722 874 1912 931 Nobile
1954 890 2060 946 qua
2102 881 2284 930 servat
2323 874 2668 933 sanctissima
2703 875 2948 932 membra
2978 874 3290 948 sepulcrum

1719 965 1952 1037 Spiritus
1980 973 2036 1020 at
2061 979 2255 1049 perpes
2279 965 2597 1021 meritorum
2626 964 2877 1039 lampade
2900 980 3157 1035 vernans,

1717 1058 1885 1128 Vivit,
1907 1068 1961 1116 et
1988 1059 2207 1118 internis
2235 1059 2435 1117 attollit
2456 1059 2652 1117 saecula
2675 1061 2864 1134 signis.

1324 1396 1325 1399 ‘
1399 1415 1946 1498 EPILOGUS.

382 1571 500 1637 Dei
529 1578 588 1635 et
614 1573 683 1637 S.
727 1572 1024 1640 Germani
1055 1576 1125 1640 in
1154 1583 1477 1639 auctorem
1525 1573 1815 1657 beneﬁcia
1839 1622 1856 1652 ,
1888 1576 2078 1659 hujus
2116 1578 2325 1659 operis
2359 1596 2559 1642 causa
2584 1579 2941 1667 prceipuw.

70 1866 197 1922 175.
222 1865 379 1924 Nunc
403 1868 501 1925 tibi
530 1884 674 1927 nunc
705 1871 1408 1944 meritos,.lesu,sacramus
1437 1879 1611 1937 hono-
1640 1864 1691 1925 Β
1717 1883 1978 1940 Exortem
2009 1880 2217 1937 faxim:
2246 1890 2373 1941 sunt
2401 1890 2456 1941 et
2479 1884 2612 1944 mihi
2638 1900 2808 1959 pensa
2841 1884 3028 1943 talenti

35 1958 300 2019 Subnlxus
327 1960 461 2019 solio
489 1960 661 2021 flectis
685 1964 777 2037 qui
804 1973 1000 2023 cuncta
1026 1976 1275 2043 paterno,
1473 1970 1608 2046 [res,

35 2050 261 2110 Verbum
285 2062 481 2112 cuncta
512 2064 726 2125 creans,
761 2065 1031 2115 metatum
1058 2064 1279 2132 pectore
1304 2060 1504 2132 Patris,

35 2145 159 2213 lex,
190 2154 250 2203 et
277 2146 621 2220 principium,
657 2165 783 2223 pax,
811 2158 867 2207 et
894 2151 960 2208 de
993 2151 1197 2210 lumine
1228 2152 1433 2221 lumen,

35 2242 142 2304 trs,
172 2246 230 2313 et
258 2238 566 2309 consilium,
598 2240 706 2309 lex,
738 2252 794 2298 et
821 2242 1116 2301 concordia
1139 2241 1324 2302 rerum
1344 2287 1359 2313 ,

35 2332 309 2403 iausaque
336 2346 646 2401 causarum,
672 2333 767 2390 sed
796 2342 852 2390 et
876 2334 1035 2407 ignee
1070 2333 1193 2393 fons
1216 2338 1540 2407 animarum,

35 2423 161 2481 dem
188 2422 544 2495 principium,
574 2425 814 2482 medium
843 2426 1011 2491 idem,
1041 2429 1305 2485 terminus
1338 2430 1512 2498 idem;

35 2516 117 2584 Qui
147 2531 435 2588 nunquam
464 2532 573 2573 non
599 2531 682 2585 es,
711 2533 988 2591 nunquam
1019 2534 1127 2575 non
1155 2534 1274 2577 esse
1303 2520 1506 2589 tulisti;

35 2610 253 2683 iemper
274 2612 444 2668 habes
469 2624 612 2679 esse,
638 2613 732 2683 qui
758 2620 986 2684 praestas
1002 2613 1269 2671 "omnibus
1304 2629 1453 2683 esse;

35 2694 314 2760 lssentum
339 2714 476 2774 pura
507 2717 571 2760 ac
597 2698 824 2775 simplex
859 2703 1093 2760 essentia
1130 2719 1346 2772 rerum;

35 2797 264 2855 trtubus
293 2794 525 2863 inlusus,
557 2811 885 2869 percurrens
906 2796 1089 2853 omnia
1113 2788 1320 2864 mundi,

35 2898 189 2949 lotus
219 2906 322 2964 per
350 2897 543 2959 totum,
574 2904 677 2947 nec
703 2904 833 2963 pars
861 2897 918 2948 te
946 2889 1182 2947 destinet
1203 2904 1332 2946 una.

35 2984 90 3041 re
116 2982 306 3040 Patris
332 2982 568 3050 radium,
598 2990 652 3039 te
674 2982 845 3050 Patri,
871 2981 1104 3048 Christe,
1130 2997 1404 3051 cotevum,

35 3076 90 3134 l‘e
120 3076 356 3135 colimus
381 3077 529 3145 casta
561 3082 685 3149 post
718 3077 837 3145 hac
866 3075 933 3132 de
966 3073 1191 3147 Virgine
1217 3082 1405 3132 natum

35 3167 340 3224 ’neuma'tis
365 3181 610 3232 accessu,
638 3180 836 3238 supera
864 3167 1138 3223 manantis
1164 3166 1233 3222 ab
1261 3181 1387 3222 arce

35 3261 256 3318 )ecreto
282 3258 523 3336 τριᾴδος,
552 3274 660 3331 qua
687 3260 938 3319 substant
964 3259 1167 3326 omnia,
1192 3272 1440 3317 summae.

35 3352 108 3408 iic
134 3351 373 3408 verbum
405 3365 533 3407 caro
557 3349 639 3418 ﬁt,
672 3362 893 3408 carnem
917 3349 1062 3421 quod
1088 3348 1291 3408 fecerat
1317 3350 1475 3419 olim;

35 3446 87 3503 Jt
113 3460 254 3501 caro
280 3443 587 3501 conversim
615 3442 771 3500 ﬁeret
795 3444 1042 3499 mirabile
1067 3442 1323 3503 Verbum.

35 3536 108 3593 iic
138 3543 197 3591 te
227 3535 543 3611 Σαρκὰλογον
571 3547 597 3576 ιι
622 3543 772 3590 casta
797 3534 1007 3591 ratione
1035 3533 1289 3601 fatemur,

35 3628 163 3684 fera
198 3626 303 3684 Dei
328 3627 534 3698 proles,
564 3626 803 3684 hominis
826 3625 1108 3683 verissima
1136 3625 1318 3698 proles
1344 3644 1358 3681 :

35 3721 57 3777 ἶ
59 3738 198 3780 erus
220 3723 389 3779 homo
412 3730 575 3793 atque
588 3722 761 3789 Deus;
785 3722 915 3779 hinc
930 3722 1203 3788 conditus,
1226 3722 1351 3778 inde
1361 3720 1590 3779 Creator
1608 3737 1621 3777 :

35 3813 109 3871 iic
144 3813 430 3884 duplicata
455 3814 607 3887 φύσις
635 3828 926 3885 personam
960 3822 1225 3891 temperat
1250 3830 1429 3870 unam.

35 3908 97 3964 ['u
124 3909 259 3980 pius
282 3908 535 3963 humana:
556 3892 659 3979 per
686 3908 879 3964 saecula
905 3908 1079 3981 gentis
1107 3919 1337 3975 amator,

35 4002 309 4075 Sanguine
333 4001 616 4074 perfusum
642 4002 848 4059 torsisti
871 4001 1097 4058 crimine
1118 4002 1409 4069 mundum;

35 4094 315 4150 )emissus
344 4091 552 4166 stygias
578 4092 704 4158 vitae
736 4101 1023 4163 reparator
1050 4093 1118 4148 ad
1144 4092 1368 4151 umbras
1385 4136 1400 4163 ,

35 4189 87 4246 Jt
121 4186 381 4254 tandem,
412 4186 598 4258 spoliis
626 4193 898 4259 prostrato
924 4201 990 4244 ex
1014 4186 1167 4243 hoste
1203 4187 1457 4258 receptis,

35 4281 367 4354 Splendidus
412 4283 652 4356 οὐρανίας
692 4281 722 4322 δ
767 4295 1039 4337 remeares
1086 4281 1261 4337 victor
1301 4281 1356 4336 in
1395 4295 1579 4349 arces;

35 4377 141 4447 luo
171 4368 569 4448 tesuscipiunt
596 4374 877 4448 Seraphin)
904 4374 1143 4441 oculosa,
1180 4390 1378 4432 canore

35 4472 291 4531 Zarmine
316 4471 672 4544 multiplicem
701 4469 1035 4545 modulantia
1069 4469 1374 4547 δωξαλογίαν
1402 4480 1423 4509 ο

35 4566 87 4623 Et
118 4581 296 4623 senas
324 4563 571 4636 pandunt
607 4562 820 4630 blandis
846 4563 1197 4637 applausibus
1225 4548 1362 4631 alas,

35 4659 310 4721 \rdentes
334 4671 549 4715 summo
579 4670 805 4713 summa;
826 4655 1053 4713 Deitatis
1080 4671 1287 4727 amore.

35 4756 124 4813 llic
158 4764 221 4811 tu
248 4752 531 4824 stelligero
561 4750 882 4822 dispensans
906 4750 1090 4809 omnia
1124 4758 1362 4821 sceptro,

35 4848 267 4907 Partitis
299 4845 538 4935 pgopriis
559 4843 881 4917 polyi’ormia
907 4857 1134 4902 munera
1163 4844 1355 4901 servis.

35 4951 128 5001 ste
161 4939 501 4999 talentorum
531 4937 756 4995 sortitus
779 4936 992 4993 fmuora
1019 4938 1279 5010 quinque,

35 5037 259 5093 Vaviter
278 5031 476 5089 activis
497 5037 718 5089 exercet
745 5039 988 5102 tempora
1014 5033 1226 5097 causis;
1280 5100 1283 5105 η

35 5130 124 5186 ilic
152 5127 303 5185 scitu
325 5123 541 5191 melior,
574 5132 889 5193 compensat
919 5123 1171 5198 dogmata
1201 5123 1381 5192 tactis,

35 5222 286 5279 l‘estatus
325 5215 606 5289 geminum
631 5228 754 5272 sese
776 5215 1027 5275 retulisse
1058 5218 1353 5277 talentum:

234 5310 269 5334 .2
307 5306 570 5334 .l--.-:....
598 5307 837 5334 n-nnnl':l
863 5308 1012 5334 Αιιεηξ..
1053 5318 1257 5334 ιιι-...εαυ-
1279 5324 1293 5334 ι

1715 1976 1889 2035 Cauta
1917 1977 2053 2046 mei;
2083 1986 2230 2035 stant
2258 1981 2454 2053 cuique
2483 1997 2595 2039 suae
2620 1981 2941 2055 compendia
2973 1979 3204 2048 mercis;

1714 2069 1775 2127 lu
1803 2070 1962 2127 luteis
1983 2071 2251 2144 specubus
2281 2071 2491 2129 defossa
2515 2074 2745 2149 pecunia
2770 2087 3077 2145 quanquam

1717 2162 1786 2219 Et
1816 2160 1943 2217 furti
1971 2168 2025 2218 et
2053 2161 2260 2220 fraudis
2295 2170 2512 2220 servum
2538 2165 2865 2227 condemnet
2891 2165 3146 2231 inertem.

1722 2258 1968 2331 Cumque
1999 2258 2115 2316 dies
2141 2257 2395 2316 reducem
2428 2267 2480 2319 te
2511 2250 2699 2319 iecerit
2728 2259 2952 2319 ultimus
2981 2259 3149 2323 arvis.

1722 2351 1895 2423 Atque
1921 2350 2063 2407 inter
2087 2349 2322 2408 famulos
2350 2351 2666 2413 discrimina
2697 2351 2921 2411 duxeris
2942 2367 3124 2425 requa,

1608 2482 1619 2491 .
1720 2443 1821 2500 Hic
1848 2442 2049 2499 referet
2075 2444 2243 2500 macti
2272 2452 2452 2516 grates
2481 2452 2534 2501 et
2562 2445 2787 2518 praemia
2816 2444 2955 2512 ﬁsci,

1718 2535 2002 2593 Admissus
2028 2535 2209 2609 superi
2240 2536 2293 2592 in
2319 2535 2475 2594 sedes
2502 2544 2557 2594 et
2583 2536 2781 2610 gaudia
2811 2537 2995 2608 regni;

1719 2624 1812 2682 llle
1835 2624 1948 2682 luet
1976 2625 2185 2687 meritis
2214 2624 2456 2700 neglecta
2485 2624 2776 2700 polismata
2810 2626 2838 2668 ἀ
2878 2627 3057 2700 poenis

1719 2718 1987 2776 Extrnsus
2012 2718 2236 2790 placidae
2262 2719 2504 2792 pulchris
2527 2736 2560 2777 e
2581 2720 2855 2783 moenibus
2884 2719 3039 2778 aulae.

1719 2809 1778 2865 ld
1810 2818 2069 2881 reputans
2089 2811 2291 2879 animo,
2317 2819 2672 2886 metuensque
2693 2813 2932 2870 immane
2960 2812 3172 2887 pericli,

1721 2901 1837 2971 Qua
1862 2918 2080 2974 possem
2104 2912 2268 2961 tantae
2287 2914 2490 2963 memet
2510 2905 2811 2963 subducere
2839 2922 2995 2969 noxae
3015 2948 3030 2977 ,

1724 2995 1958 3054 Sedulus
1987 2985 2292 3055 instabam’:
2323 2998 2630 3055 volventem
2659 2980 2913 3072 plurima,
2941 3000 3157 3056 tandem

1720 3088 1939 3161 Impulit
1969 3090 2079 3147 huc
2108 3089 2234 3163 (nec
2254 3099 2465 3148 certum
2495 3092 2690 3160 habeo,
2720 3108 2971 3160 casusne,
3001 3092 3235 3163 Deusne)

1726 3177 2061 3239 Germanum
2086 3182 2294 3239 melicis
2321 3183 2587 3240 illustrem
2621 3185 2847 3241 reddere
2872 3184 3069 3251 musis,

1727 3270 1844 3329 Hoc
1873 3282 2067 3329 venam
2096 3272 2294 3345 ingenii
2324 3274 2561 3342 primum
2590 3281 2800 3333 tentare
2836 3274 3058 3344 periclo,

1722 3360 1841 3421 Hoc
1867 3363 2199 3435 intemptatus
2229 3362 2474 3420 rudimen
2505 3361 2591 3436 [Β.
2629 3363 2925 3437 specimen]
2951 3364 3168 3434 pulsare
3187 3379 3319 3436 poe-

1952 3528 1959 3535 ‘
3112 3456 3210 3530 [sis
3234 3476 3245 3511 :

1731 3551 1899 3609 Multa
1926 3550 2132 3609 dabant
2159 3551 2404 3617 animos;
2433 3564 2588 3606 amor
2611 3556 2665 3605 et
2690 3548 2996 3606 reverentia
3024 3547 3211 3605 Sancti
3232 3590 3246 3615 ,

1730 3642 1971 3699 Plurima
2002 3642 2282 3710 materies,
2317 3650 2429 3697 tum
2458 3650 2656 3713 praeter
2673 3649 2892 3706 caetera,
2920 3638 3062 3712 quod
3092 3653 3178 3695 me

1726 3736 1796 3793 Et
1824 3734 2021 3794 deb‘ere
2050 3736 2179 3793 Viro
2201 3745 2257 3793 et
2284 3736 2512 3793 nimium
2540 3732 2739 3793 debere
2770 3734 3026 3792 monebat

1728 3826 1954 3885 Conscia
1977 3843 2130 3885 mens
2155 3844 2360 3885 rerum.
2388 3828 2717 3900 Septennem
2743 3832 2914 3885 ierme
2939 3825 3179 3899 puellum

1728 3918 1915 3979 Sancti
1946 3914 2183 3978 servitiis
2204 3935 2302 3996 me.
2320 3917 2713 3991 tranScripsere
2741 3926 2995 3991 parentes

1731 4013 1800 4068 Et
1823 4027 2019 4069 sensus
2044 4012 2284 4082 inopem,
2315 4020 2372 4066 et
2400 4019 2573 4067 cautae
2602 4010 2830 4066 rationis
2857 4009 3142 4066 inermem.

1730 4104 1985 4178 Suscepit
2015 4113 2260 4161 tenerum
2287 4102 2483 4159 blande
2507 4101 2797 4158 miseratus
2832 4099 3142 4166 alumnum;

1732 4198 1880 4255 Pane
1908 4196 2070 4263 aluit;
2102 4202 2372 4268 tegmenta
2407 4195 2583 4261 dedit;
2615 4194 2858 4250 fomenta
2884 4193 3133 4263 paravit;

1731 4291 1973 4363 Corpore
2006 4288 2287 4360 provexit;
2320 4297 2434 4344 tum
2461 4286 2713 4345 sensibus
2740 4284 3112 4357 ampliﬁcavit.

1735 4381 1908 4441 Vivax
1940 4379 2214 4439 difficilem
2241 4390 2432 4453 pectus
2458 4379 2686 4453 largitus
2713 4378 2771 4437 in
2795 4384 3004 4447 artem;

1698 4464 1705 4467 ’
1735 4475 2049 4547 Languores
2075 4471 2312 4545 pepulit;
2341 4468 2655 4528 discrimina
2684 4476 2882 4529 cuncta
2915 4467 3158 4542 subegit;

1736 4568 2028 4625 Absentem
2057 4566 2335 4638 precibus,
2360 4572 2684 4635 praesentem
2705 4561 2930 4620 numine
2948 4560 3120 4633 juvit;

1735 4661 1974 4719 Contulit
2012 4675 2177 4717 omne
2212 4659 2446 4725 bonum;
2482 4657 2819 4730 compescuit
2844 4667 3006 4710 omne
3024 4652 3330 4710 sinistrum.

1737 4753 2082 4810 Carminibus
2103 4751 2309 4810 nostris
2337 4749 2429 4806 hic
2455 4748 2745 4807 illaudatus
2772 4744 2990 4805 abiret?

1809 4846 1932 4903 177.
1959 4842 2111 4901 Talia
2143 4845 2447 4902 volventem
2467 4842 2747 4899 terrebant
2772 4836 3011 4913 plurima
3035 4846 3262 4899 contra;

1740 4938 1979 4997 “ateriae
2003 4940 2274 5007 gravitas,
2308 4934 2471 4991 siccae
2495 4934 2700 5007 jejunia
2732 4935 2957 5003 linguae,

1741 5029 1877 5089 Tum
1903 5025 2120 5097 species
2148 5026 2354 5105 operis,
2379 5024 2508 5084 vilis
2530 5042 2763 5099 persona
2789 5026 2991 5095 poeta}.
3141 5079 3145 5082 .

1740 5120 2003 5193 Quodque
2028 5117 2141 5181 Dei
2164 5124 2284 5180 laus
2313 5123 2399 5174 est
2422 5114 2589 5177 labiis
2615 5119 2901 5187 incompta
2929 5110 3221 5175 scelestis.

1740 5210 2002 5272 Subvenit
2032 5215 2259 5292 trepido
2286 5221 2529 5283 praesens
2554 5210 2749 5273 ﬁducia
2772 5203 2898 5265 vati
2924 5221 2937 5258 :

1742 5304 1893 5334 Λ..Αι1
1921 5317 2117 5334 ἉΛΒΩΛΑ
2157 5300 2351 5334 I..I\n:n:
2381 5300 2645 5334 “lani-unm
2670 5308 2933 5334 “Anniam
2954 5294 3148 5334 “alni:
