3876 5416
551 407 685 464 1207
1544 405 1773 462 HERICI
1810 401 2118 461 MONACHl
2156 402 2815 461 ANTISSIODORENSIS
3115 440 3125 452 .
3627 412 3722 472 ηαδ

548 521 852 577 Germanus
877 520 1173 593 hmo-posse
1203 521 1341 587 tulit,
1374 531 1429 577 tu
1461 523 1564 578 rite
1587 524 1791 595 petenti
2154 523 2211 585 Α
2234 520 2311 574 Da
2338 519 2650 577 meminisse
2675 517 2774 585 tui,
2798 517 2939 574 sicut
2963 517 3270 573 meminisse
3297 532 3506 576 necesse
3525 523 3626 589 est,’

549 611 769 667 Munera
796 611 880 667 fer
904 613 1115 684 linguae,
1150 612 1304 683 cujus
1334 625 1460 671 sunt
1486 629 1711 670 munera
1739 613 1935 686 linguae
1960 631 1974 668 :
2125 655 2129 659 .
2243 612 2386 666 Vitta
2413 611 2566 681 prius
2593 618 2755 682 rupto
2782 625 2949 681 quam
2976 607 3183 665 diMuat
3202 624 3365 667 aurea
3393 610 3555 680 ductu,

548 703 735 759 Gratia
762 705 899 761 velle
925 706 1104 774 dedit;
1140 708 1400 763 concedat
1426 708 1601 780 gratia
1629 723 1808 778 posse.
2236 701 2487 758 Eﬂ'undat
2511 701 2744 773 liquidas
2767 700 2977 757 funisve
3015 708 3300 773 argenteos
3324 702 3504 769 undas.

546 792 783 861 Audisti,
811 803 867 854 et
901 796 947 851 si
975 797 1105 868 quid
1128 799 1303 867 potui,
1329 807 1383 853 tu
1415 814 1572 870 posse
1594 800 1809 855 dedisti.
2237 793 2307 848 Et
2330 794 2565 850 cisterna
2588 788 2787 860 rotam,
2814 791 2936 849 fons
2972 791 3167 850 inlluus
3200 801 3397 849 atterat
3422 810 3618 853 urnam:

549 881 688 939 Hinc
714 891 805 940 tua
827 884 944 941 laus
972 896 1158 944 nostro
1185 903 1399 960 semper
1426 898 1741 946 concrescat
1769 891 1823 946 in
1852 906 1967 956 ore,
2238 884 2399 948 Tum.
2418 888 2740 957 Quandoque
2776 884 2805 925 1³
2836 899 2970 940 mea:
3015 884 3190 940 tenuis
3219 884 3510 940 substantia
3532 890 3631 946 vita

552 973 669 1029 Rex
690 991 896 1047 regum,
920 976 1082 1033 Pater
1100 977 1238 1035 alme
1260 979 1560 1048 hominum,
1582 996 1707 1052 spes
1727 981 1872 1038 clara
1892 990 2132 1050 tuorum,
2238 976 2487 1048 Liquerit
2514 978 2614 1035 hos
2643 973 2829 1040 artus:
2847 984 2904 1032 et
2934 977 3274 1033 conclamata
3297 977 3489 1050 iacebit

551 1067 724 1135 Quem
756 1084 851 1124 sua
879 1068 1088 1126 collatis
1109 1070 1302 1141 jubilat
1326 1072 1613 1144 plasmatio
1636 1074 1867 1141 bombis,
2241 1067 2494 1126 Materies
2516 1070 2740 1137 cineris,
2771 1078 2828 1125 tu
2853 1068 3094 1126 clemens
3120 1084 3285 1141 parce
3313 1070 3623 1144 Redemptor,

549 1163 737 1229 Astra,
760 1164 890 1235 poli,
915 1166 1107 1233 nubes,
1135 1175 1191 1222 et
1215 1169 1465 1225 machina
1488 1180 1681 1226 cuncta
1706 1170 1954 1242 polorum
1970 1210 1986 1238 ,

1907 1187 1986 1238 ιη,
2236 1159 2319 1217 Ne
2344 1175 2433 1218 me
2458 1160 2682 1216 tartarei
2719 1161 2898 1232 rapiat
2923 1160 3006 1216 vis
3036 1160 3144 1217 ulla
3181 1160 3438 1227 ministri,

555 1255 775 1329 solque,
817 1273 1081 1331 sororque
1105 1272 1157 1329 ι,
1187 1261 1373 1331 nives,
1399 1262 1769 1336 lymphaque,
1812 1274 1869 1321 ει
1914 1265 2136 1335 spiritus
2250 1253 2369 1313 Neu
2417 1263 2572 1312 voret
2622 1256 2766 1331 hanc
2809 1255 3049 1311 animam
3096 1255 3420 1313 truculentae
3458 1255 3635 1314 ﬂamma
3670 1278 3727 1332 ge-

1608 1422 1613 1427 .
1839 1355 2058 1429 hamis,
3531 1350 3686 1405 benna.

552 1438 778 1507 Cauma,
813 1440 1075 1513 geluque,
1088 1441 1225 1510 dies,
1245 1450 1302 1501 et
1329 1445 1507 1502 densae
1533 1446 1716 1502 nubila
1742 1447 1939 1503 noctis.
2241 1440 2485 1513 Cumque
2506 1445 2562 1496 et
2586 1437 2948 1510 quadriﬁdam
2982 1438 3107 1496 ﬂuis
3145 1439 3507 1510 absumpserit
3530 1439 3619 1512 (8.,
3639 1458 3720 1498 eun-

551 1533 845 1604 Aridaque,
870 1545 927 1591 et
944 1545 1177 1604 montes,
1201 1537 1386 1606 colles,
1415 1547 1469 1595 et
1490 1540 1687 1595 caerula
1714 1542 1883 1613 ponti,

3177 1530 3508 1605 [sumpserit)
3532 1533 3681 1599 orbem,

555 1624 930 1698 Fluminaque,
954 1637 1011 1685 et
1030 1627 1228 1698 fontes,
1252 1632 1377 1687 exin
1400 1632 1635 1689 viventia
1662 1642 1879 1700 cuncta,
2249 1624 2593 1697 All‘uerisque
2614 1633 2693 1683 tut
2708 1624 2876 1696 iudex
2896 1625 2950 1682 in
2981 1626 3206 1683 numine
3237 1626 3437 1692 Patris.

554 1714 790 1786 Qumque
822 1719 973 1775 vehit
1001 1720 1178 1789 tellus,
1209 1737 1306 1796 aer
1332 1739 1453 1794 qua:
1472 1725 1722 1796 provehit
1744 1726 1903 1792 altus,
2249 1717 2515 1774 Iudicium
2554 1717 2710 1775 libris
2741 1727 3028 1790 tecumque
3054 1719 3269 1776 sedebit
3294 1718 3507 1791 apertis,

556 1809 685 1876 Qua:
712 1811 860 1867 vehit
891 1828 1174 1884 :equorens
1199 1817 1442 1874 diversos
1465 1834 1666 1891 gurges
1694 1820 1748 1874 in
1776 1835 1924 1877 usus.
2178 1890 2201 1891 ί
2249 1808 2394 1866 Heu!
2428 1810 2551 1882 quis
2579 1826 2667 1867 me
2691 1810 2914 1867 instanti
2944 1820 3058 1867 tum
3082 1810 3397 1868 defensahit
3425 1812 3488 1867 ab
3510 1810 3607 1866 ira?

628 1902 750 1958 178.
782 1904 925 1976 Ergo
946 1921 1064 1978 age,
1087 1915 1144 1963 et
1161 1908 1357 1977 oblatis
1388 1890 1624 1982 praesens
1648 1913 1868 1969 illabere
1894 1915 2034 1971 votis
2170 1890 2222 1951 Β
2251 1900 2555 1956 subnixum
2579 1901 2785 1966 "31193:
2817 1900 3019 1973 Pmsul
3038 1900 3343 1969 Germane:
3367 1901 3571 1973 Ρθτθωὶί

438 2042 447 2051 ,
556 1989 819 2061 Quodque
846 1995 975 2050 dare
998 1996 1223 2065 placuit,
1249 1999 1463 2071 placeat
1486 2012 1705 2074 captare
1730 2002 1962 2060 libenter

2251 1992 2403 2048 Tunc
2430 1992 2576 2049 inter
2596 2007 2852 2064 proceres
2878 2001 2934 2051 te
2968 2008 3193 2051 cernere
3220 1994 3393 2050 credo
3412 2008 3652 2066 supemos:

556 2081 628 2137 Ut
651 2084 924 2153 quondam
952 2087 1178 2143 minimo
1205 2089 1420 2145 viduam
1457 2092 1757 2163 quadrante
1784 2094 1990 2160 beasti;
2252 2084 2395 2157 Ergo
2420 2084 2499 2141 ῑυί
2527 2092 2663 2152 tum,
2691 2094 2880 2141 83mm
2908 2085 3089 2152 Pater.
3116 2085 3461 2143 miSEFeSCiiO
3484 2086 3623 2151 mis;

554 2175 972 2248 ignoscensque,
1010 2194 1145 2236 meae
1172 2180 1493 2255 disrumpito
1522 2186 1736 2244 vincula
1762 2187 1932 2259 culpae
1956 2208 1969 2243 :

2250 2174 2493 2248 Cumque
2539 2175 2699 2234 olidis
2749 2177 2989 2233 vinctum
3043 2176 3156 2253 [B.,
3203 2176 3478 2251 junctum]
3518 2178 3727 2250 despexeris

559 2266 725 2321 Multa
756 2282 991 2339 namque
1016 2283 1236 2340 premor
1260 2271 1549 2331 formidine
1575 2277 1983 2348 suppliciorum.
3347 2266 3561 2344 [eminus
3580 2271 3693 2325 MS

559 2354 659 2419 En,
690 2356 855 2413 vitam
879 2359 1135 2415 miseram
1155 2361 1267 2433 jam
1292 2364 1435 2421 trina
1458 2366 1715 2423 decennia
1737 2379 1979 2434 versant,
2257 2364 2338 2437 (Id
2364 2365 2498 2424 mihi
2546 2382 2670 2423 nam
2699 2368 2966 2442 spondent
3008 2368 3279 2425 scelerum
3313 2374 3626 2423 monumenta
3645 2380 3727 2421 mea

564 2445 797 2504 Additur
824 2449 909 2505 his
939 2466 1135 2520 anuus,
1162 2468 1278 2511 aevo
1304 2454 1584 2528 gliscente,
1616 2461 1915 2528 secundus;
3580 2456 3690 2531 imm)

559 2539 752 2611 Meque
777 2540 903 2598 boni
937 2545 1232 2616 quidquam
1257 2564 1532 2622 nunquam
1562 2553 1816 2624 gessisse,
1850 2555 2145 2615 recordor:
2250 2550 2389 2609 Tum
2419 2551 2622 2625 Regem
2659 2553 2916 2624 precibus
2938 2551 3156 2624 pulsare
3182 2558 3463 2609 memento
3494 2549 3689 2622 benigtus

571 2633 709 2691 Hinc
737 2649 882 2692 curae
908 2638 1206 2705 stimulant,
1233 2650 1290 2697 et
1314 2643 1510 2701 mentis
1544 2646 1613 2701 ad
1652 2646 1841 2703 intima
1870 2648 2140 2707 mordent.
2248 2644 2525 2701 Flectetur
2549 2653 2719 2714 certe,
2747 2646 2892 2704 dicet
2914 2645 3196 2717 ﬂexusque
3217 2645 3508 2701 ministro:

558 2725 677 2782 Jam
703 2726 912 2799 lapsum
941 2730 1150 2801 releva;
1172 2731 1285 2803 jam
1315 2752 1483 2810 purga
1511 2739 1689 2806 sorde,
1721 2738 1977 2808 Creator;
2249 2735 2554 2794 Germanus
2578 2738 2787 2810 poscit;
2826 2751 2935 2794 non
2966 2736 3048 2793 fas
3074 2735 3356 2809 sprevisse
3384 2740 3671 2806 precantem;

561 2815 712 2873 Exue
744 2820 1055 2889 praeteritis,
1078 2827 1438 2894 praesentibus
1467 2837 1629 2900 atque
1657 2837 1833 2898 tuere,
2252 2830 2409 2888 Hunc
2428 2831 2641 2888 haedum
2663 2832 2850 2889 niveos
2876 2831 3284 2903 quamprimum
3308 2827 3534 2883 transfer
3551 2827 3595 2880 in
3607 2836 3729 2894 agnos;

558 2906 780 2964 I‘raecau
790 2918 1010 2983 tumque
1038 2916 1172 2975 satis
1202 2931 1234 2972 a
1255 2917 1426 2990 culpis
1450 2920 1616 2977 redde
1636 2920 1856 2984 futuris.
2152 2974 2157 2979 .
2256 2927 2441 2998 Agnus
2466 2933 2556 2982 eat
2586 2926 2798 2994 dexter,
2823 2926 3113 2983 decoretur
3134 2923 3344 2981 vellere
3361 2921 3582 2995 pulchro.

633 3036 658 3064 ι
697 3025 755 3081 Id
792 3035 896 3095 est,
937 3029 1085 3089 (una.
1602 3050 1639 3078 ο
1943 3086 1967 3093 ,,

1602 3050 1639 3078 ο
1943 3086 1967 3093 ,,
2324 3040 2354 3081 δ
2392 3040 2500 3100 Pro
2534 3042 2971 3115 quandocunque.

568 3167 3725 3213 Ἥ

1075 3248 1870 3443 /MIRACULA
1977 3326 2494 3446 SANCTI
2619 3271 3385 3481 GERMANI/

1739 3521 2018 3567 EPISCOPI
2060 3524 2678 3585 ANTISSIODORENSIS,

1450 3642 1825 3708 AUCTORE
1860 3645 2145 3709 EODEM
2186 3645 2489 3710 HERICO
2530 3648 2948 3714 MONACHO.

568 3758 665 3825 Ex
722 3768 1093 3844 pervetusto
1164 3766 1386 3833 codice
1452 3770 1865 3835 membraneo
1931 3768 2352 3915 Lugdgﬁgposi
2413 3790 2559 3837 cum
2624 3774 2768 3839 aliis
2830 3792 2985 3841 mss.
3049 3781 3112 3840 et
3172 3775 3459 3841 editione
3500 3768 3733 3838 Labbeana

2081 3868 2115 3913 c
2322 3898 2336 3914 .

2081 3868 2336 3914 θοιιδιο.

1771 3973 1937 4039 (Apud
1952 3972 2195 4038 Bolland.,
2217 3972 2334 4027 Julii
2356 3979 2486 4028 ιοωο
2506 3974 2646 4040 vn.)

1630 4201 2172 4286 PROLOGUS
2233 4158 2766 4284 AUCTOBIS.

645 4476 698 4530 l.
730 4472 912 4529 Vitam
931 4471 1260 4530 etMiracula
1283 4474 1592 4546 apostolicae
1620 4476 1895 4532 memoriae
1913 4490 2153 4532 summa-
2179 4482 2227 4546 ρ
2257 4465 2562 4543 perniciosa
2618 4473 2932 4522 sanctorum
2977 4463 3268 4536 pmconiis
3315 4463 3566 4520 interdum
3600 4455 3735 4531 peperit

452 4572 455 4575 ’
569 4582 676 4639 que
736 4579 860 4621 cum
920 4565 1227 4621 reverentia
1293 4565 1609 4622 nominandi
1660 4566 1845 4622 domui
1894 4565 2153 4622 Germani
2261 4561 2609 4626 detrimenta,
2656 4558 2801 4629 quod
2861 4556 2957 4629 qui
3011 4556 3278 4627 imperitae
3328 4553 3591 4612 rusticitati
3634 4549 3735 4603 ﬁdem

570 4657 833 4727 cpiscOpi,
884 4655 1088 4726 absque
1139 4655 1265 4712 ullis
1311 4655 1617 4711 litterarum
1661 4657 1930 4727 praesidiis
1974 4656 2162 4728 inope-
2261 4660 2489 4718 astruat,
2540 4663 2725 4705 rarum
2770 4660 3043 4718 quemque
3095 4647 3367 4718 reperias;
3412 4647 3528 4703 dum
3565 4658 3630 4707 ea,
3661 4651 3735 4728 φίλι

572 4765 717 4815 roso,
746 4747 834 4803 vel
858 4748 1042 4819 potius
1066 4746 1316 4819 profano,
1349 4747 1573 4814 diutius,
1603 4763 1767 4819 quam
1789 4746 1894 4803 fuit
1920 4727 2159 4821 aequum,
2263 4742 2516 4809 all‘erunt,
2545 4739 2743 4812 partim
2767 4737 3032 4805 fabulosa,
3064 4737 3255 4810 inepta
3282 4739 3479 4810 partim
3498 4744 3547 4791 et
3565 4727 3732 4789 ridicula.

574 4840 798 4895 latuisse
825 4838 1063 4903 silentio,
1085 4838 1332 4895 consulta
1357 4838 1666 4911 diligentius
1691 4840 1953 4912 magistra
1979 4855 2164 4897 rerum
2262 4849 2467 4909 perque
2490 4834 2595 4889 hoc
2617 4831 2922 4887 litterarum
2952 4830 3208 4886 sacrariis
3226 4831 3553 4886 aestimantur
3573 4821 3721 4888 ίηῶεηε

577 4939 808 4987 testatur
838 4929 1154 5001 antiquitas.
1187 4928 1415 4986 Constat
1458 4907 1697 5001 namque
1724 4907 1992 4987 ad'sancti
2019 4931 2160 4988 Cen-
2261 4907 2343 4984 ita
2371 4926 2573 4987 factum
2591 4932 2695 4991 est,
2732 4933 2794 4980 ut
2815 4925 3059 4996 quaedam
3086 4924 3330 4996 ignorata
3361 4922 3573 4995 penitus,
3604 4907 3737 4970 alii“

575 5012 721 5064 αιινὶῗ
754 5000 989 5064 pnianmi
1037 5031 1297 5064 tnmnnras
1354 5023 1444 5064 ηιιί
1485 5000 1718 5064 mur-tne
1746 5032 1869 5064 nm“
1918 5024 2166 5064 ἰιι-’ἰωὴ
2265 5015 2669 5064 mmmdenlitzm
2705 5015 2954 5064 laetitiam
2996 5015 3267 5064 insincera
3304 5011 3578 5064 manantia.
3613 5000 3738 5059 ΙΜῙΨ·
