3876 5416
83 340 206 397 1209

980 339 1068 396 DE
1108 337 1476 395 MIRACULIS
1517 336 1574 390 S.
1611 331 1939 391 GERMANI.
1983 328 2365 388 PROLOGUS.

3185 330 3324 386 1210

79 463 132 508 ut
163 453 213 508 in
239 459 431 506 nostrae
459 449 698 506 archivis
726 449 970 507 ecclesiae
1005 458 1322 507 annotatum
1351 447 1640 518 reperitur,
1671 448 1720 510 Α
1751 458 1839 500 res
1871 443 2103 510 eluceat,
2126 444 2303 515 primo
2338 443 2420 498 sui
2448 442 2628 513 operis
2656 441 2791 496 libro
2817 442 3015 497 acriter
3043 442 3243 513 diuque
3270 445 3322 499 in

79 543 372 599 beatissimo
422 541 693 598 Germano
736 543 898 598 rebus
943 551 1194 614 exempto
1259 539 1528 605 humanis,
1587 539 1642 592 in

79 634 425 706 episcopatum
454 631 710 690 suffectus
748 633 991 700 Alodius,
1025 634 1247 704 triginta
1291 631 1460 687 ferme
1489 629 1645 686 annis

79 725 404 797 pontiﬁcatus
431 724 515 780 sui
543 722 877 781 [unctionem
900 723 1152 796 explevit.
1182 722 1297 780 Hoc
1317 724 1428 779 vita
1457 721 1643 778 defun-

79 825 179 883 cto,
202 818 269 874 ob
301 815 507 872 rabiem
533 816 924 888 emergentium
956 816 1099 870 intra
1135 813 1338 870 Gallias
1382 811 1644 869 barbaro-

79 929 212 980 rum,
238 911 614 968 ecclesiasticas
642 910 906 968 libertatis
925 925 1104 967 mersa
1129 907 1437 981 privilegia,
1471 907 1646 978 digni-

79 1018 152 1063 tas
173 1007 383 1074 obruta,
430 1005 686 1077 splendor
708 1005 954 1068 obtusus,
980 1003 1091 1058 vim
1113 1000 1408 1057 Christiani
1433 999 1643 1056 roboris

79 1105 311 1153 :unctam
335 1096 724 1168 perdiderunt;
763 1096 944 1166 itaque
983 1092 1178 1149 civitas
1204 1093 1457 1164 episcopo
1482 1090 1643 1146 vidua

79 1190 248 1246 lecem
270 1187 578 1260 permansit-
606 1188 795 1255 annis,
840 1185 1036 1258 quibus
1069 1185 1384 1250 transactis,
1421 1181 1643 1238 Frater-

80 1295 188 1347 ius,
218 1295 246 1335 a
267 1279 426 1336 beato
462 1279 734 1336 Germano
775 1278 970 1334 tertius
1000 1275 1334 1348 pontiﬁcatui
1380 1273 1641 1346 subroga-

80 1390 178 1429 .us.
224 1373 273 1430 Is
299 1390 404 1446 qua
433 1375 520 1431 die
544 1375 845 1439 ordinatus,
874 1375 1064 1431 eadem
1093 1388 1307 1445 quoque
1343 1373 1411 1428 ab
1439 1372 1642 1428 eisdem

79 1469 307 1525 iarbaris
333 1469 724 1540 interemptus;
753 1469 1019 1540 martyrio
1054 1477 1346 1525 coronatus
1377 1474 1480 1523 est.
1507 1465 1646 1522 Huic

79 1561 480 1617 menominatus
523 1559 819 1618 Censurius
876 1569 1070 1632 quarto
1116 1560 1462 1617 substituitur
1496 1558 1642 1624 loco.

79 1651 144 1706 ib
169 1666 389 1708 excessu
419 1652 602 1723 itaque
649 1651 950 1708 beatissimi
991 1651 1247 1707 Germani
1273 1651 1342 1706 ad
1372 1650 1520 1706 hunc
1545 1663 1642 1704 us-

79 1759 169 1812 [ue
195 1742 510 1800 Censurium
539 1743 661 1815 plus
689 1745 870 1800 minus
909 1743 1268 1816 quadraginta
1312 1741 1644 1814 colliguntur

79 1823 190 1889 mni
215 1843 564 1906 suprataxato
591 1836 783 1891 ordine
811 1836 1184 1892 decurrentes.

131 1925 187 1981 '5.
226 1926 276 1982 ls
307 1941 430 1982 cum
474 1925 828 1983 ecclesiastici
871 1929 1136 1998 primatus
1185 1926 1412 1999 polleret
1459 1925 1639 1997 digni-

81 2024 200 2083 ate,
221 2015 568 2073 Constantius
592 2017 838 2088 Lugduni
879 2017 1123 2087 impense
1152 2017 1518 2081 doctissimus,
1545 2016 1644 2069 im-

79 2109 218 2164 pulsu
243 2107 328 2164 vel
351 2107 602 2179 precibus
642 2109 815 2164 sancti
850 2107 1137 2175 Patientis,
1183 2109 1302 2179 ejus
1341 2117 1469 2163 tunc
1493 2107 1644 2162 urbis

79 2197 322 2268 :piseopi,
382 2197 578 2254 librum
630 2199 696 2254 de
742 2199 852 2254 vita
903 2208 959 2254 et
1009 2199 1301 2254 virtutibus
1343 2197 1646 2254 beatissimi

79 2286 320 2343 iermani
347 2289 487 2344 mira
531 2289 922 2344 sententiarum
981 2289 1272 2361 elegantia,
1318 2289 1646 2361 c0piosoque

79 2375 275 2432 Ielectu
307 2379 596 2435 verborum
642 2380 1092 2437 excellentissime
1129 2382 1332 2448 edidit;
1379 2396 1500 2436 cum
1551 2396 1648 2450 per

79 2483 158 2520 ira
189 2476 507 2526 cunctorum
551 2473 725 2528 sancti
752 2487 943 2529 recens
975 2473 1154 2528 adhuc
1181 2473 1416 2543 spiraret
1442 2487 1646 2528 memo-

80 2561 166 2626 'ia,
197 2561 510 2636 pluresque,
553 2566 646 2636 qui
672 2580 795 2622 eum
825 2567 1109 2639 degentem
1153 2565 1349 2622 saeculo
1377 2565 1647 2632 viderant,

85 2661 444 2722 uperessent;
491 2671 720 2726 quorum
753 2656 1055 2712 indubitata
1084 2656 1299 2722 relatio,
1343 2656 1650 2712 sanctitatis

79 2741 179 2811 jus
204 2744 476 2816 magnalia
500 2761 635 2817 pura
666 2747 865 2813 adhuc,
897 2755 954 2802 et
986 2747 1216 2802 necdum
1252 2747 1536 2800 varietatis
1565 2745 1652 2800 la-

79 2847 184 2886 rem
209 2848 468 2905 perpessa
487 2875 503 2902 ,
535 2834 764 2891 ferebat.
797 2834 910 2892 Nec
948 2851 1078 2891 vero
1103 2835 1390 2892 abnuerim
1415 2850 1511 2890 sex
1533 2835 1652 2890 illo-

1749 537 2048 608 impudicos
2072 537 2340 602 invectus,
2371 535 2535 592 refert
2565 551 2658 592 eos
2705 536 3034 591 conscientia
3070 521 3324 608 frequen.

1746 631 1844 685 tati
1875 628 2098 684 sceleris
2121 628 2344 700 perinde
2374 628 2691 700 pallescere,

1931 719 1996 772 Ut
2015 718 2394 784 Lugdunensem
2419 721 2587 771 rhetor
2603 720 2824 772 dicturus
2846 719 2906 769 ad
2931 733 3064 771 aram
3089 735 3136 772 α.

1745 813 1824 870 Ita
1853 813 2044 881 claret,
2096 814 2239 869 hanc
2279 814 2612 885 sapientibus
2653 822 2710 869 et
2756 813 2966 885 palmas
2995 823 3052 871 et
3106 814 3325 871 nomina

1745 907 1872 962 olim
1901 907 2069 964 fuisse
2089 908 2364 980 largitam.

1817 1000 1870 1054 5.
1929 1000 2057 1057 Haec
2107 1000 2260 1056 brevi
2325 1002 2766 1071 perstrinximus,
2819 1010 2879 1058 ut
2933 1002 3205 1068 advertas,
3259 1001 3326 1059 ad

1744 1094 1892 1151 beati
1928 1093 2185 1151 Germani
2233 1096 2573 1151 retractanda
2623 1094 2889 1150 miracula
2926 1111 2957 1150 e
2995 1082 3148 1150 tanta
3193 1093 3327 1150 urbe

1746 1203 1854 1244 non
1884 1187 2192 1258 imperitum
2238 1204 2533 1260 quemque,
2580 1203 2765 1244 verum
2805 1189 3326 1261 eloquentissimum,

1747 1280 1980 1336 ascitum
2005 1280 2094 1335 sui
2116 1280 2384 1335 industria
2416 1279 2710 1351 pontiﬁcis,
2736 1281 3047 1337 accessisse.
3082 1280 3182 1349 Qui
3202 1281 3326 1347 etsi,

1747 1382 1807 1428 ut
1833 1371 2060 1442 subjecti
2086 1372 2268 1442 operis
2297 1382 2527 1430 testatur
2561 1373 2871 1444 praesentia,
2915 1372 3172 1428 facundia
3202 1387 3329 1428 con-

1746 1464 1986 1536 spicuus,
2028 1463 2256 1521 modicis
2281 1474 2337 1519 et
2379 1463 2965 1520 absolutissententiis
3005 1462 3328 1527 aﬁ‘erendus,

1748 1557 2035 1614 brevitatis
2077 1558 2506 1625 amantissimus,
2561 1557 2765 1615 fastidii
2809 1558 3041 1629 denique
3095 1556 3332 1612 evitandi

1745 1650 1870 1721 plus
1894 1665 2050 1720 aequo
2080 1651 2356 1707 studiosus
2397 1648 2638 1723 exstititf;
2683 1651 3120 1722 praesumptionis
3150 1657 3331 1704 tamen

1749 1759 1808 1799 se
1827 1758 1983 1798 reum
2015 1757 2335 1814 coarguens,
2365 1760 2472 1799 non
2500 1743 2704 1814 absque
2734 1743 2956 1814 pudoris
2989 1740 3331 1797 cunctamine

1673 1826 1722 1888 B
1753 1843 1914 1890 tantae
1943 1849 2002 1889 se
2029 1832 2356 1889 difﬁcultatis
2391 1847 2584 1905 operas
2625 1833 2977 1902 insumpsisse
3012 1830 3233 1896 fatetur,
3267 1844 3333 1885 ex

1746 1943 1858 1983 suae
1907 1928 2127 1984 omnino
2175 1927 2496 1983 humilitatis
2546 1925 2761 1997 abjectu
2804 1923 3207 1994 justiﬁcandus,
3257 1930 3332 1988 et,

1744 2027 2108 2090 praeterquam
2151 2019 2294 2090 quod
2335 2019 2513 2075 sciens
2550 2018 2702 2088 plura
2727 2017 3010 2086 praeteriit,
3040 2013 3336 2069 multifaria

1748 2111 1907 2170 laude
1942 2115 2309 2185 dignissimus.
2351 2113 2499 2184 Opus
2537 2128 2668 2169 sane
2712 2112 3037 2175 confectum,
3084 2124 3338 2180 operosa-

1747 2221 1852 2276 que
1877 2207 2018 2276 apud
2049 2221 2108 2262 se
2153 2206 2244 2260 diu
2277 2221 2534 2276 repexum
2579 2203 2882 2275 diligentia,
2927 2202 3152 2257 obtentu
3199 2217 3336 2272 prae-

1749 2301 2011 2357 nominati
2037 2300 2212 2355 sancti
2238 2298 2494 2354 Censurii
2513 2297 2968 2352 Autissiodorensi
2991 2295 3336 2367 postmodum

1749 2391 2220 2455 direxitecclesire,
2247 2391 2362 2462 ipso
2383 2398 2606 2445 auctore
2634 2389 2844 2460 longius
2866 2389 3334 2459 promulgaudum.

1750 2483 1858 2540 Ubi
1885 2485 2142 2555 quoniam
2176 2482 2425 2549 veritate,
2471 2482 2559 2536 cui
2587 2481 2812 2536 minime
2848 2481 2988 2551 grati
3032 2481 3338 2548 existimus,

1753 2583 1984 2632 testatur
2015 2574 2186 2629 Deum
2229 2573 2507 2629 conscium
2563 2579 2918 2636 secretorum,
2964 2586 3022 2627 se
3070 2569 3225 2642 plura
3275 2570 3340 2626 de

1753 2668 1939 2726 domni
1965 2667 2224 2724 Germani
2254 2666 2413 2722 factis
2441 2666 2627 2737 agnita
2670 2672 2718 2719 et
2748 2664 2973 2735 probata
2997 2665 3230 2720 tacuisse
3251 2662 3339 2736 (ex

1754 2776 1863 2831 quo
1893 2775 2046 2815 reum
2074 2773 2134 2814 se
2163 2773 2378 2828 quoque
2426 2757 2732 2820 denuntiat,
2767 2754 3170 2826 supprimendo,
3199 2753 3338 2824 quod

1717 2905 1722 2908 .
1755 2852 2076 2906 mirabiliter
2099 2851 2164 2905 ad
2195 2849 2499 2920 profectum
2526 2850 2768 2904 omnium
2796 2848 2976 2903 divina
3004 2847 3180 2925 virtus
3207 2861 3339 2917 cpe-

80 2938 186 2976 um
212 2922 552 2992 pontiﬁcum,
577 2927 669 2997 qui
689 2934 876 2982 sancto
901 2926 1020 2982 viro
1043 2924 1261 2980 inltalia
1289 2924 1650 2980 commoranti

1755 2950 1875 2998 rata
1905 2943 2048 3013 est);
2079 2944 2169 2997 diu
2199 2951 2302 3007 est,
2331 2942 2474 3013 quod
2520 2941 2765 3010 religioni
2805 2922 3152 3004 concinnum,
3183 2939 3342 2994 saluti

79 3015 260 3086 υείιθτ
287 3017 626 3084 assederunt.
665 3018 874 3088 aliquos
909 3027 1038 3073 ιυηο
1055 3032 1270 3088 quoque
1297 3017 1461 3072 rebus
1494 3018 1655 3072 ίηιθτ⁶
1757 3033 2115 3097 conducibile,
2159 3031 2503 3087 mdiﬁcationi
2551 3039 2700 3086 certe
2739 3029 3041 3100 proﬁcuum
3085 3028 3343 3094 existere,

79 3107 234 3162 uisse
262 3108 544 3176 humanis;
568 3109 662 3180 qui
685 3109 840 3180 juxta
869 3107 1028 3164 ﬁdem
1046 3108 1286 3179 ejusdem
1303 3107 1650 3176 historiogra-

1759 3126 1942 3180 animo
1969 3123 2156 3179 induxi
2200 3137 2354 3188 meo;
2395 3121 2443 3176 si
2491 3122 2685 3176 horum
2735 3119 2939 3190 aliqua,
2979 3134 3100 3190 quae
3145 3118 3344 3174 omissa

79 3201 180 3267 ιΙιὶ,
207 3210 374 3257 testes
396 3215 621 3273 operum
649 3201 793 3256 illius
808 3201 993 3256 multis
1011 3202 1271 3256 exstitere
1295 3200 1650 3269 temporibus.

1761 3223 1908 3280 sunt,
1935 3228 2121 3283 quaeve
2149 3213 2342 3267 notitia
2369 3211 2630 3280 consequi
2665 3209 2859 3280 potuit,
2895 3209 2963 3263 ab
2993 3207 3171 3278 aliquo
3199 3206 3342 3279 peri-

130 3291 192 3347 4.
233 3292 310 3348 Ea
364 3301 685 3365 tempestate
728 3292 1167 3366 Lugdunensium
1219 3291 1434 3360 civitas,
1482 3291 1650 3362 prirua

1765 3308 1963 3362 tiorum
1997 3304 2196 3360 litteris
2220 3302 2443 3374 allegari
2473 3301 2810 3372 contigisset.

80 3401 123 3442 te
163 3387 442 3459 praecipua
473 3386 792 3455 Galliarum,
834 3387 1174 3458 professione
1219 3401 1435 3457 quoque
1476 3387 1650 3442 scien-

1834 3400 1886 3455 6.
1925 3398 2080 3467 Quod
2104 3397 2230 3469 quia
2255 3393 2565 3451 ineffectum
2589 3394 2855 3449 hactenus
2881 3403 2983 3460 est,
3030 3400 3350 3462 constatque

79 3481 180 3546 im,
211 3479 521 3551 artiumque
542 3480 824 3552 disciplina
851 3481 992 3536 inter
1033 3495 1224 3535 omnes
1267 3479 1536 3535 extulerat
1561 3494 1650 3534 ca-

1763 3493 2088 3558 certissime,
2138 3490 2277 3555 haec,
2317 3495 2379 3543 ut
2407 3502 2514 3543 nou
2545 3485 2766 3557 impune
2796 3484 3084 3555 prazteriri,
3137 3485 3210 3539 ita
3241 3500 3351 3539 non

79 3580 161 3626 iul
191 3585 206 3625 :
237 3570 445 3628 offensa
467 3587 699 3643 namque
727 3571 1011 3644 sapientia,
1042 3587 1162 3644 qua:
1183 3580 1403 3643 propter
1425 3572 1650 3642 seipsam

1764 3585 2098 3640 infructuose
2142 3581 2370 3652 attingi;
2411 3592 2722 3650 quanquam
2754 3576 2922 3642 nulla,
2962 3574 3069 3632 nisi
3095 3589 3194 3646 per
3222 3574 3352 3629 divi-

83 3673 289 3721 amum
320 3666 622 3736 appetenda
646 3674 752 3732 εει,
784 3665 1139 3736 quorumdam
1184 3665 1346 3721 lucris
1389 3665 1658 3735 ῑυιῬίδυεν
1763 3694 1892 3736 num
1942 3677 2293 3750 adjutorium,
2329 3665 2504 3742 hujus
2569 3671 2942 3742 possibilitatis
2992 3667 3348 3732 conscientia,

79 3755 371 3812 nultorum
432 3755 830 3827 indisciplinata
899 3756 1033 3822 vita,
1091 3757 1331 3811 omnium
1385 3763 1650 3826 postremo

1763 3766 1872 3827 non
1894 3770 2027 3826 mihi
2051 3767 2270 3841 quidem
2312 3766 2528 3836 meique
2555 3763 2843 3828 similibus,
2890 3761 3098 3818 scilicet
3129 3758 3349 3829 imperi-

79 3847 254 3920 epide
279 3862 339 3903 se
366 3849 736 3929 appetentium
769 3848 1059 3904 inhonesta
1112 3848 1337 3916 desidia,
1368 3856 1650 3920 praecepto-

1763 3863 1857 3930 tis,
1891 3859 2290 3927 attentandum,
2325 3873 2521 3914 verum
2545 3855 2848 3913 devotionis
2885 3855 2940 3910 in
2981 3853 3172 3917 Deum,
3219 3849 3350 3906 aﬁ‘e-

79 3953 196 3994 -um
227 3938 416 4010 inopia
463 3939 856 4006 intercedente,
901 3940 1255 4012 priorumque
1299 3940 1496 3996 studiis
1524 3957 1650 4013 pene

1766 3955 2074 4025 ctionisque
2103 3953 2158 4008 in
2200 3958 2450 4008 sanctum
2496 3948 2715 4020 plenum
2743 3962 2879 4018 opus
2927 3943 3239 4018 aggredior;
3288 3955 3354 3996 co

79 4029 354 4100 :ollapsis,
385 4029 548 4102 hujus
597 4037 799 4086 nostrae
837 4029 1131 4085 exitialiter
1157 4045 1348 4102 perosa
1400 4033 1650 4104 regionis1

1766 4046 1940 4118 magis
1967 4045 2023 4100 in
2052 4057 2204 4115 spem
2231 4042 2446 4107 ductus,
2475 4039 2621 4110 quod
2667 4039 2735 4105 is,
2781 4036 2872 4108 qui
2906 4035 3070 4090 totius
3095 4039 3354 4088 creaturae

80 4121 327 4192 sugduni
501 4120 813 4193 aliquandiu
845 4120 1114 4178 familiare
1142 4123 1530 4180 consistorium
1554 4124 1667 4180 εοΙ-
1768 4133 2155 4193 universaliwr
2192 4131 2446 4187 laudatur
2486 4127 2685 4194 ofﬁcio,
2726 4127 2772 4182 εί
2812 4125 3060 4182 homines
3099 4139 3196 4180 sua
3224 4138 3358 4194 pne-

81 4209 303 4269 υοεὶνίῑο
334 4213 434 4281 lbi,
465 4228 604 4285 quas
645 4214 849 4282 dicunt:
901 4215 1312 4287 diSCiP'inal‘um
1358 4215 1667 4274 liberalium
1769 4230 1926 4288 conia
1994 4220 2671 4298 suppresserint,=lapides
2743 4218 2940 4274 asserit
3004 4217 3356 4272 clamaturos.

80 4306 303 4372 )Cl‘ilia,
342 4321 589 4377 quasque
611 4307 804 4363 ordine
829 4322 1048 4365 currere
1074 4309 1179 4366 hoc
1210 4318 1452 4382 tempore
1485 4311 1669 4369 fabula
1772 4319 2024 4392 Suscepti
2063 4317 2268 4390 negotii
2319 4330 2443 4374 eam
2488 4313 2737 4371 ducimus
2785 4309 3192 4382 dispositionem
3231 4323 3358 4364 con-

80 4405 296 4452 antum
341 4406 444 4464 est,
500 4413 565 4455 eo
615 4413 788 4470 usque
833 4401 1143 4470 convaluit,
1179 4411 1242 4459 ut
1291 4413 1556 4476 quantum
1601 4408 1670 4463 ad
1773 4427 1920 4476 stare
1969 4415 2322 4480 rarissimam,
2376 4413 2424 4469 si
2475 4426 2687 4478 eorum,
2717 4423 2842 4481 quae
2887 4415 3015 4462 ante
3067 4404 3359 4477 gloriosum

79 4491 318 4559 .cholas,
375 4492 651 4564 publicum
698 4494 1066 4566 appellaretur
1132 4497 1475 4554 citramarini
1521 4498 1671 4556 orbis

1777 4509 1898 4581 ejus
1925 4507 2217 4566 transitum
2245 4519 2348 4576 per
2383 4519 2505 4560 eum
2543 4509 2784 4574 patrata,
2828 4496 3092 4554 relatione
3121 4493 3254 4548 satis
3281 4507 3363 4546 as-

79 4585 446 4657 ;ymnasium.
474 4587 566 4666 ‘Et,
593 4597 654 4644 ut
673 4589 875 4660 ahquid
901 4591 1130 4648 rationis
1153 4590 1348 4649 afferre
1369 4592 1577 4661 videar,
1607 4608 1674 4650 eo
1699 4574 1754 4636 D
1779 4574 1924 4659 signa
1967 4574 2265 4666 feruntur;
2285 4596 2466 4666 aliqua
2499 4594 2893 4666 praemittentes
2917 4628 2934 4654 ,
2987 4587 3054 4642 ad
3106 4583 3197 4640 illa
3243 4597 3364 4654 qua

83 4680 124 4735 ιι
169 4664 504 4749 argumento
551 4682 872 4756 colligimus,
915 4686 1059 4756 quod
1087 4689 1318 4760 quisque
1359 4687 1478 4762 [pro
1517 4689 1672 4760 quis-

81 4771 228 4844 juis]
272 4773 474 4828 artium
520 4774 946 4845 proﬁtendarum
978 4776 1283 4836 afﬁceretur
1331 4780 1529 4846 studio,
1563 4796 1671 4838 non

80 4872 206 4917 Illle
227 4862 492 4935 professis
519 4866 740 4923 inscribi
772 4869 1102 4938 merebatur,
1148 4887 1313 4943 quam
1359 4873 1465 4928 huc
1491 4873 1676 4943 explo-

83 4965 200 5011 -ata
236 4957 518 5028 diligentia
545 4961 888 5018 examinatus
933 4964 1125 5020 abiret.
1157 4963 1257 5022 Cui
1282 4963 1362 5020 rei
1391 4963 1674 5036 Satyricus

80 5062 302 5119 luoque
332 5051 684 5121 astipulatur;
733 5054 848 5126 qui,
893 5065 952 5112 ut
981 5057 1214 5129 exempli
1238 5057 1674 5130 circumstantia

1775 4703 1902 4769 post
1931 4693 1999 4749 ad
2049 4707 2262 4747 sacram
2310 4689 2428 4761 ejus
2472 4686 2794 4743 memoriam
2841 4679 2957 4735 ﬁeri
3001 4677 3260 4740 vidimus,
3310 4681 3370 4728 et

1779 4786 1925 4844 facta
1974 4783 2283 4850 didicimus,
2343 4780 2533 4837 ordine
2584 4778 2971 4851 provehamur.
3024 4768 3250 4831 Verum,
3300 4779 3372 4820 ne

1781 4876 2065 4932 succincte
2103 4872 2258 4946 operi
2302 4880 2624 4934 succenseat
2671 4862 2960 4940 praefatum
2997 4854 3265 4946 prolixius
3290 4851 3368 4924 (id

1758 4976 1878 5035 "est,
1919 4944 2171 5039 praefatio
2216 4960 2524 5036 prolixior),
2572 4963 2852 5018 animante
2879 4949 3128 5015 Domino,
3158 4944 3225 5000 ad
3252 4956 3382 5014 pro-

1782 5059 2022 5129 positum
2064 5056 2409 5114 accedamus.
