3876 5416
525 293 662 357 1211

1514 290 1743 352 IIERICI
1782 289 2088 363 MONACHJ
2126 285 2789 346 ANTISSIODOBENSIS

3621 298 3716 359 tan
3800 266 3801 307 ί

2541 461 3705 498 a—u———-——-—————————-—__-

1782 593 2081 674 LIBER
2138 584 2558 678 PRIMUS.

2019 762 2292 787 _

516 954 521 961 ,
1023 885 1251 946 CAPUT
1309 882 1603 944 PRIMUM.
1862 940 1873 947 ,

530 985 598 1048 S.
659 984 909 1044 Germani
960 983 1451 1057 colioquiumhcum
1520 975 2108 1057 discipulqdefttncto,

632 1058 829 1115 mortui
862 1046 1192 1113 ususcitdtio
1210 1095 1225 1123 ,
1253 1051 1463 1126 aliaque
1486 1046 1701 1109 viventis
1726 1046 2005 1105 miracula.

603 1168 659 1225 'l.
686 1168 883 1226 Itinera
921 1167 1099 1225 sancti
1139 1165 1244 1223 viri
1272 1164 1582 1225 caelestibus
1615 1178 1829 1235 semper
1854 1161 2114 1221 claruisse

524 1262 829 1332 miraculis,
865 1268 921 1325 et
964 1271 1241 1336 gestorum
1290 1260 1608 1330 auctoritas,
1640 1268 1693 1318 et
1724 1275 1931 1327 eorum,
1974 1275 2112 1333 quos

524 1356 857 1430 peragravit,
886 1352 1127 1415 fatentur
1153 1354 1437 1417 notissima
1458 1363 1810 1412 monumenta
1836 1352 2112 1417 locorum:

520 1460 701 1520 neque
747 1448 895 1505 enim
936 1447 1223 1506 mundanis
1265 1446 1508 1515 tenebris
1553 1447 1833 1507 lucernam
1872 1446 1960 1505 fas
1999 1455 2119 1507 erat

520 1540 728 1597 Δοιηιιιιή
762 1541 1054 1610 sideream,
1097 1556 1261 1614 quam
1303 1538 1370 1598 ad
1415 1555 1666 1599 errorum
1710 1540 2108 1601 discutiendam

526 1631 816 1703 caliginem
845 1632 1090 1689 suaviter
1120 1638 1317 1689 cuncta
1346 1632 1642 1705 disponens
1679 1629 1823 1689 Deus
1863 1630 2118 1691 candela-

525 1722 626 1779 bro
657 1723 934 1781 locaverat
960 1724 1018 1781 in
1057 1723 1295 1781 sublimi.
1329 1723 1401 1781 Ut
1446 1739 1577 1798 ergo
1618 1722 2004 1781 ecclesiasticis
2047 1737 2115 1778 ex

528 1805 711 1873 animo
758 1816 1083 1873 utilitatibus
1112 1816 1393 1890 proprium
1430 1816 1719 1885 devoverat
1767 1822 1947 1887 caput,
1979 1813 2115 1871 certi

528 1907 741 1965 ratione
762 1908 963 1981 negotii
992 1908 1241 1979 contigit,
1263 1924 1387 1965 eum
1414 1923 1539 1965 cum
1566 1907 1793 1966 delectis
1822 1907 2116 1968 comitibus

527 2000 634 2059 iter
656 2000 1025 2059 necessarium
1077 2002 1317 2075 aggredi.
1380 1998 1612 2074 Jamque
1663 2015 1730 2058 eo
1776 2002 2114 2074 aliquantum

526 2110 839 2169 progresso,
887 2109 1029 2151 unus
1082 2093 1472 2167 discipulorum
1528 2093 1667 2167 ejus,
1726 2095 1821 2168 qui
1864 2103 2114 2151 sanctum

527 2186 795 2253 virumfde
826 2184 1089 2242 Hibernia
1124 2183 1300 2241 fuerat
1346 2193 1671 2256 prosecutus
1696 2197 1757 2254 α,
1794 2185 1880 2242 cui
1906 2182 2112 2242 Micho-

2137 858 2199 938 Α,

2215 871 2481 930 Lazarum
2518 873 2705 933 clauso
2733 874 2851 946 iam
2892 875 3106 937 vocavit
3132 892 3167 935 e
3214 878 3442 937 tumulo.
3487 880 3713 943 licentiu-

2218 967 2400 1026 culum
2426 978 2480 1026 et
2517 978 2645 1028 tunc
2676 970 2784 1027 late
2817 972 3015 1044 patuit,
3064 984 3121 1029 et
3165 972 3351 1030 adhuc
3394 974 3713 1036 celeberrimus

2219 1060 2452 1119 volvitur
2488 1078 2587 1134 per
2611 1077 2708 1119 ora
2739 1071 3060 1121 cunctorum
3085 1082 3102 1121 :
3143 1080 3275 1121 nam
3324 1075 3380 1122 et
3403 1066 3548 1125 beato
3579 1067 3710 1127 lict»

2217 1155 2356 1211 meri
2393 1154 2515 1228 ipso
2557 1155 2611 1213 in
2641 1155 2761 1214 loco
2803 1156 3060 1230 deinceps
3093 1157 3399 1215 oratorium
3434 1169 3510 1215 est
3539 1171 3711 1220 mnstra-

2218 1256 2389 1315 ctum,
2421 1248 2510 1303 ubi
2536 1256 2783 1306 sanctum
2831 1247 2928 1307 Dei
2976 1249 3139 1324 digne
3190 1250 3559 1308 venerantibus
3588 1252 3707 1309 divina

2218 1336 2485 1410 hodieque
2506 1338 2769 1397 beneﬁcia
2796 1340 3164 1399 cumulantur.

2288 1432 2343 1491 9.
2381 1433 2514 1489 illud
2561 1450 2692 1493 sane
2715 1478 2731 1504 ,
2786 1435 2932 1508 quod
2967 1437 3108 1509 apud
3155 1438 3355 1495 urbem
3400 1439 3703 1510 Aquilisinan,

2210 1526 2351 1605 ’sive,
2382 1537 2442 1583 ut
2476 1543 2609 1586 usus
2639 1528 2972 1600 frequentior
3005 1529 3344 1602 Egolismam
3378 1529 3406 1570 (ι
3433 1535 3706 1604 cognomimt,

2214 1630 2593 1695 perpetratum
2626 1618 2830 1689 ferunt,
2862 1637 2927 1679 eo
2960 1621 3243 1679 robustius
3270 1623 3520 1690 creditur,
3543 1626 3707 1695 quocirs

2218 1713 2419 1771 indicia
2453 1714 2624 1771 oculis
2654 1713 2897 1784 subjecta
2921 1722 3325 1773 monstrantur.
3357 1712 3471 1783 Quo
3492 1717 3705 1773 canitis:-

2218 1808 2295 1865 ris
2321 1814 2466 1865 esset
2514 1806 2922 1865 continuatione
2947 1807 3179 1875 delatus,
3220 1807 3406 1881 digna,
3446 1817 3705 1879 etquesrne
3800 1806 3801 1881 ξ

2217 1902 2398 1960 virum
2442 1900 2667 1960 decebat
2721 1901 3095 1974 apostolicum,
3120 1902 3450 1974 exceptione
3490 1902 3705 1969 honoratas,

2219 2005 2279 2054 ut
2305 2012 2502 2055 novum
2539 1995 2784 2053 ecclesiae
2811 1994 3040 2053 senioris
3067 1994 3247 2052 altare
3294 1994 3480 2051 honori
3524 1996 3705 2065 apostolo-

2219 2107 2341 2150 rum
2370 2090 2633 2164 principis
2654 2104 2980 2147 consecrans
3013 2089 3320 2157 dedicaret,
3351 2090 3533 2147 obnixe
3553 2090 3702 2162 pristh

2224 2194 2313 2245 tus
2341 2194 2455 2254 est;
2502 2185 2818 2255 rogantibus
2841 2184 3127 2242 charitatis
3156 2183 3343 2242 cilicio
3379 2199 3559 2241 morem
3592 2184 3701 2256 gms

526 2280 666 2337 meri
699 2250 1023 2337 vocabulum
1054 2276 1178 2346 fuit,
1209 2278 1278 2335 ad
1315 2248 1457 2336 hanc
1483 2279 1657 2352 ipsam
1682 2248 1925 2337 delectus
1951 2293 2117 2351 expe-
2146 2248 2197 2312 Β
2226 2248 2472 2353 Cumque
2498 2280 2551 2337 id
2569 2248 2801 2337 solemni
2838 2278 2944 2336 ritu
2975 2287 3291 2352 perageret,
3332 2248 3705 2349 innocentiam

527 2371 808 2439 ditionem,
835 2370 977 2443 quod
1001 2385 1123 2427 cum
1148 2371 1265 2443 ipso
1298 2371 1449 2430 exire
1472 2372 1808 2445 nequiverat,
1854 2382 1978 2447 post
2006 2389 2120 2431 ma-

528 2464 682 2540 gistri
709 2464 933 2538 vestigia
963 2462 1238 2538 profectus
1283 2456 1397 2534 est;
1438 2465 1532 2539 qui
1580 2480 1702 2522 cum
1744 2465 1812 2522 ad
1851 2475 2117 2536 castrum,

529 2559 615 2615 sui
641 2556 980 2615 Thamodori
1012 2557 1041 2598 ι)
1072 2573 1272 2614 nomen
1298 2565 1404 2627 est,
1448 2558 1720 2632 distatque
1745 2558 1813 2616 ab
1843 2561 1976 2617 urbe
2018 2559 2115 2633 (ac.

527 2640 1008 2723 Antissiodorensi)
1039 2649 1153 2706 rere
1182 2649 1368 2707 decem
1395 2657 1451 2707 et
1471 2658 1595 2708 octo
1624 2649 1885 2717 millibus,
1919 2665 2117 2722 perve-

529 2740 723 2811 nisset,
750 2740 1008 2817 languore
1035 2739 1389 2813 interceptus,
1421 2740 1621 2799 ibidem
1662 2740 1949 2810 decubuit;
1984 2730 2152 2816 pau-'

534 2831 720 2906 eisque
768 2831 1071 2904 interiectis
1107 2834 1298 2892 diebus
1338 2833 1449 2890 vita
1483 2832 1790 2903 defunctus,
1849 2843 2012 2906 atque
2062 2836 2119 2893 in

532 2925 672 2984 clivo
711 2925 951 3000 ejusdem
982 2928 1131 3001 rupis
1160 2942 1190 2983 a
1216 2926 1466 2987 ﬁdelibus
1509 2927 1799 3002 sepulturae
1829 2929 2119 2990 mandatus

531 3027 637 3077 est.

603 3112 658 3169 8.
726 3112 967 3187 Contigit
1027 3108 1405 3172 beatissimum
1459 3113 1793 3177 Germanum
1836 3124 1960 3189 post
2004 3117 2121 3176 dies

533 3201 758 3275 aliquot,
804 3218 1054 3263 remenso
1080 3204 1297 3276 itinere,
1326 3204 1399 3283 ad
1434 3206 1686 3266 eumdem
1716 3194 2003 3267 devenisse
2044 3208 2120 3267 lo-

533 3312 657 3355 cum
703 3298 889 3384 (credo
932 3315 1217 3359 excessum
1271 3300 1541 3377 discipuli,
1583 3311 1951 3375 pracmonento
1994 3318 2119 3361 eum

535 3387 760 3461 Spiritu,
801 3390 1090 3461 didicisse:
1115 3393 1135 3465 )
1160 3393 1532 3467 accedensque
1557 3394 1627 3451 ad
1653 3394 1851 3462 locum,
1875 3410 1983 3467 quo
2004 3395 2113 3453 fue~

533 3491 620 3537 rat
650 3482 970 3550 tumulatus,
1007 3484 1252 3545 oratione
1289 3485 1593 3561 praemissa,
1617 3486 1784 3559 jussit
1810 3486 1997 3544 revelli
2040 3502 2123 3544 se-

536 3574 804 3648 pulcrum.
869 3572 1227 3639 Michomeres
1268 3590 1498 3638 vocatus
1552 3596 1620 3636 ex
1674 3580 1914 3649 nomine,
1967 3580 2119 3639 vitali
2145 3622 2196 3691 θ

536 3678 812 3742 resumpto
840 3686 962 3739 usu,
991 3672 1259 3735 resedisse
1280 3670 1494 3730 fertur:
1538 3689 1571 3729 a
1612 3687 1720 3746 quo
1745 3673 2121 3733 sanctissimus

537 3761 800 3833 pontifex,
839 3763 969 3837 quid
991 3773 1197 3837 ageret,
1223 3773 1318 3821 aut
1336 3765 1381 3822 si
1408 3765 1592 3838 quiete
1617 3763 1910 3834 frueretur,
1945 3766 2123 3823 curio-

538 3852 653 3909 sius
701 3862 1076 3929 percontatus,
1142 3855 1246 3915 hoc
1311 3856 1665 3921 confirmatur
1719 3860 1997 3933 accepisse
2041 3874 2122 3917 re-

538 3950 755 4020 sponsi;
802 3949 1043 4020 Gratias,
1085 3952 1284 4031 inquit,
1317 3952 1483 4013 Pater
1524 3955 1890 4024 sanctissime,
1932 3955 2123 4028 praei-

536 4044 662 4115 puis
684 4044 896 4102 meritis
926 4045 1033 4103 tuis
1060 4055 1117 4102 et
1140 4060 1245 4117 ago
1270 4054 1327 4104 et
1366 4047 1560 4117 habeo,
1604 4049 1862 4121 quoniam
1898 4049 2121 4109 obtentu

536 4136 889 4197 beatitudinis
912 4148 1037 4207 tuae,
1062 4138 1195 4196 nihil
1214 4140 1527 4210 molestum,
1551 4144 1708 4201 triste
1733 4144 1869 4202 nihil
1891 4143 2122 4217 pertuli;

537 4238 732 4293 cuncta
775 4230 910 4288 mihi
964 4230 1199 4303 placida,
1253 4233 1496 4295 salubria
1544 4244 1801 4295 constant
1846 4236 2121 4301 uuin

544 4319 643 4380 Cui
669 4323 951 4395 pontifex:
985 4324 1101 4393 Vis,
1131 4326 1228 4395 ait,
1256 4343 1471 4388 mecum
1490 4327 1668 4387 adhuc
1696 4330 1752 4387 in
1781 4329 2125 4403 praedicatio-

537 4418 623 4473 nis
649 4414 823 4475 ofﬁcio
871 4418 1169 4487 desudare,
1224 4434 1317 4488 an,
1372 4428 1432 4477 ut
1488 4435 1757 4494 cameras,
1799 4422 2124 4494 quiescam?

539 4506 677 4569 Tum
700 4509 791 4566 ille
810 4525 826 4564 :
848 4511 1171 4579 Dummodo,
1207 4508 1402 4584 inquit,
1434 4521 1541 4570 tum
1566 4529 1674 4571 non
1703 4528 1871 4586 grave
1890 4514 1963 4571 sit
1989 4529 2119 4572 san-

535 4601 732 4670 ctitati,
760 4603 1099 4674 peregrinari
1128 4620 1161 4662 a
1210 4603 1431 4664 Christo
1468 4604 1698 4664 ulterius
1745 4621 1971 4664 necesse
2012 4622 2123 4665 non

538 4692 737 4761 habeo,
768 4696 877 4764 cui,
906 4703 969 4752 ut
1007 4696 1172 4768 ccepi,
1213 4697 1495 4755 adhaerere
1522 4699 1791 4770 optimum
1830 4699 1968 4755 mihi
1993 4710 2122 4768 est;

539 4802 774 4860 oroque,
816 4790 963 4848 unde
1001 4790 1165 4850 modo
1198 4800 1457 4851 avocatus
1485 4808 1625 4860 sum,
1658 4794 1767 4851 tuis
1790 4808 1954 4864 quam
1975 4794 2124 4852 citis-

536 4879 672 4935 sime
701 4880 957 4949 precibus
1005 4884 1271 4940 revocari.
1312 4868 1436 4951 Quo
1475 4884 1732 4956 praedicto
1783 4896 1807 4925 ο
1852 4894 2125 4945 annuente

2219 2382 2417 2447 .tasque
2444 2383 2757 2432 sanctarum
2781 2373 2921 2445 ejur
2940 2386 3203 2429 manuum
3254 2372 3460 2431 cteletti
3484 2386 3585 2428 mor
3604 2370 3704 2425 nin-

2220 2468 2347 2543 culo
2375 2467 2704 2526 declaratur.
2729 2466 3050 2540 Ubicunque
3077 2467 3232 2524 enim
3252 2507 3271 2535 ,
3299 2477 3356 2524 et
3383 2468 3569 2539 quoties
3586 2463 3705 2536 peral-

2222 2562 2360 2620 taris
2385 2576 2588 2621 cornua
2621 2559 2989 2633 mediumque,
3019 2561 3203 2618 crucis
3231 2559 3461 2631 eﬁgiem
3482 2555 3702 2615 sanctitati

2221 2655 2476 2728 unguinis
2526 2655 2737 2725 liquore
2770 2654 3039 2726 signavit;
3080 2654 3155 2709 ita
3185 2668 3430 2709 marmor
3456 2649 3704 2723 impressae

2220 2748 2434 2821 pollicis
2458 2747 2811 2820 liquefactum
2839 2746 3195 2819 subterfuglt,
3225 2755 3291 2803 ut
3320 2747 3389 2803 ad
3412 2740 3703 2815 impulsura-

2220 2841 2320 2914 giti
2359 2841 2572 2897 niveam
2599 2850 2820 2912 putares
2848 2841 3079 2899 cessisse
3104 2840 3415 2897 militiam.
3446 2837 3601 2895 Exstat
3621 2834 3702 2891 idea

2222 2948 2467 2991 marmor
2488 2934 2647 2990 altari
2679 2934 2947 3005 hodieque
2982 2934 3391 3007 superpositum
3413 2940 3465 2988 et
3493 2926 3703 3002 spectaculi

2221 3033 2279 3082 et
2305 3025 2664 3090 venerationi,
2692 3025 2837 3095 quod
2866 3025 3041 3079 sancti
3078 3024 3195 3081 Viri
3225 3022 3571 3082 benedictione
3593 3030 3702 3073 sacra-

2227 3125 2360 3183 tum,
2391 3115 2725 3187 singularem
2753 3113 2869 3184 ejus
2898 3121 3193 3170 attestatur
3213 3113 3440 3186 gratiam
3463 3111 3699 3166 meritone.
3800 3128 3801 3201 ξ

2297 3206 2382 3263 10.
2422 3205 2481 3262 ln
2508 3204 2768 3263 suburbio
2800 3203 3182 3260 Aurelianensi
3198 3202 3426 3259 ecclesia
3450 3209 3521 3257 est
3541 3198 3627 3270 ejus
3644 3210 3701 3250 ro-

2222 3298 2370 3355 mine
2417 3297 2686 3363 dedicata,
2736 3296 2946 3353 meritis
2988 3295 3334 3366 frequentius
3374 3293 3623 3354 illustrata;
3652 3286 3702 3340 al

2223 3390 2603 3450 construendae
2627 3391 2770 3447 hanc
2791 3388 2961 3445 fuisse
2983 3397 3300 3445 memorant
3316 3385 3586 3460 primariam
3600 3381 3703 3437 ratio-

2224 3501 2352 3551 nem
2379 3505 2393 3543 ι
2425 3501 2573 3554 cum,
2617 3485 2936 3557 compositis
2967 3483 3365 3541 ecclesiasticis
3400 3477 3601 3554 negotiis,
3632 3473 3703 3546 qvi-
3800 3473 3801 3519 1

2225 3579 2329 3651 bus
2359 3594 2520 3651 quam
2570 3579 2812 3636 maxime
2851 3579 3173 3651 urgebatur,
3206 3577 3459 3634 alacriter
3487 3573 3542 3630 ad
3565 3569 3702 3642 promi
3747 3600 3752 3608 -

2223 3687 2498 3740 retineatis,
2549 3671 2926 3728 Aurelianensi
2954 3670 3077 3726 urbi
3102 3670 3217 3743 jam
3234 3671 3508 3744 proximus
3526 3658 3703 3721 'immine-

2222 3773 2337 3821 ret:
2371 3764 2646 3837 extemplo
2670 3764 2827 3836 signa
2870 3763 3111 3820 basilicas
3150 3763 3406 3831 senioris,
3451 3760 3618 3819 nemine
3644 3755 3702 3808 in-
3800 3762 3801 3775 ‘

2223 3859 2476 3932 pellente,
2500 3874 2790 3928 concussa,
2806 3866 3073 3915 concentu
3093 3859 3350 3915 ultroneo
3370 3855 3516 3931 (quod
3533 3860 3599 3909 est
3612 3849 3700 3905 dict!
3800 3870 3801 3932 ί

2223 3951 2491 4023 mirabile)
2537 3951 2801 4008 adventus
2834 3949 2952 4021 ejus
2992 3961 3281 4023 creperum
3326 3962 3441 4006 esse
3473 3938 3694 4018 prenuntit

2224 4044 2377 4102 Tunc
2398 4042 2573 4100 eidem
2602 4044 2807 4100 civitati
2834 4052 3054 4101 sanctus
3080 4052 3204 4100 erat
3245 4043 3476 4099 Arrianus
3511 4051 3530 4079 ε
3561 4035 3695 4107 epist»
3800 4054 3801 4061 η

2222 4154 2348 4213 pus,
2372 4138 2456 4195 vir
2482 4140 2772 4195 sanctitate
2795 4147 2851 4195 et
2873 4139 3152 4196 miraculis
3169 4149 3226 4197 et
3246 4141 3362 4211 ipse
3389 4134 3617 4211 gloriosus.
3636 4124 3690 4198 τισί

2223 4233 2437 4293 interna
2460 4232 2684 4304 spiritus
2714 4232 2938 4289 edoctus
2980 4233 3333 4301 revelatione,
3369 4216 3691 4287 univorsisclt!ti
3800 4250 3801 4304 ί

2222 4323 2507 4396 plebisque
2539 4324 2897 4395 undecunque
2934 4325 3143 4382 coactis
3178 4324 3488 4397 agminibus,
3515 4325 3625 4376 extra
3640 4325 3696 4366 υτ·
3800 4362 3801 4365 η

2224 4416 2348 4475 hem
2376 4416 2691 4474 beatissimo
2732 4416 3006 4474 Germano
3056 4417 3273 4474 obviam
3312 4415 3504 4490 prodit,
3544 4404 3695 4477 excepit.
3800 4468 3801 4471 η

2192 4588 2199 4597 ί
2223 4521 2516 4569 veneratus
2548 4521 2651 4578 est,
2676 4518 2937 4584 tantoque
2967 4512 3271 4569 confectum
3298 4526 3363 4567 ex
3388 4510 3568 4571 itinere,
3590 4513 3695 4597 quat-

2226 4614 2280 4661 ta
2310 4604 2490 4662 decuit
2513 4604 2900 4677 obsequiorum
2928 4604 3227 4677 diligentia,
3254 4600 3460 4658 refovit.
3493 4597 3531 4654 0
3553 4586 3695 4686 quantis

2225 4696 2314 4755 illa
2347 4695 2465 4755 dies
2491 4704 2687 4754 exacta
2722 4695 2954 4753 lmtitiisl
2997 4696 3271 4764 Quantum
3302 4690 3515 4752 honoris,
3537 4687 3695 4741 them"
3800 4687 3801 4764 ἓ

2224 4799 2486 4861 quantum
2526 4791 2658 4848 urbs
2710 4789 2809 4847 illa
2830 4788 3057 4853 ferebat,
3095 4786 3305 4843 duabus
3332 4769 3694 4869 apostolicis‘fullt
3800 4769 3801 4823 ξ

2226 4882 2514 4949 columnis,
2562 4883 2721 4939 olivis
2775 4881 3003 4954 geminis
3052 4879 3401 4952 impinguata,
3456 4863 3695 4927 ωηάθιίιὺάε

545 4969 824 5072 pontifice,
855 4980 1019 5042 caput
1049 4973 1244 5072 iterum
1246 4975 1541 5072 deposuit,
1577 4978 1898 5048 cunctisque
1922 4978 2124 5035 miran-
2152 5009 2205 5072 Β
2230 4974 2679 5047 splendidissimis
2701 4975 2964 5032 illustrata
2983 4974 2997 5028 l
3017 4973 3095 5028 Eo
3122 4973 3303 5044 itaque
3322 4968 3440 5033 loci,
3458 4968 3691 5072 quosemf
3800 4998 3801 5017 ς

538 5060 703 5126 tibus,
749 5058 804 5113 in
829 5074 966 5129 pace
992 5062 1218 5131 quievit.
1246 5064 1504 5122 Fidenter
1546 5067 1797 5135 dixerim,
1843 5084 1968 5125 eum
1995 5078 2122 5127 tunc
2152 5054 2202 5072 ’ν
2232 5068 2338 5125 tuis
2383 5071 2694 5125 sacerdotes
2722 5068 3056 5140 amplexibus
3098 5065 3406 5122 solemniter
3440 5054 3690 5125 excepenm‘a
3800 5110 3801 5115 η

536 5149 818 5207 habitasse
856 5150 913 5206 in
942 5149 1234 5219 Germano,
1267 5154 1363 5225 qui
1397 5158 1672 5227 quondam
1699 5160 2120 5231 quatriduanum

609 5310 1699 5416 t.EﬁniﬁlifaeesmtéeaPretiae
1730 5339 1786 5378 η·
1818 5324 1905 5416 ’ίιίο
1943 5323 2123 5408 πείθεθ’·

541 5381 629 5416 na'n
656 5381 748 5416 hin
781 5381 979 5416 ιαηῖιιιιι
1010 5384 1063 5416 un
1086 5384 1334 5416 nn-n:l\uo
1361 5381 1470 5416 νηί·ιῖ-
1515 5401 1669 5416 una...

2228 5160 2458 5218 ecclesia
2482 5159 2826 5234 postmodum
2858 5157 2999 5215 beati
3023 5157 3280 5215 Germani
3311 5149 3505 5209 nomine
3525 5146 3691 5201 constru-

2228 5324 2275 5416 si
2303 5338 2491 5416 rerum
2527 5332 2630 5416 es}:
2655 5322 2784 5416 ινεςδ.
2812 5322 3037 5416 sane
3061 5335 3188 5416 929.
3199 5312 3584 5416 33991251232”
3600 5302 3693 5354 θείω
