3876 5416
13 267 123 324 £15

966 230 1057 317 iii!
1093 242 1469 317 MliiACULlS
1510 254 1569 312 s.
1608 240 2017 313 senum.—
2033 254 2162 313 un.
2198 256 2241 313 ι.

3137 255 3273 313 l9.”

13 399 79 449 a,
142 381 459 439 divinorum
508 378 752 453 impensa
796 377 1185 436 beneficiorum
1235 373 1588 434 memorabile
1614 366 1832 435 Ahlica
1878 372 2134 430 incedens
2156 372 2264 440 via,
2297 372 2599 445 periculum
2624 372 2929 446 conspexit,
2962 388 3181 429 manum
3222 373 3276 428 in

13 490 90 531 us
119 473 352 531 meritis
386 471 591 547 praebet
619 470 1011 527 testimonium.

28 567 146 623 11.
181 565 483 637 Postquam
513 563 699 636 itaque
738 562 1004 634 spirituali
1040 564 1306 620 suavitate
1337 562 1393 619 in
1423 559 1583 619 Chri-

13 675 45 716 o
94 659 329 731 pariter
354 656 579 729 epulati,
614 654 1025 726 jocundissimis
1064 670 1123 713 se
1148 655 1411 712 virtutum
1438 655 1587 727 dapi-

13 767 69 807 ts
103 750 337 807 alterne
375 749 763 820 expleverunt;
792 746 1125 805 Germanum
1159 744 1580 819 sanctissimum;

69 843 247 915 quod
270 842 513 898 restabat
557 840 772 897 itineris
794 847 1143 912 peracturum
1174 840 1258 897 vir
1284 844 1439 913 mque
1474 852 1585 897 me-

13 938 95 994 tis
127 937 398 1010 egregius
442 934 685 991 Anianus
712 935 768 991 in
798 935 1098 992 secundum
1121 932 1237 991 fere
1262 934 1332 991 ab
1358 934 1491 991 urbe
1517 934 1589 990 la-

13 1030 169 1086 dem
204 1041 483 1098 germanae
508 1026 896 1084 benevolentiae
926 1024 1118 1084 aﬂ'ectu
1141 1024 1461 1099 pruSecutus
1482 1034 1585 1083 est.

13 1122 204 1177 uibus
238 1122 345 1176 iter
397 1119 765 1191 carpentihus,
817 1133 945 1177 ecce
989 1118 1186 1176 mulier
1215 1119 1397 1187 vidua,
1442 1116 1588 1178 unici

13 1213 232 1268 idaver
261 1210 359 1267 lilii
396 1211 770 1279 tumulandurn
810 1210 1015 1281 ferens,
1048 1209 1277 1282 pedibus
1304 1210 1589 1283 provoluta

14 1314 334 1372 notorum,
373 1312 434 1359 ut
471 1304 556 1360 sui
588 1304 1005 1372 misererentur,
1046 1302 1238 1360 orabat
1266 1304 1586 1373 instantius;

13 1414 79 1453 m
150 1413 317 1465 casu,
367 1412 554 1453 verum
590 1395 944 1468 dispositione
998 1394 1208 1451 caelesti
1249 1408 1440 1452 eorum
1486 1394 1591 1451 sibi

13 1491 245 1548 blatam
278 1492 643 1561 praesentiam;
676 1493 1057 1548 incunctanter
1098 1506 1156 1547 se
1190 1489 1433 1556 credere,
1476 1488 1593 1543 ami

13 1600 196 1640 orum
227 1585 443 1653 meritis
468 1594 729 1642 maternae
756 1583 1108 1641 sollicitudini
1131 1596 1292 1656 posse
1316 1582 1485 1639 tilium
1506 1596 1594 1639 re-

13 1677 246 1732 trmari.
277 1676 381 1732 Diu
409 1678 551 1732 inter
594 1677 728 1733 duos
758 1676 1060 1733 dubitatum
1088 1685 1189 1743 est,
1223 1675 1379 1748 longe
1408 1673 1475 1731 de
1519 1689 1580 1732 re

1692 462 1921 520 sublime
1951 464 2165 532 extulit,
2197 466 2484 537 crueisque
2514 481 2773 539 expresso
2810 465 3112 538 signaculo,
3138 464 3277 536 jam-

1683 556 1907 630 jamque
1938 556 2187 632 vergenti
2232 573 2297 616 ac
2340 560 2573 634 pendulo
2620 560 2831 633 lapsum
2869 561 3069 635 parieti
3113 561 3279 617 inter-

1683 648 1847 706 dixit.
1883 646 2110 720 Object‘u
2145 652 2339 709 manus
2365 651 2720 713 sanctissimae
2752 654 2937 729 paries
2966 653 3186 721 restitit;
3216 669 3279 711 ac

1690 746 1947 817 tanquam
1979 744 2312 804 validissimo
2344 742 2604 821 exceptus
2632 746 2824 817 fulcro,
2863 749 2918 805 in
2944 748 3057 806 Suis
3085 750 3145 805 8e
3169 757 3279 805 sta-

1688 844 1777 895 tus
1801 838 2181 895 rectitudinem
2213 839 2438 914 recepit.
2460 838 2541 901 ita
2568 842 2725 898 unius
2749 840 2944 899 eﬂ'ectu
2970 840 3207 907 virtutis,
3226 846 3284 896 et

1689 932 1861 990 ruinae
1912 935 2200 1006 parietem,
2244 944 2301 991 et
2336 934 2582 993 homines
2631 934 2795 994 morti
2844 935 3117 993 subduxit.
3165 933 3284 1004 Quo

1689 1025 1905 1097 quidem
1948 1036 2186 1097 peracto,
2232 1029 2512 1102 magisque
2551 1014 2929 1085 excellentium
2980 1027 3286 1084 declaratus

1686 1112 1974 1188 praeconiis
2006 1118 2345 1186 meritorum,
2377 1120 2735 1192 pr0positum,
2768 1129 2827 1176 ut
2860 1125 3121 1192 eruperat,
3150 1135 3283 1175 con-

1690 1210 1924 1267 tinuavit
1959 1211 2080 1267 iter.
2110 1209 2241 1269 Post
2279 1222 2492 1286 tempus
2530 1212 2751 1287 aliquod
2782 1212 3038 1284 explicito
3068 1213 3285 1269 tandem

1690 1317 1853 1375 opere
1886 1303 2181 1377 templique
2217 1303 2425 1363 fabrica
2463 1314 2835 1365 consummata
2858 1346 2875 1373 ,
2908 1319 3033 1362 cum
3073 1304 3186 1377 jam
3220 1304 3288 1360 de

1691 1398 2100 1455 consecratione
2131 1408 2486 1468 tractaretur,
2527 1401 2709 1474 operis
2746 1400 2998 1458 dominus
3036 1384 3289 1475 prudenti

1691 1494 1870 1545 tactus
1904 1490 2175 1545 sententia
2201 1507 2214 1546 :
2237 1489 2428 1558 Nemo,
2461 1492 2655 1565 inquit,
2688 1493 2829 1549 hanc
2856 1509 2955 1550 suo
2979 1490 3290 1564 competen-

1688 1579 1800 1636 tius
1843 1579 2137 1638 illustrabit
2181 1585 2421 1651 nomine,
2455 1578 2615 1657 quam
2661 1584 2964 1642 Germanus
3005 1583 3291 1655 sanctissi-

1694 1686 1850 1739 mus,
1900 1671 2052 1743 cujus
2098 1674 2416 1732 sublimibus
2457 1677 2669 1735 meritis
2706 1676 2821 1749 jam
2847 1678 3048 1735 dudum
3080 1674 3291 1735 initiata

13 1771 256 1826 :ntanda
281 1769 639 1841 pertinaciter
655 1776 1046 1838 concertatum;
1078 1760 1204 1826 dum
1227 1776 1283 1826 et
1306 1768 1398 1826 hic
1424 1768 1586 1825 beato
1614 1760 1664 1826 B
1692 1766 2059 1838 cognoscltur.
2090 1766 2311 1824 Perstat
2338 1768 2603 1841 hodieque
2634 1768 2865 1826 ecclesia
2893 1769 3009 1826 hazc
3026 1811 3042 1837 ,
3084 1767 3292 1826 beatis-

16 1865 233 1932 niano,
267 1863 412 1937 quod
441 1880 539 1932 sua
569 1871 714 1921 esset
743 1864 1012 1931 ditecesis,
1048 1862 1116 1919 de
1154 1862 1417 1919 miraculo
1440 1861 1587 1931 judi-

17 1964 65 2013 ιι
98 1956 574 2029 praesumendum;
607 1961 663 2011 et
690 1954 781 2012 ille
806 1970 837 2010 a
866 1948 1139 2011 Germano
1154 1952 1519 2019 sanctissimo,
1546 1950 1594 2008 si

13 2048 113 2104 uid
141 2058 273 2105 erat
310 2046 644 2114 faciendum,
674 2045 905 2103 celerius
942 2044 1175 2101 obtineri
1205 2056 1366 2115 posse
1395 2040 1594 2099 contiro

13 2142 111 2196 tat.
144 2140 371 2201 Cedens
398 2132 789 2213 itaquepartim
806 2137 1066 2193 maternis
1092 2134 1369 2208 ia‘crymis,
1392 2134 1592 2206 partim

13 2232 273 2289 nstantiae
288 2231 552 2305 praesulis,
569 2232 750 2288 omnia
765 2229 1043 2288 sutferenti
1056 2228 1300 2313 praedsus
1315 2226 1588 2297 charitati,

13 2325 240 2383 rationi
292 2325 450 2382 solito
502 2324 766 2381 incumbit
807 2338 959 2380 more
1004 2322 1311 2380 Germanus
1343 2320 1594 2377 beatissi-

13 2435 129 2487 tus,
168 2418 530 2490 defunctique
580 2418 748 2474 vitam
784 2416 1040 2489 lacrymis
1068 2421 1344 2471 mercatus
1379 2413 1593 2469 uberri-

14 2513 115 2578 tis,
162 2510 382 2586 ingenti
430 2511 808 2567 universorum
841 2509 1055 2583 gaudio,
1096 2508 1303 2581 lugenti
1332 2506 1495 2577 matri
1531 2504 1595 2562 ii-

20 2620 119 2660 um
150 2620 187 2660 a
214 2601 409 2669 funere
436 2602 712 2657 revocavit
743 2599 1089 2667 incolumem.
1114 2596 1363 2653 Ecclesia
1390 2595 1595 2653 sancti—

17 2698 85 2754 atl
111 2695 242 2767 ejus
266 2694 455 2751 eodem
483 2698 797 2752 constructa
826 2690 967 2758 loco,
999 2688 1305 2745 innumeris
1339 2686 1594 2757 deinceps

25 2789 293 2847 irtutihus
316 2784 536 2854 claruit;
563 2785 619 2841 in
642 2784 747 2856 q'ua
770 2789 1105 2840 monstratur
1125 2778 1394 2849 hodieque
1415 2784 1595 2833 tumu-

23 2898 81 2938 us
110 2879 353 2938 hominis
393 2877 662 2945 suscitati,
685 2876 778 2947 qui
808 2872 1180 2946 postmodum,
1219 2871 1448 2927 decurso
1470 2868 1595 2925 vitae

26 2991 109 3034 uae
141 2973 385 3047 legitimo
412 2966 607 3043 spatio,
646 2956 715 3025 ob
764 2964 1013 3023 miraculi
1045 2976 1345 3036 perennem
1390 2976 1597 3017 memo-

32 3069 164 3135 iam,
221 3066 507 3121 honestam
560 3060 762 3119 ibidem
803 3058 1002 3115 meruit
1033 3053 1386 3128 sepulturam.
1420 3048 1596 3107 Locus

31 3128 225 3231 pioque
264 3156 504 3228 cespitis,
534 3152 622 3211 cui
662 3158 887 3210 sanctus
920 3150 976 3205 in
1010 3147 1258 3205 oratione
1290 3150 1598 3217 prostratus
1624 3128 1672 3196 ο

33 3251 276 3320 ncuhuit,
304 3263 516 3323 magna:
546 3246 721 3305 adhuc
747 3240 999 3304 onmibtts
1024 3244 1203 3299 exstat
1235 3234 1594 3305 venerationi,

42 3346 252 3403 ancello
278 3345 452 3421 ligneo
475 3340 743 3417 Opposito,
775 3346 939 3411 atque
958 3352 989 3393 a
1024 3333 1419 3408 permeantlum
1449 3328 1600 3405 pedi-

47 3456 110 3495 us
134 3442 362 3495 sacratae
390 3443 551 3492 terrae
569 3433 804 3491 loculum
829 3426 1173 3487 defendente.

86 3534 172 3589 12.
203 3532 348 3589 ldem
367 3530 703 3588 territorium
726 3527 781 3584 in
811 3523 1028 3600 publico
1054 3536 1248 3596 aggere
1271 3522 1447 3580 vicum
1474 3537 1602 3579 con-

45 3626 150 3682 inet
179 3623 488 3698 quemdam,
523 3621 616 3694 qui
642 3637 711 3679 ex
749 3619 973 3691 antiquo
1009 3616 1272 3674 Basilicas
1312 3628 1595 3687 nuncupa-

49 3736 125 3786 us,
143 3719 336 3792 patrati
366 3716 507 3789 apud
539 3731 597 3773 se
625 3712 827 3771 dudum
854 3710 1105 3769 miraculi
1132 3710 1402 3768 famosam
1424 3709 1603 3767 adhuc

52 3821 257 3871 stentat
289 3809 635 3867 evidentiam.
678 3807 912 3877 Quidam
963 3820 1200 3878 namque
1227 3805 1344 3877 ejus
1373 3804 1480 3863 loci
1521 3805 1603 3863 ind

58 3908 161 3975 ola,
187 3922 383 3983 genere
413 3905 759 3978 conspicuus,
788 3903 958 3975 copiis
991 3903 1297 3976 opulentus,
1329 3901 1603 3984 ingentem

57 4018 85 4057 ιι
114 4000 274 4059 fundo
322 4016 420 4056 suo
455 3998 741 4054 conductis
767 3994 1066 4052 artificibus
1086 3994 1401 4051 exstruebat
1425 3991 1600 4050 eccle-

60 4093 160 4150 iam
193 4113 205 4149 :
234 4093 385 4166 cujus
412 4093 555 4149 mole
587 4090 928 4164 aliquatenus
949 4087 1062 4159 jam
1111 4088 1165 4145 in
1210 4087 1440 4145 sublime
1475 4100 1605 4161 por-

64 4200 194 4258 ecta,
242 4205 361 4245 cum
406 4187 474 4245 ad
520 4184 1008 4243 consummaudum
1063 4182 1143 4251 id,
1183 4183 1327 4255 quod
1361 4174 1606 4239 restabat

67 4284 225 4355 peris,
254 4282 407 4340 anxia
426 4290 760 4338 structorum
787 4279 1014 4334 instaret
1038 4266 1337 4350 diligentia,
1362 4266 1449 4331 die
1474 4270 1609 4349 qua-'

69 4374 161 4429 lam
188 4392 237 4430 ιη
269 4373 503 4447 ejusdem
530 4370 743 4429 mditicii
768 4369 1003 4427 culmine
1026 4362 1300 4425 stantibus
1319 4408 1337 4435 ,
1362 4358 1606 4453 opusque

1692 1859 1821 1916 simi
1848 1857 2105 1916 Germani
2133 1860 2291 1916 titulo
2320 1860 2643 1929 clarissima,
2668 1860 3051 1919 miraculorum
3075 1859 3293 1917 exhibi-

1696 1951 1841 2008 tione
1865 1951 2339 2025 frequentissima,
2366 1962 2647 2013 ostentans
2687 1954 2864 2011 adhuc
2900 1953 3153 2011 eumdem
3192 1968 3292 2025 pa-

1696 2043 1887 2099 rietem
1936 2044 2137 2099 rimosa
2164 2045 2421 2102 cicatrice
2448 2045 2775 2113 notabilem,
2806 2044 3295 2119 praeferentemque

1694 2134 1751 2191 in
1774 2148 1837 2193 se
1869 2136 2181 2208 apostolicae
2208 2136 2518 2194 testimonia
2548 2138 2853 2195 sanctitatis
2875 2146 2924 2193 α.

1767 2229 1854 2285 14.
1895 2229 2043 2287 Raro
2067 2245 2296 2307 usquam
2324 2242 2419 2287 aut
2443 2231 2665 2299 mansit,
2695 2241 2789 2288 aut
2814 2232 3016 2300 docuit,
3036 2246 3160 2307 quo
3184 2247 3294 2289 non

1695 2337 1807 2379 suae
1864 2322 2154 2396 singularis
2207 2323 2541 2383 excellentiae
2601 2322 2886 2397 magnifica
2946 2324 3296 2382 monumenta

1692 2414 1989 2486 perdurent
2020 2431 2033 2469 :
2078 2414 2181 2486 piis
2211 2414 2410 2473 animis
2437 2415 2527 2486 pie
2552 2415 2618 2473 de
2660 2413 2772 2471 Deo
2806 2414 3166 2495 sentientibus
3204 2431 3295 2472 sa-

1696 2496 1932 2571 tisfaciet
1976 2529 2008 2571 e
2049 2512 2233 2572 multis
2279 2513 2525 2591 paucitas
2567 2512 2846 2570 adnotata.
2875 2510 3018 2570 'Haac
3048 2528 3182 2569 sane
3230 2528 3298 2570 eo

1694 2604 2006 2664 referuntur
2048 2607 2238 2675 tutius,
2285 2622 2393 2678 quo
2443 2614 2742 2663 noscuntur
2789 2603 3033 2675 certius,
3085 2603 3298 2676 conspi-
3345 2617 3348 2621 ‘

1694 2698 1917 2765 ciuntur
1946 2698 2294 2770 praesentius.
2337 2697 2442 2754 Per
2466 2713 2665 2772 pagum
2692 2696 3004 2754 Tullensem
3046 2696 3150 2753 iter
3175 2711 3299 2753 car-

1693 2804 1862 2863 pens,
1890 2790 2049 2847 obvia
2084 2778 2404 2865 populorum
2444 2801 2705 2865 exceptus
2748 2792 3094 2851 multitudine
3116 2833 3135 2863 ,
3165 2807 3302 2865 quo-

1696 2884 1821 2942 dam
1874 2884 2081 2942 resedit
2122 2884 2283 2953 loco,
2337 2894 2826 2959 occurrentemque
2878 2885 3093 2942 turbam
3149 2884 3300 2943 verbi

1698 2977 1953 3033 salutaris
1981 2975 2364 3033 exhortatione
2392 2976 2725 3033 formaturus
2743 3017 2759 3045 ,
2784 2975 3065 3033 colurnam
3084 3016 3103 3043 ,
3136 2990 3301 3049 quam

1700 3068 1843 3126 forte
1884 3084 2047 3127 manu
2072 3069 2345 3142 gestabat,
2379 3068 2588 3143 virgam
2615 3068 2768 3125 humi
2796 3056 3005 3124 deﬁxit.
3032 3065 3301 3139 Explicita

1702 3162 2093 3236 praedicatione
2138 3161 2369 3237 (mirum
2413 3161 2558 3234 quod
2588 3161 2691 3217 fuit
2719 3161 2841 3227 visu
2863 3202 2880 3228 ,
2920 3160 3121 3219 mirum
3158 3159 3303 3233 quod

1703 3267 1787 3319 est
1812 3266 1868 3316 et
1894 3256 2061 3331 dictu)
2089 3252 2428 3313 rumusculos
2452 3254 2568 3327 jam
2600 3250 2930 3327 frondesque
2952 3254 3300 3326 produxerat.

1703 3348 1835 3409 Haec
1861 3350 1917 3406 in
1955 3349 2073 3422 ejus
2102 3340 2473 3405 testimonium
2510 3344 2818 3405 sanctitatis
2842 3344 2899 3400 in
2924 3343 3172 3415 corylum
3210 3359 3300 3403 ro-

1704 3442 1853 3500 boris
1882 3439 2135 3497 immensi
2175 3436 2479 3505 convaluit,
2508 3446 2671 3508 atque
2700 3449 2876 3509 usque
2907 3432 3069 3492 hodie
3095 3435 3304 3507 ingenti

1706 3537 1775 3595 ab
1800 3537 2052 3595 omnibus
2087 3534 2300 3592 cautela
2325 3540 2641 3601 veneratur,
2678 3546 2749 3599 ne
2793 3536 2888 3589 aut
2926 3546 3139 3591 ramum
3180 3532 3306 3611 quis

1707 3649 1773 3690 ex
1800 3647 1865 3689 ea
1895 3633 2208 3703 decerpere,
2237 3638 2332 3687 aut
2358 3628 2618 3686 indecens
2642 3625 2924 3700 quidpiam
2950 3624 3055 3685 sub
3077 3625 3186 3691 illa,
3209 3634 3306 3695 aut

1707 3728 1853 3787 circa
1901 3725 2048 3783 illam
2072 3766 2088 3792 ,
2132 3724 2329 3783 audeat
2370 3730 2709 3797 perpetrare.
2746 3720 2799 3781 is
2840 3720 2992 3778 locus
3030 3734 3139 3778 non
3166 3735 3305 3792 quo»

1709 3838 1816 3895 que
1845 3821 2139 3895 vulgariter
2178 3820 2260 3877 Ad
2286 3815 2621 3879 camhuttam
2656 3815 2686 3857 ιι
2712 3802 2773 3877 S.
2804 3813 3065 3872 Germani
3081 3813 3301 3871 dicitur.

1781 3914 1870 3971 15.
1907 3929 1970 3973 ιιι
1992 3929 2133 3987 pago
2152 3918 2370 3985 Quoque
2394 3907 2705 3966 Vastinensi
2733 3917 2784 3975 ο,
2814 3906 2872 3965 in
2896 3904 3096 3962 vicinia
3116 3902 3305 3975 Gajaci

1709 4008 2047 4073 monasterii,
2076 4003 2360 4074 interiecto
2387 4001 2614 4061 Odonna
2641 3999 2887 4068 ﬂumine,
2909 3997 3068 4071 fagus
3090 4008 3177 4056 est
3202 3998 3307 4057 mi-

1710 4101 1896 4159 randae
1918 4095 2328 4171 magnitudinis,
2354 4093 2540 4167 stipite
2570 4107 2798 4165 procera
2818 4132 2836 4159 ,
2875 4106 3152 4148 ramorum
3181 4106 3302 4153 ante

1709 4194 1827 4263 bitu
1849 4190 2182 4257 vastissima,
2199 4187 2467 4249 densitate
2487 4201 2689 4260 opaca;
2711 4199 2835 4257 quae
2852 4183 3110 4242 similiter
3127 4186 3306 4243 sancti

1709 4286 1915 4343 virtute
1951 4280 2225 4355 pontiﬁcis
2271 4278 2538 4341 maluisse
2581 4278 2961 4337 incunctanter
3019 4276 3303 4347 asseritur,

1711 4378 1840 4439 dum
1882 4384 2007 4448 post
2048 4362 2359 4431 sermonem
2385 4387 2452 4428 eo
2493 4370 2599 4428 loci
2627 4371 2697 4429 ad
2732 4368 2991 4442 pupulum
3036 4368 3303 4435 habitum,

71 4467 173 4524 nire
199 4467 602 4539 properantibus
628 4464 960 4529 architectis,
981 4463 1178 4534 paries,
1200 4460 1287 4518 cui
1315 4452 1593 4517 insisteba-

1713 4470 2001 4536 bacillum,
2045 4483 2153 4540 quo
2194 4466 2395 4524 seniles
2438 4464 2661 4552 regebat
2698 4471 2882 4528 artus,
2924 4460 3104 4516 telluri
3145 4459 3307 4516 altius

75 4574 148 4625 ur,
175 4576 203 4615 a
223 4575 422 4617 summo
451 4558 519 4615 ad
544 4558 653 4613 ima
682 4556 1017 4613 fundamenti
1063 4556 1140 4612 ita
1162 4562 1460 4626 perruptas
1498 4552 1593 4609 dis-

1715 4563 2015 4622 detixisset.
2064 4561 2192 4619 Haec
2237 4574 2340 4633 pro
2382 4544 2639 4614 insolenti
2685 4551 3063 4627 magnitudine
3106 4552 3177 4608 ad
3224 4549 3310 4605 sui

80 4662 315 4725 ectusque
350 4662 453 4719 est,
504 4644 564 4708 ui
592 4652 911 4708 nutantibus
956 4651 1204 4723 partibus
1229 4650 1335 4708 sibi
1366 4649 1593 4715 ruinam1

1716 4654 2088 4730 spectaculum
2126 4653 2325 4714 multos
2353 4665 2387 4708 e
2439 4651 2710 4724 contiguis
2744 4644 2937 4704 ascivit
2975 4643 3314 4720 regionibus.

82 4749 457 4819 uperstantibus
488 4762 614 4804 vero
637 4750 945 4817 proximum
975 4758 1007 4802 e
1041 4744 1268 4819 vestigio
1308 4742 1611 4811 minaretur
1715 4748 1959 4809 Ecclesia
1988 4764 2153 4811 secus
2198 4746 2451 4807 arborem
2490 4753 2577 4801 est
2619 4743 2749 4817 ejus
2784 4736 3017 4813 insignis
3065 4732 3328 4801 nomine;

84 4843 332 4900 uteritum.
347 4841 824 4903 Camentariorum
841 4840 1110 4913 imperitia
1132 4839 1429 4910 collapsum
1443 4829 1611 4908 opus,
1716 4841 1974 4911 locusque
2017 4840 2168 4905 idem
2218 4821 2303 4895 λὰ
2346 4832 2524 4907 fagum
2580 4834 2641 4893 8.
2693 4828 2955 4893 Germani
2986 4822 3347 4909 ponamus!

88 4946 123 4985 ll]
168 4933 547 5006 dispensatione
598 4947 687 4989 res
737 4933 1004 4989 humanas
1043 4929 1421 4989 ordinabiliter
1455 4927 1615 5000 dige-
1716 4942 2093 5003 nuncupatur,

89 5033 200 5081 ente
225 5026 311 5101 [αι.
339 5025 644 5100 dirigente],
668 5024 933 5095 patrando
957 5023 1120 5083 fuerit
1150 5021 1409 5082 materies
1424 5018 1610 5081 oblata
1794 5026 1882 5084 16.
1909 5025 2079 5097 Quod
2105 5046 2238 5099 sane
2262 5022 2652 5085 venerabilium
2678 5024 2986 5091 martyrum
3013 5013 3238 5105 busta

91 5116 318 5186 niraculo,
347 5118 395 5175 id
424 5133 556 5175 vero
586 5133 690 5174 non
718 5117 880 5177 facile
908 5117 1285 5177 discreverim.
1719 5121 1956 5181 titicatus
1980 5130 2113 5201 ejus
2134 5133 2387 5196 tempore
2407 5131 2680 5191 comperta
2704 5116 3066 5204 οιιιιιθτιιιξιο

134 5209 208 5266 15.
235 5183 360 5270 Casu
397 5210 698 5269 Germanus
726 5210 1098 5270 sanctissimos
1134 5229 1201 5272 ex
1242 5208 1475 5266 adverso
1501 5222 1613 5278 pu-
1717 5230 1751 5274 ε
1772 5183 2719 5295 miraculggx'gi'piendumiudicet?
2742 5210 2965 5267 Sancta:
2988 5198 3089 5271 igi
3101 5183 3359 5264 ιίιισὶιὶῑιι

134 5360 155 5388 ο
192 5349 341 5416 Hujus
365 5322 600 5407 ecclesiae
632 5350 779 5407 solos
806 5350 1043 5416 parietes
1075 5369 1197 5410 cum
1227 5346 1389 5408 altari
1425 5360 1613 5416 super-
1718 5363 1806 5412 est
1829 5352 2030 5416 Gallia:
2061 5367 2118 5416 in
2146 5352 2437 5416 nrovincla
2461 5352 2654 5414 insula
2675 5335 3034 5416 limitem-'1“
3062 5339 3232 5416 lno
3258 5322 3426 5416 ei???
3445 5329 3463 5347 ’
