3876 5416
595 390 732 446 1215

1596 388 1825 446 HERICI
1866 386 2174 448 MONACHI
2213 385 2886 448 ANTISSIODORENSIS
3651 395 3732 454 iiii

589 500 979 567 multitudinis,
1007 515 1170 572 quam
1202 515 1325 557 cum
1355 502 1514 558 beato
1539 499 1730 558 Prisco
1756 513 1782 542 α
1812 503 1953 593 apud
1997 501 2175 558 locum
2200 502 2256 566 Α
2279 502 2704 574 Septuagesimte
2731 509 2940 559 tantum
2967 500 3056 558 die
3088 499 3377 566 Dominico,
3400 515 3505 556 cum
3529 517 3650 574 supra
3669 527 3732 566 me.

592 597 875 653 Gotiacum
897 595 1203 650 Aurelianze
1228 594 1627 666 persecutionis
1655 595 1948 652 trucidavit
1979 596 2175 652 imma-

591 690 763 755 nitas,
796 688 1163 744 sacratissima
1203 702 1431 760 corpora
1471 698 1694 760 propter
1737 688 2048 745 saevientem
2095 704 2178 744 ra-

586 784 729 839 biem
751 782 891 839 clam
919 782 1213 848 subducta,
1243 781 1298 837 in
1333 783 1571 839 cisterna
1600 782 1835 854 quadam
1869 781 2178 838 vastissima

585 892 616 932 a
642 876 995 944 Christianis,
1036 876 1130 948 qui
1174 885 1289 932 tum
1318 877 1624 933 existebant
1657 876 1945 946 rarissimi,
1973 875 2176 946 passim

586 980 846 1042 congesta
893 977 1037 1026 sunt.
1098 968 1304 1025 Horum
1357 969 1619 1026 memoria
1667 969 1826 1041 longo
1879 968 2179 1024 labentium

587 1070 888 1132 temporum
916 1061 1205 1118 obscurata
1232 1061 1470 1127 deﬂuxu,
1502 1061 1570 1117 ad
1609 1070 1818 1133 tempus
1849 1075 2022 1133 usque
2047 1060 2179 1118 Ger-

584 1154 732 1210 mani
775 1154 1105 1210 sanctissimi
1135 1154 1344 1210 cunctis
1385 1155 1568 1227 ignota
1607 1154 1858 1210 delituit:
1887 1169 1995 1225 quo
2035 1169 2176 1224 pra:-

583 1246 723 1312 sule,
759 1246 932 1312 Deus,
972 1245 1028 1301 in
1067 1244 1221 1316 cujus
1251 1256 1542 1318 conspectu
1572 1262 1795 1304 suorum
1836 1261 2050 1317 semper
2093 1254 2180 1303 est

583 1353 732 1393 mors
760 1338 994 1408 pretiosa
1023 1346 1369 1406 sanctorum,
1419 1339 1706 1409 disponens
1738 1337 1952 1394 illorum
1991 1347 2177 1410 patro-

582 1430 727 1485 cinio
770 1430 982 1502 populis
1025 1430 1343 1496 subvenire,
1383 1432 1690 1488 veneranda
1729 1447 1917 1486 eorum
1947 1446 2177 1502 corpora

582 1523 906 1593 declaravit;
941 1533 1103 1597 caput
1129 1540 1347 1596 quoque
1380 1525 1682 1582 beatissimi
1717 1526 1890 1582 Prisci
1921 1527 2178 1600 martyris

579 1618 756 1674 eidem
803 1618 957 1674 miris
1004 1619 1252 1674 revelans
1289 1618 1502 1674 modis:
1537 1619 1625 1675 cui
1657 1619 2000 1675 recondendo
2036 1635 2177 1691 qua-

583 1717 707 1764 tuor
736 1709 804 1764 ab
834 1707 967 1764 urbe
1012 1709 1250 1766 millibus
1290 1710 1582 1766 ecclesiam
1629 1718 1951 1765 construens
1993 1724 2179 1768 conse-

513 1818 517 1823 '
582 1801 787 1867 oravit;
815 1816 976 1872 quam
1003 1801 1282 1874 signorum
1305 1803 1461 1873 copia
1486 1802 1744 1859 continue
1767 1801 1988 1858 alIluens
2013 1817 2176 1874 popu-

2280 604 2490 653 morato
2530 597 2739 669 psalmo
2784 595 3049 652 modulari
3079 595 3380 660 consuevit,
3402 596 3526 666 quod
3556 597 3596 652 in
3627 605 3733 670 primo

2278 705 2440 748 versu
2463 691 2664 758 semel,
2698 691 2752 746 in
2793 691 3033 747 secundo
3059 689 3164 755 bis,
3208 687 3264 743 in
3301 687 3453 742 tertio
3491 691 3625 747 tribus
3656 702 3732 751 reci-

2278 798 2559 860 procatum
2604 788 2850 852 vicibus’,
2900 786 2956 842 in
3000 792 3190 856 quarto
3235 784 3438 839 demum
3479 784 3731 844 reiteratura

2279 883 2458 953 capite
2491 901 2504 937 :
2537 892 2800 954 quantum
2830 888 3008 936 autem
3038 893 3185 945 reor,
3214 878 3271 934 in
3298 877 3530 933 honorem
3552 893 3732 938 sanctae:

2278 973 2566 1031 individuae
2615 973 2905 1028 Trinitatis
2953 977 3320 1042 competenter
3359 970 3560 1025 canitur.
3594 971 3633 1025 ld
3663 991 3732 1028 cum

2281 1075 2492 1122 teneret
2509 1066 2796 1131 memoria,
2814 1064 3123 1121 convocatis
3144 1069 3269 1134 post
3288 1061 3501 1118 solemne
3518 1067 3730 1121 matutinum

2279 1159 2561 1227 fratribus,
2593 1159 2921 1228 traditaque,
2947 1171 3108 1228 quam
3139 1164 3476 1226 perceperat,
3497 1157 3727 1212 revelatum.

2280 1259 2339 1306 ut
2361 1267 2448 1307 res
2473 1251 2614 1307 foret
2637 1251 2907 1316 testatior,
2935 1247 3358 1305 modulationem
3385 1262 3565 1318 quoque
3588 1265 3730 1318 temper-

2280 1348 2391 1396 tam
2417 1355 2514 1398 eos
2539 1341 2794 1409 edocuit;
2847 1341 3000 1412 cujus
3046 1338 3226 1394 omnis
3269 1337 3492 1392 suavitas
3526 1339 3728 1406 protinam

2280 1443 2462 1489 mente
2506 1433 2649 1490 illius
2694 1434 2768 1488 ita
2811 1433 2993 1502 elapsa
3043 1440 3158 1498 est,
3213 1439 3275 1485 ut
3318 1445 3419 1485 non
3462 1431 3548 1484 nisi
3584 1433 3727 1485 τορᾱὶξίὶ

2280 1525 2621 1581 solummodo
2644 1525 2897 1596 deinceps
2919 1524 3198 1580 reminisci
3224 1521 3467 1593 potuerit.
3490 1521 3606 1589 Quod
3621 1525 3652 1575 ei
3664 1524 3725 1590 μιν

2281 1618 2575 1690 contigisse
2622 1627 2875 1690 putatur;
2908 1627 2966 1672 ut
3009 1619 3087 1683 is,
3122 1617 3218 1687 qui
3260 1616 3491 1670 intimata
3517 1617 3592 1669 sibi
3613 1628 3727 1669 secreta

2281 1710 2525 1766 coelestia
2553 1710 2856 1768 inconsulte
2879 1709 3150 1780 prodidit,
3181 1707 3305 1762 aliis
3338 1707 3390 1762 id
3423 1708 3482 1761 ad
3513 1706 3659 1761 laudem
3681 1707 3726 1759 [ξεί

2281 1801 2669 1868 retinentibus,
2715 1817 2815 1858 sua
2851 1801 3018 1858 solius
3067 1795 3166 1872 [aL
3189 1841 3206 1867 ,
3245 1797 3409 1870 solus]
3446 1798 3663 1869 ignorantia
3681 1814 3726 1866 pat-

581 1894 759 1949 lorum
802 1893 1158 1950 concursibus
1207 1893 1338 1950 facit
1384 1909 1506 1951 esse
1561 1895 1854 1951 celebrem.
1908 1897 2022 1952 Hoc
2068 1913 2178 1954 non
2204 1882 2254 1946 Β
2281 1897 2511 1953 niretur.
2543 1896 2699 1964 Quod
2741 1895 2940 1952 Paulus
2977 1894 3258 1966 apostolus
3298 1908 3357 1948 se
3390 1900 3589 1947 metuere
3617 1891 3724 1961 signiﬁ-

583 1985 800 2041 aliunde
825 1994 1278 2056 commentatum;
1312 2003 1502 2044 verum
1531 2005 1595 2045 ex
1625 1988 1888 2046 relatione
1911 1991 2181 2061 passionis

579 2091 768 2132 eorum
796 2077 1009 2134 sincera
1039 2078 1300 2136 relatione
1326 2081 1593 2137 insertum
1617 2089 1717 2137 est.

1215 2171 1446 2230 CAPUT
1495 2174 1558 2230 II.

650 2283 772 2339 Alia
808 2283 1054 2356 quaedam
1081 2287 1152 2363 ad
1169 2287 1297 2363 _ejus
1330 2289 1491 2342 vitam
1521 2289 1811 2363 spectantia
1845 2305 2008 2363 usque
2036 2291 2104 2346 ad

1096 2357 1292 2412 obitum
1319 2367 1365 2413 et
1393 2357 1687 2431 exsequias.

655 2449 742 2504 l7.
761 2449 818 2505 Id
836 2464 1074 2522 quoque,
1089 2450 1232 2520 quod
1255 2451 1309 2506 in
1322 2452 1566 2509 ecclesiis
1585 2453 1655 2510 ab
1676 2454 1793 2525 ipso
1808 2454 2067 2512 dedicatis
2081 2470 2178 2528 po-

581 2545 772 2601 tiorem
801 2545 997 2601 divinae
1020 2547 1235 2603 virtutis
1271 2548 1601 2604 evidentiam
1637 2549 1693 2605 in
1723 2549 2045 2607 exhibendis
2077 2551 2176 2606 mi-

575 2637 778 2694 raculis
823 2653 984 2695 nemo
1012 2639 1128 2695 fere
1169 2639 1396 2711 ambigit
1440 2640 1729 2708 declarari,
1771 2656 1803 2696 a
1847 2641 2177 2700 salutaribus

580 2729 901 2784 meritorum
949 2727 1064 2799 ejus
1111 2731 1399 2800 praeconiis
1447 2730 1745 2802 abjudicari
1797 2732 2181 2791 inhumanissi-

581 2835 732 2876 mum
760 2821 1288 2895 inopportunumque
1311 2832 1553 2896 putatur.
1586 2824 1740 2893 Quod
1767 2834 1825 2881 ut
1855 2827 1950 2883 fiat
1975 2830 2179 2900 perspi-

575 2929 737 2971 cuum
758 2957 774 2983 ,
807 2932 917 2972 uno
962 2925 1173 2974 tantum
1198 2961 1213 2986 ,
1245 2921 1544 2991 eodemque
1575 2936 1684 2977 non
1716 2922 2007 2990 incelebri,
2042 2925 2179 2981 nite~

575 3023 699 3063 mur
722 3009 988 3080 exemplo.
1031 3010 1304 3066 Reversus
1333 3028 1400 3067 ex
1434 2998 1759 3080 Britanniis,
1791 3014 2051 3085 reliquias
2082 3032 2175 3072 an-

577 3101 866 3170 tiquissimi
893 3102 1227 3173 pretiosique
1248 3103 1442 3158 Albani
1469 3104 1724 3176 martyris
1751 3120 1934 3162 secum
1957 3108 2170 3174 detulit,

575 3202 738 3262 atque
785 3191 930 3247 infra
974 3209 1161 3250 muros
1206 3195 1566 3252 Antissiodori
1614 3197 1894 3254 basilicam
1939 3200 2018 3255 eis
2045 3215 2172 3256 con-
2199 3236 2244 3301 Ο

582 3281 760 3301 λη»,
1327 3285 1416 3301 ρ..
1591 3297 1600 3301 ,
1677 3289 1688 3300 .
1901 3291 1912 3301 .
2045 3293 2056 3301 .
2113 3293 2145 3301 ..

574 3281 764 3338 dendis
791 3283 1136 3341 exaedificans
1161 3327 1176 3353 ,
1211 3285 1417 3358 praefati
1468 3289 1722 3360 martyris
1770 3291 1988 3346 nomine
2025 3293 2171 3348 dedi-

575 3371 751 3430 cavit:
791 3373 844 3428 in
873 3389 978 3445 qua
1005 3375 1186 3432 ferunt
1235 3379 1525 3448 quemdam
1557 3380 1716 3436 anxie
1742 3382 2051 3454 religiosum
2084 3385 2171 3440 de-

573 3464 809 3522 servisse
854 3469 1265 3540 presbyterum,
1316 3471 1409 3542 qui
1456 3471 1601 3528 inter
1647 3483 1844 3531 caetera
1885 3477 2170 3547 probitatis

572 3557 750 3614 studia
785 3557 839 3613 id
865 3557 966 3615 sibi
997 3559 1260 3618 familiare
1285 3560 1578 3631 effecerat,
1610 3572 1705 3630 ut,
1740 3565 1894 3638 signo
1933 3567 2169 3625 basilica:

571 3648 804 3706 senioris
834 3650 1150 3723 increpante
1173 3693 1188 3721 ,
1232 3668 1430 3726 corpus
1470 3670 1500 3711 e
1546 3655 1685 3711 lecto
1723 3659 2022 3730 corripiens
2045 3701 2060 3727 ,
2099 3661 2168 3717 ad

571 3740 859 3796 ecclesiam
882 3757 1045 3813 quam
1075 3744 1360 3802 celerrime
1381 3756 1698 3818 properaret
1724 3765 1738 3814 ;
1769 3751 2002 3822 dumque
2029 3750 2167 3821 ejus-

571 3833 718 3889 modi
739 3849 870 3908 erga
900 3835 1140 3892 divinum
1170 3839 1451 3894 servitium
1477 3839 1704 3895 instaret
1731 3841 2031 3912 vigilantia,
2058 3861 2165 3901 una

571 3925 813 3982 noctium
836 3968 852 3994 ,
899 3943 1022 3984 cum
1073 3943 1105 3983 a
1149 3929 1370 3999 propria
1418 3932 1773 4002 egrederetur
1811 3933 1970 3990 domo
1994 3977 2008 4002 ,
2045 3952 2166 4008 quae

573 4020 897 4090 supradicta:
937 4021 1176 4104 basilicae
1219 4023 1566 4093 adhaerebat,
1598 4027 1911 4099 angelicum
1961 4031 2166 4087 audivit

575 4107 801 4162 chorum
822 4148 837 4174 ,
867 4108 1184 4165 harmonica
1215 4111 1591 4169 concinentem
1619 4117 2001 4184 consonantia,
2027 4118 2168 4175 Alle-

572 4200 718 4269 luia,
756 4217 876 4258 cum
916 4203 1126 4276 psalmo
1163 4220 1399 4274 cxnvm,
1439 4209 1532 4278 qui
1557 4199 1894 4277 inscribitur,
1928 4210 2164 4268 Laudate

572 4291 855 4348 Dominum
895 4294 960 4350 de
1001 4295 1177 4364 caelis,
1217 4297 1285 4353 ad
1330 4298 1494 4354 ﬁnem
1531 4315 1704 4371 usque
1750 4300 2018 4358 Psalterii.
2062 4302 2164 4370 Qui

571 4384 814 4440 attonitis
841 4385 1062 4442 auribus
1101 4387 1169 4442 ad
1213 4389 1414 4444 ostium
1451 4391 1674 4447 oratorii
1708 4392 2020 4450 auscultans
2048 4394 2166 4451 dili-

571 4477 805 4546 gentius,
845 4477 1093 4534 eamdem
1137 4481 1454 4536 memoriter
1491 4481 1680 4540 didicit
1717 4484 2158 4542 modulationem.

2282 2005 2446 2055 cans,
2513 1988 2714 2044 fatetur
2769 2003 2830 2045 se
2876 1987 3092 2043 audisse
3138 1999 3340 2040 arcana
3379 1983 3725 2051 verba,qu:ema

2279 2080 2406 2136 licet
2435 2079 2638 2135 homini
2667 2079 2835 2150 loqui.
2863 2079 2933 2135 Et
2951 2077 3142 2134 Joanni
3171 2075 3490 2148 przecipitur,
3528 2090 3579 2129 ne
3597 2073 3724 2144 signai

2279 2189 2401 2245 quae
2451 2171 2627 2228 locuta
2669 2180 2796 2228 sunt
2839 2178 3045 2242 septem
3096 2171 3360 2225 tonitrua.
3403 2168 3574 2222 Anima
3605 2180 3722 2236 quoque

2279 2265 2461 2320 divina
2499 2264 2800 2336 speculanti
2838 2262 3102 2335 jubetur:
3133 2262 3317 2328 Audi,
3349 2260 3519 2323 Israel,
3543 2269 3584 2315 et
3610 2269 3680 2313 tate
3700 2269 3722 2310 ι.

2278 2358 2444 2415 Multa
2485 2361 2626 2431 apud
2671 2357 2814 2414 idem
2844 2358 3145 2415 oratorium
3175 2363 3514 2412 recensentur
3533 2351 3662 2409 collata
3682 2352 3722 2405 le

2277 2451 2491 2517 neficia,
2524 2465 2648 2507 cum
2675 2450 2732 2506 in
2760 2449 3077 2522 expulsione
3104 2448 3431 2513 daemonum,
3457 2456 3548 2502 tum
3570 2446 3607 2499 in
3624 2444 3723 2497 illuni

2278 2546 2497 2601 natione
2539 2559 2844 2612 czecorum;
2877 2545 2934 2600 in
2963 2543 3051 2600 his
3077 2558 3213 2600 vero
3259 2557 3420 2615 quam
3463 2539 3656 2602 maxime,
3679 2537 3722 2606 qni

2278 2640 2493 2697 diversa
2521 2639 2754 2696 febrium
2789 2638 3099 2696 accessione
3122 2637 3311 2694 vexati
3356 2635 3421 2690 ad
3438 2634 3581 2690 locum
3597 2647 3648 2696 se,
3663 2645 3723 2684 san-

2277 2742 2490 2790 ctorum
2518 2733 2823 2806 imploratis
2847 2731 3188 2804 patrociniis,
3223 2729 3558 2787 contulerunt.

2348 2826 2437 2882 l9.
2473 2825 2771 2882 Ecclesiam
2808 2825 2894 2881 cui
2923 2823 3120 2895 praesul
3160 2833 3324 2888 erat,
3363 2837 3459 2878 non
3493 2816 3723 2891 spirituth

2276 2917 2454 2984 modo,
2495 2932 2684 2974 verum
2725 2924 2780 2972 et
2820 2914 3214 2985 temporalibus
3265 2912 3590 2983 copiosissime
3619 2906 3722 2962 extulit

2275 3011 2646 3067 incrementis.
2685 3007 2854 3080 Cujus
2901 3009 2954 3064 in
3003 3008 3435 3079 possessionibus
3473 3001 3638 3060 facultas
3661 3008 3721 3052 aur

2275 3104 2452 3176 ipsum
2477 3117 2642 3172 quam
2673 3101 2837 3158 fuerit
2863 3099 3143 3172 perexilis,
3171 3098 3339 3154 facile
3367 3095 3520 3166 colligi
3541 3088 3719 3163 potesne.

2275 3195 2525 3268 qualibus
2547 3210 2666 3251 eam
2693 3194 2862 3264 copiis
2888 3202 3106 3249 auctam
3126 3186 3369 3261 reliquit,
3387 3180 3719 3259 :equisrationi‘n:

2279 3289 2615 3360 inspectetur
2646 3305 2660 3342 :
2697 3302 2820 3342 nam
2847 3286 2972 3356 quia
2998 3293 3269 3356 quantum
3297 3282 3363 3337 ad
3402 3279 3586 3340 natales,
3604 3271 3712 3328 lthlllS

2271 3381 2442 3437 simus
2483 3377 2587 3435 fuit
2626 3377 2920 3442 nobilium;
2958 3383 3226 3446 quantum
3256 3373 3326 3428 ad
3351 3371 3594 3429 fortunam,
3613 3365 3713 3430 inpos

2272 3469 2604 3527 sessionibus
2674 3478 2730 3524 et
2791 3467 3010 3540 praediis
3072 3465 3461 3522 ditissimorum
3518 3457 3721 3514 ditissimis;

2270 3564 2534 3629 omnium,
2562 3576 2684 3633 qua:
2715 3561 2768 3618 ei
2808 3575 2872 3618 ex
2903 3561 3026 3631 jure
3061 3567 3299 3629 paterno
3328 3561 3580 3618 cesserant,
3607 3551 3642 3603 in
3665 3547 3721 3595 ut:

2272 3671 2368 3710 sua
2402 3654 2671 3710 basredem
2721 3651 2852 3709 fecit
2903 3650 3213 3717 ecclesiam,
3262 3663 3419 3720 quam
3461 3645 3618 3717 ejus?!
3640 3644 3722 3710 βλτίί

2270 3749 2504 3803 maxima
2534 3747 2879 3820 patrimoniis
2901 3747 3169 3816 hodieque
3191 3751 3442 3800 constare
3459 3734 3721 3810 cognoscimus.
3806 3734 3807 3800 ξ

2269 3841 2408 3899 Sunt
2431 3849 2614 3897 autem
2642 3841 2843 3912 prmdia
2873 3841 2989 3896 haec
3010 3854 3242 3895 numero
3264 3837 3515 3910 perplura,
3536 3827 3722 3901 quanlilalt

2266 3934 2624 4007 permaxima,
2679 3932 2878 3988 finibus
2924 3932 3183 4004 spatiosa,
3249 3931 3450 4000 sibique
3490 3917 3720 3980 centenum

2268 4029 2408 4085 situs
2463 4025 2726 4097 qualitate
2771 4023 3202 4094 jucundissima,
3264 4021 3540 4078 reddituum
3577 4012 3722 4066 ubertate

2265 4117 2526 4190 praeclara
2547 4115 2601 4174 ά.
2653 4115 2859 4171 Horum
2889 4114 2942 4170 in
2990 4129 3124 4181 uno,
3177 4113 3269 4169 cui
3313 4109 3720 4183 Epponiacusmr
3806 4109 3807 4160 ἒ

2267 4220 2469 4269 tustate
2490 4225 2689 4267 nomen
2718 4217 2821 4275 est,
2845 4206 3167 4264 venerabilis
3198 4207 3407 4278 genitor
3429 4203 3543 4273 ejus,
3568 4195 3718 4290 Rustica5
3806 4265 3807 4272 η

2267 4312 2634 4374 nuncupatus,
2683 4317 2806 4358 cum
2837 4301 3120 4372 genitrice,
3172 4296 3485 4356 Germanilla
3515 4290 3674 4348 nomine.
3693 4297 3718 4334 in

2265 4396 2499 4454 ecclesia
2531 4394 2901 4468 apostolorum
2935 4393 3197 4464 principis
3251 4391 3474 4450 nomine,
3516 4381 3717 4439 dedicatas

2265 4491 2380 4547 aris
2413 4503 2603 4546 eorum
2632 4488 2901 4559 capitibus
2944 4485 3298 4558 superpositis
3325 4485 3372 4550 ί,
3422 4481 3621 4536 decenter
3649 4481 3718 4522 ton-

642 4568 728 4624 l8.
770 4568 900 4624 Erat
947 4579 1131 4627 autem
1177 4571 1404 4628 Alleluia
1430 4615 1445 4642 ,
1497 4577 1644 4647 quod
1695 4586 1881 4636 nostra
1927 4580 2240 4663 ecclesia!)
2268 4583 2370 4642 diti
2396 4581 2768 4653 requiescunt.

640 4741 667 4770 α
707 4727 884 4800 Deis.
913 4727 1100 4785 Prisco
1144 4739 1201 4786 et
1239 4731 1401 4787 sociis
1437 4731 1554 4800 ejus
1595 4734 1717 4790 MM.
1746 4745 1926 4792 actum
1969 4745 2052 4792 est
2091 4737 2161 4792 ad

568 4798 711 4854 diem
738 4799 808 4854 26
836 4799 959 4857 Maii
978 4841 994 4869 ,
1026 4817 1059 4856 a
1086 4817 1207 4874 pag.
1234 4803 1360 4870 565,
1395 4798 1486 4860 ubi
1514 4815 1570 4862 et
1604 4807 1720 4862 haec
1760 4807 2004 4864 invenies
2043 4807 2159 4863 illu-

568 4879 758 4926 strata.
1206 4925 1217 4936 ,

639 4942 669 5021 ις
698 4940 779 4996 Ne
801 4944 1113 5021 signenetc.
1132 4944 1248 5021 lmo
1263 4946 1671 5021 Apocalypseos
1699 4965 1819 5020 cap.
1845 4967 1901 5016 ι,
1919 4965 2078 5008 versu
2101 4952 2157 5018 4,

569 5010 764 5094 legitur
792 5031 807 5068 :
842 5010 1011 5094 Signa
1049 5033 1186 5094 qtae
1207 5010 1383 5094 locuta
1419 5010 1543 5094 sunt
1581 5010 1781 5090 septem.
1814 5010 2070 5094 tonitrua,
2096 5010 2162 5094 et

571 5084 683 5164 apii
704 5099 766 5136 ea
795 5084 1035 5164 scribere.
1061 5084 1190 5164 'llbi
1227 5089 1442 5158 signare
1494 5084 1937 5164 idem-estquod
1987 5084 2161 5164 sigillo

567 5151 948 5235 obsignareet
975 5157 1187 5212 occulta
1225 5151 1464 5235 servare.
1506 5161 1738 5235 §ensum
1764 5151 1853 5218 hic
1895 5151 2162 5235 ergovﬂe-

571 5223 718 5306 ricus
736 5224 1006 5306 sequitur,
1021 5230 1346 5306 non_verba;
1375 5245 1472 5306 per
1496 5232 1578 5286 Ne
1596 5233 1766 5306 signet
1787 5223 2156 5306 intelligendo,

570 5292 648 5348 Ne
674 5295 991 5369 protlat,_ne
1021 5296 1242 5369 scribat,
1271 5292 1340 5353 ne
1375 5292 1555 5369 palam
1588 5292 1771 5358 faciat.

645 5363 862 5416 c’Audi.
886 5363 1079 5416 Israel.
1104 5374 1151 5416 et
1177 5376 1288 5416 lace
1311 5381 1328 5416 ἔ
1353 5363 1460 5416 rion
1491 5372 1686 5416 Incimr
1712 5374 1789 5416 ein
1813 5375 1866 5416 in
1892 5376 2118 5416 anmaln
2139 5395 2153 5408 ο

2266 4741 2547 4807 (inimum,
2570 4739 2657 4795 cui
2683 4736 2970 4810 Varsiacus
2996 4751 3182 4810 nomen
3205 4729 3716 4810 estnomenunircﬁ

2264 4821 2456 4883 paratu
2500 4798 2548 4866 et
2593 4809 2914 4886 appendit?!)
2965 4807 3074 4886 suis
3123 4798 3367 4886 ξοηιυιξλ-

2267 4859 2459 4940 alia;
2499 4859 3091 4952 asci'aaaa"_raisss'*s,
3123 4874 3378 4952 Eugeniae
3398 4859 3717 4952 suam}:

2268 4935 2598 5034 nave—{asserit
2801 4950 3026 5034 Beufnin
3051 4935 3234 5034 C'a'pto:
3245 4953 3300 5001 et
3328 4935 3716 5034 libet-393.1112?

2268 5007 2422 5108 eis
2444 5007 2591 5095 ὧδε·
2633 5021 2761 5115 284:)
2782 5007 3052 5115 ,ρεηιίιίεεν
3086 5007 3598 5115 venierunt???
3611 5008 3716 5115 iii:

2637 5067 2929 5164 patinam,
2958 5107 3081 5164 cum
3119 5067 3448 5164 appendidiis'
3464 5067 3716 5164 suis;

2268 5147 2633 5249 ihﬁtﬁgié‘qge,
2653 5147 2756 5218 'seu
2798 5163 2853 5218 Μ
2858 5147 3198 5249 arciniagum;
3196 5175 3214 5224 ;
3242 5155 3332 5211 sed
3352 5164 3399 5210 et
3417 5147 3713 5249 “fingas;

2263 5214 2385 5291 ξιῖέξ
2410 5214 3039 5304 ξξιῑιξῡεέν“άρρέιὶᾱέέεεε;ί
3063 5214 3284 5301 {nam
3324 5236 3505 5304 quoque
3532 5214 3714 5304 .P‘f‘f’l‘i:

2295 5273 2344 5290 ιιι
2419 5273 2646 5291 σῑηυιιιιυι
2682 5273 2712 5288 u
2786 5273 3000 5288 νιοκσνιου
3089 5273 3283 5285 κισκπηυσ
3325 5273 3336 5279 -
3361 5273 3495 5293 ν-νΊ-νκ
3532 5288 3541 5298 ⁸

2265 5273 2404 5375 "cum,
2429 5317 2478 5361 et
2510 5273 2786 5398 Cutifwurrilt
2824 5319 2968 5376 teque
2992 5273 3114 5398 ,ξιάη
3145 5273 3714 5398 append'iciii’miaﬂgg

2274 5379 2484 5398 J-s-3_-__
2526 5386 2563 5398 Δη
2604 5393 2626 5398 _
2653 5377 2702 5398 ξ-
2763 5391 2874 5398 _-._
2923 5389 2985 5398 ..Α
3024 5374 3065 5398 ε-
3112 5388 3193 5398 ...Α
3235 5383 3368 5398 ,υκαι
3408 5381 3424 5398 ο
3621 5389 3632 5398 .

2264 5356 2486 5416 Ζιζᾷξᾷᾦῷ
2516 5356 3066 5416 ;."'.;i;-;."‘;...‘.;.".;ni..-.
3111 5356 3368 5416 ηιόιῖρι-ηίε
3408 5356 3714 5416 inmeritam
