3876 5416
107 354 274 410 1217

1140 353 1229 409 DE
1264 351 1638 411 MIRACULIS
1679 350 1738 408 S.
1780 350 2315 413 GERMANl.—LIB.
2354 357 2399 413 ι.

3266 353 3403 409 1218

185 472 290 528 20.
329 472 374 529 0
398 469 593 536 virum,
630 469 716 526 eui
751 483 965 541 semper
1011 483 1222 525 summa
1269 470 1570 537 debentur;
1619 467 1712 539 qui
1738 470 1793 531 Α
1816 467 2062 526 cellulam
2091 470 2441 530 alllictionum
2471 471 2589 544 ejus
2618 477 2674 528 et
2708 469 3046 526 cruciatuum
3091 468 3399 536 consciam;

105 582 318 624 amore
362 567 487 622 vitae
525 577 743 622 aeterna:
791 561 1149 621 voluntariam
1188 563 1467 635 amplexus
1511 577 1715 635 paupe-

103 659 287 725 riem,
324 665 495 714 totum
538 655 755 712 Christo
790 654 964 723 dedit,
994 654 1099 712 sibi
1128 654 1267 711 nihil
1298 655 1552 713 retinuit!
1583 652 1716 724 Quis

104 751 297 807 animi
330 748 448 821 ejus
474 749 708 818 facilem,
733 757 790 805 et
824 764 955 806 sane
996 749 1229 822 ingenuo
1262 749 1485 821 dignum
1526 747 1584 803 in
1613 748 1717 804 hac

100 853 284 915 parte
309 845 481 915 possit
504 842 777 915 explicare
799 842 1128 899 candorem?
1152 840 1286 911 Quis
1326 841 1491 909 bona,
1518 839 1715 911 quibus

94 954 269 1009 nunc
325 937 570 995 Ecclesia
619 935 822 993 Christi
883 950 981 1007 per
1031 934 1209 1007 ipsum
1264 934 1484 1001 fruitur,
1540 931 1716 989 relatu

102 1031 623 1102 comprehendere?
657 1028 810 1087 Unde
848 1045 994 1085 nunc
1037 1028 1279 1100 episcopi
1331 1028 1592 1108 ditantur,
1633 1026 1717 1081 vi-

100 1124 327 1181 etualia
360 1124 544 1181 clerici
574 1131 1003 1193 consequuntur,
1032 1129 1409 1178 sustentantur
1435 1118 1712 1184 monachi,

100 1224 446 1272 recreantur
478 1215 652 1287 egeni,
681 1212 841 1283 hujus
870 1212 992 1278 fuit,
1019 1228 1087 1269 ex
1116 1212 1235 1283 ejus
1273 1211 1340 1266 ad
1384 1211 1486 1267 hos
1524 1208 1711 1264 fecun—

98 1307 347 1370 dissima
376 1306 631 1378 largitate
658 1303 940 1375 profusum
966 1311 1066 1360 est.
1120 1302 1331 1371 Quanta
1362 1301 1428 1357 ad
1475 1316 1576 1357 nos
1606 1299 1717 1354 vir-

99 1406 319 1453 tutum.
364 1396 779 1467 sanetitatisque
833 1393 950 1465 ejus
1014 1393 1260 1465 exempla
1321 1388 1716 1448 manaverunt?

102 1486 341 1554 Quanto
383 1486 578 1543 latiora
602 1487 729 1543 hinc
752 1487 1058 1557 potuissent
1103 1485 1297 1545 confici
1337 1492 1713 1552 monumenta,

102 1581 397 1654 compingi
420 1580 716 1647 volumina,
742 1580 789 1636 si
816 1579 869 1636 ei
904 1579 1119 1652 degenti
1158 1579 1211 1634 in
1238 1579 1437 1636 saeculo
1469 1577 1715 1634 curiosus

1816 562 1924 629 cui,
1950 564 2158 632 nescio,
2187 564 2462 633 ostiolum,
2509 578 2578 621 an
2626 562 2922 621 fenestram
2958 560 3214 629 dixerim,
3252 568 3400 616 tanta

1819 664 1939 714 erat
1991 657 2296 715 humilitate
2361 656 2714 730 perexiguum
2774 662 2837 712 ut
2892 670 3053 713 nemo
3078 694 3094 723 ,
3152 652 3400 726 quamvis

1815 748 2063 820 quantilli
2092 749 2358 822 corporis,
2393 749 2501 807 nisi
2519 763 2720 820 pronus
2740 761 2841 819 per
2864 746 2918 803 id
2952 746 3192 818 irrepere
3213 752 3405 817 potue-

1816 841 1907 899 rit.
1930 840 2069 910 Quid
2091 841 2166 899 ibi
2197 842 2516 915 gemituum,
2539 840 2669 912 quid
2696 838 2876 897 fusum
2897 848 2983 895 est
3007 838 3403 910 lacrymarum;

1816 942 2032 1004 quanta
2076 933 2197 990 viro
2242 933 2311 990 ad
2355 931 2822 1003 contemplandum
2869 929 3042 986 Deum
3070 928 3408 986 divinissimo

1815 1026 2176 1083 revelationes
2201 1026 2395 1094 allata,
2419 1025 2674 1097 angelicae
2695 1023 3094 1081 consolationes
3117 1021 3401 1088 adhibitae;

1815 1124 2090 1187 postremo
2114 1130 2277 1188 quam
2304 1115 2500 1172 crebra
2532 1114 2928 1171 confluentibus
2956 1127 3021 1169 eo
3047 1112 3260 1184 populis
3290 1111 3405 1168 ani-

1818 1222 2029 1264 marum
2058 1222 2454 1280 corporumque
2476 1214 2731 1278 percepta
2770 1204 3043 1273 remedia;
3072 1204 3302 1261 multum
3326 1210 3409 1261 est

1817 1299 2016 1357 dicere.
2075 1298 2209 1368 Quis
2260 1298 2451 1356 saltem
2485 1297 2778 1355 efﬁcaciter
2826 1295 3061 1353 sulliciat
3109 1295 3405 1367 pensitare.

1817 1406 1958 1463 quae,
1984 1400 2208 1463 quanta,
2230 1401 2287 1448 et
2326 1406 2490 1462 quam
2533 1390 2837 1462 frequentia
2863 1388 3101 1447 fuerint?
3143 1388 3280 1456 Quia
3307 1387 3405 1443 soli

1817 1494 2032 1542 constat
2070 1485 2201 1542 Deo.
2247 1485 2541 1557 Postquam
2585 1485 2879 1555 inemptum
2921 1482 3196 1554 negotium
3221 1481 3410 1554 paucis

1815 1579 2206 1652 promovimus,
2241 1581 2308 1635 ad
2349 1594 2561 1647 eorum,
2592 1594 2712 1651 quae
2745 1578 3040 1651 gloriosum
3061 1573 3178 1646 ejus
3208 1574 3407 1630 transi-

104 1672 445 1730 adhaesisset
465 1672 681 1743 aliquis,
708 1671 801 1743 qui
830 1670 995 1727 verba
1024 1669 1159 1741 ejus,
1189 1678 1251 1726 ut
1282 1669 1493 1741 singula
1523 1669 1591 1725 ab
1617 1682 1713 1724 ore
1818 1680 1932 1730 tum
1957 1674 2243 1731 subsecuta
2269 1684 2416 1743 sunt,
2437 1685 2648 1747 partem
2669 1674 2988 1746 quantulam
3008 1671 3404 1743 explicandam,

104 1762 383 1829 fluebant,
429 1762 727 1832 exciperet,
751 1769 906 1816 actus
942 1758 1059 1831 ejus
1091 1775 1281 1817 omnes
1309 1759 1577 1817 curiosius
1613 1756 1711 1815 ob-

1818 1765 2073 1822 invocato
2104 1767 2353 1833 Domino,
2394 1767 2671 1822 accedam.

104 1861 385 1920 servaret,
418 1851 680 1909 miracula
707 1852 962 1923 denique,
999 1866 1213 1923 semper
1253 1852 1305 1908 ei
1352 1852 1408 1924 in
1458 1857 1713 1939 promptu

1891 1867 1982 1923 25.
2026 1866 2523 1938 Splendidissimus,
2549 1867 2777 1939 orbique
2797 1867 2853 1923 in
2874 1865 3114 1923 tenebris
3135 1863 3315 1936 agenti
3333 1862 3411 1917 lus

104 1944 458 2011 assistentia,
481 1943 657 2000 tenaci
683 1944 960 1999 memoria:
986 1943 1430 2000 commendaret?
1458 1928 1711 2010 Quando-

101 2039 340 2107 quidem
387 2036 694 2093 luculentus
740 2034 830 2091 ille
882 2044 1156 2107 gestorum
1187 2036 1305 2106 ejus
1331 2034 1607 2091 breviator
1632 2032 1716 2104 (ut

101 2144 217 2182 non
282 2127 516 2183 dixerim
572 2124 908 2198 explanator,
978 2124 1123 2195 quod
1182 2138 1458 2193 nunquam
1511 2123 1715 2192 absque

98 2222 376 2292 scrupulo
422 2220 508 2277 vel
563 2219 814 2291 legerim,
840 2217 927 2275 vel
955 2217 1062 2287 legi
1088 2216 1410 2289 audiverim)
1444 2216 1489 2273 si
1520 2215 1714 2271 itinera

96 2314 225 2381 ejus
256 2321 464 2369 cuncta
488 2318 860 2384 percurreret,
892 2309 939 2366 si
963 2309 1216 2365 universa
1243 2315 1711 2372 commemoraret,

96 2414 440 2475 paraturum
474 2418 535 2460 se
563 2408 901 2459 contestatur
933 2399 1157 2457 lecturis
1201 2408 1459 2470 congesta
1486 2396 1712 2468 prolixi-

96 2505 155 2553 ta
164 2506 217 2552 te
250 2496 562 2553 fastidium.

170 2599 268 2654 ῆι.
319 2599 394 2654 Et
419 2598 676 2669 quoniam
698 2597 869 2672 gloria
898 2596 1076 2654 Patris
1110 2596 1167 2653 in
1211 2610 1435 2652 suorum
1462 2592 1717 2652 clarescit

97 2689 493 2747 moderamine
536 2689 801 2757 ﬁliorum,
847 2703 881 2746 e
931 2687 1139 2753 multis,
1200 2700 1339 2758 quos
1391 2687 1444 2742 in
1497 2685 1715 2743 Christo

101 2782 251 2838 ﬁlios
277 2822 295 2849 ,
364 2780 421 2836 in
475 2779 737 2850 religione
791 2778 1031 2835 creditur
1087 2777 1342 2834 habuisse
1400 2777 1713 2847 discipulos,

104 2875 275 2931 unius
330 2881 564 2937 tantum,
622 2870 973 2942 ejusdemque
1024 2869 1404 2936 famosissimi,
1454 2869 1716 2940 castigata

108 2968 387 3026 brevitate
431 2963 659 3022 sufﬁciet
690 2963 857 3020 inseri
908 2961 1279 3019 mentionem.‘
1310 2959 1599 3028 Patricius,
1655 2967 1716 3014 ut

111 3061 409 3117 Gestorum
438 3058 555 3130 ejus
601 3057 770 3112 series
815 3055 1017 3126 prodit,
1066 3053 1373 3109 Hibernieae
1424 3051 1714 3123 peculiaris

113 3150 398 3224 apostolus
439 3148 698 3221 regionis,
727 3145 1073 3204 sanctissimo
1108 3144 1161 3201 ei
1192 3143 1534 3213 discipulatui
1565 3152 1715 3199 octo-

114 3246 295 3301 decim
329 3242 578 3299 addictus
618 3240 775 3297 annis
791 3253 837 3305 ει,
868 3254 977 3295 non
996 3237 1322 3294 mediocrem
1351 3250 1384 3291 e
1412 3235 1548 3291 tanti
1576 3250 1715 3291 vena

113 3338 286 3393 fontis
324 3336 382 3391 in
411 3332 711 3404 Seripturis
740 3329 1051 3389 caelestibus
1083 3328 1267 3386 hausit
1309 3328 1667 3385 eruditionem
1694 3343 1708 3380 :

92 3441 393 3501 quemque
436 3427 494 3482 in
543 3424 805 3497 religione
849 3422 1282 3493 magnanimem,
1324 3420 1381 3475 in
1423 3418 1714 3475 virtutibus

115 3519 508 3585 excellentem,
560 3516 617 3571 in
671 3513 917 3578 doctrina
974 3521 1294 3579 strenuum,
1344 3511 1716 3569 divinissimus

116 3612 493 3672 consideravit
513 3608 793 3677 Pontifex;
822 3608 1178 3679 ineptumque
1203 3608 1425 3675 ducens,
1453 3605 1716 3663 robustis-

116 3708 317 3762 simum
351 3701 645 3776 agricolam
692 3700 749 3755 in
800 3697 1086 3755 dominica:
1114 3697 1315 3769 segetis
1343 3705 1557 3769 torpere
1602 3696 1715 3753 cul-

116 3807 261 3865 tura,
319 3796 391 3852 ad
439 3804 688 3852 sanctum
721 3791 1074 3850 Ctelestinum
1108 3790 1259 3847 urbis
1301 3792 1487 3847 Romae
1518 3806 1713 3862 papam

115 3908 214 3965 per
238 3889 540 3964 Segetium,
571 3887 946 3959 presbyterum
977 3899 1158 3965 suum,
1186 3898 1312 3940 eum
1351 3882 1579 3953 direxit;
1619 3883 1714 3953 qui

114 3985 234 4041 viro
259 3979 717 4054 praestantissimo
741 3976 1030 4050 probitatis
1055 3975 1438 4033 ecclesiasticae
1466 3974 1717 4046 testimo-~

118 4080 270 4137 nium
296 4079 442 4151 apud
475 4076 659 4134 sedem
685 4075 855 4132 ferret
880 4073 1253 4146 apostolicam.
1299 4072 1467 4145 Cujus
1508 4072 1717 4144 judicio

32 4213 41 4219 α
118 4177 476 4247 approbatus,
506 4172 831 4230 auctoritate
857 4170 1046 4235 fultus,
1077 4167 1460 4225 benedictione
1484 4167 1715 4239 denique

120 4266 439 4334 roboratus,
478 4262 750 4321 Hibernia:
800 4269 986 4334 partes
1039 4260 1294 4333 expetiit,
1333 4260 1588 4333 gentique
1634 4258 1712 4314 illi

121 4356 341 4426 proprie
368 4355 526 4411 datus
567 4351 862 4424 apostolus,
913 4359 1028 4407 tum
1058 4350 1278 4422 quidem
1304 4364 1426 4406 eam
1466 4349 1713 4407 doctrina

121 4458 177 4504 et
199 4449 500 4517 miraculis,
529 4463 676 4505 nunc
716 4461 951 4519 quoque,
980 4453 1037 4503 et
1076 4444 1134 4502 in
1166 4454 1486 4518 perpetuum
1517 4444 1711 4502 miriﬁ-

124 4541 203 4599 cis
228 4541 565 4614 apostolatus
588 4542 671 4599 sui
702 4540 941 4597 illustrat
966 4538 1281 4611 privilegiis.

192 4641 284 4697 ΕΞ.
323 4640 629 4712 Singularis
674 4639 991 4695 meritorum
1040 4638 1158 4708 ejus
1210 4640 1447 4711 potentia
1490 4639 1596 4696 hoc
1649 4655 1721 4711 se,

128 4719 689 4819 tuetur'argumento,
716 4729 860 4800 quod
892 4744 991 4799 per
1012 4744 1202 4786 omnes
1231 4745 1454 4803 aggeres
1498 4729 1709 4788 itineris

131 4823 233 4889 sui,
274 4823 579 4894 ubicunque
608 4829 703 4878 aut
731 4822 928 4887 oravit,
961 4828 1056 4876 aut
1083 4821 1284 4888 docuit,
1319 4838 1491 4894 usque
1520 4823 1576 4877 in
1607 4823 1708 4881 ho-

130 4915 372 4969 diernum
394 4913 538 4968 diem
566 4912 819 4970 oratoriae
861 4912 1034 4978 cellae,
1062 4920 1119 4968 et
1152 4912 1303 4986 signa
1348 4912 1539 4971 Crucis
1567 4914 1710 4973 elata

129 5001 480 5075 praefulgent;
539 5011 878 5060 monstratur
927 5003 1197 5074 hodieque
1247 5004 1303 5059 in
1358 5007 1715 5079 monasterio,

129 5091 263 5159 quod
297 5092 413 5163 ipse
440 5091 770 5158 construxit,
805 5092 1124 5161 oratorium,
1147 5102 1337 5165 postea
1360 5094 1477 5166 ejus
1515 5110 1714 5158 conse-

129 5190 326 5237 cratum
379 5184 636 5252 nomine;
681 5182 778 5240 ubi
833 5184 1211 5243 incunctanter
1262 5186 1532 5258 novimus,
1587 5205 1715 5253 esse

1741 3211 1788 3275 C

1738 4580 1793 4641 D

1820 1974 1946 2016 men
1967 1958 2405 2031 inexstinguibile
2430 1960 2586 2015 datus
2608 1959 2838 2015 domnus
2862 1958 3165 2015 Germanus
3197 1955 3406 2027 episco-

1818 2066 1941 2123 pus,
1965 2061 2089 2123 post
2115 2052 2489 2133 inimitabilem
2516 2053 2573 2108 in
2599 2049 2796 2109 saeculo
2813 2052 3002 2119 vitam,
3031 2058 3155 2122 post
3186 2047 3404 2111 Gallias,

1819 2142 2261 2214 Britanniasque,
2277 2145 2449 2214 ipsam
2474 2144 2706 2215 denique
2731 2142 2940 2199 Italiam
2963 2143 3209 2199 doctrina
3230 2149 3287 2197 et
3310 2140 3410 2196 mis

1820 2235 2018 2292 raculis
2051 2251 2346 2307 respersas,
2387 2251 2419 2291 a
2446 2234 2665 2293 Christo
2692 2235 2921 2292 Domino
2943 2243 3191 2301 vocatus,
3223 2232 3410 2305 saluti-

1818 2324 2046 2396 feroque
2074 2325 2410 2382 confortatus
2437 2326 2668 2392 Viatico,
2701 2326 2844 2397 apud
2893 2325 3208 2382 Ravennam
3246 2322 3411 2378 italiae

1818 2417 2093 2473 civitatem
2131 2416 2335 2488 Spiritu
2383 2424 2573 2474 saneto
2613 2416 2806 2488 plenus
2835 2416 2994 2484 obiit,
3028 2413 3410 2470 Valentiniano

1814 2510 2050 2584 juniore,
2081 2509 2384 2568 Constantii
2430 2510 2560 2577 ﬁlio,
2603 2525 2728 2566 cum
2775 2517 2952 2565 matre
2997 2508 3234 2565 Placidia
3264 2507 3412 2563 orbis

1820 2611 2094 2659 terrarum
2133 2601 2409 2659 obtinente
2454 2601 2863 2670 monarchiam;
2897 2616 2929 2655 a
2973 2600 3169 2672 quibus
3212 2598 3410 2661 ibidem

1818 2712 1919 2769 pro
1946 2696 2306 2753 admiratione
2335 2696 2662 2764 sanctitatis,
2687 2704 2851 2767 atque
2887 2694 3207 2751 assiduitate
3245 2693 3411 2749 mira-

1820 2786 2086 2855 culorum,
2113 2795 2174 2843 ut
2197 2786 2335 2843 liber
2362 2786 2650 2844 Gestorum
2682 2788 2799 2858 ejus
2830 2776 3007 2843 satius
3024 2785 3281 2858 explicat,
3314 2784 3413 2840 bo.

1802 2880 2045 2937 .norifice
2089 2890 2394 2953 susceptus,
2444 2881 2673 2937 Domino
2701 2879 2920 2937 Christo
2952 2880 3055 2936 sibi
3093 2885 3408 2951 apparente,

1818 2972 2000 3029 obitus
2027 2972 2110 3028 sui
2153 2986 2497 3043 praenoscens
2534 2972 2699 3039 diem,
2739 2971 2911 3027 multa
2943 2970 3075 3028 licet
3119 2986 3243 3027 eum
3273 2967 3411 3023 ditiis

1820 3065 2022 3122 cultate
2060 3064 2321 3133 obtinuit,
2344 3072 2407 3120 ut
2448 3063 2603 3137 gleba
2632 3064 2716 3121 sui
2741 3065 2986 3136 corporis
3009 3064 3244 3136 propriae
3286 3063 3411 3119 red-

1819 3158 2041 3218 deretur
2075 3158 2301 3215 civitati.
3078 3184 3081 3187 λ

1885 3260 1981 3317 24.
2018 3256 2195 3315 Causa
2243 3268 2503 3330 praeterea
2555 3261 2911 3333 profectionis
2950 3262 3070 3332 ejus
3096 3262 3409 3319 Ravennam

1817 3364 1981 3421 quam
2007 3365 2116 3406 non
2141 3350 2349 3407 incerta
2374 3351 2461 3409 vel
2488 3351 2709 3409 fortuita
2747 3354 2934 3420 fuerit,
2959 3354 3097 3410 Viue
3137 3352 3255 3423 ejus
3290 3363 3411 3410 tex-

1817 3451 1908 3501 tus
1948 3444 2190 3501 declarat
2220 3463 2234 3500 :
2278 3445 2533 3517 quodque
2562 3447 2653 3504 hic
2702 3449 3138 3520 recapitulatum,
3164 3450 3267 3506 erit
3294 3449 3411 3507 for-

1817 3544 1964 3592 tasse
2010 3550 2118 3590 non
2184 3534 2563 3593 inofﬁciosum.
2616 3536 2713 3594 Vir
2758 3539 3077 3612 magnificus
3111 3540 3301 3597 Aetius
3345 3555 3410 3597 ea

1817 3633 2141 3698 tempestate
2189 3626 2501 3698 reipublicae
2568 3629 2830 3701 patricius
2878 3644 2943 3687 ac
2998 3639 3182 3688 rector
3230 3630 3408 3696 datus,

1814 3721 2155 3777 Armoricani
2179 3731 2508 3794 provocatus
2530 3722 2822 3782 insolentia
2854 3726 3035 3797 populi
3060 3724 3238 3798 (cujus
3263 3724 3409 3783 leves

1816 3819 1871 3866 et
1909 3811 2298 3883 indisciplinati
2335 3814 2503 3869 animi
2535 3830 2662 3872 raro
2704 3831 2945 3887 unquam
2970 3832 3101 3889 erga
3138 3816 3411 3888 principes

1816 3900 1944 3957 fidei
1973 3916 2263 3959 servavere
2299 3905 2689 3979 constantiam)
2714 3905 2946 3963 Eochari
2972 3905 3268 3963 Alanorum
3296 3907 3410 3977 regi

1817 3992 2155 4051 ferocissimo
2199 3993 2475 4066 regionem
2522 3995 2668 4052 illam
2718 4012 2820 4068 pro
2847 3996 3160 4055 rebellionis
3208 3995 3411 4054 ultione

1818 4085 2201 4163 invadendam,
2243 4087 2655 4161 subjugandam,
2692 4090 3122 4160 vastandamque
3148 4088 3411 4161 permise-‘

1817 4187 1924 4233 rat.
1977 4177 2151 4246 Quam
2196 4188 2319 4233 cum
2367 4179 2633 4236 barbarus
2667 4174 3043 4238 crudelissime
3095 4181 3406 4249 invasisset,

1814 4286 1923 4327 non
1970 4277 2083 4325 tam
2129 4269 2340 4341 praeda!
2362 4266 2634 4343 congerie,
2683 4268 2846 4341 quam
2893 4272 3041 4328 crede
3085 4271 3309 4329 allectus
3355 4282 3410 4329 et

1816 4364 2108 4437 sanguine;
2139 4364 2489 4422 beatissimus
2515 4365 2840 4435 Germanus,
2880 4367 2997 4439 jam
3029 4367 3081 4423 ei
3120 4382 3408 4440 progresso

1816 4462 2138 4526 armatoque
2165 4455 2312 4512 inter
2337 4457 2562 4514 hostiles
2609 4459 2841 4529 impetus
2885 4475 3201 4526 occurrens,
3249 4460 3410 4526 mira-

1816 4548 1909 4605 bili
1935 4547 2276 4604 auetoritatis
2301 4549 2609 4605 constantia
2647 4552 2922 4622 (quodque
2944 4550 3214 4607 universis
3237 4551 3305 4604 ab
3343 4567 3409 4605 eo

1817 4641 2049 4712 patratis
2096 4641 2373 4698 miraculis
2426 4641 2637 4699 aestimo
2682 4642 3117 4715 praeferendum)
3166 4642 3409 4697 animum

1816 4733 2075 4804 compulit
2100 4732 2337 4791 ferocem
2374 4733 2668 4803 deponere,
2711 4734 3017 4792 exercitum
3063 4750 3342 4801 revocare,
3380 4751 3413 4788 a

1817 4823 2111 4896 provincia:
2135 4826 2440 4883 vastatione
2462 4824 2757 4895 desistere;
2781 4844 2846 4884 ea
2869 4826 3182 4884 conditione
3209 4833 3413 4890 tamen,

1818 4928 1879 4975 ut
1898 4919 2074 4984 venia,
2102 4936 2267 4992 quam
2297 4918 2567 4975 barbarus
2588 4922 2941 4991 pratstiterat,
2979 4921 3049 4976 ab
3094 4920 3419 4991 imperatore

1819 5011 1907 5067 vel
1946 5012 2015 5067 ab
2052 5011 2214 5072 Aetio
2239 5017 2539 5086 peteretur.
2568 5011 2641 5069 Ut
2670 5029 2800 5088 ergo
2836 5018 3083 5080 coeptum
3110 5010 3422 5066 misericor—

1821 5102 1926 5160 diae
1956 5104 2258 5174 compleret
2283 5100 2543 5168 cilicium,
2574 5103 2822 5163 decursis
2843 5099 3159 5169 Gallicanis,
3194 5099 3282 5156 vel
3319 5099 3425 5154 lta-

1819 5193 1946 5253 licis
1965 5194 2301 5265 civitatibus,
2346 5191 2640 5266 multisque
2665 5198 2782 5272 ipso
2812 5196 2871 5252 iu
2902 5190 3100 5249 itinere
3122 5190 3427 5251 declaratus
