3876 5416
12 276 205 334 1221
668 289 686 304 ’
1088 272 1178 333 DE
1213 272 1588 334 MIRACULIS
1628 271 1686 330 S.

1727 270 2139 335 GERMANI.-—
2163 272 2290 329 LIB.
2335 270 2373 330 l.
3230 275 3371 333 {222

7 392 363 449 rissimum
375 387 919 469 Phrygiaeexsilium,
938 402 969 445 a
988 402 1095 461 quo
1117 396 1240 461 post
1258 386 1678 461 quadriennium
1706 386 1757 453 Α
1774 384 2076 453 Dominum
2094 387 2382 453 meruerit,
2401 385 2601 465 nemini
2623 385 2691 442 de
2710 394 2905 445 caetero
2927 384 3080 443 licuit
3098 388 3370 458 dubitare;

12 484 370 553 remeavit,
411 483 572 556 longo
594 480 712 554 jam
734 480 1014 541 confectus
1042 483 1215 552 senio,
1248 484 1518 554 rebUsque
1548 497 1682 554 pace

13 577 323 646 reddita,
353 591 549 643 novam
573 584 701 633 tunc
728 576 784 633 in
814 576 950 635 urbe
978 592 1074 633 sua
1104 575 1259 633 miles
1278 575 1392 646 jam
1421 574 1682 633 emeritus
1708 572 1717 643 ξ

16 670 358 728 condebat
382 668 691 727 ecclesiam.
720 666 875 725 Hanc
893 677 953 725 ut
976 668 1281 727 Germanus
1308 666 1677 730 beatissimus,

15 760 348 821 Ravenna
377 762 611 828 rediens,
634 760 931 839 dedicaret,
971 761 1169 819 obnixe
1200 764 1521 835 deprecatus
1556 768 1641 817 est
1666 777 1679 816 :
1710 824 1711 827 η

20 854 211 924 quod
252 870 321 912 se
345 852 593 911 devotius
619 850 966 925 impleturum
992 853 1137 911 serio
1165 840 1511 924 repromisit.‘

112 945 231 1007 29.
280 945 482 1005 Actum
519 952 606 1003 est
655 953 747 1011 ut,
787 943 1090 1003 beatissimi
1146 942 1476 1017 confessoris
1529 958 1680 1001 com-

26 1044 228 1108 perto
267 1036 496 1095 decessu
518 1076 534 1103 ,
569 1035 637 1092 ad
666 1050 780 1095 suae
804 1034 1272 1101 consecrationem
1300 1032 1573 1107 basilicae,
1623 1043 1681 1091 ut

26 1143 179 1187 mos
200 1126 344 1189 fert
373 1127 808 1196 ecclesiasticus,
843 1126 1101 1198 praefatus
1130 1126 1379 1200 pontifex
1418 1142 1477 1185 se
1512 1142 1681 1200 appa-

32 1226 254 1288 raret;
294 1219 443 1293 quod
466 1218 570 1296 [αι.
599 1219 788 1292 quam]
816 1235 941 1278 cum
966 1220 1284 1297 solemniter
1310 1220 1679 1295 ingressurus,

34 1312 287 1383 pbaros
311 1327 381 1373 ex
407 1326 561 1379 more
582 1313 911 1385 compositas
930 1312 1189 1391 iussisset
1212 1312 1435 1381 accendi
1459 1313 1681 1387 (mirum

44 1407 233 1467 dictu
282 1408 431 1480 quod
477 1407 584 1481 est)
620 1407 842 1469 adinota
888 1406 1108 1482 ﬂamma
1156 1407 1317 1467 nullis
1361 1407 1683 1485 lychnorum

42 1502 258 1575 excipi
308 1502 487 1574 puniit
545 1501 864 1572 alimentis;
919 1500 1330 1575 quanquam'id
1366 1516 1475 1558 non
1517 1498 1685 1561 semel

42 1608 168 1651 nec
201 1595 452 1668 simplici
494 1603 762 1667 tentatum
809 1604 968 1665 arte,
1014 1595 1221 1655 frustra
1270 1594 1682 1677 persistentium

47 1704 282 1747 manus
324 1691 550 1753 eluserit
597 1691 996 1749 ministrorum.
1047 1690 1293 1762 Cumque
1317 1703 1417 1761 per
1443 1689 1558 1746 dies
1588 1687 1684 1745 ali-

1785 472 1911 536 ante
1949 479 2104 552 cujus
2158 480 2382 539 exuvias
2427 474 2772 537 honorandas
2818 479 2916 554 [αι.
2958 483 3286 559 adorandas]
3320 484 3395 540 ir'

1784 572 2023 631 externis
2046 590 2262 647 quoque
2292 572 2600 646 regionibus
2620 583 2805 630 tantus
2826 573 3099 648 signorum
3124 577 3364 647 splendor

1784 664 2007 723 emicuit
2034 684 2047 720 :
2085 665 2229 741 quod
2276 662 2507 721 fortasse
2535 664 2634 721 soli
2663 672 2939 735 constaret
2964 665 3105 733 Deo;
3136 667 3238 724 nisi
3270 670 3345 725 mi

1784 756 2035 831 rabilium
2062 755 2367 830 frequentia
2398 757 2451 813 id
2487 758 2674 831 generi
2705 757 3035 829 declarasset
3059 759 3318 818 humano.

1856 850 1946 910 51.
1988 851 2195 922 Quibus
2237 854 2311 909 ita
2353 855 2591 921 exactis,
2638 854 2741 912 viae
2782 856 3047 937 redditur,
3100 846 3375 930 novusque

1784 947 2169 1017 obsequiorum
2210 947 2393 1014 ardor,
2441 957 2762 1009 cunctorum
2808 949 3032 1008 innatus
3081 951 3392 1020 mentibus,

1783 1053 1915 1112 erga
1943 1038 2117 1096 sancti
2144 1038 2350 1096 funeris
2376 1040 2560 1097 munia
2592 1036 2918 1098 cumulatur.
2966 1038 3261 1101 Crescebat
3294 1036 3389 1100 in?

1784 1147 1916 1205 gens
1958 1130 2318 1206 undecunque
2376 1134 2777 1190 occurrentium
2816 1135 3178 1203 numerositas
3211 1146 3355 1207 popn
3386 1144 3389 1147 ‘

1785 1223 1960 1282 lorum
1980 1266 1996 1295 ,
2026 1223 2154 1282 dum
2185 1234 2239 1282 et
2268 1241 2442 1283 novus
2470 1224 2604 1282 locis
2636 1227 2863 1300 singulis
2893 1229 3183 1295 comitatus
3219 1224 3385 1286 accel

1786 1315 1975 1385 deret;
2012 1325 2069 1377 et
2091 1325 2486 1391 prosequentes
2513 1331 2757 1391 quosque
2797 1318 3007 1376 itineris
3043 1308 3385 1376 continuatio

1790 1423 1901 1466 non
1948 1408 2188 1465 taederet.
2224 1406 2485 1467 Vectandi
2515 1420 2805 1473 successus
2850 1413 3097 1494 corporis
3128 1410 3373 1482 cunctis,

1785 1515 2098 1573 quanquam
2127 1516 2248 1559 sese
2276 1498 2541 1559 violenter
2578 1496 2918 1577 ingererent,
2946 1494 3238 1581 provenire
3264 1512 3375 1562 non

1784 1586 2001 1664 potuit':
2039 1592 2239 1664 quibus
2272 1602 2456 1652 tamen
2495 1596 2788 1653 accedendi
2816 1590 2921 1654 fuit
2946 1592 3138 1669 copia,
3166 1586 3383 1655 vicibus

1787 1685 1982 1743 cessit:
2008 1693 2064 1740 at
2084 1700 2220 1756 quos
2241 1684 2454 1749 irruens
2476 1685 2783 1759 frequentia
2804 1688 3053 1753 cominus
3074 1690 3127 1745 id
3145 1684 3384 1763 tractare

50 1792 208 1853 quot
240 1798 411 1841 casso
438 1783 671 1840 iteratus
696 1784 851 1842 labor
878 1782 1249 1856 perstantibus
1274 1781 1686 1854 perturbaretur
1715 1773 1763 1838 Β
1787 1775 2098 1854 prohibuit,
2129 1774 2297 1833 ofﬁcii
2329 1793 2501 1853 genus
2526 1788 2646 1835 erat
2671 1779 2845 1839 oculis
2874 1779 3166 1848 deducere,
3198 1791 3263 1836 ac
3288 1790 3381 1838 vo-

50 1878 414 1947 obstaculis,
446 1879 665 1939 insolito
690 1879 895 1951 negotii
922 1877 1164 1950 percitus
1192 1876 1495 1949 intercepta
1517 1916 1533 1943 ,
1566 1891 1596 1947 a
1627 1890 1687 1933 re

50 1971 364 2042 proposita
399 1970 769 2031 desistendum
786 1968 1056 2040 judicavit
1075 1969 1389 2041 episcopus;
1414 1968 1563 2042 quod
1588 1966 1693 2053 sibi

50 2063 412 2136 cunctisque
439 2070 716 2121 constaret
753 2060 1263 2128 evidentissimum,
1306 2059 1560 2132 impediri
1591 2074 1691 2116 en-

53 2155 244 2213 caenii
272 2155 637 2223 functionem,
677 2164 772 2212 aut
792 2156 847 2212 in
872 2155 1148 2213 diversum
1177 2153 1535 2231 differendam
1556 2161 1692 2211 tem-

52 2263 192 2319 pus,
228 2256 341 2305 aut
392 2247 666 2320 pontiﬁcis
707 2247 932 2304 alterius
956 2246 1138 2304 ofﬁcio
1160 2245 1451 2305 reservari.
1474 2245 1694 2305 Interea

54 2338 389 2395 venerandi
431 2338 640 2397 funeris
687 2339 879 2396 adesse
925 2354 1201 2413 pompam,
1254 2338 1413 2396 famae
1450 2355 1691 2411 praecur-

52 2430 247 2497 rentis
314 2429 598 2487 muniatur
649 2431 850 2489 indicio
877 2448 893 2500 ;
925 2432 1015 2489 cui
1036 2431 1416 2503 prosequendo
1437 2432 1559 2503 quis
1580 2447 1695 2509 anon

57 2529 438 2593 emergeret;
484 2537 648 2594 quem
675 2523 909 2595 propriae
934 2523 1126 2581 salutis
1154 2524 1364 2581 incuria
1393 2539 1504 2582 non
1533 2539 1695 2598 urge-

65 2615 207 2674 reti
256 2614 595 2687 Congestum
660 2617 900 2688 undique
954 2617 1097 2689 rapit
1147 2633 1341 2690 agmen
1377 2619 1693 2691 episcopus;

75 2708 465 2780 impensaque
485 2708 787 2765 devotionis
802 2708 999 2765 ofﬁciis
1021 2718 1307 2781 exceptum
1333 2725 1530 2781 corpus
1554 2711 1697 2769 intra

74 2801 193 2875 iam
218 2802 385 2858 dicta
408 2790 649 2861 basilicae
670 2802 933 2859 ambitum
959 2802 1278 2860 introduxit.
1295 2804 1448 2872 Quod
1474 2804 1567 2860 ubi
1587 2803 1697 2877 pri-

79 2910 206 2951 mas
234 2893 439 2951 adium
466 2903 652 2965 partes
682 2895 884 2967 attigit,
898 2895 977 2952 ita
995 2896 1251 2955 universa
1278 2895 1546 2953 luminum
1574 2910 1699 2956 con-

83 2986 271 3061 geries
310 2986 525 3043 coalitus
554 2985 889 3047 inﬂammata
920 2986 1196 3061 perfulsit,
1224 2997 1287 3047 ut
1311 2989 1487 3060 palam
1516 2990 1697 3060 ﬁeret,

86 3079 153 3137 ad
183 3079 335 3136 sacri
360 3079 662 3150 exsequias
684 3080 930 3152 corporis
952 3081 1045 3139 hic
1073 3096 1289 3153 quoque
1316 3098 1425 3153 non
1465 3082 1699 3143 defuisse

89 3171 293 3230 divina
310 3174 657 3245 prasentiam
679 3173 1008 3245 maiestatis;
1034 3176 1161 3233 dum
1181 3190 1302 3247 quae
1319 3177 1573 3237 humanis
1591 3193 1698 3235 non

88 3272 379 3321 cesserant
394 3265 644 3338 ingeniis,
665 3265 864 3325 divinis
878 3266 1047 3324 facile
1064 3266 1287 3325 nutibus
1301 3269 1696 3327 deserviebant.

161 3357 254 3414 50.
300 3357 441 3414 Tum
465 3359 847 3416 sanctissimus
870 3360 1138 3418 Eusebius
1160 3360 1271 3429 voti
1297 3361 1382 3418 sui
1423 3362 1697 3430 conscius,

97 3451 594 3529 promissionisque
643 3468 677 3509 a
720 3460 913 3511 sancto
944 3462 1217 3526 percepta:
1252 3469 1361 3511 non
1390 3455 1696 3526 immemor,

98 3558 157 3600 re
176 3545 347 3602 altius
368 3559 630 3617 expensa,
649 3547 902 3619 quodque
916 3545 1230 3606 cmlestibus
1250 3555 1371 3605 erat
1391 3548 1697 3606 confectum

101 3637 384 3710 auspiciis,
417 3637 671 3696 humanis
720 3638 963 3712 ineptum
1003 3639 1209 3698 ducens
1252 3639 1572 3697 ministeriis
1612 3653 1701 3697 re-

100 3731 334 3798 tentari;
369 3728 782 3798 Sanctissimus,
814 3732 913 3799 ait,
945 3732 1252 3790 Germanus
1280 3740 1456 3805 pacta:
1489 3747 1701 3790 memor

102 3821 431 3899 sponsionis,
448 3838 519 3879 ne
536 3825 651 3881 voti
672 3824 845 3881 nostri
865 3824 1275 3896 imperfectione
1297 3834 1696 3898 torqueremur,

104 3917 248 3987 quod
274 3917 465 3974 vivens
490 3919 843 3990 promiserat,
864 3928 1116 3978 mortuus
1139 3920 1366 3992 implere
1392 3935 1499 3977 non
1525 3920 1699 3978 distu-

107 4007 168 4067 lit
208 4028 223 4067 :
277 4014 611 4084 quapropter
656 4012 931 4083 susceptis
986 4020 1098 4070 tam
1150 4012 1494 4072 evidentibus
1515 4054 1531 4081 ,
1586 4021 1698 4077 tam

108 4106 382 4176 praecelsis
399 4146 416 4175 ,
450 4114 564 4161 tan
593 4105 827 4178 denique
853 4105 1219 4178 singularibus
1246 4105 1552 4163 sanctitatis
1579 4106 1698 4177 ejus

116 4198 467 4265 testimoniis,
513 4199 582 4255 ad
619 4198 984 4272 exigendum,
1035 4199 1182 4271 quod
1215 4198 1415 4256 divinis
1451 4206 1699 4271 superest

119 4292 403 4364 mysteriis,
430 4292 723 4364 implorato
744 4293 1001 4361 Domino,
1024 4293 1395 4364 accingamur.
1428 4294 1507 4352 lta
1530 4295 1692 4363 fatus,

121 4384 185 4441 ad
229 4386 400 4442 altare
446 4401 507 4443 se
550 4385 826 4454 contulit,
876 4394 932 4443 et
961 4385 1148 4445 Gloria
1193 4387 1251 4442 in
1296 4387 1527 4446 excelsis
1562 4387 1697 4457 Deo,

1792 1868 1945 1926 cibus
1974 1865 2165 1923 intimo
2187 1866 2495 1928 devotionis
2516 1868 2665 1926 fonte
2691 1872 3037 1929 manantibus
3062 1876 3381 1944 personare.

1790 1961 2030 2019 Plurima
2067 1976 2165 2034 per
2201 1962 2308 2019 iter
2352 1971 2557 2033 totum,
2601 1974 2715 2022 tum
2743 1965 2993 2023 ecclesiis
3021 1965 3137 2038 ejus
3164 1967 3385 2024 nomine

1794 2054 2090 2125 dedicatis,
2140 2062 2253 2111 tum
2292 2055 2463 2113 titulis
2504 2057 2739 2129 sparsim
2777 2056 2992 2127 afﬁxis,
3035 2056 3386 2131 beatitudinis

1794 2146 1912 2222 ejus
1941 2156 2294 2206 monumenta
2322 2156 2697 2207 monstrantur
2732 2168 2745 2206 :
2786 2164 3111 2226 quocunque
3141 2151 3385 2209 locorum

1796 2252 1891 2303 aut
1915 2242 2290 2315 pernoctavit,
2324 2254 2417 2301 aut
2445 2261 2676 2321 pausam
2711 2246 2899 2317 duxit,
2931 2247 3242 2327 sanctitatis
3269 2247 3387 2321 ejus

1795 2332 1972 2393 adhuc
2000 2336 2312 2395 notabiliter
2334 2330 2567 2396 ilorente
2597 2340 2880 2397 memoria.
3300 2334 3305 2341 ’

1802 2488 1807 2495 ί
1869 2429 1957 2486 52.
1994 2426 2239 2493 Pretium
2269 2429 2617 2504 deputabitur
2640 2448 2846 2505 operae,
2894 2433 2949 2491 id
2987 2433 3252 2511 intactum
3280 2444 3388 2493 non

1798 2524 2093 2595 excedere;
2120 2523 2354 2597 qualiter
2376 2526 2551 2583 sancti
2574 2542 2860 2595 excessum
2875 2524 3157 2587 Pontiﬁcis
3178 2512 3389 2586 cunctis

1799 2631 2012 2688 semper
2040 2608 2333 2679 consulens
2362 2614 2547 2689 divina
2577 2618 2916 2695 providentia
2935 2661 2952 2689 ,
2990 2616 3135 2692 plebi
3176 2604 3390 2701 quoque

1800 2725 1912 2775 suae
1934 2708 2223 2780 orbitatem
2249 2711 2526 2784 propriam
2555 2711 2735 2770 adhuc
2758 2708 3033 2787 ignoranti
3058 2714 3389 2797 compertam

1796 2803 1918 2877 fore
1954 2802 2202 2879 voluerit.
2264 2803 2538 2862 Saturnus
2563 2816 2589 2847 τι
2617 2812 2735 2864 erat
2784 2800 3084 2869 beatissimi
3130 2806 3390 2866 Germani

1798 2896 2086 2970 presbyter
2108 2906 2168 2961 et
2195 2890 2517 2970 discipulus,
2540 2898 2654 2955 vita
2680 2902 2835 2973 aeque
2859 2884 3301 2975 probatiSSimus,
3328 2884 3391 2958 ac

1796 2995 1991 3085 faueto
2018 2984 2150 3046 Viro
2182 2984 2529 3061 lamiliariter
2556 2980 2807 3049 dilectus.
2847 2988 3024 3069 ls,.eo
3056 2976 3304 3085 profecto
3333 2990 3393 3049 in

1796 3068 2012 3141 italiam
2034 3123 2052 3152 ,
2096 3079 2256 3163 jussu
2286 3083 2403 3156 ejus
2431 3084 2487 3141 in
2516 3084 2654 3142 urbe
2680 3068 3215 3156 remanserathrm
3263 3099 3393 3157 ergo

1724 3148 1771 3213 ε
1803 3184 1965 3237 nocte
2021 3148 2077 3239 et
2096 3148 2398 3253 "gloriosus
2449 3174 2667 3253 Domini
2714 3171 3011 3238 confessor
3043 3148 3392 3256 et~pontifex

1800 3267 1943 3342 apud
1979 3266 2297 3339 Ravennam
2328 3260 2472 3324 felici
2504 3269 2760 3349 migravit
2795 3286 3058 3345 excessu,
3100 3272 3148 3329 is
3180 3286 3395 3347 quoque

1800 3359 2161 3417 Antissiodori
2205 3359 2447 3431 positus,
2483 3348 2983 3433 splendidissimum
3030 3364 3148 3438 ejus
3194 3354 3395 3424 transi-

1802 3462 1937 3522 tum,
1966 3453 2160 3528 angelo
2181 3454 2472 3526 pandente,
2499 3456 2771 3526 cognovit,
2795 3472 2860 3514 ac
2881 3458 3064 3514 divina
3089 3458 3392 3533 instructus

1800 3547 2166 3616 revelatione,
2209 3547 2421 3622 populis
2460 3548 2844 3621 denuntiavit;
2900 3566 3133 3623 quorum
3186 3553 3393 3631 ingenti

1799 3657 1986 3721 secum
2013 3652 2204 3699 coacta
2228 3642 2595 3712 multitudine,
2624 3642 2691 3701 ad
2711 3642 2925 3716 Alpium
2948 3644 3077 3735 juga
3102 3657 3359 3727 properat
3376 3689 3392 3718 ,

1801 3736 1890 3793 ubi
1943 3735 2221 3809 excipiunt
2271 3734 2458 3793 Gallia:
2516 3746 2807 3810 patronum
2856 3734 3138 3821 propritim
3167 3781 3183 3808 ,
3239 3749 3391 3797 tanto

1798 3833 1916 3906 ejus
1947 3830 2127 3889 funeri
2164 3831 2491 3904 propensius
2519 3834 2837 3904 servitum,
2884 3844 3087 3909 quanto
3112 3834 3390 3913 potiorem

1798 3925 2126 4000 famulatum
2177 3927 2508 3999 reverentia:
2556 3928 2750 3986 mistus
2798 3930 3000 4005 amoris
3038 3922 3397 4007 extorquebat

1798 4018 2042 4085 ail‘ectus.
2070 4018 2186 4078 Hoc
2211 4034 2318 4077 non
2344 4021 2778 4087 commeantium
2801 4032 3022 4107 estrnec
3036 4038 3171 4107 vena
3193 4010 3396 4098 ingenii

1794 4114 2093 4187 prurientis
2128 4124 2417 4187 extusutn;
2448 4131 2639 4183 verum
2666 4117 3037 4175 vetustissimo
3068 4118 3395 4191 insculptum

1796 4209 2083 4289 marmori,
2114 4210 2386 4281 scriptura
2418 4224 2635 4283 quoque
2670 4211 2787 4284 ipsa
2824 4213 3168 4283 antiquitatis
3197 4228 3398 4285 reprae-

1798 4310 2051 4361 sentante
2082 4303 2483 4371 characterem,
2515 4302 2658 4374 apud
2693 4319 2793 4361 nos
2822 4298 3093 4379 hodieque
3124 4312 3393 4360 servatur.

1869 4393 1960 4451 55.
1997 4393 2334 4465 Crediderim
2370 4410 2535 4464 sane,
2568 4394 2859 4458 nonnullos
2886 4408 2920 4449 a
2949 4393 3231 4463 Ravenna,
3271 4409 3397 4457 san-

124 4489 316 4550 quanto
350 4480 529 4553 potuit
570 4496 798 4550 canore,
847 4482 1157 4553 persultans
1177 4522 1193 4551 ,
1241 4480 1440 4539 festum
1482 4482 1700 4557 populis
1725 4522 1781 4586 D
1805 4485 2010 4547 ctitatis
2040 4484 2158 4557 ejus
2188 4487 2615 4559 expertissimos,
2646 4502 2773 4571 cum
2798 4486 2941 4544 sacri
2968 4486 3120 4556 gleba
3151 4485 3396 4558 corporis

125 4571 307 4629 indixit
333 4575 497 4632 diem.
544 4574 730 4633 Sacris
758 4575 1142 4648 episcopaliter
1169 4574 1491 4644 celebratis,
1533 4589 1599 4631 ac
1636 4575 1703 4632 de

127 4663 397 4733 splendore
440 4666 695 4723 miraculi
726 4669 930 4738 agitato
971 4681 1255 4736 sermone,
1309 4667 1512 4725 diutius
1558 4669 1703 4738 quod

129 4755 376 4825 superfuit
410 4756 710 4825 horarum,
757 4756 1028 4828 religiosis
1079 4758 1229 4815 circa
1274 4774 1491 4814 sacrum
1539 4757 1704 4817 funus

132 4848 441 4923 mancipavit
469 4849 734 4907 excubiis.
786 4849 832 4907 Ο
855 4850 1131 4924 justorum
1164 4852 1348 4907 suavis
1390 4860 1447 4908 et
1488 4867 1705 4924 semper

134 4939 381 5000 indefecta
409 4944 705 5002 memoria!
739 4943 783 5001 Ο
812 4960 1038 5003 suorum
1066 4945 1123 5001 in
1152 4955 1453 5019 conspectu
1486 4948 1704 5006 Domini

141 5049 273 5092 mors
297 5047 554 5110 perpetuo
580 5038 819 5112 pretiosa
854 5041 1205 5097 sanctorum!
1251 5038 1394 5108 Quid
1423 5040 1524 5098 loci
1561 5043 1706 5115 apud

139 5145 333 5223 lsicbio,
359 5167 480 5223 pag.
502 5151 629 5219 448,
657 5161 713 5208 et
732 5153 874 5213 diem
911 5154 948 5210 5
974 5153 1258 5215 Februarii
1285 5155 1376 5211 ubi
1401 5156 1465 5213 de
1492 5154 1550 5211 S.
1575 5154 1707 5213 Avi-

141 5224 207 5283 to,
248 5218 549 5299 lsichii‘iilio
590 5218 648 5280 et
693 5239 1030 5293 successore,
1060 5244 1182 5299 pag.
1228 5228 1356 5284 661.
1400 5227 1517 5293 Non
1548 5242 1706 5293 _com_-

143 5291 371 5370 mandant
432 5310 561 5353 sane
599 5303 679 5370 _et
729 5291 1023 5370 utriusque
1060 5291 1315 5357 historiae
1340 5369 1350 5370 ί
1372 5291 1706 5368 similitudo,

144 5368 191 5413 et
216 5364 478 5416 utriusane
508 5368 791 5416 mrinmris
824 5364 1042 5416 ori-ﬁrm:
1077 5370 1130 5416 in
1165 5387 1228 5416 an
1266 5369 1569 5416 nalnahilne
1601 5364 1700 5416 ws;

1806 4578 2297 4653 peregrinationem
2350 4579 2454 4637 sih’i
2504 4568 2808 4655 ultroneam
2838 4579 3139 4648 indixisse,
3182 4592 3254 4636 ac
3297 4588 3399 4654 per

1808 4672 1912 4729 hoc
1937 4670 2240 4742 infatigatis
2265 4671 2485 4741 animis,
2510 4687 2824 4745 quanquam
2856 4679 3003 4729 esset
3035 4671 3125 4727 via
3163 4669 3396 4743 longior,

1809 4765 1970 4822 funus
1998 4766 2315 4824 venerabile
2341 4774 2681 4839 prosecutos.
2718 4768 2777 4823 ιη
2804 4766 3004 4838 quibus
3030 4772 3089 4851 et
3115 4780 3184 4823 ex
3205 4764 3403 4837 quibus

1808 4858 2048 4931 quinque
2096 4857 2345 4919 feruntur
2385 4857 2767 4939 famosissimas
2814 4856 3092 4932 proposito
3134 4857 3404 4930 virgines,

1809 4962 1938 5010 natu
1984 4967 2264 5025 germanae
2286 4952 2341 5021 ιι,
2372 4968 2604 5025 quarum
2650 4953 2872 5015 nomina
2900 4950 2989 5008 vel
3018 4950 3217 5009 merita
3260 4947 3407 5036 cele-

1808 5046 1963 5103 brem
2010 5046 2066 5102 in
2111 5039 2310 5108 nostra
2342 5047 2634 5121 provincia
2675 5067 2745 5111 ex
2779 5049 2942 5118 longo
2976 5045 3266 5104 obtinuere
3295 5057 3419 5102 me-

1849 5173 1909 5245 }
1948 5154 2027 5217 De
2082 5158 2323 5222 Saturno
2376 5162 2481 5221 hoc
2530 5164 2658 5229 vide
2694 5160 3109 5226 Praetermist
3157 5162 3224 5221 ad
3270 5163 3425 5220 hunc

1808 5232 1993 5380 afﬁni}:
2015 5301 2154 5380 ‘Vita
2194 5324 2296 5367 ms.
2330 5305 2387 5363 S.
2418 5305 2744 5380 Magnentire
2774 5324 2882 5367 non
2913 5307 3172 5380 dicuntur
3200 5306 3284 5362 hae
3307 5303 3429 5380 vir-

1808 5377 1962 5416 ainm
2008 5375 2183 5416 “licet.
2228 5382 2375 5416 inlau-
2410 5394 2469 5416 an
2508 5373 2783 5416 Enr-mnum
2809 5399 2821 5410 -
2875 5378 2968 5416 and
3007 5374 3063 5416 ς-
3102 5373 3430 5416 Μασηρηιίεῐδ

2410 5394 2469 5416 ΩΔ
2508 5397 2783 5416 ﬂor-mnum
2809 5399 2821 5410 ⁸
