3876 5416
569 381 707 437 1225

1561 376 1790 436 HERlCl
1829 375 2139 436 MONACHI
2175 371 2836 434 ANTISSIODORENSIS

3588 386 3670 443 ιῆι

566 489 813 547 moriam.
872 487 1074 543 llarum
1127 495 1237 544 tres
1260 529 1275 556 ,
1328 486 1415 544 his
1463 487 1743 545 vocabulis
1791 487 2097 562 Magnentia
2122 528 2137 555 ,
2165 495 2221 556 Α
2244 488 2544 555 sublimius,
2580 497 2784 561 quanto
2808 496 2893 544 est
2922 485 3166 543 Romana
3191 486 3470 545 excellentia
3491 491 3673 556 Gallicana

566 581 823 649 Palladia,
856 589 1020 652 atque
1047 579 1274 638 Camilla
1299 593 1348 648 ει,
1380 591 1440 638 ut
1464 582 1688 655 singulae
1717 582 1836 653 ipso
1861 582 1917 638 in
1947 583 2141 639 itinere

567 674 824 730 divinitus
850 683 1086 731 evocata:
1126 675 1269 732 diem
1318 675 1565 733 clausere
1607 676 1962 732 novissimum
1985 677 2037 744 ι’,
2084 676 2143 732 in

565 765 779 837 publico
808 779 1004 838 aggere
1029 765 1265 823 nobilem
1291 783 1551 840 accepere
1577 767 1910 840 sepulturam
1929 808 1945 836 ,
1971 767 2144 825 eccle-

565 858 660 914 siis
699 860 1117 929 superstructis,
1159 875 1456 932 earumque
1499 861 1806 918 sanctitatis
1836 861 2139 929 dedicatis;

563 966 685 1022 quae
713 951 981 1022 hodieque
1007 953 1078 1010 ob
1104 952 1494 1010 miraculorum
1518 952 1848 1009 evidentiam
1883 962 1939 1008 et
1972 952 2144 1009 famo-

563 1045 793 1102 sissima:
822 1055 1102 1115 constant,
1139 1057 1195 1106 et
1232 1047 1440 1120 ingenti
1478 1047 1797 1119 populorum
1826 1047 2006 1103 studio
2036 1047 2144 1104 fre-

563 1147 914 1210 quentantur.
969 1141 1246 1208 Duarum,
1296 1140 1494 1211 quibus
1539 1139 1682 1196 sacri
1731 1138 2142 1196 tumulationem

565 1232 809 1302 corporis
836 1240 921 1288 est
946 1233 1135 1290 videre
1165 1247 1483 1290 concessum
1501 1273 1516 1300 ,
1549 1232 1750 1298 altera,
1779 1232 1866 1288 cui
1896 1231 2142 1288 Maxima:

560 1323 884 1380 vocabulum
912 1323 1045 1392 fuit,
1079 1324 1225 1381 circa
1251 1325 1496 1380 eamdem
1524 1323 1806 1380 basilicam
1835 1323 1992 1379 condi
2018 1338 2143 1393 pro-

560 1415 792 1483 meruit;
841 1431 1004 1486 quam
1034 1424 1216 1472 tamen
1252 1415 1596 1486 postmodum
1641 1413 1876 1470 ambitus
1920 1411 2142 1468 fabricae

561 1505 786 1579 majoris
813 1507 1074 1564 inclusit:
1113 1507 1315 1573 altera,
1354 1504 1609 1563 Porcaria
1638 1505 1814 1571 dicta,
1850 1521 1993 1561 nono
2026 1508 2140 1560 fere

558 1602 626 1657 ab
655 1601 791 1658 urbe
821 1600 1075 1658 milliaria
1114 1601 1172 1658 in
1212 1599 1444 1657 ecclesia
1483 1600 1598 1657 suis
1635 1597 1893 1669 praeclara
1932 1597 2140 1653 meritis

557 1695 866 1767 requiescit.

626 1786 718 1842 54.
753 1786 835 1841 Ex
876 1783 1051 1856 pridie
1089 1783 1452 1841 Kalendarum
1479 1782 1844 1856 Augustarum
1873 1781 1991 1847 die,
2031 1795 2137 1850 qua

557 1878 853 1937 Confessor
871 1878 1105 1934 eximius
1127 1879 1341 1934 sarcina
1367 1877 1574 1932 levatus
1598 1877 1799 1943 carnis,
1823 1874 2133 1930 caelestibus
2162 1860 2208 1922 Β
2236 1877 2364 1934 disti
2381 1919 2396 1945 ,
2426 1894 2533 1950 quo
2561 1895 2670 1935 non
2696 1882 2854 1936 modo
2881 1879 3239 1950 praesentibus
3267 1877 3550 1941 consuleres,
3570 1891 3680 1932 rerum
3783 1860 3785 1884 ⁵

556 1980 643 2028 est
680 1972 985 2028 insinuatus
1017 1971 1273 2027 sacrariis
1292 2011 1307 2037 ,
1352 1970 1545 2026 tertius
1573 1977 1630 2024 et
1656 1967 2134 2040 quinquagesimus

553 2065 869 2121 volvebatur
891 2063 1006 2119 dies
1022 2074 1070 2130 ο,
1100 2078 1222 2120 cum
1253 2063 1394 2120 sacri
1427 2064 1710 2118 thesaurus
1739 2062 1984 2134 corporis
2008 2076 2134 2132 pro-

553 2159 687 2232 priae
709 2158 923 2215 refusus
949 2158 1092 2224 urbi,
1107 2157 1334 2214 solemni
1359 2157 1623 2228 obsequio
1646 2157 1968 2229 populorum
1990 2157 2136 2212 exci-

550 2251 717 2323 pitur,
745 2259 907 2321 atque
933 2251 1076 2305 intra
1103 2249 1440 2321 principalis,
1467 2249 1555 2306 cui
1581 2248 1814 2316 sederat,
1838 2248 1866 2290 ἀ
1888 2248 2132 2305 ecclesiae.

551 2343 810 2398 ambitum
843 2342 1260 2399 collocatum-ilbi
1299 2358 1397 2415 per
1419 2342 1608 2400 decem
1640 2342 1928 2398 continuos
1970 2353 1994 2382 ο
2015 2341 2132 2397 dies

556 2433 868 2505 ingentibus
888 2433 1191 2490 ofﬁciorum
1213 2434 1471 2506 impensis
1489 2434 1755 2490 excolitur
1775 2450 1789 2500 ;
1821 2433 1996 2489 donec
2013 2446 2133 2488 om-

548 2524 738 2592 nibus,
777 2540 896 2596 quae
925 2526 992 2582 ad
1013 2523 1105 2596 jus
1132 2527 1360 2598 sepulcri
1389 2527 1694 2599 pertinent,
1733 2525 2131 2583 ofﬁciosissime

549 2619 852 2690 apparatis,
891 2635 999 2677 non
1027 2636 1192 2691 parva
1219 2621 1440 2676 humani
1468 2620 1684 2693 generis
1711 2628 1964 2692 congesta
1991 2620 2131 2676 mul-

549 2711 808 2778 titudine,
851 2719 912 2766 ut
935 2711 1123 2768 Virum
1155 2712 1384 2769 decebat
1414 2712 1802 2785 apostolicum,
1840 2713 2129 2785 sepultum

546 2812 870 2868 traderetur.
909 2811 1132 2877 Verum,
1161 2810 1290 2881 quin
1319 2810 1376 2866 in
1402 2810 1565 2868 rebus
1592 2811 1817 2884 singulis
1840 2827 1939 2882 pro
1965 2820 2128 2882 captu

545 2897 764 2971 impune
790 2899 984 2970 cuique
1007 2899 1217 2970 opinari
1245 2899 1451 2956 licitum
1479 2909 1584 2967 est,
1613 2917 1722 2958 non
1751 2910 1954 2958 temere
1979 2902 2128 2958 dixe-

541 2991 679 3058 rim,
724 3001 1000 3049 tantorum
1051 2994 1353 3049 intercessu
1402 2994 1610 3049 dierum
1651 3010 1758 3050 non
1794 2993 2000 3051 funeris
2035 3011 2125 3052 so-

543 3080 817 3140 lummodo
836 3085 1112 3155 provisum
1133 3086 1414 3156 apparatui
1429 3103 1444 3152 ;
1459 3101 1646 3143 verum
1669 3087 2043 3145 sacerdotibus
2062 3103 2127 3145 ac

459 3163 462 3167 ’
541 3176 754 3246 populis
777 3191 809 3232 e
836 3178 1061 3234 remotis
1089 3186 1359 3234 terrarum
1387 3179 1745 3251 undecunque
1791 3183 2120 3247 occursuris,

2245 583 2620 640 mediocritate
2643 581 2984 654 provectior;
3013 590 3178 652 utque
3205 579 3358 637 Roma
3382 587 3593 655 apostolis,
3611 591 3675 647 na.

2242 692 2419 734 venna
2444 693 2658 750 quoque
2682 677 2954 734 Germano
2981 686 3248 750 perstaret
3272 676 3495 749 insignis:
3521 683 3674 740 vicerunt

2243 775 2425 824 tamen
2447 778 2671 841 paterna
2694 780 3023 842 ac‘materna
3041 769 3278 836 viscera;
3301 770 3414 825 vicit
3429 771 3675 832 desolatorun

2245 877 2397 918 amor
2446 870 2502 918 et
2547 861 2759 920 aﬁ‘ectio
2811 861 3045 920 ﬁliorum
3066 903 3082 930 ,
3135 876 3270 934 quos
3309 861 3501 933 qualiter
3537 867 3673 934 vivens,

2243 970 2514 1026 quamque
2563 956 2806 1029 impense
2855 956 3124 1014 dilexeras
3146 999 3161 1023 ,
3217 963 3437 1012 mortuus
3473 957 3675 1016 declat-isti.

2243 1046 2323 1102 Ita
2355 1057 2530 1115 certe,
2565 1049 2640 1104 ita
2673 1059 2823 1106 tuam
2852 1050 3108 1118 decebat,
3148 1049 3307 1106 Pater
3331 1051 3586 1122 aequissime,
3605 1070 3677 1110 san-

2243 1139 2516 1207 ctitatem;
2556 1149 2616 1197 ut
2643 1142 2736 1212 qui
2769 1157 2871 1214 pro
2906 1151 3254 1199 externorum
3280 1143 3530 1200 commodis
3555 1154 3591 1199 te
3612 1145 3676 1201 tre-

2243 1240 2473 1302 quenter
2503 1233 2866 1305 impenderas,
2903 1243 3079 1292 terras
3109 1251 3173 1291 ac
3202 1236 3362 1290 maria
3395 1251 3677 1309 peragratam,

2241 1339 2432 1397 aSpera
2459 1335 2734 1398 postremo
2759 1335 2950 1384 cuncta
2977 1327 3298 1399 pertuleras,
3327 1328 3601 1385 domesticam
3619 1349 3678 1386 non

2241 1418 2541 1490 negligeres
2568 1418 2814 1489 plebem,
2857 1419 2946 1476 cui
2992 1429 3045 1475 te
3090 1419 3290 1476 Bector
3325 1435 3483 1476 rerum
3509 1421 3680 1476 maximus

2240 1508 2526 1580 specialem
2556 1509 2785 1566 contulit
2810 1506 3044 1581 praeesse
3069 1519 3360 1583 pastorem.
3399 1509 3438 1567 Ο
3462 1525 3584 1581 quam
3601 1513 3678 1567 bene

2241 1602 2308 1656 de
2339 1599 2427 1657 illa
2458 1601 2708 1670 meritus,
2741 1618 2902 1673 quam
2930 1602 3159 1659 sinceris
3189 1617 3250 1659 es
3275 1600 3510 1673 obsequiis
3529 1603 3681 1658 excelse

2240 1694 2370 1762 dus,
2410 1694 2563 1766 cujus
2590 1696 2810 1752 orbitati
2840 1695 3236 1762 acerbissimae,
3275 1702 3382 1749 tam
3405 1708 3601 1763 presens,
3619 1703 3678 1747 tam

2241 1768 2589 1858 praecipuum,
2621 1796 2728 1842 tam
2756 1787 2985 1857 denique
3009 1786 3279 1843 familiare
3302 1784 3562 1857 suffragium
3579 1787 3680 1854 prori-

2239 1969 2371 2040 ipsis
2415 1970 2648 2041 posteris
2692 1986 2908 2041 quoque
2942 1969 3300 2027 subvenires!
3345 1967 3515 2023 Urbem
3534 1975 3681 2022 nostram

2243 2078 2424 2119 rerum
2465 2073 2660 2120 natura
2697 2063 3010 2135 dispositrix
3049 2063 3212 2120 siccis
3253 2061 3441 2118 locavit
3465 2061 3507 2116 in
3530 2059 3681 2131 rupibus,

2241 2157 2404 2212 nullis
2426 2156 2635 2227 'opibus
2676 2155 2889 2223 fultam,
2937 2155 3081 2210 nulla
3125 2155 3268 2211 situs
3314 2154 3490 2209 artisve
3523 2152 3681 2222 qualitate

2239 2247 2504 2303 munitam
2530 2265 2542 2302 :
2586 2248 2702 2303 haec
2735 2263 2806 2304 ne
2835 2248 3052 2304 nomine
3076 2247 3298 2317 quidem
3325 2245 3468 2317 digna
3492 2244 3682 2304 existed,

2235 2341 2282 2397 si
2310 2340 2386 2396 tui
2410 2339 2666 2396 thesauro
2686 2340 2928 2410 corporis
2953 2338 3252 2394 caruisset:
3279 2352 3382 2408 quo
3399 2336 3505 2406 quia
3523 2334 3679 2390 illustnri

2235 2432 2464 2490 miriﬁce
2489 2434 2707 2499 meruit,
2728 2447 2794 2488 eo
2821 2432 2962 2487 inter
2990 2439 3187 2486 caetera
3215 2429 3340 2484 hinc
3366 2428 3594 2498 gloriosius
3610 2425 3682 2480 emi-

2232 2534 2354 2591 cat,
2395 2539 2502 2594 quo
2534 2531 2657 2594 post
2684 2520 2954 2594 apostolos
2983 2519 3129 2576 nulla
3158 2517 3268 2574 alia
3296 2517 3593 2589 margaritum
3608 2516 3681 2585 pte-

2237 2619 2427 2675 tiosius
2454 2626 2653 2676 servat.

2302 2709 2394 2767 36.
2430 2708 2550 2766 Jam
2574 2724 2704 2765 vero
2732 2709 2799 2765 de
2835 2707 3160 2779 supradictae
3188 2706 3500 2780 exceptionis
3521 2701 3683 2776 qualitate

2231 2803 2362 2875 quid
2389 2802 2644 2870 sentiam,
2679 2801 2748 2857 ad
2782 2801 2997 2872 plenum
3034 2799 3232 2856 efferre
3265 2816 3369 2856 non
3399 2797 3591 2861 sufﬁcio;
3611 2809 3684 2864 quo

2232 2896 2378 2952 niam
2417 2896 2506 2950 diu
2547 2910 2758 2951 mecum
2786 2893 3124 2964 multumque
3163 2901 3482 2956 retractans,
3521 2904 3596 2945 nec
3622 2888 3684 2957 ipsa

2232 2986 2396 3042 animi
2423 2984 2556 3042 satis
2583 2984 2721 3040 hanc
2748 2983 3161 3054 perspicacitate
3182 2983 3445 3040 discerno.
3469 2981 3584 3036 Diem
3600 2992 3684 3032 nan

2229 3081 2335 3150 qde
2371 3077 2517 3134 illam
2546 3077 2728 3150 gaudii
2755 3075 3016 3144 dixerim,
3063 3091 3135 3131 an
3174 3076 3453 3143 mmroris,
3492 3074 3536 3129 id
3555 3071 3684 3128 verum

2228 3172 2450 3244 ancipiti
2475 3180 2597 3239 est;
2629 3171 2722 3228 sed
2749 3179 2804 3227 et
2829 3171 2876 3226 si
2903 3170 3133 3227 alterum
3157 3171 3282 3227 sine
3304 3169 3462 3227 altero
3480 3166 3683 3240 praedicem.

538 3243 758 3339 quique,
782 3269 828 3325 si
848 3271 1025 3327 sancti
1047 3271 1347 3328 defuissent
1366 3243 1741 3343 exsequiis,.id
1762 3287 1893 3329 vero
1917 3243 2126 3330 ferrent
2151 3243 2197 3308 (ἶ
2228 3243 2500 3321 tantorum
2545 3273 2763 3335 tamque
2809 3263 3184 3336 religiosorum
3227 3263 3422 3320 civium
3457 3272 3546 3317 tum
3572 3256 3685 3329 pietati

538 3360 851 3430 aegerrime,
902 3360 1005 3417 fuit
1047 3362 1151 3420 hac
1196 3363 1495 3420 tumulandi
1541 3361 1820 3421 Pontiﬁcis
1863 3363 2123 3422 dilatione

537 3452 859 3510 consultum.

604 3546 692 3602 55.
731 3546 884 3615 Quod
918 3563 1048 3620 ergo
1082 3549 1224 3605 sacri
1259 3549 1335 3605 tui
1377 3551 1620 3622 corporis
1658 3552 1946 3623 praesentia
1986 3550 2120 3608 frui-

535 3654 677 3706 mur,
703 3639 847 3710 quod
870 3639 967 3694 viri
995 3651 1118 3711 post
1142 3640 1415 3711 apostolos
1440 3641 1858 3712 splendidissimi
1884 3642 2117 3714 gloriosa

532 3728 795 3784 memoria
838 3728 1193 3798 illustramur,
1245 3731 1389 3802 quod
1436 3732 1668 3802 denique
1715 3733 2114 3802 certissimum,

535 3835 643 3890 quo
672 3835 732 3877 se
761 3832 950 3878 nostra
975 3821 1242 3894 fragilitas
1275 3821 1550 3890 conferat,
1599 3825 1963 3895 periculorum
1999 3842 2116 3882 om-

530 3913 679 3968 nium
704 3913 1012 3984 praesidium
1040 3915 1365 3980 obtinemus,
1396 3917 1678 3986 praemisso
1709 3918 1965 3976 ineffabili
1993 3937 2114 3977 san-

530 4009 631 4058 ctae
679 4011 736 4057 et
782 4002 1068 4058 individuae
1097 4000 1379 4060 Trinitatis
1419 4007 1691 4075 praeconio
1715 4048 1731 4074 ,
1777 4009 1912 4076 tibi,
1951 4009 2114 4066 Pater

528 4090 921 4164 sacratissime,
953 4103 1136 4168 grates
1161 4097 1502 4152 omnimodas
1534 4107 1590 4154 et
1622 4099 1884 4156 habemus
1912 4108 1968 4156 et
1994 4102 2112 4174 agi-

530 4204 690 4245 mus:
730 4182 1105 4246 te‘amatorem
1135 4189 1343 4262 patriae,
1377 4197 1610 4246 tutorem
1638 4193 1836 4264 gregis,
1867 4202 2109 4250 tuorum-

526 4297 632 4354 que
669 4283 1028 4354 praedicamus
1063 4293 1273 4356 patrem
1311 4284 1794 4342 clementissimum
1830 4286 2064 4345 ﬁliorum
2089 4332 2104 4358 ,

524 4373 756 4443 quicum
783 4373 837 4428 in
859 4373 1103 4445 augustis
1123 4374 1334 4445 imperii
1359 4376 1579 4432 sedibus
1598 4379 1834 4449 ipsorum
1856 4381 2108 4450 componi

523 4482 710 4537 posses
733 4466 983 4523 manibus
1005 4475 1380 4539 augustorum,
1404 4475 1664 4540 tantoque
1691 4471 1899 4542 apicem
1925 4474 2107 4530 locare

2225 3366 2340 3412 tum
2368 3354 2666 3428 prudentiae
2693 3368 2888 3411 vereor
2913 3353 3195 3425 derogare.
3235 3351 3396 3425 Cuius
3416 3354 3537 3411 enim
3553 3348 3686 3406 ﬂetibus

2221 3464 2318 3505 ora
2347 3456 2633 3514 vacarent,
2675 3462 2835 3518 quem
2873 3446 3030 3503 ovilis
3061 3455 3288 3518 pastore
3324 3445 3535 3504 destituti
3562 3442 3684 3498 orbitas

2221 3541 2580 3598 admoneret?
2611 3539 2669 3595 ln
2697 3555 2802 3611 qua
2833 3539 2887 3594 id
2914 3540 3211 3611 putabatur
3236 3531 3686 3614 gravissimumquod

2217 3647 2441 3704 peregre
2465 3632 2716 3688 obeuntis
2737 3631 2979 3687 excessui
3006 3631 3384 3690 devotissimos
3405 3631 3524 3687 ﬁlios
3545 3643 3594 3683 ne
3609 3640 3685 3681 ton-

2217 3743 2430 3785 cessum
2455 3726 2672 3798 quidem
2695 3724 2877 3783 fuerat
2901 3727 3184 3783 interesse.
3216 3728 3351 3784 Illud
3371 3743 3484 3785 vero
3501 3723 3684 3797 gaudium.

2215 3835 2376 3891 quam
2403 3819 2504 3874 fuit
2531 3817 2835 3886 ineﬁ‘abile;
2877 3834 3038 3890 quam
3066 3820 3222 3890 puris
3251 3820 3511 3878 aﬁ‘ectibus
3536 3814 3685 3874 conﬂata

2215 3913 2447 3968 laetitia?
2490 3912 2843 3983 Recipiebant
2875 3921 3084 3984 patrem
3130 3913 3264 3982 ﬁlii,
3308 3923 3515 3970 tutorem
3543 3908 3684 3981 pupilli.

2214 4001 2485 4074 desperati
2519 4002 2835 4069 consilium,
2875 4002 3070 4075 trepidi
3109 4003 3512 4061 ﬁrmamentum.
3551 4000 3687 4058 Οᾱὶεω

2220 4093 2502 4163 festivam,
2546 4095 2710 4151 tantis
2742 4095 2963 4151 uberem
2997 4093 3286 4168 lacrymis,
3329 4097 3479 4152 tantis
3499 4091 3686 4167 gmidall

2225 4186 2472 4259 gaudiis;
2509 4186 2594 4242 cui
2623 4187 2851 4258 quisque
2894 4185 3007 4258 (pro
3038 4187 3311 4262 quisquis)
3351 4205 3452 4246 non
3489 4183 3686 4244 interluit.

2211 4279 2644 4352 spectaculorum
2671 4287 2826 4350 parte
2857 4294 3019 4350 quam
3051 4281 3292 4337 maxima
3319 4281 3507 4347 caruit;
3529 4292 3605 4350 qua
3626 4287 3684 4328 nec

2209 4373 2399 4429 urbem
2427 4372 2654 4438 tristior,
2683 4386 2783 4429 nec
2806 4371 2994 4428 orbem
3021 4371 3222 4429 afflavit
3247 4373 3479 4430 hilarior.

2279 4463 2368 4518 37.
2400 4462 2524 4520 Rite
2543 4463 2794 4520 omnibus
2813 4464 3156 4535 praeparatis,
3179 4481 3304 4522 cum
3326 4475 3383 4523 et
3399 4462 3683 4524 conﬂuentium

519 4558 1163 4676 diem'iﬁﬁ'l‘iovembris;
1215 4598 1376 4669 idque
1419 4599 1543 4670 quia
1589 4600 1645 4656 in
1692 4602 1844 4658 theca
1888 4602 2096 4676 lapidea
2130 4613 2176 4676 ι)
2202 4604 2347 4660 India
2371 4612 2426 4658 et
2465 4600 2726 4676 Ροςεᾳῂα
2749 4602 2785 4676 β
2827 4599 3094 4676 Octobris,
3138 4603 3204 4676 de
3248 4600 3310 4658 S.
3348 4599 3545 4676 Camilla
3567 4605 3682 4652 actum

518 4665 1106 4741 longerantiquissima,
1148 4669 1202 4724 in
1237 4665 1344 4738 qua
1381 4665 1633 4741 servatur
1662 4686 1857 4741 corpus
1887 4665 2089 4731 SfMa-

518 4740 770 4808 gnentite,
794 4739 908 4794 hanc
931 4748 1346 4809 repraesentatur
1374 4741 1426 4794 in
1454 4740 1594 4797 lecto
1619 4739 1939 4799 moribunda
1966 4761 2088 4802 cum

518 4809 699 4885 tribus
723 4817 944 4885 tantum
965 4809 1341 4885 assistentibus
1371 4811 1422 4865 ei
1448 4812 1746 4885 virginibus
1775 4832 1787 4866 :
1823 4823 1933 4885 tum
1963 4818 2088 4885 quia

517 4894 622 4932 non
650 4879 831 4949 plures
861 4879 1182 4934 exhibentur
1208 4881 1515 5004 illbfthllll‘lS
1538 4879 1781 4938 ecclesia:
1817 4883 1874 4940 S.
1909 4879 2084 4942 Palla-

517 4949 636 5003 diae.
687 4949 960 5004 Diversam
988 4957 1162 5004 tamen
1193 4966 1223 5003 a
1308 4953 1558 5004 amentia
1612 4955 1894 5004 Maximam
1923 4957 2084 5004 fuisse

516 4949 636 5021 diae.
672 4949 960 5021 Diversam
988 4957 1162 5021 tamen
1193 4966 1223 5003 a
1254 4949 1558 5021 Magnentia
1612 4955 1895 5010 Maximam
1922 4957 2089 5015 fuisse

513 5017 712 5096 evincit
737 5017 1114 5096 ejus_tt_m_tu_lus
1139 5030 1195 5075 et
1220 5017 1589 5096 corpus,_qu§c
1616 5039 1787 5096 usque
1815 5026 1882 5080 ad
1908 5029 2089 5096 profa-

515 5039 712 5072 evrncu
737 5039 852 5086 ejus
881 5039 1114 5074 uunurus
1139 5039 1195 5075 et
1220 5039 1437 5090 corpus,
1509 5039 1589 5078 ua:
1616 5039 1787 5094 usque
1815 5039 1882 5080 ad
1908 5039 2084 5096 prota-

515 5088 789 5140 nationem
837 5088 1203 5144 Calvinianam
1255 5092 1381 5145 anni
1437 5039 1570 5147 lg67
1621 5095 1978 5152 Antissiodori
2029 5100 2084 5154 in

513 5155 1151 5238 coenobio-Sncermgni
1182 5169 1394 5238 servata
1423 5163 1670 5238 fuerunt;
1721 5174 1782 5220 ut
1821 5177 1968 5238 patet
2015 5182 2079 5224 ex

513 5225 1406 5321 ὒῖιέε,γέξέξεὶίῑοξιξεηέἱειξεεὲθηβῖς
1439 5233 1527 5321 ιιιξέ
1563 5225 2078 5321 etiamnum“-

511 5311 631 5350 esse
657 5295 854 5378 dicitur
874 5297 979 5376 hoc
1003 5295 1466 5378 eiusfpitaphium
1486 5302 1745 5378 Gallicum
1773 5325 1785 5360 :
1817 5307 1922 5361 Hic
1935 5295 2081 5378 jacet

745 5365 970 5400 Ληκιὸηιυ
1018 5363 1052 5400 γρ
1115 5363 1196 5400 "1—-
1208 5363 1357 5400 vdua—sm

1399 5373 1563 5400 AI:-l-:u

511 5382 566 5400 ιιι-ι
575 5383 666 5400 1³1111
675 5382 695 5400 ο

1723 5393 1801 5400 ι...
1840 5393 1959 5400 --μ-,κ

2194 4681 2306 4750 jam
2338 4683 2422 4750 est
2447 4674 2531 4750 die
2551 4672 2585 4726 5
2606 4671 2784 4728 Martii
2802 4687 2926 4743 page.
2950 4671 3080 4738 242,
3104 4673 3196 4729 ubi
3215 4673 3554 4730 emendandus
3571 4682 3683 4722 anna:

2197 4743 2387 4804 inertis
2415 4743 2550 4804 eius.
3565 4763 3576 4771 ·

2469 4761 2498 4798 ιι
2537 4783 2550 4798 .
3565 4763 3576 4771 ⁸

2265 4760 2387 4872 fg?
2405 4760 2461 4873 i2
2482 4760 2600 4887 ipsiso
2629 4815 2819 4890 itinere
2848 4823 3073 4890 mortua:
3097 4825 3238 4890 sunt,
3264 4815 3353 4890 vel
3371 4831 3467 4890 non
3492 4811 3686 4890 celebrat)-

2197 4897 2284 4944 tur
2307 4905 2372 4943 eo
2404 4883 2516 4951 die,
2543 4902 2650 4957 quo
2671 4883 2921 4959 obierunt
2949 4885 3073 4956 (iter
3102 4887 3244 4959 enim
3281 4885 3482 4959 duravit
3505 4883 3560 4936 ab
3584 4883 3685 4959 initio

2192 4959 2415 5030 Augusti
2448 4954 2711 5030 usquead
2737 4956 2809 5012 2%
2852 4954 3238 5030 Septembris);
3274 4957 3359 5011 vel
3381 4954 3466 5030 ubi
3496 4968 3574 5030 per
3592 4954 3684 5030 viain

2193 5029 2248 5084 in
2275 5025 2870 5091 morbumiinciderunt,
2901 5028 2991 5084 diu
3016 5025 3333 5083 decubuisse
3360 5025 3571 5081 dicenda:
3587 5027 3684 5074 sunt.

2190 5109 2479 5169 antequam
2507 5099 2918 5169 exspiraverint.

2263 5179 2286 5209 ο
2318 5167 2550 5225 Advenit
2577 5184 2706 5240 ergo
2733 5169 2821 5240 die
2842 5167 2912 5222 22
2944 5169 3296 5240 Septembris,
3337 5182 3444 5240 quo
3472 5167 3683 5238 adventum

2187 5239 2336 5295 illum
2400 5239 2660 5296 celebrari
2716 5239 2950 5295 diximus
2999 5239 3052 5294 in
3091 5239 3481 5296 Commentario
3522 5244 3682 5306 prauo.

2183 5326 2312 5350 m-m
2363 5311 2418 5366 4.

2259 5379 2274 5398 Α
2307 5381 2348 5398 I‘
2392 5390 2403 5396 -

3787 2675 3792 2912 l
