3876 5416
73 275 130 332 is
359 287 378 298 κ
477 239 483 243 ’
529 242 540 249 ’
979 271 1069 330 DE
1107 267 1477 328 MIRACULIS
1516 270 1580 336 s.

1688 266 1943 326 ΞΒΜΑΝΙ.
1970 299 2043 314 -
2060 270 2189 329 LIB.
2227 269 2270 327 l.‘

3119 271 3259 330 i226

71 393 132 448 lla
170 399 314 449 esset
352 390 598 463 requies,
643 398 699 446 et
740 390 831 461 qui
877 397 1243 446 convenerant
1265 429 1279 452 ,
1325 389 1410 442 vix
1450 387 1563 457 jam
1593 389 1641 448 Α
1670 385 1974 453 basilicam,
2004 388 2280 443 conﬁdens
2302 401 2360 443 se
2389 401 2623 458 suosque
2645 386 2762 458 ejus
2781 403 2889 446 non
2909 403 3101 460 parum
3131 406 3260 462 pro-

71 485 224 553 ;ionis
273 484 624 554 amplitudine
675 491 1018 553 caperentur,
1069 481 1154 536 die
1203 479 1563 534 Kalendarum

71 577 298 633 tobrium
335 575 474 630 intra
514 575 746 645 sepulcri
781 575 964 629 abdita
1010 573 1294 628 thesaurus
1325 570 1566 626 ctelestis

72 671 298 735 )onitur,
318 677 468 724 tanto
487 669 636 723 orbis
659 679 926 723 terrarum
950 666 1150 731 ofﬁcio,
1176 673 1322 721 tanta
1346 664 1568 720 humani

69 759 200 815 ieris
235 759 467 830 pietate,
503 769 559 814 ut
599 759 717 814 luce
753 757 955 815 clarius
993 763 1270 813 constaret
1318 755 1570 811 omnibus

69 865 126 904 ac
171 850 367 905 summi
420 851 474 906 in
520 850 664 906 coelo
696 865 818 905 esse
854 849 1066 914 meriti,
1115 848 1272 920 cujus
1315 847 1368 902 in
1413 847 1572 901 terris

78 950 132 996 la
179 941 605 1012 providebantur
645 942 859 998 honori.
912 939 1088 997 Locus
1128 940 1367 1011 sepulcri
1411 939 1572 1010 hujus

67 1048 89 1086 [ι
124 1032 348 1102 quidem
387 1033 739 1104 perexiguum
769 1039 888 1085 erat
914 1031 1237 1097 oratorium,
1269 1031 1323 1086 in
1353 1046 1453 1087 suo
1485 1030 1570 1101 ip-

67 1139 90 1180 s
115 1123 360 1193 praedio,
390 1124 647 1196 martyris
677 1122 911 1178 Mauritii
941 1122 1154 1178 meritis
1182 1121 1490 1179 dedicatum
1519 1134 1571 1189 α,

67 1215 119 1270 )d
158 1215 246 1269 vir
274 1213 742 1286 splendidissimus
771 1229 933 1285 supra
965 1222 1271 1269 memorato
1299 1213 1570 1284 quondam

66 1319 222 1359 .urno
249 1303 618 1375 delegaverat,
647 1312 708 1358 ut
731 1304 830 1359 sub
855 1302 1195 1374 professione
1220 1301 1573 1359 sacerdotalis

65 1395 117 1449 ili
153 1402 456 1468 martyrum
489 1394 765 1450 memoriis
796 1393 928 1449 inibi
958 1392 1278 1448 deserviret.
1329 1389 1569 1448 Necdum

66 1489 298 1544 nanitas
320 1487 551 1544 ethuicae
571 1485 975 1560 superstitionis
994 1484 1364 1553 obsoleverat;
1394 1487 1572 1542 adhuc

65 1577 369 1633 ristianitas
396 1577 567 1632 arctis
592 1577 811 1633 obsessa
841 1575 1038 1632 ﬁnibus
1060 1575 1384 1649 angebatur,
1404 1569 1586 1630 fauis;

63 1685 80 1726 ξ
115 1685 218 1740 per
243 1671 429 1728 orbem
459 1683 848 1741 usquequaque
876 1668 1217 1740 vigentibus,
1255 1666 1455 1724 Christi
1481 1681 1570 1722 ec-

1668 477 1790 531 vchi
1819 493 1975 548 posse
1996 477 2277 550 precibus,
2315 479 2468 548 cujus
2493 489 2636 534 tanta
2667 488 2885 551 tamque
2911 480 3136 537 miriﬁca
3163 499 3258 536 cx-

1669 569 1884 623 stabant
1909 569 2135 639 insignia
2168 569 2490 625 sanctitatis.
2521 572 2597 624 Ac
2621 571 2732 639 ipsa
2769 580 3113 641 tempestate,
3135 589 3257 629 cum

1670 658 1893 730 praefata
1936 661 2174 730 Augusta
2220 670 2438 717 sanctus
2482 661 2664 734 Lupus
2706 664 2989 736 episcopus
3019 669 3165 721 venit
3195 671 3261 723 de

1671 749 1969 820 superioris
1997 749 2320 822 Burgundizc
2351 751 2593 822 partibus
2618 763 2638 790 π
2667 769 2682 818 ;
2717 754 2916 824 quique
2948 771 3052 810 non
3090 758 3259 811 multo

1671 849 1792 912 post
1834 839 1902 894 ad
1949 856 2039 895 xvt
2086 840 2201 896 Kal.
2249 840 2448 907 Juliid,
2479 842 2567 897 die
2610 843 2826 898 functus
2875 861 3145 914 supremo,
3194 865 3258 903 ex

1672 931 1872 1001 reginae
1895 931 2091 1001 placito
2113 932 2166 986 in
2189 932 2377 1015 eadem
2401 933 2628 988 ecclesia
2649 935 2906 991 decenter
2925 953 2987 992 ac
3013 938 3263 1010 religiose

1673 1025 2002 1094 compositus
2049 1025 2380 1096 requiescit;
2432 1027 2575 1097 quod
2628 1027 2788 1083 Pario
2829 1043 2996 1099 penes
3040 1047 3138 1086 nos
3167 1033 3264 1087 im-

1672 1131 1918 1186 pressum
1965 1118 2224 1173 marmori
2256 1119 2448 1190 cuique
2498 1118 2678 1191 legere
2720 1121 2956 1192 cupienti
2991 1123 3261 1194 scriptura

1671 1210 1852 1280 prodit
1879 1211 2171 1282 antiquior.

1743 1300 1832 1356 59.
1865 1301 2072 1358 Exinde
2098 1303 2270 1374 major
2289 1303 2625 1368 Clotharius,
2653 1305 3058 1373 praenominatze
3080 1305 3264 1364 Crete-

1672 1391 1866 1448 childis
1895 1392 2060 1459 ﬁlius,
2092 1396 2242 1464 regni
2274 1395 2598 1450 sublimatus
2619 1395 2672 1450 in
2694 1396 2849 1462 solio,
2892 1405 3262 1469 maternaeque

1671 1481 1972 1540 devotionis
2017 1484 2313 1541 ﬁdissimus
2338 1495 2628 1542 exsecutor
2654 1496 2709 1541 et
2737 1487 2930 1554 haeres,
2959 1498 3081 1560 post
3107 1491 3263 1560 geni-

1671 1573 1825 1628 tricis
1845 1588 2126 1630 excessum
2151 1591 2315 1645 super
2332 1577 2664 1631 adorandam
2689 1577 2983 1634 beatissimi
3003 1578 3262 1634 Germani

1675 1665 1994 1721 memoriam
2021 1680 2120 1735 per
2146 1683 2337 1722 manus
2360 1668 2531 1723 sancti
2557 1668 2840 1748 Desiderii2
2864 1665 3105 1737 ejusdem
3137 1679 3266 1725 tunc

63 1760 166 1816 siis
196 1759 515 1816 extruendis
544 1759 790 1815 modicus
818 1759 1075 1824 ambitus,
1104 1759 1333 1829 exiguus
1359 1757 1567 1828 impen-
1593 1751 1645 1815 B
1671 1755 1824 1813 urbis
1843 1757 2082 1828 episcopi
2110 1769 2158 1823 ο,
2184 1758 2455 1828 regalibus
2485 1759 2739 1828 expensis
2763 1760 2970 1814 fredam
2990 1760 3010 1800 ί
3047 1775 3268 1832 compo-

63 1861 211 1907 ratur
247 1859 303 1907 et
338 1852 554 1908 cultus:
599 1851 838 1926 nondum
883 1864 944 1905 sc
979 1851 1125 1907 circa
1167 1850 1294 1906 talia
1331 1849 1569 1906 ﬁdelium

61 1944 144 1998 lor
170 1941 434 1998 eﬁ'uderat
451 1927 477 2008 ;⁴
503 1956 734 2013 quorum
761 1941 814 1996 in
847 1942 1160 2013 regionibus
1187 1952 1314 1997 ante
1340 1941 1568 1997 Germa-

62 2049 106 2088 n
145 2033 554 2089 sanctissimum
590 2032 781 2103 ingens
807 2044 1022 2102 quoque
1055 2031 1253 2086 raritas
1283 2032 1568 2086 existebat.

61 2141 107 2179 ru
131 2125 283 2180 enim
310 2125 424 2194 ipse
445 2123 498 2178 in
519 2123 654 2178 urbe
675 2138 770 2178 sua
797 2122 1058 2192 septimus
1076 2123 1266 2177 ordine
1287 2122 1571 2177 ecclesiam

65 2217 216 2284 erit,
265 2217 435 2273 claret
466 2214 743 2288 profecto,
796 2217 939 2286 quod
988 2215 1079 2282 hi,
1125 2216 1215 2285 qui
1243 2226 1368 2270 ante
1395 2216 1573 2286 ipsum

68 2309 242 2364 titere
267 2306 571 2378 pontiﬁces,
593 2306 902 2362 obluctante
923 2307 1024 2362 sibi
1053 2307 1392 2362 saevientium
1423 2308 1574 2364 rabie

59 2415 348 2466 :anorum,
401 2399 580 2456 minus
617 2397 816 2464 libere,
869 2399 1050 2456 minus
1094 2398 1252 2470 plene
1298 2399 1574 2470 religionis

61 2494 284 2568 davere
302 2491 632 2564 primordia;
664 2491 749 2548 cui
774 2501 954 2546 tamen
978 2491 1088 2557 hic,
1109 2489 1262 2560 cujus
1283 2491 1572 2559 nobilitati,

57 2583 161 2638 tuti
189 2597 261 2639 ac
286 2573 564 2654 sapientiae
588 2583 790 2654 passim
813 2583 984 2639 obniti
1007 2599 1113 2638 non
1134 2592 1370 2656 poterat,
1393 2583 1578 2642 multi-

57 2675 130 2732 da
161 2689 271 2731 suo
296 2682 540 2747 tempore
563 2673 792 2731 contulit
817 2674 1176 2732 incrementa.

605 2829 834 2889 CAPUT
879 2831 970 2890 IV.

57 2946 230 3002 tilica:
255 2943 314 3001 S.
347 2941 615 3024 Capitoni
635 2955 684 3000 et
711 2944 938 3024 sepulcri
955 2947 1369 3024 _magniﬁcenlia
1406 2951 1576 3024 regia,

119 3055 124 3059 ς
369 3017 642 3071 miraculis
679 3018 908 3071 assiduis
931 3017 1194 3073 decorata.

1672 1850 1813 1918 suit;
1847 1866 1968 1921 qua:
1997 1866 2096 1906 oro
2125 1860 2458 1923 argentoque
2482 1851 2885 1924 elegantissime
2907 1853 3185 1917 decorata,
3212 1853 3268 1909 in

1673 1949 1918 1996 nostram
1973 1956 2188 2012 quoque
2229 1941 2442 1996 duravit
2489 1950 2735 2002 aetatem.
2777 1951 3053 1999 auctorem
3103 1942 3266 1998 mini-

1673 2039 1958 2102 strumque
1976 2032 2158 2103 operis
2178 2032 2570 2101 insculptarum
2591 2031 2694 2086 sibi
2708 2031 2996 2104 designans
3011 2032 3270 2104 suﬁ‘ragio

1675 2122 1998 2178 litterarum.
2027 2122 2166 2190 Quin
2188 2124 2354 2179 etiam
2385 2123 2750 2179 memorabilis
2776 2123 3017 2192 ejusdem
3041 2124 3266 2180 Clotha-

1676 2213 1744 2268 rii
1775 2213 1994 2284 coujux,
2026 2213 2282 2286 lngundis
2312 2215 2550 2280 nomine,
2574 2230 2698 2271 cum
2729 2216 2988 2286 religione
3012 2217 3270 2272 famosis-

1676 2305 1838 2371 sima,
1869 2313 1981 2359 tum
2018 2305 2183 2360 etiam
2230 2305 2501 2377 largitatis
2531 2315 2589 2362 et
2614 2306 2906 2378 diligentia:
2933 2323 3060 2379 erga
3090 2309 3268 2364 eccle-

1677 2395 1788 2450 sias
1835 2394 2148 2466 singularis,
2196 2396 2447 2466 sepulcro
2493 2397 2638 2453 beati
2687 2396 2946 2454 Germani
2990 2415 3087 2470 per
3129 2400 3271 2455 idem

1678 2493 1892 2556 tempus
1917 2486 2150 2558 plurima
2178 2503 2430 2543 vasorum
2456 2489 2860 2561 palliorumque
2885 2492 3083 2548 obtulit
3107 2508 3274 2548 orna-

1677 2585 1894 2643 menta;
1922 2577 2064 2633 inter
2087 2593 2209 2648 quae
2233 2578 2458 2635 calicem
2489 2580 2766 2651 egregium
2790 2596 2925 2636 auro
2951 2581 3275 2652 splendidis-

1679 2667 1819 2724 simo
1841 2669 2176 2740 gemmisque
2201 2678 2546 2740 compactum
2584 2671 2842 2738 vidimus,
2870 2673 3140 2743 praetiosis
3183 2689 3272 2729 re-

1678 2759 1820 2831 gina:
1854 2761 2172 2816 memoriam
2212 2762 2433 2818 insertis
2475 2762 2670 2818 litteris
2715 2764 3114 2834 praeferentem,
3153 2782 3276 2838 quae

1679 2865 1877 2906 munus
1903 2851 2006 2907 hoc
2033 2866 2129 2921 per
2149 2867 2345 2908 manus
2369 2869 2532 2924 supra
2555 2854 2822 2910 nominati
2849 2856 3114 2914 Desiderii
3139 2873 3273 2929 pon-

1681 2940 1844 2996 tiﬁcis
1871 2942 2032 2998 beato
2057 2941 2330 2999 Germano
2357 2943 2550 3000 devota
2579 2945 2902 3001 contulerat.

1751 3032 1842 3088 40.
1883 3032 2086 3088 Locum
2121 3049 2253 3090 sane
2290 3034 2460 3102 illum,
2489 3037 2560 3092 ob
2598 3037 2742 3093 sacri
2783 3039 3122 3111 privilegium
3155 3055 3276 3097 cor—

57 3135 134 3191 38.
182 3131 484 3204 Progressu
515 3139 818 3200 temporum
855 3144 1026 3186 sacra:
1071 3130 1198 3187 ﬁdei
1230 3134 1574 3204 circumqua-
1602 3130 1650 3193 α
1678 3126 1851 3194 poris,
1879 3126 2264 3181 miraculorum
2288 3127 2459 3198 gloria
2484 3143 2701 3200 semper
2723 3131 2999 3188 exstitisse
3021 3131 3276 3204 frequen-

57 3242 70 3281 :
97 3223 341 3296 prolatis
371 3221 693 3294 insignibus,
723 3237 847 3276 cum
867 3229 922 3278 et
949 3222 1053 3292 ipsi
1090 3237 1306 3293 quoque
1335 3225 1580 3283 Franco-

57 3335 87 3375 n
119 3331 389 3390 proceres
425 3315 617 3372 edictis
636 3313 774 3371 colla
806 3313 1118 3371 caelestibus
1149 3316 1580 3386 summisissent,

57 3407 314 3467 ierabilis
372 3415 430 3463 et
482 3405 849 3462 monumentis
919 3405 1185 3476 condigna
1253 3407 1583 3477 perennibus

57 3499 392 3560 iacchildisb
419 3498 624 3571 regina,
656 3497 834 3569 magni
862 3496 1122 3568 principis
1149 3496 1401 3555 Clodovei
1424 3516 1583 3568 uxor,

57 3597 173 3652 ritu
201 3600 350 3648 tacta
373 3591 579 3656 divino,
611 3604 776 3661 supra
811 3588 984 3645 sancti
1020 3587 1286 3644 tumulum
1313 3591 1586 3662 pontiﬁcis

57 3683 227 3745 entis'
245 3685 466 3743 fabricae
485 3692 646 3756 atque
671 3697 911 3755 operosae
931 3683 1298 3755 amplitudinis
1317 3685 1590 3742 exstruxit

57 3853 61 3860 ι
95 3817 165 3872 In
199 3814 347 3886 ilis_t.
373 3829 497 3886 epp.
519 3811 967 3886 Autissiod.gcap.
995 3813 1048 3877 7,
1073 3814 1140 3868 de
1169 3811 1371 3870 Sancto
1402 3826 1597 3874 nostro

57 3891 183 3945 itur
227 3901 244 3940 :
279 3883 428 3941 Fecit
442 3883 496 3940 ct
527 3885 797 3939 basilicam
821 3884 875 3938 in
902 3883 1097 3938 honore
1118 3895 1417 3939 sanctorum
1442 3903 1588 3941 mar-

57 3977 152 4014 um
207 3956 608 4040 ᾼρααηςηδὶιιζη
651 3953 898 4040 Mauricii
951 3955 1190 4040 silicet,
1227 3957 1593 4039 sociorumque

57 4049 80 4086 ε
110 4048 131 4095 ;
171 4023 281 4084 ubi
319 4037 367 4082 et
405 4028 518 4082 hare
543 4025 930 4100 donaobtulit,
973 4023 1345 4100 Warchiaeum
1370 4027 1430 4100 in
1455 4023 1592 4100 pago

57 4094 290 4170 ionico,
346 4113 464 4170 cum
509 4094 1132 4170 universitappe‘ndiciis
1174 4095 1317 4160 suis;
1361 4098 1418 4152 in
1455 4094 1592 4170 pago

57 4188 186 4243 ique
254 4167 730 4243 Antissiodo_r_ensi_
761 4165 1052 4243 Corvallem
1105 4183 1222 4220 cum
1270 4165 1592 4243 appendiciis

57 4235 116 4308 s';
155 4257 265 4296 nec
315 4256 417 4292 non
453 4249 500 4293 et
541 4237 780 4302 Molinis,
821 4235 1065 4291 similiter
1104 4252 1222 4308 cum
1273 4235 1593 4308 appendiciis

57 4304 107 4370 εξ
130 4312 212 4367 1η
243 4325 350 4382 quo
377 4310 535 4363 etiam
556 4309 786 4362 oratorio
805 4317 1058 4382 sanctum
1104 4304 1452 4382 Saturninum
1477 4310 1595 4367 vita:

62 4377 420 4440 balissimum
444 4421 460 4445 ,
488 4396 742 4449 suumque
779 4377 1127 4450 discipulum,
1154 4378 1426 4450 ordinavit
1472 4396 1593 4450 pre-

64 4467 262 4512 terum
285 4469 304 4516 ;
328 4461 383 4506 ut
406 4451 501 4505 sub
527 4446 848 4522 professione
869 4446 1209 4503 sacerdotalis
1231 4448 1370 4503 tituli
1391 4446 1594 4522 marty-

57 4545 88 4582 η
113 4523 265 4581 inibi
293 4522 558 4576 memoriis
587 4521 884 4576 deserviret.
1493 4555 1495 4557 ι

57 4614 67 4638 ι
114 4595 183 4652 8.
262 4590 625 4647 Crotechildis.
670 4593 805 4645 Acta
853 4591 1100 4648 dedimus
1145 4592 1230 4648 die
1277 4593 1312 4647 5
1359 4589 1508 4647 Junii
1562 4607 1596 4648 a

57 4687 100 4735 ξ.
159 4664 307 4722 292.
350 4664 405 4717 iu
457 4662 653 4732 quibus
694 4659 852 4729 hujus
901 4664 979 4718 rei
1034 4662 1180 4718 nulla
1227 4662 1505 4735 sigillatim
1534 4662 1598 4718 ﬁt

57 4713 221 4794 ἶιιίο.

57 4827 64 4850 ε
119 4809 299 4868 Puta.
340 4805 430 4860 ubi
482 4818 706 4876 regnum
748 4801 877 4856 olim
923 4803 1242 4876 Burgundiaa
1283 4802 1406 4870 fuit,
1441 4803 1595 4876 cujus

58 4884 125 4945 gia
188 4875 360 4934 sedes
410 4884 531 4931 erat
572 4874 881 4945 Arelatum.
927 4874 1099 4930 Porro
1151 4877 1307 4945 cujus
1340 4874 1593 4930 Ecclesia:

58 4943 289 5021 Scopus
314 4946 414 5021 hic
434 4945 610 5021 [inpiis
640 4943 824 5021 luerit,
873 4944 1174 5021 ignoratur.
1211 4943 1441 5021 Videsis
1461 4961 1592 5021 con:-

57 5013 265 5079 turam
314 5013 604 5072 Mabillonii
651 5015 705 5069 in
762 5013 1059 5071 Annalibus
1107 5015 1475 5074 Benedictinis
1522 5016 1591 5071 ad

58 5108 192 5151 tum
227 5087 441 5144 Christi
471 5087 600 5150 595,
624 5099 773 5160 num.
800 5085 889 5159 40.

1686 3216 1973 3282 tissimum,
2017 3233 2178 3271 nemo
2218 3219 2438 3288 impune
2487 3220 2837 3276 dubitaverit.
2906 3223 2982 3278 Ea
3020 3225 3275 3294 quoniam

1681 3323 1784 3363 nec
1810 3323 2036 3363 numero
2066 3309 2245 3378 colligi
2271 3309 2319 3375 ⁸,
2353 3325 2452 3365 nec
2479 3324 2853 3379 personarum,
2890 3315 2942 3368 in
2967 3318 3163 3384 quibus
3185 3334 3274 3388 pa.

1685 3410 1825 3457 trata
1852 3409 1999 3466 sunt,
2045 3401 2266 3457 nomina
2297 3410 2550 3472 poterant
2587 3403 2810 3460 retineri
2841 3405 2924 3476 (ut
2963 3407 3138 3461 solent
3167 3408 3278 3464 cito

1686 3493 1809 3549 data
1841 3509 1906 3548 ac
1932 3492 2273 3562 suppetentia
2303 3507 2528 3563 quaeque
2549 3493 2833 3567 vilescere)
2877 3497 3101 3552 incuria:
3127 3500 3274 3568 pari-

1687 3595 1772 3642 ter
1817 3595 1874 3642 et
1913 3584 2200 3640 oblivionis
2249 3585 2592 3656 squaloribus
2639 3588 2872 3644 obducta
2915 3598 3276 3659 torpuerunt:

1686 3693 1809 3750 qua:
1833 3685 2014 3733 tamen
2027 3676 2300 3734 exstitisse
2331 3678 2684 3750 perplurima,
2705 3695 2775 3736 ex
2806 3695 2874 3737 eo
2907 3681 3098 3738 saltem
3127 3681 3280 3738 colli-

1691 3815 1831 3874 obiit
1870 3826 2001 3873 vero
2041 3812 2350 3886 Clotharius
2381 3814 2481 3886 ille
2528 3830 2671 3871 anno
2698 3815 2899 3873 Christi
2948 3815 3071 3872 561.
3126 3816 3272 3886 Quo-

1691 3889 1854 3944 modo
1875 3901 2006 3956 ergo
2032 3885 2120 3940 vel
2146 3887 2319 3958 prima
2346 3884 2463 3958 ejus
2493 3886 2720 3954 conjux;
2766 3889 2850 3944 vel
2894 3889 3019 3944 huic
3049 3884 3165 3958 ipse
3185 3888 3278 3944 diu

1692 3965 2003 4030 superstes,
2049 3956 2474 4011 muniﬁcentiam
2512 3973 2661 4012 suam
2707 3959 2760 4013 in
2802 3960 2944 4015 hunc
2977 3956 3152 4015 locum
3184 3975 3280 4014 ex-

1690 4037 1946 4110 promere
1978 4035 2284 4110 potuerunt
2318 4043 2410 4108 per
2445 4044 2632 4110 manus
2677 4031 2849 4110 sancti
2886 4031 3286 4110 Desideriiepi-

1695 4098 1844 4172 scopi
1884 4098 2409 4172 Autissiodorensis,
2434 4098 2525 4168 qui
2547 4099 2697 4172 juxta
2741 4099 3033 4156 Historiam
3073 4098 3284 4170 episco-

1693 4167 1894 4243 porhm'
1924 4169 2136 4243 illorum
2187 4167 2670 4243 cap._20,’sede_re
2698 4172 2933 4243 primum
2977 4167 3140 4242 coepit
3179 4172 3280 4228 sub

1695 4236 1859 4298 finem
1891 4239 2071 4295 saeculi
2097 4236 2275 4312 sexti?
2308 4236 2389 4292 Au
2420 4238 2558 4312 forte
2585 4236 2895 4312 Clotharius
2922 4236 3129 4312 primus
3159 4259 3284 4310 per-

1697 4327 1883 4384 peram
1923 4308 2296 4384 pro_s_ecundo
2345 4309 2644 4384 accipitur?
2678 4311 2841 4384 Atqui
2870 4308 3007 4384 huic
3043 4308 3286 4366 nescitur

1697 4379 1979 4453 coujttgehi
2023 4379 2190 4462 fuisse
2228 4379 2546 4462 luguudem.
2593 4380 2675 4462 A_n
2719 4379 3162 4462 Desideriushperh
3191 4398 3284 4462 er-

1618 4486 1675 4549 D
1701 4449 1885 4549 rorem
1910 4467 2018 4549 pro
2043 4451 2148 4549 alio
2175 4449 2887 4549 ejus-decessore
2915 4449 3163 4549 posit—us?
3201 4452 3284 4534 Ah

1774 4525 1880 4579 tius
1918 4538 2143 4578 enorme
2189 4521 2374 4594 vitium
2407 4521 2648 4594 dicemus
2679 4538 2799 4577 esse
2842 4523 2896 4594 in
2919 4521 3285 4594 ‘clirouologia

1747 4594 1985 4656 esiderii,
2038 4602 2096 4647 ut
2142 4591 2344 4663 passim
2391 4591 2495 4646 alia
2533 4601 2846 4663 occurrunt,
2875 4593 2929 4646 in
2971 4594 3069 4647 ista
3110 4591 3290 4647 Histo-

1701 4665 1822 4720 ria?
1872 4663 1990 4719 Non
2038 4662 2218 4719 obstat
2264 4672 2412 4717 certe
2457 4664 2683 4734 epistola
2733 4665 2791 4719 S.
2820 4662 3064 4734 Gregorii
3110 4663 3290 4734 Magni

1700 4735 1902 4791 ibidem
1951 4735 2206 4807 adducta,
2246 4741 2501 4807 tanquam
2551 4733 2812 4807 inscripta
2862 4733 3134 4807 Qesiderio
3181 4733 3293 4807 epi-

1698 4823 1853 4875 scopo
1915 4804 2360 4876 Autissiodurensi
2413 4817 2613 4876 :7nam
2667 4803 2824 4876 ju'xta
2879 4803 3126 4876 Gregorii
3181 4803 3290 4876 Rc-

1697 4874 1943 4946 gistrum,
1970 4874 2068 4930 lib.
2101 4892 2198 4940 vn,
2222 4875 2372 4946 inter
2398 4875 2656 4944 epistolas
2673 4874 3010 4946 indictione
3030 4875 3292 4946 secunda,

1698 4943 1814 5002 sive
1861 4960 2003 5000 anno
2035 4946 2239 5004 Christi
2280 4943 2382 4996 599
2416 4943 2666 5016 scriptas,
2689 4946 2920 5003 habetur
2950 4945 3066 5000 hzcc
3088 4944 3293 5016 eadem

1699 5019 1999 5073 centesima
2048 5019 2260 5076 decima
2299 5025 2478 5082 sexta,
2523 5014 2783 5082 inscripta
2826 5024 3032 5070 tantum
3077 5014 3298 5069 Deside-

1699 5091 1790 5166 rio
1831 5089 2268 5168 episcopo,_sine
2315 5084 2436 5139 loco
2484 5087 2646 5168 sedis.
2693 5084 2866 5143 Putat
2909 5100 3038 5168 vero
3078 5086 3150 5166 ibi
3187 5085 3302 5163 Ma-
