3876 5416
59 312 212 389 I229

1065 308 1156 367 DE
1197 300 1570 365 MIRACULIS
1603 300 1663 360 S.
1705 298 2036 359 GERMANI.
2075 332 2146 346 -—
2183 302 2314 361 LIB.
2352 302 2395 361 1.

3194 306 3347 387 iaso-

59 441 372 504 gxemptam
400 429 660 502 compede
699 427 1018 500 suscepisse.
1052 426 1187 483 Aliis
1231 426 1400 498 ipsam
1439 435 1655 494 quoque
1684 423 1728 483 Α
1760 420 2085 476 intercludit.
2139 420 2308 489 Hujus
2354 421 2654 493 decipulas,
2692 436 2853 494 quam
2903 422 3179 491 subdolas,
3224 433 3334 481 tam

60 524 405 582 mminentis
441 524 696 579 decessus
722 522 912 577 horam
944 519 1191 574 novimus
1204 517 1493 573 revelatam
1521 532 1535 580 ;
1563 516 1654 569 ad-

59 637 115 676 eo
141 629 210 674 ιιι
230 628 287 674 et
307 618 523 673 lavacra
547 627 602 672 et
624 616 857 671 vestium
883 613 1230 677 mutationes,
1246 619 1403 681 prout
1425 609 1653 664 mortuis

59 715 369 772 :xhibenda
399 721 576 775 erant,
603 711 701 781 ipsi
732 711 911 765 adhuc
939 708 1185 763 viventes
1205 706 1349 761 ultro
1375 718 1654 775 praevene-

59 809 190 862 'int.
246 803 529 861 Nonnullis
577 799 819 870 ejusdem
859 798 1155 856 beatissimi
1200 797 1377 852 Patris
1418 809 1653 866 persona

59 898 213 953 rultu
247 895 648 957 venustissime,
680 888 976 947 reverenda
999 889 1219 953 canitie,
1244 884 1539 956 pontificali
1564 884 1650 940 di-

59 992 269 1060 gnitate
301 996 608 1058 conspecta,
639 993 696 1041 et
718 982 1101 1040 consolationis
1141 979 1436 1051 plurimum
1464 986 1521 1033 et
1561 992 1651 1033 se-

59 1081 313 1136 :nritatis
361 1094 465 1134 non
509 1090 700 1149 parum
750 1074 1013 1132 exhibuit.
1063 1071 1178 1127 Hoc
1230 1085 1262 1125 e
1311 1068 1496 1125 multis
1543 1082 1651 1124 non

59 1171 495 1231 extraordinarie
520 1170 749 1224 fortasse
764 1167 1127 1237 tetigerimus;
1152 1171 1213 1219 ut
1229 1162 1403 1233 palam
1424 1162 1647 1232 liqueat,

59 1280 205 1321 tunc
233 1265 428 1319 devote
468 1262 571 1317 sibi
613 1257 1022 1329 obsequentium
1063 1256 1222 1311 anxie
1244 1269 1431 1311 curam
1460 1267 1650 1324 gerere

59 1358 407 1413 'amulorum.
436 1356 573 1410 Hinc
601 1355 670 1409 ad
699 1352 907 1423 reliqua
938 1359 1298 1407 transeamus.

113 1449 221 1503 44.
259 1448 617 1503 lmmoderata
650 1445 786 1518 gulae
816 1441 1144 1513 appetentis,
1173 1440 1243 1494 ob
1267 1453 1432 1510 quam
1459 1451 1650 1494 omnes

59 1550 288 1599 recente
314 1538 583 1610 mortique
616 1536 1039 1600 succtunbimus,
1078 1533 1196 1589 leve
1230 1540 1453 1603 putatur
1484 1539 1540 1586 et
1561 1530 1649 1586 lu-

59 1634 303 1700 licrum;
336 1632 430 1687 sed
458 1646 565 1701 quo
585 1638 808 1687 cavetur
833 1630 1032 1691 minus.
1056 1642 1122 1682 eo
1145 1625 1385 1682 atrocius
1406 1624 1644 1696 perimit.

60 1723 210 1780 {anc
251 1724 337 1783 vir
385 1731 610 1779 sanctus
659 1736 781 1777 cum
834 1720 891 1776 in
934 1719 1227 1786 semetipso
1250 1716 1643 1786 exstingueret,

1755 512 1998 575 subtiles,
2027 514 2292 569 subducto
2321 529 2515 569 cavere
2543 529 2827 570 monemur
2847 516 3115 588 exemplo.
3140 515 3338 585 Quem-

1754 604 1879 659 datn
1902 602 2155 661 Senonici
2182 606 2326 660 ruris
2345 604 2599 670 incolam,
2631 606 2869 675 pecualis
2894 622 3036 662 curae
3061 607 3339 678 diligentia

1755 710 1867 751 rem
1915 695 2233 752 familiarem
2283 712 2387 752 non
2431 698 2670 769 segniter
2710 707 3073 764 exercentem,
3111 698 3342 771 contigit

1752 790 2031 860 proprium
2082 788 2251 845 ﬁlium
2316 790 2659 862 providendis
2712 792 3102 863 pascendisque
3149 792 3339 849 suibus

1751 883 2077 954 prmfecisse.
2105 882 2263 938 Hunc
2291 883 2612 938 antelucano
2636 883 2742 939 diei
2768 881 3069 951 cujusdam,
3091 890 3153 939 ut
3181 883 3340 940 fami-

1753 973 1887 1028 liare
1916 973 2110 1029 talibus
2137 982 2241 1040 est,
2269 989 2300 1028 a
2329 988 2520 1029 somno
2557 983 2953 1044 experrectum,
2977 989 3103 1031 sues
3133 975 3337 1046 inpas-

1752 1078 1854 1120 cua
1906 1065 2104 1121 ducere
2154 1080 2279 1122 cum
2326 1066 2692 1138 praecepisset,
2739 1081 2875 1138 puer
2918 1066 3006 1123 siti
3055 1077 3340 1139 correptus

1750 1155 2244 1219 vehementissima,
2272 1157 2467 1227 raptim
2493 1171 2552 1212 se
2575 1156 2641 1211 ad
2669 1157 2884 1213 situlam
2900 1157 3145 1222 contulit,
3172 1158 3340 1215 haus—

1752 1257 1974 1321 tumque
2000 1251 2213 1307 laticem
2240 1252 2443 1323 absque
2477 1252 3131 1323 salutaris'praemissione
3158 1255 3337 1325 signa-

1751 1349 1858 1404 culi
1906 1350 2281 1405 incunctanter
2324 1351 2666 1423 absumpsit:
2703 1352 2775 1407 ita
2805 1352 2888 1408 vis
2919 1355 3130 1411 ardoris
3158 1354 3339 1428 (insti-

1751 1449 1935 1511 gante,
1959 1450 2018 1495 ut
2043 1441 2229 1511 liquet,
2262 1442 2528 1515 daemone)
2557 1444 2819 1499 medullas
2857 1446 3213 1503 adolescentis
3250 1447 3336 1502 in-

1752 1547 1987 1594 vaserat.
2046 1539 2363 1610 Lugendum
2424 1540 2608 1595 dictu!
2659 1556 2767 1596 uno
2822 1543 2991 1598 miser
3037 1544 3339 1613 eodemque

1751 1630 1949 1685 haustu
1997 1639 2051 1684 et
2100 1641 2304 1701 pestem
2348 1632 2562 1703 glutivit
2607 1641 2664 1687 et
2719 1633 3020 1704 poculum:
3054 1633 3338 1691 confestim

1748 1730 1988 1789 namque
2012 1720 2198 1776 allisus
2226 1736 2255 1775 a
2284 1722 2550 1787 daemone,
2597 1730 2877 1793 tortusque
2901 1724 3221 1789 diutissime,
3247 1738 3341 1780 ea;

62 1831 168 1870 um
223 1814 367 1884 quod
406 1813 463 1870 in
510 1812 633 1869 aliis
678 1825 891 1883 quoque
934 1810 1038 1865 sibi
1091 1808 1394 1877 displiceat,
1441 1806 1651 1862 studuit
1678 1796 1726 1857 Β
1755 1813 1894 1868 lenis
1930 1812 2217 1878 addicitur,
2253 1812 2614 1884 claustrisque
2644 1815 2991 1871 validissimis
3030 1816 3336 1872 cohibetur.

59 1907 457 1964 tornmendare.
486 1905 558 1962 Ut
580 1904 829 1959 ﬁdelibus
856 1918 974 1958 mos
999 1911 1083 1958 est
1102 1902 1440 1958 devotionem
1467 1917 1644 1968 suam,
1714 1946 1723 1954 .

59 2000 254 2071 [uibus
280 2006 527 2069 possunt,
553 1996 783 2053 modulis
808 1996 1118 2060 declarare;
1148 2004 1273 2050 ante
1298 1994 1439 2048 sacri
1468 1993 1646 2062 sepul-

59 2108 204 2146 trtun
236 2090 479 2160 corporis
513 2097 684 2144 strata
714 2087 969 2156 iacebant
995 2102 1154 2158 poma
1191 2085 1485 2141 autumnali
1516 2085 1647 2139 viri-

59 2183 223 2237 litate
252 2180 567 2246 vcrnantia;
602 2194 722 2250 qua:
752 2185 810 2233 ut
835 2178 1048 2233 diversa
1077 2190 1294 2247 genere,
1325 2176 1492 2230 odore
1512 2190 1648 2246 quo-

59 2290 148 2345 [ue
178 2274 522 2346 gratissima,
551 2270 820 2342 geminam
849 2267 1232 2325 accedentibus
1276 2278 1526 2338 aspectus
1564 2265 1647 2321 ol-

59 2376 338 2435 actusque
366 2364 450 2422 sui
474 2362 706 2436 gratiam
728 2360 1136 2424 ministrarent;
1167 2359 1395 2423 interea,
1432 2356 1645 2428 populis

59 2459 107 2512 al
143 2458 298 2513 beati
323 2456 519 2513 festum
540 2454 789 2526 praesulis
813 2468 876 2508 ex
912 2466 1063 2506 more
1086 2449 1393 2514 liuentibus,
1421 2450 1645 2520 quibus-

59 2566 149 2621 [ue
181 2551 604 2621 permittebatur
625 2548 907 2611 accedere,
939 2545 1081 2601 sacri
1118 2544 1483 2614 pavimentum
1519 2541 1643 2607 lecti

60 2642 307 2713 eligiosa
345 2639 695 2701 veneratione
741 2636 1214 2701 deosculantibus,
1263 2649 1295 2689 e
1342 2650 1502 2699 rure,
1557 2633 1646 2689 cui

59 2732 289 2789 iantilla
315 2730 637 2789 vocabulum
662 2737 767 2794 est,
795 2729 1071 2798 distatque
1108 2726 1177 2782 ab
1207 2727 1339 2781 urbe
1374 2742 1482 2780 non
1524 2724 1645 2796 plu-

60 2828 286 2889 imum,
320 2824 647 2883 rusticorum
675 2823 965 2892 decumam
997 2819 1221 2889 contigit
1270 2817 1552 2872 interesse.
1595 2814 1646 2871 ls

59 2918 333 2976 mulorum
362 2916 611 2989 gulaque
633 2923 825 2985 captus
851 2910 1128 2976 illecebra,
1168 2924 1331 2965 manu
1363 2908 1535 2965 sacris
1563 2907 1645 2963 in-

59 3018 209 3073 ecta,
243 3021 464 3078 primum
486 3004 734 3069 clanculo
762 3002 962 3077 rapuit,
993 3016 1060 3058 ac
1101 3009 1358 3069 tanquam
1400 3013 1466 3052 eo
1492 2995 1642 3052 volu-

1820 1903 1911 1957 47.
1955 1902 2197 1974 Cumque
2225 1919 2322 1973 per
2363 1917 2573 1975 tempus
2604 1905 2819 1974 aliquod
2856 1906 3149 1976 irrequieta
3175 1908 3342 1963 mise-

1752 1995 1831 2049 ria
1868 2004 2172 2066 urgeretur,
2223 1997 2531 2053 salubriore
2575 2007 2832 2069 parentes
2868 1997 3031 2054 allati
3076 2000 3337 2069 consilio,

1749 2087 1817 2143 ad
1857 2086 2275 2143 famosissimam
2306 2088 2366 2143 B.
2405 2088 2663 2145 Germani
2708 2092 3029 2146 memoriam
3064 2093 3337 2148 deducen-

1748 2177 1877 2231 dum
1920 2177 2306 2242 decreverunt;
2376 2179 2659 2234 credentes
2697 2194 2860 2249 quam
2905 2182 3186 2239 verissime
3234 2183 3339 2239 inta-

1746 2269 1977 2324 mundos
2026 2270 2249 2341 spiritus
2291 2271 2433 2326 sacri
2483 2272 2727 2342 corporis
2772 2274 3077 2343 prtesentim
3118 2276 3332 2344 cedere,

1747 2360 1901 2430 cujus
1925 2361 2179 2416 virtutem
2214 2370 2270 2417 et
2308 2362 2501 2417 merita
2548 2364 2831 2419 constabat
2858 2379 2954 2420 eos
2992 2363 3335 2437 frequentius

1748 2456 2050 2525 expavisse.
2079 2453 2136 2509 ld
2161 2470 2284 2511 cum
2317 2455 2594 2523 fecissent,
2627 2458 2938 2529 applicitum
2967 2460 3081 2516 solo
3104 2476 3332 2531 puerum

1747 2557 1876 2601 ante
1929 2548 2236 2618 sepulcrum
2285 2550 2594 2605 venerabile
2655 2562 3035 2623 porrexerunt,
3084 2563 3335 2612 votorum

1747 2652 2012 2693 summam
2057 2640 2304 2696 ubertate
2322 2642 2584 2697 orationis
2610 2651 2666 2698 et
2690 2642 2916 2700 ﬂetuum
2936 2645 3192 2704 obnixius
3211 2663 3333 2720 pro-

1746 2736 2057 2798 sequentes.
2120 2729 2343 2786 Fratres
2398 2746 2630 2801 quorum
2681 2742 2801 2788 erat
2848 2733 3009 2792 oﬂicii
3068 2737 3336 2808 religiosis

1744 2817 1924 2874 locum
1950 2822 2195 2877 excubiis
2224 2824 2536 2890 observare,
2585 2834 2641 2881 et
2685 2828 2926 2883 cruciatu
2970 2830 3126 2900 pueri
3159 2839 3213 2886 et
3238 2845 3337 2903 pa-

1747 2917 1961 2963 rentum
1988 2909 2279 2968 devotione
2308 2916 2561 2985 permoti,
2599 2918 2863 2974 accedunt
2903 2921 3203 2990 cominus,;
3235 2923 3334 2978 ad-

1745 3000 2041 3074 hibitisque
2069 3006 2456 3065 ecclesiasticis
2481 3011 2821 3075 exorcismis,
2850 3013 3099 3073 levamen
3124 3015 3337 3074 misero

59 3104 180 3158 ttati
209 3117 418 3157 morem
444 3107 717 3171 gesturus,
744 3095 1028 3151 abscessit.
1078 3092 1248 3159 Hujus
1278 3091 1638 3147 temeritatem
1669 3153 1710 3172 η
1747 3111 1846 3165 per
1873 3096 2016 3152 sacri
2044 3097 2297 3155 virtutem
2336 3101 2582 3171 praesulis
2603 3102 2981 3172 deprecantur.
3019 3104 3339 3169 Pennedioo

59 3195 334 3264 :vestigio
362 3206 549 3253 comes
578 3191 712 3255 ultio
737 3186 1026 3261 castigavit
1052 3204 1065 3239 :
1091 3199 1238 3249 nam,
1268 3190 1328 3237 ut
1365 3198 1461 3238 esu
1492 3182 1637 3255 pomi

59 3287 239 3343 llicito
284 3282 550 3351 satisfecit
590 3279 878 3344 desiderio,
907 3272 1488 3346 interdicto'loquendi
1520 3291 1638 3339 usu,

59 3390 231 3434 nutus
251 3377 495 3442 effectus,
527 3390 681 3430 reum
703 3388 762 3428 se
787 3370 1033 3427 criminis
1062 3369 1229 3423 miser
1252 3366 1487 3439 agnovit.
1505 3365 1643 3421 Huic

59 3469 348 3528 :alamitati
387 3469 549 3524 finem
577 3482 750 3520 annus
794 3461 1082 3534 imposuit;
1112 3476 1234 3516 cum
1283 3458 1642 3515 solemnitatis

59 3564 295 3634 :jusdem
339 3577 519 3617 annuo
559 3567 835 3616 remeante
867 3556 1194 3643 spectaculo,
1245 3554 1416 3609 sancti
1464 3552 1640 3622 sepul—

59 3672 200 3712 :rum
234 3664 507 3725 repetens,
531 3651 656 3708 lletu
686 3660 896 3707 reatum
926 3648 1103 3715 diluit,
1128 3648 1372 3718 votisque
1395 3646 1642 3701 addictus

59 3747 486 3820 luamplurimis,
527 3743 790 3814 loquelam
840 3742 1046 3813 pariter
1070 3748 1125 3794 et
1153 3740 1365 3795 veniam
1396 3746 1642 3808 reporta-

59 3842 138 3896 rit.
178 3840 300 3896 Hoc
324 3839 476 3911 prius
510 3844 846 3908 compertum
884 3848 991 3889 non
1026 3841 1130 3896 est,
1161 3832 1332 3887 donec
1360 3830 1424 3897 is,
1455 3831 1641 3907 inquo

59 3940 332 3988 teractum
357 3931 553 3991 fuerat,
571 3928 648 3983 rei
668 3936 831 3999 gestae
854 3926 1050 3982 seriem
1074 3924 1356 3979 indicaret.
1380 3923 1435 3977 ld
1457 3931 1638 3978 actum

59 4032 128 4081 :st
163 4036 256 4087 ea,
288 4036 409 4092 qua:
437 4018 693 4075 Kalendis
718 4016 1043 4093 octobribus
1075 4015 1272 4080 evenit,
1303 4012 1598 4070 festivitate
1621 4054 1638 4081 ,

59 4127 325 4185 luamque
348 4112 418 4167 ob
446 4110 586 4166 sacri
624 4110 739 4180 ejus
769 4108 1155 4180 depositiouem
1183 4105 1427 4177 corporis
1457 4104 1640 4175 splen-

59 4204 317 4261 lidiorem
349 4205 563 4260 caeteris
606 4201 783 4272 prisca
830 4208 1074 4254 veterum
1104 4195 1501 4253 commendavit
1546 4210 1642 4250 au-

59 4299 298 4355 :toritas.

113 4390 206 4446 45.
250 4389 366 4445 Rus
392 4390 660 4462 quoddam
692 4385 872 4445 nobile
888 4382 1223 4441 Vastinensis
1245 4381 1367 4453 pagi
1392 4378 1642 4437 Cordibi-

59 4481 151 4538 tias
181 4483 407 4547 dicitur,
431 4498 462 4538 e
484 4483 637 4552 cujus
662 4481 849 4536 incolis
875 4479 1092 4550 quidam
1117 4477 1273 4532 anuis
1302 4476 1640 4551 pubertatem

59 4576 435 4633 mducentibus
470 4574 703 4630 infausta
750 4588 983 4646 genuum
1043 4571 1318 4627 debilitate
1357 4568 1636 4633 multatus,

59 4667 115 4721 ad
159 4658 399 4738 pra-fatae
433 4681 761 4722 concurrens
807 4662 1116 4718 festivitatis
1145 4660 1361 4734 gaudia,
1407 4658 1640 4716 naturali

59 4758 381 4814 reformatus
408 4757 715 4813 rectitudini
735 4797 750 4821 ,
781 4755 933 4824 cujus
960 4771 1123 4827 quam
1155 4754 1391 4809 maxime
1416 4760 1536 4808 erat
1559 4752 1641 4808 in-

59 4850 230 4922 digus,
270 4860 469 4921 optatae
503 4864 689 4905 secum
717 4848 901 4904 retulit
925 4848 1108 4902 munia
1135 4845 1430 4917 sospitatis.

121 4943 211 4999 46.
263 4944 602 4999 Institutione
651 4940 1014 5014 apostolorum
1064 4939 1326 5010 principis
1374 4935 1641 4997 informa-

59 5051 194 5100 mur,
226 5045 415 5093 contra
446 5043 764 5091 veternosus
788 5033 1007 5105 maligni
1042 5033 1215 5089 hostis
1246 5030 1493 5096 astutias,
1523 5036 1644 5107 spi-

870 5138 988 5150 μη-..
1013 5141 1262 5150 ---κ--..Α
1284 5124 1492 5150 ..ξ-212⁸..
1552 5143 1583 5150 μ

1648 4353 1656 4360 ἢ
1745 4292 2013 4348 interdum
2057 4292 2281 4349 ausibus
2327 4309 2434 4347 non
2481 4292 2702 4363 impune
2747 4290 2989 4353 lacessiri

1667 4515 1720 4593 p

1745 3185 1892 3239 bona
1905 3186 2301 3245 interveniente
2319 3191 2607 3256 curriculo,
2629 3192 2803 3265 surgit
2822 3194 3146 3262 incolumis;
3170 3197 3335 3256 lictis-

1744 3288 1849 3342 que
1884 3277 2201 3345 parentibus
2225 3288 2494 3349 perceptae
2533 3296 2719 3337 secum
2749 3284 2933 3340 retulit
2960 3288 3157 3358 gaudia
3185 3289 3335 3345 sani-

1744 3366 1892 3421 tatis.
1940 3366 2245 3438 Supersunt
2287 3370 2556 3441 hodieque
2582 3375 2989 3445 quamplurimi,
3016 3379 3109 3447 qui
3149 3395 3209 3435 se
3255 3380 3335 3439 rei

1743 3465 1909 3528 gestae
1936 3459 2267 3524 interfuisse,
2299 3462 2433 3516 satis
2457 3462 2683 3518 subnixa
2700 3466 2973 3522 relatione
2995 3467 3256 3525 fatentur.

1820 3547 1908 3603 48.
1950 3548 2084 3604 Rem
2130 3558 2185 3604 et
2222 3551 2446 3606 omnino
2498 3555 2795 3610 cavendam
2846 3567 2897 3612 et
2943 3557 3189 3627 plurimis
3238 3560 3326 3615 in-

1747 3650 2067 3699 cunctanter
2090 3654 2373 3714 expertam
2416 3647 2698 3716 praeterire
2739 3648 2996 3719 injurium
3042 3652 3331 3721 duxerim,

1743 3751 1870 3791 cum
1920 3745 2132 3792 constet
2187 3738 2240 3792 in
2290 3738 2453 3793 rebus
2492 3754 2707 3809 quoque
2755 3742 2994 3797 minimis
3038 3745 3334 3803 maximam

1745 3830 2017 3885 interdum
2059 3830 2301 3886 eminere
2340 3832 2534 3887 divinat
2571 3833 2786 3889 virtutis
2821 3835 3165 3893 evidentiam.
3197 3838 3335 3896 Cum

1743 3923 1887 3979 enim
1940 3923 2270 3978 sacrosancti
2325 3925 2641 3980 memoriam
2679 3926 3005 3984 confessoris
3049 3932 3323 3988 continuis

1744 4016 1889 4073 intro
1913 4026 2177 4087 extroque
2217 4015 2391 4085 palam
2420 4017 2492 4071 sit
2537 4018 2749 4076 radiare
2779 4019 3074 4089 miraculis,
3112 4023 3166 4078 iu
3204 4038 3333 4095 per-

1738 4108 1894 4180 juros
1927 4124 2141 4178 quoque
2180 4124 2286 4164 non
2338 4110 2519 4179 segnis
2563 4111 2824 4180 probatur
2867 4113 3014 4170 ultor
3060 4117 3328 4185 existere;

1743 4208 1808 4257 ut
1858 4200 2059 4271 liquido
2112 4200 2388 4265 emineat,
2434 4210 2750 4260 sanctorum
2795 4205 3021 4275 pignora
3070 4209 3325 4269 humanis

3039 4317 3053 4354 :
3104 4304 3331 4367 nam,si

1746 4382 1868 4453 quis
1908 4392 2000 4438 aut
2043 4384 2356 4454 cupiditatis
2406 4384 2586 4441 illectu
2612 4425 2630 4452 ,
2682 4396 2777 4444 aut
2822 4389 2987 4446 animi
3038 4392 3337 4462 pertinacis

1750 4473 1983 4544 impulsu
2009 4515 2025 4541 ,
2065 4476 2349 4533 mendacio
2404 4477 2735 4547 patrocinari
2785 4479 3047 4536 deﬁniens
3073 4522 3089 4548 ,
3141 4482 3332 4540 saltem

1748 4568 1802 4623 in
1843 4567 2050 4622 armilla
2088 4566 2270 4637 januze
2307 4580 2334 4610 ι
2372 4568 2753 4639 jusjurandum
2798 4571 3018 4642 eXplere
3070 4589 3336 4644 praeum-

1745 4661 1935 4731 pserit,
1966 4661 2113 4719 hunc
2141 4664 2285 4734 quod
2323 4662 2396 4718 sit
2445 4678 2572 4718 reus
2612 4665 2859 4738 perjurii,
2893 4674 3006 4721 tum
3051 4667 3130 4723 rei
3173 4668 3341 4726 fami-

1747 4750 1898 4807 liaris
1925 4752 2232 4823 dispendio,
2276 4763 2389 4808 tum
2437 4769 2715 4823 corporeae
2756 4755 2960 4811 damno
2991 4756 3344 4828 valetudinis,

1748 4847 1951 4916 absque
2017 4848 2315 4910 dilatione,
2383 4848 2703 4920 pedissequa
2749 4848 2976 4916 corripit
3026 4848 3195 4915 ultio,
3248 4851 3350 4905 du-

1747 4941 1933 5011 risque
1979 4940 2281 5017 implexum
2330 4939 2560 4997 nexibus
2588 4981 2606 5007 ,
2656 4950 2755 4997 aut
2806 4938 2915 4993 cita
2968 4937 3347 4996 satisfactione

1752 5032 2005 5095 liberum,
2056 5046 2156 5095 aut
2182 5028 2429 5104 proximo
2457 5031 2680 5088 interitu
2713 5026 2881 5089 eﬂicit
2906 5028 3356 5089 condemnatum.

1752 5125 1808 5150 IJ
1863 5138 1964 5150 ..Αη
2017 5125 2069 5150 Ξ»
2095 5142 2106 5150 .
2128 5148 2135 5149 κ
2153 5127 2226 5150 ...Α
2277 5122 2447 5150 ,Αιηηι
2492 5128 2733 5150 ΑΑ-..οι“2ι.
2782 5122 3070 5150 κωοηηιξη
3123 5122 3315 5150 mnus-:0
3337 5136 3357 5150 ο
