3876 5416
145 315 290 374 1335

1150 313 1240 372 DE
1277 311 1653 372 MIRACULIS
1689 311 1748 367 S.
1787 309 2118 368 GERMANI.
2160 341 2228 353 —
2265 306 2393 366 LIB.
2423 309 2464 365 l.

3277 311 3416 371 1254

143 433 304 499 tiani,
349 431 668 503 quartanive
716 429 864 503 typhi
907 429 1123 486 assidue
1165 437 1419 499 percepta
1471 423 1731 490 remedia,
1758 426 1813 489 Α
1838 438 2070 494 moxque
2114 431 2437 494 praesentem
2474 427 2699 492 experta
2727 419 2916 485 Deum,
2961 421 3301 480 naturalibus
3324 440 3418 480 or-

142 523 376 595 perenni
414 520 834 580 febricitantium
877 537 1144 578 concursu
1197 521 1377 578 locum
1421 519 1733 592 frequenta-

143 612 419 668 tissimum
446 613 759 680 reddidere;
790 628 1021 683 quorum
1049 627 1209 668 nemo
1230 611 1514 668 levaminis
1542 628 1736 684 expers

141 703 330 771 rediit,
378 704 628 777 quisquis
670 705 739 760 ad
784 713 975 762 sancta
1024 704 1213 761 limina
1256 703 1362 761 ﬁde
1415 704 1605 775 plenus
1647 720 1734 762 ac-

140 795 334 850 cessit.

123 916 130 922 -
213 887 308 944 56.
351 888 497 946 Loco
544 903 677 946 sane
725 889 824 957 illi,
871 891 1142 961 rebusque
1180 891 1247 947 ad
1285 906 1409 947 eum
1459 893 1734 964 pertinen-

140 977 314 1046 tibus,
358 981 668 1038 violentiam
715 997 826 1038 non
872 981 1230 1050 inferendam,
1282 984 1558 1040 temerarii
1613 985 1734 1057 qui-

137 1083 249 1138 que
299 1071 511 1142 experti
553 1081 697 1128 sunt.
736 1071 981 1140 Quodam
1029 1089 1264 1144 namque
1309 1091 1432 1131 cum
1479 1077 1592 1132 suis
1627 1077 1732 1134 iter

134 1159 498 1218 continuante
529 1163 839 1232 comitibus,
885 1181 1024 1221 unus
1069 1180 1288 1231 eorum,
1328 1169 1415 1222 cui
1462 1168 1513 1222 id
1563 1184 1731 1238 genus

131 1250 307 1309 oﬂicii
333 1255 699 1322 incumbebat,
738 1272 930 1328 equos,
965 1259 1164 1329 quibus
1193 1259 1246 1314 in
1288 1261 1402 1331 ipso
1438 1263 1732 1318 utebantur

132 1347 340 1404 itinere
367 1390 382 1414 ,
408 1360 566 1420 prato
591 1351 835 1407 ecclesia:
863 1352 1120 1409 inducere
1149 1354 1454 1422 nitebatur;
1490 1357 1575 1411 cui
1605 1372 1729 1411 cum

137 1454 168 1493 a
213 1442 452 1510 quodam
500 1444 826 1500 rusticorum
875 1444 1078 1500 dictum
1131 1445 1356 1514 fuisset,
1401 1448 1548 1504 beati
1596 1445 1729 1506 Ge'r-

136 1534 289 1588 mani
337 1549 459 1590 esse
491 1547 740 1606 pratum,
794 1538 1038 1609 tantique
1073 1540 1310 1595 nominis
1361 1551 1607 1610 respectu
1660 1540 1729 1596 ab

136 1625 260 1696 ejus
306 1627 585 1686 invasione
629 1631 989 1701 parcendum;
1035 1632 1122 1688 ille
1156 1635 1319 1687 verba
1369 1634 1472 1688 sibi
1523 1645 1728 1689 tantum

135 1717 262 1786 dari
291 1720 628 1787 existimans,
663 1738 834 1794 equos
864 1724 1222 1780 nihilominus
1256 1726 1567 1780 introduxit.
1609 1724 1727 1781 Pri-

1837 517 1993 588 ganis
2021 517 2274 573 restituta
2300 516 2592 573 convaluit.
3030 572 3036 579 ,

1907 609 1986 664 Ex
2028 608 2151 664 villa
2198 607 2518 665 Lusciniaco
2564 611 2848 666 mulierem
2893 617 3008 666 toto
3059 618 3423 677 contractam,

1834 714 2080 770 corpore,
2115 699 2404 756 Teduisam
2433 701 2682 767 nomine,
2717 700 2862 755 fama
2897 701 3004 756 huc
3035 700 3422 758 miraculorum

1833 791 2151 848 adduxerat.
2195 791 2354 858 Haec,
2405 791 2549 848 beati
2598 792 2776 848 Patris
2819 789 3147 863 suffragante
3193 793 3423 858 merito,

1831 886 2200 942 membrorum
2231 885 2397 942 decus
2423 900 2547 941 cum
2578 885 2903 941 rectitudine
2937 894 3265 952 consecuta,
3293 899 3429 940 cou-

1832 982 2001 1039 sciam
2041 995 2102 1038 se
2148 981 2309 1054 hujus
2356 981 2631 1038 beneflciis
2668 981 2902 1052 plurium
2952 982 3162 1039 dierum
3203 982 3426 1039 servitio

1832 1075 2148 1132 declaravit.

1903 1163 2074 1236 Hujus
2114 1181 2248 1222 sane
2289 1167 2390 1222 loci
2437 1181 2544 1222 non
2577 1181 2697 1222 esse
2725 1165 3024 1238 simplicem
3056 1164 3419 1236 majestatem,

1831 1261 2055 1332 plurimi
2085 1275 2322 1332 quoque,
2350 1260 2562 1316 diversa
2606 1259 2834 1316 febrium
2879 1260 3190 1316 accessione
3218 1258 3416 1321 vexati,

1833 1356 2027 1425 saepius
2054 1354 2440 1425 probaverunt.
2479 1353 2793 1408 Alcharium
2816 1353 3129 1422 quemdam,
3157 1358 3425 1421 quartana

1833 1447 2070 1518 impetur
2098 1447 2512 1518 desperabiliter
2555 1445 2922 1500 tabescentem
2951 1487 2965 1510 ,
3016 1445 3144 1500 illuc
3195 1442 3425 1512 contigit

1830 1536 2154 1592 advenisse:
2184 1537 2471 1592 ecclesiam
2511 1535 2711 1599 subiit,
2753 1535 3011 1591 excubias
3069 1535 3207 1606 egit,
3261 1548 3426 1603 seque

1830 1625 2208 1694 potentissima
2243 1626 2385 1681 beati
2419 1625 2598 1680 Patris
2620 1637 2722 1694 ope
2743 1639 2908 1694 quam
2939 1624 3223 1680 celerrime
3247 1622 3422 1693 sospi-

1833 1718 1928 1772 tati
1959 1717 2253 1782 redditum,
2292 1718 2602 1788 ingentibus
2630 1716 2916 1784 praeconiis
2944 1715 3259 1771 declaravit.

137 1824 264 1866 mus
293 1811 382 1880 qui
427 1811 704 1884 ingressus
745 1824 863 1877 est,
923 1830 1044 1870 mox
1103 1823 1160 1869 ut
1209 1815 1433 1870 herbam
1480 1816 1730 1871 dentibus
1758 1801 1804 1862 Β
1903 1808 2092 1880 Asius.
2116 1807 2361 1877 erSdem
2388 1808 2491 1864 Ιοοί
2521 1805 2826 1877 ρηεδγιετ,
2866 1807 3157 1861 tertianam
3183 1806 3272 1860 diu
3303 1820 3429 1875 1³³⁸⁸

137 1903 381 1973 carpsit,
409 1903 702 1960 damnabili
726 1905 1065 1961 deformitate
1109 1905 1385 1974 multatus}
1411 1914 1511 1971 est,
1546 1905 1599 1960 in
1621 1904 1732 1960 clli-

136 1991 284 2061 giem
315 1991 358 2048 X
399 1991 596 2049 littera:
624 1993 870 2049 faucibus
907 2010 1006 2064 per
1043 2003 1410 2050 transversum
1465 1995 1727 2050 distortis.

135 2085 418 2156 Equorum
467 2096 688 2153 custos,
722 2089 966 2158 inspecto
1021 2089 1256 2159 negotio,
1305 2089 1542 2158 reliquos
1569 2103 1731 2157 quam

133 2175 424 2232 celerrime
462 2179 720 2250 abigens,
757 2187 1076 2250 proventum
1115 2180 1191 2234 rei
1236 2180 1454 2234 domino
1501 2180 1730 2236 nuntiat.

132 2268 184 2324 ls
212 2269 436 2326 offensae
483 2272 772 2341 paenitens,
824 2272 1102 2328 candelam
1147 2271 1215 2327 ad
1255 2273 1472 2328 modum
1520 2275 1732 2344 equina:

130 2360 492 2432 longitudinis
555 2379 654 2434 pro
716 2365 926 2436 piaculo
971 2366 1185 2432 detulit,
1231 2376 1528 2437 sanctoque
1572 2368 1731 2423 satis-

131 2449 346 2507 faciens
374 2451 676 2521 Germano,
708 2455 939 2511 vehiculi
971 2457 1031 2528 (i.
1061 2472 1109 2509 ε.
1152 2456 1302 2528 equi)
1333 2458 1727 2528 reparationem

129 2533 390 2600 obtinuit.
441 2545 486 2600 E
535 2546 718 2603 multis
759 2562 931 2618 pauca
968 2548 1410 2618 perstrinximus,
1441 2563 1511 2604 ne
1551 2549 1728 2605 locum

129 2635 306 2690 tantis
337 2635 602 2706 insignem
631 2637 928 2709 privilegiis
954 2638 1266 2710 praeterisse
1293 2638 1619 2695 videremur.

203 2724 299 2778 57.
339 2723 475 2780 llinc
518 2723 862 2789 Pauliacum,
907 2725 1090 2781 villam
1132 2727 1276 2784 ruris
1319 2726 1591 2794 Senonici,
1643 2728 1728 2784 vel

132 2814 574 2886 compendiosius
621 2829 946 2882 memorare,
996 2832 1102 2872 non
1149 2826 1257 2872 tam
1289 2819 1569 2874 vicinitate
1600 2819 1726 2884 loci,

133 2922 302 2976 quam
354 2907 614 2978 dignitate
654 2905 1048 2977 compellimur.
1095 2907 1317 2965 Fundus
1366 2909 1455 2966 ille
1490 2911 1558 2966 ad
1583 2910 1725 2966 beati

133 2993 392 3052 Germani
439 2993 718 3068 pertinens
768 3006 1122 3068 potestatem,
1170 3001 1457 3057 ecclesiam
1511 3017 1726 3073 quoque

135 3087 303 3144 habet
331 3097 387 3144 et
413 3090 631 3148 nomine
664 3089 783 3158 ejus
818 3092 1119 3159 celebrem,
1167 3104 1222 3150 et
1263 3097 1552 3152 virtutibus
1588 3113 1724 3168 pra:-

1832 1917 1926 1957 sus
1955 1901 2208 1957 inertiam
2224 1943 2240 1967 ,
2266 1910 2326 1956 ut
2352 1916 2410 1956 se
2432 1902 2622 1957 devote
2647 1901 2714 1957 ad
2739 1901 2908 1956 Deum
2930 1897 3177 1963 contulit,
3203 1897 3428 1953 obtentu

1831 1994 1978 2049 beati
2011 1994 2256 2063 praesulis
2301 1994 2466 2049 celeri
2492 1995 2725 2050 donatus
2750 1991 3034 2056 beneficio,
3062 1990 3428 2060 importunam

1831 2102 1956 2142 mox
1985 2096 2193 2157 pestem
2218 2088 2470 2143 excessit.

1901 2177 2121 2244 Beatus,
2155 2179 2322 2249 ipsius
2348 2179 2587 2234 basilica:
2604 2177 2854 2242 clericus,
2876 2175 3191 2246 quotidiana
3215 2171 3428 2244 inquie-

1832 2267 2016 2322 tudine
2043 2268 2244 2322 acriter
2271 2267 2528 2338 fatigatus
2546 2310 2560 2332 ,
2592 2267 2806 2322 divinas
2834 2282 2929 2334 per
2955 2266 3171 2320 beatum
3200 2264 3426 2319 Germa-

1830 2375 1958 2413 num
2007 2359 2302 2414 medicinas
2345 2362 2601 2430 expetiit;
2639 2377 2806 2430 seque
2854 2369 3074 2430 repente
3119 2357 3424 2428 inrequieta

1831 2449 2076 2504 molestia
2111 2461 2420 2520 exemptum
2447 2453 2636 2507 sensit.

1901 2539 1988 2596 59.
2029 2539 2086 2594 Si
2114 2541 2396 2597 universos
2427 2544 2568 2614 apud
2599 2545 2743 2600 hunc
2781 2545 2958 2599 locum
2994 2553 3178 2600 nostra
3211 2551 3424 2614 tempe-

1829 2640 1970 2688 state
2019 2633 2322 2703 hujusmodi
2369 2645 2584 2705 ereptos
2622 2637 2963 2708 incommodo
3001 2650 3306 2691 memorare
3331 2648 3426 2688 ve-

1829 2723 1946 2790 lim,
1973 2725 2204 2794 parabit,
2247 2727 2439 2790 credo,
2484 2728 2702 2782 tiedium
2744 2729 3105 2784 numerositas
3127 2741 3423 2783 oecurren-

1830 2817 1961 2872 tinam
1993 2833 2365 2886 personarum.
2403 2819 2737 2875 Parcendum
2775 2822 2955 2892 itaque
2993 2821 3191 2876 talibus
3215 2861 3230 2886 ,
3261 2827 3425 2888 atque

1829 2908 1895 2961 ad
1923 2909 2128 2978 reliqua
2155 2909 2493 2966 uedificationi
2523 2913 2758 2981 proficua
2783 2912 3208 2967 concedendum.

1900 2998 2152 3064 Ejusdem
2183 2999 2285 3055 loci
2317 3002 2527 3068 mulier,
2575 3004 2722 3056 Doda
2760 3005 2974 3058 nomine
2997 3045 3012 3068 ,
3043 3019 3228 3058 sacras
3262 3002 3428 3058 ferias

1831 3091 2187 3160 negligentius
2227 3101 2497 3158 tractans,
2549 3095 2718 3164 ipsam
2754 3111 2970 3166 quoque
2993 3096 3097 3150 diei
3129 3094 3428 3150 Dominicze

136 3178 451 3246 cellentem;
503 3197 638 3252 quas
669 3185 923 3254 quoniam
955 3185 1037 3240 vel
1085 3183 1297 3240 difﬁcile
1344 3186 1428 3246 vel
1473 3187 1723 3256 impossi-
1754 3155 1799 3217 Ο
1832 3180 2205 3248 majestatem,
2254 3184 2580 3240 Christianis
2625 3187 2874 3241 omnibus
2899 3186 3222 3256 propensius
3245 3186 3430 3241 obser-

135 3267 244 3325 bile
292 3278 376 3326 est
419 3280 512 3326 aut
553 3287 802 3340 numero,
835 3283 929 3330 aut
969 3275 1163 3330 ordine
1204 3275 1486 3346 explicari,
1513 3276 1732 3332 omissis

138 3358 230 3426 iis,
277 3364 713 3431 quaa‘veteravit
743 3365 1059 3436 antiquitas,
1092 3381 1263 3436 pauca
1307 3381 1378 3421 ex
1423 3366 1531 3422 illis
1567 3380 1731 3437 quam

140 3451 419 3506 succincte
447 3455 832 3527 contingimus,
880 3455 947 3512 de
979 3456 1177 3528 quibus
1215 3456 1261 3512 si
1303 3456 1508 3512 incidat
1540 3455 1730 3513 dubie-

139 3553 246 3612 tas,
275 3545 623 3604 multitudine
654 3548 874 3605 testium
908 3549 1222 3605 obruemur.

213 3658 711 3716 Antissiodorensis
747 3661 869 3733 pagi
920 3661 1124 3727 accola,
1159 3661 1352 3718 Petrus
1390 3663 1732 3734 cognomine,

140 3751 519 3806 contractione
583 3767 817 3822 genuum
875 3753 1134 3806 amiserat
1205 3752 1511 3808 naturalem
1580 3769 1731 3810 com-

141 3843 359 3898 meandi
411 3859 584 3900 usum.
644 3845 779 3900 Vota
831 3847 1108 3916 concepit;
1172 3847 1239 3901 ad
1298 3856 1486 3903 sancta
1546 3847 1734 3906 limina

142 3935 518 4004 reptabundus
566 3938 838 4002 accessit;
889 3953 1016 3994 mox
1063 3939 1326 3994 debilitati
1383 3941 1733 4010 subtractus,

139 4019 293 4079 Beati
353 4024 608 4081 Germani
656 4027 958 4097 patrocinio
1005 4045 1064 4083 se
1108 4031 1476 4098 promeruisse
1520 4032 1737 4102 gavisus

141 4128 226 4172 est
261 4119 491 4176 solidam
527 4134 810 4191 gressuum
851 4119 1204 4177 functiouem.
1247 4121 1498 4178 Sahbella
1531 4123 1735 4179 dudum

145 4209 434 4268 familiaria
457 4229 729 4284 suspensa-
744 4229 843 4287 pro
863 4214 1088 4280 foribus,
1114 4216 1193 4272 rei
1219 4226 1386 4288 gesta:
1412 4225 1734 4287 argumento

144 4303 298 4360 fuere
326 4306 551 4362 diutius.

216 4412 296 4468 Ex
329 4415 506 4471 vicino
553 4414 756 4483 fundo,
803 4417 891 4473 eui
937 4415 1215 4474 Blariacus
1260 4418 1580 4475 vocabulum
1628 4429 1734 4487 est,

147 4505 364 4572 mulier,
418 4505 664 4562 Nonnula
699 4509 946 4574 nomine,
974 4518 1256 4566 contractu
1298 4511 1461 4566 totius
1491 4512 1737 4582 corporis
1761 4513 1815 4575 D

147 4599 367 4684 penitus;
391 4597 706 4664 inofﬁciosa,
752 4601 820 4656 ad
855 4601 1099 4657 eamdem
1136 4603 1415 4659 basilicam
1443 4605 1738 4674 gestatorio

151 4703 208 4742 se
231 4691 488 4758 contulit;
523 4707 756 4762 moxque
803 4693 946 4748 beati
997 4694 1253 4750 Germani
1303 4695 1498 4750 merito
1548 4696 1740 4752 ofﬁciis

153 4783 402 4838 restituta
429 4785 746 4840 decentibus
768 4825 784 4852 ,
837 4794 893 4841 et
939 4784 1132 4840 salutis
1171 4795 1224 4842 et
1258 4787 1437 4858 gaudii
1467 4786 1624 4858 plena
1655 4803 1740 4846 re-

1833 3269 2086 3332 vahilem,
2115 3287 2246 3324 ausa
2277 3281 2361 3326 est
2391 3273 2625 3329 lanificio
2652 3276 2824 3330 usuali
2857 3277 3078 3332 violare.
3124 3277 3429 3332 Temerita-

1836 3371 1943 3415 tem
1986 3360 2166 3431 operis
2204 3363 2418 3433 excepit
2441 3365 2698 3419 continuo
2732 3368 2996 3422 severitas
3022 3368 3244 3423 ultionis
3269 3386 3282 3423 :
3311 3383 3430 3424 ma-

1834 3470 1938 3509 nus
1963 3455 2028 3508 ad
2061 3453 2246 3509 illicita
2275 3462 2581 3522 consuetae,
2614 3457 2940 3513 necessariis
2977 3474 3099 3512 mox
3127 3459 3430 3514 destituun-

1834 3557 1924 3603 tur
1969 3547 2191 3614 ofliciis;
2237 3557 2528 3619 actumque
2559 3558 2662 3616 est,
2706 3560 2766 3605 ut
2812 3566 2911 3605 nec
2954 3559 3160 3604 natura:
3206 3559 3427 3620 possent

1834 3641 2169 3708 satisfacere,
2206 3658 2326 3712 qua:
2371 3643 2663 3698 Auctorem
2710 3652 2919 3698 natura?
2962 3643 3014 3697 iu
3053 3641 3428 3713 profanatione

1835 3751 1946 3792 sum
1980 3737 2087 3790 diei
2119 3751 2224 3792 non
2256 3735 2551 3791 timuerant
2588 3750 2904 3806 provocare.
2958 3733 3199 3788 Tandem
3228 3733 3427 3788 misera

1835 3836 2042 3883 reatum
2089 3842 2388 3899 agnoscens
2415 3868 2429 3892 ,
2477 3827 2546 3881 ad
2593 3827 2740 3882 beati
2793 3823 3047 3902 Germani
3087 3822 3428 3894 sesull‘ragia

1836 3916 2094 3983 contulit;
2123 3932 2191 3971 ne
2224 3915 2350 3971 talia
2377 3916 2636 3986 deinceps
2660 3916 2877 3970 iteraret
2896 3956 2909 3981 ,
2944 3923 3071 3972 voto
3094 3930 3152 3970 se
3191 3914 3429 3982 interpo-

1836 4009 1942 4084 sito
1970 4007 2258 4080 obligavit;
2297 4006 2707 4062 clementissimi
2755 4006 2933 4061 Patris
2975 4005 3231 4067 facilitate
3266 4004 3430 4058 mise-

1837 4103 2127 4159 ricordiam
2176 4111 2497 4164 consecuta,
2551 4103 2652 4156 sub
2701 4101 2988 4156 multorum
3036 4109 3328 4170 conspectu
3375 4105 3432 4153 ct

1837 4197 2127 4252 sanitatem
2159 4210 2416 4248 manuum
2446 4203 2501 4248 et
2522 4194 2770 4249 criminis
2795 4194 3008 4248 veniam
3039 4193 3354 4263 reportavit.

1909 4285 2160 4355 Ejusdem
2200 4283 2513 4354 impiatioue
2544 4283 2652 4338 diei
2697 4281 2942 4338 Nonnula
2989 4281 3112 4354 [al.,
3138 4279 3424 4352 nonnulla]

1839 4375 2032 4431 mulier
2077 4374 2327 4429 manibus
2363 4372 2548 4428 itidem
2595 4373 2842 4428 contrahi
2891 4371 3107 4426 meruit.
3173 4371 3430 4425 Criminis

1839 4467 2057 4524 conscia
2085 4465 2370 4522 ecclesiam
2426 4466 2588 4530 adiit;
2641 4473 2766 4519 vota
2821 4463 3230 4534 multiplicavit;
3280 4461 3428 4524 beati

1842 4561 2018 4617 Patris
2061 4560 2364 4615 interventu
2407 4558 2833 4616 incolumitatem
2878 4573 3003 4614 cum
3049 4556 3430 4612 emendatione

1842 4658 1958 4712 vitii
1990 4657 2209 4711 domum
2237 4655 2462 4712 revexit.

1915 4750 2048 4805 Item
2076 4747 2203 4815 alia,
2231 4748 2587 4819 Fredegardis
2612 4751 2829 4806 nomine
2846 4789 2862 4815 ,
2888 4747 3053 4803 simili
3073 4762 3173 4818 pro
3203 4745 3434 4802 crimine

1843 4843 2034 4898 eodem
2068 4841 2328 4899 mulctata
2370 4848 2456 4895 est
2479 4839 2774 4912 supplicio;
2811 4850 2866 4896 et
2897 4837 3028 4894 facti
3049 4836 3350 4908 pmnitens,
3381 4843 3440 4889 et

273 4885 281 4887 “
1844 4885 2034 4898 ννυνιι-
2068 4885 2328 4899 "uua-"vn"
2372 4885 2455 4895 νυν
2480 4885 2740 4912 νει-ινισ--νιν
2760 4885 2774 4908 ν
2812 4885 2865 4896 ν-
2897 4885 3028 4894 --νν-
3051 4885 3350 4908 ιν--π-ν---ν
3388 4885 3438 4889 ν-

151 4885 330 5002 cesiu.
589 4992 602 5002 _
692 4994 708 5002 _
1091 4993 1123 5002 η
1846 4932 1914 4987 de
1942 4931 2314 4990 misericordia
2337 4945 2445 4984 non
2468 4931 2762 5002 desperans
2785 4973 2800 4997 ,
2845 4929 2914 4984 ad
2953 4927 3237 5000 praefatum
3259 4925 3439 4980 locum

224 4991 310 5047 58.
350 4991 536 5049 Altera
556 4992 799 5064 ejusdem
827 4993 964 5050 villa:
984 4993 1210 5073 ‘mulier,
1237 4994 1372 5050 Alda
1403 5010 1468 5051 ex
1503 5003 1744 5067 parenti-

153 5081 252 5138 bus
268 5095 598 5155 nuncupata,
622 5086 970 5144 nihilominus
991 5090 1258 5146 contracti
1277 5089 1520 5158 corporis
1539 5090 1742 5154 damna

155 5174 461 5244 deplorans,
482 5178 779 5245 gestatoria
804 5194 862 5236 se
880 5179 1003 5235 illuc
1019 5178 1147 5235 ferri
1167 5181 1354 5250 petiit;
1386 5189 1566 5250 atque,
1594 5199 1741 5254 pm-

289 5285 308 5292 ι.
369 5267 526 5292 -.-Ω-,ι
544 5271 618 5292 -3-
670 5273 857 5294 μ--..13-ε

1847 5041 1905 5080 se
1935 5022 2204 5093 contulit;
2249 5023 2440 5081 faciem
2472 5021 2725 5095 lacrymis
2744 5065 2758 5085 .
2796 5020 2994 5079 caelum
3021 5020 3224 5088 gemitu
3249 5032 3448 5072 onera-

1843 5117 1959 5182 .vit;
1991 5117 2254 5176 sacerdos
2292 5111 2397 5171 loci
2443 5127 2542 5182 pro
2583 5113 2987 5186 recuperatione
3015 5107 3249 5164 infelicis
3275 5105 3454 5178 publi-

1849 5226 1969 5267 cam
2019 5212 2337 5271 orationem
2381 5205 2654 5271 adhibuit;
2695 5207 2853 5264 beato
2883 5203 3282 5260 interveniente
3307 5196 3457 5298 Ger-

868 5287 943 5294 ,ςι-
985 5287 1240 5294 ...Αφσι-.-.--
1274 5291 1323 5294 -ξ-
1369 5288 1599 5296 ..-ι-ιρι...-
