3876 5416
450 318 610 379 ωδ

1498 318 1729 377 HERlCl
1765 318 2074 380 MONAGHI
2106 319 2771 385 ANTISSIODORENHS

3612 317 3745 375 lia

460 449 613 491 circa
636 432 763 490 talia
798 431 913 490 fore
946 433 1217 506 incautus)
1239 450 1307 491 ex
1336 433 1482 503 fune,
1507 448 1618 507 quo
1639 437 1853 509 signum
1881 434 2054 495 eccle-
2078 439 2135 500 A
2159 446 2273 495 tum
2300 440 2785 510 praesentissimum
2834 436 3115 494 aferebat.
3148 436 3364 493 Interea
3403 450 3438 491 a
3473 437 3748 494 nonnulli

464 526 559 581 sia:
606 526 1069 597 dudunrpulsari
1118 536 1509 594 consueverat,
1566 531 1864 600 capistrum
1913 546 2055 601 equo

462 617 742 689 imposuit.
785 618 907 673 Mox
954 619 1158 689 liquido
1188 619 1416 686 claruit,
1460 637 1575 676 rem
1610 623 1780 678 semel
1819 638 2053 690 sacram,

466 709 783 766 domesticis
827 711 1014 766 usibus
1054 727 1166 766 non
1210 713 1453 768 decuisse
1494 714 1766 770 conduci:
1802 725 1863 771 ut
1905 698 2053 771 enim

444 802 672 873 .equiuo
700 803 862 873 capiti
889 806 1165 859 inductum
1197 814 1300 871 est,
1333 818 1547 874 cuncta,
1576 825 1696 879 qua:
1725 809 1868 866 funis
1896 826 2051 867 com-

464 893 656 963 plexus
683 893 901 962 fuerat,
931 897 1000 951 ita
1026 897 1318 968 derepente
1360 901 1641 972 absumpta
1673 908 1819 969 sunt,
1847 913 1906 958 ut
1930 902 2053 959 uni-

456 1000 615 1042 versa
663 984 818 1044 caro'
846 1005 968 1045 cum
994 989 1119 1060 pilis
1166 1003 1221 1048 et
1266 1001 1392 1048 cute
1443 994 1645 1049 ossium
1702 1004 1859 1052 tenus
1902 995 2051 1054 ferro

457 1087 741 1146 putaretur
767 1080 967 1136 decisa.
1007 1081 1097 1137 Sic
1125 1100 1296 1151 equus
1327 1085 1413 1138 ille
1452 1087 1733 1151 innoxius,
1778 1089 2051 1145 temerita-

460 1168 531 1224 tis
552 1168 741 1226 aliente
770 1172 837 1226 de
865 1181 1063 1229 czetero
1076 1176 1312 1230 servavit
1341 1176 1571 1242 iudicia;
1602 1179 1798 1250 quippe
1826 1182 1918 1249 qui
1948 1195 2050 1237 nec

456 1261 637 1318 carnis
659 1262 852 1331 plenae,
887 1280 988 1321 nec
1017 1266 1156 1322 cutis
1184 1266 1507 1334 solid;e,nec
1532 1270 1765 1340 pilorum
1794 1270 2048 1343 deinceps

452 1352 697 1423 recipere
726 1357 925 1413 meruit
946 1367 1301 1415 recrementa.

522 1444 603 1500 Ex
631 1462 781 1513 rure,
814 1448 904 1505 eui
950 1448 1168 1506 Villaris
1213 1468 1412 1510 nomen
1438 1463 1566 1522 est,
1614 1456 1830 1521 mulier,
1876 1455 2046 1514 Maria

436 1536 675 1595 nomine
698 1578 714 1603 ,
746 1540 813 1595 ad
853 1539 1030 1597 locum
1060 1542 1205 1599 hunc
1245 1544 1345 1601 sub
1387 1555 1650 1615 praetextu
1672 1548 1934 1605 orationis
1958 1563 2046 1607 ae-

440 1631 645 1697 cessit,
691 1642 961 1705 pactaque
1000 1638 1464 1707 opportunitatem
1495 1640 1788 1713 sacrilegii,
1817 1642 2043 1698 linteum

449 1721 517 1776 de
548 1724 779 1781 amboue
805 1726 1081 1793 subduxit,
1107 1728 1438 1801 domumque
1463 1747 1584 1788 cum
1605 1731 1750 1789 furto
1771 1748 2036 1805 regressa,

446 1811 706 1881 profanos
751 1830 909 1873 renes
951 1832 1109 1875 sacro
1166 1829 1480 1893 tegumenta
1526 1826 1827 1897 przecinxit.
1886 1827 2035 1885 Illico
2062 1809 2112 1872 Β

447 1902 579 1959 totis
626 1905 856 1962 artubus
904 1906 1201 1977 dissoluta,
1255 1928 1381 1968 cum
1423 1913 1751 1973 detrimento
1794 1921 2039 1991 corporis

438 1994 623 2052 sensit
644 1999 991 2065 praesentiam
1019 2001 1259 2059 ultionis.
1300 2004 1426 2060 Mox
1452 2004 1577 2062 facti
1608 2010 1896 2079 pmniteus,
1926 2027 2042 2069 rea-

447 2092 561 2139 tum
590 2088 827 2156 agnovit,
855 2105 1021 2161 seque
1048 2093 1117 2148 ad
1140 2094 1315 2149 locum
1340 2137 1355 2162 ,
1385 2112 1493 2167 quo
1518 2099 1657 2154 male
1682 2101 1832 2171 prius
1860 2117 2039 2161 ncces.

440 2188 632 2245 serat,
679 2184 946 2251 reportari
976 2186 1165 2255 petiit;
1214 2188 1428 2257 publice
1469 2191 1714 2249 confessa
1755 2193 2032 2262 delictum,

434 2272 714 2343 sacrilegii
751 2276 903 2332 nefas
942 2278 1199 2351 lacrymis
1240 2283 1499 2352 expiavit.
1542 2285 1634 2340 Sic
1657 2287 1955 2343 sacerdotis
1979 2296 2035 2344 et

439 2366 628 2435 populi
671 2367 976 2425 interventu
1018 2371 1361 2429 clementiam
1406 2376 1635 2443 meruit;
1667 2393 1731 2433 ac
1755 2378 2031 2450 deinceps,

440 2452 602 2510 beato
656 2457 949 2515 miserante
1002 2459 1310 2528 Germano,
1363 2481 1485 2521 cum
1539 2467 1862 2535 incolumis,
1918 2481 2033 2526 tum

438 2546 611 2603 etiam
637 2552 901 2621 castigata
939 2556 1184 2611 recessit.
1246 2556 1341 2612 llis
1368 2568 1424 2613 et
1447 2559 1718 2616 similibus
1757 2562 1908 2619 locus
1943 2564 2033 2621 ille

432 2640 694 2712 frequens
720 2646 1050 2718 privilegiis,
1078 2648 1237 2707 facile
1272 2652 1374 2708 sibi
1416 2652 1685 2712 famosum
1715 2658 2031 2714 reverentiae

435 2732 654 2790 titulum
687 2738 1002 2795 vindicavit.

511 2828 599 2883 61.
644 2828 917 2888 Praeterea
965 2835 1018 2889 in
1047 2851 1184 2907 pago
1225 2835 1607 2910 Rotomagcnsi
1637 2841 1822 2913 regius
1867 2837 2031 2912 fiscus

437 2928 541 2986 est,
567 2936 730 2992 quem
758 2923 978 2989 incolaz,
1003 2926 1074 2983 ob
1101 2927 1286 2996 palatii
1326 2930 1738 2999 antiquitatem,
1777 2931 2029 2989 Veterem

435 3012 657 3068 domum
700 3027 1044 3087 nuncupant;
1088 3019 1291 3089 capella
1333 3020 1535 3090 palatio
1564 3023 1851 3093 contigua,
1898 3023 2029 3078 bea-

430 3102 638 3158 tissimi
696 3104 955 3161 Germani
1002 3108 1207 3165 famosa
1249 3109 1502 3177 nomine,
1548 3111 1774 3169 illustris
1833 3114 2030 3170 merito

2157 534 2424 590 curiosius
2470 543 2788 606 percontata
2812 575 2827 598 ,
2876 533 2931 588 in
2958 548 3065 604 qua
3093 531 3197 589 sibi
3221 532 3420 587 beatus
3445 529 3748 587 Germana

2155 626 2495 697 apparuisset
2531 625 2705 697 efﬁgie
2728 666 2744 691 ,
2788 640 3079 696 personam
3121 639 3180 679 se
3221 622 3428 677 vidisse
3453 621 3748 676 testabatur

2154 720 2336 774 vultus
2358 720 2617 789 dignitate
2638 717 3148 789 splendidissimam,
3167 724 3376 771 statum
3394 714 3745 776 mediocrem,

2109 813 2113 817 ’
2151 812 2330 883 capilli
2355 811 2619 882 qualitate
2644 811 2896 866 decoram
2917 850 2932 874 ,
2960 810 3124 864 mista
3158 816 3342 861 tamen
3374 805 3587 863 canitie
3607 819 3746 860 reve-

2150 903 2400 959 rendam.
2437 901 2564 958 lliec
2608 910 2664 961 et
2708 901 2811 956 alia
2854 900 2984 955 dixit
3020 913 3081 955 se
3125 898 3179 954 in
3219 912 3288 953 eo
3321 906 3553 951 notasse
3582 896 3742 966 signa,

2149 1009 2271 1066 quae
2298 993 2539 1049 nonnulli
2565 1009 2781 1059 eorum,
2811 992 2904 1062 qui
2944 1007 3160 1047 sacrum
3205 991 3327 1061 ejus
3369 1004 3606 1057 corpus,
3634 1004 3746 1042 cu

2148 1086 2553 1149 transferretur,
2598 1087 2870 1156 quondam
2917 1092 3156 1140 tractare
3200 1091 3569 1143 meruerunt,
3595 1095 3746 1151 qua-

2148 1178 2422 1235 simillime
2445 1194 2503 1235 se
2523 1187 2775 1234 asserunt
2799 1177 3160 1249 perspexisse.
3199 1174 3342 1231 Huic
3372 1174 3649 1230 miraculo
3680 1183 3743 1229 tu

2146 1274 2405 1329 exstitere
2448 1280 2612 1329 testes
2629 1312 2645 1337 ,
2674 1279 2829 1340 quot
2856 1270 2922 1326 ad
2964 1270 3125 1340 hujus
3143 1268 3429 1340 generalis
3452 1277 3743 1322 conventas

2144 1365 2520 1443 spectaculum
2553 1381 2586 1423 e
2612 1364 2830 1422 cunctis
2867 1362 3020 1437 regni
3044 1362 3297 1435 partibus
3323 1374 3637 1418 occurrere
3658 1374 3741 1430 po-

2146 1466 2386 1515 tuerunt.

2760 1586 2991 1646 CAPUT
3026 1586 3116 1644 Vl.

2143 1703 2481 1764 Continuatio
2516 1703 2893 1760 miraculorum
2919 1701 3077 1758 variis
3105 1699 3235 1756 locis
3273 1696 3487 1754 ibidem
3515 1697 3639 1769 ejus
3667 1714 3744 1755 ιυ-

2567 1777 2705 1831 mine
2737 1775 2926 1829 dicatis
2950 1781 3307 1844 patratorum.

2211 1908 2298 1964 65.
2340 1905 2730 1963 Sanctissimus
2762 1913 2818 1962 et
2848 1904 2900 1961 in
2932 1904 3153 1975 optionis
3181 1903 3517 1974 quibusque
3542 1900 3746 1972 praeit

2138 2015 2233 2055 rus
2257 1998 2562 2069 Remigius,
2589 1997 2922 2054 Rbcmorum
2944 1994 3191 2067 pontifex
3212 1995 3539 2066 pretiosus,
3562 1994 3743 2048 bonae

2136 2089 2397 2147 Germani
2424 2089 2724 2146 beatissimi
2755 2090 2808 2143 in
2836 2088 2975 2153 loco,
3011 2104 3121 2158 quo
3147 2085 3382 2157 sepeliri
3416 2084 3739 2149 decreverat,

2137 2183 2337 2256 quique
2382 2182 2450 2237 ab
2504 2181 2638 2237 urbe
2683 2180 2974 2235 Rbemensi
3036 2177 3299 2233 milliario
3348 2175 3541 2233 ferme
3580 2176 3738 2241 distat,

2133 2274 2353 2346 propria
2386 2289 2546 2328 manu
2566 2313 2584 2340 ,
2612 2280 2671 2326 ut
2695 2272 3058 2326 vetustissima
3089 2269 3457 2326 Testamenti
3488 2269 3611 2340 ejus
3629 2282 3737 2336 pan-

2136 2364 2568 2431 ditauctoritas,
2595 2363 2865 2418 exstruxit
2891 2362 3193 2418 basilicam.
3234 2361 3378 2418 Haec
3420 2370 3490 2416 ut
3534 2359 3739 2430 antiqui-

2134 2465 2246 2525 tate
2273 2458 2533 2529 longaava,
2566 2457 2641 2511 ita
2667 2472 2884 2527 quoque
2909 2455 3306 2511 miraculorum
3342 2453 3739 2525 ρει-Βιθυνιαν

2133 2547 2265 2603 dore
2289 2547 2616 2603 clarissima.
2655 2544 2859 2601 Horum
2900 2556 3085 2601 autem
3110 2545 3359 2601 duorum
3398 2543 3554 2599 festa
3591 2541 3738 2614 ponti-

2134 2640 2297 2696 ﬁcum
2341 2639 2597 2695 Kalendis
2628 2638 2952 2695 Octobribus
2997 2637 3202 2693 mundo
3228 2637 3465 2708 pariter
3500 2636 3734 2701 illuxisse.

2131 2731 2293 2802 vulgo
2329 2744 2548 2803 quoque
2597 2730 2940 2785 notissimum
2972 2738 3077 2785 est.
3137 2727 3221 2784 Ad
3254 2730 3389 2784 hac
3424 2729 3597 2785 solito
3622 2727 3736 2783 cela-

2131 2822 2338 2877 branda
2369 2819 2677 2892 spectaculo
2700 2820 2767 2874 ad
2806 2818 2981 2875 locum
3009 2818 3404 2890 supradictum
3424 2860 3449 2886 ,
3481 2835 3595 2891 quo

2131 2919 2220 2966 cet
2246 2910 2579 2966 sanctissimi
2620 2909 2851 2981 Remig'i
2897 2925 3099 2980 corpus
3124 2910 3379 2980 quiescit
3417 2909 3730 2975 venerabili,

2131 3005 2362 3079 populus
2382 3022 2446 3061 ex
2479 3020 2631 3061 more
2652 3005 3006 3061 confluxerat.
3047 3002 3285 3061 Factum
3327 3014 3429 3060 est
3467 3014 3539 3059 ut
3570 3002 3729 3058 omet”-

2132 3099 2460 3169 vespertinis
2487 3097 2715 3163 exactis,
2744 3096 3093 3169 generaliter,
3128 3106 3188 3152 ut
3230 3097 3293 3152 in
3331 3098 3614 3154 ccenobiis
3636 3109 3728 3150 ma

434 3194 723 3267 signorum
769 3198 895 3255 dote
946 3215 1214 3256 summam
1269 3204 1371 3260 sibi
1418 3204 1575 3261 facile
1621 3208 2025 3264 venerationem

2133 3201 2232 3258 est,
2263 3192 2515 3247 universa
2535 3189 2682 3263 vulgi
2706 3190 2898 3246 concio
2926 3205 2957 3244 a
2983 3190 3152 3258 septis
3173 3188 3447 3244 ecclesia:
3466 3190 3727 3245 cum

432 3286 690 3343 obtinuit.
748 3289 923 3345 Unum
974 3292 1079 3348 erit
1107 3297 1394 3365 proposita:
1436 3297 1709 3354 subiciens
1739 3300 2021 3369 brevitati;

430 3377 581 3447 quod
606 3394 674 3436 eo
700 3395 1005 3439 memorare
1046 3386 1441 3456 compellimur,
1482 3403 1591 3459 quo
1614 3389 1889 3460 publicum
1920 3392 2028 3448 sci-

430 3485 574 3527 mus.
613 3471 727 3529 Rex
776 3474 1004 3533 Carolus
1050 3490 1076 3520 ι
1122 3479 1231 3536 huc
1274 3479 1508 3538 fortasse
1544 3483 1870 3551 devenerat,
1900 3500 2023 3541 cum

431 3559 755 3636 ﬂerispogio
809 3567 950 3624 duce
1000 3569 1282 3627 Britonum
1326 3572 1717 3643 placitaturus,
1764 3590 1829 3632 ac
1880 3577 2023 3632 seria

426 3668 659 3728 quaeque
687 3659 755 3715 de
800 3664 954 3734 regni
1000 3665 1234 3736 negotiis
1260 3673 1625 3724 tractaturus:
1656 3668 1780 3725 illuc
1804 3711 1819 3736 ,
1863 3678 1923 3726 ut
1966 3671 2022 3727 in

428 3757 583 3806 tanto
633 3762 901 3811 conventu
927 3757 1165 3825 assolet,
1214 3759 1505 3816 immodica
1541 3763 1698 3818 turba
1722 3777 2021 3833 pauperum

427 3841 790 3914 undecunque
861 3848 1153 3916 conﬂuxit;
1206 3851 1349 3907 inter
1394 3867 1532 3922 quos
1578 3854 1758 3925 puella
1805 3869 2021 3927 quoque

430 3942 583 3989 muta
618 3936 828 4003 adfuit,
878 3937 1162 3997 familiaris
1191 3942 1384 4013 inopia}
1425 3943 1626 4000 malum
1671 3948 2019 4017 quaeritandte

422 4025 584 4096 stipis
620 4028 856 4085 artiﬁcio
902 4032 1061 4088 docta
1107 4042 1428 4106 temperare.
1485 4038 1595 4105 Ea,
1626 4040 1769 4111 quod
1797 4039 2017 4111 hospitii

424 4114 738 4176 facultatem
770 4136 875 4177 non
909 4124 1145 4195 reperit,
1175 4127 1314 4182 intra
1342 4129 1560 4199 capellae
1594 4133 1854 4187 ambitum
1882 4149 2015 4189 con-

426 4208 615 4264 cessit.
669 4209 827 4269 Circa
869 4223 1087 4271 noctem
1137 4218 1368 4275 mediam
1419 4221 1662 4294 vigilanti
1709 4222 2014 4280 Germanus

422 4301 805 4359 sanctissimus
828 4306 1037 4371 astitit,
1080 4307 1400 4382 placidoque
1440 4312 1581 4368 hanc
1606 4311 1840 4383 alloquio
1875 4315 2015 4370 mul-

419 4405 595 4447 cens:
624 4389 753 4461 Jus,
783 4393 992 4467 inquit,
1019 4397 1242 4471 hospitii
1275 4413 1528 4474 negatum
1559 4405 1653 4460 tibi
1684 4405 1755 4461 ab
1778 4406 2014 4463 homini-

418 4477 522 4539 bus
553 4481 673 4556 [al.,
707 4487 1017 4562 omnibus],
1067 4490 1437 4560 immanitate,
1487 4510 1591 4565 qua
1624 4488 1835 4568 potero,
1862 4513 2012 4555 coms

2126 3286 2389 3342 instantia
2439 3284 2750 3356 pelleretur.
2816 3282 3170 3339 Contractum
3218 3284 3541 3353 quemdam
3588 3279 3727 3336 amici

2126 3378 2377 3434 vehiculo
2406 3377 2736 3442 detulerant,
2763 3392 2921 3447 quem
2945 3392 2975 3431 a
2999 3375 3144 3432 beati
3176 3374 3430 3445 Remigii
3454 3374 3722 3445 (expulsa.

2128 3471 2352 3541 templo,
2382 3471 2435 3527 in
2469 3469 2750 3542 praefatam
2771 3469 2943 3527 sancti
2964 3467 3225 3525 Germani
3253 3468 3583 3533 basilicam,
3599 3467 3723 3538 quod

2126 3577 2225 3633 pro
2263 3560 2473 3616 foribus
2510 3561 2864 3625 consisteret,
2896 3559 3218 3615 intulerunt.
3266 3558 3353 3615 lbi
3392 3575 3502 3630 per
3528 3570 3722 3615 nomen

2126 3654 2516 3725 aliquantisper
2544 3654 2852 3719 excubans,
2881 3651 3182 3708 beatissimi
3210 3649 3492 3708 Germani
3534 3649 3721 3706 meritis

2125 3745 2375 3815 sospitati
2418 3743 2694 3806 redditus,
2742 3742 3078 3799 naturalibus
3105 3757 3410 3814 gressuum
3455 3740 3720 3799 ofliciism

2123 3846 2322 3892 caetero
2370 3834 2572 3907 perfrui
2616 3835 2832 3892 meruit.
2897 3835 2974 3890 lta
3014 3834 3101 3889 vir
3143 3835 3443 3906 apostolici
3489 3831 3719 3890 culminis

2122 3928 2287 3984 etiam
2335 3943 2446 3984 sua:
2485 3928 2885 3983 commendavit
2924 3926 3175 3983 sublimia
3202 3927 3526 3999 dignitatis,
3555 3938 3720 3983 estel—

2122 4020 2255 4077 dens
2295 4036 2355 4077 se
2380 4021 2436 4077 in
2481 4021 2597 4093 ejus
2623 4019 2935 4076 celebritate
2965 4018 3070 4074 diei
3104 4017 3289 4075 locum
3312 4020 3572 4076 obtinere
3596 4034 3717 4090 pra-

2120 4111 2376 4184 cipuum,
2427 4128 2589 4183 quam
2640 4110 2943 4167 clarificare
2997 4109 3171 4165 voluit
3225 4126 3459 4168 suorum
3514 4125 3716 4184 quoque

2117 4202 2417 4277 privilegiis
2447 4203 2789 4259 meritorum.
2830 4201 2974 4258 Loca
3004 4201 3143 4269 lucc,
3173 4218 3416 4274 quorum
3441 4205 3571 4260 huic
3596 4218 3715 4276 opa-

2119 4284 2269 4350 sculo
2298 4295 2629 4351 mentionem
2653 4294 2995 4359 inseruimus,
3029 4294 3329 4350 virtutibus
3358 4296 3567 4367 pollent
3586 4309 3711 4369 pene

2117 4390 2441 4457 continuis;
2471 4405 2661 4446 verum
2705 4405 2805 4445 nos
2843 4406 2906 4447 ea
2936 4397 3149 4444 tantum
3177 4391 3455 4461 attingere
3483 4391 3711 4447 decrevi-

2117 4496 2261 4548 mus,
2294 4498 2414 4553 qum
2459 4484 2775 4554 pervulgata
2823 4479 3094 4546 omnibus,
3143 4482 3535 4556 ambiguitatis
3563 4499 3707 4540 scru-

554 4539 575 4556 ,
658 4539 672 4551 ,
719 4539 757 4541 ρ
806 4539 1017 4562 μη-η,
1067 4539 1437 4560 --_---_..--_--,
1489 4539 1591 4551 η...
1698 4539 1813 4553 ..ην
1864 4539 2009 4555 νωμ-
2249 4539 2260 4548 ι
2311 4539 2329 4553 .
2462 4539 2477 4554 .
2654 4539 2684 4554 υ

417 4576 680 4645 pensabo.
715 4578 794 4634 Ita
819 4579 992 4649 fatus,
1035 4595 1277 4641 mentum
1306 4596 1469 4643 muta:
1499 4539 1696 4646 blanda
1722 4539 2009 4666 sub’rigens
2032 4539 2088 4604 Β
2113 4574 2297 4647 limum
2333 4574 2558 4630 θΙυοίίπί
2587 4583 2916 4630 meruerunt.

419 4681 603 4735 manu,
654 4668 709 4724 in
764 4685 826 4727 os
869 4670 986 4742 eius
1025 4676 1244 4744 expuit;
1297 4693 1533 4751 moxque
1578 4682 1846 4738 visibilem
1894 4699 2008 4742 suae

416 4761 747 4820 ostensionis
788 4767 1137 4837 praesentiam
1185 4772 1479 4828 subtraxit.
1535 4773 1742 4831 Virtute
1773 4776 2007 4834 medica-

416 4854 579 4909 minis
606 4854 797 4913 intima
826 4857 1063 4916 faucium
1084 4871 1264 4933 rupta,
1288 4866 1564 4937 sanguinis
1586 4866 1797 4937 eiecere
1815 4885 2007 4940 quam-

413 4943 745 5016 plurimum;
796 4952 932 5009 adeo
977 4962 1037 5010 ut
1085 4963 1197 5011 tota
1219 4956 1474 5028 planities
1502 4961 1797 5032 pavimenti
1825 4977 1892 5019 eo
1920 4979 2007 5019 su-

412 5036 635 5105 perfusa
656 5040 951 5100 videretur.

487 5129 580 5185 62.
617 5130 839 5190 Umbris
889 5139 1203 5190 cedentibus
1240 5145 1451 5190 αιιΜιιὶςι
1483 5145 1702 5190 reducta
1734 5146 1852 5190 die:
1879 5162 2008 5190 mm.

2182 4668 2272 4725 64.
2309 4668 2369 4724 In
2391 4668 2649 4725 suburbio
2691 4667 3040 4725 Suessionico
3079 4666 3144 4724 Β.
3176 4666 3445 4727 Germani
3487 4664 3707 4725 ecclesia

2110 4760 2336 4830 eminet,
2364 4778 2525 4834 quam
2551 4762 2734 4833 opinio
2770 4762 2989 4818 conscia
3031 4765 3329 4819 vetustatis
3369 4779 3403 4817 a
3431 4761 3707 4818 duodecim

2110 4854 2490 4911 famosissimis
2518 4854 2944 4926 negotiatoribus
2967 4854 3120 4909 orbis
3144 4854 3277 4911 olim
3308 4854 3569 4926 perhibet
3596 4863 3708 4908 esse

2110 4959 2509 5017 constructam;
2544 4949 2637 5019 qui
2682 4949 2937 5018 quoniam
2979 4949 3049 5004 de
3088 4948 3277 5021 regnis
3326 4949 3396 5004 ad
3424 4963 3594 5020 regna
3620 4960 3705 5001 se-

2109 5043 2234 5101 dule
2261 5053 2603 5115 permeantes
2628 5084 2643 5111 ,
2673 5044 2842 5115 prdpe
2885 5042 3060 5112 ripam
3104 5041 3313 5097 Axona:
3360 5041 3617 5097 crebrius
3640 5038 3705 5093 ﬁ-

2109 5151 2239 5190 xere
2270 5136 2523 5190 tentoria.
2545 5135 2600 5190 id
2629 5152 2738 5190 suae
2762 5135 3082 5190 frequentia:
3106 5137 3475 5190 decreverunt
3497 5150 3569 5190 eo
3590 5133 3705 5188 loco
