  <div class='ocr_page' id='page_1' title='image "/cluster/home/n/w/nwhite01/storage/ocr_20150623/124/hvd.32044011218096/624.png"; bbox 0 0 3876 5416; ppageno 0'>
   <div class='ocr_carea' id='block_1_1' title="bbox 3 235 184 295">
    <p class='ocr_par' dir='ltr' id='par_1_1' title="bbox 3 235 184 295">
     <span class='ocr_line' id='line_1_1' title="bbox 3 235 184 295; baseline 0 -2"><span class='ocrx_word' id='word_1_1' title='bbox 3 235 184 295; x_wconf 64' lang='grc'><strong>135⁸2</strong></span> 
     </span>
    </p>
   </div>
   <div class='ocr_carea' id='block_1_2' title="bbox 1059 233 2354 296">
    <p class='ocr_par' dir='ltr' id='par_1_2' title="bbox 1059 233 2354 296">
     <span class='ocr_line' id='line_1_2' title="bbox 1059 233 2354 296; baseline -0.003 -5"><span class='ocrx_word' id='word_1_2' title='bbox 1059 236 1148 293; x_wconf 84' lang='lat' dir='ltr'><strong>DE</strong></span> <span class='ocrx_word' id='word_1_3' title='bbox 1188 234 1557 294; x_wconf 78' lang='lat' dir='ltr'><strong>MIRACULIS</strong></span> <span class='ocrx_word' id='word_1_4' title='bbox 1597 235 1654 295; x_wconf 85' lang='lat' dir='ltr'><strong>S.</strong></span> <span class='ocrx_word' id='word_1_5' title='bbox 1695 234 2009 296; x_wconf 79' lang='lat' dir='ltr'><strong>GERMANI</strong></span> <span class='ocrx_word' id='word_1_6' title='bbox 2039 267 2111 278; x_wconf 95' lang='lat'>—</span> <span class='ocrx_word' id='word_1_7' title='bbox 2148 234 2274 293; x_wconf 85' lang='lat' dir='ltr'><strong>LIB.</strong></span> <span class='ocrx_word' id='word_1_8' title='bbox 2313 233 2354 289; x_wconf 91' lang='grc' dir='ltr'><strong>Ι.</strong></span> 
     </span>
    </p>
   </div>
   <div class='ocr_carea' id='block_1_3' title="bbox 3185 229 3326 287">
    <p class='ocr_par' dir='ltr' id='par_1_3' title="bbox 3185 229 3326 287">
     <span class='ocr_line' id='line_1_3' title="bbox 3185 229 3326 287; baseline 0.021 -3"><span class='ocrx_word' id='word_1_9' title='bbox 3185 229 3326 287; x_wconf 72' lang='grc'><strong>1258</strong></span> 
     </span>
    </p>
   </div>
   <div class='ocr_carea' id='block_1_4' title="bbox 3 345 3336 425">
    <p class='ocr_par' dir='ltr' id='par_1_4' title="bbox 3 345 3336 425">
     <span class='ocr_line' id='line_1_4' title="bbox 3 345 3336 425; baseline -0.002 -21"><span class='ocrx_word' id='word_1_10' title='bbox 3 346 301 418; x_wconf 71' lang='lat' dir='ltr'><strong>opusculi</strong></span> <span class='ocrx_word' id='word_1_11' title='bbox 342 347 584 405; x_wconf 81' lang='lat' dir='ltr'><strong>brevitas</strong></span> <span class='ocrx_word' id='word_1_12' title='bbox 607 350 878 421; x_wconf 81' lang='lat' dir='ltr'><strong>explicare</strong></span> <span class='ocrx_word' id='word_1_13' title='bbox 914 365 1021 407; x_wconf 88' lang='lat' dir='ltr'><strong>non</strong></span> <span class='ocrx_word' id='word_1_14' title='bbox 1049 350 1292 420; x_wconf 88' lang='lat' dir='ltr'><strong>patitur:</strong></span> <span class='ocrx_word' id='word_1_15' title='bbox 1327 365 1498 422; x_wconf 87' lang='lat' dir='ltr'><strong>pauca</strong></span> <span class='ocrx_word' id='word_1_16' title='bbox 1527 366 1650 423; x_wconf 89' lang='lat' dir='ltr'><strong>per-</strong></span> <span class='ocrx_word' id='word_1_17' title='bbox 1676 354 1729 415; x_wconf 80' lang='grc' dir='ltr'>Α</span> <span class='ocrx_word' id='word_1_18' title='bbox 1753 350 2055 425; x_wconf 78' lang='lat' dir='ltr'><strong>presbyteri</strong></span> <span class='ocrx_word' id='word_1_19' title='bbox 2087 352 2389 423; x_wconf 86' lang='lat' dir='ltr'><strong>vespertina</strong></span> <span class='ocrx_word' id='word_1_20' title='bbox 2418 350 2538 408; x_wconf 91' lang='lat' dir='ltr'><strong>loco</strong></span> <span class='ocrx_word' id='word_1_21' title='bbox 2570 351 2819 406; x_wconf 84' lang='lat' dir='ltr'><strong>deessent</strong></span> <span class='ocrx_word' id='word_1_22' title='bbox 2854 346 3049 403; x_wconf 84' lang='lat' dir='ltr'><strong>omcia.</strong></span> <span class='ocrx_word' id='word_1_23' title='bbox 3093 345 3336 417; x_wconf 89' lang='lat' dir='ltr'><strong>Sumptis</strong></span> 
     </span>
    </p>
   </div>
   <div class='ocr_carea' id='block_1_5' title="bbox 3 438 1646 513">
    <p class='ocr_par' dir='ltr' id='par_1_5' title="bbox 3 438 1646 513">
     <span class='ocr_line' id='line_1_5' title="bbox 3 438 1646 513; baseline 0.001 -17"><span class='ocrx_word' id='word_1_24' title='bbox 3 440 329 512; x_wconf 82' lang='lat' dir='ltr'><strong>stringere</strong></span> <span class='ocrx_word' id='word_1_25' title='bbox 354 438 573 496; x_wconf 78' lang='lat' dir='ltr'><strong>anin‘tus</strong></span> <span class='ocrx_word' id='word_1_26' title='bbox 602 441 873 513; x_wconf 77' lang='lat' dir='ltr'><strong>suggerit,</strong></span> <span class='ocrx_word' id='word_1_27' title='bbox 903 457 1022 513; x_wconf 70' lang='lat' dir='ltr'><strong>qua:</strong></span> <span class='ocrx_word' id='word_1_28' title='bbox 1053 457 1149 512; x_wconf 84' lang='lat' dir='ltr'><strong>per</strong></span> <span class='ocrx_word' id='word_1_29' title='bbox 1172 443 1504 497; x_wconf 83' lang='lat' dir='ltr'><strong>sacerdotem</strong></span> <span class='ocrx_word' id='word_1_30' title='bbox 1530 440 1646 512; x_wconf 89' lang='lat' dir='ltr'><strong>ejus</strong></span> 
     </span>
    </p>
   </div>
   <div class='ocr_carea' id='block_1_6' title="bbox 3 528 1651 605">
    <p class='ocr_par' dir='ltr' id='par_1_6' title="bbox 3 528 1651 605">
     <span class='ocr_line' id='line_1_6' title="bbox 3 528 1651 605; baseline 0.003 -21"><span class='ocrx_word' id='word_1_31' title='bbox 3 530 298 587; x_wconf 77' lang='lat' dir='ltr'><strong>basilicae</strong></span> <span class='ocrx_word' id='word_1_32' title='bbox 325 528 558 589; x_wconf 83' lang='lat' dir='ltr'><strong>fideliter</strong></span> <span class='ocrx_word' id='word_1_33' title='bbox 586 544 862 605; x_wconf 85' lang='lat' dir='ltr'><strong>comperta</strong></span> <span class='ocrx_word' id='word_1_34' title='bbox 899 542 1161 588; x_wconf 89' lang='lat' dir='ltr'><strong>tenemus.</strong></span> <span class='ocrx_word' id='word_1_35' title='bbox 1206 533 1303 589; x_wconf 89' lang='lat' dir='ltr'><strong>llic</strong></span> <span class='ocrx_word' id='word_1_36' title='bbox 1329 535 1441 605; x_wconf 88' lang='lat' dir='ltr'><strong>ipse</strong></span> <span class='ocrx_word' id='word_1_37' title='bbox 1469 535 1536 588; x_wconf 88' lang='lat' dir='ltr'><strong>ad</strong></span> <span class='ocrx_word' id='word_1_38' title='bbox 1567 550 1651 590; x_wconf 92' lang='lat' dir='ltr'><strong>re-</strong></span> 
     </span>
    </p>
   </div>
   <div class='ocr_carea' id='block_1_7' title="bbox 3 623 1651 698">
    <p class='ocr_par' dir='ltr' id='par_1_7' title="bbox 3 623 1651 698">
     <span class='ocr_line' id='line_1_7' title="bbox 3 623 1651 698; baseline 0.002 -21"><span class='ocrx_word' id='word_1_39' title='bbox 3 623 315 679; x_wconf 84' lang='lat' dir='ltr'><strong>visendos</strong></span> <span class='ocrx_word' id='word_1_40' title='bbox 341 639 503 698; x_wconf 79' lang='lat' dir='ltr'><strong>agros</strong></span> <span class='ocrx_word' id='word_1_41' title='bbox 532 625 778 681; x_wconf 69' lang='lat' dir='ltr'><strong>ecclesiae</strong></span> <span class='ocrx_word' id='word_1_42' title='bbox 815 625 903 680; x_wconf 91' lang='lat' dir='ltr'><strong>die</strong></span> <span class='ocrx_word' id='word_1_43' title='bbox 944 626 1176 695; x_wconf 89' lang='lat' dir='ltr'><strong>quadam</strong></span> <span class='ocrx_word' id='word_1_44' title='bbox 1205 641 1264 681; x_wconf 92' lang='lat' dir='ltr'><strong>se</strong></span> <span class='ocrx_word' id='word_1_45' title='bbox 1298 623 1504 681; x_wconf 84' lang='lat' dir='ltr'><strong>ferebat</strong></span> <span class='ocrx_word' id='word_1_46' title='bbox 1531 640 1651 681; x_wconf 89' lang='lat' dir='ltr'><strong>esse</strong></span> 
     </span>
    </p>
   </div>
   <div class='ocr_carea' id='block_1_8' title="bbox 3 716 1651 788">
    <p class='ocr_par' dir='ltr' id='par_1_8' title="bbox 3 716 1651 788">
     <span class='ocr_line' id='line_1_8' title="bbox 3 716 1651 788; baseline 0.004 -19"><span class='ocrx_word' id='word_1_47' title='bbox 3 717 411 783; x_wconf 84' lang='lat' dir='ltr'><strong>profectum:</strong></span> <span class='ocrx_word' id='word_1_48' title='bbox 442 718 564 774; x_wconf 83' lang='lat' dir='ltr'><strong>dolo</strong></span> <span class='ocrx_word' id='word_1_49' title='bbox 586 717 750 773; x_wconf 89' lang='lat' dir='ltr'><strong>vicini</strong></span> <span class='ocrx_word' id='word_1_50' title='bbox 777 716 1057 787; x_wconf 83' lang='lat' dir='ltr'><strong>cujusdam</strong></span> <span class='ocrx_word' id='word_1_51' title='bbox 1099 733 1352 788; x_wconf 76' lang='lat' dir='ltr'><strong>agrorum</strong></span> <span class='ocrx_word' id='word_1_52' title='bbox 1390 719 1651 775; x_wconf 73' lang='lat' dir='ltr'><strong>terminos</strong></span> 
     </span>
    </p>
   </div>
   <div class='ocr_carea' id='block_1_9' title="bbox 3 808 1651 880">
    <p class='ocr_par' dir='ltr' id='par_1_9' title="bbox 3 808 1651 880">
     <span class='ocr_line' id='line_1_9' title="bbox 3 808 1651 880; baseline 0.002 -19"><span class='ocrx_word' id='word_1_53' title='bbox 3 808 413 877; x_wconf 69' lang='lat' dir='ltr'><strong>immutatos,</strong></span> <span class='ocrx_word' id='word_1_54' title='bbox 459 825 528 866; x_wconf 82' lang='lat' dir='ltr'><strong>ac</strong></span> <span class='ocrx_word' id='word_1_55' title='bbox 565 824 674 865; x_wconf 87' lang='lat' dir='ltr'><strong>non</strong></span> <span class='ocrx_word' id='word_1_56' title='bbox 720 809 923 879; x_wconf 82' lang='lat' dir='ltr'><strong>absque</strong></span> <span class='ocrx_word' id='word_1_57' title='bbox 969 825 1075 864; x_wconf 68' lang='lat' dir='ltr'><strong>suae</strong></span> <span class='ocrx_word' id='word_1_58' title='bbox 1126 809 1297 880; x_wconf 87' lang='lat' dir='ltr'><strong>partis</strong></span> <span class='ocrx_word' id='word_1_59' title='bbox 1325 809 1651 865; x_wconf 87' lang='lat' dir='ltr'><strong>detrimento</strong></span> 
     </span>
    </p>
   </div>
   <div class='ocr_carea' id='block_1_10' title="bbox 3 899 1650 973">
    <p class='ocr_par' dir='ltr' id='par_1_10' title="bbox 3 899 1650 973">
     <span class='ocr_line' id='line_1_10' title="bbox 3 899 1650 973; baseline 0.002 -22"><span class='ocrx_word' id='word_1_60' title='bbox 3 904 265 971; x_wconf 77' lang='lat' dir='ltr'><strong>reperit</strong></span> <span class='ocrx_word' id='word_1_61' title='bbox 304 917 427 958; x_wconf 89' lang='lat' dir='ltr'><strong>esse</strong></span> <span class='ocrx_word' id='word_1_62' title='bbox 455 900 743 973; x_wconf 84' lang='lat' dir='ltr'><strong>confusos;</strong></span> <span class='ocrx_word' id='word_1_63' title='bbox 797 901 1148 972; x_wconf 87' lang='lat' dir='ltr'><strong>adhibitaque</strong></span> <span class='ocrx_word' id='word_1_64' title='bbox 1192 901 1369 956; x_wconf 88' lang='lat' dir='ltr'><strong>denuo</strong></span> <span class='ocrx_word' id='word_1_65' title='bbox 1412 899 1650 971; x_wconf 80' lang='lat' dir='ltr'><strong>legitima</strong></span> 
     </span>
    </p>
   </div>
   <div class='ocr_carea' id='block_1_11' title="bbox 3 993 1649 1065">
    <p class='ocr_par' dir='ltr' id='par_1_11' title="bbox 3 993 1649 1065">
     <span class='ocr_line' id='line_1_11' title="bbox 3 993 1649 1065; baseline -0.004 -14"><span class='ocrx_word' id='word_1_66' title='bbox 3 1010 162 1051; x_wconf 81' lang='lat' dir='ltr'><strong>cum</strong></span> <span class='ocrx_word' id='word_1_67' title='bbox 208 997 448 1052; x_wconf 80' lang='lat' dir='ltr'><strong>testibus</strong></span> <span class='ocrx_word' id='word_1_68' title='bbox 464 995 767 1061; x_wconf 74' lang='lat' dir='ltr'><strong>mentione,</strong></span> <span class='ocrx_word' id='word_1_69' title='bbox 804 993 1038 1065; x_wconf 86' lang='lat' dir='ltr'><strong>lapidem</strong></span> <span class='ocrx_word' id='word_1_70' title='bbox 1063 994 1118 1047; x_wconf 92' lang='lat' dir='ltr'><strong>in</strong></span> <span class='ocrx_word' id='word_1_71' title='bbox 1146 993 1392 1050; x_wconf 81' lang='lat' dir='ltr'><strong>terminis</strong></span> <span class='ocrx_word' id='word_1_72' title='bbox 1433 1007 1649 1063; x_wconf 90' lang='lat' dir='ltr'><strong>compo-</strong></span> 
     </span>
    </p>
   </div>
   <div class='ocr_carea' id='block_1_12' title="bbox 3 1083 1649 1159">
    <p class='ocr_par' dir='ltr' id='par_1_12' title="bbox 3 1083 1649 1159">
     <span class='ocr_line' id='line_1_12' title="bbox 3 1083 1649 1159; baseline -0.002 -18"><span class='ocrx_word' id='word_1_73' title='bbox 3 1090 181 1155; x_wconf 83' lang='lat' dir='ltr'><strong>suit;</strong></span> <span class='ocrx_word' id='word_1_74' title='bbox 223 1097 391 1159; x_wconf 87' lang='lat' dir='ltr'><strong>atque</strong></span> <span class='ocrx_word' id='word_1_75' title='bbox 410 1104 510 1158; x_wconf 86' lang='lat' dir='ltr'><strong>pro</strong></span> <span class='ocrx_word' id='word_1_76' title='bbox 529 1102 692 1145; x_wconf 88' lang='lat' dir='ltr'><strong>causa</strong></span> <span class='ocrx_word' id='word_1_77' title='bbox 718 1086 1016 1144; x_wconf 89' lang='lat' dir='ltr'><strong>sollicitus:</strong></span> <span class='ocrx_word' id='word_1_78' title='bbox 1047 1084 1270 1152; x_wconf 82' lang='lat' dir='ltr'><strong>Sancte,</strong></span> <span class='ocrx_word' id='word_1_79' title='bbox 1296 1086 1396 1151; x_wconf 92' lang='lat' dir='ltr'><strong>ait,</strong></span> <span class='ocrx_word' id='word_1_80' title='bbox 1422 1083 1649 1142; x_wconf 87' lang='lat' dir='ltr'><strong>Germa-</strong></span> 
     </span>
    </p>
   </div>
   <div class='ocr_carea' id='block_1_13' title="bbox 10 1176 1649 1249">
    <p class='ocr_par' dir='ltr' id='par_1_13' title="bbox 10 1176 1649 1249">
     <span class='ocr_line' id='line_1_13' title="bbox 10 1176 1649 1249; baseline -0.001 -15"><span class='ocrx_word' id='word_1_81' title='bbox 10 1195 121 1246; x_wconf 85' lang='lat' dir='ltr'><strong>ne,</strong></span> <span class='ocrx_word' id='word_1_82' title='bbox 142 1180 199 1235; x_wconf 88' lang='lat' dir='ltr'><strong>si</strong></span> <span class='ocrx_word' id='word_1_83' title='bbox 229 1197 340 1249; x_wconf 89' lang='lat' dir='ltr'><strong>qua</strong></span> <span class='ocrx_word' id='word_1_84' title='bbox 370 1180 445 1247; x_wconf 86' lang='lat' dir='ltr'><strong>tui</strong></span> <span class='ocrx_word' id='word_1_85' title='bbox 471 1178 771 1236; x_wconf 75' lang='lat' dir='ltr'><strong>sacerdotis</strong></span> <span class='ocrx_word' id='word_1_86' title='bbox 798 1189 849 1235; x_wconf 91' lang='lat' dir='ltr'><strong>te</strong></span> <span class='ocrx_word' id='word_1_87' title='bbox 872 1178 1076 1234; x_wconf 80' lang='lat' dir='ltr'><strong>detinet</strong></span> <span class='ocrx_word' id='word_1_88' title='bbox 1106 1193 1265 1243; x_wconf 89' lang='lat' dir='ltr'><strong>cura,</strong></span> <span class='ocrx_word' id='word_1_89' title='bbox 1291 1177 1391 1233; x_wconf 89' lang='lat' dir='ltr'><strong>bos</strong></span> <span class='ocrx_word' id='word_1_90' title='bbox 1421 1176 1535 1246; x_wconf 84' lang='lat' dir='ltr'><strong>agri</strong></span> <span class='ocrx_word' id='word_1_91' title='bbox 1572 1176 1649 1233; x_wconf 92' lang='lat' dir='ltr'><strong>tui</strong></span> 
     </span>
    </p>
   </div>
   <div class='ocr_carea' id='block_1_14' title="bbox 14 1252 1647 1342">
    <p class='ocr_par' dir='ltr' id='par_1_14' title="bbox 14 1252 1647 1342">
     <span class='ocr_line' id='line_1_14' title="bbox 14 1252 1647 1342; baseline 0 -17"><span class='ocrx_word' id='word_1_92' title='bbox 14 1281 110 1326; x_wconf 80' lang='lat' dir='ltr'><strong>tet</strong></span> <span class='ocrx_word' id='word_1_93' title='bbox 125 1272 329 1327; x_wconf 82' lang='lat' dir='ltr'><strong>minos</strong></span> <span class='ocrx_word' id='word_1_94' title='bbox 353 1287 385 1326; x_wconf 89' lang='lat' dir='ltr'><strong>a</strong></span> <span class='ocrx_word' id='word_1_95' title='bbox 408 1271 825 1342; x_wconf 82' lang='lat' dir='ltr'><strong>pervadentium</strong></span> <span class='ocrx_word' id='word_1_96' title='bbox 849 1280 998 1327; x_wconf 85' lang='lat' dir='ltr'><strong>tuere</strong></span> <span class='ocrx_word' id='word_1_97' title='bbox 1020 1268 1309 1326; x_wconf 86' lang='lat' dir='ltr'><strong>calumnia.</strong></span> <span class='ocrx_word' id='word_1_98' title='bbox 1350 1252 1447 1325; x_wconf 84' lang='lat' dir='ltr'><strong>His</strong></span> <span class='ocrx_word' id='word_1_99' title='bbox 1468 1268 1647 1336; x_wconf 88' lang='lat' dir='ltr'><strong>dictis,</strong></span> 
     </span>
    </p>
   </div>
   <div class='ocr_carea' id='block_1_15' title="bbox 14 1364 529 1434">
    <p class='ocr_par' dir='ltr' id='par_1_15' title="bbox 14 1364 529 1434">
     <span class='ocr_line' id='line_1_15' title="bbox 14 1364 529 1434; baseline 0 -15"><span class='ocrx_word' id='word_1_100' title='bbox 14 1364 283 1419; x_wconf 75' lang='lat' dir='ltr'><strong>domum</strong></span> <span class='ocrx_word' id='word_1_101' title='bbox 314 1364 529 1434; x_wconf 80' lang='lat' dir='ltr'><strong>repetit.</strong></span> 
     </span>
    </p>
   </div>
   <div class='ocr_carea' id='block_1_16' title="bbox 50 1455 1647 1529">
    <p class='ocr_par' dir='ltr' id='par_1_16' title="bbox 50 1455 1647 1529">
     <span class='ocr_line' id='line_1_16' title="bbox 50 1455 1647 1529; baseline -0.004 -16"><span class='ocrx_word' id='word_1_102' title='bbox 50 1501 61 1507; x_wconf 81' lang='lat'><strong>-</strong></span> <span class='ocrx_word' id='word_1_103' title='bbox 102 1459 217 1513; x_wconf 81' lang='lat'><strong>65.</strong></span> <span class='ocrx_word' id='word_1_104' title='bbox 263 1457 489 1515; x_wconf 76' lang='lat' dir='ltr'><strong>Vicinus</strong></span> <span class='ocrx_word' id='word_1_105' title='bbox 514 1458 756 1526; x_wconf 83' lang='lat' dir='ltr'><strong>interea,</strong></span> <span class='ocrx_word' id='word_1_106' title='bbox 792 1455 1103 1529; x_wconf 73' lang='lat' dir='ltr'><strong>cupiditatis</strong></span> <span class='ocrx_word' id='word_1_107' title='bbox 1130 1455 1425 1512; x_wconf 80' lang='lat' dir='ltr'><strong>acrimonia</strong></span> <span class='ocrx_word' id='word_1_108' title='bbox 1454 1467 1647 1525; x_wconf 88' lang='lat' dir='ltr'><strong>perur-</strong></span> 
     </span>
    </p>
   </div>
   <div class='ocr_carea' id='block_1_17' title="bbox 17 1547 1648 1622">
    <p class='ocr_par' dir='ltr' id='par_1_17' title="bbox 17 1547 1648 1622">
     <span class='ocr_line' id='line_1_17' title="bbox 17 1547 1648 1622; baseline -0.002 -18"><span class='ocrx_word' id='word_1_109' title='bbox 17 1560 216 1622; x_wconf 70' lang='lat' dir='ltr'><strong>gente</strong></span> <span class='ocrx_word' id='word_1_110' title='bbox 239 1588 257 1616; x_wconf 94' lang='lat'><strong>,</strong></span> <span class='ocrx_word' id='word_1_111' title='bbox 307 1560 469 1606; x_wconf 86' lang='lat' dir='ltr'><strong>noctu</strong></span> <span class='ocrx_word' id='word_1_112' title='bbox 518 1550 585 1605; x_wconf 87' lang='lat' dir='ltr'><strong>ad</strong></span> <span class='ocrx_word' id='word_1_113' title='bbox 617 1566 867 1622; x_wconf 82' lang='lat' dir='ltr'><strong>campum</strong></span> <span class='ocrx_word' id='word_1_114' title='bbox 914 1549 1223 1614; x_wconf 80' lang='lat' dir='ltr'><strong>accedens,</strong></span> <span class='ocrx_word' id='word_1_115' title='bbox 1257 1547 1573 1602; x_wconf 87' lang='lat' dir='ltr'><strong>oenvulsum</strong></span> <span class='ocrx_word' id='word_1_116' title='bbox 1617 1561 1648 1601; x_wconf 90' lang='lat' dir='ltr'><strong>a</strong></span> 
     </span>
    </p>
   </div>
   <div class='ocr_carea' id='block_1_18' title="bbox 23 1638 1646 1711">
    <p class='ocr_par' dir='ltr' id='par_1_18' title="bbox 23 1638 1646 1711">
     <span class='ocr_line' id='line_1_18' title="bbox 23 1638 1646 1711; baseline -0.002 -15"><span class='ocrx_word' id='word_1_117' title='bbox 23 1640 308 1696; x_wconf 83' lang='lat' dir='ltr'><strong>terminis</strong></span> <span class='ocrx_word' id='word_1_118' title='bbox 354 1639 585 1711; x_wconf 79' lang='lat' dir='ltr'><strong>lapidem</strong></span> <span class='ocrx_word' id='word_1_119' title='bbox 630 1640 786 1711; x_wconf 84' lang='lat' dir='ltr'><strong>longe</strong></span> <span class='ocrx_word' id='word_1_120' title='bbox 829 1642 1097 1706; x_wconf 84' lang='lat' dir='ltr'><strong>semovit,</strong></span> <span class='ocrx_word' id='word_1_121' title='bbox 1146 1655 1243 1695; x_wconf 86' lang='lat' dir='ltr'><strong>sua</strong></span> <span class='ocrx_word' id='word_1_122' title='bbox 1288 1638 1646 1711; x_wconf 83' lang='lat' dir='ltr'><strong>ampliﬁcans,</strong></span> 
     </span>
    </p>
   </div>
   <div class='ocr_carea' id='block_1_19' title="bbox 1755 435 3340 512">
    <p class='ocr_par' dir='ltr' id='par_1_19' title="bbox 1755 435 3340 512">
     <span class='ocr_line' id='line_1_19' title="bbox 1755 435 3340 512; baseline -0.001 -17"><span class='ocrx_word' id='word_1_123' title='bbox 1755 441 1939 512; x_wconf 84' lang='lat' dir='ltr'><strong>itaque</strong></span> <span class='ocrx_word' id='word_1_124' title='bbox 1965 441 2167 512; x_wconf 77' lang='lat' dir='ltr'><strong>aliqum</strong></span> <span class='ocrx_word' id='word_1_125' title='bbox 2195 438 2454 498; x_wconf 82' lang='lat' dir='ltr'><strong>fratribus</strong></span> <span class='ocrx_word' id='word_1_126' title='bbox 2472 484 2485 509; x_wconf 90' lang='lat'><strong>,</strong></span> <span class='ocrx_word' id='word_1_127' title='bbox 2518 441 2678 496; x_wconf 82' lang='lat' dir='ltr'><strong>anxie</strong></span> <span class='ocrx_word' id='word_1_128' title='bbox 2705 439 3081 510; x_wconf 78' lang='lat' dir='ltr'><strong>properabmu.</strong></span> <span class='ocrx_word' id='word_1_129' title='bbox 3112 435 3340 506; x_wconf 77' lang='lat' dir='ltr'><strong>Jamque</strong></span> 
     </span>
    </p>
   </div>
   <div class='ocr_carea' id='block_1_20' title="bbox 1752 526 3336 597">
    <p class='ocr_par' dir='ltr' id='par_1_20' title="bbox 1752 526 3336 597">
     <span class='ocr_line' id='line_1_20' title="bbox 1752 526 3336 597; baseline -0.005 -12"><span class='ocrx_word' id='word_1_130' title='bbox 1752 532 1909 586; x_wconf 90' lang='lat' dir='ltr'><strong>nobis</strong></span> <span class='ocrx_word' id='word_1_131' title='bbox 1954 531 2197 588; x_wconf 63' lang='lat' dir='ltr'><strong>ecclesia:</strong></span> <span class='ocrx_word' id='word_1_132' title='bbox 2246 532 2442 587; x_wconf 87' lang='lat' dir='ltr'><strong>atrium</strong></span> <span class='ocrx_word' id='word_1_133' title='bbox 2473 531 2870 594; x_wconf 90' lang='lat' dir='ltr'><strong>subeuntibus,</strong></span> <span class='ocrx_word' id='word_1_134' title='bbox 2921 530 3073 597; x_wconf 79' lang='lat' dir='ltr'><strong>signa</strong></span> <span class='ocrx_word' id='word_1_135' title='bbox 3120 526 3336 583; x_wconf 84' lang='lat' dir='ltr'><strong>solitum</strong></span> 
     </span>
    </p>
   </div>
   <div class='ocr_carea' id='block_1_21' title="bbox 1753 622 3337 697">
    <p class='ocr_par' dir='ltr' id='par_1_21' title="bbox 1753 622 3337 697">
     <span class='ocr_line' id='line_1_21' title="bbox 1753 622 3337 697; baseline -0.003 -18"><span class='ocrx_word' id='word_1_136' title='bbox 1753 624 1950 681; x_wconf 81' lang='lat' dir='ltr'><strong>dedere</strong></span> <span class='ocrx_word' id='word_1_137' title='bbox 1976 626 2309 697; x_wconf 82' lang='lat' dir='ltr'><strong>clangorem.</strong></span> <span class='ocrx_word' id='word_1_138' title='bbox 2334 624 2613 681; x_wconf 88' lang='lat' dir='ltr'><strong>Concitato</strong></span> <span class='ocrx_word' id='word_1_139' title='bbox 2635 626 2815 681; x_wconf 90' lang='lat' dir='ltr'><strong>acrius</strong></span> <span class='ocrx_word' id='word_1_140' title='bbox 2837 640 3022 688; x_wconf 85' lang='lat' dir='ltr'><strong>cursu,</strong></span> <span class='ocrx_word' id='word_1_141' title='bbox 3047 624 3111 678; x_wconf 85' lang='lat' dir='ltr'><strong>ad</strong></span> <span class='ocrx_word' id='word_1_142' title='bbox 3138 622 3337 677; x_wconf 84' lang='lat' dir='ltr'><strong>ostium</strong></span> 
     </span>
    </p>
   </div>
   <div class='ocr_carea' id='block_1_22' title="bbox 1752 715 3337 789">
    <p class='ocr_par' dir='ltr' id='par_1_22' title="bbox 1752 715 3337 789">
     <span class='ocr_line' id='line_1_22' title="bbox 1752 715 3337 789; baseline -0.002 -19"><span class='ocrx_word' id='word_1_143' title='bbox 1752 717 2108 784; x_wconf 78' lang='lat' dir='ltr'><strong>accessimus;</strong></span> <span class='ocrx_word' id='word_1_144' title='bbox 2143 717 2281 788; x_wconf 90' lang='lat' dir='ltr'><strong>quod</strong></span> <span class='ocrx_word' id='word_1_145' title='bbox 2313 718 2552 774; x_wconf 89' lang='lat' dir='ltr'><strong>clausum</strong></span> <span class='ocrx_word' id='word_1_146' title='bbox 2594 717 2831 789; x_wconf 86' lang='lat' dir='ltr'><strong>quidem,</strong></span> <span class='ocrx_word' id='word_1_147' title='bbox 2870 719 2961 773; x_wconf 83' lang='lat' dir='ltr'><strong>sc-l</strong></span> <span class='ocrx_word' id='word_1_148' title='bbox 2991 716 3212 771; x_wconf 80' lang='lat' dir='ltr'><strong>minime</strong></span> <span class='ocrx_word' id='word_1_149' title='bbox 3238 715 3337 767; x_wconf 88' lang='lat' dir='ltr'><strong>ob-</strong></span> 
     </span>
    </p>
   </div>
   <div class='ocr_carea' id='block_1_23' title="bbox 1752 805 3339 880">
    <p class='ocr_par' dir='ltr' id='par_1_23' title="bbox 1752 805 3339 880">
     <span class='ocr_line' id='line_1_23' title="bbox 1752 805 3339 880; baseline -0.002 -18"><span class='ocrx_word' id='word_1_150' title='bbox 1752 818 1989 864; x_wconf 87' lang='lat' dir='ltr'><strong>seratum</strong></span> <span class='ocrx_word' id='word_1_151' title='bbox 2023 810 2345 865; x_wconf 83' lang='lat' dir='ltr'><strong>invenimus.</strong></span> <span class='ocrx_word' id='word_1_152' title='bbox 2394 808 2496 866; x_wconf 78' lang='lat' dir='ltr'><strong>Vix</strong></span> <span class='ocrx_word' id='word_1_153' title='bbox 2544 827 2643 867; x_wconf 87' lang='lat' dir='ltr'><strong>nos</strong></span> <span class='ocrx_word' id='word_1_154' title='bbox 2685 811 2870 880; x_wconf 81' lang='lat' dir='ltr'><strong>pedem</strong></span> <span class='ocrx_word' id='word_1_155' title='bbox 2905 822 3257 880; x_wconf 81' lang='lat' dir='ltr'><strong>posueramus</strong></span> <span class='ocrx_word' id='word_1_156' title='bbox 3284 805 3339 860; x_wconf 90' lang='lat' dir='ltr'><strong>in</strong></span> 
     </span>
    </p>
   </div>
   <div class='ocr_carea' id='block_1_24' title="bbox 1750 898 3341 974">
    <p class='ocr_par' dir='ltr' id='par_1_24' title="bbox 1750 898 3341 974">
     <span class='ocr_line' id='line_1_24' title="bbox 1750 898 3341 974; baseline 0 -21"><span class='ocrx_word' id='word_1_157' title='bbox 1750 898 1955 963; x_wconf 86' lang='lat' dir='ltr'><strong>limine,</strong></span> <span class='ocrx_word' id='word_1_158' title='bbox 1986 899 2169 971; x_wconf 84' lang='lat' dir='ltr'><strong>etjam</strong></span> <span class='ocrx_word' id='word_1_159' title='bbox 2197 903 2349 973; x_wconf 81' lang='lat' dir='ltr'><strong>signa</strong></span> <span class='ocrx_word' id='word_1_160' title='bbox 2381 903 2580 974; x_wconf 89' lang='lat' dir='ltr'><strong>pulsari</strong></span> <span class='ocrx_word' id='word_1_161' title='bbox 2611 904 2904 959; x_wconf 86' lang='lat' dir='ltr'><strong>desierant.</strong></span> <span class='ocrx_word' id='word_1_162' title='bbox 2960 902 3076 957; x_wconf 89' lang='lat' dir='ltr'><strong>lluc</strong></span> <span class='ocrx_word' id='word_1_163' title='bbox 3111 901 3341 969; x_wconf 79' lang='lat' dir='ltr'><strong>illucque</strong></span> 
     </span>
    </p>
   </div>
   <div class='ocr_carea' id='block_1_25' title="bbox 1752 990 3339 1051">
    <p class='ocr_par' dir='ltr' id='par_1_25' title="bbox 1752 990 3339 1051">
     <span class='ocr_line' id='line_1_25' title="bbox 1752 990 3339 1051; baseline 0 -8"><span class='ocrx_word' id='word_1_164' title='bbox 1752 990 1937 1046; x_wconf 92' lang='lat' dir='ltr'><strong>oculos</strong></span> <span class='ocrx_word' id='word_1_165' title='bbox 1965 991 2427 1051; x_wconf 85' lang='lat' dir='ltr'><strong>circumferentes.</strong></span> <span class='ocrx_word' id='word_1_166' title='bbox 2460 993 2729 1048; x_wconf 87' lang='lat' dir='ltr'><strong>nemiuem</strong></span> <span class='ocrx_word' id='word_1_167' title='bbox 2754 993 2805 1047; x_wconf 91' lang='lat' dir='ltr'><strong>iu</strong></span> <span class='ocrx_word' id='word_1_168' title='bbox 2830 992 3057 1047; x_wconf 89' lang='lat' dir='ltr'><strong>ecclesia</strong></span> <span class='ocrx_word' id='word_1_169' title='bbox 3085 991 3339 1045; x_wconf 81' lang='lat' dir='ltr'><strong>vidimus.</strong></span> 
     </span>
    </p>
   </div>
   <div class='ocr_carea' id='block_1_26' title="bbox 1752 1084 3338 1157">
    <p class='ocr_par' dir='ltr' id='par_1_26' title="bbox 1752 1084 3338 1157">
     <span class='ocr_line' id='line_1_26' title="bbox 1752 1084 3338 1157; baseline -0.004 -16"><span class='ocrx_word' id='word_1_170' title='bbox 1752 1084 1961 1141; x_wconf 90' lang='lat' dir='ltr'><strong>Ostium</strong></span> <span class='ocrx_word' id='word_1_171' title='bbox 1982 1127 1996 1153; x_wconf 91' lang='lat'><strong>,</strong></span> <span class='ocrx_word' id='word_1_172' title='bbox 2023 1102 2119 1157; x_wconf 91' lang='lat' dir='ltr'><strong>per</strong></span> <span class='ocrx_word' id='word_1_173' title='bbox 2147 1087 2287 1156; x_wconf 91' lang='lat' dir='ltr'><strong>quod</strong></span> <span class='ocrx_word' id='word_1_174' title='bbox 2322 1085 2459 1141; x_wconf 86' lang='lat' dir='ltr'><strong>elabi</strong></span> <span class='ocrx_word' id='word_1_175' title='bbox 2490 1096 2670 1156; x_wconf 84' lang='lat' dir='ltr'><strong>posset</strong></span> <span class='ocrx_word' id='word_1_176' title='bbox 2693 1086 2917 1156; x_wconf 82' lang='lat' dir='ltr'><strong>aliquis,</strong></span> <span class='ocrx_word' id='word_1_177' title='bbox 2963 1084 3165 1139; x_wconf 90' lang='lat' dir='ltr'><strong>nullum</strong></span> <span class='ocrx_word' id='word_1_178' title='bbox 3201 1092 3338 1137; x_wconf 86' lang='lat' dir='ltr'><strong>erat.</strong></span> 
     </span>
    </p>
   </div>
   <div class='ocr_carea' id='block_1_27' title="bbox 1751 1174 3340 1249">
    <p class='ocr_par' dir='ltr' id='par_1_27' title="bbox 1751 1174 3340 1249">
     <span class='ocr_line' id='line_1_27' title="bbox 1751 1174 3340 1249; baseline -0.001 -19"><span class='ocrx_word' id='word_1_179' title='bbox 1751 1178 1979 1233; x_wconf 80' lang='lat' dir='ltr'><strong>Domum</strong></span> <span class='ocrx_word' id='word_1_180' title='bbox 2027 1178 2325 1234; x_wconf 88' lang='lat' dir='ltr'><strong>sacerdotis</strong></span> <span class='ocrx_word' id='word_1_181' title='bbox 2369 1194 2579 1234; x_wconf 88' lang='lat' dir='ltr'><strong>summa</strong></span> <span class='ocrx_word' id='word_1_182' title='bbox 2626 1178 2901 1235; x_wconf 87' lang='lat' dir='ltr'><strong>celeritate</strong></span> <span class='ocrx_word' id='word_1_183' title='bbox 2932 1177 3189 1249; x_wconf 76' lang='lat' dir='ltr'><strong>ingressi,</strong></span> <span class='ocrx_word' id='word_1_184' title='bbox 3219 1174 3340 1231; x_wconf 91' lang='lat' dir='ltr'><strong>dili-</strong></span> 
     </span>
    </p>
   </div>
   <div class='ocr_carea' id='block_1_28' title="bbox 1750 1270 3342 1341">
    <p class='ocr_par' dir='ltr' id='par_1_28' title="bbox 1750 1270 3342 1341">
     <span class='ocr_line' id='line_1_28' title="bbox 1750 1270 3342 1341; baseline -0.003 -17"><span class='ocrx_word' id='word_1_185' title='bbox 1750 1278 1939 1340; x_wconf 78' lang='lat' dir='ltr'><strong>genter</strong></span> <span class='ocrx_word' id='word_1_186' title='bbox 1957 1278 2361 1339; x_wconf 87' lang='lat' dir='ltr'><strong>perscrutantes</strong></span> <span class='ocrx_word' id='word_1_187' title='bbox 2379 1270 2581 1337; x_wconf 89' lang='lat' dir='ltr'><strong>omnia,</strong></span> <span class='ocrx_word' id='word_1_188' title='bbox 2609 1284 2894 1341; x_wconf 83' lang='lat' dir='ltr'><strong>personam</strong></span> <span class='ocrx_word' id='word_1_189' title='bbox 2925 1270 3126 1324; x_wconf 73' lang='lat' dir='ltr'><strong>nullm]</strong></span> <span class='ocrx_word' id='word_1_190' title='bbox 3151 1281 3342 1333; x_wconf 89' lang='lat' dir='ltr'><strong>vacua,</strong></span> 
     </span>
    </p>
   </div>
   <div class='ocr_carea' id='block_1_29' title="bbox 1752 1360 3343 1435">
    <p class='ocr_par' dir='ltr' id='par_1_29' title="bbox 1752 1360 3343 1435">
     <span class='ocr_line' id='line_1_29' title="bbox 1752 1360 3343 1435; baseline -0.001 -20"><span class='ocrx_word' id='word_1_191' title='bbox 1752 1368 1947 1415; x_wconf 90' lang='lat' dir='ltr'><strong>cuncta</strong></span> <span class='ocrx_word' id='word_1_192' title='bbox 1979 1361 2378 1432; x_wconf 81' lang='lat' dir='ltr'><strong>conspeximus.</strong></span> <span class='ocrx_word' id='word_1_193' title='bbox 2438 1360 2729 1435; x_wconf 88' lang='lat' dir='ltr'><strong>Presbyter</strong></span> <span class='ocrx_word' id='word_1_194' title='bbox 2763 1378 2884 1418; x_wconf 90' lang='lat' dir='ltr'><strong>cum</strong></span> <span class='ocrx_word' id='word_1_195' title='bbox 2918 1361 3031 1416; x_wconf 90' lang='lat' dir='ltr'><strong>suis</strong></span> <span class='ocrx_word' id='word_1_196' title='bbox 3068 1360 3343 1423; x_wconf 89' lang='lat' dir='ltr'><strong>onmibus,</strong></span> 
     </span>
    </p>
   </div>
   <div class='ocr_carea' id='block_1_30' title="bbox 1752 1452 3344 1527">
    <p class='ocr_par' dir='ltr' id='par_1_30' title="bbox 1752 1452 3344 1527">
     <span class='ocr_line' id='line_1_30' title="bbox 1752 1452 3344 1527; baseline -0.002 -19"><span class='ocrx_word' id='word_1_197' title='bbox 1752 1462 1812 1508; x_wconf 91' lang='lat' dir='ltr'><strong>ut</strong></span> <span class='ocrx_word' id='word_1_198' title='bbox 1833 1463 2019 1524; x_wconf 89' lang='lat' dir='ltr'><strong>postea</strong></span> <span class='ocrx_word' id='word_1_199' title='bbox 2044 1454 2322 1527; x_wconf 89' lang='lat' dir='ltr'><strong>professus</strong></span> <span class='ocrx_word' id='word_1_200' title='bbox 2351 1464 2467 1521; x_wconf 87' lang='lat' dir='ltr'><strong>est,</strong></span> <span class='ocrx_word' id='word_1_201' title='bbox 2516 1455 2703 1512; x_wconf 89' lang='lat' dir='ltr'><strong>relicta</strong></span> <span class='ocrx_word' id='word_1_202' title='bbox 2730 1455 2888 1510; x_wconf 87' lang='lat' dir='ltr'><strong>domo</strong></span> <span class='ocrx_word' id='word_1_203' title='bbox 2910 1469 3098 1517; x_wconf 87' lang='lat' dir='ltr'><strong>vacua,</strong></span> <span class='ocrx_word' id='word_1_204' title='bbox 3126 1452 3344 1523; x_wconf 82' lang='lat' dir='ltr'><strong>jamdu-</strong></span> 
     </span>
    </p>
   </div>
   <div class='ocr_carea' id='block_1_31' title="bbox 1754 1544 3347 1619">
    <p class='ocr_par' dir='ltr' id='par_1_31' title="bbox 1754 1544 3347 1619">
     <span class='ocr_line' id='line_1_31' title="bbox 1754 1544 3347 1619; baseline -0.003 -19"><span class='ocrx_word' id='word_1_205' title='bbox 1754 1546 1881 1602; x_wconf 91' lang='lat' dir='ltr'><strong>dum</strong></span> <span class='ocrx_word' id='word_1_206' title='bbox 1903 1544 1954 1601; x_wconf 91' lang='lat' dir='ltr'><strong>in</strong></span> <span class='ocrx_word' id='word_1_207' title='bbox 1987 1548 2174 1604; x_wconf 84' lang='lat' dir='ltr'><strong>urbem</strong></span> <span class='ocrx_word' id='word_1_208' title='bbox 2206 1544 2507 1619; x_wconf 83' lang='lat' dir='ltr'><strong>pransurus</strong></span> <span class='ocrx_word' id='word_1_209' title='bbox 2542 1548 2899 1603; x_wconf 86' lang='lat' dir='ltr'><strong>abscesserat.</strong></span> <span class='ocrx_word' id='word_1_210' title='bbox 2959 1545 3203 1614; x_wconf 87' lang='lat' dir='ltr'><strong>Cumque</strong></span> <span class='ocrx_word' id='word_1_211' title='bbox 3232 1559 3347 1597; x_wconf 88' lang='lat' dir='ltr'><strong>rem</strong></span> 
     </span>
    </p>
   </div>
   <div class='ocr_carea' id='block_1_32' title="bbox 1754 1637 3343 1709">
    <p class='ocr_par' dir='ltr' id='par_1_32' title="bbox 1754 1637 3343 1709">
     <span class='ocr_line' id='line_1_32' title="bbox 1754 1637 3343 1709; baseline -0.003 -17"><span class='ocrx_word' id='word_1_212' title='bbox 1754 1653 1964 1693; x_wconf 87' lang='lat' dir='ltr'><strong>mecum</strong></span> <span class='ocrx_word' id='word_1_213' title='bbox 2001 1639 2196 1694; x_wconf 88' lang='lat' dir='ltr'><strong>tacitus</strong></span> <span class='ocrx_word' id='word_1_214' title='bbox 2225 1640 2517 1707; x_wconf 85' lang='lat' dir='ltr'><strong>volverem,</strong></span> <span class='ocrx_word' id='word_1_215' title='bbox 2552 1638 2853 1709; x_wconf 87' lang='lat' dir='ltr'><strong>conjectum</strong></span> <span class='ocrx_word' id='word_1_216' title='bbox 2873 1647 2954 1693; x_wconf 86' lang='lat' dir='ltr'><strong>est</strong></span> <span class='ocrx_word' id='word_1_217' title='bbox 2977 1638 3045 1693; x_wconf 90' lang='lat' dir='ltr'><strong>ab</strong></span> <span class='ocrx_word' id='word_1_218' title='bbox 3074 1637 3343 1698; x_wconf 88' lang='lat' dir='ltr'><strong>omnilms,</strong></span> 
     </span>
    </p>
   </div>
   <div class='ocr_carea' id='block_1_33' title="bbox 19 1713 3349 1805">
    <p class='ocr_par' dir='ltr' id='par_1_33' title="bbox 19 1713 3349 1805">
     <span class='ocr_line' id='line_1_33' title="bbox 19 1713 3349 1805; baseline -0.004 -17"><span class='ocrx_word' id='word_1_219' title='bbox 19 1733 235 1788; x_wconf 80' lang='lat' dir='ltr'><strong>aliena</strong></span> <span class='ocrx_word' id='word_1_220' title='bbox 260 1748 547 1805; x_wconf 82' lang='lat' dir='ltr'><strong>perperam</strong></span> <span class='ocrx_word' id='word_1_221' title='bbox 588 1742 975 1803; x_wconf 76' lang='lat' dir='ltr'><strong>eoan-gustans.</strong></span> <span class='ocrx_word' id='word_1_222' title='bbox 1032 1732 1131 1788; x_wconf 88' lang='lat' dir='ltr'><strong>Die</strong></span> <span class='ocrx_word' id='word_1_223' title='bbox 1168 1731 1403 1799; x_wconf 86' lang='lat' dir='ltr'><strong>reddito,</strong></span> <span class='ocrx_word' id='word_1_224' title='bbox 1432 1732 1653 1804; x_wconf 85' lang='lat' dir='ltr'><strong>presby-</strong></span> <span class='ocrx_word' id='word_1_225' title='bbox 1679 1713 1729 1775; x_wconf 80' lang='grc' dir='ltr'><strong>Β</strong></span> <span class='ocrx_word' id='word_1_226' title='bbox 1756 1727 1917 1783; x_wconf 88' lang='lat' dir='ltr'><strong>beato</strong></span> <span class='ocrx_word' id='word_1_227' title='bbox 1937 1724 2207 1783; x_wconf 86' lang='lat' dir='ltr'><strong>Germano</strong></span> <span class='ocrx_word' id='word_1_228' title='bbox 2225 1728 2402 1784; x_wconf 86' lang='lat' dir='ltr'><strong>divina</strong></span> <span class='ocrx_word' id='word_1_229' title='bbox 2426 1744 2650 1800; x_wconf 78' lang='lat' dir='ltr'><strong>vespere</strong></span> <span class='ocrx_word' id='word_1_230' title='bbox 2672 1746 2773 1783; x_wconf 89' lang='lat' dir='ltr'><strong>non</strong></span> <span class='ocrx_word' id='word_1_231' title='bbox 2804 1726 3037 1783; x_wconf 79' lang='lat' dir='ltr'><strong>defuisse</strong></span> <span class='ocrx_word' id='word_1_232' title='bbox 3066 1725 3349 1796; x_wconf 86' lang='lat' dir='ltr'><strong>obsequia,</strong></span> 
     </span>
    </p>
   </div>
   <div class='ocr_carea' id='block_1_34' title="bbox 25 1822 1651 1893">
    <p class='ocr_par' dir='ltr' id='par_1_34' title="bbox 25 1822 1651 1893">
     <span class='ocr_line' id='line_1_34' title="bbox 25 1822 1651 1893; baseline -0.001 -16"><span class='ocrx_word' id='word_1_233' title='bbox 25 1831 124 1877; x_wconf 87' lang='lat' dir='ltr'><strong>ter</strong></span> <span class='ocrx_word' id='word_1_234' title='bbox 163 1826 501 1890; x_wconf 73' lang='lat' dir='ltr'><strong>revenitur;</strong></span> <span class='ocrx_word' id='word_1_235' title='bbox 542 1822 773 1878; x_wconf 87' lang='lat' dir='ltr'><strong>violatos</strong></span> <span class='ocrx_word' id='word_1_236' title='bbox 808 1823 1071 1879; x_wconf 87' lang='lat' dir='ltr'><strong>terminos</strong></span> <span class='ocrx_word' id='word_1_237' title='bbox 1098 1823 1328 1893; x_wconf 81' lang='lat' dir='ltr'><strong>aspicit;</strong></span> <span class='ocrx_word' id='word_1_238' title='bbox 1363 1832 1524 1891; x_wconf 89' lang='lat' dir='ltr'><strong>atque</strong></span> <span class='ocrx_word' id='word_1_239' title='bbox 1553 1822 1651 1876; x_wconf 87' lang='lat' dir='ltr'><strong>ite-</strong></span> 
     </span>
    </p>
   </div>
   <div class='ocr_carea' id='block_1_35' title="bbox 22 1913 1646 1984">
    <p class='ocr_par' dir='ltr' id='par_1_35' title="bbox 22 1913 1646 1984">
     <span class='ocr_line' id='line_1_35' title="bbox 22 1913 1646 1984; baseline -0.001 -15"><span class='ocrx_word' id='word_1_240' title='bbox 22 1923 182 1970; x_wconf 59' lang='lat' dir='ltr'><strong>ratae.</strong></span> <span class='ocrx_word' id='word_1_241' title='bbox 215 1914 542 1971; x_wconf 79' lang='lat' dir='ltr'><strong>temeritatis</strong></span> <span class='ocrx_word' id='word_1_242' title='bbox 571 1914 893 1984; x_wconf 81' lang='lat' dir='ltr'><strong>impatiens,</strong></span> <span class='ocrx_word' id='word_1_243' title='bbox 928 1913 1051 1970; x_wconf 88' lang='lat' dir='ltr'><strong>felle</strong></span> <span class='ocrx_word' id='word_1_244' title='bbox 1094 1922 1406 1971; x_wconf 84' lang='lat' dir='ltr'><strong>commoto:</strong></span> <span class='ocrx_word' id='word_1_245' title='bbox 1438 1913 1646 1979; x_wconf 79' lang='lat' dir='ltr'><strong>Nonne,</strong></span> 
     </span>
    </p>
   </div>
   <div class='ocr_carea' id='block_1_36' title="bbox 22 2004 1651 2073">
    <p class='ocr_par' dir='ltr' id='par_1_36' title="bbox 22 2004 1651 2073">
     <span class='ocr_line' id='line_1_36' title="bbox 22 2004 1651 2073; baseline -0.001 -12"><span class='ocrx_word' id='word_1_246' title='bbox 22 2008 114 2062; x_wconf 86' lang='lat' dir='ltr'><strong>ait</strong></span> <span class='ocrx_word' id='word_1_247' title='bbox 142 2047 161 2073; x_wconf 89' lang='lat'><strong>,</strong></span> <span class='ocrx_word' id='word_1_248' title='bbox 221 2018 414 2065; x_wconf 82' lang='lat' dir='ltr'><strong>sancte</strong></span> <span class='ocrx_word' id='word_1_249' title='bbox 437 2007 708 2064; x_wconf 83' lang='lat' dir='ltr'><strong>Germane</strong></span> <span class='ocrx_word' id='word_1_250' title='bbox 729 2044 747 2073; x_wconf 89' lang='lat'><strong>,</strong></span> <span class='ocrx_word' id='word_1_251' title='bbox 781 2015 886 2062; x_wconf 67' lang='lat' dir='ltr'><strong>tua:</strong></span> <span class='ocrx_word' id='word_1_252' title='bbox 930 2006 1054 2063; x_wconf 80' lang='lat' dir='ltr'><strong>ﬁdei</strong></span> <span class='ocrx_word' id='word_1_253' title='bbox 1085 2007 1185 2062; x_wconf 84' lang='lat' dir='ltr'><strong>ista</strong></span> <span class='ocrx_word' id='word_1_254' title='bbox 1224 2004 1651 2062; x_wconf 71' lang='lat' dir='ltr'><strong>commiserant)?</strong></span> 
     </span>
    </p>
   </div>
   <div class='ocr_carea' id='block_1_37' title="bbox 20 2096 1651 2169">
    <p class='ocr_par' dir='ltr' id='par_1_37' title="bbox 20 2096 1651 2169">
     <span class='ocr_line' id='line_1_37' title="bbox 20 2096 1651 2169; baseline 0 -17"><span class='ocrx_word' id='word_1_255' title='bbox 20 2096 144 2153; x_wconf 73' lang='lat' dir='ltr'><strong>Vix</strong></span> <span class='ocrx_word' id='word_1_256' title='bbox 182 2098 301 2155; x_wconf 87' lang='lat' dir='ltr'><strong>iste</strong></span> <span class='ocrx_word' id='word_1_257' title='bbox 327 2098 384 2155; x_wconf 91' lang='lat' dir='ltr'><strong>in</strong></span> <span class='ocrx_word' id='word_1_258' title='bbox 404 2114 599 2169; x_wconf 88' lang='lat' dir='ltr'><strong>campo</strong></span> <span class='ocrx_word' id='word_1_259' title='bbox 636 2097 802 2153; x_wconf 88' lang='lat' dir='ltr'><strong>verba</strong></span> <span class='ocrx_word' id='word_1_260' title='bbox 850 2097 1249 2168; x_wconf 82' lang='lat' dir='ltr'><strong>compleverat,</strong></span> <span class='ocrx_word' id='word_1_261' title='bbox 1274 2106 1327 2151; x_wconf 91' lang='lat' dir='ltr'><strong>et</strong></span> <span class='ocrx_word' id='word_1_262' title='bbox 1346 2097 1458 2168; x_wconf 86' lang='lat' dir='ltr'><strong>jam</strong></span> <span class='ocrx_word' id='word_1_263' title='bbox 1481 2096 1651 2153; x_wconf 88' lang='lat' dir='ltr'><strong>sacri-</strong></span> 
     </span>
    </p>
   </div>
   <div class='ocr_carea' id='block_1_38' title="bbox 23 2188 1652 2260">
    <p class='ocr_par' dir='ltr' id='par_1_38' title="bbox 23 2188 1652 2260">
     <span class='ocr_line' id='line_1_38' title="bbox 23 2188 1652 2260; baseline 0.001 -17"><span class='ocrx_word' id='word_1_264' title='bbox 23 2188 235 2258; x_wconf 86' lang='lat' dir='ltr'><strong>legum</strong></span> <span class='ocrx_word' id='word_1_265' title='bbox 267 2188 413 2244; x_wconf 90' lang='lat' dir='ltr'><strong>intra</strong></span> <span class='ocrx_word' id='word_1_266' title='bbox 436 2189 772 2245; x_wconf 85' lang='lat' dir='ltr'><strong>domesticos</strong></span> <span class='ocrx_word' id='word_1_267' title='bbox 802 2189 1041 2260; x_wconf 88' lang='lat' dir='ltr'><strong>parietes</strong></span> <span class='ocrx_word' id='word_1_268' title='bbox 1071 2188 1234 2244; x_wconf 81' lang='lat' dir='ltr'><strong>ultrix</strong></span> <span class='ocrx_word' id='word_1_269' title='bbox 1260 2204 1420 2259; x_wconf 68' lang='lat' dir='ltr'><strong>pruna</strong></span> <span class='ocrx_word' id='word_1_270' title='bbox 1449 2188 1652 2260; x_wconf 89' lang='lat' dir='ltr'><strong>plecte-</strong></span> 
     </span>
    </p>
   </div>
   <div class='ocr_carea' id='block_1_39' title="bbox 26 2279 1652 2351">
    <p class='ocr_par' dir='ltr' id='par_1_39' title="bbox 26 2279 1652 2351">
     <span class='ocr_line' id='line_1_39' title="bbox 26 2279 1652 2351; baseline 0.004 -19"><span class='ocrx_word' id='word_1_271' title='bbox 26 2279 170 2343; x_wconf 77' lang='lat' dir='ltr'><strong>bat;</strong></span> <span class='ocrx_word' id='word_1_272' title='bbox 204 2279 418 2335; x_wconf 82' lang='lat' dir='ltr'><strong>subitis</strong></span> <span class='ocrx_word' id='word_1_273' title='bbox 446 2279 726 2336; x_wconf 79' lang='lat' dir='ltr'><strong>doloribus</strong></span> <span class='ocrx_word' id='word_1_274' title='bbox 755 2281 1081 2351; x_wconf 85' lang='lat' dir='ltr'><strong>corripitur;</strong></span> <span class='ocrx_word' id='word_1_275' title='bbox 1110 2291 1165 2335; x_wconf 92' lang='lat' dir='ltr'><strong>et</strong></span> <span class='ocrx_word' id='word_1_276' title='bbox 1191 2280 1318 2336; x_wconf 90' lang='lat' dir='ltr'><strong>totis</strong></span> <span class='ocrx_word' id='word_1_277' title='bbox 1339 2289 1652 2338; x_wconf 85' lang='lat' dir='ltr'><strong>contractus</strong></span> 
     </span>
    </p>
   </div>
   <div class='ocr_carea' id='block_1_40' title="bbox 18 2370 1653 2447">
    <p class='ocr_par' dir='ltr' id='par_1_40' title="bbox 18 2370 1653 2447">
     <span class='ocr_line' id='line_1_40' title="bbox 18 2370 1653 2447; baseline 0.002 -21"><span class='ocrx_word' id='word_1_278' title='bbox 18 2370 355 2447; x_wconf 70' lang='lat' dir='ltr'><strong>membris,</strong></span> <span class='ocrx_word' id='word_1_279' title='bbox 404 2372 604 2430; x_wconf 81' lang='lat' dir='ltr'><strong>virium</strong></span> <span class='ocrx_word' id='word_1_280' title='bbox 652 2374 983 2429; x_wconf 85' lang='lat' dir='ltr'><strong>adminiculo</strong></span> <span class='ocrx_word' id='word_1_281' title='bbox 1025 2375 1357 2431; x_wconf 83' lang='lat' dir='ltr'><strong>destituitur.</strong></span> <span class='ocrx_word' id='word_1_282' title='bbox 1414 2373 1540 2429; x_wconf 79' lang='lat' dir='ltr'><strong>Mox</strong></span> <span class='ocrx_word' id='word_1_283' title='bbox 1572 2384 1653 2430; x_wconf 84' lang='lat' dir='ltr'><strong>te-</strong></span> 
     </span>
    </p>
   </div>
   <div class='ocr_carea' id='block_1_41' title="bbox 25 2462 1651 2534">
    <p class='ocr_par' dir='ltr' id='par_1_41' title="bbox 25 2462 1651 2534">
     <span class='ocr_line' id='line_1_41' title="bbox 25 2462 1651 2534; baseline 0.003 -15"><span class='ocrx_word' id='word_1_284' title='bbox 25 2462 337 2520; x_wconf 72' lang='lat' dir='ltr'><strong>meritatis</strong></span> <span class='ocrx_word' id='word_1_285' title='bbox 368 2465 768 2530; x_wconf 81' lang='lat' dir='ltr'><strong>reminiscens,</strong></span> <span class='ocrx_word' id='word_1_286' title='bbox 816 2467 1023 2523; x_wconf 77' lang='lat' dir='ltr'><strong>amicos</strong></span> <span class='ocrx_word' id='word_1_287' title='bbox 1067 2468 1326 2534; x_wconf 85' lang='lat' dir='ltr'><strong>advocat;</strong></span> <span class='ocrx_word' id='word_1_288' title='bbox 1358 2468 1651 2524; x_wconf 86' lang='lat' dir='ltr'><strong>consilium</strong></span> 
     </span>
    </p>
   </div>
   <div class='ocr_carea' id='block_1_42' title="bbox 30 2552 1652 2630">
    <p class='ocr_par' dir='ltr' id='par_1_42' title="bbox 30 2552 1652 2630">
     <span class='ocr_line' id='line_1_42' title="bbox 30 2552 1652 2630; baseline 0.004 -21"><span class='ocrx_word' id='word_1_289' title='bbox 30 2552 303 2609; x_wconf 77' lang='lat' dir='ltr'><strong>salutare</strong></span> <span class='ocrx_word' id='word_1_290' title='bbox 324 2553 616 2625; x_wconf 85' lang='lat' dir='ltr'><strong>implorat;</strong></span> <span class='ocrx_word' id='word_1_291' title='bbox 638 2557 709 2613; x_wconf 77' lang='lat' dir='ltr'><strong>ad</strong></span> <span class='ocrx_word' id='word_1_292' title='bbox 735 2558 1108 2629; x_wconf 79' lang='lat' dir='ltr'><strong>presbyterum</strong></span> <span class='ocrx_word' id='word_1_293' title='bbox 1138 2574 1235 2630; x_wconf 87' lang='lat' dir='ltr'><strong>per</strong></span> <span class='ocrx_word' id='word_1_294' title='bbox 1255 2560 1461 2615; x_wconf 87' lang='lat' dir='ltr'><strong>amicos</strong></span> <span class='ocrx_word' id='word_1_295' title='bbox 1485 2574 1652 2616; x_wconf 88' lang='lat' dir='ltr'><strong>causa</strong></span> 
     </span>
    </p>
   </div>
   <div class='ocr_carea' id='block_1_43' title="bbox 34 2645 1653 2723">
    <p class='ocr_par' dir='ltr' id='par_1_43' title="bbox 34 2645 1653 2723">
     <span class='ocr_line' id='line_1_43' title="bbox 34 2645 1653 2723; baseline 0.003 -19"><span class='ocrx_word' id='word_1_296' title='bbox 34 2645 336 2713; x_wconf 82' lang='lat' dir='ltr'><strong>defertur;</strong></span> <span class='ocrx_word' id='word_1_297' title='bbox 365 2655 425 2703; x_wconf 89' lang='lat' dir='ltr'><strong>ut</strong></span> <span class='ocrx_word' id='word_1_298' title='bbox 468 2649 673 2707; x_wconf 80' lang='lat' dir='ltr'><strong>misero</strong></span> <span class='ocrx_word' id='word_1_299' title='bbox 712 2650 801 2721; x_wconf 88' lang='lat' dir='ltr'><strong>pie</strong></span> <span class='ocrx_word' id='word_1_300' title='bbox 841 2651 1110 2718; x_wconf 83' lang='lat' dir='ltr'><strong>consulat,</strong></span> <span class='ocrx_word' id='word_1_301' title='bbox 1138 2652 1418 2708; x_wconf 78' lang='lat' dir='ltr'><strong>humiliter</strong></span> <span class='ocrx_word' id='word_1_302' title='bbox 1442 2652 1653 2723; x_wconf 75' lang='lat' dir='ltr'><strong>ﬂagita-</strong></span> 
     </span>
    </p>
   </div>
   <div class='ocr_carea' id='block_1_44' title="bbox 38 2740 1651 2813">
    <p class='ocr_par' dir='ltr' id='par_1_44' title="bbox 38 2740 1651 2813">
     <span class='ocr_line' id='line_1_44' title="bbox 38 2740 1651 2813; baseline 0 -12"><span class='ocrx_word' id='word_1_303' title='bbox 38 2750 162 2801; x_wconf 79' lang='lat' dir='ltr'><strong>tur.</strong></span> <span class='ocrx_word' id='word_1_304' title='bbox 200 2740 305 2798; x_wconf 74' lang='lat' dir='ltr'><strong>Ille</strong></span> <span class='ocrx_word' id='word_1_305' title='bbox 331 2741 537 2799; x_wconf 75' lang='lat' dir='ltr'><strong>nullum</strong></span> <span class='ocrx_word' id='word_1_306' title='bbox 572 2744 893 2813; x_wconf 71' lang='lat' dir='ltr'><strong>praesentius</strong></span> <span class='ocrx_word' id='word_1_307' title='bbox 917 2744 1212 2800; x_wconf 85' lang='lat' dir='ltr'><strong>remedium</strong></span> <span class='ocrx_word' id='word_1_308' title='bbox 1245 2760 1305 2801; x_wconf 87' lang='lat' dir='ltr'><strong>se</strong></span> <span class='ocrx_word' id='word_1_309' title='bbox 1334 2746 1477 2801; x_wconf 87' lang='lat' dir='ltr'><strong>seire</strong></span> <span class='ocrx_word' id='word_1_310' title='bbox 1496 2758 1651 2801; x_wconf 88' lang='lat' dir='ltr'><strong>asse-</strong></span> 
     </span>
    </p>
   </div>
   <div class='ocr_carea' id='block_1_45' title="bbox 37 2833 1653 2906">
    <p class='ocr_par' dir='ltr' id='par_1_45' title="bbox 37 2833 1653 2906">
     <span class='ocr_line' id='line_1_45' title="bbox 37 2833 1653 2906; baseline 0.002 -16"><span class='ocrx_word' id='word_1_311' title='bbox 37 2833 163 2900; x_wconf 77' lang='lat' dir='ltr'><strong>rit,</strong></span> <span class='ocrx_word' id='word_1_312' title='bbox 193 2849 368 2905; x_wconf 72' lang='lat' dir='ltr'><strong>quam</strong></span> <span class='ocrx_word' id='word_1_313' title='bbox 408 2842 502 2900; x_wconf 86' lang='lat' dir='ltr'><strong>ut.</strong></span> <span class='ocrx_word' id='word_1_314' title='bbox 550 2835 690 2893; x_wconf 80' lang='lat' dir='ltr'><strong>votis</strong></span> <span class='ocrx_word' id='word_1_315' title='bbox 714 2836 983 2906; x_wconf 47' lang='lat' dir='ltr'><strong>sanatis,</strong></span> <span class='ocrx_word' id='word_1_316' title='bbox 1027 2835 1097 2892; x_wconf 83' lang='lat' dir='ltr'><strong>ad</strong></span> <span class='ocrx_word' id='word_1_317' title='bbox 1130 2835 1248 2905; x_wconf 88' lang='lat' dir='ltr'><strong>ejus</strong></span> <span class='ocrx_word' id='word_1_318' title='bbox 1282 2851 1341 2893; x_wconf 89' lang='lat' dir='ltr'><strong>se</strong></span> <span class='ocrx_word' id='word_1_319' title='bbox 1363 2837 1653 2894; x_wconf 85' lang='lat' dir='ltr'><strong>ecclesiam</strong></span> 
     </span>
    </p>
   </div>
   <div class='ocr_carea' id='block_1_46' title="bbox 45 2924 1651 2999">
    <p class='ocr_par' dir='ltr' id='par_1_46' title="bbox 45 2924 1651 2999">
     <span class='ocr_line' id='line_1_46' title="bbox 45 2924 1651 2999; baseline 0.003 -18"><span class='ocrx_word' id='word_1_320' title='bbox 45 2924 330 2990; x_wconf 89' lang='lat' dir='ltr'><strong>conferat,</strong></span> <span class='ocrx_word' id='word_1_321' title='bbox 358 2924 515 2996; x_wconf 74' lang='lat' dir='ltr'><strong>cujus</strong></span> <span class='ocrx_word' id='word_1_322' title='bbox 555 2925 762 2987; x_wconf 71' lang='lat' dir='ltr'><strong>oﬁ‘ensa</strong></span> <span class='ocrx_word' id='word_1_323' title='bbox 804 2942 931 2985; x_wconf 70' lang='lat' dir='ltr'><strong>eum</strong></span> <span class='ocrx_word' id='word_1_324' title='bbox 965 2927 1094 2984; x_wconf 82' lang='lat' dir='ltr'><strong>talia</strong></span> <span class='ocrx_word' id='word_1_325' title='bbox 1116 2929 1407 2999; x_wconf 87' lang='lat' dir='ltr'><strong>pertulisse</strong></span> <span class='ocrx_word' id='word_1_326' title='bbox 1433 2938 1651 2987; x_wconf 82' lang='lat' dir='ltr'><strong>consta-</strong></span> 
     </span>
    </p>
   </div>
   <div class='ocr_carea' id='block_1_47' title="bbox 43 3015 1651 3091">
    <p class='ocr_par' dir='ltr' id='par_1_47' title="bbox 43 3015 1651 3091">
     <span class='ocr_line' id='line_1_47' title="bbox 43 3015 1651 3091; baseline 0.002 -17"><span class='ocrx_word' id='word_1_327' title='bbox 43 3017 163 3074; x_wconf 89' lang='lat' dir='ltr'><strong>bat.</strong></span> <span class='ocrx_word' id='word_1_328' title='bbox 208 3015 523 3074; x_wconf 88' lang='lat' dir='ltr'><strong>Gestatorio</strong></span> <span class='ocrx_word' id='word_1_329' title='bbox 569 3019 781 3075; x_wconf 90' lang='lat' dir='ltr'><strong>delatus</strong></span> <span class='ocrx_word' id='word_1_330' title='bbox 806 3060 822 3085; x_wconf 89' lang='lat'><strong>,</strong></span> <span class='ocrx_word' id='word_1_331' title='bbox 868 3021 1128 3087; x_wconf 87' lang='lat' dir='ltr'><strong>accessit;</strong></span> <span class='ocrx_word' id='word_1_332' title='bbox 1171 3035 1377 3091; x_wconf 89' lang='lat' dir='ltr'><strong>perque</strong></span> <span class='ocrx_word' id='word_1_333' title='bbox 1413 3023 1529 3078; x_wconf 88' lang='lat' dir='ltr'><strong>dies</strong></span> <span class='ocrx_word' id='word_1_334' title='bbox 1553 3020 1651 3077; x_wconf 91' lang='lat' dir='ltr'><strong>ali-</strong></span> 
     </span>
    </p>
   </div>
   <div class='ocr_carea' id='block_1_48' title="bbox 1756 1816 3349 1890">
    <p class='ocr_par' dir='ltr' id='par_1_48' title="bbox 1756 1816 3349 1890">
     <span class='ocr_line' id='line_1_48' title="bbox 1756 1816 3349 1890; baseline -0.002 -17"><span class='ocrx_word' id='word_1_335' title='bbox 1756 1833 1878 1890; x_wconf 82' lang='lat' dir='ltr'><strong>quae</strong></span> <span class='ocrx_word' id='word_1_336' title='bbox 1899 1816 1966 1874; x_wconf 89' lang='lat' dir='ltr'><strong>ab</strong></span> <span class='ocrx_word' id='word_1_337' title='bbox 1996 1819 2307 1874; x_wconf 85' lang='lat' dir='ltr'><strong>hominibus</strong></span> <span class='ocrx_word' id='word_1_338' title='bbox 2343 1818 2519 1890; x_wconf 88' lang='lat' dir='ltr'><strong>palam</strong></span> <span class='ocrx_word' id='word_1_339' title='bbox 2548 1819 2873 1874; x_wconf 86' lang='lat' dir='ltr'><strong>videbantur</strong></span> <span class='ocrx_word' id='word_1_340' title='bbox 2917 1833 3036 1873; x_wconf 88' lang='lat' dir='ltr'><strong>esse</strong></span> <span class='ocrx_word' id='word_1_341' title='bbox 3082 1816 3349 1885; x_wconf 82' lang='lat' dir='ltr'><strong>neglecta.</strong></span> 
     </span>
    </p>
   </div>
   <div class='ocr_carea' id='block_1_49' title="bbox 1755 1907 3352 1974">
    <p class='ocr_par' dir='ltr' id='par_1_49' title="bbox 1755 1907 3352 1974">
     <span class='ocr_line' id='line_1_49' title="bbox 1755 1907 3352 1974; baseline -0.003 -8"><span class='ocrx_word' id='word_1_342' title='bbox 1755 1909 2142 1966; x_wconf 89' lang='lat' dir='ltr'><strong>Consummato</strong></span> <span class='ocrx_word' id='word_1_343' title='bbox 2181 1909 2383 1974; x_wconf 82' lang='lat' dir='ltr'><strong>cilicio,</strong></span> <span class='ocrx_word' id='word_1_344' title='bbox 2430 1911 2637 1965; x_wconf 82' lang='lat' dir='ltr'><strong>alacres</strong></span> <span class='ocrx_word' id='word_1_345' title='bbox 2664 1910 3041 1974; x_wconf 87' lang='lat' dir='ltr'><strong>discessimus,</strong></span> <span class='ocrx_word' id='word_1_346' title='bbox 3072 1907 3352 1962; x_wconf 87' lang='lat' dir='ltr'><strong>luminari—</strong></span> 
     </span>
    </p>
   </div>
   <div class='ocr_carea' id='block_1_50' title="bbox 1753 2001 3352 2074">
    <p class='ocr_par' dir='ltr' id='par_1_50' title="bbox 1753 2001 3352 2074">
     <span class='ocr_line' id='line_1_50' title="bbox 1753 2001 3352 2074; baseline -0.003 -15"><span class='ocrx_word' id='word_1_347' title='bbox 1753 2002 1859 2059; x_wconf 87' lang='lat' dir='ltr'><strong>bus</strong></span> <span class='ocrx_word' id='word_1_348' title='bbox 1880 2005 1931 2058; x_wconf 90' lang='lat' dir='ltr'><strong>in</strong></span> <span class='ocrx_word' id='word_1_349' title='bbox 1963 2012 2180 2059; x_wconf 90' lang='lat' dir='ltr'><strong>noctem</strong></span> <span class='ocrx_word' id='word_1_350' title='bbox 2210 2004 2557 2074; x_wconf 89' lang='lat' dir='ltr'><strong>compositis,</strong></span> <span class='ocrx_word' id='word_1_351' title='bbox 2583 2012 2638 2059; x_wconf 89' lang='lat' dir='ltr'><strong>et</strong></span> <span class='ocrx_word' id='word_1_352' title='bbox 2666 2002 2819 2058; x_wconf 88' lang='lat' dir='ltr'><strong>ostiis</strong></span> <span class='ocrx_word' id='word_1_353' title='bbox 2854 2002 3101 2057; x_wconf 64' lang='lat' dir='ltr'><strong>ecclesiae</strong></span> <span class='ocrx_word' id='word_1_354' title='bbox 3128 2001 3352 2071; x_wconf 83' lang='lat' dir='ltr'><strong>diligen-</strong></span> 
     </span>
    </p>
   </div>
   <div class='ocr_carea' id='block_1_51' title="bbox 1754 2095 3351 2167">
    <p class='ocr_par' dir='ltr' id='par_1_51' title="bbox 1754 2095 3351 2167">
     <span class='ocr_line' id='line_1_51' title="bbox 1754 2095 3351 2167; baseline -0.001 -16"><span class='ocrx_word' id='word_1_355' title='bbox 1754 2095 1863 2151; x_wconf 86' lang='lat' dir='ltr'><strong>tius</strong></span> <span class='ocrx_word' id='word_1_356' title='bbox 1891 2096 2256 2153; x_wconf 90' lang='lat' dir='ltr'><strong>communitis.</strong></span> <span class='ocrx_word' id='word_1_357' title='bbox 2316 2096 2384 2152; x_wconf 87' lang='lat' dir='ltr'><strong>Et</strong></span> <span class='ocrx_word' id='word_1_358' title='bbox 2429 2112 2737 2167; x_wconf 88' lang='lat' dir='ltr'><strong>quanquam</strong></span> <span class='ocrx_word' id='word_1_359' title='bbox 2762 2112 2916 2152; x_wconf 90' lang='lat' dir='ltr'><strong>mens</strong></span> <span class='ocrx_word' id='word_1_360' title='bbox 2944 2095 3190 2151; x_wconf 88' lang='lat' dir='ltr'><strong>miraculi</strong></span> <span class='ocrx_word' id='word_1_361' title='bbox 3219 2110 3351 2150; x_wconf 90' lang='lat' dir='ltr'><strong>con-</strong></span> 
     </span>
    </p>
   </div>
   <div class='ocr_carea' id='block_1_52' title="bbox 1755 2187 3348 2259">
    <p class='ocr_par' dir='ltr' id='par_1_52' title="bbox 1755 2187 3348 2259">
     <span class='ocr_line' id='line_1_52' title="bbox 1755 2187 3348 2259; baseline -0.004 -12"><span class='ocrx_word' id='word_1_362' title='bbox 1755 2190 1871 2247; x_wconf 87' lang='lat' dir='ltr'><strong>scia</strong></span> <span class='ocrx_word' id='word_1_363' title='bbox 1914 2191 1969 2245; x_wconf 90' lang='lat' dir='ltr'><strong>in</strong></span> <span class='ocrx_word' id='word_1_364' title='bbox 2023 2189 2301 2246; x_wconf 91' lang='lat' dir='ltr'><strong>interioris</strong></span> <span class='ocrx_word' id='word_1_365' title='bbox 2346 2189 2582 2245; x_wconf 86' lang='lat' dir='ltr'><strong>hominis</strong></span> <span class='ocrx_word' id='word_1_366' title='bbox 2630 2188 2998 2259; x_wconf 83' lang='lat' dir='ltr'><strong>penetralibus</strong></span> <span class='ocrx_word' id='word_1_367' title='bbox 3038 2187 3348 2259; x_wconf 87' lang='lat' dir='ltr'><strong>plauderet;</strong></span> 
     </span>
    </p>
   </div>
   <div class='ocr_carea' id='block_1_53' title="bbox 1755 2278 3353 2352">
    <p class='ocr_par' dir='ltr' id='par_1_53' title="bbox 1755 2278 3353 2352">
     <span class='ocr_line' id='line_1_53' title="bbox 1755 2278 3353 2352; baseline -0.004 -14"><span class='ocrx_word' id='word_1_368' title='bbox 1755 2280 1926 2338; x_wconf 82' lang='lat' dir='ltr'><strong>malui</strong></span> <span class='ocrx_word' id='word_1_369' title='bbox 1978 2290 2159 2337; x_wconf 87' lang='lat' dir='ltr'><strong>tamen</strong></span> <span class='ocrx_word' id='word_1_370' title='bbox 2190 2279 2409 2337; x_wconf 66' lang='lat' dir='ltr'><strong>caaleste</strong></span> <span class='ocrx_word' id='word_1_371' title='bbox 2432 2289 2742 2352; x_wconf 87' lang='lat' dir='ltr'><strong>portentum</strong></span> <span class='ocrx_word' id='word_1_372' title='bbox 2773 2280 2894 2335; x_wconf 89' lang='lat' dir='ltr'><strong>aliis</strong></span> <span class='ocrx_word' id='word_1_373' title='bbox 2933 2278 3353 2351; x_wconf 56' lang='lat' dir='ltr'><strong>praedicantibus</strong></span> 
     </span>
    </p>
   </div>
   <div class='ocr_carea' id='block_1_54' title="bbox 1754 2368 3351 2445">
    <p class='ocr_par' dir='ltr' id='par_1_54' title="bbox 1754 2368 3351 2445">
     <span class='ocr_line' id='line_1_54' title="bbox 1754 2368 3351 2445; baseline -0.001 -19"><span class='ocrx_word' id='word_1_374' title='bbox 1754 2369 2056 2445; x_wconf 87' lang='lat' dir='ltr'><strong>publicari;</strong></span> <span class='ocrx_word' id='word_1_375' title='bbox 2106 2387 2174 2427; x_wconf 88' lang='lat' dir='ltr'><strong>ne</strong></span> <span class='ocrx_word' id='word_1_376' title='bbox 2221 2372 2310 2430; x_wconf 91' lang='lat' dir='ltr'><strong>cui</strong></span> <span class='ocrx_word' id='word_1_377' title='bbox 2357 2368 2498 2426; x_wconf 90' lang='lat' dir='ltr'><strong>forte</strong></span> <span class='ocrx_word' id='word_1_378' title='bbox 2545 2379 2827 2440; x_wconf 91' lang='lat' dir='ltr'><strong>suspectus</strong></span> <span class='ocrx_word' id='word_1_379' title='bbox 2867 2368 3129 2436; x_wconf 80' lang='lat' dir='ltr'><strong>edicerer,</strong></span> <span class='ocrx_word' id='word_1_380' title='bbox 3184 2369 3351 2440; x_wconf 88' lang='lat' dir='ltr'><strong>quod,</strong></span> 
     </span>
    </p>
   </div>
   <div class='ocr_carea' id='block_1_55' title="bbox 1758 2459 3351 2534">
    <p class='ocr_par' dir='ltr' id='par_1_55' title="bbox 1758 2459 3351 2534">
     <span class='ocr_line' id='line_1_55' title="bbox 1758 2459 3351 2534; baseline -0.003 -15"><span class='ocrx_word' id='word_1_381' title='bbox 1758 2478 1881 2519; x_wconf 90' lang='lat' dir='ltr'><strong>cum</strong></span> <span class='ocrx_word' id='word_1_382' title='bbox 1913 2462 2015 2518; x_wconf 89' lang='lat' dir='ltr'><strong>sim</strong></span> <span class='ocrx_word' id='word_1_383' title='bbox 2042 2462 2184 2518; x_wconf 87' lang='lat' dir='ltr'><strong>beati</strong></span> <span class='ocrx_word' id='word_1_384' title='bbox 2212 2459 2468 2520; x_wconf 88' lang='lat' dir='ltr'><strong>Germani</strong></span> <span class='ocrx_word' id='word_1_385' title='bbox 2513 2461 2786 2534; x_wconf 88' lang='lat' dir='ltr'><strong>peculiare</strong></span> <span class='ocrx_word' id='word_1_386' title='bbox 2812 2462 3175 2532; x_wconf 88' lang='lat' dir='ltr'><strong>mancipium,</strong></span> <span class='ocrx_word' id='word_1_387' title='bbox 3210 2460 3351 2515; x_wconf 85' lang='lat' dir='ltr'><strong>mul-</strong></span> 
     </span>
    </p>
   </div>
   <div class='ocr_carea' id='block_1_56' title="bbox 1758 2553 3350 2630">
    <p class='ocr_par' dir='ltr' id='par_1_56' title="bbox 1758 2553 3350 2630">
     <span class='ocr_line' id='line_1_56' title="bbox 1758 2553 3350 2630; baseline 0 -19"><span class='ocrx_word' id='word_1_388' title='bbox 1758 2557 2036 2629; x_wconf 89' lang='lat' dir='ltr'><strong>tiplicandi</strong></span> <span class='ocrx_word' id='word_1_389' title='bbox 2068 2555 2270 2615; x_wconf 79' lang='lat' dir='ltr'><strong>favoris</strong></span> <span class='ocrx_word' id='word_1_390' title='bbox 2292 2557 2468 2630; x_wconf 89' lang='lat' dir='ltr'><strong>gratia</strong></span> <span class='ocrx_word' id='word_1_391' title='bbox 2523 2554 2788 2613; x_wconf 89' lang='lat' dir='ltr'><strong>voluerim</strong></span> <span class='ocrx_word' id='word_1_392' title='bbox 2837 2553 3049 2626; x_wconf 88' lang='lat' dir='ltr'><strong>majora</strong></span> <span class='ocrx_word' id='word_1_393' title='bbox 3071 2570 3139 2611; x_wconf 83' lang='lat' dir='ltr'><strong>ex</strong></span> <span class='ocrx_word' id='word_1_394' title='bbox 3174 2555 3350 2611; x_wconf 78' lang='lat' dir='ltr'><strong>mino-</strong></span> 
     </span>
    </p>
   </div>
   <div class='ocr_carea' id='block_1_57' title="bbox 1756 2648 2215 2710">
    <p class='ocr_par' dir='ltr' id='par_1_57' title="bbox 1756 2648 2215 2710">
     <span class='ocr_line' id='line_1_57' title="bbox 1756 2648 2215 2710; baseline -0.002 0"><span class='ocrx_word' id='word_1_395' title='bbox 1756 2652 1908 2710; x_wconf 88' lang='lat' dir='ltr'><strong>ribus</strong></span> <span class='ocrx_word' id='word_1_396' title='bbox 1940 2648 2215 2710; x_wconf 84' lang='lat' dir='ltr'><strong>all‘ectare.</strong></span> 
     </span>
    </p>
   </div>
   <div class='ocr_carea' id='block_1_58' title="bbox 1827 2736 3355 2820">
    <p class='ocr_par' dir='ltr' id='par_1_58' title="bbox 1827 2736 3355 2820">
     <span class='ocr_line' id='line_1_58' title="bbox 1827 2736 3355 2820; baseline -0.004 -18"><span class='ocrx_word' id='word_1_397' title='bbox 1827 2745 1917 2802; x_wconf 87' lang='lat'><strong>68.</strong></span> <span class='ocrx_word' id='word_1_398' title='bbox 1946 2746 2123 2820; x_wconf 83' lang='lat' dir='ltr'><strong>Pagus</strong></span> <span class='ocrx_word' id='word_1_399' title='bbox 2137 2736 2557 2803; x_wconf 88' lang='lat' dir='ltr'><strong>Cinomannicus</strong></span> <span class='ocrx_word' id='word_1_400' title='bbox 2579 2758 2605 2789; x_wconf 76' lang='grc' dir='ltr'>ι</span> <span class='ocrx_word' id='word_1_401' title='bbox 2629 2738 2932 2803; x_wconf 86' lang='lat' dir='ltr'><strong>beatissimi</strong></span> <span class='ocrx_word' id='word_1_402' title='bbox 2955 2741 3213 2800; x_wconf 87' lang='lat' dir='ltr'><strong>Germani</strong></span> <span class='ocrx_word' id='word_1_403' title='bbox 3242 2755 3355 2797; x_wconf 87' lang='lat' dir='ltr'><strong>me-</strong></span> 
     </span>
    </p>
   </div>
   <div class='ocr_carea' id='block_1_59' title="bbox 1757 2832 3356 2908">
    <p class='ocr_par' dir='ltr' id='par_1_59' title="bbox 1757 2832 3356 2908">
     <span class='ocr_line' id='line_1_59' title="bbox 1757 2832 3356 2908; baseline -0.003 -17"><span class='ocrx_word' id='word_1_404' title='bbox 1757 2836 1880 2892; x_wconf 90' lang='lat' dir='ltr'><strong>ritis</strong></span> <span class='ocrx_word' id='word_1_405' title='bbox 1925 2837 2151 2893; x_wconf 87' lang='lat' dir='ltr'><strong>devotus</strong></span> <span class='ocrx_word' id='word_1_406' title='bbox 2196 2836 2529 2908; x_wconf 88' lang='lat' dir='ltr'><strong>specialiter,</strong></span> <span class='ocrx_word' id='word_1_407' title='bbox 2579 2836 2789 2893; x_wconf 82' lang='lat' dir='ltr'><strong>infinita</strong></span> <span class='ocrx_word' id='word_1_408' title='bbox 2836 2835 2980 2907; x_wconf 90' lang='lat' dir='ltr'><strong>apud</strong></span> <span class='ocrx_word' id='word_1_409' title='bbox 3024 2850 3082 2890; x_wconf 89' lang='lat' dir='ltr'><strong>se</strong></span> <span class='ocrx_word' id='word_1_410' title='bbox 3125 2832 3356 2889; x_wconf 87' lang='lat' dir='ltr'><strong>diversis</strong></span> 
     </span>
    </p>
   </div>
   <div class='ocr_carea' id='block_1_60' title="bbox 1755 2921 3357 2999">
    <p class='ocr_par' dir='ltr' id='par_1_60' title="bbox 1755 2921 3357 2999">
     <span class='ocr_line' id='line_1_60' title="bbox 1755 2921 3357 2999; baseline -0.006 -15"><span class='ocrx_word' id='word_1_411' title='bbox 1755 2926 1893 2985; x_wconf 89' lang='lat' dir='ltr'><strong>locis</strong></span> <span class='ocrx_word' id='word_1_412' title='bbox 1920 2925 2037 2998; x_wconf 87' lang='lat' dir='ltr'><strong>ejus</strong></span> <span class='ocrx_word' id='word_1_413' title='bbox 2064 2926 2321 2983; x_wconf 88' lang='lat' dir='ltr'><strong>miracula</strong></span> <span class='ocrx_word' id='word_1_414' title='bbox 2349 2924 2630 2999; x_wconf 79' lang='lat' dir='ltr'><strong>praedicat,</strong></span> <span class='ocrx_word' id='word_1_415' title='bbox 2674 2943 2795 2998; x_wconf 65' lang='lat' dir='ltr'><strong>quae</strong></span> <span class='ocrx_word' id='word_1_416' title='bbox 2825 2926 2871 2981; x_wconf 91' lang='lat' dir='ltr'><strong>si</strong></span> <span class='ocrx_word' id='word_1_417' title='bbox 2907 2923 3106 2980; x_wconf 90' lang='lat' dir='ltr'><strong>litteris</strong></span> <span class='ocrx_word' id='word_1_418' title='bbox 3131 2921 3357 2978; x_wconf 86' lang='lat' dir='ltr'><strong>manda-</strong></span> 
     </span>
    </p>
   </div>
   <div class='ocr_carea' id='block_1_61' title="bbox 1758 3015 3357 3093">
    <p class='ocr_par' dir='ltr' id='par_1_61' title="bbox 1758 3015 3357 3093">
     <span class='ocr_line' id='line_1_61' title="bbox 1758 3015 3357 3093; baseline -0.003 -18"><span class='ocrx_word' id='word_1_419' title='bbox 1758 3030 1947 3076; x_wconf 87' lang='lat' dir='ltr'><strong>rentur</strong></span> <span class='ocrx_word' id='word_1_420' title='bbox 1974 3020 2175 3089; x_wconf 90' lang='lat' dir='ltr'><strong>omnia,</strong></span> <span class='ocrx_word' id='word_1_421' title='bbox 2204 3022 2425 3077; x_wconf 79' lang='lat' dir='ltr'><strong>maximi</strong></span> <span class='ocrx_word' id='word_1_422' title='bbox 2456 3036 2554 3093; x_wconf 84' lang='lat' dir='ltr'><strong>per</strong></span> <span class='ocrx_word' id='word_1_423' title='bbox 2576 3036 2637 3077; x_wconf 90' lang='lat' dir='ltr'><strong>se</strong></span> <span class='ocrx_word' id='word_1_424' title='bbox 2659 3027 2883 3092; x_wconf 89' lang='lat' dir='ltr'><strong>possent</strong></span> <span class='ocrx_word' id='word_1_425' title='bbox 2912 3034 3107 3091; x_wconf 86' lang='lat' dir='ltr'><strong>corpus</strong></span> <span class='ocrx_word' id='word_1_426' title='bbox 3130 3015 3357 3087; x_wconf 89' lang='lat' dir='ltr'><strong>implere</strong></span> 
     </span>
    </p>
   </div>
   <div class='ocr_carea' id='block_1_62' title="bbox 46 3074 3359 3186">
    <p class='ocr_par' dir='ltr' id='par_1_62' title="bbox 46 3074 3359 3186">
     <span class='ocr_line' id='line_1_62' title="bbox 46 3074 3359 3186; baseline -0 -21"><span class='ocrx_word' id='word_1_427' title='bbox 46 3117 184 3180; x_wconf 88' lang='lat' dir='ltr'><strong>quot</strong></span> <span class='ocrx_word' id='word_1_428' title='bbox 214 3119 443 3181; x_wconf 86' lang='lat' dir='ltr'><strong>peracta</strong></span> <span class='ocrx_word' id='word_1_429' title='bbox 496 3110 575 3167; x_wconf 89' lang='lat' dir='ltr'><strong>ibi</strong></span> <span class='ocrx_word' id='word_1_430' title='bbox 618 3111 938 3181; x_wconf 75' lang='lat' dir='ltr'><strong>poenitentia</strong></span> <span class='ocrx_word' id='word_1_431' title='bbox 960 3154 975 3178; x_wconf 93' lang='lat'><strong>,</strong></span> <span class='ocrx_word' id='word_1_432' title='bbox 1024 3074 1368 3168; x_wconf 53' lang='lat' dir='ltr'><strong>elementidm</strong></span> <span class='ocrx_word' id='word_1_433' title='bbox 1414 3114 1648 3180; x_wconf 90' lang='lat' dir='ltr'><strong>meruit;</strong></span> <span class='ocrx_word' id='word_1_434' title='bbox 1679 3074 1731 3141; x_wconf 65' lang='grc' dir='ltr'>α</span> <span class='ocrx_word' id='word_1_435' title='bbox 1757 3112 2069 3169; x_wconf 87' lang='lat' dir='ltr'><strong>voluminis.</strong></span> <span class='ocrx_word' id='word_1_436' title='bbox 2107 3074 2205 3170; x_wconf 78' lang='lat' dir='ltr'><strong>Est</strong></span> <span class='ocrx_word' id='word_1_437' title='bbox 2233 3130 2287 3169; x_wconf 83' lang='lat' dir='ltr'><strong>tn</strong></span> <span class='ocrx_word' id='word_1_438' title='bbox 2314 3112 2432 3184; x_wconf 90' lang='lat' dir='ltr'><strong>ipso</strong></span> <span class='ocrx_word' id='word_1_439' title='bbox 2454 3074 2597 3186; x_wconf 67' lang='lat' dir='ltr'><strong>pago</strong></span> <span class='ocrx_word' id='word_1_440' title='bbox 2634 3074 2931 3170; x_wconf 62' lang='lat' dir='ltr'><strong>Gadriacus</strong></span> <span class='ocrx_word' id='word_1_441' title='bbox 2974 3074 3120 3179; x_wconf 78' lang='lat' dir='ltr'><strong>villa,</strong></span> <span class='ocrx_word' id='word_1_442' title='bbox 3147 3108 3359 3165; x_wconf 88' lang='lat' dir='ltr'><strong>habens</strong></span> 
     </span>
    </p>
   </div>
   <div class='ocr_carea' id='block_1_63' title="bbox 46 3198 1655 3279">
    <p class='ocr_par' dir='ltr' id='par_1_63' title="bbox 46 3198 1655 3279">
     <span class='ocr_line' id='line_1_63' title="bbox 46 3198 1655 3279; baseline 0.004 -23"><span class='ocrx_word' id='word_1_443' title='bbox 46 3198 313 3274; x_wconf 83' lang='lat' dir='ltr'><strong>sospitatl</strong></span> <span class='ocrx_word' id='word_1_444' title='bbox 359 3202 552 3260; x_wconf 82' lang='lat' dir='ltr'><strong>deinde</strong></span> <span class='ocrx_word' id='word_1_445' title='bbox 603 3200 931 3260; x_wconf 77' lang='lat' dir='ltr'><strong>reformatus</strong></span> <span class='ocrx_word' id='word_1_446' title='bbox 976 3204 1273 3274; x_wconf 87' lang='lat' dir='ltr'><strong>abscessit;</strong></span> <span class='ocrx_word' id='word_1_447' title='bbox 1322 3220 1430 3261; x_wconf 89' lang='lat' dir='ltr'><strong>non</strong></span> <span class='ocrx_word' id='word_1_448' title='bbox 1474 3205 1655 3279; x_wconf 86' lang='lat' dir='ltr'><strong>magis</strong></span> 
     </span>
    </p>
   </div>
   <div class='ocr_carea' id='block_1_64' title="bbox 49 3293 1653 3369">
    <p class='ocr_par' dir='ltr' id='par_1_64' title="bbox 49 3293 1653 3369">
     <span class='ocr_line' id='line_1_64' title="bbox 49 3293 1653 3369; baseline 0.005 -21"><span class='ocrx_word' id='word_1_449' title='bbox 49 3293 167 3364; x_wconf 86' lang='lat' dir='ltr'><strong>ipse</strong></span> <span class='ocrx_word' id='word_1_450' title='bbox 194 3302 500 3361; x_wconf 90' lang='lat' dir='ltr'><strong>correctus,</strong></span> <span class='ocrx_word' id='word_1_451' title='bbox 525 3311 687 3368; x_wconf 88' lang='lat' dir='ltr'><strong>quam</strong></span> <span class='ocrx_word' id='word_1_452' title='bbox 716 3297 949 3362; x_wconf 80' lang='lat' dir='ltr'><strong>caeteris,</strong></span> <span class='ocrx_word' id='word_1_453' title='bbox 977 3312 1044 3352; x_wconf 91' lang='lat' dir='ltr'><strong>ue</strong></span> <span class='ocrx_word' id='word_1_454' title='bbox 1071 3297 1176 3353; x_wconf 87' lang='lat' dir='ltr'><strong>tale</strong></span> <span class='ocrx_word' id='word_1_455' title='bbox 1197 3298 1471 3369; x_wconf 86' lang='lat' dir='ltr'><strong>quidpiam</strong></span> <span class='ocrx_word' id='word_1_456' title='bbox 1500 3299 1653 3356; x_wconf 89' lang='lat' dir='ltr'><strong>dein-</strong></span> 
     </span>
    </p>
   </div>
   <div class='ocr_carea' id='block_1_65' title="bbox 48 3384 1343 3462">
    <p class='ocr_par' dir='ltr' id='par_1_65' title="bbox 48 3384 1343 3462">
     <span class='ocr_line' id='line_1_65' title="bbox 48 3384 1343 3462; baseline 0.002 -19"><span class='ocrx_word' id='word_1_457' title='bbox 48 3394 182 3459; x_wconf 74' lang='lat' dir='ltr'><strong>Ceps</strong></span> <span class='ocrx_word' id='word_1_458' title='bbox 211 3384 509 3443; x_wconf 82' lang='lat' dir='ltr'><strong>admittere.</strong></span> <span class='ocrx_word' id='word_1_459' title='bbox 534 3389 793 3454; x_wconf 84' lang='lat' dir='ltr'><strong>audeant,</strong></span> <span class='ocrx_word' id='word_1_460' title='bbox 823 3386 1071 3462; x_wconf 74' lang='lat' dir='ltr'><strong>exemplo</strong></span> <span class='ocrx_word' id='word_1_461' title='bbox 1106 3388 1343 3447; x_wconf 88' lang='lat' dir='ltr'><strong>futurus.</strong></span> 
     </span>
    </p>
   </div>
   <div class='ocr_carea' id='block_1_66' title="bbox 120 3475 1656 3552">
    <p class='ocr_par' dir='ltr' id='par_1_66' title="bbox 120 3475 1656 3552">
     <span class='ocr_line' id='line_1_66' title="bbox 120 3475 1656 3552; baseline 0.005 -19"><span class='ocrx_word' id='word_1_462' title='bbox 120 3475 215 3533; x_wconf 70' lang='lat'><strong>66.</strong></span> <span class='ocrx_word' id='word_1_463' title='bbox 256 3476 411 3533; x_wconf 80' lang='lat' dir='ltr'><strong>Idem</strong></span> <span class='ocrx_word' id='word_1_464' title='bbox 440 3478 556 3550; x_wconf 88' lang='lat' dir='ltr'><strong>ipse</strong></span> <span class='ocrx_word' id='word_1_465' title='bbox 581 3481 888 3552; x_wconf 85' lang='lat' dir='ltr'><strong>presbyter,</strong></span> <span class='ocrx_word' id='word_1_466' title='bbox 936 3479 1063 3535; x_wconf 91' lang='lat' dir='ltr'><strong>dum</strong></span> <span class='ocrx_word' id='word_1_467' title='bbox 1097 3483 1329 3552; x_wconf 87' lang='lat' dir='ltr'><strong>quadam</strong></span> <span class='ocrx_word' id='word_1_468' title='bbox 1359 3489 1523 3538; x_wconf 87' lang='lat' dir='ltr'><strong>nocte</strong></span> <span class='ocrx_word' id='word_1_469' title='bbox 1556 3482 1656 3539; x_wconf 84' lang='lat' dir='ltr'><strong>do-</strong></span> 
     </span>
    </p>
   </div>
   <div class='ocr_carea' id='block_1_67' title="bbox 51 3568 1651 3643">
    <p class='ocr_par' dir='ltr' id='par_1_67' title="bbox 51 3568 1651 3643">
     <span class='ocr_line' id='line_1_67' title="bbox 51 3568 1651 3643; baseline 0.004 -19"><span class='ocrx_word' id='word_1_470' title='bbox 51 3569 257 3626; x_wconf 85' lang='lat' dir='ltr'><strong>minica</strong></span> <span class='ocrx_word' id='word_1_471' title='bbox 288 3568 346 3625; x_wconf 85' lang='lat' dir='ltr'><strong>in</strong></span> <span class='ocrx_word' id='word_1_472' title='bbox 370 3571 603 3628; x_wconf 89' lang='lat' dir='ltr'><strong>ecclesia</strong></span> <span class='ocrx_word' id='word_1_473' title='bbox 632 3571 872 3629; x_wconf 89' lang='lat' dir='ltr'><strong>solemne</strong></span> <span class='ocrx_word' id='word_1_474' title='bbox 906 3570 1210 3629; x_wconf 87' lang='lat' dir='ltr'><strong>celebraret</strong></span> <span class='ocrx_word' id='word_1_475' title='bbox 1236 3571 1471 3631; x_wconf 78' lang='lat' dir='ltr'><strong>ofﬁcium</strong></span> <span class='ocrx_word' id='word_1_476' title='bbox 1491 3617 1506 3643; x_wconf 95' lang='lat'><strong>,</strong></span> <span class='ocrx_word' id='word_1_477' title='bbox 1546 3575 1651 3631; x_wconf 83' lang='lat' dir='ltr'><strong>levi</strong></span> 
     </span>
    </p>
   </div>
   <div class='ocr_carea' id='block_1_68' title="bbox 53 3664 1650 3739">
    <p class='ocr_par' dir='ltr' id='par_1_68' title="bbox 53 3664 1650 3739">
     <span class='ocr_line' id='line_1_68' title="bbox 53 3664 1650 3739; baseline 0.005 -21"><span class='ocrx_word' id='word_1_478' title='bbox 53 3672 250 3735; x_wconf 85' lang='lat' dir='ltr'><strong>sopore</strong></span> <span class='ocrx_word' id='word_1_479' title='bbox 314 3664 612 3722; x_wconf 76' lang='lat' dir='ltr'><strong>‘subductus</strong></span> <span class='ocrx_word' id='word_1_480' title='bbox 651 3664 857 3733; x_wconf 82' lang='lat' dir='ltr'><strong>sensit,</strong></span> <span class='ocrx_word' id='word_1_481' title='bbox 903 3682 962 3723; x_wconf 89' lang='lat' dir='ltr'><strong>se</strong></span> <span class='ocrx_word' id='word_1_482' title='bbox 1001 3677 1329 3739; x_wconf 82' lang='lat' dir='ltr'><strong>superventu</strong></span> <span class='ocrx_word' id='word_1_483' title='bbox 1371 3666 1650 3739; x_wconf 85' lang='lat' dir='ltr'><strong>cujusdam</strong></span> 
     </span>
    </p>
   </div>
   <div class='ocr_carea' id='block_1_69' title="bbox 54 3750 1651 3832">
    <p class='ocr_par' dir='ltr' id='par_1_69' title="bbox 54 3750 1651 3832">
     <span class='ocr_line' id='line_1_69' title="bbox 54 3750 1651 3832; baseline 0.004 -21"><span class='ocrx_word' id='word_1_484' title='bbox 54 3760 307 3827; x_wconf 57' lang='lat' dir='ltr'><strong>personae</strong></span> <span class='ocrx_word' id='word_1_485' title='bbox 336 3750 651 3829; x_wconf 85' lang='lat' dir='ltr'><strong>impulsum,</strong></span> <span class='ocrx_word' id='word_1_486' title='bbox 678 3767 864 3832; x_wconf 91' lang='lat' dir='ltr'><strong>atque,</strong></span> <span class='ocrx_word' id='word_1_487' title='bbox 896 3767 953 3815; x_wconf 91' lang='lat' dir='ltr'><strong>ut</strong></span> <span class='ocrx_word' id='word_1_488' title='bbox 985 3759 1212 3818; x_wconf 89' lang='lat' dir='ltr'><strong>festinus</strong></span> <span class='ocrx_word' id='word_1_489' title='bbox 1246 3760 1462 3818; x_wconf 89' lang='lat' dir='ltr'><strong>domum</strong></span> <span class='ocrx_word' id='word_1_490' title='bbox 1493 3772 1651 3817; x_wconf 88' lang='lat' dir='ltr'><strong>suam</strong></span> 
     </span>
    </p>
   </div>
   <div class='ocr_carea' id='block_1_70' title="bbox 57 3838 1651 3925">
    <p class='ocr_par' dir='ltr' id='par_1_70' title="bbox 57 3838 1651 3925">
     <span class='ocr_line' id='line_1_70' title="bbox 57 3838 1651 3925; baseline 0.006 -26"><span class='ocrx_word' id='word_1_491' title='bbox 57 3838 460 3918; x_wconf 80' lang='lat' dir='ltr'><strong>ingrederetur,</strong></span> <span class='ocrx_word' id='word_1_492' title='bbox 512 3849 870 3906; x_wconf 83' lang='lat' dir='ltr'><strong>admonitum.</strong></span> <span class='ocrx_word' id='word_1_493' title='bbox 902 3844 1057 3908; x_wconf 77' lang='lat' dir='ltr'><strong>Illico</strong></span> <span class='ocrx_word' id='word_1_494' title='bbox 1103 3853 1369 3922; x_wconf 79' lang='lat' dir='ltr'><strong>surrexit;</strong></span> <span class='ocrx_word' id='word_1_495' title='bbox 1402 3856 1457 3909; x_wconf 85' lang='lat' dir='ltr'><strong>et</strong></span> <span class='ocrx_word' id='word_1_496' title='bbox 1494 3856 1651 3925; x_wconf 79' lang='lat' dir='ltr'><strong>rapto</strong></span> 
     </span>
    </p>
   </div>
   <div class='ocr_carea' id='block_1_71' title="bbox 61 3930 1652 4010">
    <p class='ocr_par' dir='ltr' id='par_1_71' title="bbox 61 3930 1652 4010">
     <span class='ocr_line' id='line_1_71' title="bbox 61 3930 1652 4010; baseline 0.008 -20"><span class='ocrx_word' id='word_1_497' title='bbox 61 3943 238 4002; x_wconf 79' lang='lat' dir='ltr'><strong>ceree,</strong></span> <span class='ocrx_word' id='word_1_498' title='bbox 278 3930 498 3994; x_wconf 85' lang='lat' dir='ltr'><strong>domum</strong></span> <span class='ocrx_word' id='word_1_499' title='bbox 542 3939 855 4010; x_wconf 81' lang='lat' dir='ltr'><strong>ingressus,</strong></span> <span class='ocrx_word' id='word_1_500' title='bbox 900 3941 1141 4001; x_wconf 89' lang='lat' dir='ltr'><strong>latrones</strong></span> <span class='ocrx_word' id='word_1_501' title='bbox 1168 3943 1309 3999; x_wconf 87' lang='lat' dir='ltr'><strong>intra</strong></span> <span class='ocrx_word' id='word_1_502' title='bbox 1340 3945 1652 4002; x_wconf 85' lang='lat' dir='ltr'><strong>cubiculum</strong></span> 
     </span>
    </p>
   </div>
   <div class='ocr_carea' id='block_1_72' title="bbox 61 4030 1651 4110">
    <p class='ocr_par' dir='ltr' id='par_1_72' title="bbox 61 4030 1651 4110">
     <span class='ocr_line' id='line_1_72' title="bbox 61 4030 1651 4110; baseline 0.008 -27"><span class='ocrx_word' id='word_1_503' title='bbox 61 4030 280 4101; x_wconf 87' lang='lat' dir='ltr'><strong>reperit,</strong></span> <span class='ocrx_word' id='word_1_504' title='bbox 322 4039 624 4089; x_wconf 89' lang='lat' dir='ltr'><strong>stramenta</strong></span> <span class='ocrx_word' id='word_1_505' title='bbox 668 4033 829 4103; x_wconf 89' lang='lat' dir='ltr'><strong>lecti,</strong></span> <span class='ocrx_word' id='word_1_506' title='bbox 878 4043 934 4092; x_wconf 90' lang='lat' dir='ltr'><strong>et</strong></span> <span class='ocrx_word' id='word_1_507' title='bbox 960 4036 1007 4092; x_wconf 91' lang='lat' dir='ltr'><strong>si</strong></span> <span class='ocrx_word' id='word_1_508' title='bbox 1039 4036 1167 4110; x_wconf 89' lang='lat' dir='ltr'><strong>quid</strong></span> <span class='ocrx_word' id='word_1_509' title='bbox 1198 4036 1651 4095; x_wconf 85' lang='lat' dir='ltr'><strong>vestimentorum</strong></span> 
     </span>
    </p>
   </div>
   <div class='ocr_carea' id='block_1_73' title="bbox 64 4124 1646 4201">
    <p class='ocr_par' dir='ltr' id='par_1_73' title="bbox 64 4124 1646 4201">
     <span class='ocr_line' id='line_1_73' title="bbox 64 4124 1646 4201; baseline 0.006 -23"><span class='ocrx_word' id='word_1_510' title='bbox 64 4126 377 4194; x_wconf 86' lang='lat' dir='ltr'><strong>&#39;repererant</strong></span> <span class='ocrx_word' id='word_1_511' title='bbox 401 4166 417 4189; x_wconf 89' lang='lat'><strong>,</strong></span> <span class='ocrx_word' id='word_1_512' title='bbox 448 4126 809 4184; x_wconf 82' lang='lat' dir='ltr'><strong>sarcinan&#39;tes.</strong></span> <span class='ocrx_word' id='word_1_513' title='bbox 849 4126 997 4194; x_wconf 88' lang='lat' dir='ltr'><strong>Quos</strong></span> <span class='ocrx_word' id='word_1_514' title='bbox 1023 4124 1283 4185; x_wconf 65' lang='lat' dir='ltr'><strong>custodite</strong></span> <span class='ocrx_word' id='word_1_515' title='bbox 1312 4130 1646 4201; x_wconf 84' lang='lat' dir='ltr'><strong>mancipans,</strong></span> 
     </span>
    </p>
   </div>
   <div class='ocr_carea' id='block_1_74' title="bbox 66 4214 1653 4294">
    <p class='ocr_par' dir='ltr' id='par_1_74' title="bbox 66 4214 1653 4294">
     <span class='ocr_line' id='line_1_74' title="bbox 66 4214 1653 4294; baseline 0.006 -27"><span class='ocrx_word' id='word_1_516' title='bbox 66 4229 118 4268; x_wconf 81' lang='lat' dir='ltr'><strong>lli</strong></span> <span class='ocrx_word' id='word_1_517' title='bbox 145 4214 435 4273; x_wconf 89' lang='lat' dir='ltr'><strong>ecclesiam</strong></span> <span class='ocrx_word' id='word_1_518' title='bbox 482 4216 676 4287; x_wconf 89' lang='lat' dir='ltr'><strong>rediit,</strong></span> <span class='ocrx_word' id='word_1_519' title='bbox 720 4225 777 4276; x_wconf 90' lang='lat' dir='ltr'><strong>et</strong></span> <span class='ocrx_word' id='word_1_520' title='bbox 818 4218 1094 4275; x_wconf 87' lang='lat' dir='ltr'><strong>residuum</strong></span> <span class='ocrx_word' id='word_1_521' title='bbox 1156 4217 1315 4276; x_wconf 85' lang='lat' dir='ltr'><strong>oflicii</strong></span> <span class='ocrx_word' id='word_1_522' title='bbox 1366 4218 1653 4294; x_wconf 82' lang='lat' dir='ltr'><strong>diligenter</strong></span> 
     </span>
    </p>
   </div>
   <div class='ocr_carea' id='block_1_75' title="bbox 68 4306 1652 4385">
    <p class='ocr_par' dir='ltr' id='par_1_75' title="bbox 68 4306 1652 4385">
     <span class='ocr_line' id='line_1_75' title="bbox 68 4306 1652 4385; baseline 0.007 -21"><span class='ocrx_word' id='word_1_523' title='bbox 68 4308 313 4382; x_wconf 78' lang='lat' dir='ltr'><strong>explevit.</strong></span> <span class='ocrx_word' id='word_1_524' title='bbox 355 4306 552 4385; x_wconf 90' lang='lat' dir='ltr'><strong>Liquet</strong></span> <span class='ocrx_word' id='word_1_525' title='bbox 604 4312 825 4372; x_wconf 89' lang='lat' dir='ltr'><strong>beatum</strong></span> <span class='ocrx_word' id='word_1_526' title='bbox 869 4314 1201 4374; x_wconf 86' lang='lat' dir='ltr'><strong>Germanum</strong></span> <span class='ocrx_word' id='word_1_527' title='bbox 1260 4316 1500 4375; x_wconf 68' lang='lat' dir='ltr'><strong>basilicae</strong></span> <span class='ocrx_word' id='word_1_528' title='bbox 1540 4335 1652 4375; x_wconf 76' lang='lat' dir='ltr'><strong>sua:</strong></span> 
     </span>
    </p>
   </div>
   <div class='ocr_carea' id='block_1_76' title="bbox 73 4401 1650 4478">
    <p class='ocr_par' dir='ltr' id='par_1_76' title="bbox 73 4401 1650 4478">
     <span class='ocr_line' id='line_1_76' title="bbox 73 4401 1650 4478; baseline 0.008 -22"><span class='ocrx_word' id='word_1_529' title='bbox 73 4401 400 4478; x_wconf 79' lang='lat' dir='ltr'><strong>consuluisse</strong></span> <span class='ocrx_word' id='word_1_530' title='bbox 447 4404 722 4473; x_wconf 87' lang='lat' dir='ltr'><strong>ministro,</strong></span> <span class='ocrx_word' id='word_1_531' title='bbox 755 4422 823 4464; x_wconf 89' lang='lat' dir='ltr'><strong>ne</strong></span> <span class='ocrx_word' id='word_1_532' title='bbox 866 4404 994 4464; x_wconf 91' lang='lat' dir='ltr'><strong>dum</strong></span> <span class='ocrx_word' id='word_1_533' title='bbox 1022 4406 1217 4465; x_wconf 64' lang='lat' dir='ltr'><strong>divinae</strong></span> <span class='ocrx_word' id='word_1_534' title='bbox 1244 4407 1393 4466; x_wconf 89' lang='lat' dir='ltr'><strong>laudi</strong></span> <span class='ocrx_word' id='word_1_535' title='bbox 1429 4409 1650 4468; x_wconf 88' lang='lat' dir='ltr'><strong>insiste-</strong></span> 
     </span>
    </p>
   </div>
   <div class='ocr_carea' id='block_1_77' title="bbox 73 4492 1066 4558">
    <p class='ocr_par' dir='ltr' id='par_1_77' title="bbox 73 4492 1066 4558">
     <span class='ocr_line' id='line_1_77' title="bbox 73 4492 1066 4558; baseline 0.01 -13"><span class='ocrx_word' id='word_1_536' title='bbox 73 4500 169 4558; x_wconf 85' lang='lat' dir='ltr'><strong>ret,</strong></span> <span class='ocrx_word' id='word_1_537' title='bbox 202 4495 279 4550; x_wconf 89' lang='lat' dir='ltr'><strong>rei</strong></span> <span class='ocrx_word' id='word_1_538' title='bbox 304 4492 591 4553; x_wconf 78' lang='lat' dir='ltr'><strong>familiaris</strong></span> <span class='ocrx_word' id='word_1_539' title='bbox 622 4497 818 4553; x_wconf 90' lang='lat' dir='ltr'><strong>damna</strong></span> <span class='ocrx_word' id='word_1_540' title='bbox 839 4496 1066 4555; x_wconf 85' lang='lat' dir='ltr'><strong>subiret.</strong></span> 
     </span>
    </p>
   </div>
   <div class='ocr_carea' id='block_1_78' title="bbox 141 4580 1656 4666">
    <p class='ocr_par' dir='ltr' id='par_1_78' title="bbox 141 4580 1656 4666">
     <span class='ocr_line' id='line_1_78' title="bbox 141 4580 1656 4666; baseline 0.007 -25"><span class='ocrx_word' id='word_1_541' title='bbox 141 4580 225 4641; x_wconf 87' lang='lat'><strong>67.</strong></span> <span class='ocrx_word' id='word_1_542' title='bbox 264 4580 439 4644; x_wconf 83' lang='lat' dir='ltr'><strong>Minus</strong></span> <span class='ocrx_word' id='word_1_543' title='bbox 477 4596 561 4646; x_wconf 91' lang='lat' dir='ltr'><strong>est</strong></span> <span class='ocrx_word' id='word_1_544' title='bbox 609 4588 793 4645; x_wconf 86' lang='lat' dir='ltr'><strong>audita</strong></span> <span class='ocrx_word' id='word_1_545' title='bbox 841 4590 1192 4660; x_wconf 86' lang='lat' dir='ltr'><strong>depromere,</strong></span> <span class='ocrx_word' id='word_1_546' title='bbox 1222 4590 1332 4650; x_wconf 85' lang='lat' dir='ltr'><strong>&#39;nisi</strong></span> <span class='ocrx_word' id='word_1_547' title='bbox 1376 4601 1433 4650; x_wconf 91' lang='lat' dir='ltr'><strong>et</strong></span> <span class='ocrx_word' id='word_1_548' title='bbox 1475 4588 1656 4666; x_wconf 81' lang='lat' dir='ltr'><strong>aliqua</strong></span> 
     </span>
    </p>
   </div>
   <div class='ocr_carea' id='block_1_79' title="bbox 75 4674 1657 4750">
    <p class='ocr_par' dir='ltr' id='par_1_79' title="bbox 75 4674 1657 4750">
     <span class='ocr_line' id='line_1_79' title="bbox 75 4674 1657 4750; baseline 0.006 -21"><span class='ocrx_word' id='word_1_549' title='bbox 75 4674 237 4732; x_wconf 81' lang='lat' dir='ltr'><strong>oculis</strong></span> <span class='ocrx_word' id='word_1_550' title='bbox 260 4688 512 4750; x_wconf 85' lang='lat' dir='ltr'><strong>percepta</strong></span> <span class='ocrx_word' id='word_1_551' title='bbox 550 4678 868 4735; x_wconf 90' lang='lat' dir='ltr'><strong>subdantur.</strong></span> <span class='ocrx_word' id='word_1_552' title='bbox 913 4677 1097 4736; x_wconf 88' lang='lat' dir='ltr'><strong>Pridie</strong></span> <span class='ocrx_word' id='word_1_553' title='bbox 1135 4680 1501 4739; x_wconf 82' lang='lat' dir='ltr'><strong>Kalendarum</strong></span> <span class='ocrx_word' id='word_1_554' title='bbox 1542 4682 1657 4739; x_wconf 78' lang='lat' dir='ltr'><strong>Au-</strong></span> 
     </span>
    </p>
   </div>
   <div class='ocr_carea' id='block_1_80' title="bbox 79 4768 1655 4844">
    <p class='ocr_par' dir='ltr' id='par_1_80' title="bbox 79 4768 1655 4844">
     <span class='ocr_line' id='line_1_80' title="bbox 79 4768 1655 4844; baseline 0.006 -20"><span class='ocrx_word' id='word_1_555' title='bbox 79 4768 210 4840; x_wconf 90' lang='lat' dir='ltr'><strong>gusti</strong></span> <span class='ocrx_word' id='word_1_556' title='bbox 250 4768 393 4828; x_wconf 88' lang='lat' dir='ltr'><strong>beati</strong></span> <span class='ocrx_word' id='word_1_557' title='bbox 436 4768 693 4829; x_wconf 89' lang='lat' dir='ltr'><strong>Germani</strong></span> <span class='ocrx_word' id='word_1_558' title='bbox 725 4772 984 4828; x_wconf 83' lang='lat' dir='ltr'><strong>transitus</strong></span> <span class='ocrx_word' id='word_1_559' title='bbox 1009 4773 1149 4844; x_wconf 91' lang='lat' dir='ltr'><strong>apud</strong></span> <span class='ocrx_word' id='word_1_560' title='bbox 1185 4776 1376 4831; x_wconf 90' lang='lat' dir='ltr'><strong>urbem</strong></span> <span class='ocrx_word' id='word_1_561' title='bbox 1405 4772 1655 4834; x_wconf 89' lang='lat' dir='ltr'><strong>Suessio-</strong></span> 
     </span>
    </p>
   </div>
   <div class='ocr_carea' id='block_1_81' title="bbox 80 4856 1655 4939">
    <p class='ocr_par' dir='ltr' id='par_1_81' title="bbox 80 4856 1655 4939">
     <span class='ocr_line' id='line_1_81' title="bbox 80 4856 1655 4939; baseline 0.008 -25"><span class='ocrx_word' id='word_1_562' title='bbox 80 4856 247 4917; x_wconf 78' lang='lat' dir='ltr'><strong>nicam</strong></span> <span class='ocrx_word' id='word_1_563' title='bbox 271 4860 481 4921; x_wconf 83' lang='lat' dir='ltr'><strong>fervido</strong></span> <span class='ocrx_word' id='word_1_564' title='bbox 527 4862 909 4921; x_wconf 88' lang='lat' dir='ltr'><strong>celebrabatur</strong></span> <span class='ocrx_word' id='word_1_565' title='bbox 945 4865 1237 4938; x_wconf 89' lang='lat' dir='ltr'><strong>obsequio;</strong></span> <span class='ocrx_word' id='word_1_566' title='bbox 1293 4882 1529 4939; x_wconf 85' lang='lat' dir='ltr'><strong>eumque</strong></span> <span class='ocrx_word' id='word_1_567' title='bbox 1566 4869 1655 4927; x_wconf 89' lang='lat' dir='ltr'><strong>die</strong></span> 
     </span>
    </p>
   </div>
   <div class='ocr_carea' id='block_1_82' title="bbox 82 4951 1652 5030">
    <p class='ocr_par' dir='ltr' id='par_1_82' title="bbox 82 4951 1652 5030">
     <span class='ocr_line' id='line_1_82' title="bbox 82 4951 1652 5030; baseline 0.008 -23"><span class='ocrx_word' id='word_1_568' title='bbox 82 4951 133 5008; x_wconf 91' lang='lat' dir='ltr'><strong>in</strong></span> <span class='ocrx_word' id='word_1_569' title='bbox 156 4971 424 5029; x_wconf 88' lang='lat' dir='ltr'><strong>vesperam</strong></span> <span class='ocrx_word' id='word_1_570' title='bbox 460 4957 716 5030; x_wconf 91' lang='lat' dir='ltr'><strong>proniore</strong></span> <span class='ocrx_word' id='word_1_571' title='bbox 743 4958 939 5015; x_wconf 68' lang='lat' dir='ltr'><strong>divina:</strong></span> <span class='ocrx_word' id='word_1_572' title='bbox 968 4957 1141 5017; x_wconf 89' lang='lat' dir='ltr'><strong>laudis</strong></span> <span class='ocrx_word' id='word_1_573' title='bbox 1173 4959 1494 5026; x_wconf 88' lang='lat' dir='ltr'><strong>celebritas,</strong></span> <span class='ocrx_word' id='word_1_574' title='bbox 1525 4978 1652 5021; x_wconf 92' lang='lat' dir='ltr'><strong>eum</strong></span> 
     </span>
    </p>
   </div>
   <div class='ocr_carea' id='block_1_83' title="bbox 86 5041 1652 5116">
    <p class='ocr_par' dir='ltr' id='par_1_83' title="bbox 86 5041 1652 5116">
     <span class='ocr_line' id='line_1_83' title="bbox 86 5041 1652 5116; baseline 0.01 -19"><span class='ocrx_word' id='word_1_575' title='bbox 86 5041 136 5097; x_wconf 92' lang='lat' dir='ltr'><strong>in</strong></span> <span class='ocrx_word' id='word_1_576' title='bbox 162 5045 409 5116; x_wconf 88' lang='lat' dir='ltr'><strong>urbanis,</strong></span> <span class='ocrx_word' id='word_1_577' title='bbox 460 5057 569 5105; x_wconf 85' lang='lat' dir='ltr'><strong>tum</strong></span> <span class='ocrx_word' id='word_1_578' title='bbox 614 5046 783 5104; x_wconf 89' lang='lat' dir='ltr'><strong>etiam</strong></span> <span class='ocrx_word' id='word_1_579' title='bbox 824 5047 879 5105; x_wconf 89' lang='lat' dir='ltr'><strong>in</strong></span> <span class='ocrx_word' id='word_1_580' title='bbox 923 5049 1247 5110; x_wconf 85' lang='lat' dir='ltr'><strong>suburbanis</strong></span> <span class='ocrx_word' id='word_1_581' title='bbox 1299 5049 1544 5109; x_wconf 90' lang='lat' dir='ltr'><strong>ecclesiis</strong></span> <span class='ocrx_word' id='word_1_582' title='bbox 1585 5069 1652 5112; x_wconf 90' lang='lat' dir='ltr'><strong>ac</strong></span> 
     </span>
    </p>
   </div>
   <div class='ocr_carea' id='block_1_84' title="bbox 85 5140 1654 5216">
    <p class='ocr_par' dir='ltr' id='par_1_84' title="bbox 85 5140 1654 5216">
     <span class='ocr_line' id='line_1_84' title="bbox 85 5140 1654 5216; baseline 0.01 -26"><span class='ocrx_word' id='word_1_583' title='bbox 85 5140 405 5199; x_wconf 81' lang='lat' dir='ltr'><strong>monasteriis</strong></span> <span class='ocrx_word' id='word_1_584' title='bbox 438 5148 585 5199; x_wconf 87' lang='lat' dir='ltr'><strong>esset</strong></span> <span class='ocrx_word' id='word_1_585' title='bbox 628 5141 881 5211; x_wconf 75' lang='lat' dir='ltr'><strong>explicita</strong></span> <span class='ocrx_word' id='word_1_586' title='bbox 903 5181 921 5211; x_wconf 94' lang='lat'><strong>,</strong></span> <span class='ocrx_word' id='word_1_587' title='bbox 962 5142 1190 5204; x_wconf 84' lang='lat' dir='ltr'><strong>sollicita</strong></span> <span class='ocrx_word' id='word_1_588' title='bbox 1231 5143 1370 5202; x_wconf 85' lang='lat' dir='ltr'><strong>mihi</strong></span> <span class='ocrx_word' id='word_1_589' title='bbox 1397 5145 1654 5216; x_wconf 77' lang='lat' dir='ltr'><strong>cogitatio</strong></span> 
     </span>
    </p>
   </div>
   <div class='ocr_carea' id='block_1_85' title="bbox 88 5223 1653 5306">
    <p class='ocr_par' dir='ltr' id='par_1_85' title="bbox 88 5223 1653 5306">
     <span class='ocr_line' id='line_1_85' title="bbox 88 5223 1653 5306; baseline 0.011 -28"><span class='ocrx_word' id='word_1_590' title='bbox 88 5223 293 5293; x_wconf 84' lang='lat' dir='ltr'><strong>incidit,</strong></span> <span class='ocrx_word' id='word_1_591' title='bbox 329 5229 516 5288; x_wconf 81' lang='lat' dir='ltr'><strong>Axona</strong></span> <span class='ocrx_word' id='word_1_592' title='bbox 546 5240 903 5300; x_wconf 85' lang='lat' dir='ltr'><strong>transmeato,</strong></span> <span class='ocrx_word' id='word_1_593' title='bbox 932 5232 1000 5287; x_wconf 91' lang='lat' dir='ltr'><strong>ad</strong></span> <span class='ocrx_word' id='word_1_594' title='bbox 1035 5237 1323 5305; x_wconf 66' lang='lat' dir='ltr'><strong>praefatam</strong></span> <span class='ocrx_word' id='word_1_595' title='bbox 1354 5248 1653 5306; x_wconf 88' lang='lat' dir='ltr'><strong>properare</strong></span> 
     </span>
    </p>
   </div>
   <div class='ocr_carea' id='block_1_86' title="bbox 87 5315 1651 5402">
    <p class='ocr_par' dir='ltr' id='par_1_86' title="bbox 87 5315 1651 5402">
     <span class='ocr_line' id='line_1_86' title="bbox 87 5315 1651 5402; baseline 0.011 -30"><span class='ocrx_word' id='word_1_596' title='bbox 87 5315 359 5391; x_wconf 87' lang='lat' dir='ltr'><strong>basilicam,</strong></span> <span class='ocrx_word' id='word_1_597' title='bbox 383 5340 451 5383; x_wconf 91' lang='lat' dir='ltr'><strong>ne</strong></span> <span class='ocrx_word' id='word_1_598' title='bbox 464 5324 604 5382; x_wconf 74' lang='lat' dir='ltr'><strong>forte</strong></span> <span class='ocrx_word' id='word_1_599' title='bbox 623 5324 789 5397; x_wconf 91' lang='lat' dir='ltr'><strong>(quod</strong></span> <span class='ocrx_word' id='word_1_600' title='bbox 819 5328 998 5383; x_wconf 88' lang='lat' dir='ltr'><strong>animo</strong></span> <span class='ocrx_word' id='word_1_601' title='bbox 1021 5329 1368 5402; x_wconf 86' lang='lat' dir='ltr'><strong>repntabam)</strong></span> <span class='ocrx_word' id='word_1_602' title='bbox 1390 5331 1651 5389; x_wconf 87' lang='lat' dir='ltr'><strong>abscessu</strong></span> 
     </span>
    </p>
   </div>
   <div class='ocr_carea' id='block_1_87' title="bbox 1753 3201 3385 3277">
    <p class='ocr_par' dir='ltr' id='par_1_87' title="bbox 1753 3201 3385 3277">
     <span class='ocr_line' id='line_1_87' title="bbox 1753 3201 3385 3277; baseline -0.002 -16"><span class='ocrx_word' id='word_1_603' title='bbox 1753 3203 2038 3261; x_wconf 87' lang='lat' dir='ltr'><strong>ecclesiam</strong></span> <span class='ocrx_word' id='word_1_604' title='bbox 2060 3203 2177 3277; x_wconf 87' lang='lat' dir='ltr'><strong>ejus</strong></span> <span class='ocrx_word' id='word_1_605' title='bbox 2194 3204 2484 3260; x_wconf 90' lang='lat' dir='ltr'><strong>virtutibus</strong></span> <span class='ocrx_word' id='word_1_606' title='bbox 2501 3203 2789 3277; x_wconf 75' lang='lat' dir='ltr'><strong>gloriosam</strong></span> <span class='ocrx_word' id='word_1_607' title='bbox 2818 3224 2830 3258; x_wconf 89' lang='lat'>:</span> <span class='ocrx_word' id='word_1_608' title='bbox 2856 3205 2902 3260; x_wconf 90' lang='lat' dir='ltr'><strong>is</strong></span> <span class='ocrx_word' id='word_1_609' title='bbox 2926 3204 3077 3260; x_wconf 88' lang='lat' dir='ltr'><strong>locus</strong></span> <span class='ocrx_word' id='word_1_610' title='bbox 3097 3201 3355 3275; x_wconf 90' lang='lat' dir='ltr'><strong>quoniam</strong></span> <span class='ocrx_word' id='word_1_611' title='bbox 3369 3208 3385 3220; x_wconf 85' lang='lat'><strong>‘</strong></span> 
     </span>
    </p>
   </div>
   <div class='ocr_carea' id='block_1_88' title="bbox 1753 3294 3357 3371">
    <p class='ocr_par' dir='ltr' id='par_1_88' title="bbox 1753 3294 3357 3371">
     <span class='ocr_line' id='line_1_88' title="bbox 1753 3294 3357 3371; baseline -0.004 -14"><span class='ocrx_word' id='word_1_612' title='bbox 1753 3314 1823 3357; x_wconf 80' lang='lat' dir='ltr'><strong>ex</strong></span> <span class='ocrx_word' id='word_1_613' title='bbox 1844 3299 2005 3370; x_wconf 85' lang='lat' dir='ltr'><strong>longo</strong></span> <span class='ocrx_word' id='word_1_614' title='bbox 2035 3299 2309 3371; x_wconf 90' lang='lat' dir='ltr'><strong>signorum</strong></span> <span class='ocrx_word' id='word_1_615' title='bbox 2327 3294 2497 3354; x_wconf 90' lang='lat' dir='ltr'><strong>claret</strong></span> <span class='ocrx_word' id='word_1_616' title='bbox 2525 3297 2819 3365; x_wconf 82' lang='lat' dir='ltr'><strong>aﬂluentia,</strong></span> <span class='ocrx_word' id='word_1_617' title='bbox 2852 3294 3235 3353; x_wconf 86' lang='lat' dir='ltr'><strong>ardentissimo</strong></span> <span class='ocrx_word' id='word_1_618' title='bbox 3258 3309 3357 3365; x_wconf 87' lang='lat' dir='ltr'><strong>po-</strong></span> 
     </span>
    </p>
   </div>
   <div class='ocr_carea' id='block_1_89' title="bbox 1753 3386 3350 3464">
    <p class='ocr_par' dir='ltr' id='par_1_89' title="bbox 1753 3386 3350 3464">
     <span class='ocr_line' id='line_1_89' title="bbox 1753 3386 3350 3464; baseline -0.006 -15"><span class='ocrx_word' id='word_1_619' title='bbox 1753 3390 2006 3464; x_wconf 89' lang='lat' dir='ltr'><strong>pulorum</strong></span> <span class='ocrx_word' id='word_1_620' title='bbox 2040 3389 2309 3448; x_wconf 84' lang='lat' dir='ltr'><strong>indefesse</strong></span> <span class='ocrx_word' id='word_1_621' title='bbox 2339 3388 2724 3447; x_wconf 81' lang='lat' dir='ltr'><strong>conﬂuentium</strong></span> <span class='ocrx_word' id='word_1_622' title='bbox 2746 3386 2925 3446; x_wconf 89' lang='lat' dir='ltr'><strong>studio</strong></span> <span class='ocrx_word' id='word_1_623' title='bbox 2951 3387 3350 3460; x_wconf 78' lang='lat' dir='ltr'><strong>frequentatur.</strong></span> 
     </span>
    </p>
   </div>
   <div class='ocr_carea' id='block_1_90' title="bbox 1755 3478 3354 3555">
    <p class='ocr_par' dir='ltr' id='par_1_90' title="bbox 1755 3478 3354 3555">
     <span class='ocr_line' id='line_1_90' title="bbox 1755 3478 3354 3555; baseline -0.004 -16"><span class='ocrx_word' id='word_1_624' title='bbox 1755 3482 2074 3551; x_wconf 90' lang='lat' dir='ltr'><strong>Testantur,</strong></span> <span class='ocrx_word' id='word_1_625' title='bbox 2110 3482 2203 3555; x_wconf 91' lang='lat' dir='ltr'><strong>qui</strong></span> <span class='ocrx_word' id='word_1_626' title='bbox 2231 3482 2418 3540; x_wconf 83' lang='lat' dir='ltr'><strong>videre</strong></span> <span class='ocrx_word' id='word_1_627' title='bbox 2446 3482 2744 3553; x_wconf 69' lang='lat' dir='ltr'><strong>saepissime</strong></span> <span class='ocrx_word' id='word_1_628' title='bbox 2778 3480 2944 3538; x_wconf 86' lang='lat' dir='ltr'><strong>tetius</strong></span> <span class='ocrx_word' id='word_1_629' title='bbox 2970 3478 3214 3537; x_wconf 64' lang='lat' dir='ltr'><strong>basilica:</strong></span> <span class='ocrx_word' id='word_1_630' title='bbox 3256 3492 3354 3550; x_wconf 86' lang='lat' dir='ltr'><strong>pa-</strong></span> 
     </span>
    </p>
   </div>
   <div class='ocr_carea' id='block_1_91' title="bbox 1755 3570 3353 3646">
    <p class='ocr_par' dir='ltr' id='par_1_91' title="bbox 1755 3570 3353 3646">
     <span class='ocr_line' id='line_1_91' title="bbox 1755 3570 3353 3646; baseline -0.006 -13"><span class='ocrx_word' id='word_1_631' title='bbox 1755 3572 1924 3633; x_wconf 85' lang='lat' dir='ltr'><strong>rietes</strong></span> <span class='ocrx_word' id='word_1_632' title='bbox 1950 3574 2091 3629; x_wconf 90' lang='lat' dir='ltr'><strong>intra</strong></span> <span class='ocrx_word' id='word_1_633' title='bbox 2114 3581 2377 3646; x_wconf 81' lang='lat' dir='ltr'><strong>extraque</strong></span> <span class='ocrx_word' id='word_1_634' title='bbox 2396 3571 2554 3646; x_wconf 87' lang='lat' dir='ltr'><strong>pallis</strong></span> <span class='ocrx_word' id='word_1_635' title='bbox 2570 3570 2598 3612; x_wconf 72' lang='grc' dir='ltr'>δ</span> <span class='ocrx_word' id='word_1_636' title='bbox 2615 3570 2873 3627; x_wconf 87' lang='lat' dir='ltr'><strong>aclinteis</strong></span> <span class='ocrx_word' id='word_1_637' title='bbox 2898 3578 3207 3641; x_wconf 88' lang='lat' dir='ltr'><strong>coopertos,</strong></span> <span class='ocrx_word' id='word_1_638' title='bbox 3232 3582 3353 3640; x_wconf 70' lang='lat' dir='ltr'><strong>qua:</strong></span> 
     </span>
    </p>
   </div>
   <div class='ocr_carea' id='block_1_92' title="bbox 1755 3656 3353 3736">
    <p class='ocr_par' dir='ltr' id='par_1_92' title="bbox 1755 3656 3353 3736">
     <span class='ocr_line' id='line_1_92' title="bbox 1755 3656 3353 3736; baseline -0.005 -14"><span class='ocrx_word' id='word_1_639' title='bbox 1755 3664 1997 3722; x_wconf 82' lang='lat' dir='ltr'><strong>fidelium</strong></span> <span class='ocrx_word' id='word_1_640' title='bbox 2039 3664 2275 3731; x_wconf 88' lang='lat' dir='ltr'><strong>devotio,</strong></span> <span class='ocrx_word' id='word_1_641' title='bbox 2301 3665 2372 3721; x_wconf 90' lang='lat' dir='ltr'><strong>ob</strong></span> <span class='ocrx_word' id='word_1_642' title='bbox 2397 3671 2652 3736; x_wconf 89' lang='lat' dir='ltr'><strong>percepta</strong></span> <span class='ocrx_word' id='word_1_643' title='bbox 2676 3662 2978 3727; x_wconf 76' lang='lat' dir='ltr'><strong>sanitatum</strong></span> <span class='ocrx_word' id='word_1_644' title='bbox 3015 3658 3157 3716; x_wconf 89' lang='lat' dir='ltr'><strong>dona</strong></span> <span class='ocrx_word' id='word_1_645' title='bbox 3186 3656 3353 3714; x_wconf 85' lang='lat' dir='ltr'><strong>coele-</strong></span> 
     </span>
    </p>
   </div>
   <div class='ocr_carea' id='block_1_93' title="bbox 1753 3753 3354 3829">
    <p class='ocr_par' dir='ltr' id='par_1_93' title="bbox 1753 3753 3354 3829">
     <span class='ocr_line' id='line_1_93' title="bbox 1753 3753 3354 3829; baseline -0.007 -13"><span class='ocrx_word' id='word_1_646' title='bbox 1753 3757 1943 3825; x_wconf 86' lang='lat' dir='ltr'><strong>stium,</strong></span> <span class='ocrx_word' id='word_1_647' title='bbox 1989 3772 2148 3815; x_wconf 89' lang='lat' dir='ltr'><strong>sacro</strong></span> <span class='ocrx_word' id='word_1_648' title='bbox 2196 3757 2477 3829; x_wconf 87' lang='lat' dir='ltr'><strong>suspendit</strong></span> <span class='ocrx_word' id='word_1_649' title='bbox 2525 3755 2661 3813; x_wconf 90' lang='lat' dir='ltr'><strong>loco.</strong></span> <span class='ocrx_word' id='word_1_650' title='bbox 2710 3754 2811 3821; x_wconf 90' lang='lat' dir='ltr'><strong>Ea,</strong></span> <span class='ocrx_word' id='word_1_651' title='bbox 2850 3753 2996 3825; x_wconf 92' lang='lat' dir='ltr'><strong>quod</strong></span> <span class='ocrx_word' id='word_1_652' title='bbox 3024 3760 3177 3808; x_wconf 91' lang='lat' dir='ltr'><strong>arcto</strong></span> <span class='ocrx_word' id='word_1_653' title='bbox 3224 3764 3354 3806; x_wconf 88' lang='lat' dir='ltr'><strong>con-</strong></span> 
     </span>
    </p>
   </div>
   <div class='ocr_carea' id='block_1_94' title="bbox 1755 3842 3354 3918">
    <p class='ocr_par' dir='ltr' id='par_1_94' title="bbox 1755 3842 3354 3918">
     <span class='ocr_line' id='line_1_94' title="bbox 1755 3842 3354 3918; baseline -0.008 -9"><span class='ocrx_word' id='word_1_654' title='bbox 1755 3856 1964 3909; x_wconf 86' lang='lat' dir='ltr'><strong>structa</strong></span> <span class='ocrx_word' id='word_1_655' title='bbox 1992 3848 2219 3916; x_wconf 90' lang='lat' dir='ltr'><strong>ambitu,</strong></span> <span class='ocrx_word' id='word_1_656' title='bbox 2244 3847 2688 3906; x_wconf 89' lang='lat' dir='ltr'><strong>concurrentium</strong></span> <span class='ocrx_word' id='word_1_657' title='bbox 2718 3846 2894 3918; x_wconf 85' lang='lat' dir='ltr'><strong>impar</strong></span> <span class='ocrx_word' id='word_1_658' title='bbox 2920 3853 3042 3902; x_wconf 89' lang='lat' dir='ltr'><strong>erat</strong></span> <span class='ocrx_word' id='word_1_659' title='bbox 3061 3842 3354 3903; x_wconf 88' lang='lat' dir='ltr'><strong>conventui</strong></span> 
     </span>
    </p>
   </div>
   <div class='ocr_carea' id='block_1_95' title="bbox 1752 3937 3354 4017">
    <p class='ocr_par' dir='ltr' id='par_1_95' title="bbox 1752 3937 3354 4017">
     <span class='ocr_line' id='line_1_95' title="bbox 1752 3937 3354 4017; baseline -0.004 -17"><span class='ocrx_word' id='word_1_660' title='bbox 1752 3942 2098 4017; x_wconf 88' lang='lat' dir='ltr'><strong>populorum,</strong></span> <span class='ocrx_word' id='word_1_661' title='bbox 2123 3959 2153 4000; x_wconf 87' lang='lat' dir='ltr'><strong>a</strong></span> <span class='ocrx_word' id='word_1_662' title='bbox 2181 3941 2286 3999; x_wconf 90' lang='lat' dir='ltr'><strong>loci</strong></span> <span class='ocrx_word' id='word_1_663' title='bbox 2310 3941 2500 3998; x_wconf 90' lang='lat' dir='ltr'><strong>incolis</strong></span> <span class='ocrx_word' id='word_1_664' title='bbox 2516 3940 2647 3997; x_wconf 89' lang='lat' dir='ltr'><strong>hinc</strong></span> <span class='ocrx_word' id='word_1_665' title='bbox 2669 3940 2794 3996; x_wconf 88' lang='lat' dir='ltr'><strong>inde</strong></span> <span class='ocrx_word' id='word_1_666' title='bbox 2815 3940 3006 4011; x_wconf 85' lang='lat' dir='ltr'><strong>ligneis</strong></span> <span class='ocrx_word' id='word_1_667' title='bbox 3038 3948 3122 3997; x_wconf 90' lang='lat' dir='ltr'><strong>est</strong></span> <span class='ocrx_word' id='word_1_668' title='bbox 3147 3937 3354 3995; x_wconf 86' lang='lat' dir='ltr'><strong>ambita</strong></span> 
     </span>
    </p>
   </div>
   <div class='ocr_carea' id='block_1_96' title="bbox 1754 4033 3351 4111">
    <p class='ocr_par' dir='ltr' id='par_1_96' title="bbox 1754 4033 3351 4111">
     <span class='ocr_line' id='line_1_96' title="bbox 1754 4033 3351 4111; baseline -0.002 -18"><span class='ocrx_word' id='word_1_669' title='bbox 1754 4037 2073 4111; x_wconf 89' lang='lat' dir='ltr'><strong>porticibus.</strong></span> <span class='ocrx_word' id='word_1_670' title='bbox 2106 4036 2223 4093; x_wconf 79' lang='lat' dir='ltr'><strong>Huc</strong></span> <span class='ocrx_word' id='word_1_671' title='bbox 2250 4035 2369 4092; x_wconf 88' lang='lat' dir='ltr'><strong>vice</strong></span> <span class='ocrx_word' id='word_1_672' title='bbox 2396 4034 2629 4107; x_wconf 87' lang='lat' dir='ltr'><strong>quadam</strong></span> <span class='ocrx_word' id='word_1_673' title='bbox 2656 4035 2916 4092; x_wconf 82' lang='lat' dir='ltr'><strong>Vivianus</strong></span> <span class='ocrx_word' id='word_1_674' title='bbox 2940 4034 3195 4106; x_wconf 90' lang='lat' dir='ltr'><strong>princeps</strong></span> <span class='ocrx_word' id='word_1_675' title='bbox 3212 4045 3235 4073; x_wconf 76' lang='grc' dir='ltr'><strong>ο</strong></span> <span class='ocrx_word' id='word_1_676' title='bbox 3255 4033 3351 4090; x_wconf 85' lang='lat' dir='ltr'><strong>de-</strong></span> 
     </span>
    </p>
   </div>
   <div class='ocr_carea' id='block_1_97' title="bbox 1754 4123 3357 4199">
    <p class='ocr_par' dir='ltr' id='par_1_97' title="bbox 1754 4123 3357 4199">
     <span class='ocr_line' id='line_1_97' title="bbox 1754 4123 3357 4199; baseline -0.007 -10"><span class='ocrx_word' id='word_1_677' title='bbox 1754 4130 1998 4195; x_wconf 72' lang='lat' dir='ltr'><strong>veniens,</strong></span> <span class='ocrx_word' id='word_1_678' title='bbox 2043 4128 2135 4199; x_wconf 90' lang='lat' dir='ltr'><strong>qui</strong></span> <span class='ocrx_word' id='word_1_679' title='bbox 2172 4138 2284 4184; x_wconf 91' lang='lat' dir='ltr'><strong>tum</strong></span> <span class='ocrx_word' id='word_1_680' title='bbox 2315 4127 2490 4185; x_wconf 87' lang='lat' dir='ltr'><strong>eidem</strong></span> <span class='ocrx_word' id='word_1_681' title='bbox 2521 4126 2904 4183; x_wconf 89' lang='lat' dir='ltr'><strong>dominabatur</strong></span> <span class='ocrx_word' id='word_1_682' title='bbox 2927 4124 3123 4192; x_wconf 90' lang='lat' dir='ltr'><strong>fundo,</strong></span> <span class='ocrx_word' id='word_1_683' title='bbox 3156 4123 3357 4180; x_wconf 89' lang='lat' dir='ltr'><strong>instru-</strong></span> 
     </span>
    </p>
   </div>
   <div class='ocr_carea' id='block_1_98' title="bbox 1755 4213 3354 4291">
    <p class='ocr_par' dir='ltr' id='par_1_98' title="bbox 1755 4213 3354 4291">
     <span class='ocr_line' id='line_1_98' title="bbox 1755 4213 3354 4291; baseline -0.004 -15"><span class='ocrx_word' id='word_1_684' title='bbox 1755 4230 1902 4277; x_wconf 90' lang='lat' dir='ltr'><strong>ctum</strong></span> <span class='ocrx_word' id='word_1_685' title='bbox 1927 4235 2177 4275; x_wconf 88' lang='lat' dir='ltr'><strong>sessurus</strong></span> <span class='ocrx_word' id='word_1_686' title='bbox 2198 4220 2266 4275; x_wconf 89' lang='lat' dir='ltr'><strong>ad</strong></span> <span class='ocrx_word' id='word_1_687' title='bbox 2284 4218 2590 4291; x_wconf 87' lang='lat' dir='ltr'><strong>prandium,</strong></span> <span class='ocrx_word' id='word_1_688' title='bbox 2605 4232 2769 4289; x_wconf 90' lang='lat' dir='ltr'><strong>capos</strong></span> <span class='ocrx_word' id='word_1_689' title='bbox 2782 4214 2837 4283; x_wconf 71' lang='grc' dir='ltr'><strong>ά,</strong></span> <span class='ocrx_word' id='word_1_690' title='bbox 2853 4231 2991 4287; x_wconf 92' lang='lat' dir='ltr'><strong>quos</strong></span> <span class='ocrx_word' id='word_1_691' title='bbox 3003 4215 3161 4286; x_wconf 90' lang='lat' dir='ltr'><strong>vulgo</strong></span> <span class='ocrx_word' id='word_1_692' title='bbox 3187 4213 3354 4270; x_wconf 89' lang='lat' dir='ltr'><strong>falco-</strong></span> 
     </span>
    </p>
   </div>
   <div class='ocr_carea' id='block_1_99' title="bbox 1756 4305 3352 4381">
    <p class='ocr_par' dir='ltr' id='par_1_99' title="bbox 1756 4305 3352 4381">
     <span class='ocr_line' id='line_1_99' title="bbox 1756 4305 3352 4381; baseline -0.006 -12"><span class='ocrx_word' id='word_1_693' title='bbox 1756 4327 1855 4369; x_wconf 87' lang='lat' dir='ltr'><strong>nes</strong></span> <span class='ocrx_word' id='word_1_694' title='bbox 1883 4320 2218 4381; x_wconf 89' lang='lat' dir='ltr'><strong>nuncupant,</strong></span> <span class='ocrx_word' id='word_1_695' title='bbox 2255 4310 2350 4381; x_wconf 88' lang='lat' dir='ltr'><strong>qui</strong></span> <span class='ocrx_word' id='word_1_696' title='bbox 2388 4325 2572 4366; x_wconf 90' lang='lat' dir='ltr'><strong>secum</strong></span> <span class='ocrx_word' id='word_1_697' title='bbox 2605 4308 2769 4364; x_wconf 89' lang='lat' dir='ltr'><strong>delati</strong></span> <span class='ocrx_word' id='word_1_698' title='bbox 2814 4306 3049 4373; x_wconf 81' lang='lat' dir='ltr'><strong>fuerant,</strong></span> <span class='ocrx_word' id='word_1_699' title='bbox 3083 4321 3182 4377; x_wconf 89' lang='lat' dir='ltr'><strong>per</strong></span> <span class='ocrx_word' id='word_1_700' title='bbox 3208 4305 3352 4361; x_wconf 87' lang='lat' dir='ltr'><strong>basi-</strong></span> 
     </span>
    </p>
   </div>
   <div class='ocr_carea' id='block_1_100' title="bbox 1758 4399 3354 4479">
    <p class='ocr_par' dir='ltr' id='par_1_100' title="bbox 1758 4399 3354 4479">
     <span class='ocr_line' id='line_1_100' title="bbox 1758 4399 3354 4479; baseline -0.003 -18"><span class='ocrx_word' id='word_1_701' title='bbox 1758 4403 1879 4462; x_wconf 63' lang='lat' dir='ltr'><strong>licae</strong></span> <span class='ocrx_word' id='word_1_702' title='bbox 1898 4405 2140 4479; x_wconf 84' lang='lat' dir='ltr'><strong>perticus</strong></span> <span class='ocrx_word' id='word_1_703' title='bbox 2168 4403 2417 4477; x_wconf 91' lang='lat' dir='ltr'><strong>componi</strong></span> <span class='ocrx_word' id='word_1_704' title='bbox 2441 4403 2717 4475; x_wconf 68' lang='lat' dir='ltr'><strong>prazcepit.</strong></span> <span class='ocrx_word' id='word_1_705' title='bbox 2750 4401 2863 4459; x_wconf 85' lang='lat' dir='ltr'><strong>Hoc</strong></span> <span class='ocrx_word' id='word_1_706' title='bbox 2906 4399 3071 4465; x_wconf 88' lang='lat' dir='ltr'><strong>facto,</strong></span> <span class='ocrx_word' id='word_1_707' title='bbox 3104 4400 3354 4457; x_wconf 86' lang='lat' dir='ltr'><strong>convivio</strong></span> 
     </span>
    </p>
   </div>
   <div class='ocr_carea' id='block_1_101' title="bbox 1763 4490 3352 4568">
    <p class='ocr_par' dir='ltr' id='par_1_101' title="bbox 1763 4490 3352 4568">
     <span class='ocr_line' id='line_1_101' title="bbox 1763 4490 3352 4568; baseline -0.004 -16"><span class='ocrx_word' id='word_1_708' title='bbox 1763 4508 1884 4553; x_wconf 89' lang='lat' dir='ltr'><strong>sese</strong></span> <span class='ocrx_word' id='word_1_709' title='bbox 1915 4494 2137 4552; x_wconf 85' lang='lat' dir='ltr'><strong>indulsit</strong></span> <span class='ocrx_word' id='word_1_710' title='bbox 2163 4514 2177 4551; x_wconf 90' lang='lat'><strong>:</strong></span> <span class='ocrx_word' id='word_1_711' title='bbox 2201 4508 2233 4551; x_wconf 92' lang='lat' dir='ltr'><strong>a</strong></span> <span class='ocrx_word' id='word_1_712' title='bbox 2258 4511 2366 4568; x_wconf 91' lang='lat' dir='ltr'><strong>quo</strong></span> <span class='ocrx_word' id='word_1_713' title='bbox 2397 4510 2522 4551; x_wconf 89' lang='lat' dir='ltr'><strong>cum</strong></span> <span class='ocrx_word' id='word_1_714' title='bbox 2564 4493 2911 4558; x_wconf 84' lang='lat' dir='ltr'><strong>surrexisset,</strong></span> <span class='ocrx_word' id='word_1_715' title='bbox 2963 4491 3203 4547; x_wconf 79' lang='lat' dir='ltr'><strong>falcones</strong></span> <span class='ocrx_word' id='word_1_716' title='bbox 3228 4490 3352 4546; x_wconf 83' lang='lat' dir='ltr'><strong>uni-</strong></span> 
     </span>
    </p>
   </div>
   <div class='ocr_carea' id='block_1_102' title="bbox 1760 4585 3354 4660">
    <p class='ocr_par' dir='ltr' id='par_1_102' title="bbox 1760 4585 3354 4660">
     <span class='ocr_line' id='line_1_102' title="bbox 1760 4585 3354 4660; baseline -0.003 -15"><span class='ocrx_word' id='word_1_717' title='bbox 1760 4605 1952 4646; x_wconf 85' lang='lat' dir='ltr'><strong>versos</strong></span> <span class='ocrx_word' id='word_1_718' title='bbox 1976 4596 2219 4645; x_wconf 88' lang='lat' dir='ltr'><strong>mortuos</strong></span> <span class='ocrx_word' id='word_1_719' title='bbox 2248 4589 2473 4660; x_wconf 89' lang='lat' dir='ltr'><strong>reperit,</strong></span> <span class='ocrx_word' id='word_1_720' title='bbox 2505 4586 2718 4655; x_wconf 88' lang='lat' dir='ltr'><strong>iisdem,</strong></span> <span class='ocrx_word' id='word_1_721' title='bbox 2746 4587 2943 4659; x_wconf 88' lang='lat' dir='ltr'><strong>quibus</strong></span> <span class='ocrx_word' id='word_1_722' title='bbox 2983 4585 3203 4657; x_wconf 77' lang='lat' dir='ltr'><strong>implexi</strong></span> <span class='ocrx_word' id='word_1_723' title='bbox 3234 4585 3354 4641; x_wconf 88' lang='lat' dir='ltr'><strong>fue-</strong></span> 
     </span>
    </p>
   </div>
   <div class='ocr_carea' id='block_1_103' title="bbox 1763 4676 3356 4753">
    <p class='ocr_par' dir='ltr' id='par_1_103' title="bbox 1763 4676 3356 4753">
     <span class='ocr_line' id='line_1_103' title="bbox 1763 4676 3356 4753; baseline -0.005 -15"><span class='ocrx_word' id='word_1_724' title='bbox 1763 4690 1907 4749; x_wconf 91' lang='lat' dir='ltr'><strong>rant,</strong></span> <span class='ocrx_word' id='word_1_725' title='bbox 1922 4679 2129 4753; x_wconf 88' lang='lat' dir='ltr'><strong>pedicis</strong></span> <span class='ocrx_word' id='word_1_726' title='bbox 2146 4680 2532 4752; x_wconf 89' lang='lat' dir='ltr'><strong>dependentes.</strong></span> <span class='ocrx_word' id='word_1_727' title='bbox 2555 4679 2860 4737; x_wconf 85' lang='lat' dir='ltr'><strong>Temeritas</strong></span> <span class='ocrx_word' id='word_1_728' title='bbox 2881 4676 3140 4749; x_wconf 90' lang='lat' dir='ltr'><strong>principis</strong></span> <span class='ocrx_word' id='word_1_729' title='bbox 3162 4676 3356 4747; x_wconf 91' lang='lat' dir='ltr'><strong>punita</strong></span> 
     </span>
    </p>
   </div>
   <div class='ocr_carea' id='block_1_104' title="bbox 1761 4767 3358 4849">
    <p class='ocr_par' dir='ltr' id='par_1_104' title="bbox 1761 4767 3358 4849">
     <span class='ocr_line' id='line_1_104' title="bbox 1761 4767 3358 4849; baseline -0.005 -16"><span class='ocrx_word' id='word_1_730' title='bbox 1761 4776 1961 4833; x_wconf 89' lang='lat' dir='ltr'><strong>damno</strong></span> <span class='ocrx_word' id='word_1_731' title='bbox 1988 4772 2311 4845; x_wconf 61' lang='lat' dir='ltr'><strong>gratissima</strong></span> <span class='ocrx_word' id='word_1_732' title='bbox 2331 4772 2645 4845; x_wconf 89' lang='lat' dir='ltr'><strong>voluptatis,</strong></span> <span class='ocrx_word' id='word_1_733' title='bbox 2672 4773 2775 4845; x_wconf 88' lang='lat' dir='ltr'><strong>ipsi</strong></span> <span class='ocrx_word' id='word_1_734' title='bbox 2802 4769 3021 4849; x_wconf 81' lang='lat' dir='ltr'><strong>quidem</strong></span> <span class='ocrx_word' id='word_1_735' title='bbox 3054 4767 3358 4834; x_wconf 81' lang='lat' dir='ltr'><strong>tristitiam,</strong></span> 
     </span>
    </p>
   </div>
   <div class='ocr_carea' id='block_1_105' title="bbox 1758 4860 3364 4938">
    <p class='ocr_par' dir='ltr' id='par_1_105' title="bbox 1758 4860 3364 4938">
     <span class='ocr_line' id='line_1_105' title="bbox 1758 4860 3364 4938; baseline -0.006 -14"><span class='ocrx_word' id='word_1_736' title='bbox 1758 4864 1984 4938; x_wconf 89' lang='lat' dir='ltr'><strong>reliquis</strong></span> <span class='ocrx_word' id='word_1_737' title='bbox 2006 4860 2640 4923; x_wconf 90' lang='lat' dir='ltr'><strong>intulitadmirationem.</strong></span> <span class='ocrx_word' id='word_1_738' title='bbox 2662 4866 2965 4924; x_wconf 86' lang='lat' dir='ltr'><strong>Germanus</strong></span> <span class='ocrx_word' id='word_1_739' title='bbox 2983 4861 3364 4917; x_wconf 90' lang='lat' dir='ltr'><strong>sanctissimus</strong></span> 
     </span>
    </p>
   </div>
   <div class='ocr_carea' id='block_1_106' title="bbox 1762 4949 3369 5027">
    <p class='ocr_par' dir='ltr' id='par_1_106' title="bbox 1762 4949 3369 5027">
     <span class='ocr_line' id='line_1_106' title="bbox 1762 4949 3369 5027; baseline -0.007 -12"><span class='ocrx_word' id='word_1_740' title='bbox 1762 4972 1862 5015; x_wconf 91' lang='lat' dir='ltr'><strong>suo</strong></span> <span class='ocrx_word' id='word_1_741' title='bbox 1884 4956 2247 5011; x_wconf 80' lang='lat' dir='ltr'><strong>reverentiam</strong></span> <span class='ocrx_word' id='word_1_742' title='bbox 2273 4953 2564 5013; x_wconf 86' lang='lat' dir='ltr'><strong>vindicans</strong></span> <span class='ocrx_word' id='word_1_743' title='bbox 2588 4956 2730 5025; x_wconf 90' lang='lat' dir='ltr'><strong>loco,</strong></span> <span class='ocrx_word' id='word_1_744' title='bbox 2762 4967 2926 5027; x_wconf 88' lang='lat' dir='ltr'><strong>quam</strong></span> <span class='ocrx_word' id='word_1_745' title='bbox 2948 4949 3048 5006; x_wconf 87' lang='lat' dir='ltr'><strong>sibi</strong></span> <span class='ocrx_word' id='word_1_746' title='bbox 3078 4951 3369 5023; x_wconf 88' lang='lat' dir='ltr'><strong>displicue-</strong></span> 
     </span>
    </p>
   </div>
   <div class='ocr_carea' id='block_1_107' title="bbox 1764 5040 3373 5120">
    <p class='ocr_par' dir='ltr' id='par_1_107' title="bbox 1764 5040 3373 5120">
     <span class='ocr_line' id='line_1_107' title="bbox 1764 5040 3373 5120; baseline -0.009 -11"><span class='ocrx_word' id='word_1_747' title='bbox 1764 5052 1836 5109; x_wconf 90' lang='lat' dir='ltr'><strong>rit</strong></span> <span class='ocrx_word' id='word_1_748' title='bbox 1856 5063 2000 5108; x_wconf 65' lang='lat' dir='ltr'><strong>saeva</strong></span> <span class='ocrx_word' id='word_1_749' title='bbox 2025 5050 2326 5120; x_wconf 88' lang='lat' dir='ltr'><strong>rapacitas,</strong></span> <span class='ocrx_word' id='word_1_750' title='bbox 2351 5046 2642 5108; x_wconf 88' lang='lat' dir='ltr'><strong>evidenter</strong></span> <span class='ocrx_word' id='word_1_751' title='bbox 2667 5044 2963 5109; x_wconf 86' lang='lat' dir='ltr'><strong>admonuit,</strong></span> <span class='ocrx_word' id='word_1_752' title='bbox 2993 5040 3152 5111; x_wconf 90' lang='lat' dir='ltr'><strong>cujus</strong></span> <span class='ocrx_word' id='word_1_753' title='bbox 3176 5044 3373 5099; x_wconf 86' lang='lat' dir='ltr'><strong>vitium</strong></span> 
     </span>
    </p>
   </div>
   <div class='ocr_carea' id='block_1_108' title="bbox 1764 5135 3376 5211">
    <p class='ocr_par' dir='ltr' id='par_1_108' title="bbox 1764 5135 3376 5211">
     <span class='ocr_line' id='line_1_108' title="bbox 1764 5135 3376 5211; baseline -0.014 -4"><span class='ocrx_word' id='word_1_754' title='bbox 1764 5148 1928 5207; x_wconf 87' lang='lat' dir='ltr'><strong>etiam</strong></span> <span class='ocrx_word' id='word_1_755' title='bbox 1971 5142 2031 5198; x_wconf 89' lang='lat' dir='ltr'><strong>in</strong></span> <span class='ocrx_word' id='word_1_756' title='bbox 2087 5142 2282 5199; x_wconf 89' lang='lat' dir='ltr'><strong>avibus</strong></span> <span class='ocrx_word' id='word_1_757' title='bbox 2327 5147 2492 5211; x_wconf 86' lang='lat' dir='ltr'><strong>raptu</strong></span> <span class='ocrx_word' id='word_1_758' title='bbox 2539 5139 2914 5203; x_wconf 86' lang='lat' dir='ltr'><strong>vietitantibus</strong></span> <span class='ocrx_word' id='word_1_759' title='bbox 2957 5144 3069 5190; x_wconf 89' lang='lat' dir='ltr'><strong>tam</strong></span> <span class='ocrx_word' id='word_1_760' title='bbox 3128 5135 3376 5193; x_wconf 82' lang='lat' dir='ltr'><strong>districte</strong></span> 
     </span>
    </p>
   </div>
   <div class='ocr_carea' id='block_1_109' title="bbox 1758 5222 3099 5318">
    <p class='ocr_par' dir='ltr' id='par_1_109' title="bbox 1758 5222 3099 5318">
     <span class='ocr_line' id='line_1_109' title="bbox 1758 5222 3099 5318; baseline -0.004 -22"><span class='ocrx_word' id='word_1_761' title='bbox 1758 5243 2077 5318; x_wconf 87' lang='lat' dir='ltr'><strong>persecutus</strong></span> <span class='ocrx_word' id='word_1_762' title='bbox 2100 5247 2209 5294; x_wconf 87' lang='lat' dir='ltr'><strong>est.</strong></span> <span class='ocrx_word' id='word_1_763' title='bbox 3088 5222 3099 5227; x_wconf 56' lang='grc'>’</span> 
     </span>
    </p>
   </div>
   <div class='ocr_carea' id='block_1_110' title="bbox 1835 5313 3379 5402">
    <p class='ocr_par' dir='ltr' id='par_1_110' title="bbox 1835 5313 3379 5402">
     <span class='ocr_line' id='line_1_110' title="bbox 1835 5313 3379 5402; baseline -0.023 0"><span class='ocrx_word' id='word_1_764' title='bbox 1835 5331 1927 5389; x_wconf 79' lang='grc' dir='ltr'><strong>69ο</strong></span> <span class='ocrx_word' id='word_1_765' title='bbox 1957 5327 2021 5385; x_wconf 73' lang='grc' dir='ltr'><strong>ιη</strong></span> <span class='ocrx_word' id='word_1_766' title='bbox 2054 5329 2312 5402; x_wconf 69' lang='grc' dir='ltr'><strong>Ρθτὶιιτοε</strong></span> <span class='ocrx_word' id='word_1_767' title='bbox 2354 5338 2583 5400; x_wconf 75' lang='lat' dir='ltr'><strong>quoque</strong></span> <span class='ocrx_word' id='word_1_768' title='bbox 2611 5340 2794 5389; x_wconf 89' lang='lat' dir='ltr'><strong>tantus</strong></span> <span class='ocrx_word' id='word_1_769' title='bbox 2819 5320 3006 5381; x_wconf 80' lang='lat' dir='ltr'><strong>existit</strong></span> <span class='ocrx_word' id='word_1_770' title='bbox 3029 5317 3201 5385; x_wconf 85' lang='lat' dir='ltr'><strong>ultor,</strong></span> <span class='ocrx_word' id='word_1_771' title='bbox 3231 5325 3291 5371; x_wconf 90' lang='lat' dir='ltr'><strong>ut</strong></span> <span class='ocrx_word' id='word_1_772' title='bbox 3318 5313 3379 5369; x_wconf 83' lang='lat' dir='ltr'><strong>in</strong></span> 
     </span>
    </p>
   </div>
  </div>
