3876 5416
456 363 597 422 1259

1477 346 1706 405 HERlCI
1744 341 2049 401 MONAClll
2088 331 2741 396 ANTISSIODORENSIS

3599 323 3729 379 me

453 478 611 534 altari
640 473 756 543 ejus
783 469 1020 527 basilica:
1045 483 1206 526 nemo
1241 466 1456 532 audeat,
1487 480 1556 520 ne
1576 478 1764 519 verum
1799 459 2037 532 quidem,
2066 458 2119 520 Α
2143 451 2317 516 exuit,
2345 464 2533 504 verum
2559 445 2718 500 etiam
2765 456 2797 497 a
2837 437 3208 512 periculorum
3246 433 3567 492 incursione
3591 449 3732 489 com-

447 569 761 638 juramento
800 576 1080 634 peragere.
1129 559 1199 614 At
1247 557 1432 628 si-qui
1478 554 1668 610 saltem
1701 555 1754 608 in
1799 549 2043 607 ecclesiae

447 662 614 733 janua
642 658 827 728 jurare
873 661 1171 717 tentarunt,
1214 648 1510 706 inevitabili
1537 663 1661 702 mox
1689 645 1892 700 ultione
1921 658 2044 714 per-

455 751 592 806 culsi
623 749 1036 819 exspiraverunt
1067 743 1156 798 alii
1182 759 1196 810 ;
1229 743 1320 796 alii
1368 739 1662 795 imbecilles
1705 734 1898 798 eﬂ‘ecti,
1929 748 2046 805 per-

453 853 617 913 petuo
671 840 912 910 profanis
962 837 1184 892 ausibus
1227 850 1418 906 poenas
1479 833 1676 887 dedere
1719 827 2042 901 praecipites.

457 935 601 990 Caici
631 935 745 1004 ipso
773 935 824 988 in
851 932 971 988 loco
999 931 1178 985 lumen
1210 939 1600 997 recuperavere
1637 919 2044 994 quamplurimi,

457 1025 632 1080 claudi
685 1039 952 1092 gressum,
998 1020 1198 1091 leprosi
1252 1019 1467 1090 polluta:
1512 1015 1651 1070 cutis
1698 1011 2042 1075 munditiam,

461 1117 769 1187 frigoritici,
801 1114 860 1188 (i.
888 1132 935 1169 e.
970 1111 1363 1181 febricitantes)
1391 1109 1725 1178 sospitatem.
1750 1104 1876 1160 Hmc
1901 1117 2048 1158 com-

457 1209 655 1280 pendio
686 1207 993 1278 tetigimus,
1026 1219 1093 1259 ne
1139 1204 1288 1258 locus
1331 1198 1661 1270 quotidianis
1692 1195 1897 1250 illuster
1921 1191 2044 1265 [al.,

457 1298 706 1372 illustris]
737 1297 1035 1363 beneficiis,
1057 1295 1364 1365 excipiatur
1392 1293 1460 1346 ab
1481 1290 1653 1344 ofﬁcio
1682 1296 1878 1342 nostrae
1901 1300 2049 1340 com-

459 1389 888 1445 memorationis.
905 1386 1171 1443 Carterum
1197 1385 1250 1438 in
1279 1383 1410 1438 locis
1430 1377 1854 1438 Cinomannicis,
1871 1375 2050 1429 Ande-

463 1481 922 1553 gavinisquoque,
953 1494 1016 1534 ac
1031 1475 1368 1532 Baiocasinis
1398 1487 1422 1514 α
1452 1471 1755 1528 certissime
1777 1475 2047 1533 asserunt,

459 1573 757 1628 beatissimi
787 1570 1043 1627 Germani
1072 1569 1300 1640 gloriam
1345 1582 1482 1637 pene
1517 1561 1788 1633 copiosius
1812 1561 1879 1616 ab
1901 1557 2048 1613 omni

461 1663 658 1733 pepulo
694 1661 966 1725 venerari,
1013 1675 1177 1730 quam
1219 1658 1287 1728 (si
1317 1656 1426 1711 dici
1475 1655 1657 1724 liceat)
1707 1667 1815 1722 quo
1862 1657 2050 1706 sancta

461 1756 578 1825 ejus
626 1756 871 1810 membra
901 1753 1162 1808 recubant
1210 1749 1505 1813 tumulata;
1551 1749 1684 1802 adeo
1731 1754 1791 1800 ut
1836 1742 2070 1799 infinita

2144 542 2339 600 munit.
2386 539 2643 595 Novimus
2672 536 2758 592 his
2787 535 2840 590 in
2871 533 3004 589 locis
3049 527 3340 587 nonnullas
3367 527 3491 599 ejus
3532 527 3734 582 honore

2143 634 2413 698 basilicas,
2438 633 2492 687 in
2514 630 2710 701 quibus
2728 626 2830 683 olei
2852 625 3046 681 crebro
3072 636 3302 678 manare
3325 617 3733 691 pinguedinem,

2145 737 2200 785 et
2228 725 2472 782 miraculi
2501 722 2824 794 frequentia,
2853 727 2906 774 et
2935 716 3234 772 multorum
3263 710 3589 770 testimonio
3618 725 3739 765 cim-

2146 821 2414 876 tirmatur.
2465 815 2541 872 De
2585 813 2826 870 febribus
2863 808 3132 882 pellendis
3181 815 3497 862 memorare
3547 800 3737 870 aliquid

2146 908 2478 982 superﬂuum
2505 905 2781 968 ducimus;
2826 900 3043 972 quando
3069 898 3177 953 hoc
3205 893 3548 952 beneficium
3577 891 3741 962 quoti-

2147 1001 2368 1055 dianum
2413 1013 2521 1053 non
2571 995 2686 1066 jam
2734 989 2996 1048 miraculo
3041 989 3282 1044 ducitur.
3331 983 3491 1040 Alias
3538 995 3742 1052 quoque

2146 1091 2349 1147 scimus
2377 1103 2475 1159 per
2499 1085 2739 1156 ejusdem
2772 1079 3074 1138 solitudinis
3095 1088 3251 1134 vasta
3275 1075 3525 1140 diffusas,
3561 1072 3742 1142 quibus

2147 1190 2351 1253 quanto
2372 1180 2552 1235 minor
2577 1177 2646 1232 ab
2671 1175 2889 1232 homine
2913 1173 3090 1230 cultus
3121 1168 3490 1242 impenditur,
3523 1175 3670 1220 tanto
3694 1164 3740 1220 in

2149 1278 2226 1333 eis
2251 1275 2550 1333 divinitatis
2570 1269 2856 1342 praesentia
2883 1267 3062 1338 potior
3086 1263 3424 1321 declaratur.

2221 1370 2307 1424 72.
2339 1368 2474 1423 Nam
2503 1376 2557 1422 et
2583 1363 2872 1420 luminaria
2912 1361 2959 1417 si
2991 1369 3088 1414 aut
3117 1356 3332 1413 tardius
3358 1351 3602 1408 accendi
3635 1365 3743 1406 cuu-

2151 1462 2353 1535 tigerit,
2391 1469 2484 1514 aut
2515 1472 2742 1514 accensa
2772 1452 3063 1522 exstingui,
3115 1459 3511 1520 sapenumero
3561 1442 3736 1512 depre-

2150 1554 2320 1610 hensa
2342 1559 2468 1607 sunt
2488 1549 2598 1606 illic
2621 1547 2834 1604 caelitus
2861 1537 3206 1605 inflammari;
3234 1537 3398 1609 signa
3427 1548 3651 1606 quoque
3671 1547 3744 1588 ec-

2150 1645 2330 1702 clesia:
2376 1643 2667 1707 interdum,
2697 1637 2846 1694 nullo
2883 1634 3152 1708 pulsante,
3183 1627 3454 1686 sonantia
3501 1623 3745 1697 periatlo-

2152 1751 2267 1791 sam
2313 1733 2594 1790 custodum
2651 1726 3030 1802 negligentiam
3086 1737 3250 1794 erga
3287 1718 3524 1776 divinas
3608 1716 3744 1770 haras

464 1845 749 1910 miracula,
780 1861 877 1916 per
903 1860 1028 1898 eum
1050 1844 1103 1899 in
1133 1844 1218 1898 his
1239 1850 1450 1913 patrata
1495 1839 1822 1910 regionibus,
1848 1851 1916 1891 ne
1935 1849 2054 1889 ver—
2083 1837 2130 1897 Β
2157 1836 2458 1898 spontaneo
2483 1823 2664 1880 officio
2693 1821 2993 1889 increpare.
3025 1813 3100 1870 Ut
3137 1813 3324 1886 palam
3353 1810 3628 1873 emineat,
3653 1822 3746 1862 ces-

465 1935 550 1989 bis
573 1935 790 2004 quidem
822 1935 1036 2006 attingi,
1072 1933 1268 1989 nedum
1294 1931 1506 2003 paginis
1528 1929 1691 1985 inseri
1722 1926 1958 1982 valeant.

543 2029 561 2077 ῖ
574 2030 626 2079 0.
657 2026 764 2080 Nec
792 2036 994 2081 temere
1035 2024 1496 2097 praetereundum,
1529 2021 1672 2091 quod
1701 2017 2055 2090 portiunculae

466 2136 531 2174 ex
557 2119 730 2174 loculo
751 2119 890 2173 sacri
913 2119 1157 2190 corporis
1179 2133 1278 2188 pro
1304 2115 1546 2186 reliquiis
1562 2115 1722 2179 datae,
1749 2111 2057 2168 ctelestibus

469 2211 738 2265 interdum
768 2209 1015 2265 claruere
1037 2208 1315 2264 miraculis
1338 2226 1350 2264 :
1376 2220 1608 2276 namque
1627 2203 1820 2259 illustri
1841 2202 2058 2258 cuidam

468 2301 609 2365 viro,
640 2301 783 2356 beati
809 2299 1061 2355 Germani
1080 2299 1333 2368 reliquias
1351 2295 1662 2368 postulanti,
1693 2292 1923 2348 astulam
1945 2291 1974 2332 ι’
1991 2306 2058 2346 ex

471 2408 749 2462 cupresso,
775 2393 1162 2462 quaquomlam
1188 2405 1406 2448 sacrqu
1439 2388 1720 2460 tegebatur
1747 2400 1964 2454 corpus,
1991 2383 2060 2439 ab

474 2483 784 2540 arcliiclavo
806 2483 1003 2557 [vulgo,
1035 2481 1396 2556 thesaurario]
1433 2480 1674 2538 ecclesiae
1714 2475 2060 2532 meminimus

473 2577 640 2632 fuisse
663 2591 996 2632 concessam.
1013 2575 1105 2631 llle
1116 2591 1325 2631 summa
1343 2590 1464 2630 cum
1483 2571 1767 2627 devotione
1790 2567 2056 2638 suscepit;

473 2680 529 2726 et
545 2671 596 2724 in
613 2670 983 2740 superioribus
995 2669 1239 2741 partibus
1253 2663 1744 2723 Antissiodorensis
1762 2662 1882 2734 pagi
1901 2662 1952 2716 in
1971 2675 2061 2731 pa-

478 2764 730 2820 trimonio
743 2765 1011 2834 suo,quod
1027 2763 1324 2818 Heldinnus
1337 2761 1554 2826 dicitur,
1572 2757 1869 2814 oratorium
1886 2753 2062 2811 sancti

476 2858 722 2928 prmsulis
748 2859 954 2914 honore
979 2855 1306 2913 construxit.
1325 2855 1440 2911 Huc
1457 2870 1515 2910 se
1528 2853 1763 2924 quadam
1785 2850 1872 2906 die
1884 2847 2062 2920 puella

475 2953 722 3028 quaedam
750 2951 959 3022 reptilis
983 2949 1232 3014 contulit,
1261 2962 1426 3018 quam
1462 2946 1534 3000 ita
1558 2943 1840 3000 horrendae
1867 2941 1949 2997 vis
1970 2941 2064 2994 de-

478 3043 707 3098 bilitatis
734 3043 991 3098 affecerat
1012 3083 1027 3108 ,
1052 3049 1112 3095 ut
1140 3040 1391 3097 cruribus
1415 3037 1735 3102 contractis,
1758 3043 1813 3090 et
1839 3033 2064 3106 pedibus

482 3141 632 3188 retro
653 3133 918 3197 distortis,
945 3133 1253 3188 universam
1282 3131 1528 3187 incessus
1545 3129 1594 3184 ei
1619 3127 1832 3199 penitus
1857 3124 2066 3194 abjura-

477 3223 617 3276 verit
662 3221 991 3278 facultatem.
1039 3222 1165 3279 Haec
1209 3219 1521 3294 aliquandiu
1571 3198 1714 3275 intra
1761 3219 2056 3274 oratorium
2086 3198 2134 3264 C

478 3327 835 3382 commorata,
864 3331 986 3372 cum
1028 3331 1087 3373 se
1127 3317 1360 3372 orationi
1392 3324 1764 3386 exprompttus
1794 3311 2066 3382 implicas-

478 3416 584 3473 set,
635 3407 709 3462 ita
752 3407 1044 3478 derepente
1069 3409 1450 3480 iuncturarum
1496 3423 1560 3463 ac
1607 3420 1897 3462 nervorum
1949 3402 2068 3473 ejus

478 3514 770 3570 compages
801 3500 1168 3566 dissiluerunt,
1200 3509 1261 3556 ut
1289 3501 1626 3557 confractum
1655 3497 1858 3568 aliquid
1880 3497 1935 3553 in
1963 3496 2070 3551 fru-

479 3598 562 3646 sta
592 3591 823 3647 cessisse
862 3601 1117 3661 putares;
1149 3593 1264 3662 ipsa
1306 3605 1521 3662 quoque
1561 3589 1914 3646 articulorum
1943 3601 2068 3644 ossa

483 3682 771 3738 transcorii
821 3684 1141 3738 densitatem
1174 3683 1308 3738 adeo
1349 3681 1614 3737 violenter
1657 3695 1780 3735 cum
1809 3678 2072 3750 sanguine

483 3781 870 3842 proruperunt,
893 3787 956 3826 ac
982 3773 1026 3827 si
1056 3773 1288 3828 admotis
1312 3772 1536 3827 totidem
1570 3770 1790 3842 spiculis
1813 3769 2071 3826 miseram

483 3873 663 3919 cutem
697 3877 952 3919 cerneres
977 3862 1241 3935 perforari
1266 3881 1279 3918 :
1303 3879 1368 3919 ac
1397 3873 1510 3919 tum
1551 3863 1769 3932 quidem
1808 3862 2073 3919 exanimis

483 3970 624 4026 pene
651 3955 812 4020 facta,
845 3956 1005 4026 paulo
1043 3963 1167 4027 post
1194 3957 1426 4026 receptis
1457 3955 1666 4021 ofﬁciis,
1707 3957 1812 4012 huc
1840 3955 2075 4025 illucque

485 4045 858 4111 deambulans,
897 4046 1082 4118 ingens
1126 4043 1279 4118 longe
1304 4047 1519 4117 lateque
1543 4047 1872 4118 praeconium
1910 4045 2075 4102 mira-

489 4135 612 4191 culo
639 4136 929 4192 dedicavit.
957 4137 1094 4193 Exin
1123 4138 1274 4195 locus
1303 4139 1391 4195 ille
1419 4149 1474 4196 et
1501 4140 1793 4196 virtutibus
1819 4137 2074 4210 frequens

489 4237 544 4284 et
573 4231 927 4286 conventibus
975 4230 1208 4299 celeber,
1259 4232 1547 4304 specialem
1578 4234 1718 4304 apud
1765 4249 1826 4290 se
1860 4245 2078 4305 quoque

493 4323 855 4378 reverentiam
885 4324 1068 4381 divino
1108 4324 1275 4380 cultui
1297 4325 1614 4382 vindicavit.

561 4435 649 4491 71.
677 4437 1051 4495 Morvennicos
1077 4439 1246 4495 saltus
1276 4451 1299 4479 ο
1331 4440 1635 4508 bujusmodi
1664 4441 1919 4498 oratoriis
1956 4455 2078 4498 esse

488 4527 718 4584 refertos
740 4529 963 4595 nemini,
992 4531 1094 4587 nisi
1121 4531 1362 4588 locorum
1392 4533 1582 4599 inscio,
1607 4533 1938 4605 incognitum
1957 4543 2072 4601 est;

491 4620 690 4690 quippe
717 4635 838 4690 quin
876 4628 1090 4676 constat
1115 4621 1251 4677 adeo
1275 4635 1394 4677 esse
1419 4620 1648 4688 famosa,
1678 4631 1740 4678 ut
1766 4631 1958 4678 cuncta
1990 4622 2079 4678 iti-

490 4710 682 4765 nerum
733 4711 1081 4780 ambiguitas,
1115 4727 1237 4782 qua:
1276 4727 1374 4784 per
1415 4713 1687 4770 silvestria
1719 4723 1899 4785 potest
1941 4713 2077 4768 inci-

493 4801 642 4863 dere,
676 4803 868 4857 borum
898 4803 1119 4859 notione
1137 4803 1400 4870 locorum,
1431 4805 1585 4875 quasi
1613 4805 1847 4876 quodam
1869 4805 2080 4875 lapideo

494 4892 768 4958 milliario,
793 4895 1116 4949 declaretur.
1141 4894 1219 4950 Ita
1241 4895 1544 4952 Germanus
1566 4897 1910 4953 beatissimus
1937 4895 2080 4952 felici

496 4982 800 5052 patrocinio
852 4986 1161 5057 praevioque
1215 4989 1413 5044 ducatu
1463 4989 1657 5046 itinera
1707 4990 1912 5062 dirigit,
1961 4991 2078 5050 vias

496 5073 793 5140 componit,
825 5077 1195 5145 gradientibus
1239 5080 1508 5146 subvenit,
1555 5097 1656 5138 nec
1685 5082 1860 5139 solum
1892 5096 2081 5139 errore

571 5228 776 5304 sNota
816 5233 956 5304 satis
1014 5235 1126 5288 haec
1181 5236 1452 5290 territoria
1506 5245 1631 5291 sunt
1687 5235 2079 5304 Bajocasinum,

499 5302 662 5375 ξηρςο
704 5301 767 5356 de
811 5301 1063 5375 Baycux,
1113 5305 1164 5375 in
1221 5305 1578 5371 Normannia;
1621 5301 2080 5372 Cenomanicum,

502 5373 869 5416 Nnrmnnnim-
911 5374 986 5416 Illi
1020 5374 1147 5416 dixi-
1184 5375 1490 5416 adhmrnnc-
1539 5380 1611 5416 uti
1641 5390 1687 5416 nl
1721 5377 2084 5416 nnnnmnninn

2155 1927 2309 1974 sante
2333 1915 2607 1988 diligentia
2631 1911 2933 1977 hominum,
2955 1923 3064 1963 non
3086 1906 3283 1963 abesse
3313 1904 3450 1961 loco
3473 1902 3745 1958 custodian

2156 2007 2488 2078 angelorum.
2511 2003 2623 2060 Nec
2641 2018 2772 2059 vero
2800 1998 3199 2071 aspernandum
3227 2004 3344 2062 est,
3368 1995 3420 2050 si
3446 1993 3656 2065 magnis
3673 1992 3745 2047 Dei

2157 2097 2434 2156 beneficiis
2470 2095 2634 2152 etiam
2683 2093 2905 2149 minima
2952 2090 3267 2146 inserantur
3293 2105 3310 2140 :
3353 2094 3525 2140 tanta
3576 2084 3746 2137 etsuis

2158 2191 2482 2248 auctoritate
2525 2189 2716 2244 beatus
2743 2184 3048 2242 Germanus
3093 2195 3183 2236 res
3213 2180 3288 2234 ad
3335 2193 3402 2234 se
3437 2175 3746 2246 pertinentes

2159 2284 2322 2338 etiam
2353 2299 2382 2336 a
2419 2279 2607 2336 bestiis
2649 2275 2913 2349 protegit;
2955 2283 3035 2338 ut,
3066 2272 3113 2329 si
3157 2271 3303 2326 forte
3341 2268 3548 2339 vulpes
3593 2269 3666 2334 (ut
3703 2279 3747 2318 se

2159 2375 2362 2432 habent
2383 2369 2675 2442 silvestria)
2700 2368 2950 2440 gallinam
2973 2364 3276 2422 sacerdotis
3303 2360 3606 2423 invaserit,
3629 2365 3746 2427 rapto

2160 2466 2323 2539 potiri
2354 2463 2498 2520 nulla
2529 2463 2738 2518 ratione
2762 2460 3001 2521 sinatur;
3032 2456 3165 2527 quin
3191 2453 3386 2525 potius
3421 2450 3554 2506 loco
3581 2447 3742 2509 deﬁn,

2159 2551 2264 2616 nec
2290 2557 2528 2630 fugiendi
2554 2555 2783 2625 copiam,
2815 2567 2914 2608 nec
2934 2548 3163 2606 laedendi
3186 2547 3402 2625 habeat
3439 2542 3744 2603 facultatem;

2161 2651 2330 2706 donec
2350 2624 2707 2719 'superventu
2757 2643 3040 2699 hominum
3096 2654 3224 2695 cum
3259 2624 3540 2708 praedone
3584 2633 3749 2704 pariter

2159 2740 2340 2814 przeda
2371 2738 2632 2809 capiatur.
2664 2735 2788 2806 Agit
2822 2734 2926 2789 hoc
2955 2731 3246 2801 dignanter
3280 2728 3340 2783 in
3378 2726 3652 2789 minimis,
3677 2721 3745 2792 qui

2163 2832 2397 2888 maxima
2423 2844 2650 2901 quaeque
2675 2835 2925 2899 potenter
2943 2831 3200 2894 operatur
3219 2821 3277 2876 in
3304 2817 3561 2890 magnis,
3586 2815 3753 2886 quiqu

2163 2921 2482 2979 universalis
2505 2929 2712 2974 naturze
2729 2927 2786 2973 et
2799 2915 3048 2974 conditor
3066 2923 3123 2970 et
3144 2913 3506 2976 moderator,
3532 2922 3603 2964 ne
3618 2917 3751 2962 nam

2163 3015 2378 3087 quidem
2406 3025 2680 3084 passerem
2709 3023 2866 3067 casso
2890 3007 3072 3080 perire
3096 3001 3394 3078 permittit.

2768 3137 2996 3197 CAPUT
3034 3135 3146 3193 VII.

2170 3245 2438 3304 Miracula
2479 3245 2623 3317 facta
2651 3241 2792 3314 apud
2817 3239 3105 3296 coenobium
3133 3234 3192 3294 S.
3218 3233 3510 3304 Germani,
3541 3229 3752 3299 Ionid-

2843 3324 3081 3366 canente.

2239 3433 2328 3488 75.
2355 3429 2608 3487 Falconis
2648 3434 2887 3484 montem
2912 3423 2940 3464 ά
2970 3437 3036 3478 ex
3081 3421 3310 3491 antiquo
3358 3426 3623 3476 vomitum
3661 3429 3751 3472 ιω

2169 3525 2292 3597 jure
2320 3520 2696 3594 pmterierim,
2735 3532 2804 3572 ne
2830 3515 3007 3572 locum
3040 3512 3282 3570 nobilem
3310 3510 3753 3583 frequentarique

2172 3617 2486 3681 virtutibus,
2531 3625 2641 3668 tam
2671 3609 3028 3683 negligenter,
3083 3621 3244 3678 quam
3290 3603 3573 3662 obliviose
3597 3602 3757 3658 videar

2173 3705 2560 3778 suppressisse.
2589 3701 2648 3757 ld
2671 3698 2980 3756 coenobium
3010 3694 3315 3754 beatissimi
3343 3693 3616 3750 Germani
3638 3705 3755 3763 pra-

2173 3797 2378 3854 celsum
2406 3793 2638 3858 meritis,
2670 3799 2731 3846 ut
2756 3789 3058 3845 illustratur
3082 3786 3324 3850 nomine,
3359 3784 3440 3840 ita
3488 3781 3758 3839 virtutibus

2173 3895 2506 3952 exornatur;
2534 3883 2702 3939 multa
2730 3881 2804 3936 ibi
2828 3882 3107 3952 signorum
3147 3877 3346 3949 gloria,
3372 3875 3553 3930 multa
3582 3883 3758 3930 morta-

2175 3981 2320 4038 libus
2333 3995 2364 4035 e
2385 3977 2525 4035 caelo
2544 3974 2898 4033 conferuntur
2914 3970 3181 4029 beneficia
3198 3987 3214 4037 ;
3231 3969 3306 4024 ibi
3329 3969 3519 4024 visum
3542 3966 3754 4028 cadus,

2177 4073 2428 4131 debilitas
2469 4069 2886 4142 reparationem,
2937 4065 3180 4120 auditum
3211 4063 3419 4119 surdus
3467 4060 3759 4131 frequenta

2177 4163 2428 4229 emeruit,
2453 4159 2722 4234 frigoricis
2737 4172 2901 4229 quam
2923 4155 3092 4211 multa
3112 4168 3180 4209 ex
3198 4153 3510 4223 improviso
3529 4157 3760 4223 percepta

2178 4256 2450 4322 remedia;
2484 4255 2570 4310 his
2601 4267 2764 4324 quam
2810 4249 3065 4315 maxime,
3096 4246 3192 4318 qui
3238 4255 3524 4317 quartano
3564 4243 3760 4300 decum-

2177 4348 2368 4403 bentes
2425 4341 2787 4406 incommodo,
2819 4338 3029 4394 acriora
3078 4334 3316 4392 febrium
3375 4333 3760 4390 concitamenta

2181 4449 2421 4493 sensere.
2449 4433 2581 4489 Illud
2610 4448 2714 4488 non
2745 4428 3103 4493 reticendum,
3129 4434 3335 4498 quanta
3371 4426 3429 4480 in
3460 4433 3760 4496 pervasere:

2179 4527 2284 4583 loci
2311 4525 2552 4582 vindicta
2578 4522 2866 4588 desaeviat;
2896 4519 3094 4590 quibus
3118 4517 3176 4572 in
3207 4515 3328 4572 loco
3353 4523 3572 4570 temere
3593 4525 3763 4584 perpe-

2186 4630 2361 4678 trasse
2388 4618 2612 4688 aliquid,
2664 4622 2897 4671 mortem
2942 4611 3045 4668 sibi
3077 4607 3420 4666 conscivisse
3469 4604 3623 4662 fuit:
3651 4616 3761 4658 nan

2186 4716 2235 4772 si
2260 4714 2382 4787 quis
2426 4711 2557 4768 inibi
2583 4719 2677 4766 aut
2703 4705 2972 4765 dominari
3005 4719 3103 4775 per
3132 4702 3513 4775 tyrannidem,
3543 4707 3635 4754 aut
3659 4709 3762 4752 cna

2188 4806 2422 4865 ctenobii
2454 4803 2659 4859 familia
2687 4801 2884 4858 saevius
2906 4812 3088 4869 agere,
3122 4804 3218 4850 aut
3235 4809 3425 4851 rerum
3451 4789 3764 4850 ecclesiam-

2187 4916 2376 4959 carutn
2401 4913 2659 4971 pervasor
2686 4910 2806 4951 esse
2836 4891 3146 4955 tentaverit,
3179 4889 3310 4944 huic
3341 4902 3454 4943 non
3484 4888 3541 4941 in
3567 4885 3764 4955 longum

2189 4989 2436 5048 differtur
2468 4986 2630 5052 ultio;
2663 4998 2852 5039 verum
2901 4995 3062 5051 quam
3093 4977 3362 5033 citissiino
3403 4984 3658 5046 raptatus
3701 4973 3765 5025 in-

2185 5082 2370 5148 teritu,
2394 5078 2666 5150 sacrilegae
2691 5071 3010 5132 temeritatis
3036 5085 3070 5126 e
3093 5069 3323 5140 vestigio
3356 5081 3559 5138 poenas
3586 5065 3700 5120 luit.
3721 5062 3764 5117 la

2184 5237 2386 5294 Notitia
2415 5233 2730 5294 Galliarum,
2753 5239 2806 5286 et
2828 5227 3019 5294 partim
3051 5226 3228 5295 inquit
3263 5223 3591 5295 Magnenti
3618 5236 3757 5291 page.

2185 5308 2375 5379 partim
2395 5305 2626 5379 dominio
2655 5293 2839 5379 Cestri
2871 5296 3038 5379 Cettin
3058 5293 3629 5379 .(Chateau-Cminort),
3661 5306 3763 5361 ρα-

2191 5367 2281 5416 }Sm
2308 5376 2462 5416 plinm
2511 5373 2829 5416 Rnrlmndim
2855 5367 3180 5416 attribuitur.
