3876 5416
117 275 258 333 1241

1121 279 1209 339 DE
1244 283 1615 342 MIRACULIS
1652 285 1710 341 S.
1750 284 2080 349 GERMANI.
2122 324 2189 335 —
2226 295 2354 351 LIB.
2396 296 2438 352 1.

3250 303 3396 358 I243

119 393 264 464 apud
291 399 518 450 cunctos
544 392 645 450 loci
675 394 880 453 incolas
902 397 1284 466 certissimum,
1315 413 1706 475 expertumque
1731 408 1783 468 Α
1809 419 1968 466 cant:
1994 427 2115 482 quae
2136 429 2223 470 res
2243 415 2504 470 saevitiam
2527 415 2760 471 hominis
2776 431 2880 472 non
2903 415 3074 473 solum
3095 432 3202 473 non
3220 418 3392 485 leniit,

119 494 236 548 est;
286 497 341 540 et
369 495 622 558 tanquam
670 488 916 544 naturale
947 500 1195 548 versatur
1235 493 1289 548 in
1334 511 1430 551 ore
1483 511 1706 566 prover-

116 575 292 643 bium,
325 593 470 644 eum,
502 580 595 651 qui
631 589 823 637 sancto
853 597 959 638 non
994 583 1236 640 timuerit
1283 587 1550 643 violentus
1584 605 1707 645 esse

113 668 414 737 Germano,
459 681 552 726 aut
605 675 848 732 trucibus
888 675 1134 746 luporum
1181 680 1432 736 dentibus
1475 683 1704 749 conteri,

115 772 217 817 aut
237 763 399 819 Mosxe
443 763 678 822 fluminis
716 769 904 838 rapido
944 772 1156 843 gurgite
1197 773 1572 832 incunctanter
1614 776 1709 832 ab-

111 855 284 909 sumi.
312 854 423 912 Hac
437 855 567 926 justi
591 856 797 916 Judicis
823 861 1225 932 diSpensatione
1245 866 1502 934 mirabili,
1530 876 1586 924 et
1607 869 1710 938 piis
1762 860 1764 862 ’

106 949 175 1004 in
213 962 460 1006 sanctum
492 953 703 1010 Domini
728 957 929 1012 amoris
953 955 1186 1026 aﬂ‘ectio,
1211 970 1268 1016 et
1292 961 1554 1033 improbis
1578 963 1705 1034 quio

111 1041 330 1113 busqne
373 1044 426 1099 in
456 1047 767 1103 resecandis
795 1049 1017 1104 ausibus
1048 1051 1258 1107 timoris
1305 1053 1570 1127 ingeritur
1597 1069 1709 1109 ma-

112 1136 364 1207 gnitudo.
388 1138 626 1194 Audiant
652 1140 782 1196 talia
804 1143 986 1198 saeculi
1023 1153 1346 1214 potestates;
1388 1146 1708 1217 discantque

111 1227 378 1282 damnum
428 1229 675 1286 ecclesiis
701 1247 805 1288 non
853 1233 1215 1300 inferendum,
1245 1238 1482 1294 scientes
1517 1239 1708 1295 certis-

110 1319 257 1376 sime
285 1321 457 1378 Deum
501 1323 558 1379 in
605 1339 826 1381 suorum
869 1325 1084 1400 injuriis
1130 1329 1398 1386 vindicem
1436 1345 1557 1388 esse
1594 1346 1709 1387 ser-

109 1423 331 1466 vorum.

184 1503 278 1558 74.
312 1501 544 1572 Quidam
566 1517 830 1578 praeterea
853 1509 941 1566 fur
976 1512 1332 1569 ecclesiarum
1377 1513 1710 1570 eli‘ractioni-

109 1598 220 1655 bus
236 1609 505 1666 assuetus,
522 1601 802 1672 praefatam
823 1604 968 1660 beati
989 1604 1170 1662 Patris
1182 1606 1484 1672 basilicam,
1499 1606 1708 1664 fraudis

109 1693 520 1763 opportunitate
545 1703 782 1766 captata,
831 1696 1170 1765 subintrans,
1217 1715 1475 1756 coronam
1521 1715 1707 1773 argen-

1807 515 1996 556 verum
2039 504 2286 560 acerbius
2315 506 2642 575 provocavit.
2693 505 2937 578 Cumque
2972 509 3084 578 jam
3136 509 3395 566 miserum

1808 594 1876 649 ad
1902 597 2162 667 supplicia
2191 597 2427 654 violenta
2461 607 2757 669 raptarent,
2801 601 2944 656 beati
2968 600 3224 658 Germani
3251 617 3393 673 prae-

1808 687 2002 743 sidium
2030 690 2206 746 anxiis
2243 692 2407 761 cmpit
2451 692 2673 762 vocibus
2722 693 3039 749 inclamare.
3069 692 3242 749 Judex
3272 692 3397 750 felle

1808 793 2115 850 commoto;
2149 784 2262 840 Etsi
2292 795 2530 854 sanctus,
2568 787 2668 853 ait,
2699 786 3003 844 Germanus
3027 787 3128 844 hac
3155 787 3251 844 tibi
3279 786 3399 844 vice

1809 889 1937 930 mox
1963 875 2294 942 subvenerit,
2324 878 2452 948 quid
2486 879 2696 948 possint
2717 879 2944 936 verbera
2968 889 3060 937 tuo
3090 881 3259 952 ipsius
3295 896 3393 937 ex-

1807 968 2020 1039 periere
2072 969 2352 1040 supplicio.
2419 969 2518 1026 Vix
2562 971 2666 1028 ista
2690 973 3082 1044 compleverat;
3115 982 3171 1030 et
3196 975 3248 1029 in
3271 989 3397 1044 par-

1811 1069 1919 1115 tem
1949 1076 2265 1126 conversus,
2312 1064 2630 1132 gravissime
2673 1067 2912 1133 corruit,
2945 1083 3009 1123 ac
3035 1067 3398 1122 temeritatem

1808 1156 2098 1210 verborum
2128 1155 2452 1228 crurifragio
2504 1159 2893 1230 compensavit.
2937 1159 3016 1213 Ita
3045 1157 3238 1214 beatus
3263 1155 3402 1214 Ger-

1808 1261 2002 1302 manus
2039 1261 2098 1302 se
2130 1246 2298 1303 fuisse
2326 1249 2806 1318 przesentissimum
2836 1249 3161 1314 declaravit;
3193 1248 3318 1304 dum
3344 1253 3402 1302 et

1808 1341 2066 1396 miserum
2097 1339 2433 1396 absolutione
2454 1341 2691 1407 donavit,
2719 1349 2776 1398 et
2797 1350 3170 1400 contumacem
3201 1339 3398 1396 merita

1808 1433 2132 1489 contritione
2175 1435 2500 1507 perdomuit.
2556 1434 2798 1507 Cumque
2843 1450 2961 1492 rem
3003 1443 3208 1508 gestam
3253 1433 3400 1489 celer

1810 1524 2008 1594 ubique
2037 1525 2178 1580 fama
2214 1525 2570 1598 dispergeret,
2604 1539 2850 1584 matrona
2889 1529 3136 1600 quaedam
3180 1543 3248 1582 ex
3279 1526 3400 1582 illu-

1807 1614 2035 1681 stribus,
2081 1614 2384 1684 bujusmodi
2429 1619 2645 1690 negotio
2693 1618 2953 1675 relatione
2997 1629 3300 1688 comperto,
3345 1618 3400 1672 in

1807 1712 2077 1761 tumorem
2117 1708 2372 1778 erigitur;
2415 1725 2479 1765 ac
2528 1709 2781 1766 frivolum
2825 1710 3066 1766 animum
3103 1708 3401 1764 incendens

111 1793 262 1842 team
290 1795 420 1843 ante
447 1787 617 1844 altare
643 1789 968 1859 pendentem
999 1790 1236 1847 demisso
1262 1791 1390 1847 fune
1415 1791 1701 1863 deposuit;
1731 1783 1780 1843 B
1809 1799 2027 1856 levitate
2070 1801 2377 1866 verborum,
2411 1803 2464 1858 in
2494 1803 2796 1872 bujusmodi
2841 1803 3118 1874 querelam
3144 1801 3398 1868 effertur;
3475 1783 3477 1785 1

111 1892 280 1950 quam
312 1888 375 1936 ut
397 1880 640 1950 profanis
674 1881 926 1936 manibus
950 1882 1380 1953 comprehendit,
1413 1883 1487 1938 ita
1516 1884 1707 1940 divini-

113 1978 204 2026 tus
231 1968 352 2026 loco
380 1970 590 2026 defixus
633 1981 740 2038 est,
765 1983 828 2026 ut
869 1987 971 2027 nec
1013 1975 1205 2044 pedem
1249 1974 1573 2041 subducere,
1605 1991 1709 2032 nec

111 2079 312 2120 manus
340 2065 660 2121 temerarias
684 2064 752 2120 ad
784 2081 843 2121 se
870 2076 1052 2141 posset
1077 2067 1186 2124 ullo
1213 2069 1375 2124 modo
1410 2083 1704 2137 revocare;

109 2156 288 2212 donec
331 2155 476 2212 sacri
521 2155 623 2212 loci
657 2164 937 2212 remeante
965 2161 1213 2224 custode,
1261 2159 1560 2233 sacrilegus
1583 2177 1706 2217 cum

107 2249 260 2306 furto
283 2253 489 2322 pariter
513 2260 832 2307 teneretur-
862 2250 1152 2308 Castellum
1185 2253 1458 2325 quoddam
1483 2254 1707 2310 Adriani

107 2345 315 2400 dicitur
344 2345 411 2400 ad
451 2345 746 2415 supradicti
778 2345 1014 2400 coenobii
1047 2345 1329 2418 pertinens
1354 2355 1704 2416 potestatem.

105 2433 164 2487 ιιι
195 2433 367 2488 arduo
395 2434 500 2490 situ
530 2436 582 2489 in
609 2435 866 2506 praerupti
893 2435 1094 2491 montis
1117 2434 1335 2506 fastigio
1363 2436 1705 2502 collocatum,

105 2524 257 2580 beati
306 2525 656 2583 nihilominus
701 2526 958 2584 Germani
1005 2528 1291 2586 ecclesiam
1333 2530 1572 2602 praefert,
1622 2532 1709 2588 cui

101 2615 371 2688 frequens
387 2621 648 2676 virtutum
676 2622 832 2692 copia
855 2630 910 2677 et
929 2623 1248 2681 reverentia:
1273 2634 1328 2680 ct
1350 2626 1572 2682 honoris
1593 2626 1711 2699 plu-

105 2712 315 2769 rimum
343 2715 652 2785 acquisivit.
675 2715 866 2772 Caecus
889 2716 1054 2788 igitur
1077 2718 1295 2788 quidam
1323 2734 1386 2774 ea
1411 2719 1467 2774 in
1494 2720 1712 2791 regione

108 2805 455 2872 notissimus,
488 2806 765 2877 profectus
790 2822 822 2862 a
843 2808 994 2875 villa,
1023 2809 1111 2865 cui
1143 2810 1210 2864 ad
1240 2809 1450 2866 Leones
1476 2812 1712 2866 vocabu-

109 2897 224 2952 lum
249 2906 354 2963 est,
384 2913 655 2969 quamque
684 2898 751 2953 ad
781 2899 990 2956 radices
1010 2900 1254 2972 ejusdem
1282 2901 1485 2957 montis
1511 2901 1713 2957 locavit

110 2987 433 3057 antiquitas,
455 3002 550 3058 spe
574 2989 927 3060 recuperandi
944 2990 1161 3046 luminis
1180 3006 1280 3062 per
1298 3005 1539 3047 convexa
1562 2990 1712 3061 rupis

111 3077 181 3133 ad
223 3077 503 3149 praefatam
533 3077 813 3135 basilicam
841 3080 1201 3150 properabat;
1232 3081 1328 3136 sed
1358 3096 1482 3137 cum
1512 3096 1710 3139 ascen-

1808 1890 1951 1958 Non,
1993 1892 2183 1963 inquit,
2226 1893 2484 1951 decuerat
2529 1903 2774 1951 sanctum
2819 1893 3152 1950 Germanum
3199 1893 3254 1947 in
3298 1892 3403 1948 hac

1807 1993 1962 2054 parte
2009 1984 2082 2038 ita
2127 1983 2339 2040 facilem
2383 1984 2676 2050 exstitisse,
2714 1993 2774 2040 ut
2811 1984 3085 2040 hominem
3125 1998 3221 2038 sua
3248 1994 3398 2052 qua-

1811 2083 2018 2130 rentem
2049 2085 2196 2131 tanta
2217 2075 2533 2131 crudelitate
2562 2075 2873 2132 conficeret.
2901 2073 3256 2144 Blaspbcmos
3289 2085 3404 2125 ser-

1810 2184 2000 2224 mones
2031 2168 2162 2224 uitio
2185 2169 2466 2239 repentina
2505 2168 2798 2238 corripuit;
2843 2182 2967 2222 nam
2997 2174 3059 2221 ut
3083 2166 3187 2220 ista
3217 2162 3405 2219 furens

1810 2259 2054 2330 protulit,
2086 2267 2140 2314 et
2169 2259 2223 2314 in
2255 2259 2421 2314 verbo
2446 2259 2673 2330 vestigia
2701 2257 2890 2320 torsit;
2937 2257 3010 2312 ita
3057 2255 3248 2326 pedem
3277 2251 3397 2321 ejus

1812 2349 2063 2410 dextrum
2107 2348 2302 2403 vindex
2340 2361 2500 2419 paena
2541 2347 2816 2413 contrivit,
2858 2354 2918 2402 ut
2960 2360 3098 2416 pene
3137 2340 3404 2400 exanimis

1813 2438 2131 2493 ancillarum
2177 2439 2429 2494 manibus
2457 2437 2511 2492 in
2543 2436 2848 2493 cubiculum
2879 2433 3198 2491 referretur.
3229 2430 3401 2501 Igitur

1813 2545 1934 2600 quae
1962 2530 2121 2601 paulo
2151 2539 2278 2585 ante
2324 2531 2390 2585 de
2428 2529 2653 2585 alterius
2682 2529 3010 2598 causabatur
3038 2520 3405 2590 incommodo,

1808 2620 1922 2694 jam
1953 2639 2095 2678 nunc
2121 2623 2355 2695 propriae
2389 2622 2715 2678 calamitatis
2745 2621 3044 2678 remedium
3067 2619 3227 2674 anxia
3255 2629 3408 2688 qua-

1816 2715 2042 2781 ritabat;
2071 2730 2338 2786 quemque
2366 2715 2623 2786 injustum
2647 2714 2703 2768 in
2732 2713 2953 2784 superbi
2981 2711 3217 2768 hominis
3238 2711 3402 2782 puni-

1820 2805 1966 2861 tione
1993 2815 2294 2871 notaverat,
2322 2807 2528 2878 justum
2556 2804 2669 2875 jam
2707 2819 2804 2876 per
2829 2803 3011 2859 omnia
3041 2803 3097 2858 in
3123 2817 3277 2858 suam
3303 2817 3406 2874 po-

1818 2896 1925 2950 tius
1972 2897 2350 2952 contritionem
2381 2897 2750 2966 praedicabat:
2775 2895 2968 2955 amicis
2996 2901 3052 2949 et
3086 2892 3407 2964 parentibus

1816 2984 2041 3042 adscitis
2074 2987 2347 3058 negotium
2387 2987 2706 3058 profitetur;
2737 2987 2902 3041 animi
2947 2986 2999 3040 in
3045 2978 3408 3042 selevi'tatem

1819 3079 2098 3152 increpat;
2131 3083 2243 3138 oris
2273 3082 2588 3138 facilitatem
2619 3082 2903 3154 objurgat;
2933 3089 2991 3138 et
3018 3081 3158 3137 votis
3191 3082 3409 3138 tandem

113 3185 209 3226 sus
230 3169 548 3226 difficultate
571 3180 852 3242 gravatus,
881 3173 1081 3229 montis
1100 3171 1436 3236 altitudinem
1459 3185 1718 3244 superare
1744 3167 1791 3230 C
1825 3185 1880 3231 et
1907 3176 2222 3232 muneribus
2249 3185 2496 3242 onerata,
2533 3176 2819 3232 ecclesiam
2847 3176 3084 3247 expetit;
3127 3174 3307 3232 scelus
3334 3173 3412 3230 la-

113 3277 223 3318 non
250 3271 460 3334 posset,
504 3263 876 3321 imbecillitate
920 3265 1132 3337 pariter
1176 3273 1234 3322 et
1278 3265 1462 3322 labore
1491 3266 1714 3322 decum-

112 3353 270 3422 bens,
314 3355 488 3412 fessos
534 3365 686 3413 artus
721 3358 902 3429 sopori
944 3358 1214 3429 permisit.
1260 3357 1558 3414 Dormienti
1606 3357 1714 3414 cle-

111 3449 488 3508 mentissimus
531 3450 835 3507 Germanus
875 3450 1078 3520 adfuit,
1107 3451 1414 3524 blandaque
1451 3451 1713 3508 miserum

111 3541 315 3612 pietate
363 3542 696 3609 demulcens,
751 3551 810 3598 ut
858 3542 1035 3599 labori
1083 3551 1336 3616 parceret
1372 3543 1568 3615 jussit;
1596 3553 1712 3599 tum

113 3638 316 3694 veteris
346 3638 514 3708 spinae
539 3645 794 3694 truncum
823 3637 878 3692 in
905 3646 1060 3708 parte
1087 3637 1286 3694 montis
1314 3637 1626 3702 ostendens,
1655 3643 1715 3691 ut

111 3731 305 3792 baculo
339 3740 538 3788 terrain
585 3730 817 3798 foderet,
839 3747 906 3788 ac
947 3731 1014 3788 de
1062 3732 1203 3788 unda
1251 3729 1548 3802 mergentis
1582 3728 1707 3802 [al.,

112 3821 470 3894 emergentis]
495 3821 670 3878 laticis
691 3821 876 3878 oculos
896 3821 1160 3888 ablueret,
1185 3820 1489 3891 imperavit.
1519 3817 1716 3890 Sopori

115 3915 439 3980 subductus,
471 3915 606 3970 duce
640 3929 830 3984 puero,
864 3913 1043 3970 locum
1092 3916 1332 3985 expetit;
1370 3920 1571 3968 terram
1615 3911 1713 3967 ba-

117 4005 239 4060 culo
280 4006 515 4077 subigit;
562 4013 816 4062 eventum
861 4005 1108 4060 miraculi
1150 4003 1518 4077 praestolatur.
1569 4003 1714 4060 Fons

118 4094 456 4168 largissimus
481 4097 682 4163 exsilit;
699 4113 765 4154 eo
791 4097 978 4153 oculos
1008 4095 1156 4153 fovet
1208 4095 1554 4166 aliquandiu;
1587 4112 1714 4153 mox

120 4186 345 4244 decussa
373 4186 625 4260 caligine,
670 4183 812 4243 no'vo
837 4187 1037 4242 fruitur
1060 4187 1168 4243 die.
1197 4186 1347 4242 Votis
1376 4187 1712 4258 urgentibus,

121 4279 321 4334 montis
348 4279 610 4334 verticem
635 4279 879 4346 scandit;
905 4278 1224 4334 miraculum
1256 4277 1525 4350 publicat;
1558 4293 1716 4349 repa-

123 4371 287 4426 ratori
331 4386 432 4427 suo
481 4369 839 4427 multiformes
867 4380 1050 4442 grates
1088 4370 1412 4428 accumulat.
1444 4364 1591 4426 Fons
1624 4368 1715 4426 ille

124 4463 488 4519 remediorum
527 4463 974 4532 fecundissimus,
1003 4479 1034 4519 e
1073 4465 1298 4520 remotis
1325 4478 1540 4534 quoque
1583 4461 1716 4518 locis

1821 3265 2025 3338 crymis
2050 3267 2267 3335 expiat;
2319 3282 2350 3320 a
2395 3266 2705 3322 beatissimo
2741 3265 3012 3322 Germano
3048 3267 3263 3323 veniam
3286 3282 3412 3324 cum

1820 3357 2054 3413 sanitate
2082 3356 2347 3427 reposcit;
2379 3371 2480 3412 nec
2504 3358 2675 3413 multo
2702 3358 2989 3430 interjectu
3017 3362 3276 3430 temporis
3303 3360 3408 3416 mi-

1816 3449 2145 3506 sericordem
2189 3449 2378 3514 sensit,
2404 3463 2566 3518 quem
2585 3449 2786 3504 dudum
2815 3450 2995 3505 fuerat
3013 3459 3238 3520 experta.
3257 3465 3412 3508 seve-

1818 3556 1962 3597 rum.
1993 3539 2253 3610 Sospitati
2299 3539 2531 3605 reddita,
2582 3539 2636 3595 in
2680 3539 2901 3596 domum
2944 3556 3098 3597 suam
3144 3541 3412 3615 castigata

1817 3633 2069 3700 recessit,
2098 3633 2538 3705 parcendumque
2559 3635 2902 3691 sermonibus
2932 3635 3268 3693 immodestis
3285 3651 3406 3693 mo-

1818 3729 2000 3786 dernze
2026 3727 2247 3784 ultionis
2275 3727 2526 3799 exemplo
2571 3729 2872 3799 perdocuit.

1887 3821 1978 3878 76.
2026 3821 2318 3880 Consimile
2356 3822 2612 3894 quiddam
2667 3822 2722 3877 in
2763 3821 2890 3878 villa
2941 3821 3411 3881 Altissiodorensis

1815 3914 1960 3985 pagi,
1998 3914 2085 3970 cui
2118 3914 2467 3970 Abundiacus
2501 3929 2696 3970 nomen
2719 3922 2829 3980 est,
2860 3923 3132 3984 patratum
3157 3914 3411 3971 memini-

1818 4023 1940 4064 mus
1964 4024 1980 4074 ;
2008 4008 2064 4062 in
2089 4023 2196 4078 qua
2221 4006 2307 4062 vir
2341 4007 2558 4076 quidam
2585 4006 2790 4062 illuster
2813 4015 2868 4063 et
2891 4022 3029 4077 pene
3059 4007 3160 4062 toti
3186 4006 3408 4063 notissi-

1817 4115 1941 4154 mus
1967 4097 2194 4170 regioni,
2221 4095 2510 4168 quemdam
2539 4113 2607 4153 ex
2629 4097 2734 4152 loci
2763 4097 2955 4154 incolis
2972 4105 2975 4108 ’
2991 4099 3151 4155 sazvis
3175 4097 3415 4154 verberi-

1817 4190 1921 4247 bus
1973 4188 2246 4260 proﬂigari
2282 4195 2651 4259 praeceperat;
2715 4187 2913 4260 illoque
2963 4190 3188 4260 pretiosi
3233 4189 3416 4246 Patris

1819 4280 2136 4352 suffragium
2189 4278 2534 4345 inclamante,
2581 4294 2690 4334 non
2728 4279 2889 4336 modo
2935 4278 3106 4336 flexus
3141 4295 3249 4335 non
3305 4291 3412 4347 est,

1820 4391 2008 4431 verum
2039 4374 2202 4429 etiam
2235 4373 2500 4429 maturari
2539 4371 2760 4428 crudele
2810 4372 3088 4443 negotium
3115 4371 3412 4442 imperans,

1819 4483 2020 4540 equum
2044 4467 2302 4524 festinato
2331 4466 2647 4523 conscendit
2674 4484 2688 4520 :
2742 4481 2807 4521 ac
2830 4464 2984 4536 prius
3013 4479 3174 4535 quam
3199 4472 3416 4534 portam

127 4569 157 4607 a
192 4555 438 4626 pluribus
483 4554 880 4628 frequentatus,
905 4528 968 4613 et
990 4557 1210 4614 lavacro
1251 4528 1476 4623 relevat,
1505 4565 1561 4611 et
1585 4565 1713 4626 potu
1741 4528 1794 4590 D
1819 4528 2127 4624 excederet,
2149 4573 2322 4629 equus
2348 4559 2403 4613 in
2425 4557 2658 4613 sublime
2687 4528 2929 4622 tollitur;
2961 4528 3232 4612 sessorem
3254 4554 3419 4611 dorso

121 4647 396 4718 jucundat.

195 4744 279 4799 75.
319 4745 572 4816 Ejusdem
594 4744 696 4801 loci
719 4745 1121 4801 vice-dominus
1147 4745 1381 4817 quatiam
1413 4745 1499 4801 die
1538 4744 1718 4802 discu-

130 4836 324 4892 tiendis
350 4838 583 4910 negotiis
603 4839 725 4894 data
761 4837 1018 4910 singulari
1062 4852 1252 4909 opera,
1285 4837 1718 4896 ecclesiasticam

133 4925 388 4983 familiam
414 4929 612 5000 iniquis
632 4928 872 5000 imperiis
891 4928 1252 5000 opprimebat.
1277 4929 1723 4988 Reclamantibus

133 5023 354 5084 cunctis,
387 5031 444 5078 et
479 5034 724 5092 apertam
752 5021 1065 5078 violentiam
1098 5022 1427 5080 tumultuosa
1451 5019 1717 5079 vocifera-

134 5107 276 5166 tione
309 5112 656 5179 testantibus,
684 5126 850 5186 unum
896 5127 1108 5180 eorum,
1158 5115 1248 5188 qui
1298 5114 1440 5168 inter
1489 5122 1718 5175 crateres

342 5202 410 5226 ιε..
436 5201 718 5226 -.ἔλιιαιη-

136 5197 410 5226 1.-----u-
436 5201 718 5226 -.:J-L-a.-..
770 5201 988 5226 I:._...--._.
1019 5203 1119 5226 ...ε-

1320 5219 1426 5226 --.-
1479 5219 1563 5226 μ’.

1821 4651 2072 4714 excutit;
2114 4663 2358 4719 coxaque
2405 4658 2773 4704 transversum
2803 4645 2998 4710 fracta,
3048 4643 3249 4698 misera
3301 4641 3420 4698 alli-

1822 4743 1974 4799 sione
2002 4741 2318 4813 prosternit.
2347 4738 2458 4794 Nec
2481 4739 2635 4808 prius
2663 4739 2983 4810 sospitatem
3009 4734 3226 4800 meruit,
3257 4749 3423 4804 quam

1823 4837 1987 4893 beato
2017 4835 2310 4900 Germano,
2362 4829 2516 4901 cujus
2542 4847 2736 4888 nomen
2765 4838 3074 4903 spreverat,
3101 4825 3280 4882 debita
3308 4841 3428 4896 pm-

1825 4930 2070 4986 nitudine
2101 4927 2386 4987 satisfecit.
2436 4923 2552 4980 Hoc
2593 4935 2815 5000 propter
2851 4920 2985 4978 facti
3022 4917 3431 4975 similitudinem

1824 5023 1900 5078 ita
1928 5023 2154 5087 inserto,
2185 5022 2256 5079 ad
2290 5019 2472 5076 locum
2502 5027 2554 5084 ι,
2585 5034 2748 5092 quem
2772 5011 3081 5074 omisimus,
3110 5008 3308 5065 seriem
3341 5022 3435 5063 re-

1824 5113 2066 5171 feramus
2093 5113 2148 5168 ιι.

1896 5205 1964 5226 IIII
2027 5201 2193 5224 0---”,
2229 5203 2340 5224 ν-ιε
2393 5199 2594 5224 annual]!
2635 5202 2872 5224 ,I_,A-!..--—
2906 5191 3185 5224 Λιιῇῖλῖθηοῖ
3221 5186 3446 5222 noro-‘4‘
