3876 5416
424 310 567 370 1245

1463 313 1691 371 HERlCl
1730 311 2036 371 MONACHI
2073 310 2736 372 ANTISSIODORENSIS

3583 305 3710 364 12H

422 433 630 497 scitur,
675 437 899 487 evocato
949 431 1302 503 presbytero,
1364 445 1431 485 ne
1487 429 1747 501 sacrilego
1808 427 2011 484 homini
2044 427 2322 490 Adeesse.
2380 427 2485 481 lter
2537 434 2758 498 agentes
2806 437 3069 494 quosque,
3112 435 3250 492 quos
3302 419 3486 476 noctis
3532 418 3716 474 horror

425 527 605 580 missae
657 525 893 579 officium
949 525 1304 594 impenderet,
1358 525 1656 578 interdixit.
1708 523 1813 578 Nec
1853 522 2020 578 multo

424 628 550 688 post
580 618 665 672 ille
712 619 1098 688 superveniens
1128 661 1140 684 ,
1183 619 1421 675 consueti
1454 618 1618 672 officii
1655 617 2020 673 celebritatem

427 726 454 764 a
496 711 810 783 presbytero
867 714 1153 782 exigebat;
1189 716 1330 782 quod
1373 724 1656 784 postquam
1694 728 1722 767 a
1769 713 2023 783 pontifice

425 805 691 873 Comperit
719 806 1091 872 intm'dictum,
1133 808 1371 877 ejusdem
1403 807 1502 859 loci
1531 806 1708 860 villico
1741 806 2022 864 advocato,

425 895 568 964 quod
597 897 841 950 ecclesiae
869 899 1201 951 abstractum
1237 899 1432 964 fuerat,
1459 899 1600 952 datis
1627 898 1853 952 vadibus
1877 890 2025 950 reddi

424 987 606 1058 jussit.
649 987 725 1041 lla
761 988 936 1042 missa!
980 1003 1050 1058 po
1076 989 1184 1042 ilus
1215 990 1414 1054 officio,
1469 990 1701 1042 sinistra:
1736 987 2028 1041 voluntatis

427 1079 645 1133 stimulo
681 1091 1021 1150 perurgente,
1066 1083 1208 1150 quu-l
1241 1081 1398 1150 paulo
1425 1088 1549 1134 ante
1581 1079 1728 1133 reddi
1765 1077 2024 1146 jusserat,

427 1173 623 1226 violata
663 1174 784 1228 fidei
826 1175 1257 1245 intm'positione,
1293 1178 1466 1230 denuo
1492 1174 1732 1244 pra-c'pit
1763 1172 2024 1226 abdicari.

429 1265 539 1319 Nec
566 1265 781 1336 longum
809 1267 1017 1321 lzetatus
1055 1279 1155 1330 est,
1199 1271 1327 1337 quin
1353 1269 1690 1335 sacrilegium
1724 1281 1878 1336 plena
1911 1281 2031 1317 cor—

429 1359 660 1428 riperet:
693 1360 777 1413 vix
815 1377 1048 1431 namque
1076 1363 1289 1415 domum
1324 1371 1689 1425 remeaverat;
1717 1370 1766 1414 et
1793 1359 2028 1426 maligno

427 1454 690 1517 pervasus
723 1451 937 1520 spiritu,
965 1451 1253 1506 infeliciter
1278 1454 1647 1522 torquebatur.
1691 1451 1837 1506 Uxor
1867 1459 2031 1502 teme-

429 1539 608 1594 ritatis
637 1542 872 1605 conscia,
907 1556 1006 1611 pro
1055 1542 1225 1597 salute
1259 1543 1358 1596 viri
1411 1543 1476 1596 ad
1527 1543 1809 1596 ecclesiam
1844 1555 2031 1595 cereos

429 1641 484 1686 et
512 1641 630 1689 vota
657 1635 881 1700 direxit;
909 1651 939 1689 e
968 1637 1165 1706 quibus
1189 1652 1256 1692 ne
1280 1653 1416 1691 unus
1445 1637 1662 1705 quidem
1694 1635 1910 1689 accendi
1932 1649 2017 1705 po-

431 1725 554 1787 tuit,
606 1734 988 1793 perseverante
1021 1743 1146 1797 erga
1179 1728 1446 1781 infelicem
1477 1726 2028 1798 divinmindignatio-

429 1813 514 1866 nis
558 1813 772 1875 indicio,
807 1831 970 1885 quam
997 1819 1160 1873 semel
1190 1821 1241 1872 in
1272 1834 1330 1872 se
1359 1833 1651 1889 provocare
1693 1835 1796 1872 non
1833 1818 2026 1873 timue-
2057 1797 2103 1859 Β

429 1912 517 1959 rat
548 1907 822 1976 sacrilega:
865 1909 1172 1980 cupiditatis
1206 1911 1472 1980 exemplo.
1506 1910 1600 1964 Cui
1627 1910 2030 1964 immanissima:

433 1998 728 2053 calamitati
763 2009 875 2054 tum
913 2002 1127 2056 demum
1157 2019 1389 2072 superna
1418 2004 1692 2058 miseratio
1737 2003 1895 2057 finem
1939 2003 2030 2058 de-

425 2089 526 2152 dit,
578 2107 701 2146 cum
737 2093 978 2165 conjugis
1026 2106 1080 2151 et
1125 2106 1404 2166 parentum
1443 2096 1666 2152 consilio
1714 2112 2025 2167 persuasus,

431 2188 487 2233 et
519 2182 659 2250 quod
704 2184 857 2252 prius
881 2185 1176 2240 abstulerat
1203 2187 1444 2242 eeclcsim
1475 2188 1737 2251 reddidit,
1769 2198 1824 2241 et
1855 2204 1919 2241 ex
1949 2187 2026 2242 le-

431 2271 619 2342 gitimo
683 2276 1010 2343 patrimonio
1079 2279 1413 2351 tantumdem
1476 2277 1617 2332 aliud
1680 2279 2025 2332 condonavit.

428 2360 690 2418 Eamdem
739 2365 1020 2423 basilicam
1079 2369 1165 2424 fur
1215 2381 1512 2424 nocturnus
1564 2371 1870 2440 ingrediens
1913 2371 2030 2424 uni-

429 2453 585 2510 'versa
615 2457 683 2510 ad
717 2458 906 2514 altaris
949 2471 1198 2515 ornatum
1236 2463 1558 2531 pertinentia
1598 2462 1874 2531 sacrilegis
1919 2476 2030 2516 ma-

427 2545 592 2601 nibus
619 2549 941 2616 exportavit.
987 2550 1228 2621 Cumque
1255 2566 1312 2606 se
1363 2553 1414 2606 in
1454 2553 1615 2621 pedes
1656 2552 1813 2606 solito
1842 2551 2028 2621 conje-

427 2636 618 2702 cisset,
649 2639 720 2693 ita
751 2655 873 2694 eum
903 2641 985 2696 vis
1011 2642 1192 2696 divina
1230 2643 1532 2713 implicuit;
1578 2651 1637 2697 ut
1671 2644 1737 2696 ab
1768 2643 1908 2697 atrio
1937 2658 2030 2697 ec—

429 2727 610 2783 clesia:
661 2730 807 2786 nullo
844 2741 1004 2801 pacto
1041 2733 1246 2802 digredi
1301 2734 1575 2803 poluerit:
1629 2733 1810 2802 itaque
1859 2741 2028 2787 totam

428 2831 646 2877 noctem
683 2824 985 2890 ambulans,
1017 2826 1292 2894 Sequentis
1319 2841 1526 2880 aurorae
1563 2826 1796 2881 diluculo
1827 2825 1879 2880 in
1907 2841 2033 2895 por-

429 2915 542 2969 ticu
573 2914 813 2971 basilij
841 2925 1087 2988 repertus
1114 2927 1196 2971 est
1228 2926 1281 2971 et
1308 2918 1635 2973 conscientia
1686 2919 1946 2987 trepidus,
1979 2926 2032 2972 et

428 3005 581 3059 furto
619 3018 864 3063 onustus.
906 3009 981 3062 lla
1022 3010 1201 3078 przcdo
1231 3008 1617 3074 confunditur;
1677 3010 1856 3079 prteda
1889 3008 2028 3062 reci-

429 3096 583 3165 pitur
608 3114 621 3162 ;
653 3097 844 3152 beatus
871 3098 1176 3153 Germanus
1206 3115 1304 3153 suo
1331 3099 1382 3152 in
1401 3099 1518 3155 loco
1546 3100 1841 3156 liberaliter
1867 3114 2028 3169 agere

429 3186 775 3256 argumentis
805 3189 1144 3244 evidentibus
1165 3190 1488 3244 declaratur.
2057 3172 2102 3234 (ἶ

510 3275 586 3331 De
612 3277 744 3332 locis
772 3278 946 3348 planis
985 3289 1039 3334 et
1082 3280 1466 3336 habitabilibus
1512 3280 1654 3334 nulla
1703 3289 1861 3347 sunt,
1910 3296 2030 3352 qua:

431 3366 707 3437 dicimus;
745 3374 789 3428 si
823 3389 927 3427 non
961 3382 1212 3428 montana
1263 3390 1492 3444 quaeque
1529 3383 1584 3428 ct
1612 3375 1798 3438 ardua,
1846 3389 1908 3428 ac
1934 3389 2032 3445 per

427 3461 540 3517 hoc
569 3464 819 3518 humanis
846 3475 982 3534 pene
1007 3464 1284 3520 inaccessa
1316 3466 1609 3535 gressibus,
1635 3464 1890 3519 Germani
1920 3465 2030 3520 vir-

426 3555 640 3612 tutibus
665 3571 784 3613 esse
807 3558 1014 3628 pervia,
1041 3558 1374 3614 declaremus
1397 3570 1446 3614 ι.

1044 3694 1269 3751 CAPUT
1296 3695 1424 3751 'Vlll.

435 3801 704 3860 Hiracula
745 3805 861 3877 ejus
897 3823 1017 3863 auc
1044 3810 1097 3864 in
1128 3811 1345 3879 A!pibus
1376 3823 1423 3866 et
1460 3813 1515 3867 in
1543 3812 1823 3869 Britannia
1863 3817 2030 3872 conti-

1131 3892 1334 3951 gerunt.

510 4008 598 4064 7-8.
625 4008 759 4080 luga
793 4009 1156 4068 Penninarum
1171 4013 1405 4086 Alpium,
1427 4033 1533 4072 non
1555 4020 1676 4088 plus
1707 4021 1943 4077 candore
1966 4022 2022 4077 ni

441 4101 609 4165 Viam,
627 4117 791 4172 quam
818 4103 1199 4173 ejusillustrari
1223 4111 1447 4173 meritis,
1465 4126 1529 4165 eo
1549 4114 1770 4178 certius,
1795 4131 1904 4184 quo
1926 4131 2026 4170 ex-

436 4191 651 4260 pertius
667 4200 753 4249 est
775 4211 788 4248 :
819 4211 942 4250 nam
957 4197 1010 4251 in
1029 4209 1229 4264 monte,
1245 4203 1336 4271 qui
1359 4202 1577 4258 Minoris
1591 4204 1740 4259 Jovis
1761 4206 1788 4246 δ
1809 4207 2026 4276 dicitur,

437 4282 556 4353 eius
579 4286 809 4360 ecclesia
840 4297 922 4344 est
951 4291 1152 4346 ambitu
1179 4294 1407 4360 modica,
1453 4297 1748 4351 virtutibus
1794 4313 1985 4369 magna
2011 4316 2026 4367 ;

439 4389 560 4444 quae
591 4377 661 4432 ob
685 4378 826 4434 sacri
857 4383 1290 4449 repausatiouem
1319 4387 1584 4455 corporis,
1616 4403 1737 4442 eum
1770 4387 2029 4444 Ravenna

439 4465 760 4530 referretur,
811 4483 878 4524 eo
917 4471 1036 4527 loco
1083 4484 1393 4530 constructa
1449 4476 1618 4534 fuisse
1660 4475 2060 4550 cognosciturJ

435 4560 567 4617 Haec
595 4562 821 4618 Romam
847 4569 1214 4637 pergentibus,
1255 4571 1486 4643 indeque
1516 4577 1881 4631 remeantibus
1917 4576 2031 4630 ine-
2059 4552 2111 4613 Ῑ)

439 4655 736 4711 vitabiliter
763 4660 944 4728 pervia
987 4670 1106 4726 est;
1145 4664 1290 4733 quod
1329 4666 1577 4733 publicus
1601 4683 1785 4738 agger,
1829 4669 1884 4722 in
1920 4685 2028 4739 quo

439 4750 704 4815 consistit,
752 4761 972 4822 propter
1027 4756 1234 4812 itineris
1275 4761 1551 4828 angustias
1591 4775 1807 4815 onmem
1853 4763 2030 4817 diver-

441 4842 587 4896 tendi
633 4843 702 4897 ab
741 4859 805 4900 ea
855 4847 1080 4919 denegat
1111 4848 1436 4904 ﬁacultatem.
1479 4851 1607 4908 llluc
1632 4853 1910 4907 innumera
1949 4855 2030 4909 di-

437 4934 888 5006 vinie'largitatis
939 4941 1164 4997 subinde
1200 4943 1407 4998 clarent
1459 4946 1740 5011 beneficia,
1774 4964 1893 5017 quin
1925 4948 2030 5005 loci

437 5028 792 5096 asperitatem
857 5048 922 5087 ac
977 5034 1319 5090 solitudinem
1384 5039 1599 5109 copiosa
1665 5042 2026 5096 remediorum

435 5118 725 5175 fertilitate
775 5137 1162 5194 compensant;
1227 5141 1284 5183 ut
1315 5129 1435 5195 jure
1490 5132 1728 5199 fatearis,
1791 5136 2032 5192 ccelestis

443 5213 830 5270 munificentia:
871 5220 1207 5288 majestatcm
1255 5223 1413 5278 siccis
1461 5227 1623 5281 etiam
1665 5229 1887 5298 rupibus
1923 5245 2028 5284 non

2125 519 2359 586 irruens,
2397 528 2487 572 aut
2526 517 2851 589 fatigationis
2896 514 3186 570 difficultas
3242 511 3556 582 impediens
3584 555 3596 574 ,
3639 524 3720 566 aut

2125 613 2457 668 infirmitatis
2489 613 2699 665 sarcina
2723 625 3084 682 prmgravans,
3115 608 3215 662 sub
3253 617 3464 660 tectum
3494 605 3722 658 ecclesiae

2124 707 2359 761 transire
2380 705 2669 775 compellit,
2699 705 2988 757 sanitatum
3012 701 3081 756 ibi
3110 702 3250 756 dona
3280 700 3596 769 percipere,
3620 697 3724 751 luce

2128 798 2329 853 clarius
2358 799 2478 852 inde
2509 797 2778 866 colligitur
2798 837 2811 860 ,
2843 795 2982 863 quod
3029 793 3318 864 presbyter
3369 792 3441 843 ad
3471 791 3625 860 crius
3649 806 3727 841 cu-

2128 904 2244 943 ram
2278 890 2425 943 locus
2465 890 2721 958 pertinet,
2777 888 2828 942 in
2882 893 3084 941 remota
3133 884 3366 956 planitie
3403 882 3728 952 frequentas

2129 983 2400 1043 habitans,
2433 982 2475 1036 si
2507 981 2722 1051 quando
2743 980 2910 1035 sacris
2939 996 3146 1032 morem
3175 987 3462 1048 gesturus,
3491 985 3729 1027 montana

2131 1077 2482 1140 conscendit,
2544 1075 2707 1132 multa
2759 1075 2831 1129 ibi
2887 1072 3348 1128 revalesccntium
3427 1079 3730 1137 argumenta

2132 1171 2397 1241 Conspicit
2447 1171 2828 1233 infirmorum;
2889 1185 3010 1222 nam
3065 1179 3114 1222 et
3171 1177 3467 1220 mutorum
3522 1162 3731 1227 tabella,

2132 1280 2360 1334 quarum
2407 1278 2669 1317 concussu
2708 1262 2899 1330 stipem
2931 1259 3242 1329 postulant;
3278 1256 3601 1326 repentium
3625 1269 3735 1323 quc-

2131 1371 2235 1424 que
2257 1354 2552 1424 gestamina
2583 1361 2983 1408 contractormn
3020 1350 3087 1403 ibi
3126 1349 3462 1418 frequenter
3487 1346 3734 1408 iuvi-exuta;

2133 1449 2401 1503 interdum
2432 1455 2487 1501 et
2526 1446 2785 1516 sanguine
2825 1445 3198 1514 pavimentum
3247 1441 3539 1503 madens;
3585 1438 3670 1491 sed
3698 1447 3738 1490 et

2132 1540 2307 1594 votiva
2342 1541 2391 1593 in
2429 1539 2659 1593 diversis
2689 1536 3022 1591 munusculis
3067 1535 3259 1589 relicta
3297 1531 3546 1586 bellaria
3595 1539 3738 1584 nodi

2132 1632 2358 1702 patratis
2386 1631 2438 1684 in
2472 1631 2589 1685 loco
2612 1628 2768 1683 fidem
2811 1638 3093 1681 astruxerc
3123 1624 3450 1679 miraculis.

2204 1725 2290 1778 79.
2321 1724 2609 1779 Familiare
2661 1724 2927 1794 quondam
2959 1729 3150 1776 sancto
3197 1719 3325 1772 viro
3359 1717 3555 1770 fuerat
3599 1729 3744 1769 scere.

2133 1828 2246 1874 tum
2302 1826 2354 1871 et
2406 1816 2762 1886 abjectionem
2795 1813 2934 1868 oculi
2980 1827 3252 1882 qumrere,
3288 1825 3389 1864 res
3419 1825 3456 1862 τι
3507 1825 3568 1862 se
3595 1820 3742 1878 gestas

2132 1908 2453 1963 mirabiliter
2476 1907 2824 1962 secretalibus
2848 1905 3056 1959 umbris
3086 1904 3339 1966 tradere,
3376 1910 3742 1972 quantumque

2134 2001 2186 2054 in
2223 2000 2337 2068 ipso
2373 1996 2492 2061 fuit,
2525 2013 2713 2052 omnes
2750 1998 2976 2051 virtutes
3003 2012 3132 2051 suas
3172 1993 3462 2066 perennis
3520 1993 3743 2062 ignoras-

2133 2091 2220 2146 tiac
2252 2089 2472 2143 latebris
2509 2091 2802 2144 obscurare
2836 2108 2848 2142 :
2889 2079 3028 2142 hinc
3066 2097 3220 2141 certe
3268 2099 3391 2148 est,
3447 2084 3607 2155 quod
3652 2098 3740 2137 eum

2134 2181 2300 2236 multa
2348 2180 2490 2234 illius
2519 2181 2781 2234 miracula
2836 2181 3036 2234 mundo
3085 2162 3481 2242 innutueﬁnt,
3541 2193 3639 2231 nec
3670 2190 3740 2244 po-

2133 2273 2335 2326 tuerint
2376 2272 2618 2327 locorum
2671 2272 3000 2326 obscuritate
3045 2271 3241 2333 celari.
3277 2287 3419 2326 cum
3479 2270 3743 2323 virtutibus

2131 2365 2490 2434 proderetur;
2539 2364 2820 2417 innumera
2869 2369 3048 2416 tamen
3085 2370 3236 2425 sunt,
3300 2377 3443 2430 quae.
3494 2360 3742 2430 iactanti:

2134 2455 2353 2526 refugus
2383 2456 2434 2509 in
2458 2457 2737 2526 hominum
2767 2472 2870 2510 non
2903 2470 3096 2526 passus
3121 2463 3209 2510 est
3233 2454 3451 2508 venire
3486 2453 3738 2512 notitiam;

2133 2547 2330 2616 quippe
2377 2547 2466 2615 qui
2512 2547 2759 2600 humanae
2804 2545 3178 2616 possibilitatis
3231 2543 3549 2599 modulum
3591 2557 3739 2610 super-

2135 2651 2373 2704 gressus,
2433 2638 2639 2706 angelis
2680 2637 2917 2691 consciis
2965 2645 3019 2690 et
3071 2635 3214 2690 coelo
3266 2643 3427 2690 teste
3459 2634 3739 2688 fruebatur.

2134 2729 2289 2784 Hunc
2327 2729 2593 2800 hodieque
2649 2745 2854 2784 rnorem
2885 2729 3048 2783 Pater
3093 2735 3284 2783 servat
3327 2729 3623 2798 egregius,
3669 2723 3738 2793 φὶ

2133 2839 2256 2878 cum
2287 2823 2721 2893 incomparabilis
2754 2823 2954 2877 existat
2986 2822 3126 2891 apud
3154 2822 3338 2876 Deum
3367 2822 3590 2880 meriti,
3616 2818 3738 2888 plura

2131 2918 2404 2972 interdum
2436 2918 2488 2972 in
2515 2917 2727 2972 locellis
2756 2918 3189 2982 obscurioribus,
3240 2932 3352 2971 suo
3389 2926 3613 2970 tantum
3642 2918 3733 2970 tiat-

2133 3010 2222 3064 lati
2275 3009 2506 3070 nurnine,
2565 3010 2857 3065 visibilium
2906 3009 3113 3079 prtebet
3167 3017 3401 3063 ostenta
3469 3009 3732 3078 signorum.

2133 3119 2294 3174 quam
2323 3116 2429 3172 quo
2462 3117 2673 3172 semper
2705 3101 2962 3156 adorandi
2994 3101 3109 3171 ejus
3134 3101 3400 3170 corporis
3433 3115 3643 3155 sacrant
3669 3114 3728 3153 re

2137 3209 2396 3248 neranmr
2441 3177 2803 3261 praesentiam.
2853 3192 3076 3255 Verum,
3119 3189 3251 3260 quia
3283 3190 3614 3245 infidelibus
3639 3187 3711 3256 qui

2137 3288 2367 3355 busque,
2402 3296 2455 3340 et
2494 3286 2585 3356 qui
2611 3297 2673 3341 ex
2701 3284 3001 3340 visibilibus
3031 3267 3242 3339 tantum
3293 3284 3604 3338 invisibilia
3647 3295 3728 3336 me

2140 3380 2366 3444 tiuntur,
2411 3378 2674 3433 familiare
2697 3386 2780 3433 est
2807 3378 2959 3449 signa
2989 3391 3113 3432 cum
3143 3374 3358 3431 Judmis
3388 3391 3652 3446 quaerere,
3691 3382 3731 3428 et

2135 3472 2494 3543 pnesentibus
2525 3472 2694 3526 solum
2740 3471 3039 3526 commodis
3067 3469 3334 3524 obiectari
3363 3485 3380 3534 ;
3423 3470 3562 3523 mibi
3591 3474 3731 3529 (τηε,

2137 3567 2290 3633 cujus
2309 3565 2421 3635 jam
2465 3565 2598 3620 fides
2629 3566 2681 3619 in
2718 3567 2883 3620 robur
2919 3563 3216 3626 convaluit,
3249 3563 3342 3618 cui
3369 3562 3441 3617 ad
3474 3563 3632 3616 vitam
3667 3559 3730 3612 ia-

2137 3659 2285 3730 gredi
2335 3658 2669 3727 propositum
2701 3663 2816 3720 est,
2863 3655 2956 3724 qui
2987 3655 3222 3724 denique
3251 3655 3589 3723 corporibus
3633 3652 3731 3705 ani-

2135 3765 2254 3804 mas
2280 3760 2540 3819 quantum
2570 3747 2894 3802 immortalia
2928 3747 3272 3810 mortalibus,
3306 3747 3578 3816 perituris
3600 3758 3731 3797 ma-

2136 3858 2286 3908 sura,
2317 3841 2812 3912 incomparabiliter
2837 3849 3101 3911 praestare
3134 3856 3239 3894 non
3260 3841 3511 3910 ambigo,
3537 3837 3730 3893 charis

2138 3936 2252 3992 lucc
2295 3936 2619 3990 constabunt
2648 3948 2864 4002 semper
2911 3932 3200 3998 beneficia,
3248 3947 3373 4001 qua:
3422 3930 3726 3985 interiore.

2135 4026 2412 4081 hominem
2441 4024 2757 4095 spiritaliter
2783 4035 2837 4079 et
2879 4032 3145 4093 perpetuo
3192 4025 3382 4086 beant,
3409 4037 3580 4092 quam
3631 4030 3731 4090 qua

2135 4118 2462 4172 exteriorem
2496 4118 2854 4186 corporaliter
2888 4125 2942 4170 et
2971 4115 3282 4170 transitorie
3314 4114 3604 4168 releVant:
3633 4114 3732 4167 ba:

2137 4211 2342 4275 diebus,
2376 4211 2490 4264 haec
2517 4211 2764 4264 noctibus
2794 4225 2823 4265 e
2846 4209 3104 4263 Germani
3133 4208 3341 4263 tumulo
3368 4209 3614 4263 ubertim
3638 4221 3732 4261 ma-

2136 4317 2288 4368 nare,
2321 4317 2480 4356 nemo
2510 4301 2624 4356 sani
2657 4301 2852 4370 capitis
2876 4303 2997 4371 jure
3035 4301 3392 4355 dubitaverit.

2207 4397 2296 4449 80.
2326 4395 2456 4448 [)um
2500 4409 2599 4464 per
2626 4394 3024 4448 mediterranea
3056 4394 3413 4448 circumvecti
3463 4392 3601 4453 loca,
3631 4390 3729 4444 sin-

2135 4488 2254 4561 gula
2295 4489 2506 4543 curiose
2564 4488 2935 4558 disqttirimus,
2986 4502 3128 4558 pene
3162 4486 3285 4551 fuit,
3342 4495 3404 4540 ut
3441 4485 3729 4546 Oceanum,

2133 4581 2335 4636 extima
2374 4578 2557 4633 mundi
2594 4577 2914 4632 mirabiliter
2934 4577 3269 4648 cingentem,
3304 4577 3374 4630 ab
3405 4575 3730 4632 excellentis-

2135 4673 2254 4727 simi
2292 4671 2468 4726 Patris
2497 4671 2668 4726 nostri
2723 4669 3021 4741 privilegiis
3075 4670 3499 4739 exciperemus;
3549 4666 3730 4737 quin

2134 4781 2255 4821 cum
2292 4773 2433 4818 totus
2464 4763 2725 4818 redundet
2774 4762 2940 4826 orbis,
2990 4761 3214 4816 uberius
3247 4770 3434 4814 tamen
3489 4759 3579 4814 his
3625 4757 3730 4811 Bri-

2134 4857 2316 4912 tannia
2347 4857 2626 4927 gloriatur,
2678 4854 2849 4910 insula
2877 4854 3021 4909 inter
3044 4867 3236 4909 omnes
3265 4851 3351 4905 vel
3405 4852 3612 4922 prima,
3659 4844 3731 4901 vd

2131 4953 2406 5017 maxima;
2462 4951 2526 5006 de
2567 4965 2669 5020 qua
2703 4958 2762 5004 ut
2808 4947 2890 5020 (ut
2924 4947 3207 5015 redundat)
3256 4945 3368 5002 fert
3393 4945 3729 5000 auctoritas:

2132 5045 2284 5100 Finis
2330 5055 2448 5101 erat
2476 5043 2624 5099 orbis
2651 5059 2748 5099 ora
2790 5041 2985 5098 Gallici
3034 5040 3269 5108 littoris;
3310 5039 3420 5094 nisi
3462 5036 3732 5093 Britannia

2134 5139 2306 5194 insula
2340 5136 2598 5209 singulari
2637 5134 2988 5206 amplitudine
3011 5150 3211 5190 nomen
3231 5146 3375 5204 pene
3405 5131 3560 5188 orbis
3603 5137 3731 5183 aite-

2132 5229 2248 5285 rius
2273 5238 2573 5284 mereretur
2604 5241 2648 5282 ο.
2695 5226 2822 5283 Haec
2846 5226 3008 5283 beato
3034 5226 3308 5284 Germano
3332 5223 3602 5296 peculiari
3648 5223 3730 5276 de-
