3876 5416
9 122 174 175 ιω
1039 124 1130 183 ΒΕ
1161 124 1538 180 MlﬂACULlS
1574 124 1633 181 S.
1670 124 2001 182 GERMANI.
2058 157 2118 171 —-
2152 127 2284 185 LIB.
2323 127 2389 184 ll.
2568 138 2577 153 ‘
3180 128 3321 185 1246

9 232 257 288 rotione
279 231 583 297 submissa,
616 232 801 289 multis
828 248 887 291 se
920 234 1305 317 beneﬁciorum
1343 235 1628 307 impendiis
1656 240 1706 298 Α
1733 240 1971 307 unicum,
2012 242 2105 312 qui
2133 244 2289 300 nobis
2313 252 2414 311 est,
2447 243 2674 300 vitulum
2714 252 2978 310 mactans,
3027 245 3320 299 cmnaturis

9 323 318 378 sanctitati
346 324 465 394 ejus
488 338 606 378 esse
631 332 858 380 testatur
884 325 1214 393 obnoxiam;
1259 328 1401 398 quod
1426 327 1634 383 scilicet
1737 349 1964 405 appone.
2020 334 2173 391 Dicto
2205 336 2296 392 illa
2341 337 2718 395 incunctanter
2741 337 2951 409 paruit,
2999 344 3320 407 coetumque

8 414 144 483 zjus
171 414 443 471 doctrinis
479 414 805 482 illuminata,
857 419 997 487 quod
1028 434 1124 489 per
1147 434 1269 473 cum
1317 436 1425 473 non
1464 418 1631 474 semel
1734 428 1959 482 vitulum
1989 428 2042 482 in
2075 444 2258 484 mensa
2290 431 2582 501 componit.
2613 430 2908 500 Episcopus
2948 429 3105 485 solito
3148 428 3319 485 absti-

7 515 186 599 est-aL
213 509 471 599 sordibus
524 509 792 564 haeresum
839 520 1157 580 expurgatu,
1208 512 1351 580 quod
1401 512 1632 582 denique
1734 537 1891 587 nens,
1916 523 2133 599 fzcteris
2168 539 2318 580 esum
2349 524 2555 581 indicit.
2610 524 2779 582 Coena
2827 524 3100 595 explicita,
3129 523 3323 580 beatus

10 595 327 687 nulliplici
389 600 773 655 miracnlorum
846 601 1091 673 lampade
1157 603 1442 659 illustrata.
1502 602 1633 670 Qua:
1734 595 2038 669 Germa'nus
2068 614 2345 671 mulierem
2375 623 2586 680 evocat,
2625 616 2980 687 imperatque,
3011 626 3070 672 ιιι
3098 632 3220 672 ossa
3242 615 3324 672 vi-

8 685 296 757 quoniam
333 687 614 745 doctorum
646 692 905 747 nobilium
945 694 1123 749 studio
1164 693 1360 750 litlcris
1386 704 1507 749 sunt
1535 695 1634 749 ali-
1736 705 1828 760 mli
1859 705 2079 762 οοιιρριο
2129 708 2436 779 diligentius
2471 724 2632 778 super
2675 685 2977 780 feniculum
3028 708 3143 777 ejus
3196 715 3324 764 ante

8 787 308 875 l'lalemls
365 782 782 875 εοιηιξιθησιίιῑυ,
854 782 1141 838 ίιεηιιίοηε
1200 801 1309 840 non
1366 785 1627 853 in-ligenl-
1736 810 1966 856 matrem
2018 803 2071 858 in
2118 805 2380 874 praesepio
2425 814 2733 875 componat.
2765 805 2883 872 Quo
2913 803 3055 860 facto
3099 803 3321 874 (mirum

7 867 232 973 Ῠωξιιξτ
288 887 455 926 "nm"
507 872 771 930 Ῐίηηοδηηι
820 876 961 973 inte?
988 886 1206 941 “me”:
1239 877 1390 948 cuius
1435 879 1500 934 ad
1534 896 1632 935 "03
1735 891 1878 947 dictu
1916 895 2058 964 quod
2099 894 2203 963 est)
2230 896 2433 952 vitulus
2484 898 2687 967 absque
2716 912 2868 952 mora
2899 895 3158 961 surrexit,
3207 910 3323 950 ma~

6 964 227 1018 notitia
268 979 368 1035 per
394 977 639 1021 sanctum
673 982 857 1023 senem
902 968 1159 1034 Marcum,
1188 969 1427 1040 ejusdem
1455 974 1626 1043 gentis

1740 987 1913 1057 trique
1952 988 2262 1053 coadstans,
2312 990 2567 1060 pabulum
2604 964 2843 1060 carpere
2871 991 3054 1060 cwpit.
3088 990 3222 1045 Tum
3255 989 3323 1044 ad
3360 1034 3365 1045 .

5 1056 348 1154 DPiscopum
383 1060 729 1154 ἀθευευηξξίῖ
785 1060 878 1132 qui
931 1063 1149 1118 ηίιῑίοηθ
1201 1064 1416 1134 quidem
1458 1064 1630 1131 Βιίῐοο
1735 1088 1993 1151 utrosque
2018 1098 2311 1138 conversus
2336 1084 2564 1139 antistes
2599 1101 2613 1137 :
2650 1083 2832 1150 Salvo,
2865 1083 3067 1154 inquit,
3100 1081 3326 1153 praemio

5 1149 295 1206 educatus
342 1167 471 1207 vero
518 1154 570 1208 in
626 1152 904 1222 Hibernia,
964 1167 1087 1225 post
1122 1156 1277 1229 longa
1310 1158 1626 1227 pontiﬁcalis

1740 1149 2019 1229 charitatis
2052 1175 2174 1244 jura
2205 1174 2447 1243 hospitii,
2498 1173 2587 1228 tali
2618 1174 2833 1229 interim
2860 1149 3124 1230 beneficio
3172 1188 3323 1228 com-

5 1242 343 1335 sanctitatis
367 1244 651 1309 exercitia,
681 1246 980 1303 ultroneam
1008 1248 1107 1303 sibi
1140 1250 1630 1321 peregrinationem
1734 1274 1959 1335 pensata
2011 1242 2256 1335 γέοίρίιε,
2307 1242 2634 1321 Ρωγοηιυη,
2678 1266 2757 1323 rei
2791 1266 3096 1322 mirabilem
3128 1264 3327 1322 eoum,

5 1334 249 1392 indixit.
299 1336 390 1393 Sic
413 1339 694 1396 traductus
714 1341 767 1395 in
792 1339 1098 1407 Franciam,
1126 1342 1462 1414 piissimique
1491 1344 1626 1414 regis

1740 1370 1926 1411 omnes
1952 1358 2226 1427 prazconio
2253 1358 2607 1413 sustulerunt.

5 1427 208 1484 Caroli
242 1430 609 1488 muniﬁcentia
648 1433 876 1499 illectus,
904 1436 1048 1506 apud
1075 1437 1355 1493 beatorum
1394 1437 1632 1492 Medardi
1807 1450 1896 1507 82,
1940 1451 1997 1505 ιη
2027 1453 2338 1508 crastinum
2372 1452 2614 1522 ροηιετρχ
2654 1451 2913 1522 palatium
2958 1450 3175 1522 τερειίι,
3237 1464 3326 1506 η-

3 1530 60 1577 et
91 1521 420 1580 Sebastiani
449 1526 756 1582 emnohium
786 1540 812 1570 α
841 1529 1278 1586 anachoreticam
1306 1540 1525 1585 exercet
1556 1530 1633 1584 vi-
1736 1543 1925 1613 sisque
1956 1543 2024 1598 ad
2050 1543 2323 1613 publicum
2366 1521 2708 1614 ριοωειοιειω-
2747 1560 3047 1617 egressum,
3077 1542 3230 1597 ιιιιιιη
3258 1541 3328 1597 ab

3 1624 152 1681 tam,
217 1616 510 1689 singularis
555 1627 742 1675 nostro
791 1628 1033 1691 tempore
1074 1620 1248 1677 unicae
1280 1622 1626 1691 philosophus

1740 1636 1944 1691 intimis
1967 1637 2347 1705 procedentem
2362 1636 2665 1694 Germanus
2692 1616 2910 1708 excipit,
2935 1647 3097 1707 atque
3121 1634 3329 1707 potenti

3 1712 360 1771 sanctitatis.
412 1710 512 1767 Hic
539 1712 722 1768 multis
748 1728 931 1768 coram
967 1714 1164 1783 sepius
1206 1712 1410 1770 referre
1439 1714 1626 1769 solitus

1740 1727 2110 1797 objurgatione
2150 1730 2463 1789 verborum,
2516 1744 2617 1784 cur
2649 1729 2751 1783 sibi
2802 1727 2979 1798 pridie
3030 1725 3329 1797 hospitium

3 1814 159 1870 erat.
186 1803 522 1861 Germanum
555 1804 951 1862 εθηειίεείίηιιω
984 1806 1066 1877 (ιη
1096 1807 1264 1876 il”ius
1283 1817 1408 1861 “'3’
1428 1804 1628 1876 νετδίε)
1732 1819 2034 1887 negaverit,
2066 1833 2288 1875 severus
2318 1819 2572 1886 exquirit.
2601 1818 2716 1875 Rex
2742 1831 2961 1889 stupore
2995 1817 3206 1874 deﬁxus
3250 1816 3330 1872 in-

3 1911 128 1952 suae
160 1897 408 1951 nationis
434 1896 735 1966 apostolum
755 1936 771 1961 ,
816 1896 936 1952 vice
962 1896 1220 1966 quadam,
1256 1898 1382 1952 dum
1409 1896 1626 1951 Britan-

1740 1911 1969 1979 torpuit,
2032 1912 2241 1980 virique
2291 1911 2594 1967 constantia
2634 1913 2932 1977 attonitus,
2987 1925 3017 1964 a
3067 1922 3328 1985 responso

3 1991 139 2047 nias
166 1999 485 2061 Ρετηῖεδνθι
510 2031 526 2056 ν
607 1991 750 2062 1³981⁵
807 1992 1069 2062 Palatium
1110 2007 1232 2047 cum
1264 1991 1375 2046 ευίδ
1398 1990 1632 2060 ἀίδείρυ·
1732 2002 1949 2058 defecit.
1985 2002 2118 2056 Tum
2147 2001 2450 2058 Germanus
2484 2004 2804 2058 auctoritate
2849 2001 3103 2065 mirabili,
3156 2001 3326 2069 Egre—

1 2083 73 2139 lis
124 2084 417 2140 introisse.
449 2084 581 2140 Erat
609 2094 721 2139 tum
750 2085 924 2141 hiems
974 2084 1215 2150 horrida,
1257 2100 1359 2141 nec
1395 2084 1631 2140 homini-
1732 2093 1881 2154 dere,
1909 2093 2104 2161 inquit,
2140 2101 2195 2149 et
2223 2102 2434 2164 sceptra
2467 2093 2619 2164 regni
2666 2093 2876 2148 meliori
2927 2092 3196 2162 permitte.
3233 2089 3329 2146 Illo

1 2176 115 2231 bus
171 2176 381 2242 solum,
432 2192 623 2233 verum
664 2178 833 2233 etiam
877 2179 1007 2248 ipsis
1046 2178 1236 2234 bestiis
1281 2178 1630 2234 vehementer
1729 2181 2362 2248 b:esitante,.Gcrmanus
2402 2183 2591 2240 baculo
2636 2192 2977 2239 cunctantem
3010 2181 3325 2251 impellens,

1 2269 246 2324 infesta.
293 2269 478 2339 Itaque
507 2269 713 2324 directo
743 2270 808 2324 ad
839 2285 1019 2340 regem
1055 2270 1414 2333 internuntio.
1442 2283 1632 2339 super-
1730 2274 2058 2345 Egredieris,
2093 2276 2202 2337 ait;
2231 2284 2286 2329 et
2313 2275 2453 2331 sicut
2474 2275 2754 2330 definitum
2787 2282 2999 2331 constat
3024 2290 3054 2328 a
3078 2272 3326 2337 Domino,

1 2368 276 2417 ventura:
294 2360 440 2416 nocti
464 2361 757 2432 hospitium
792 2362 1105 2432 postulavit.
1142 2362 1255 2416 [lex
1303 2361 1512 2426 abnuit,
1548 2369 1630 2415 at-
1731 2380 2074 2435 nequaquam
2126 2366 2382 2435 deinceps
2436 2365 2493 2421 in
2545 2374 2807 2421 :eternnm
2866 2371 3133 2436 potestate
3179 2361 3328 2433 regia

1 2468 137 2525 que,
183 2461 252 2507 ut
301 2463 420 2508 erat
439 2461 496 2510 et
522 2462 685 2523 gente
730 2463 786 2509 et
811 2454 994 2509 animo
1026 2453 1307 2514 barbarus,
1356 2455 1626 2524 negotium
1731 2458 1992 2513 abuteris.
2046 2457 2317 2512 Barbarus
2342 2457 2724 2513 auctoritatem
2754 2458 3028 2514 caelestem
3077 2456 3131 2511 in
3181 2454 3327 2510 Prte—

1 2544 392 2616 ﬂoccipendit.
440 2543 647 2599 Interea
698 2545 1003 2600 Germanus
1032 2561 1154 2601 cum
1203 2546 1482 2615 discipulis
1528 2547 1630 2602 sub
1731 2549 1845 2604 sule
1872 2549 2252 2616 reformidans,
2280 2565 2401 2605 cum
2426 2548 2652 2619 coniuge
2672 2560 2726 2606 et
2748 2550 2929 2605 liberis
2959 2547 3327 2603 indifferenter

0 2638 136 2694 divo
161 2635 503 2709 persistens,
537 2636 662 2693 steti
689 2637 1089 2693 inclementiam
1138 2637 1384 2695 infractis
1430 2639 1629 2696 animis
1734 2641 1810 2711 (id
1840 2652 1911 2694 est
1942 2641 2061 2696 sine
2091 2642 2367 2711 dilatione)
2400 2642 2697 2711 egreditur,
2745 2640 2930 2711 palatii
2976 2638 3120 2695 fores
3150 2647 3329 2693 reten-

1733 2739 1849 2787 tare
1874 2734 2015 2788 nulla
2056 2736 2284 2804 posthac
2308 2735 2515 2790 ratione
2558 2743 2806 2791 conatus.
2836 2734 2973 2791 Tum
2999 2733 3321 2799 Germanus,

86 2822 185 2878 8t.
218 2819 454 2891 Jamque
496 2820 583 2876 die
608 2821 662 2876 in
691 2836 975 2892 vesperam
1005 2830 1214 2886 coacto,
1261 2822 1516 2878 subulcus
1541 2839 1628 2878 re-
1730 2838 1839 2878 uno
1884 2838 1952 2878 ex
1980 2823 2263 2893 discipulis
2310 2826 2541 2892 directo,
2588 2826 2869 2881 subulcum
2922 2841 3046 2883 cum
3096 2823 3325 2894 conjuge

14 2915 100 2987 gis
124 2928 423 2985 regressus
452 2928 483 2968 a
527 2914 765 2983 pascuis,
821 2929 1048 2983 pensum
1105 2915 1402 2984 quotidiani
1443 2916 1624 2971 salarii
1668 2982 1700 2988 _
1731 2923 1957 2981 evocat;
2020 2924 2185 2986 atque
2233 2917 2486 2972 universo
2520 2925 2769 2987 stupente
2817 2916 3041 2988 palatio,
3073 2916 3130 2970 in
3172 2914 3324 2987 regni

18 2982 317 3077 acceptum
352 3020 420 3060 ex
463 2982 666 3075 palatio
717 3006 782 3059 ad
810 2982 1089 3076 proprium
1118 2982 1388 3076 tugurium
1421 3007 1625 3062 refere-
1657 2982 1703 3045 ε
1733 3008 1945 3062 culmen
1999 2982 2292 3079 componit.
2340 3008 2420 3065 Ex
2471 3026 2538 3066 eo
2599 2982 2843 3080 tempore
2892 3008 2946 3066 in
2998 2982 3324 3066 hodiernum

16 3101 134 3157 bat.
194 3100 248 3154 ls
288 3098 380 3153 ubi
408 3097 741 3153 Germanum
769 3098 1144 3153 beatissimum
1190 3099 1471 3169 conspexit
1505 3099 1633 3155 bru-
1733 3114 1891 3173 reges
1921 3115 1988 3154 ex
2014 3100 2225 3155 subulci
2271 3116 2469 3171 genere
2506 3102 2836 3171 prodeuntes
2858 3142 2875 3168 ,
2906 3102 3113 3157 nationi
3149 3100 3326 3158 Brito-

22 3194 148 3249 mali
178 3194 416 3249 horrore
445 3207 569 3247 cum
605 3191 884 3260 discipulis
913 3192 1302 3257 tabescentem,
1343 3192 1632 3261 appropin-
1733 3207 1863 3249 num
1912 3191 2248 3255 dominatur,
2305 3193 2413 3246 Deo
2441 3208 2539 3262 per
2582 3194 2800 3249 beatum
2847 3192 3177 3249 Germanum
3234 3206 3325 3249 res

19 3302 200 3363 quans
227 3285 502 3349 cominus,
529 3292 652 3340 orat
675 3284 970 3348 humiliter,
1002 3290 1077 3347 ut,
1111 3283 1236 3354 quis
1265 3292 1428 3349 esset,
1458 3299 1634 3354 quave
1732 3283 2000 3339 humanas
2042 3282 2364 3338 mirabiliter
2390 3283 2695 3339 ordinante.
2746 3283 2873 3340 Haec
2915 3284 2991 3339 ita
3015 3283 3154 3354 apud
3206 3281 3326 3338 Bri—

21 3394 90 3436 ex
110 3394 288 3436 causa
319 3378 462 3434 inter
485 3376 699 3449 algores
724 3376 920 3432 nimios
963 3376 1072 3433 illic
1098 3387 1426 3444 moraretur,
1451 3377 1632 3435 edice-
1733 3377 1974 3433 tanniam
2001 3376 2287 3433 catholicis
2323 3377 2521 3433 litteris
2541 3378 2827 3444 contineri,
2867 3378 3160 3448 przedictus
3189 3372 3323 3437 mihi

20 3478 126 3528 ret.
174 3469 429 3539 Cumque
474 3468 610 3524 nihil
641 3467 985 3523 certitudinis
1028 3482 1094 3524 ex
1145 3483 1405 3538 responso
1439 3482 1632 3538 perce-
1731 3467 2018 3538 episcopus
2068 3464 2425 3537 iurisiurandi
2473 3468 2882 3538 interpositione
2906 3468 3197 3534 ﬁrmabat;
3229 3482 3324 3523 cu-

27 3562 222 3631 pisset,
252 3575 505 3632 personae
534 3560 795 3629 dignitate
825 3558 1140 3630 pernotus;
1190 3553 1320 3623 Οἱσο,
1348 3560 1448 3624 ait,
1483 3559 1633 3629 quis-
1726 3557 1817 3629 jus
1858 3558 2181 3628 probitatem
2218 3559 2445 3630 quisque
2490 3569 2747 3631 expertus
2795 3569 2899 3625 est,
2951 3558 3132 3615 verbis
3178 3557 3323 3617 illius

28 3654 151 3725 quis
177 3670 262 3722 es,
290 3654 531 3718 duritiae,
560 3661 620 3706 ut
644 3667 837 3722 parcas
867 3651 1101 3722 corpori,
1125 3653 1373 3721 servique
1407 3652 1483 3706 tui
1510 3666 1632 3708 suc-
1732 3650 1893 3707 ﬁdem
1927 3649 2119 3708 cedere
2157 3651 2305 3708 nullo
2335 3650 2493 3707 modo
2519 3651 2786 3707 dubitabit
2810 3652 2859 3706 δ.
2891 3651 2936 3708 Ο
2972 3651 3147 3706 virum
3180 3650 3325 3707 inter

30 3748 228 3805 cedere
257 3747 502 3817 digneris
538 3745 790 3816 hospitio,
835 3761 901 3801 ac
925 3746 1165 3810 dentium,
1187 3746 1231 3800 si
1260 3762 1369 3816 qua
1394 3760 1632 3816 pauper-
1731 3745 2043 3801 mortalium
2073 3746 2288 3819 agmina
2335 3746 2709 3816 singularem?
2746 3745 2790 3804 Ο
2829 3747 3104 3805 hominem
3154 3745 3325 3817 ipsius

7 2728 318 2785 tolerabat.

33 3841 127 3896 tati
174 3855 313 3897 mete
359 3846 651 3909 suppetunt
701 3838 896 3904 ofﬁcia,
931 3847 1247 3909 receptare:
1290 3855 1398 3895 non
1437 3855 1631 3910 parum

32 3931 175 3986 enim
203 3932 471 3986 interesse
519 3928 675 3985 video
700 3970 716 3994 ,
766 3929 1098 3986 imminentis
1149 3929 1324 3986 noctis
1357 3932 1633 4003 angustias

35 4028 437 4097 quantumlibet
472 4025 566 4082 vili
614 4026 891 4083 domicilio
928 4034 1252 4097 temperare.
1300 4026 1418 4083 Non
1445 4042 1632 4098 asper-

36 4129 196 4175 natus
245 4134 498 4189 personas
543 4118 884 4189 qualitatem,
922 4120 1187 4175 successit
1233 4120 1518 4190 hospitiozz
1572 4129 1631 4177 et
1670 4167 1683 4181 .

40 4227 156 4281 quae
181 4212 283 4269 sibi
335 4227 369 4267 a
395 4227 631 4283 paupere
652 4213 1119 4282 impendebantur,
1164 4216 1425 4285 obsequia
1458 4216 1629 4272 libens

39 4307 268 4376 excepit.
310 4306 445 4361 Erat
474 4305 545 4361 illi
572 4306 625 4361 in
654 4307 866 4377 peculio
894 4323 1056 4364 vacca
1085 4317 1292 4364 tantum
1312 4319 1370 4364 et
1400 4308 1622 4365 titulus:

1654 4353 1703 4415 D

1723 3835 1836 3906 jam
1890 3839 2190 3895 divinitatis
2248 3838 2490 3911 symbola
2548 3839 2963 3910 praeferentem!
3035 3837 3147 3894 Nec
3196 3837 3325 3896 dum
3387 3913 3393 3919 θ

1729 3930 1930 3987 luteam
1994 3932 2191 3989 molem
2252 3932 2538 4002 deposuit;
2598 3940 2653 3987 et
2686 3933 2800 4002 jam
2828 3947 2949 3987 cum
2994 3930 3213 3987 Christo
3257 3929 3326 3989 de

1729 4027 1931 4081 mundo
1953 4026 2219 4089 decernit,
2262 4032 2560 4096 potestates
2587 4025 2820 4090 ordinat,
2875 4040 3039 4096 regna
3062 4024 3322 4094 disponit.

1728 4117 1979 4183 Insanum
2012 4127 2061 4172 te
2088 4117 2263 4189 palam
2297 4117 2590 4188 pronuntio
2610 4157 2625 4181 ,
2659 4116 2905 4188 quisquis
2932 4114 3185 4172 Germani
3209 4130 3325 4173 me-

1729 4210 1835 4266 rito
1860 4210 2081 4280 provehi
2110 4207 2334 4280 populos
2360 4210 2428 4265 ad
2462 4226 2628 4282 regna
2675 4210 2918 4265 coelestia
2945 4224 3104 4283 posse
3130 4208 3324 4280 despe-

1729 4317 1843 4368 ras,
1900 4319 2062 4375 quem
2114 4312 2363 4361 terrenos
2403 4301 2581 4359 adhuc
2626 4303 2914 4363 vehentem
2967 4311 3122 4359 artus
3171 4308 3324 4361 tanta

37 4412 437 4470 conversusque
490 4400 560 4454 ad
603 4415 826 4456 uxorem
863 4419 878 4457 :
924 4402 992 4457 Et
1037 4417 1145 4458 non
1188 4403 1480 4475 intelligis,
1520 4403 1619 4470 ait,
1655 4397 1700 4415 ν
1727 4397 1965 4469 potuisse
1991 4397 2322 4456 consideras.

41 4500 296 4560 quantum
318 4492 623 4564 susceperis
653 4494 919 4563 hospitem
952 4512 969 4549 :
1000 4496 1284 4568 accingere
1315 4496 1523 4567 itaque,
1562 4503 1623 4553 et

106 4658 135 4688 ⁸
156 4646 773 4721 Cauchiumintelligit,
804 4649 949 4720 quod
976 4652 1117 4721 apud
1134 4651 1454 4709 Suessiones
1476 4650 1620 4706 San-

43 4726 252 4793 ctorum_
278 4719 514 4793 Medardi
576 4735 639 4775 ac
692 4719 1298 4793 Sebastiauij'eliqniis
1326 4722 1620 4793 celeberri-

47 4789 371 4881 ntuanuit;
427 4789 492 4845 de
516 4805 624 4861 quo
670 4791 825 4862 plura
873 4789 1213 4850 Mabillonius
1234 4795 1288 4851 in
1322 4792 1621 4850 Annalibus
1701 4872 1707 4881 Ι

44 4859 257 4925 passim.

1804 4660 1832 4701 δ
1862 4658 1960 4714 Adi
1982 4667 2164 4714 unum
2199 4675 2320 4732 quae
2343 4658 2411 4715 de
2431 4658 2517 4717 his
2551 4664 2808 4725 omnibus
2848 4663 2912 4720 tu
2932 4653 3344 4718 Communia

1736 4731 1877 4788 dicta
1900 4739 2025 4788 sunt
2049 4731 2278 4809 ξηρῆς
2302 4731 2358 4788 'l.

78 4968 3385 5026 mw

1182 5103 1487 5191 LIBER
1580 5106 2170 5194 SECUNDUS.

1422 5248 1916 5276 —-———__——-

628 5324 1015 5387 PROLOGUS.

1733 5347 1895 5404 etiam
1942 5345 2375 5406 consequenter
2434 5337 2797 5407 omnifariam
2844 5322 3386 5396 consummandus
3415 5320 3451 5416 At
