3876 5416
515 343 650 404 ηδτ

1534 337 1761 406 HERlCl
1797 343 2100 404 MONACHI
2132 339 2788 401 ANTISSIODORENSIS

3651 338 3772 399 ηις

515 462 611 516 tati
643 469 899 531 prmstare
924 458 1211 530 placuerit,
1237 473 1299 514 ea
1323 458 1692 516 indifferenter
1715 460 1776 531 (ἱ.
1809 476 1855 514 e.
1887 454 2089 526 statim)
2118 459 2172 518 Α
2265 452 2354 508 85.
2392 453 2636 524 Cumque
2667 453 2926 525 plurimos
2951 461 3008 507 et
3034 452 3383 509 srecularium
3416 455 3521 510 hoc
3550 464 3776 527 tempore

513 550 727 608 schedis
767 551 952 605 indere
999 565 1104 606 non
1149 551 1415 620 gravabor
1451 563 1498 604 α.
1545 550 1746 606 Libens
1799 565 1929 606 vero
1969 549 2095 605 huic

512 641 783 711 astringar
829 641 1030 707 debito,
1083 657 1186 698 nec
1228 657 1293 698 eo
1317 657 1404 697 me
1432 642 1591 698 velim
1622 644 1786 698 eximi
1818 658 2091 713 unquam;

512 731 762 802 quodque
787 731 1060 799 solvendo,
1092 741 1147 786 et
1194 747 1468 802 nunquam
1491 733 1864 802 persolvendo,
1891 733 2096 788 utinam

509 821 741 876 vinculis
789 823 1016 877 emicem
1071 824 1334 892 corporis,
1385 834 1767 894 perseverante
1811 839 1936 896 erga
1968 825 2098 880 Ger-

513 912 660 967 mani
707 914 1026 969 memoriam
1087 931 1313 970 summae
1350 925 1404 970 et
1440 917 1774 986 perantiqua:
1815 915 2097 988 privilegio

512 1005 837 1060 sanctitatis.
869 1005 1040 1062 Habet
1071 1007 1158 1062 ille
1206 1007 1387 1078 plures
1413 1017 1562 1062 tanto
1585 1010 1803 1079 negotio
1835 1009 2102 1078 aptiores,

513 1095 600 1150 cui
631 1096 676 1150 si
707 1096 958 1152 deessent
984 1099 1225 1168 propria,
1260 1109 1487 1154 externa
1518 1087 1757 1156 certe‘ad
1805 1108 1988 1156 votum
2011 1099 2095 1154 ul-

514 1196 600 1243 tro
631 1188 1025 1246 famularentur
1071 1193 1364 1262 obsequia;
1408 1209 1618 1258 verum,
1671 1193 1796 1247 dum
1826 1191 2095 1264 quondam

515 1291 776 1339 tractaret
795 1285 1096 1352 sazcularia,
1123 1296 1347 1342 noverat
1371 1302 1503 1342 auro
1527 1287 1730 1352 bibere,
1759 1296 1984 1342 noverat
2015 1287 2098 1342 in-

514 1376 726 1431 terdum
769 1384 821 1431 et
853 1377 1108 1434 fictilibus
1133 1379 1429 1449 prandere;
1477 1377 1709 1450 cumque
1736 1381 1928 1450 pocula
1971 1395 2096 1450 sup-

512 1477 760 1539 peterent
809 1485 1051 1542 gemmea
1083 1471 1334 1542 principi,
1369 1487 1474 1528 non
1507 1482 1684 1528 tamen
1717 1474 1968 1529 horrebat
1999 1487 2098 1544 pro

514 1568 756 1632 tempore
786 1561 836 1616 in
869 1563 1178 1633 multiplicis
1209 1579 1367 1619 usum
1401 1565 1686 1620 ministerii
1717 1566 1879 1620 etiam
1906 1565 2098 1636 ligneis

511 1653 611 1708 uti.
659 1653 775 1709 Non
808 1657 1206 1725 aspernabitur,
1248 1658 1427 1720 credo,
1454 1675 1551 1712 sua
1580 1658 1849 1728 praeconia
1885 1673 1983 1729 per
2014 1658 2099 1712 in-

511 1743 697 1801 ﬁmum
728 1756 782 1802 et
810 1747 1074 1819 elinguem
1114 1749 1319 1819 digeri;
1353 1748 1505 1818 cuius
1557 1759 1702 1805 tanta
1753 1760 1838 1806 est
1873 1751 2097 1806 merito-

2198 546 2382 604 videas
2405 547 2716 602 ambitionis
2739 545 2979 601 fovendae
3007 547 3182 617 gratia
3212 546 3629 604 ecclesiasticas
3662 568 3778 622 pra-

2197 641 2424 697 lationes
2455 641 2698 696 inhiare:
2751 641 2848 696 hos
2892 648 3079 695 nostra
3109 648 3441 710 tempestate
3463 642 3556 697 vel
3593 645 3778 714 primos
3874 635 3876 640 ’

2203 732 2289 788 vel
2310 731 2455 789 solos
2476 732 2774 798 exstitisse,
2803 748 2935 802 pace
2955 741 3274 788 cunctorum
3300 735 3568 801 dixerim,
3597 739 3688 808 qui
3709 756 3778 794 sa-

2196 837 2412 878 crorum
2437 822 2676 878 locorum
2699 832 2949 893 suscepta
2995 832 3280 894 potestate,
3309 841 3425 883 non
3449 828 3632 897 magis
3658 845 3778 898 pne-

2195 928 2315 968 esse
2340 911 2368 952 τι
2389 913 2679 979 voluerint,
2709 929 2868 984 quam
2905 915 3189 985 prodesse;
3244 930 3346 973 nec
3398 919 3648 974 astuanti
3677 937 3780 975 an.

2196 1006 2336 1062 ritiae
2365 1021 2645 1064 servorum
2675 1006 2770 1063 Dei
2824 1009 3178 1078 Oppressione
3223 1011 3583 1077 satisfacere,
3615 1029 3778 1068 verum

2196 1098 2519 1169 obrepentes
2547 1099 2650 1156 illis
2685 1101 3006 1172 indigentias
3030 1104 3269 1172 propriis
3290 1105 3500 1174 opibus
3530 1116 3622 1159 aut
3655 1109 3779 1177 peni-

2200 1200 2284 1247 tus
2313 1193 2630 1258 excludere,
2664 1202 2757 1248 aut
2783 1194 3137 1250 tolerabiliter
3168 1205 3512 1266 temperare.
3554 1196 3686 1263 Hoc,
3714 1218 3780 1256 me

2198 1291 2432 1351 tacente,
2481 1285 2679 1356 ubique
2723 1293 2990 1356 terrarum
3038 1286 3271 1344 diversm
3298 1288 3662 1344 conclamant
3704 1291 3779 1345 Ec-

2198 1375 2399 1440 clesiae,
2435 1377 2627 1432 horum
2677 1375 2960 1432 devotione
3002 1378 3456 1448 incomparabili,
3497 1380 3590 1435 vel
3629 1396 3775 1436 rerum

2199 1466 2370 1536 c0piis
2394 1475 2586 1532 auctae,
2618 1465 2700 1521 vel
2738 1477 3186 1523 ornamentorum
3217 1471 3664 1540 competentiam
3689 1472 3776 1542 gl-J-

2199 1559 2278 1614 ria
2298 1559 2914 1631 notabiliterinsignitze.
2935 1559 3117 1616 Locus
3143 1561 3197 1615 id
3227 1571 3431 1616 noster
3461 1563 3554 1617 vel
3582 1565 3778 1618 maxime
3873 1563 3876 1631 i

2203 1659 2558 1714 contestatur,
2593 1651 2685 1721 qui
2715 1651 3026 1706 eorumdem
3058 1651 3480 1722 multiplicibus
3510 1658 3779 1710 auctnsdo-

2201 1744 2388 1808 uariis,
2429 1743 2714 1799 ordinabili
2771 1743 3076 1800 Divinitatis
3111 1745 3478 1815 providentia
3507 1746 3778 1817 huiusmodi

511 1851 631 1891 rum
659 1838 850 1908 gloria,
882 1849 941 1894 ut
986 1842 1151 1896 mutis
1175 1857 1388 1914 quoque
1424 1843 1557 1914 ipsis
1583 1843 1792 1913 copiam
1836 1845 1902 1900 de
1933 1860 1990 1900 se
2019 1845 2094 1901 lo-

2204 1836 2367 1906 cmpit
2386 1836 2608 1891 exordio
2633 1835 2898 1908 insigniri.

512 1929 713 1999 quendi
764 1928 992 1985 sufﬁciat
1038 1931 1268 2004 largiri:
1304 1934 1515 2002 eritque
1571 1935 1850 2005 dignitatis
1904 1951 2094 2006 genus,

520 2021 734 2076 modica
761 2022 828 2102 de
858 2023 1084 2079 modicis
1115 2040 1350 2090 sumere,
1379 2025 1470 2095 qni
1502 2041 1659 2095 posse
1703 2027 1890 2082 subest
1917 2029 2101 2098 ingen-

511 2112 583 2167 tia
617 2129 843 2184 qmeque
873 2114 938 2170 de
984 2116 1234 2171 maximis
1266 2127 1564 2188 receptare.
1593 2118 1712 2174 Jam
1750 2121 1947 2176 dudum
1973 2137 2098 2191 pro-

509 2207 727 2276 ponenti
765 2207 947 2263 dicere
975 2208 1143 2264 multa
1173 2225 1233 2264 se
1270 2210 1518 2270 certatim
1563 2212 1834 2283 ingerunt,
1866 2228 2097 2282 quorum

513 2298 589 2353 nil
619 2299 789 2368 prius,
842 2301 917 2355 nil
967 2303 1362 2371 competentius
1410 2302 1572 2359 libelli
1607 2305 1872 2361 vestibulo
1923 2306 2098 2377 praefi-

514 2392 747 2462 gendum
784 2406 930 2458 reor,
960 2407 1120 2463 quam
1151 2393 1302 2460 illud,
1329 2410 1436 2464 quo
1465 2404 1621 2465 pacto
1651 2395 2095 2452 muniﬁcentissi-

512 2499 633 2539 mus
663 2483 824 2540 Pater
861 2494 1047 2541 noster
1081 2496 1263 2542 nostra
1294 2487 1510 2557 quidem
1545 2489 1807 2544 memoria
1844 2505 1945 2545 suo
1970 2490 2098 2544 sub-

511 2575 835 2632 veniendum
864 2578 1101 2634 decrevit
1147 2577 1288 2634 loco.
1322 2578 1383 2633 Ei
1407 2579 1483 2634 rei
1518 2579 1679 2634 talem
1710 2579 1879 2637 fuisse
1907 2595 2096 2637 conse-

512 2666 814 2736 quentiam,
850 2667 1091 2740 subjecta
1115 2667 1374 2725 relatione
1404 2668 1731 2725 declaratur.

1024 2781 1251 2838 CAPUT
1286 2781 1574 2839 PRIMUM.

513 2872 666 2931 Nova
689 2875 920 2931 ecclesia:
951 2873 1010 2931 S.
1046 2875 1296 2931 Germani
1318 2879 1372 2932 in
1399 2877 1627 2932 camobio
1651 2877 2097 2932 Antissiodorensi

726 2945 951 3014 fabrica,
982 2946 1252 3002 miraculis
1273 2958 1322 3001 et
1345 2959 1508 3019 empta
1537 2957 1584 3001 et
1617 2947 1874 3016 confecta.

585 3037 673 3092 84.
691 3037 1047 3094 Chuonradus
1067 3039 1318 3109 princeps
1343 3039 1753 3104 famosissimus,
1777 3040 1980 3110 collega
2003 3056 2092 3096 re-

511 3141 662 3198 gum,
691 3136 748 3180 et
767 3127 908 3184 inter
931 3128 1192 3198 primates
1217 3129 1421 3185 aulicos
1450 3131 1692 3201 apprime
1721 3129 1973 3202 inclytus,
1997 3145 2095 3201 per

514 3218 569 3274 id
600 3219 860 3288 temporis
888 3221 1035 3291 regia
1068 3221 1434 3278 munificentia
1463 3223 1734 3289 maximis,
1759 3233 1813 3279 et
1841 3239 1938 3279 sua
1967 3239 2097 3279 con-
2122 3189 2168 3253 Ο

513 3309 688 3382 dignis
732 3311 1010 3368 nobilitate
1060 3311 1300 3386 fulgebat
1348 3315 1644 3372 honoribus
1673 3316 1720 3369 ι).
1757 3315 1964 3388 Conjux
2018 3316 2097 3374 illi

512 3411 632 3458 erat
661 3403 961 3461 Adheleidh
991 3406 1229 3472 nomine,
1262 3408 1557 3478 primorum
1601 3417 1657 3464 et
1683 3409 1798 3481 ipsa
1835 3403 2100 3465 natalium

513 3497 736 3566 perinde
777 3499 946 3556 titulis
974 3500 1242 3572 gloriosa;
1292 3502 1490 3572 quippe
1515 3518 1632 3571 qua:
1672 3503 1814 3557 avita
1843 3503 2096 3574 antiquo-

515 3605 633 3645 rum
659 3607 945 3662 procerum
974 3593 1199 3648 oriunda
1224 3597 1542 3665 prOpagine,
1571 3595 1909 3665 splendorem
1933 3611 2098 3668 gene-

508 3679 588 3734 ris
611 3681 1006 3751 augustissimte
1025 3683 1396 3753 aequiparabat
1425 3693 1706 3739 stemmate
1747 3685 2026 3754 dignitatis
2045 3696 2093 3739 ο.

509 3766 771 3826 Iunxerat
805 3773 904 3829 hos
951 3790 1073 3830 cum
1119 3775 1352 3848 coniugii
1405 3777 1664 3839 charitas,
1720 3783 1833 3831 tum
1880 3776 2097 3834 socialis

512 3863 688 3931 gratia
731 3865 1014 3936 probitatis
1033 3909 1048 3934 ,
1080 3868 1415 3924 fortunarum
1444 3869 1850 3939 amplitudinem
1877 3870 2097 3939 religio-

510 3955 594 4010 nis
622 3955 673 4010 in
706 3956 896 4025 Deum,
931 3960 1315 4015 moderationis
1340 3961 1392 4014 in
1417 3962 1670 4016 saeculum
1694 3961 1926 4016 cultibus
1957 3977 2095 4017 exae-

511 4057 762 4116 quantes.
799 4050 932 4104 Mira
982 4051 1034 4105 in
1064 4054 1308 4121 personis
1363 4052 1712 4108 saecularibus
1758 4050 2090 4120 ofﬁciositas,

513 4139 704 4210 ingens
747 4141 982 4210 devotio,
1017 4143 1408 4215 inexplicabilis
1455 4146 1578 4202 fidei
1631 4144 1974 4216 magnitudo;
2035 4156 2096 4202 ut

513 4230 730 4289 difficile
775 4235 1022 4304 judicare
1071 4236 1364 4304 snlliceres,
1417 4248 1539 4294 uter
1565 4254 1751 4294 eorum
1790 4239 1844 4293 in
1874 4237 2091 4310 religio«

513 4339 636 4380 nem
667 4327 908 4396 pronior,
941 4329 996 4384 in
1023 4338 1240 4386 sanctos
1265 4331 1579 4398 ferventior,
1612 4333 1665 4388 in
1690 4347 1988 4403 pauperum
2013 4331 2096 4386 di-

507 4417 784 4490 ligentiam
832 4419 1012 4494 [Lab.,
1065 4423 1440 4496 indigentiam]
1470 4425 1739 4494 copiosior
1771 4430 2088 4494 appareret;

510 4507 584 4562 ita
637 4525 695 4565 se
740 4510 959 4582 pietatis
1007 4513 1293 4568 certabant
1351 4512 1542 4570 ofﬁciis
1589 4515 1908 4584 praevenire,
1966 4529 2090 4569 cum

511 4594 727 4666 fastigio
768 4598 1064 4668 dignitatis,
1116 4609 1230 4656 tum
1287 4602 1453 4658 etiam
1508 4603 1725 4659 virtutis
1772 4601 2094 4660 aemulanda:

513 4687 694 4743 studio
721 4689 970 4744 omnibus
995 4691 1251 4760 potiores.

580 4850 607 4878 ι
637 4836 827 4916 Siquid
860 4847 1038 4916 tamen
1069 4851 1192 4912 post
1220 4844 1435 4916 editum,
1472 4846 1576 4902 hoc
1603 4860 1741 4916 opus
1776 4847 1842 4902 de
1867 4845 1924 4902 S.
1957 4846 2095 4903 Ger-

508 4910 654 4992 mani
690 4911 966 4967 miraculis
1015 4910 1283 4970 notaverit
1313 4915 1559 5014 l3ericus,
1612 4910 1663 4971 id
1709 4932 1834 4973 cum
1878 4918 2093 4974 schedis

508 4994 736 5014 hara-cca
782 4998 1003 5014 ιιΛΛιιοιυι
1030 4994 1106 5014 nol
1153 5003 1166 5014 ι
1196 4985 1297 5014 ..ιρι
1369 4988 1453 5014 ..ΞΛ
1483 4987 1580 5014 ζου-2
1616 4989 1759 5014 Δυνυι-Σ
1791 4998 1911 5014 συν..
1953 5005 2059 5014 νη-..

782 4998 1003 5014 unauana
1030 4994 1106 5014 Λιοθ
1153 5003 1166 5014 ι
1196 4985 1297 5014 ιιξθζ
1331 4987 1453 5014 ιιιιζΛ
1483 4987 1580 5014 :nn:
1616 4989 1759 5014 .snA-:
1791 4998 1911 5014 -ιιΑσιο
1953 5005 2059 5014 αα.-.-

2274 1929 2362 1984 86.
2396 1929 2724 1984 Memoratus
2775 1929 3025 2000 princeps
3069 1946 3194 1986 cum
3233 1931 3294 1986 in
3340 1931 3475 1987 dies
3524 1933 3776 2002 magniﬁcis

2203 2024 2467 2079 honorum
2517 2022 2851 2093 profectibus
2900 2023 3191 2094 singularis
3269 2023 3571 2080 attolleret
3612 2028 3774 2096 apicem

2202 2115 2504 2185 potestatis,
2541 2115 2790 2185 contigit,
2813 2116 3079 2172 secundas
3107 2131 3196 2171 res
3223 2116 3388 2172 illius
3419 2121 3769 2189 extemporali-

2204 2206 2564 2261 terirruentis
2599 2206 2924 2261 incommodi
2975 2205 3226 2262 molestia
3281 2207 3766 2264 interturbari:iu

2205 2311 2435 2365 namque
2463 2295 2623 2350 unius
2649 2295 2928 2350 oculorum
2968 2295 3149 2351 clades
3195 2296 3468 2353 immane
3488 2299 3766 2362 confecerat

2202 2395 2260 2443 ut
2287 2386 2578 2441 accedente
2606 2393 2864 2456 tempore,
2910 2387 3080 2442 crassi
3120 2389 3487 2457 superductu
3515 2391 3763 2462 glaucom-

2202 2478 2271 2533 Iis
2295 2478 2494 2549 pupilla
2522 2477 2800 2545 deficiens,
2835 2494 2957 2534 cum
2988 2479 3185 2535 damno
3215 2480 3470 2538 luminis
3500 2483 3761 2538 intolerm

2199 2570 2439 2641 quotidie
2461 2579 2811 2626 coacervaret
2834 2581 3122 2642 augmenta
3152 2571 3403 2629 doloris.
3437 2573 3625 2630 Turba
3651 2578 3763 2631 ωέιὲο

2199 2679 2386 2718 corum
2433 2677 2464 2718 e
2505 2662 2706 2732 palatio
2752 2662 3073 2733 cunctisque
3099 2664 3258 2735 regni
3312 2666 3592 2736 partibus
3631 2679 3766 2722 coacta

2200 2755 2553 2820 confluxerat,
2593 2753 2978 2810 multiformem
3010 2756 3144 2811 artis
3194 2757 3584 2825 industriam,
3610 2760 3770 2814 collatis

2200 2847 2406 2918 peritia:
2447 2845 2671 2911 viribus,
2723 2846 2776 2900 in
2806 2846 3104 2916 principem
3152 2862 3518 2918 expensum.
3562 2851 3773 2906 Dictaei.

2204 2945 2420 3006 tumque
2467 2935 2671 3006 absque
2701 2950 2878 3006 operae
2909 2936 3084 3005 pretio
3131 2936 3505 3005 laboratum;
3564 2943 3770 3011 quidquid

2200 3027 2451 3082 humanae
2478 3027 2580 3082 fuit
2608 3028 2976 3099 experientiae,
3007 3029 3207 3085 frustm
3235 3045 3646 3104 consumptum
3677 3045 3767 3088 est:

2199 3120 2272 3174 ita
2299 3120 2480 3175 adulta
2514 3123 2680 3191 pestis
2714 3122 2904 3192 visque
2933 3123 3178 3178 morbida
3205 3126 3432 3180 sensim
3463 3131 3768 3188 crudescem,

2197 3213 2446 3282 quamvis
2471 3213 3014 3283 spectatissimorum,
3046 3223 3101 3269 et
3130 3224 3259 3270 vota
3292 3226 3362 3272 et
3406 3235 3612 3274 manus
3642 3220 3772 3274 ἀιδρε-

2200 3309 2286 3356 rat
2315 3303 2669 3358 medicorum.
2696 3302 2880 3374 Itaque
2910 3305 3052 3374 quod
3081 3307 3220 3362 artis
3251 3318 3345 3362 est
3374 3311 3471 3364 vel
3497 3312 3767 3372 maxima.

2199 3394 2285 3451 vel
2305 3410 2638 3466 supremum,
2663 3395 2808 3450 ferro
2834 3397 3185 3468 cauterioque
3211 3401 3532 3468 agendum,
3552 3404 3681 3473 quod
3701 3419 3771 3458 sa-

2199 3494 2448 3558 pererat,
2507 3487 2884 3544 decreverunt.
2955 3488 3216 3561 Princeps
3289 3509 3512 3566 urgere
3569 3498 3768 3558 factum;

2201 3581 2634 3652 quandoquidem
2658 3596 2723 3637 eo
2745 3583 2950 3638 sanitas
2981 3582 3386 3654 desperabatur
3417 3589 3643 3645 infecto.
3667 3589 3771 3644 Tac

2203 3671 2362 3726 tando
2391 3671 2606 3750 negotio
2629 3672 2806 3728 dictus
2828 3673 2943 3728 dies
2973 3674 3062 3744 pie
3083 3674 3280 3746 impias
3305 3679 3656 3736 medicorum
3679 3695 3771 3750 pro-

2197 3763 2429 3818 vocabat
2457 3745 2746 3818 instantius
2770 3761 3012 3818 oflicinas
3033 3764 3098 3836 (ἱ.
3120 3745 3169 3820 e.
3204 3764 3442 3839 ofﬁcia).

2267 3854 2356 3910 87.
2379 3852 2608 3925 Jamque
2636 3855 2854 3920 aderat;
2880 3869 3003 3909 cum
3052 3854 3141 3910 ille
3184 3855 3336 3912 inter
3365 3874 3531 3930 spem
3567 3869 3765 3915 metun-

2198 3960 2303 4016 que
2324 3940 2464 4002 satis
2500 3947 2713 4012 anxius,
2764 3956 2823 4002 ut
2852 3956 3067 4003 noctem
3115 3948 3231 4004 fere
3268 3957 3454 4006 totam
3496 3953 3764 4008 insomnu

2196 4044 2469 4107 exegerat,
2503 4035 2918 4092 antelucandum
2969 4048 2992 4075 θ
3036 4037 3300 4105 credidit;
3338 4041 3606 4098 caelestes
3649 4042 3763 4113 pris

2197 4127 2522 4198 quaesiturus
2565 4129 2814 4198 precibus
2858 4130 3174 4194 medicinas,
3212 4132 3284 4185 ad
3321 4135 3640 4204 sepulcrum
3663 4135 3762 4190 Ger-

2197 4221 2341 4276 mani
2365 4221 2661 4277 beatissimi
2708 4232 2957 4278 votorum
2978 4222 3173 4293 plenus
3198 4227 3440 4280 accessit
3466 4244 3483 4293 ;
3519 4227 3762 4281 fratribus-

2197 4328 2302 4383 que
2329 4321 2648 4368 nocturnam
2676 4313 2964 4368 stationem
2987 4327 3054 4369 ex
3083 4327 3236 4368 more
3263 4317 3672 4385 peragentibus,
3695 4315 3762 4369 δὴ

2198 4407 2364 4463 totius
2388 4417 2570 4477 strage
2596 4406 2839 4476 corporis
2869 4407 2924 4461 in
2951 4389 3204 4463 oratione
3232 4409 3560 4478 procubuit.
3585 4412 3760 4464 Intern

2198 4498 2351 4554 dolor
2376 4498 2567 4554 saevire
2612 4498 2826 4563 acrius;
2858 4497 2948 4554 ille
2979 4508 3163 4553 tamen
3215 4499 3584 4556 nihilominus
3614 4509 3764 4569 capto

2199 4592 2510 4665 persistere.
2556 4591 2732 4648 Locus
2776 4591 2964 4646 herbis
3007 4601 3126 4646 erat
3157 4593 3413 4648 consitus
3469 4592 3491 4632 τ
3529 4612 3542 4646 :
3591 4593 3670 4647 his
3697 4591 3763 4645 in:

2198 4685 2396 4747 iniecta
2419 4701 2603 4753 manu,
2634 4684 2885 4756 captandi
2913 4684 3088 4756 gratia
3129 4685 3433 4758 refrigerii.
3460 4687 3674 4743 oculum
3701 4684 3764 4740 fo-

2198 4837 2376 4962 ρι’ἰοῖἓι
2385 4835 2609 4920 conjuge
2630 4834 2995 4906 Ermengarde
3010 4851 3026 4902 ;
3043 4844 3104 4892 ut
3123 4837 3332 4894 ibidem
3360 4851 3620 4897 asserunt
3640 4841 3764 4898 Sm—

2199 4924 2317 4962 mar
2380 4923 2487 4962 am.

2199 4917 2487 4964 marthani.

2267 4978 2294 5014 ἀ
2321 4979 2553 5014 omni-nl
2571 4992 2700 5014 anan
2729 4978 2903 5014 [mnino
2921 4978 3136 5014 “Inuum
3160 4990 3476 5014 .omnnmnm
3535 5001 3652 5014 ιιι...-
3677 4986 3742 5014 ιιι-ἶ
