3876 5416
73 224 228 282 1249

1077 231 1166 288 DE
1205 228 1574 286 MIRACULIS
1610 227 1670 284 s.
1710 226 2040 286 GERMANI.
2069 216 2140 274 £—
2172 228 2302 290 LIB.
2341 231 2386 288 l.

3192 224 3332 296 1230

75 341 163 396 vit
191 339 528 410 aliquandiu.
585 340 742 399 Horae
794 343 1013 415 paululo
1067 346 1356 416 interjecto
1383 385 1397 411 ,
1450 358 1664 398 manum
1696 347 1742 404 Α
1771 341 1925 397 vibus
1967 343 2290 400 informatur
2336 360 2399 402 ea
2442 347 2860 420 pulchritudine,
2910 364 2975 407 ea
3020 351 3335 421 subtilitate,

73 433 251 488 fronti
281 435 548 501 detrahit,
601 438 892 510 herbisque
936 441 1198 496 submotis
1225 481 1240 506 ,
1293 441 1656 495 omnimodam

73 539 206 578 cum
223 524 410 581 dolore
441 527 668 582 miratus
696 538 778 584 est
801 533 1028 587 cessisse
1071 531 1377 602 caliginem.
1408 530 1486 584 lta
1518 530 1660 586 beati

72 614 342 669 Germani
370 617 576 672 meritis
605 620 834 690 principi
863 621 1169 676 consultum
1199 621 1567 684 devotissimo,
1602 629 1662 677 ut

73 704 248 761 unius
273 721 434 761 usura
465 706 684 763 diluculi
714 718 768 780 et
797 711 1037 767 minaces
1064 712 1394 767 medicorum
1424 721 1661 768 terrores

73 803 329 858 exueret,
378 804 433 850 et
472 796 683 869 integra
732 800 892 870 scpiti
951 803 1295 875 reparatione
1323 803 1541 859 luminis
1593 805 1662 861 de

72 893 282 941 caetero
300 885 592 942 frueretur.
613 888 824 946 Laudes
845 891 898 945 in
921 891 1106 959 Deum,
1132 903 1311 964 grates
1334 896 1387 950 in
1411 903 1660 952 sanctum

69 975 380 1032 funduntur
406 978 790 1049 inexplebiles;
825 982 1184 1053 collatumque
1204 985 1524 1043 beneficium
1563 988 1660 1042 du-

69 1069 207 1140 plici
259 1071 620 1142 gratulatione
647 1076 962 1145 suscipitur,
1021 1078 1166 1147 quod
1207 1086 1262 1133 et
1314 1081 1658 1150 repentinum

73 1161 334 1229 accessit,
359 1171 415 1219 et
440 1165 721 1235 impacata:
750 1167 1077 1248 valetudinis
1102 1168 1464 1226 inevitabilem
1479 1188 1661 1228 neces-

68 1255 316 1320 sitatem,
355 1255 494 1312 ultra
543 1272 705 1328 quam
729 1261 871 1317 votis
912 1263 1142 1334 aspirari
1167 1272 1398 1335 poterat,
1427 1265 1659 1319 circum-

71 1349 318 1421 scripsit.
355 1351 619 1422 Quodque
643 1363 770 1411 tunc
799 1357 1017 1428 quidem
1062 1375 1174 1430 pra:
1201 1362 1447 1416 manibus
1474 1361 1658 1415 inven-

72 1447 192 1494 tum
239 1450 342 1504 est,
399 1444 640 1500 armillas
675 1461 867 1503 aureas
920 1465 1078 1536 sacro
1126 1453 1375 1523 sepulcro
1440 1451 1654 1518 obtulit,

69 1533 380 1590 devotionis
393 1549 522 1591 vero
542 1545 750 1594 tantum
775 1549 830 1596 et
851 1533 1240 1600 benevolentia:
1260 1559 1386 1613 erga
1409 1555 1655 1599 sanctum

69 1625 328 1697 concepit
353 1625 553 1694 locum,
586 1639 848 1700 quantum
880 1643 1067 1703 postea
1099 1651 1282 1690 rerum
1309 1617 1499 1706 ingens
1526 1631 1654 1705 pro;

1765 448 1885 501 quae
1926 435 2082 504 digna
2123 438 2434 507 angelorum
2464 441 2847 513 hominumque
2881 460 3024 517 rege,
3054 462 3173 517 quae
3206 463 3336 503 san-

1764 535 1970 581 ctorum
1987 527 2227 599 collegio,
2245 547 2364 600 quin
2385 532 2550 602 ipsius
2568 535 2728 589 etiam
2752 535 2853 591 loci
2871 537 3151 608 majestate
3169 547 3335 595 esset.

1762 617 2025 689 Expensis
2066 625 2498 692 competentibus
2525 629 2865 696 praeparatis,
2898 639 3178 687 exactores
3223 648 3338 686 ma-

1761 709 2025 781 gistrique
2043 727 2264 782 operum
2289 715 2628 787 deliguntur;
2653 733 2881 790 quorum
2910 721 3202 792 irrequieto
3223 732 3341 778 stu-

1765 799 1874 864 dio,
1913 815 2233 873 summaque
2284 804 2538 861 instantia
2575 809 2896 865 immensum
2927 827 3062 882 opus
3100 816 3339 871 incredi-

1762 889 1856 945 bili
1876 891 2161 968 celeritate
2178 896 2473 967 peragitur,
2499 907 2646 954 tanta
2669 900 2940 956 facilitate.
2956 919 3158 968 rerum,
3187 914 3334 960 tanta

1763 980 2046 1038 alacritate
2070 962 2408 1053 animorum;
2442 997 2499 1044 ut
2528 990 2584 1045 in
2609 1000 2861 1062 promptu
2892 999 3036 1047 esset
3063 995 3335 1062 omnibus,

1762 1073 2001 1129 divinum
2023 1079 2240 1144 negotio
2263 1081 2607 1136 concurrisse
2635 1081 2898 1137 favorem.
2929 1082 3005 1137 De
3030 1084 3182 1154 cujus
3205 1099 3338 1154 qua-

1762 1163 1917 1220 litate
1962 1165 2180 1223 fabricae
2210 1169 2377 1225 multa
2418 1169 2616 1238 forent,
2648 1187 2768 1242 quae
2819 1174 2886 1228 ad
2915 1169 3128 1230 laudem
3157 1177 3338 1246 operis

1753 1255 1878 1326 jure
1899 1258 2092 1316 litteris
2117 1263 2537 1331 mandarentur;
2568 1281 2754 1320 verum
2782 1266 2906 1338 quia
2928 1275 2982 1322 et
3011 1268 3180 1323 oculis
3208 1268 3336 1323 sub-

1753 1345 1898 1416 jecta
1929 1358 2032 1416 est,
2079 1359 2134 1406 et
2161 1350 2276 1408 fere
2303 1355 2552 1410 omnibus
2579 1356 3003 1427 circumquaque
3031 1359 3336 1424 notissima,

1760 1443 2085 1508 parcendum
2130 1444 2183 1497 in
2216 1442 2412 1501 talibus
2439 1448 2646 1518 paginae
2689 1463 2787 1520 per
2811 1449 2984 1521 magis
3029 1451 3337 1507 necessaria

1747 1531 2028 1598 posterius
2061 1533 2368 1591 dilatandae.

1832 1622 1922 1677 90.
1948 1624 2189 1681 Robusta
2211 1627 2485 1700 diligentia
2514 1631 2818 1687 confectum
2834 1647 3000 1702 opus;
3025 1635 3338 1706 multisque,

65 1713 225 1769 bavit
251 1715 493 1773 ell'ectus.
523 1717 620 1774 uis
644 1719 723 1776 ita
751 1723 1043 1793 explicitis,
1085 1724 1140 1779 in
1164 1725 1248 1780 sui
1269 1705 1407 1797 juris
1432 1725 1658 1782 recessit
1684 1705 1732 1767 Β
1758 1714 2053 1784 opitulante
2074 1718 2204 1785 Dea.
2237 1719 2448 1776 saeculis
2477 1722 2792 1778 duraturum
2827 1724 3152 1781 Chuonrado
3180 1705 3338 1797 prin-

65 1805 381 1864 latifundia.
497 1864 499 1867 .

141 1897 233 1952 88.
287 1898 426 1954 Exin
466 1913 596 1957 vero
645 1903 976 1973 quotidianis
1007 1904 1376 1978 processibus
1433 1909 1658 1965 intimus

65 1989 356 2046 crescebat
392 1992 574 2060 ardor,
608 2008 807 2049 novum
843 1997 1178 2068 perindeque
1226 2000 1420 2054 decens
1454 2000 1658 2070 aliquid

59 2080 272 2147 moliri,
302 2083 444 2153 quod
494 2092 548 2140 et
577 2099 688 2140 suae
723 2101 823 2156 par
849 2087 1120 2144 devotioni
1154 2098 1211 2143 et
1259 2091 1404 2146 beati
1447 2091 1656 2146 confes-

61 2172 212 2227 soris
239 2175 586 2230 commodum
612 2177 874 2233 existeret
902 2179 1172 2250 dignitati.
1204 2181 1312 2236 Piis
1340 2182 1406 2236 de
1433 2183 1543 2237 Deo
1563 2198 1656 2239 co-

62 2266 326 2335 gltatibus
356 2266 568 2323 felicem
616 2284 722 2324 non
756 2269 943 2326 deesse
990 2271 1218 2338 exitum,
1250 2271 1411 2343 hujus
1440 2289 1656 2345 quoque

63 2365 336 2424 proventu
373 2357 450 2412 rei
483 2358 816 2415 declaratum
858 2372 942 2416 est
973 2375 987 2415 :
1021 2362 1335 2418 excellentis
1381 2365 1656 2421 memoria“:

61 2445 355 2518 conjugem
401 2450 661 2517 advocat,
692 2454 1201 2525 communicatoque
1230 2469 1354 2511 cum
1391 2471 1454 2511 ea
1485 2471 1651 2528 nego-

59 2539 166 2604 tio,
190 2541 318 2609 quid
345 2542 448 2598 sibi
477 2544 691 2600 sederet
735 2546 939 2613 animo,
980 2548 1178 2618 quidve
1202 2547 1512 2606 faciendum
1554 2551 1653 2607 de-

59 2645 338 2700 cerneret,
371 2636 680 2693 evidentius
709 2640 1004 2697 intimavit.
1034 2642 1135 2707 Ea,
1169 2644 1311 2712 quod
1332 2655 1477 2699 esset
1499 2645 1651 2717 inge-

59 2725 146 2780 nii
175 2725 486 2797 singularis,
511 2736 566 2783 et
591 2743 715 2784 cum
745 2745 959 2786 summo
987 2731 1108 2787 loco
1134 2741 1280 2799 nata,
1307 2741 1420 2787 tum
1448 2734 1654 2804 ingeni-

63 2824 137 2870 tae
165 2831 378 2890 quoque
413 2820 714 2890 prudentiae
739 2822 862 2878 dote
882 2824 1177 2895 praecipua,
1213 2839 1327 2880 rem
1354 2825 1498 2881 illico
1525 2841 1651 2898 per-

62 2911 204 2966 vidit
237 2913 553 2969 acutissime
582 2932 595 2968 :
643 2929 712 2970 ex
759 2931 855 2971 ore
889 2917 1150 2989 principis
1176 2917 1401 2973 verbum
1432 2920 1647 2989 rapuit;

60 3004 320 3074 quodque
359 3015 480 3060 erat
535 3006 853 3076 inspiratum
905 3009 1186 3072 divinitus,
1236 3010 1648 3066 accelerandum

65 3113 232 3168 quam
261 3108 442 3169 posset
467 3099 700 3154 maxime
728 3100 1029 3169 persuasit;
1064 3115 1123 3156 se
1147 3101 1313 3156 totius
1336 3102 1532 3157 molem
1558 3118 1652 3158 ne-

64 3189 200 3258 gotii
229 3189 528 3258 subituram
559 3188 915 3245 libentissime
954 3209 967 3244 :
1002 3190 1048 3246 si
1077 3205 1185 3261 qua
1211 3191 1527 3246 viderentur
1551 3192 1652 3247 dif-

71 3281 262 3349 ficilia,
306 3283 470 3352 justis
507 3281 669 3339 facile
695 3298 917 3339 cessura
953 3284 1268 3350 desideriis;
1297 3284 1560 3350 futurum,
1591 3293 1652 3340 ut

67 3389 180 3440 res,
226 3390 534 3445 quanquatn
563 3375 754 3441 ardua,
778 3377 928 3432 brevi
957 3377 1152 3447 cupita
1183 3375 1531 3447 perfectionis
1571 3377 1652 3433 fa-

66 3466 286 3538 stigium
339 3468 631 3523 obtineret.
686 3467 908 3525 Talibus
944 3469 1221 3534 animata,
1264 3471 1650 3526 maturandum

64 3560 330 3626 credidit;
359 3560 646 3631 omnisque
688 3576 854 3617 mora:
883 3562 1191 3632 impatiens,
1234 3564 1299 3617 ad
1344 3563 1488 3617 beati
1517 3562 1651 3618 Ger-

66 3653 216 3706 mani
245 3653 550 3708 coenobium
577 3669 643 3709 ex
676 3654 828 3725 jussu
868 3654 1129 3726 principis
1170 3653 1412 3725 profecta
1464 3670 1650 3725 perve-

64 3746 180 3811 nit;
215 3760 278 3800 ac
301 3745 534 3816 primum
572 3745 677 3800 loci
702 3747 969 3817 positione
997 3756 1284 3818 perspecta
1305 3747 1645 3818 diligentius,

63 3847 351 3910 postquam
399 3854 498 3894 suo
544 3839 680 3894 vidit
723 3849 918 3895 cuncta
967 3841 1294 3910 respondere
1346 3842 1642 3911 proposito,

64 3933 176 3987 dici
222 3947 328 3987 non
370 3940 588 4001 potest,
638 3940 843 4002 quanto
883 3947 941 3987 se
969 3931 1184 3988 fervore
1230 3932 1498 3987 addixerit
1533 3947 1648 3988 co:-

65 4023 178 4094 ptis
221 4023 499 4089 insistere;
549 4023 839 4078 dummodo
873 4023 1138 4078 Divinitas
1191 4022 1466 4100 religionis
1506 4023 1645 4079 ﬂexa

66 4115 510 4186 dispositionibus
537 4155 552 4181 ,
617 4115 762 4184 quod
809 4114 945 4169 velle
1011 4115 1273 4180 dederat,
1331 4130 1490 4185 posse
1552 4115 1646 4170 do-

65 4216 246 4263 itaret.

59 4343 69 4358 .
141 4299 228 4356 89.
254 4299 386 4355 Erat
413 4299 568 4356 locus
595 4299 827 4354 naturali
875 4300 1108 4370 quodam
1139 4299 1244 4355 situ
1269 4299 1644 4357 commodissi-

1759 1807 1867 1878 cipi
1895 1808 2120 1880 ejusque
2139 1809 2310 1882 jugali
2335 1813 2734 1894 benignissima:
2759 1816 3118 1873 immortalem
3136 1819 3206 1875 'de
3230 1834 3339 1874 ete-

1760 1906 1878 1954 tero
1917 1899 2058 1956 feret
2091 1903 2410 1958 memoriam
2443 1907 2780 1974 meritorum,
2830 1924 3058 1978 quorum
3112 1923 3339 1979 pronam

1759 2000 1816 2047 et
1839 1992 2317 2064 incomparabilem
2345 1997 2400 2050 in
2421 2011 2520 2052 nos
2541 1998 2826 2069 locumque
2855 2009 3100 2055 nostrum
3124 2016 3190 2056 ex
3222 2001 3341 2055 ani-

1761 2097 1849 2138 lllO
1877 2084 2348 2153 benevolentiam,
2362 2087 2698 2155 posteritatis
2721 2103 2936 2159 quoque
2983 2088 3198 2144 illorum
3226 2089 3339 2145 hae-

1758 2173 2020 2229 reditaria
2052 2175 2265 2230 devotio
2288 2177 2660 2246 comprobavit
2691 2196 2704 2232 :
2735 2177 2829 2232 filii
2854 2191 2881 2220 ι
2911 2179 3117 2236 scilicet
3143 2181 3340 2251 requis-

1759 2264 2020 2322 simorum
2051 2277 2335 2336 parentum
2363 2277 2419 2324 et
2465 2271 2725 2339 probitati
2757 2279 2811 2327 et
2855 2272 3043 2342 pietati
3074 2289 3235 2343 quam
3263 2273 3339 2328 si-

1758 2358 1984 2415 millime
2008 2361 2426 2431 respondentes;
2456 2364 2650 2432 quibus
2676 2364 2816 2420 ultra
2846 2378 3028 2431 omne,
3069 2367 3212 2437 quod
3238 2367 3337 2423 hu-

1758 2466 1981 2506 manum
2023 2460 2123 2517 est,
2158 2453 2298 2508 idem
2329 2453 2481 2510 locus
2502 2462 2558 2510 et
2604 2456 2786 2512 animo
2816 2458 2956 2512 sedit
2991 2465 3046 2512 et
3076 2458 3334 2514 indicihili

1757 2557 1946 2598 amore
1971 2543 2327 2600 charissimus
2385 2546 2664 2603 evidenter
2703 2547 2984 2619 apparuit;
3013 2563 3170 2619 quos,
3211 2551 3339 2621 quia

1753 2632 1868 2703 jam
1891 2632 2090 2687 dudu'm
2123 2633 2428 2703 incipientis
2454 2634 2728 2692 felicitatis
2751 2645 2950 2693 nostm
2996 2640 3340 2697 successibus

1758 2725 2123 2795 torquebaris,
2145 2725 2343 2781 acerbo
2381 2736 2684 2798 praeventos
2703 2744 2923 2797 occasu,
2947 2745 3090 2798 sors,
3113 2733 3340 2788 saeculo-

1759 2831 1879 2870 rum
1926 2817 2205 2885 provectui
2255 2832 2468 2888 semper
2489 2820 2692 2888 invida,
2719 2821 3004 2877 sustulisti.
3040 2823 3118 2880 Ne
3154 2832 3336 2880 tamen

1757 2921 1857 2962 nos
1879 2907 2190 2962 omnimoda
2218 2909 2596 2978 praesidiorum
2640 2927 2736 2982 spe
2768 2912 3112 2984 interceptos,
3143 2924 3203 2970 ut
3229 2931 3339 2973 cte-

1759 3014 1939 3069 peras,
1986 3015 2373 3071 usquequaque
2401 3011 2793 3071 prosterneres,
2846 3003 3086 3061 infrenes
3110 3016 3340 3064 conatus

1761 3097 1884 3142 tuos
1906 3097 1961 3142 et
2000 3089 2117 3142 dira
2142 3089 2421 3146 molimina
2449 3107 2633 3149 rerum
2675 3095 3128 3165 prudentissimus
3153 3100 3341 3155 mode-

1757 3185 1908 3231 rator
1955 3177 2136 3245 elusit,
2184 3181 2350 3246 hunc,
2402 3182 2494 3251 qui
2550 3182 2690 3238 coelo
2743 3184 3006 3255 propitio,
3060 3199 3340 3258 superstes

1759 3271 1957 3336 adhuc,
1995 3271 2186 3328 vitales
2216 3273 2396 3344 carpit
2435 3288 2621 3341 auras,
2647 3284 2847 3331 nostrae
2891 3278 3127 3348 primum
3154 3281 3336 3350 saluti,

1757 3362 2050 3416 multorum
2077 3363 2276 3420 dehinc
2300 3364 2442 3432 usui,
2471 3373 2788 3422 cunctorum
2835 3377 3111 3437 postremo
3158 3372 3338 3443 profe-

1757 3453 1868 3509 ctui
1889 3452 2235 3510 reservando.

1827 3546 1916 3600 91.
1942 3547 1991 3602 ls
2009 3555 2092 3602 est
2122 3546 2295 3619 Hugo,
2323 3555 2386 3604 ut
2417 3549 2623 3621 absque
2674 3553 3058 3610 assentationis
3100 3554 3224 3614 fuco
3246 3571 3338 3614 ve-

1755 3655 1876 3696 rum
1907 3639 2105 3708 fatear,
2133 3650 2190 3696 et
2216 3641 2436 3698 nomine
2459 3650 2517 3698 et
2537 3643 2714 3700 oliicio
2734 3646 2934 3701 abbas:
2964 3649 3031 3704 de
3049 3663 3157 3718 quo
3184 3651 3340 3720 quid-

1754 3733 1884 3804 quid
1931 3733 2138 3799 dixero,
2171 3733 2328 3806 longe
2355 3734 2495 3790 infra
2528 3738 2780 3792 meritum
2810 3739 2981 3810 ipsius
3024 3751 3142 3810 est;
3190 3759 3332 3815 prae-

1755 3832 1970 3895 statque
1990 3825 2055 3880 de
2078 3839 2145 3879 eo
2175 3825 2338 3880 silere
2359 3831 2458 3895 ‘per
2479 3829 2682 3894 omnia,
2709 3844 2872 3900 quam
2896 3846 3088 3901 parum
3111 3834 3291 3892 dicere
3317 3853 3330 3891 :

1753 3933 1930 3990 neque
1957 3920 2101 3975 enim
2147 3919 2440 3990 quidquam
2483 3937 2629 3977 nunc
2675 3924 2741 3978 de
2770 3937 2836 3979 eo
2874 3926 3214 3982 tractandum
3241 3941 3336 3982 su-

1752 4013 1956 4084 scepti;
1989 4014 2092 4068 nisi
2142 4013 2285 4084 quod
2332 4013 2530 4068 eximia
2563 4013 2763 4084 proles,
2822 4017 3055 4087 egregiis
3106 4032 3335 4074 manans

1751 4106 2106 4178 genitoribus,
2133 4106 2232 4161 bos
2261 4120 2422 4175 quam
2469 4107 2742 4163 simillime
2769 4118 2883 4163 tum
2911 4110 3188 4180 dignitate,
3219 4120 3333 4167 tum

1751 4200 1994 4256 moribus
2040 4207 2408 4270 repraesentat.
2443 4200 2523 4256 Eo
2573 4199 2774 4256 factum
2827 4211 2930 4269 est,
2962 4211 3022 4258 ut
3069 4205 3333 4275 paternis,

1752 4297 2029 4345 annuente
2080 4290 2211 4355 Deo,
2245 4289 2503 4347 suffectus
2550 4291 2867 4360 honoribus,
2914 4294 3073 4350 avitae
3122 4312 3330 4353 memor

64 4410 221 4460 mus;
253 4402 416 4464 atque
439 4407 470 4447 a
499 4401 652 4463 parte
677 4393 949 4460 orientali,
978 4393 1121 4450 clivo
1155 4393 1355 4449 montis
1380 4394 1640 4465 paulatim

1761 4379 1958 4453 gloriae,
2005 4387 2061 4436 et
2098 4381 2386 4451 potestatis
2422 4391 2476 4436 et
2524 4382 2814 4452 probitatis
2845 4384 3037 4453 patria:
3069 4385 3333 4443 robustis-

68 4490 419 4556 lentescente,
450 4496 823 4560 competenter
847 4489 1054 4544 accline
1079 4489 1365 4558 pendulus,
1416 4490 1560 4546 ultro
1587 4505 1646 4546 se

1761 4471 1921 4528 simus
1940 4471 2114 4527 haeres
2127 4471 2347 4537 existat,
2369 4472 2528 4527 beato
2541 4481 2858 4544 protegente
2882 4473 3178 4543 Germano,
3197 4477 3341 4534 votis

67 4569 347 4653 cujusdam
373 4581 607 4653 ingentis
631 4580 850 4646 fabricae
876 4574 1320 4650 conceptionibus
1341 4583 1641 4653 ingerebat.

1761 4564 1956 4622 nostris
1978 4572 2407 4634 cunctorumque
2449 4563 2688 4619 ﬁdelium
2716 4567 2785 4621 ad
2815 4576 3017 4622 sanctae
3043 4566 3213 4626 decus
3233 4569 3340 4625 Ec-

66 4676 153 4730 Ad
181 4674 414 4729 artilices
440 4673 625 4728 talium
665 4673 1165 4743 experientissimos
1204 4688 1292 4728 res
1321 4673 1641 4730 confertur:

1761 4657 1935 4714 elesiae
1955 4667 2011 4713 et
2059 4657 2362 4712 diutissime
2387 4663 2443 4710 et
2472 4654 2702 4712 feliciter
2729 4656 3024 4714 floriturus.
3058 4657 3170 4714 Sed
3225 4673 3345 4715 me-

70 4767 261 4823 horum
292 4764 554 4820 industria
602 4764 668 4818 ad
696 4763 799 4818 loci
825 4761 1282 4834 opportunitatem
1329 4764 1642 4831 accedente,
1753 4753 1982 4811 mOI‘iam
2007 4750 2150 4806 illius
2173 4750 2298 4816 Viri.
2330 4763 2522 4857 ompe‘s
2543 4751 2672 4805 anni
2702 4751 3360 4857 excipientconsequetf

70 4859 309 4930 concepti
339 4856 520 4926 operis
562 4854 838 4924 exemplar
890 4853 1193 4918 conficitur,
1237 4864 1291 4910 et
1329 4856 1482 4926 quasi
1512 4872 1646 4927 quo-
1759 4859 1858 4905 tes.
1902 4844 2086 4950 ilebus
2115 4856 2262 4950 [sane
2288 4839 2644 4950 suavidapsu
2693 4840 3374 4950 decurrentibus‘jucup:

72 4951 191 5007 dam
235 4947 494 5021 prmludio
520 4945 713 5000 futura:
741 4945 910 5002 moles
936 4943 1320 5016 magnitudinis
1348 4947 1490 5002 ceris
1516 4948 1645 5004 bre-
1759 4943 1884 5000 dum
1903 4937 2081 4993 fuerat
2111 4934 2235 5007 (pro
2249 4930 2421 5004 esses)
2453 4931 2770 5006 immorari;
2799 4934 2905 4992 nisi
2935 4945 3020 4987 res
3045 4931 3289 4994 ordine
3309 4938 3395 4981 εοθθ

1759 5095 2064 5168 Mabillonio
2089 5092 2141 5147 in
2170 5090 2563 5168 Annalibusad
2593 5107 2798 5154 annum
2822 5096 2980 5168 illum
3001 5102 3174 5168 num.
3233 5085 3429 5168 55.32

1759 5147 2562 5248 ίῖῖιῖιεξίιξξιρισο,-έ-ιλριιιηιμίίξ,
2594 5147 2944 5248 «saginae
2968 5147 3445 5248 ιιειιξιείιίγιέιεε

1757 5226 1928 5304 λάθω
1961 5226 2178 5306 dimisi
2216 5235 2308 5306 qui
2350 5246 2472 5306 Qum
2515 5226 2676 5304 iuxta
2720 5226 2844 5298 m'ox
2877 5230 3147 5306 dicenda,
3201 5226 3421 5306 309?“:

1750 5293 2080 5376 esset-solus
2115 5293 2250 5378 haec.
2270 5293 2541 5378 scribente
2575 5293 3127 5378 Hericorsequitul“.
3169 5314 3242 5355 ιι
3269 5315 3294 5359 t

1757 5361 1954 5416 ’.ἱῗῖιὶιζ
1969 5361 2053 5416 im-
2079 5361 2411 5416 νρΐριζηέιιιιν,
2445 5375 2550 5416 him
2576 5361 2794 5416 ξηζζξιῖἔ
2811 5361 3019 5416 tigrim
3045 5365 3118 5416 ab
3145 5380 3190 5416 a
3210 5387 3235 5416 ι
3253 5361 3458 5416 Ictore

75 5105 301 5160 tumulos
331 5117 362 5157 a
387 5098 635 5172 fidelibus
664 5100 944 5172 gmspergi
966 5098 1494 5172 fol_im_consuevisse,
1517 5113 1645 5155 con-

75 5170 648 5253 stat_ex_S.ﬂGre‘gor_i.o
678 5167 976 5253 "l‘uroneﬁsi
1011 5170 1068 5252 in
1100 5168 1482 5253 VitisnPatrum
1517 5185 1637 5240 cap.

74 5249 120 5312 8,
154 5248 236 5304 ubi
265 5248 332 5300 de
360 5243 420 5298 S.
454 5238 659 5296 Nicetio
684 5238 1024 5312 Lugdunensi
1051 5255 1198 5295 num.
1231 5241 1284 5296 6.

141 5333 164 5360 α
216 5315 342 5369 Filii
389 5312 620 5394 Conradi
667 5319 732 5394 et.
765 5312 1035 5394 Adelaidis
1080 5321 1190 5366 tres
1236 5320 1630 5394 numerantur:

76 5389 236 5416 I"-If-
277 5385 483 5416 “ﬁliam
533 5383 644 5416 cina
690 5381 877 5416 (:nnlfn
943 5381 1025 5416 nn:
1067 5394 1354 5416 horrion-nni
1389 5383 1631 5416 nmnnlxin
