3876 5416
535 346 670 408 "Si

1558 339 1788 398 HERICI
1827 339 2134 397 MONACHI
2172 338 2834 399 ANTISSIODOBENSIS

3687 345 3797 404 ,ἒξ

531 465 742 518 cutura
786 466 986 527 pronos
1039 453 1092 508 in
1145 452 1477 522 voluptatem
1531 451 1744 507 animos
1806 462 2118 506 avocarent.
2152 457 2197 515 Α
2227 453 2326 508 bus
2372 455 2694 509 residerent.
2739 454 2816 510 ita
2846 455 3147 511 beatissimi
3193 455 3462 512 Germani
3493 456 3602 514 fide
3637 459 3692 514 in
3713 472 3800 517 tua

609 548 698 604 92.
726 546 886 617 Operi
919 544 1202 616 magnifice
1230 544 1531 608 elaborato,
1555 543 1597 596 si
1621 559 1727 613 qua
1760 544 1973 596 ornatui
2004 541 2119 596 fore

532 647 805 720 poterant,
845 635 1241 691 instantissime
1283 635 1642 704 parabantur;
1691 635 2027 704 etquoniam
2066 634 2119 688 in

534 738 719 786 nostra
746 727 1023 800 provincia
1057 742 1391 781 marmorum
1419 726 1573 796 copia
1611 725 1832 780 minime
1871 733 2121 796 suppete-

535 823 650 887 bat,
681 822 734 876 in
784 820 1006 875 remotis
1033 819 1148 874 haec
1187 819 1476 888 quan-coda
1518 818 1830 889 regionibus
1870 819 2121 872 decreve-

534 921 682 968 runt.
708 911 819 966 Hac
845 913 910 966 de
938 926 1101 966 causa
1120 911 1338 980 quidam
1365 909 1593 964 fratrum
1617 909 1934 980 periculosa:
1959 923 2120 978 cxpe-

534 1003 755 1059 ditionis
786 1003 869 1058 bis
911 1002 1150 1074 aggressi
1202 1001 1589 1067 difﬁcultatem,
1642 1003 1889 1072 interque
1938 1013 2121 1056 vastos

535 1093 785 1149 Rhodani
821 1095 1064 1165 gurgites
1108 1093 1214 1147 iter
1244 1093 1462 1164 plenum
1511 1091 1843 1150 discridtiuis
1879 1094 2118 1148 subeun-

535 1196 640 1250 tes,
671 1185 970 1249 Arelatum,
999 1200 1064 1238 ac
1107 1183 1298 1240 deinde
1326 1183 1640 1249 Massiliam,
1667 1201 1786 1254 qua:
1815 1192 1898 1239 est
1925 1183 2122 1238 Gallia-

534 1294 655 1334 rum
688 1277 898 1342 ultima,
931 1285 1307 1346 perrexerunt.
1335 1276 1540 1342 Quibus
1584 1292 1647 1331 ea
1680 1277 1780 1329 fuit
1801 1278 1964 1330 animi
1997 1292 2123 1331 con-

534 1369 688 1433 ditio,
724 1375 779 1422 et
807 1381 998 1422 omnes
1031 1367 1374 1426 acerbitates,
1405 1376 1633 1421 cunctas
1675 1381 1854 1420 rerum
1886 1354 2119 1420 insoleni

535 1461 658 1522 tias,
681 1467 924 1514 extrema
955 1467 1102 1513 certe
1125 1459 1305 1512 omnia
1330 1456 1536 1512 ferrent
1557 1474 1663 1512 non
1691 1457 1862 1511 solum
1884 1457 2120 1521 fortiter,

532 1564 722 1604 verum
748 1549 913 1602 etiam
952 1547 1201 1602 libenter.
1227 1547 1302 1601 lbi
1335 1547 1642 1618 ingentibus
1669 1549 1945 1618 congressi
1980 1547 2111 1616 peri-

534 1639 696 1704 culis,
743 1639 912 1692 multa
943 1648 1087 1703 astu,
1112 1637 1278 1692 multa
1309 1653 1464 1702 ausu,
1497 1637 1687 1692 callide
1717 1639 1972 1702 audaces,
2021 1653 2122 1691 au-

536 1733 722 1789 dacter
771 1732 953 1789 callidi
1005 1739 1351 1801 superarunt,
1407 1745 1604 1801 magna
1659 1730 1836 1784 omnia
1867 1770 1880 1795 ,
1924 1745 2121 1799 magno

536 1839 811 1891 constare.
864 1827 1234 1895 audentesque
1285 1825 1500 1878 fortuna
1530 1823 1730 1892 juvari,
1773 1839 1880 1877 non
1934 1823 2125 1877 imme-

536 1932 735 1981 mores.
786 1918 1102 1974 Eruderatis
1136 1917 1318 1985 itaque
1361 1917 1714 1970 aedificiorum
1750 1924 1993 1968 veterum
2020 1914 2125 1968 cir-

535 2027 876 2082 cumquaque
899 2011 1089 2075 ruinis,
1117 2011 1388 2082 ingentem
1413 2025 1740 2064 marmorum
1761 2009 2125 2080 pretiosorum

533 2104 746 2174 c0piam
770 2104 995 2158 obtentu
1025 2103 1243 2172 partim,
1275 2102 1471 2172 partim
1495 2103 1674 2172 pretio
1700 2113 2122 2173 congregarunt;

535 2196 885 2266 oneratisque
932 2194 1159 2250 uovibus
1206 2195 1384 2266 praeda
1431 2194 1788 2266 prmoptabili,
1832 2195 2124 2250 victorioso

531 2264 804 2353 successu
854 2296 1158 2359 cmptorum
1208 2264 1538 2342 audacium.
1578 2286 1985 2340 memorabilem
2045 2288 2126 2342 bis

535 2383 742 2445 duxere
786 2381 1143 2452 triumphum.
1180 2381 1284 2436 Per
1332 2381 1436 2436 iter
1483 2381 1740 2436 horribile
1771 2382 2013 2435 divinum
2047 2383 2126 2437 eis

537 2489 644 2529 non
692 2471 926 2528 defuisse
964 2471 1232 2537 favorem,
1259 2471 1640 2524 incunctanter
1671 2469 1934 2536 dixerim;
1984 2472 2126 2541 quod

539 2575 594 2632 et
643 2566 872 2621 minacis
923 2575 1187 2620 tumorem
1241 2564 1439 2636 pelagi,
1471 2576 1526 2620 ct
1565 2565 1740 2619 intidaa
1772 2566 1951 2636 gentis
1979 2565 2124 2620 fero-

537 2659 677 2716 ciam
729 2657 1183 2720 iufractiauimis,
1242 2656 1432 2712 inlessi
1469 2656 1696 2722 viribus,
1749 2667 2121 2712 excesserunt.

538 2750 926 2823 δωρειιυιηειτο
971 2749 1030 2804 Β.
1078 2748 1334 2804 Germani
1379 2747 1864 2820 praesentissimum
1905 2764 2126 2805 sensere

535 2842 932 2914 patrocinium;
965 2856 1122 2906 cum,
1153 2839 1272 2911 ejus
1313 2841 1562 2896 invocato
1592 2840 1833 2904 nomine,
1873 2838 2125 2895 fatalibus

537 2934 776 3004 exempti
809 2933 1045 2998 casibus,
1101 2933 1316 2988 emirati
1355 2940 1500 3000 sunt,
1555 2947 1614 2988 se
1650 2933 1826 2988 subito
1873 2931 2125 2998 secundis

540 3027 768 3084 adversa
793 3033 1048 3082 mutasse.

611 3117 698 3172 95.
732 3115 831 3172 Vel
861 3115 1018 3186 illud,
1045 3114 1227 3184 quale,
1263 3130 1535 3186 quamque
1562 3115 1786 3171 evidens
1812 3114 1952 3183 fuit,
1981 3117 2123 3187 quod

2224 544 2424 613 degunt
2444 546 2658 608 omnia;
2685 561 2958 616 genusque
2990 548 3235 602 miraculi
3261 558 3370 613 est,
3395 563 3492 604 res
3521 550 3799 610 discrimini

2221 637 2496 706 expositas
2526 651 2682 691 secus
2711 637 3010 708 periculum
3043 654 3150 692 non
3183 641 3391 708 perire.

2293 748 2380 804 9-4.
2405 747 2519 804 Hoc
2550 749 2624 803 ita
2650 758 2945 819 comperto,
2981 751 3192 805 animos
3215 751 3524 822 angoribus
3551 751 3797 814 relevant;

2222 839 2397 895 locum
2452 841 2659 895 alacres
2700 851 2990 910 expetunt;
3034 844 3330 912 peculiaris
3388 860 3600 899 nomen
3657 845 3800 903 Patris

2222 933 2366 987 notis
2413 931 2692 987 aﬂ‘ectibus
2743 934 3208 1004 complectuntur;
3270 936 3524 991 orationi
3587 939 3796 992 devotis.

2222 1025 2629 1091 incumbentes,
2677 1042 2776 1096 pro
2819 1030 3107 1097 praeteritis
3155 1030 3364 1099 gratias
3418 1031 3692 1094 referunt,
3728 1048 3799 1099 pra.

2224 1115 2423 1172 futuris
2467 1127 2590 1172 vota
2633 1120 2966 1188 concipiunt.
3003 1121 3093 1175 Sic
3137 1138 3200 1176 se
3239 1137 3458 1192 suaque
3507 1125 3689 1176 omnia
3727 1141 3796 1193 per

2224 1209 2444 1278 gloriosi
2491 1211 2816 1278 protectoris
2861 1212 3112 1266 meritum
3164 1212 3278 1266 Deo
3320 1212 3658 1268 familiarius
3686 1231 3794 1268 etru-

2225 1303 2568 1367 mendantes,
2603 1303 2802 1358 littoris
2829 1313 3083 1376 repetunt
3107 1306 3444 1362 stationem:
3492 1321 3621 1359 cum
3654 1308 3788 1362 subis?

2224 1393 2433 1447 visibus
2459 1394 2880 1465 circumquaque
2907 1397 3152 1460 directis,
3187 1398 3348 1468 longo
3383 1407 3679 1468 prospectu
3706 1416 3790 1453 rer-

2225 1493 2378 1548 nunt,
2429 1486 2736 1540 universam
2778 1487 2920 1540 aeris
2973 1487 3415 1551 inclementiam,
3477 1488 3627 1542 ultra
3671 1506 3790 1559 qua

2226 1577 2704 1647 speraripoterat,
2755 1581 3140 1649 procubuisse;
3178 1591 3407 1645 ventos,
3454 1581 3789 1652 clementem:
3874 1635 3876 1650 ,

2225 1670 2430 1735 omnia,
2454 1671 2756 1740 perniciosa
2785 1670 2997 1726 feritate
3027 1673 3292 1742 deposita,
3321 1673 3378 1726 in
3405 1675 3651 1742 priscam
3678 1691 3789 1727 nua-
3874 1703 3876 1710 ι

2228 1762 2468 1817 suevisse
2499 1763 2832 1832 temperiem.
2869 1762 2978 1818 Nec
3027 1779 3203 1832 mora,
3255 1764 3484 1820 alacres
3531 1766 3636 1818 iter
3677 1783 3788 1837 rupe»

2156 1841 2199 1901 Β
2230 1860 2348 1907 tunt
2387 1853 2753 1923 desperatum,
2794 1849 3240 1924 expromptisque
3287 1856 3357 1908 ad
3410 1854 3585 1910 fortia
3613 1858 3785 1918 viribus,

2229 1945 2493 1998 secundos
2520 1944 2707 2015 pelago
2733 1945 2953 2014 exigunt
2979 1961 3192 2004 cursus,
3211 1946 3391 2000 semel
3423 1947 3623 2001 hausta
3645 1949 3784 2002 ﬁdei-ia

2229 2036 2405 2091 securi
2437 2051 2694 2097 casuum,
2739 2045 2793 2090 et
2833 2037 3092 2104 quidquid
3132 2039 3549 2106 emcrgeutium
3580 2040 3786 2093 οὶιςίειέτε
3874 2107 3876 2114 Ι

2227 2135 2444 2196 poterat
2472 2126 2828 2196 procellarum
2847 2166 2860 2189 ,
2888 2136 3137 2196 reSpcctu
3162 2128 3458 2183 conciliati
3493 2144 3596 2198 per
3617 2129 3782 2183 Gerru-

2229 2232 2358 2271 num
2404 2215 2670 2281 Numinis,
2719 2226 3139 2288 contemptores.
3181 2218 3489 2274 Straverat
3541 2221 3629 2276 ille
3665 2239 3782 2292 (fit-E—

2229 2308 2352 2364 dam
2401 2309 2676 2363 sinistram
2721 2308 2936 2364 Oceano
2982 2309 3303 2366 Britannico
3356 2313 3662 2384 legionem,
3703 2331 3777 2367 re:

2231 2402 2374 2456 hunc
2400 2402 2466 2454 ad
2494 2402 2832 2470 pereuntium
2868 2402 3325 2458 instaurationem
3363 2405 3685 2475 pupulum
3703 2416 3777 2460 tua»

2231 2493 2358 2548 dere
2390 2491 2656 2546 virulenta
2705 2493 2911 2561 antiqui
2957 2494 3129 2548 hostis
3177 2496 3517 2564 pervicacia
3565 2497 3771 2551 invident

2229 2582 2384 2638 Nunc
2418 2597 2634 2652 quoque
2663 2583 2784 2653 quis
2810 2583 3041 2646 dubitet,
3069 2584 3186 2652 ejus
3228 2586 3499 2651 virtutis,
3527 2589 3643 2659 ejus
3673 2591 3770 2642 ens-

2233 2675 2360 2730 tisse
2405 2676 2612 2738 meriti,
2660 2676 2803 2745 quod
2839 2685 2958 2745 post
2985 2675 3250 2731 fluctuum
3299 2681 3610 2749 repentina
3648 2681 3773 2734 dis-3.-

2229 2769 2399 2833 miua,
2430 2769 2766 2823 conclamata
2791 2768 3099 2824 serenitatis
3125 2770 3327 2840 gaudia
3361 2771 3710 2828 relaxet-unt?

2301 2859 2664 2916 95.Miraculo
2693 2861 2991 2930 proximum
3023 2859 3230 2930 judico,
3256 2863 3443 2931 quod,
3478 2865 3726 2934 perductis
3747 2863 3786 2916 ul
3874 2859 3876 2890 τ

2230 2951 2407 3009 locum
2449 2952 2775 3008 destinatum
2806 2954 3200 3018 marmoribus,
3231 2953 3524 3024 quidquid
3567 2955 3784 3010 etiam
3874 2999 3876 3002 .

2229 3062 2351 3101 rum
2377 3046 2656 3101 devectum
2683 3053 2799 3108 est,
2833 3054 2979 3102 tanta
3008 3045 3282 3100 universis
3327 3045 3572 3101 fabrica:
3607 3049 3786 3118 partitus

2232 3137 2546 3194 habitudine
2573 3143 2964 3200 convenerunt,
2997 3152 3061 3191 ac
3092 3137 3136 3191 si
3166 3135 3646 3206 indiserepanter,
3669 3149 3724 3202 et,
3745 3146 3785 3190 κ

539 3226 569 3272 ε
593 3207 775 3264 multis
796 3223 960 3263 unum
990 3209 1219 3264 decreta}
1242 3208 1514 3264 sulliciens
1535 3210 1807 3267 credimus
1832 3212 2125 3267 brevitati?
2153 3217 2200 3281 C
2232 3232 2450 3295 dicunt,
2487 3230 2539 3285 in
2571 3243 2800 3299 "nam".
2843 3227 3041 3285 eisdem
3090 3231 3223 3299 ipsis
3262 3232 3608 3287 αυςοτηηιε
3647 3233 3786 3291 υμῶν

539 3300 800 3372 Expletis,
851 3314 950 3370 pro
999 3300 1194 3370 quibus
1249 3311 1629 3370 perrexerant,
1686 3318 1995 3374 regressum
2051 3303 2126 3358 in-

538 3397 872 3453 stantissime
909 3404 1265 3462 maturantes,
1301 3399 1482 3467 rapaci
1507 3399 1770 3454 Rhodano
1792 3415 1852 3455 se
1878 3399 2126 3454 commit-

539 3499 659 3547 tunt
710 3509 722 3544 :
777 3492 864 3546 die
914 3492 1147 3560 quadam
1191 3507 1586 3548 conscensuros
1616 3493 1796 3547 navim
1848 3492 1981 3548 falsa
2029 3509 2124 3564 spe

538 3583 744 3638 diurrue
795 3583 1201 3653 tranquillitatis
1252 3585 1540 3649 matutina,
1582 3595 1641 3638 ut
1689 3585 1886 3651 solent,
1931 3602 2124 3642 serena

537 3672 894 3744 deceperant;
945 3684 1002 3728 at
1036 3675 1213 3730 subito
1248 3685 1434 3732 coorta
1484 3686 1777 3746 tempestas
1823 3679 2123 3732 naturalem

538 3767 716 3838 pelagi
747 3766 952 3834 rabiem
980 3768 1288 3824 accedentis
1314 3766 1562 3836 procellae
1590 3768 1944 3824 concursibus
1997 3769 2125 3824 etl'e-

539 3860 698 3916 ravit.
727 3860 918 3931 Ingens
949 3860 1228 3915 universos
1261 3870 1434 3916 terror
1483 3860 1714 3930 impulit,
1741 3871 1998 3928 pertaesos
2029 3862 2125 3916 llu-

539 3965 744 4021 ctuum,
776 3957 998 4025 pavidos
1040 3956 1402 4026 periculorum
1446 3973 1458 4008 :
1504 3971 1568 4011 ac
1607 3957 1840 4026 primum
1868 3956 2122 4010 nauclero

538 4046 736 4106 faciem
779 4049 1170 4106 elementorum
1218 4049 1525 4122 diligentius
1570 4049 1871 4118 exploranti
1902 4087 1917 4114 ,
1950 4050 2124 4104 visum

551 4151 673 4208 est,
715 4157 878 4211 quam
936 4151 1120 4211 posset
1166 4143 1450 4198 celerrime
1484 4183 1498 4208 ,
1559 4142 1896 4198 subeundum
1950 4142 2121 4209 littus,

540 4237 838 4294 cedendqu
908 4237 1256 4304 discrimini,
1321 4247 1482 4309 atque
1540 4238 1767 4309 inceptae
1818 4248 1944 4294 tunc
2000 4239 2121 4309 qui-

540 4329 662 4400 dem
710 4331 1039 4400 navigationi
1093 4332 1456 4401 parcendum;
1536 4331 1681 4401 quod
1747 4333 2126 4388 vehementius

539 4423 699 4486 solito
752 4435 1057 4482 commotus
1083 4439 1197 4490 aer,
1245 4426 1334 4479 vix
1390 4425 1532 4479 intra
1585 4440 1819 4496 sequens
1863 4427 2122 4492 triduum,

540 4515 810 4586 placidum
848 4516 1180 4587 patefaceret
1207 4517 1258 4571 in
1288 4515 1540 4572 ﬂuctibus
1588 4527 1968 4573 commeatum.
1993 4519 2125 4573 Por-

2229 3323 2506 3394 proposito
2550 3323 2923 3391 responderint
2955 3323 3276 3392 exemplari.
3318 3323 3382 3377 In
3413 3341 3647 3395 quamm
3668 3325 3790 3379 colh-

2228 3417 2445 3471 catione
2469 3417 2596 3486 quid
2634 3417 2777 3470 inter
2801 3423 2994 3470 caetera
3025 3417 3225 3469 mirum
3255 3416 3347 3471 vel
3383 3419 3612 3474 evndens
3633 3418 3796 3471 clarae

2229 3511 2317 3571 rit,
2357 3511 2568 3564 restituo
2595 3525 2697 3563 non
2739 3509 3041 3564 tacendum.
3082 3509 3288 3564 Harum
3345 3525 3530 3565 unam
3568 3526 3664 3566 non
3705 3525 3796 3563 cun-

2231 3605 2534 3659 temnendaa
2575 3603 2957 3673 magnitudinis
3004 3602 3120 3656 basi
3155 3603 3520 3672 impositam,
3560 3610 3792 3674 aggregat:

2229 3696 2574 3749 robustorum
2625 3709 2808 3757 manu,
2859 3707 3092 3761 superne
3135 3692 3304 3746 ducto
3357 3693 3586 3757 fornici,
3635 3694 3793 3748 collatis

2227 3786 2454 3847 viribus,
2489 3785 2834 3847 inserebant;
2865 3783 3186 3851 cunctisque
3217 3798 3442 3838 summa
3476 3800 3584 3855 cpe
3616 3782 3792 3837 nilelii-

2227 3880 2362 3942 bus,
2403 3894 2523 3932 cum
2561 3879 2675 3948 jam
2720 3893 2855 3948 pene
2898 3887 3078 3932 erecta
3122 3879 3499 3944 consisteret,
3529 3882 3656 3934 vicit
3681 3878 3789 3931 edis

2229 3971 2540 4027 immanitas
2567 3970 2918 4042 impellentes,
2945 3968 3168 4039 jamque
3194 3969 3388 4040 elapsa
3429 3974 3704 4033 manibus,
3725 3985 3785 4023 ss

2229 4066 2398 4136 ipsius
2437 4065 2488 4118 in
2522 4065 2731 4119 ruinam
2771 4064 3008 4134 pondere
3059 4062 3365 4118 ferebatur.
3421 4063 3574 4118 ﬂetu
3615 4062 3785 4134 μετῶ

2229 4167 2509 4212 cesserant
2536 4157 2800 4220 universi,
2833 4155 3102 4210 frustatim
3148 4171 3277 4209 mox
3327 4157 3654 4211 cantet-cudi
3681 4169 3784 4208 mar-

2229 4249 2397 4302 moris
2441 4233 2648 4318 lapsum
2702 4263 2806 4300 non
2857 4246 3059 4316 absque
3101 4245 3307 4301 doloris
3352 4247 3541 4302 intimi
3585 4244 3784 4316 εει-φὴ

2227 4342 2619 4412 praestolantes.
2663 4340 2936 4395 Prmsente
2981 4339 3126 4402 Deo,
3181 4355 3270 4395 res
3314 4350 3516 4395 contra
3558 4343 3785 4410 opinat-

2227 4435 2424 4499 cessit;
2449 4431 2697 4503 quodque
2723 4433 2953 4486 luunana
2981 4447 3177 4486 manus
3209 4433 3446 4502 exsequi
3478 4435 3783 4501 nequirem,

2229 4527 2422 4582 divinat
2482 4527 2702 4582 virtutis
2755 4541 2982 4581 occursu
3030 4523 3200 4579 multo
3245 4527 3498 4595 gratius,
3559 4525 3785 4593 multoqﬂ

538 4611 705 4666 redis
729 4611 910 4681 itaque
939 4611 990 4664 in
1018 4610 1236 4682 longum
1262 4610 1558 4675 obtutibus,
1589 4612 1817 4666 ecclesia
1847 4612 2120 4680 cernitur;
2149 4589 2204 4651 Ῑ)
2231 4619 2441 4674 {acilius
2469 4619 2772 4675 confectum
2795 4629 2908 4683 est;
2930 4589 3429 4688 quantoque'prius
3455 4620 3648 4689 inpetu

538 4720 704 4774 quam
727 4714 918 4759 contra
953 4705 1269 4768 subeuntes,
1315 4714 1513 4773 optata:
1544 4703 1752 4759 telluris
1784 4713 1896 4759 tuta
1939 4713 2125 4760 tenue-

541 4808 687 4852 runt.
740 4797 1005 4868 Egressos
1033 4797 1398 4850 curandorum
1430 4812 1718 4867 corporum
1765 4798 1944 4853 acrior
1971 4813 2128 4868 urge-

542 4891 635 4944 hat
678 4889 933 4944 instantia
973 4905 986 4942 :
1025 4889 1092 4942 ad
1124 4889 1174 4942 id
1208 4890 1608 4959 procurandum
1640 4889 1870 4944 diversis
1915 4889 2130 4944 diversa

542 4985 942 5052 expetentibus,
987 4991 1324 5053 compertum
1353 4992 1439 5038 est
1475 5000 1504 5037 a
1556 4983 1658 5038 loci
1705 4983 1915 5048 incolis,
1958 4981 2130 5038 eccle-

544 5076 682 5128 siam
708 5073 873 5137 illam,
899 5073 1040 5127 beati
1067 5073 1325 5128 Germani
1348 5074 1567 5128 nomine
1587 5082 1642 5128 et
1667 5073 1876 5128 meritis
1896 5087 2132 5137 sacram,

546 5174 756 5221 tantum
804 5164 944 5232 apud
989 5166 1271 5221 universos
1324 5167 1643 5222 reverentiae
1689 5167 2018 5232 vindicasse,
2075 5174 2135 5221 ut

2231 4728 2350 4769 sum
2379 4712 2583 4775 ruisse,
2611 4719 2761 4766 tanto
2790 4726 2914 4765 mox
2941 4710 3054 4763 visa
3078 4720 3184 4773 est,
3218 4709 3432 4779 absque
3470 4709 3665 4765 visibili
3686 4721 3786 4776 pra»

2231 4808 2391 4872 sidio,
2439 4808 2580 4862 mole
2623 4822 2720 4861 sua
2762 4819 2992 4876 superna
3043 4817 3358 4872 reposcere.
3407 4804 3490 4858 Ita
3540 4803 3654 4858 loco
3693 4805 3784 4860 lin.

2235 4899 2607 4957 inconvulsam
2655 4897 2907 4970 perennis
2951 4896 3200 4952 miraculi
3256 4897 3589 4952 memoriam
3638 4891 3788 4965 indi

2237 4992 2557 5062 speciosam.

2857 5119 3082 5179 CAPUT
3117 5119 3182 5176 II.

547 5270 708 5327 neuio
735 5254 800 5309 de
835 5255 996 5308 rebus
1060 5255 1128 5310 ad
1175 5256 1352 5310 locum
1398 5258 1794 5326 pertinentibus
1839 5260 2132 5330 quidquam
2238 5262 2295 5320 S.
2328 5259 2574 5319 Germani
2623 5260 2985 5314 translationes
3032 5257 3310 5330 miraculis
3347 5256 3671 5330 illustrare;
3703 5270 3788 5330 sg-

547 5361 879 5384 nnmcllmnl‘n
944 5361 1102 5384 nnvnn
1134 5352 1214 5384 νιιΙ
1251 5353 1520 5384 CIII-Iulium
1561 5367 1590 5384 Λ
1640 5352 2000 5384 Λῖιιηιιηῒῖηοοῖμ
2049 5367 2107 5384 σο

2308 5345 2508 5384 ctormn
2531 5349 2733 5384 auomtc
2775 5332 3030 5383 Amatoris
3059 5328 3316 5384 episcovi.
3350 5341 3400 5382 et
3433 5327 3636 5382 Urbani
3662 5345 3714 5381 ac
3733 5323 3790 5378 η
