3876 5416
74 153 246 259 4255‘

996 191 1497 267 DEQMIRACULIS
1536 191 1594 246 S.
1636 189 1970 245 GERMANI.
2009 221 2080 232 -—
2117 191 2245 247 LIB.
2286 191 2347 247 II.

3209 192 3232 248 I
3241 191 3352 256 25d

70 315 268 388 ingenti
315 311 696 381 obsequiorum
728 320 925 380 genere
969 306 1292 361 translatum
1336 314 1416 358 est
1438 317 1481 352 ο.
1530 301 1648 354 εἶιιειὶ
1681 307 1723 360 Α
1755 317 1895 369 ειιψθ
1919 301 2045 357 dicti
2078 303 2380 370 smpiusque
2411 298 2624 356 dicendi
2649 299 2827 355 Patris
2861 299 3028 354 nostri
3062 301 3348 357 sanctissi-

71 410 267 466 dudum
297 408 516 476 quidem
547 415 671 458 ante
711 417 882 456 annos
909 400 1112 469 aliquot
1135 399 1161 438 δ
1193 398 1346 466 jussu
1378 396 1651 449 Cu-sarum

67 499 241 555 Caroli
274 514 337 553 ac
367 495 621 551 Ludovici
660 505 681 532 ο
717 495 783 548 ab
813 491 1102 546 Heribuldo
1127 490 1176 555 ἀ,
1204 487 1496 544 venerabili
1523 503 1656 556 pon-

69 591 227 652 tiﬁce,
284 585 460 644 fuerat
506 591 960 646 transmutatum;
1010 596 1132 634 cum
1195 595 1224 632 a
1285 586 1524 647 tempore
1571 575 1654 629 sui

68 683 347 744 transitus,
380 695 446 733 ex
477 693 584 746 quo
628 675 882 729 Ravenna
934 672 1163 727 relatum
1207 678 1313 733 est,
1361 685 1456 738 per
1485 683 1656 721 annos

64 777 287 833 circiter
315 788 442 829 cccc
479 773 534 826 in
569 771 756 825 eadem
789 766 1048 829 ecclesia,
1081 778 1188 832 quo
1221 762 1337 816 loco
1384 759 1656 830 primarize

62 866 359 939 sepulturae
413 864 672 918 traditum
729 861 943 920 fuerat,
1000 855 1313 924 quievisset.
1354 851 1658 904 Adfuerunt

61 971 187 1016 tunc
231 972 445 1027 quoque
476 955 793 1009 meritorum
843 951 960 1020 ejus
999 954 1317 1018 argumenta
1363 943 1654 1012 praecipua,

64 1065 168 1105 non
195 1049 404 1117 absque
441 1042 825 1099 miraculorum
855 1038 1148 1110 privilegiis
1178 1034 1470 1090 solcmuius
1502 1048 1653 1087 com-

66 1140 342 1196 mendata.
359 1135 586 1191 Pretiosi
608 1133 842 1202 denique
867 1130 1096 1198 sepulcri
1126 1127 1332 1183 inlimis
1352 1123 1655 1194 patefactis,

67 1235 136 1288 ita
157 1233 372 1286 demum
397 1243 593 1298 corpus
615 1223 926 1280 venerabile
947 1237 1070 1277 cum
1090 1220 1236 1276 omni
1259 1218 1406 1274 cultu
1429 1219 1658 1271 vestium

66 1324 362 1392 integrum,
395 1319 810 1377 intemeratum,
838 1323 1000 1381 atque
1041 1311 1188 1364 muni
1238 1307 1668 1376 mcurrnptiouis.

67 1430 264 1488 genere
285 1413 590 1484 speciosum
621 1408 902 1480 apparuit;
929 1412 986 1458 ut
1013 1403 1233 1457 cuilibet
1261 1403 1449 1488 ignaro
1475 1415 1660 1454 rerum

67 1508 226 1564 facile
252 1503 562 1576 persuaderi
585 1501 845 1571 potuerit,
879 1512 1067 1551 recens
1090 1471 1432 1555 defunctnni,
1468 1505 1664 1544 recens

69 1599 279 1656 tumulo
311 1598 575 1659 abditum,
612 1593 920 1648 recentibus
965 1589 1402 1643 indumentormn
1433 1599 1661 1653 appara-

1760 410 1904 448 tnum
1937 394 2269 448 mausoleum
2295 411 2322 445 a
2347 395 2464 446 luco
2486 392 2756 461 primariae
2781 391 3152 447 translationis
3175 393 3352 450 denuo

1758 487 2066 540 submotum
2091 495 2204 550 cst,
2241 485 2307 538 ad
2332 486 2689 538 conditorium
2711 483 3134 554 suprascriptum
3161 524 3176 550 ,
3211 500 3352 544 nova

1758 592 2092 646 opcrosaque
2129 587 2492 647 praeparatum
2528 575 2829 646 diligentia,
2860 575 3089 646 publicis
3115 575 3352 634 cultibus

1763 669 2216 724 transfert-mittit].
2249 669 2322 722 Ea
2358 685 2444 725 res
2483 670 2565 738 (ut
2595 669 2808 724 cunctis
2834 683 2974 738 pene
3001 669 3349 726 notissimum

1761 772 1863 828 est)
1899 763 1999 816 hoc
2022 763 2214 817 ordine
2243 763 2571 818 decucurrit.

1833 854 1923 908 99.
1967 853 2270 908 Ludovicus
2317 853 2620 909 Germanice
2667 869 2782 918 rex,
2819 869 2850 910 α
2890 855 3358 922 trans-Rhenanis,

1762 945 2006 1014 partibus
2027 944 2296 1000 violentus
2319 960 2622 1015 emergens,
2648 943 2898 1010 fraternae
2919 948 3082 1013 sortis
3105 964 3354 1018 regnum,

1764 1038 2108 1092 sanctissimo
2127 1039 2480 1107 jnrisjnrandi
2512 1039 2563 1092 in
2574 1046 2840 1104 terventu,
2861 1037 2990 1100 olim
3012 1038 3353 1096 Francorum

1755 1128 1960 1198 judicio
1989 1130 2368 1186 confirmatum
2402 1131 2418 1169 ί
2447 1132 2651 1200 absque
2692 1131 2797 1186 ullo
2843 1140 3088 1202 respectu
3131 1132 3224 1189 icti
3251 1133 3356 1192 fa:—

1764 1226 1929 1287 deris,
1962 1225 2285 1279 temerarius
2306 1223 2532 1280 inltiavit
2564 1226 2610 1276 ε.
2636 1225 2874 1299 Egeram
2898 1226 3001 1290 hoc
3033 1224 3211 1286 infidae
3237 1239 3358 1294 per-

1763 1315 2022 1371 duellium
2049 1314 2338 1378 factiones,
2369 1315 2564 1386 quibus
2605 1330 2756 1372 mens
2783 1315 3001 1384 quidem
3031 1315 3228 1385 quietis
3257 1314 3359 1370 im-

1763 1410 1994 1482 patiens,
2041 1409 2216 1465 ferina
2262 1426 2392 1465 vero
2437 1408 2613 1466 rabies
2659 1418 2716 1464 et
2757 1406 3076 1477 inquietudo.
3120 1406 3360 1477 bestiolis

1765 1507 2015 1560 audiendi
2045 1505 2326 1574 quidlibet,
2349 1503 2598 1574 quamvis
2620 1500 3070 1567 immanissimum
3089 1543 3106 1569 ,
3132 1500 3278 1556 vires
3305 1505 3362 1566 et

1765 1599 2004 1652 animum
2035 1597 2392 1668 suggerebant
2421 1613 2437 1650 :
2463 1595 2603 1664 quod
2635 1610 2802 1666 genus
2832 1593 3110 1660 hominum
3149 1592 3216 1645 ad
3257 1606 3360 1654 cat-9

66 1691 219 1749 tibus,
257 1689 696 1754 circumseptum.
726 1679 969 1735 Accessit
1010 1679 1115 1732 huc
1157 1675 1356 1746 publici
1407 1672 1662 1743 splendor
1691 1686 1740 1746 Β
1771 1694 1890 1746 de“,
1915 1701 1969 1746 ει
2001 1691 2289 1744 amentiam
2331 1691 2471 1743 υιηο
2501 1689 2852 1758 proﬁciswns
2873 1725 2887 1749 ’
2922 1685 3148 1754 impiam
3175 1682 3364 1737 dem,”

67 1779 339 1838 miraculi,
378 1791 476 1847 pro
505 1776 587 1830 sui
621 1772 990 1844 magnitudine
1020 1784 1125 1824 non
1156 1767 1389 1822 tacendi.

151 1871 244 1925 97.
281 1868 554 1923 Infelicem
591 1864 902 1933 quemdam,
948 1859 1033 1913 cui
1093 1858 1296 1912 IIclcuo
1347 1854 1668 1910 vocabulum

59 1963 189 2028 fuit,
221 1963 361 2016 adeo
392 1959 474 2013 vis
500 1954 770 2011 horrenda
803 1949 1135 2012 confecerat,
1164 1958 1224 2000 ut
1249 1955 1448 2016 prmtcr
1471 1945 1668 2012 linguae

56 2064 114 2112 et
142 2054 367 2108 aurium
398 2049 630 2104 infausta
671 2043 976 2114 dispendia,
1023 2041 1126 2094 atri
1160 2053 1376 2109 quoque
1407 2034 1666 2090 daemonis

54 2146 329 2202 violentia
354 2158 452 2214 per
477 2142 792 2194 diuturnum
817 2145 1029 2204 tempus
1059 2132 1257 2194 misere
1297 2139 1666 2198 torqueretur.

59 2238 302 2304 Jamque
347 2235 464 2302 ejus
505 2230 870 2284 calamitatem
899 2224 1159 2280 Creatore
1209 2221 1445 2290 propitio
1498 2219 1665 2274 niisec

65 2337 265 2390 rante,
310 2325 534 2392 contigit
561 2363 575 2388 ,
618 2337 742 2376 eum
783 2315 1152 2372 translationis
1180 2315 1507 2382 supradictae
1545 2325 1669 2381 spe-

65 2419 290 2475 ctaculo
315 2418 594 2471 interesse.
614 2414 666 2468 Is
691 2410 960 2472 referebat
983 2416 1182 2478 postea.
1208 2405 1355 2476 quod
1377 2403 1668 2458 ecclesiam

64 2525 149 2568 ter
187 2519 421 2566 conatus
449 2506 664 2577 egredi,
695 2518 941 2574 persona?
967 2499 1248 2568 cujusdam
1279 2496 1461 2568 gravis
1491 2504 1544 2548 et
1571 2509 1668 2549 ve-

61 2601 336 2660 nerabilis
363 2612 594 2654 occursu
634 2603 715 2648 ter
746 2592 911 2646 interit
956 2591 1014 2644 in
1042 2588 1330 2644 ecclesiam
1361 2594 1665 2659 revocatus.

66 2695 383 2756 Verisimile
413 2701 527 2756 est,
569 2691 710 2744 inter
745 2686 1039 2756 malignum
1081 2681 1482 2750 benignumque
1511 2678 1670 2747 spiri-

65 2805 183 2848 tum
242 2789 312 2843 de
368 2783 628 2840 salvando
673 2779 760 2833 vel
823 2793 929 2830 non
982 2774 1240 2828 salvando
1295 2770 1553 2831 homine,
1605 2769 1671 2824 iis

66 2859 330 2955 egressus
361 2885 750 2947 regressusque
778 2855 1011 2929 vicibus,
1044 2863 1356 2934 aliquandiu
1391 2871 1671 2914 concerta-

68 2953 219 3038 tutn;
255 2971 384 3026 dum
417 2975 472 3020 et
501 2965 626 3019 huic
671 2976 766 3014 vas
796 2959 923 3012 olim
968 2969 1277 3025 possessum
1311 2953 1584 3021 linquere,
1616 2956 1670 3003 et

1783 1799 1897 1837 ram
1930 1784 1996 1837 ad
2039 1798 2224 1837 necem
2274 1783 2472 1836 civium
2521 1778 2929 1842 transtulerunt.
2975 1774 3204 1844 Jamque
3242 1771 3364 1828 uni-

1768 1875 1908 1928 versi
1956 1889 2092 1943 pene
2141 1874 2289 1943 regni
2323 1887 2573 1941 proceres
2615 1874 2682 1928 ab
2722 1870 2824 1924 isto
2856 1868 2925 1924 ad
2965 1866 3111 1921 illum
3147 1865 3361 1921 defice-

1770 1979 1924 2032 rant;
1968 1969 2220 2040 mquitate
2267 1965 2429 2027 nihil,
2463 1963 2668 2018 viribus
2710 1962 2961 2018 universa
2995 1955 3360 2029 constabant;

1768 2066 1932 2129 czede,
1968 2063 2192 2132 rapinis,
2220 2057 2482 2118 incendiis
2507 2064 2703 2110 cuncta
2732 2051 3078 2118 ferebantur;
3110 2063 3215 2102 non
3245 2045 3364 2101 illos

1769 2175 1798 2213 a
1823 2155 2017 2226 emptis
2041 2151 2368 2207 immanibus
2393 2145 2819 2204 Christianitatis
2841 2143 3026 2198 titulus
3048 2139 3360 2203 revocabat,

1769 2265 1878 2305 non
1912 2245 2132 2301 humani
2161 2239 2543 2310 contemplatio
2576 2237 2817 2300 fmdcris,
2845 2251 2952 2308 non
2991 2234 3191 2302 ubique
3218 2230 3366 2285 loco-

1770 2355 1891 2395 rum
1919 2334 2330 2409 praesentialiter
2359 2333 2546 2402 plenus
2573 2340 2627 2388 et
2655 2327 2884 2398 pleniter
2913 2339 3150 2397 praesens
3175 2339 3238 2377 ac
3267 2334 3366 2391 per

1771 2435 1874 2488 hoc
1913 2431 2092 2486 omnia
2135 2431 2366 2498 desuper
2402 2426 2708 2494 inspectans
2750 2422 2893 2478 Deus
2919 2460 2933 2483 ,
2980 2433 3087 2472 non
3135 2415 3366 2483 denith

1772 2523 2138 2581 consideratio
2185 2519 2374 2582 futuri,
2407 2521 2781 2578 consummato
2818 2511 2984 2574 orbe,
3012 2497 3198 2577 indicii
3225 2507 3367 2561 inter

1769 2620 1908 2673 bene
1953 2615 2176 2670 meritos
2205 2620 2275 2690 .ct
2316 2608 2452 2663 male
2488 2605 2739 2676 conscios
2779 2601 2949 2672 aequis
2993 2598 3238 2656 lancibus
3268 2613 3364 2652 ex-

1773 2706 2064 2779 p'endendi.

1847 2801 1968 2856 100.
2012 2801 2156 2853 Inter
2191 2797 2308 2850 haec
2336 2788 2810 2854 mansuetissimus
2844 2801 2939 2850 rex
2964 2781 3210 2846 Carolus,
3234 2777 3365 2834 belli

1773 2895 2032 2966 pacisque
2061 2889 2270 2944 artibus
2300 2883 2566 2942 Uaridica:
2599 2895 2815 2950 semper
2847 2877 3122 2934 modestia:
3147 2887 3368 2952 compa-

1779 2987 1997 3044 randus.
2027 2997 2149 3038 cum
2173 2997 2230 3036 se
2251 2970 2504 3034 fraternae
2533 2974 2772 3037 saevitiae,
2806 2972 2859 3026 in
2883 2969 2998 3025 dies
3022 2964 3373 3039 pertinaciter

68 3068 146 3123 illi
182 3061 412 3134 superni
438 3058 706 3113 facturam
733 3049 978 3106 Artificis
1007 3048 1073 3101 ab
1106 3045 1324 3100 inimico
1353 3043 1522 3096 teneri
1551 3042 1672 3095 diu-
1702 3054 1746 3115 ρ
1778 3042 2140 3135 crudcséemi’
2173 3071 2424 3126 humanis
2461 3067 2632 3135 copiis
2658 3080 2725 3119 ex
2764 3078 2918 3131 aequo
2953 3076 3059 3115 non
3090 3073 3249 3130 posse
3281 3072 3370 3112 re.-

69 3164 182 3216 tins
233 3150 750 3211 inhumanissimnm
797 3143 1112 3215 putabatur.
1143 3139 1410 3206 Regressu
1456 3135 1672 3188 tandem

73 3253 265 3315 tertio,
294 3257 554 3316 tanquam
587 3239 819 3310 impulsu
849 3234 1082 3306 quodam
1111 3232 1338 3286 adactus
1367 3226 1674 3290 violentius,

69 3347 124 3402 in
157 3342 538 3416 pavimentum
569 3334 708 3399 ruit;
754 3343 988 3398 moxque
1019 3341 1134 3389 ore,
1161 3323 1406 3383 auribus,
1438 3335 1502 3372 ac
1532 3317 1678 3372 nari-

87 3411 196 3493 bus
244 3428 537 3505 prrevalida
583 3423 794 3481 cruoris
833 3417 1090 3474 effusione
1123 3413 1372 3486 pcrfluxit
1408 3411 1528 3484 [al.,
1559 3425 1681 3480 pro-

70 3527 267 3601 luxit].
299 3527 379 3580 Ita
413 3538 508 3594 per
537 3521 817 3576 obtentum
844 3515 990 3584 ejus,
1021 3511 1174 3578 cujus
1205 3522 1360 3563 sacra
1387 3504 1682 3559 transfere-

69 3596 283 3677 bantur
335 3615 580 3686 pignora,
614 3607 860 3678 sospitati
908 3603 1184 3664 redditus,
1220 3607 1276 3654 et
1305 3605 1456 3668 peste
1483 3596 1682 3649 (beato-

72 3719 162 3772 nis
189 3713 396 3771 caruit,
447 3717 504 3762 et
539 3703 972 3760 necessariorum
1020 3709 1275 3751 sensuum
1302 3691 1541 3748 rediviva
1577 3687 1681 3748 mi-

72 3807 308 3866 nisteria
340 3804 392 3857 in
411 3799 670 3870 pristinos
701 3791 908 3861 recepit
937 3804 1087 3844 usus.

146 3899 243 3955 98.
289 3894 376 3948 Ad
408 3891 570 3946 fidem
610 3882 893 3945 miraculi,
935 3878 1125 3934 diebus
1171 3883 1357 3945 postea
1407 3877 1686 3942 superstes

73 3981 538 4061 quamplurimis,
589 3976 837 4033 beneficii
876 3969 1116 4042 percepti
1159 3983 1266 4024 non
1312 3967 1684 4026 immemorem

71 4054 482 4140 conscientiam
509 4069 782 4139 obsequiis
825 4079 936 4120 suae
979 4060 1227 4118 tenuitati
1258 4054 1690 4127 competentibus

71 4175 224 4248 apud
270 4168 422 4227 beati
466 4162 721 4220 Germani
774 4156 1091 4214 memoriam
1134 4150 1445 4208 declaravit.
1494 4148 1689 4208 Actum

77 4241 168 4326 est
215 4268 326 4321 hoc
363 4275 508 4315 anno
536 4257 628 4312 Dei
663 4253 897 4309 hominis
927 4249 1055 4305 facti
1104 4245 1202 4303 8M
1232 4287 1247 4311 ,
1292 4251 1550 4315 regnante
1575 4241 1688 4310 jam

77 4361 338 4435 piissimo
367 4352 585 4416 Carolo,
613 4347 844 4404 Ctesaris
871 4342 1134 4398 Ludovici
1174 4341 1316 4405 lilio;
1342 4346 1625 4407 postquam
1657 4347 1688 4388 a

81 4454 231 4511 civili
261 4448 459 4523 praelio
492 4457 515 4484 θ
547 4456 822 4512 regressus
853 4438 1055 4503 victor,
1096 4443 1252 4490 extra
1285 4445 1472 4488 omnes

1781 3172 1972 3226 sistere
2001 3164 2354 3236 pervidisset;
2398 3160 2606 3213 vicibus
2630 3156 2808 3212 omnia
2839 3153 2979 3208 volvi
3006 3166 3113 3204 non
3143 3149 3370 3214 inscius,

1747 3251 1753 3258 ’
1783 3263 2127 3332 ferendisque
2162 3257 2380 3310 fortiter
2408 3252 2645 3313 casibus,
2671 3264 2754 3312 ac,
2790 3249 2900 3302 Deo
2926 3245 3177 3315 pr0pitio,
3207 3257 3370 3311 supe-

1784 3356 1970 3411 mndis
2006 3369 2036 3406 a
2066 3365 2235 3422 puero
2262 3353 2531 3408 assuetus,
2561 3340 2857 3396 cedendum
2894 3335 3119 3404 tempori
3148 3333 3375 3386 arbitra-

1787 3464 1871 3508 tus
1906 3461 1990 3506 est
2022 3442 2267 3519 (potius),
2296 3455 2456 3510 quam
2489 3451 2606 3500 suo,
2635 3450 2699 3488 ac
2728 3429 3038 3500 reipublica:
3068 3425 3374 3496 dispendio,

1787 3545 1945 3602 caecis
1972 3534 2403 3595 extraordinarie
2431 3529 2686 3602 periculis
2719 3521 3160 3580 incmnbendnm.
3193 3518 3378 3588 Itaque

1789 3634 2111 3695 salubriore,
2144 3637 2200 3683 et
2235 3625 2380 3694 quod
2406 3631 2612 3677 tantum
2641 3618 2869 3679 decebat
2896 3611 3218 3683 principem,
3243 3623 3378 3663 con-

1789 3732 1909 3789 silio
1941 3729 2242 3787 animatus,
2272 3717 2578 3791 posthabita
2610 3728 2704 3783 spe
2743 3706 3056 3779 temporalis
3100 3701 3379 3775 adjutorii,

1791 3827 1854 3879 ad
1883 3821 2123 3877 divinum
2144 3832 2202 3871 se
2228 3812 2533 3884 praesidium
2562 3804 2820 3867 contulit;
2845 3801 2978 3855 satis
3015 3796 3381 3868 perniciosum

1793 3913 1992 3979 sciens,
2022 3922 2079 3982 nt,
2103 3908 2298 3964 divinis
2329 3901 2590 3963 diffidere,
2619 3898 2693 3952 ita
2721 3909 2937 3966 quoque
2967 3888 3219 3946 humanis
3247 3885 3382 3941 viri-

1795 4010 1895 4065 bus
1940 3999 2294 4062 inconsultius
2340 3993 2459 4048 niti.
2508 3991 2685 4060 Atque
2721 3987 2862 4041 inter
2890 3998 3040 4053 spem
3075 3988 3386 4046 metumque

1795 4102 2047 4163 confinis,
2077 4091 2419 4165 expeditione
2464 4089 2766 4141 memorata
2805 4077 2948 4134 beati
2980 4071 3239 4130 Germani
3269 4085 3386 4128 cos.-

1795 4199 2016 4255 nobium
2049 4194 2160 4248 Deo
2187 4198 2365 4244 tactus
2399 4185 2553 4240 adiit.

1781 4325 1788 4331 ’
1870 4311 1990 4364 lOl.
2016 4306 2183 4378 Igitur
2206 4301 2311 4356 loci
2337 4315 2398 4353 ac
2435 4290 2693 4364 temporis
2721 4281 3125 4360 opportunitate
3147 4282 3387 4346 captata,

1504 4367 1625 4388 πα...
2040 4367 2066 4378 ν

1499 4367 1695 4480 frum;
1722 4413 1773 4473 ι)
1800 4404 1939 4461 sacri
1983 4398 2394 4456 translationem
2423 4387 2667 4459 corporis
2703 4385 2907 4451 absque
2937 4375 3193 4430 dilatione
3221 4367 3389 4440 perti-

1800 4499 2047 4554 ciendam
2076 4490 2348 4552 decrevit;
2391 4484 2532 4556 quod
2561 4488 2616 4535 et
2641 4491 2754 4532 suae
2781 4465 3110 4529 reversiouis
3151 4464 3394 4516 incertus

80 4562 216 4606 sues
243 4518 417 4615 regia:
453 4537 658 4609 apicem
705 4533 898 4590 extulit
942 4527 1246 4600 potestatis.
1277 4523 1347 4578 At
1383 4535 1525 4575 anno
1551 4518 1694 4588 ejus-

81 4643 208 4697 dem
237 4610 410 4692 Verbi
441 4627 704 4686 incarnati
741 4624 846 4681 859
867 4663 883 4687 ,
908 4622 998 4692 qui
1035 4629 1119 4673 est
1146 4617 1290 4687 regis
1313 4610 1492 4669 Caroli
1519 4623 1696 4664 nonus

81 4742 138 4791 et
173 4730 448 4789 decimus,
480 4719 806 4791 amplificata
852 4714 1040 4770 eadem
1069 4709 1323 4771 basilica,
1361 4713 1699 4774 cryptarnm-

83 4839 216 4897 que,
247 4831 309 4875 ut
333 4830 501 4886 supra
529 4814 798 4883 digestum
823 4816 939 4871 est,
973 4800 1375 4874 pulchritudine
1404 4796 1658 4850 decorata
1679 4835 1696 4861 ,

67 4945 76 4948 '
158 4950 186 4979 ι
229 4936 399 4989 Anno
430 4925 636 4981 scilicet
660 4920 862 4977 Christi
891 4916 1018 4980 859,
1050 4922 1110 4968 ut
1138 4929 1262 4968 mox
1293 4912 1522 4966 dicetur.

161 5009 190 5049 ι»
231 5004 452 5070 Nempe
475 5011 617 5070 anno
645 4992 848 5070 Christi
884 4991 1008 5070 84.1,
1042 4994 1409 5070 utseque‘tu‘r.

162 5091 186 5120 ο
231 5045 824 5131 Cernianim
851 5045 1012 5130 regis,
1034 5056 1124 5131 qui
1150 5045 1323 5110 Caroli
1355 5047 1499 5131 Calvi
1529 5045 1707 5128 frater

86 5120 559 5208 erati-ciltnzrijor
581 5120 722 5193 natu.
745 5146 801 5186 ut
825 5120 946 5208 pote
967 5120 1030 5183 ex
1053 5120 1424 5208 Ermengarde
1446 5120 1663 5188 gcnilus
1688 5148 1702 5183 ε

86 5195 733 5278 Ξῖιῖιξὸνεῖίῖιοηῖ(Σανδιιιέδ
763 5195 1120 5278 appellantur,
1153 5199 1295 5267 quod
1327 5195 1705 5267 imperatoris,

88 5270 358 5350 LII-{dorici
397 5281 479 5336 Pii
512 5279 740 5350 scilicet,
775 5270 1108 5350 essentdilii.‘

161 5331 422 5416 mis:
447 5331 754 5409 ’ίιέιςευοιιιοι
786 5347 919 5400 alias
964 5337 1244 5416 ιιεείρςιιάο
1277 5354 1362 5408 ερ·
1395 5331 1704 5416 Αυιίξξίοάο

1801 4591 2058 4647 existeret
2084 4627 2097 4649 ,
2123 4592 2173 4638 et
2206 4587 2476 4646 conceptae
2507 4574 2558 4627 in
2590 4576 2836 4625 sanctum
2872 4555 3176 4616 devotionis
3202 4550 3398 4606 oliiciis

1801 4683 2095 4757 plurimum
2126 4674 2228 4729 sibi
2257 4667 2468 4728 roboris
2493 4661 2699 4731 acquiri
2724 4670 2912 4728 posse,
2951 4664 3058 4752 non
3101 4642 3399 4757 dubitaret.

1807 4735 2012 4835 rSancto
2038 4771 2200 4844 igitur
2224 4761 2646 4837 Epiphaniorum
2667 4752 2796 4807 dieh
2813 4740 3134 4806 solemniter
3152 4735 3406 4790 omnibus

2081 4901 2205 4941 cum
2285 4884 2403 4937 haec
2476 4869 2763 4941 translatio
2831 4848 3415 4941 a_ccitlerit__Kachridis

2743 4921 3044 4993 Antissiod.
3091 4938 3212 4993 cap.
3240 4921 3329 4980 36.
3363 4928 3420 4974 et

3080 4995 3136 5056 in
3176 4992 3421 5054 Chrono-

1814 4893 1970 4953 Iunio
1994 4908 2007 4956 ;

1811 4947 2162 5032 Siqucmbris,
2193 4955 2356 5032 juxta
2379 4947 2531 5032 Hist.‘
2569 4957 2690 5032 c‘pp:

1812 5012 2106 5094 Ii‘o'be'rtnm
2145 5012 2473 5094 mimaebnm
2485 5090 2495 5094 _
2507 5012 3037 5094 Antissiodorensem

1814 5089 1952 5178 logia
1981 5104 2046 5158 ad
2073 5117 2161 5178 an:
2182 5091 2396 5178 Christi

1893 5139 2477 5234 ἳδίιῖιιξξίξξῖίῖθηδθ
2505 5139 2764 5234 Augusto,
2790 5145 3012 5234 quando
3039 5139 3108 5234 ὀλεῖ

1896 5202 1909 5216 ⁸
1956 5202 2110 5230 Λιιιιυ
2133 5202 2261 5234 σου,
2288 5202 2477 5223 lup-NV
2505 5202 2764 5229 ..μυ-νην,
2794 5202 2896 5226 Ὶηρ
3168 5207 3184 5220 Ἰ
3204 5202 3221 5206 v

1819 5243 2292 5324 partitioneninter
2324 5217 3115 5324 Lot‘liariulm,.Lndovti'cgimel
3145 5202 3426 5261 bardum,

2099 5290 2384 5370 lilios,
2418 5290 2690 5380 νει-ρρμιῆ
2727 5290 3081 5380 convenat}:-

2339 5345 2494 5416 7.1m}?
2502 5345 3072 5416 ’ἁξὶἶζριῖῖἑιὶιὲιιῑυιιι
3109 5345 3426 5416 factionem,

1900 5397 1923 5416 ιι
1961 5392 2072 5416 Ιιιιη
2103 5385 2306 5416 Tum...“
