3876 5416
488 367 631 426 1255

1511 354 1742 417 HERICI
1779 350 2087 413 MONACHI
2124 345 2786 408 ANTISSIODORENSIS

3611 343 3740 402 1258

481 484 832 558 prmparatis,
860 482 929 540 ad
956 481 1174 557 gloriosi
1213 477 1459 551 corporis
1493 482 1804 532 reverenter
1841 469 2070 526 accessit
2097 477 2147 534 Α
2172 466 2406 521 bratum.
2441 464 2672 532 Quidam
2713 458 2938 532 loquelae
2978 458 3225 530 privatus
3265 471 3393 523 usu,
3423 455 3555 512 dum
3587 473 3646 512 se
3673 474 3750 512 ro-

482 577 836 632 memoriam:
865 575 1021 646 pauci
1047 573 1337 630 admodum
1363 567 1803 629 circumsistunt;
1833 560 2069 632 episc0pi

482 669 691 725 scilicet
717 666 1054 723 venerabiles
1077 706 1092 731 ,
1121 673 1176 722 et
1209 659 1577 734 probatissimi
1608 654 1946 718 sacerdotes,
1981 667 2068 707 re-

481 761 772 835 gem‘intra
799 766 1111 815 sanctorum
1140 753 1481 811 sanctissima
1520 747 1765 805 comitati
1799 762 1812 799 :
1845 752 2072 799 caeteros

481 833 700 922 quidem
741 851 810 906 ab
839 848 1046 905 intimis
1076 845 1272 902 arcuit.
1316 842 1558 914 Hymnos
1588 852 1718 893 vero
1760 845 1814 890 et
1839 833 2071 922 psalmo-

482 920 625 999 diam
650 939 1062 1012 infatigabiliter
1091 941 1466 1009 personantes,
1498 930 1624 986 data
1665 941 1829 998 opera
1870 925 1924 979 in
1959 920 2072 978 otii-

446 1013 453 1026 ’
483 1035 570 1092 cio
595 1046 944 1105 perseverare
971 1030 1267 1087 mandavit.
1313 1027 1450 1082 Hinc
1487 1031 1769 1081 maturans
1797 1018 2074 1092 negotium

486 1128 704 1200 plenum
759 1124 1110 1187 reverentiae,
1171 1119 1480 1192 sepulcrum
1539 1113 1770 1188 aperuit.
1828 1109 2072 1166 Membra

488 1218 904 1291 pretiosissima,
931 1215 1156 1288 perinde
1179 1222 1240 1268 ut
1261 1211 1493 1283 pridem,
1508 1208 1717 1278 integra
1736 1201 2071 1276 supplicibus

486 1312 658 1368 oculis
685 1310 1066 1384 conspicatus,
1097 1319 1338 1378 congruo
1387 1305 1595 1359 honore
1638 1305 1925 1354 veneratus
1963 1301 2070 1350 est.

487 1409 628 1476 Quid
649 1415 896 1463 votorum
920 1404 993 1460 ibi
1015 1400 1344 1473 conceperit,
1377 1397 1506 1468 quid
1535 1392 1839 1450 affectionis
1866 1391 2072 1460 impen-

485 1500 647 1565 derit,
678 1512 840 1569 quam
869 1510 1003 1568 pure
1029 1509 1090 1550 se
1114 1506 1276 1564 super
1305 1504 1457 1546 aram
1479 1488 1652 1558 ipsam
1679 1482 1911 1556 spiritali
1941 1497 2072 1538 con-

484 1591 703 1646 tritione
744 1585 1094 1652 mactaverit,
1153 1584 1266 1640 Deo
1307 1579 1552 1637 constitit
1588 1585 1645 1632 et
1683 1581 1898 1631 constat
1933 1572 2067 1639 soli;

485 1686 684 1758 quique
731 1684 833 1740 sibi
873 1681 930 1738 id
966 1680 1136 1737 fusse
1163 1675 1554 1751 gratissimum,
1583 1687 1615 1726 e
1645 1667 1872 1740 vestigio
1893 1663 2073 1758 decla-

481 1757 644 1834 ravit.
674 1777 807 1832 Post
846 1775 965 1831 haec
1004 1787 1201 1843 corpus
1243 1765 1553 1825 venerabile
1594 1762 1724 1819 solis
1753 1757 2070 1832 pontiﬁcum

2172 556 2344 612 busta:
2368 555 2489 610 ﬁdei
2517 553 2816 624 patrocinio
2854 553 2921 607 ad
2950 560 3196 607 sanctum
3227 549 3479 615 contulit,
3517 550 3749 606 damnosi

2171 649 2429 704 latebram
2461 647 2659 703 silentii
2692 645 2948 716 sulfragio
2979 643 3182 714 recepti
3207 643 3480 698 sermonis
3507 647 3749 698 excessit.

2172 741 2403 797 Tabellas
2440 740 2766 804 tesserarim,
2795 737 2979 809 templi
3021 751 3300 807 suspensae
3328 735 3622 802 vestibulo,
3653 753 3752 790 mo-

2171 841 2491 889 numentum
2525 832 2577 888 ei
2609 831 2686 886 rei
2715 830 2888 885 fuere.

2241 925 2365 981 104.
2398 924 2688 996 Sequentis
2716 921 3081 982 declaratione
3106 920 3355 977 miraculi
3380 919 3752 989 octingentesi-

2169 1031 2293 1073 mus
2335 1016 2706 1088 sexagesimus
2774 1029 2947 1070 nonus
3003 1028 3180 1068 annus
3231 1010 3505 1068 incarnati
3559 1010 3755 1064 Domini

2170 1107 2485 1164 volvebatur
2517 1124 2530 1162 :
2559 1105 2846 1163 Adalricus
2892 1104 3112 1176 quidam
3137 1144 3154 1171 ,
3207 1103 3388 1174 patria
3441 1101 3753 1166 Senonicns,

2171 1197 2290 1268 ipso
2315 1212 2425 1254 suae
2449 1195 2745 1253 debilitatis
2777 1208 2977 1268 genere
3000 1207 3399 1264 usquequaque
3423 1190 3752 1254 notissimus,

2171 1289 2247 1344 ita
2273 1295 2384 1345 toto
2409 1285 2617 1357 reptilis
2641 1299 2870 1357 corpore
2899 1283 3250 1349 trahebatur;
3297 1290 3362 1336 ut
3390 1279 3651 1336 debilitas
3676 1280 3754 1334 de-

2170 1378 2435 1436 formitati
2481 1378 2696 1444 addita,
2741 1375 3116 1450 necessariora
3149 1374 3404 1445 corporis
3454 1371 3634 1428 oﬂicia
3669 1373 3752 1428 ho-

2170 1468 2304 1533 mini
2334 1466 2634 1524 detraxisse
2669 1466 2960 1522 videretur.
3013 1463 3130 1520 Non
3162 1463 3319 1519 illum
3362 1461 3535 1518 talem
3585 1471 3754 1517 natura

2170 1560 2531 1632 produxerat;
2584 1555 2679 1614 sed
2720 1556 3163 1628 extemporaliter
3211 1556 3440 1612 irruens
3469 1553 3754 1618 calamitas.

2172 1650 2283 1708 Deo
2311 1658 2520 1706 tantum
2566 1662 2742 1705 causa:
2792 1648 3010 1704 conscio
3033 1687 3048 1714 ,
3099 1661 3246 1702 anno
3293 1647 3416 1720 jam
3457 1646 3756 1701 duodecimo

2172 1741 2506 1798 trahebatur.
2579 1739 2913 1795 lnfelicitatis
2984 1753 3096 1794 sum
3146 1737 3405 1793 levamen
3467 1734 3758 1806 frequentes

483 1829 699 1942 passus
1014 1829 1363 1927 contrectari,
1394 1856 1638 1930 operosis
1675 1829 1851 1910 denuo
1890 1849 2067 1923 palliis

2174 1831 2296 1907 [at.,
2318 1830 2656 1905 frequenter]
2681 1831 2751 1888 ad
2783 1840 3094 1887 sanctorum
3122 1829 3456 1894 memorias,
3471 1829 3636 1884 anxie
3656 1829 3756 1898 qui-

2194 1928 2205 1942 .
2408 1926 2458 1942 ,.
2502 1926 2514 1938 .
2568 1924 2698 1942 ,ηιμ
2726 1926 2847 1942 ,μί
3278 1921 3609 1942 ρηημεμ,
3650 1922 3730 1942 ,-ε

485 1965 741 2018 decenter
785 1957 1027 2015 ambivit.
1085 1955 1315 2012 Gratum
1371 1960 1635 2025 prasterea
1686 1961 1798 2002 sua:
1847 1943 2068 2000 odorem

485 2053 608 2110 ﬁdei
639 2052 822 2123 multa
867 2049 1126 2116 balsami,
1157 2047 1326 2104 multa
1371 2040 1744 2117 thymiamatis
1785 2037 2026 2108 impensa
2050 2074 2066 2101 ,

482 2160 580 2215 per
613 2144 832 2200 beatum
861 2141 1188 2197 Germanum
1208 2177 1224 2204 ,
1247 2133 1559 2206 respicienti
1586 2130 1768 2187 omnia
1790 2127 2071 2201 porrigens

483 2237 780 2301 Conditori,
807 2235 1124 2290 thesaurum
1155 2225 1633 2299 inconvparabilem
1662 2220 1924 2278 adorandi
1943 2233 2068 2274 cor-

478 2332 630 2403 poris
652 2330 772 2400 ejus
795 2346 860 2387 eo
885 2330 1012 2396 loci,
1047 2343 1171 2399 quo-
1194 2317 1340 2382 nunc
1378 2328 1671 2379 veneratur
1697 2326 1753 2374 et
1781 2313 2070 2381 excolitur,

485 2421 636 2494 larga
670 2423 990 2489 ambitione,
1033 2419 1239 2493 ingenti
1291 2416 1484 2490 gloria,
1510 2410 1798 2486 principali
1830 2408 2066 2478 denique

483 2517 787 2572 reverentia
814 2515 1201 2589 transpositum
1228 2509 1532 2569 collocavit.
1561 2507 1764 2562 Locum
1793 2502 1940 2574 regia
1964 2499 2072 2555 lar-

483 2610 650 2679 gitatc
680 2619 737 2665 et
765 2609 920 2666 donis
945 2606 1230 2681 magniﬁce
1258 2601 1586 2668 cumulavit;
1617 2599 1865 2668 diemque
1899 2595 2068 2661 illam,

480 2701 690 2758 festivis
717 2711 965 2758 exactam
1007 2699 1375 2772 apparatibus,
1406 2691 1679 2752 succiduis
1708 2688 1920 2747 saaculis
1946 2702 2072 2759 per-

481 2804 643 2866 petuo
667 2794 936 2851 celebrem
964 2793 1177 2850 indixit.

561 2885 683 2941 102.
720 2885 841 2942 Mox
873 2885 1058 2956 itaque
1090 2883 1327 2956 peractis
1350 2897 1463 2938 suae
1495 2876 1796 2937 devotionis
1813 2873 2066 2932 salutari-

478 2977 603 3043 bus,
632 2975 928 3032 fortissimo
956 2975 1103 3042 Deo,
1141 2975 1234 3044 qui
1263 2973 1355 3029 dat
1394 2971 1622 3028 salutem
1651 2967 1868 3040 regibus
1897 2965 2067 3020 inter-

479 3077 640 3124 ventu
667 3067 927 3124 Germani
953 3065 1276 3131 beatissimi,
1309 3071 1436 3119 voto
1465 3059 1693 3133 supplici
1725 3073 1785 3115 se
1821 3053 2068 3113 commit-

481 3167 626 3224 tens,
642 3157 1083 3223 ﬁdensanimi,et
1105 3164 1361 3225 tanquam
1378 3154 1446 3210 de
1469 3151 1693 3208 victoria
1712 3150 1824 3222 jam
1846 3147 2068 3204 obtenta

480 3266 736 3318 securus,
782 3251 991 3307 delectu
1047 3249 1229 3315 facto,
1276 3247 1482 3318 absque
1528 3243 1875 3301 cunctamine
1924 3237 2068 3295 hosti

480 3343 693 3398 obviam
719 3349 995 3414 properat,
1022 3340 1127 3396 ﬁde
1152 3338 1392 3410 (magis),
1419 3353 1581 3408 quam
1612 3334 1778 3390 armis
1807 3348 1920 3388 rem
1950 3330 2067 3385 bel-

481 3433 641 3490 licam
668 3442 1006 3506 peracturus.
1031 3432 1230 3503 Sicque
1259 3431 1396 3494 duce
1423 3428 1642 3484 Christo
1664 3439 1825 3489 usus,
1844 3421 2068 3478 hostiles

488 3529 673 3599 copias
698 3527 817 3583 sine
841 3526 1101 3598 sanguine
1126 3524 1350 3595 pepulit,
1381 3521 1579 3594 duplici
1606 3520 1836 3576 donatus
1866 3513 2068 3572 beneﬁ-

483 3622 590 3688 cio,
622 3620 764 3692 quod
793 3629 850 3675 et
891 3610 968 3674 de
997 3618 1150 3673 hoste
1178 3626 1435 3687 tropaeum
1461 3611 1634 3682 cepit»,
1667 3620 1722 3666 et
1746 3605 2023 3665 homicidii
2049 3644 2064 3670 ,

479 3713 565 3770 vel
586 3713 764 3784 potius
789 3709 1086 3784 parricidii,
1111 3719 1349 3772 reatum,
1383 3706 1492 3760 Deo
1515 3719 1572 3760 se
1598 3704 1651 3758 in
1681 3701 1931 3758 omnibus
1948 3711 2069 3768 pro-

482 3814 716 3877 tegente,
744 3803 1054 3868 declinavit,
1088 3803 1142 3856 in
1186 3800 1474 3870 reliquum,
1519 3797 1776 3867 largitore
1820 3794 1958 3859 Deo,
2001 3807 2066 3848 ac

479 3904 799 3968 protegente
834 3895 992 3950 beato
1022 3893 1316 3957 Germano,
1346 3905 1526 3945 rerum
1549 3889 1838 3959 potiturus,
1866 3894 1921 3942 et
1947 3883 2063 3940 feli-

481 3989 616 4043 citer
653 3996 976 4059 regnaturus
1002 3999 1049 4039 α.

557 4081 680 4136 105.
711 4080 966 4135 Idoneum
996 4077 1486 4150 pietati,nobisque
1513 4073 1785 4130 constabit
1816 4069 2064 4128 salutife-

477 4186 620 4237 rum,
652 4171 695 4226 si
724 4169 790 4225 ad
820 4169 964 4226 beati
992 4169 1251 4224 honorem
1273 4166 1542 4238 pontiﬁcis
1569 4162 1983 4236 subjungantur,
2018 4160 2066 4218 si

479 4281 583 4336 qua
607 4273 728 4337 post
753 4266 869 4320 haec
895 4263 1092 4320 seriem
1117 4263 1378 4332 temporis
1408 4260 1749 4315 illustravcre
1777 4256 2062 4312 miracula.

479 4356 594 4412 Non
624 4356 793 4414 multo
812 4355 1022 4413 dierum
1052 4355 1413 4410 intermeante
1431 4350 1721 4416 curriculo,
1747 4348 2064 4404 adolescens

479 4449 697 4518 quidam
728 4446 989 4518 poplitum
1033 4446 1230 4501 damno
1256 4443 1448 4498 debilis
1476 4441 1678 4520 pariter
1698 4447 1754 4494 et
1779 4436 2061 4503 deformis,

477 4539 680 4609 templo
725 4538 869 4593 beati
917 4535 1093 4590 Patris
1131 4533 1300 4599 adito,
1326 4532 1528 4588 sedulis
1570 4545 1666 4601 per
1707 4529 1915 4599 aliquot
1949 4527 2065 4582 dies
2087 4569 2144 4631 Β

477 4629 720 4686 excubiis
753 4627 1115 4684 necessariam
1157 4626 1404 4681 incessus
1451 4621 1915 4694 recuperationem
1964 4634 2063 4689 per

475 4725 618 4782 sacri
644 4722 888 4794 corporis
923 4721 1120 4780 merita
1149 4717 1494 4792 precabatur.
1535 4715 1609 4771 Ea
1649 4725 1761 4770 tum
1806 4729 1910 4768 nox
1944 4719 2064 4767 erat

473 4815 578 4870 diei
624 4813 949 4877 Dominicze,
991 4826 1112 4882 quae
1154 4823 1326 4865 sacrae
1351 4806 1835 4879 quadragesimalis
1873 4805 2063 4860 obser-

473 4905 672 4959 vantiae
707 4904 822 4960 dies
851 4902 1086 4958 mediare
1116 4899 1476 4972 cognoscitur.
1507 4898 1752 4968 Cumque
1771 4899 1916 4952 circa
1948 4895 2064 4966 gal-

476 4997 719 5052 licinium
746 5004 1026 5052 nocturnae
1065 4993 1358 5047 functionis
1400 4990 1711 5045 ofﬁciositas
1741 5004 1770 5043 a
1812 4987 2068 5042 fratribus

477 5095 730 5122 quau-olun-
795 5101 895 5122 nam
937 5085 1125 5122 nun-ilo
1171 5084 1416 5122 “manlia
1459 5082 1702 5122 annui"!!!
1758 5077 2062 5122 r99!i!e!dini

2173 1928 2320 1994 dem,
2365 1926 2462 1984 sed
2501 1924 2850 1981 inefficaciter
2879 1923 3226 1995 quaaritabat.
3274 1921 3614 1978 Certissime
3643 1922 3755 1976 emi-

2172 2027 2300 2086 net,
2342 2018 2488 2074 hunc
2528 2016 2829 2074 beatissimi
2858 2015 3040 2072 Patris
3073 2015 3247 2072 nostri
3275 2014 3504 2069 meritis
3539 2028 3755 2068 reserva-

2173 2119 2306 2166 tum.
2359 2110 2527 2182 Igitur
2568 2124 2695 2166 cum
2726 2108 2794 2164 ad
2818 2107 3179 2164 Kalendarum
3221 2105 3562 2166 Octobrium
3586 2105 3756 2162 solem-

2173 2205 2396 2260 nitatem
2441 2201 2669 2274 publicis
2717 2201 2868 2257 orbis
2922 2209 3191 2258 terrarum
3227 2200 3461 2272 gaudiis
3499 2199 3753 2256 celebran-

2173 2297 2297 2353 dam
2339 2310 2630 2352 numerosa
2658 2293 2976 2367 populorum
3017 2292 3264 2349 ﬂuxisset
3292 2308 3366 2348 ex
3399 2307 3568 2348 more
3589 2305 3750 2362 conge-

2174 2389 2316 2456 ries,
2362 2388 2408 2443 is
2435 2402 2651 2459 quoque
2680 2388 2865 2454 enisu,
2893 2401 3002 2456 quo
3028 2387 3238 2457 potuit,
3260 2385 3575 2441 eonventni
3621 2385 3750 2439 intrr-

2174 2497 2295 2538 esse
2319 2482 2562 2548 curavit;
2594 2495 2700 2536 non
2727 2487 2837 2535 tam
2863 2480 3204 2550 receptandze
3230 2480 3560 2550 sospitatis,
3590 2488 3646 2533 ut
3667 2479 3750 2548 ipse

2172 2583 2295 2646 post
2319 2573 2612 2639 fatebatur,
2643 2572 2888 2650 obtentu,
2916 2587 3082 2643 quam
3127 2581 3188 2627 ut
3221 2571 3437 2628 collata
3471 2569 3746 2627 coeuntia

2173 2667 2312 2738 stipe
2350 2666 2634 2737 iuvaretur
2662 2683 2678 2722 :
2711 2681 2898 2722 verum
2943 2664 3143 2722 artifex
3190 2665 3575 2722 humanitatis
3622 2665 3746 2726 ὕων

2173 2760 2261 2815 cui
2285 2756 2556 2815 familiare
2573 2767 2658 2815 est
2685 2774 2794 2815 non
2823 2759 3140 2832 rogantibus
3161 2774 3391 2830 quoque
3421 2759 3604 2831 gratis
3619 2757 3748 2814 multa

2172 2861 2454 2924 praestare,
2486 2852 2645 2908 unius
2668 2865 2905 2923 expensa
2931 2851 3182 2907 miraculi
3208 2860 3266 2906 et
3293 2851 3412 2908 diei
3446 2851 3690 2923 gloriam,
3713 2858 3752 2904 et

2174 2943 2409 3008 misero.
2462 2960 2624 3014 quam
2673 2945 3089 3015 desperaverat,
3141 2944 3381 3001 contulit
3429 2946 3750 3001 medicinam.

2174 3033 2405 3091 Emeusa
2433 3049 2664 3106 namque
2692 3050 2971 3092 sacrarum
2993 3035 3302 3108 vigiliarum
3332 3044 3506 3106 parte
3533 3036 3643 3092 fere
3667 3050 3752 3090 me-

2177 3128 2284 3195 dia,
2314 3144 2438 3184 cum
2479 3129 2798 3185 alternantis
2830 3129 2980 3185 chori
3015 3130 3230 3186 vicibus
3257 3130 3553 3202 psalmus,
3579 3132 3666 3201 qui
3687 3131 3752 3184 in-

2097 3205 2144 3271 C
2177 3219 2435 3275 scribitur
2463 3238 2476 3274 :
2509 3219 2578 3276 Te
2603 3221 2744 3275 decet
2767 3221 3011 3292 hymnus,
3036 3220 3203 3289 Dm,
3223 3223 3282 3277 in
3307 3221 3479 3289 Sion,
3506 3222 3754 3279 ἀκειιωὶ

2173 3314 2452 3383 οωρίεεοι,
2485 3322 2666 3370 tantus
2696 3314 2880 3370 miseri
2919 3314 3311 3371 revalescentis
3346 3317 3645 3373 ecclesiam
3669 3316 3756 3370 cla-

2172 3422 2293 3462 mor
2320 3407 2594 3478 implevit;
2639 3417 2698 3462 ut
2724 3423 2829 3464 non
2861 3409 3006 3480 vulgi
3052 3411 3217 3465 modo
3256 3408 3656 3484 frequentiam,
3680 3425 3755 3463 vc-

2172 3514 2294 3554 rum
2340 3509 2396 3554 et
2434 3501 2581 3571 ipsos
2607 3501 2773 3556 divini
2801 3501 3000 3557 choros
3031 3500 3200 3558 oﬁicii
3232 3503 3559 3560 medullitus
3587 3512 3759 3558 treme-

2172 3593 2385 3650 bundus
2417 3594 2612 3649 horror
2638 3595 2915 3650 invaserit.
2947 3594 3294 3665 Superventu
3328 3597 3556 3663 salutis,
3588 3613 3760 3653 nervo-

2168 3703 2292 3743 rum
2343 3689 2622 3744 labefactae
2683 3703 3006 3760 compages,
3059 3692 3424 3761 membraque
3469 3691 3526 3746 in
3577 3691 3760 3762 priscas

2168 3779 2383 3851 vigores
2415 3780 2734 3846 remeantia,
2766 3780 2820 3834 in
2853 3780 3122 3838 clamores
3148 3782 3557 3852 incompositos
3583 3783 3761 3838 excita-

2169 3880 2362 3925 verant
2386 3869 2675 3928 infelicem.
2711 3870 2794 3926 Ad
2827 3887 3012 3927 vocem
3046 3872 3180 3928 hinc
3211 3873 3339 3929 inde
3369 3876 3631 3929 certatim
3654 3888 3761 3928 csu-

2171 3963 2438 4029 curritur;
2487 3962 2898 4034 collapsusque,
2933 3977 3168 4035 corpore
3212 3974 3270 4020 et
3307 3967 3583 4024 membris
3627 3977 3762 4036 pcto:

2168 4057 2456 4122 emortuis,
2490 4056 2807 4112 invenitur:
2839 4055 2998 4126 paulo
3041 4065 3168 4127 post
3202 4059 3511 4128 resumptis
3553 4058 3759 4117 viritim.

2169 4163 2380 4218 usuque
2409 4163 2694 4220 gressuum
2719 4156 3019 4225 remeante,
3049 4149 3250 4205 divinae
3281 4149 3626 4205 fermentum
3666 4149 3760 4204 lal-

2169 4239 2253 4296 dis
2280 4241 2639 4311 praesentibus
2670 4241 2875 4307 attulit,
2903 4239 3100 4296 futuris
3132 4242 3469 4298 transmisit.
3507 4243 3592 4298 Ad
3625 4243 3761 4313 huic

2170 4331 2530 4388 assertionem
2580 4333 2761 4402 operis
2807 4334 2854 4388 is
2897 4333 3013 4406 ipse
3045 4335 3402 4404 superstitem
3435 4338 3555 4408 agit
3591 4336 3760 4399 vitam,

2169 4437 2236 4478 ac
2261 4438 2416 4479 sacro
2443 4425 2658 4495 corpori
2689 4425 2757 4481 de
2791 4439 2852 4480 se
2873 4426 3006 4480 satis
3028 4427 3229 4484 merito
3255 4442 3360 4500 pro
3392 4429 3607 4484 viribus
3629 4428 3760 4483 dehi-

2170 4521 2283 4570 tum
2315 4515 2626 4586 expendens
2669 4515 2990 4587 obsequium
3017 4557 3034 4585 ,
3079 4533 3193 4574 suae
3230 4533 3427 4575 secum
3463 4520 3762 4577 circumfert

2171 4608 2374 4664 indicia
2400 4608 2694 4678 sospitatis.

2245 4705 2372 4760 105.
2403 4703 2558 4760 Sacri
2591 4704 2856 4761 transitus
2885 4703 3003 4774 ejus
3035 4719 3144 4761 nox
3169 4705 3439 4763 ofﬁciosis
3467 4706 3666 4777 vigiliis
3688 4719 3760 4760 so-

2169 4798 2266 4854 lito
2288 4799 2617 4865 ducebatur;
2642 4805 2695 4854 et
2718 4799 3002 4869 quemdam
3029 4797 3262 4853 fratrum
3290 4799 3434 4855 adeo
3460 4800 3760 4869 religiosam

2172 4889 2395 4945 intimus
2420 4889 2572 4946 dolor
2601 4889 2844 4945 vitalium
2875 4889 3073 4944 misere
3101 4890 3398 4961 fatigabat;
3432 4900 3493 4946 et
3519 4899 3638 4944 erat
3662 4889 3762 4941 viro

2173 4998 2375 5038 mceror
2402 4983 2831 5049 inconsolabilis,
2867 4983 3048 5039 luctus
3090 4983 3459 5050 immodicus,
3507 4999 3619 5038 non
3665 4990 3761 5036 tan

2171 5074 2506 5122 infirmitatis
2532 5077 2710 5122 urgeri
2743 5075 3020 5122 violentia-
3046 5091 3210 5122 aulam
3235 5077 3386 5122 animi
3417 5076 3673 5122 defertu;
3697 5074 3760 5122 si-
