3876 5416
38 223 202 280 1257
1066 221 1154 277 DE
1192 219 1562 278 MIRACULIS
1621 220 1657 276 S

1767 217 2050 274 ERMANI.
2093 218 2221 274 LIB.
2261 217 2324 274 Π.
2957 248 2964 257 ν
3183 215 3323 274 1258

36 333 127 385 ris
162 330 357 400 plenus
385 330 619 386 surrexit
649 330 932 392 continuo;
981 339 1036 383 et
1073 329 1276 400 ingenti
1315 341 1634 384 cunctorum
1663 334 1715 391 Α
1746 345 2034 384 nervorum
2065 331 2280 385 siccitas
2303 337 2602 394 annnatur;
2635 343 2806 400 genua
2829 328 2883 386 in
2907 329 3141 400 priscam
3171 331 3329 387 habi-

36 424 324 479 miraculo
349 424 689 494 psallentium
718 438 838 479 sese
863 423 1046 478 choris
1072 422 1226 476 lzetus
1255 421 1501 477 inseruit.
1526 421 1642 476 Dici

35 530 162 569 non
200 523 398 585 potest,
443 516 816 569 universorum
846 515 1044 569 animis
1079 514 1135 568 in
1172 513 1384 568 laudem
1416 513 1508 567 Dei
1541 511 1648 568 fer-

35 606 210 660 voris
239 613 500 674 quantum
533 605 847 660 accesserit.

116 697 253 752 106.
303 697 642 754 Sanetissimi
681 695 1095 768 przedecessoris
1123 696 1238 765 ejus
1267 696 1540 752 Amatoris
1569 695 1647 752 fe-

39 796 178 844 stus
203 788 322 844 dies
349 789 643 844 advenerat
682 789 777 862 [εσ.
812 791 835 843 1
873 789 1054 861 Maii],
1083 799 1136 843 et
1167 790 1407 848 collectis
1433 791 1644 859 cpisco-

32 879 136 949 pis
166 879 478 935 venerabile
525 895 722 950 corpus
767 879 882 949 ejus
915 880 1192 951 principali
1221 879 1648 934 transferebatur

41 973 385 1026 reverentia.
410 972 472 1026 Ei
500 973 806 1042 spectaculo
831 973 974 1027 beati
1003 987 1218 1042 quoque
1244 971 1500 1027 Germani
1531 971 1646 1026 col-

37 1058 260 1130 legium
291 1060 554 1116 absistere
579 1101 595 1126 ,
633 1077 740 1115 non
776 1070 886 1115 tam
913 1069 1056 1116 esset
1085 1062 1338 1116 indecens
1366 1075 1526 1130 quam
1556 1075 1650 1115 ne-

37 1151 283 1206 farium.
338 1151 616 1219 Reliquias
653 1154 792 1207 sacri
822 1153 1067 1222 corporis
1094 1153 1364 1222 accepturi
1395 1153 1467 1206 nil
1496 1167 1649 1207 com-

39 1241 335 1311 petentius
383 1241 764 1310 postulandum
814 1243 1206 1306 decreverunt,
1253 1257 1414 1310 quam
1447 1243 1651 1296 dextrae

42 1334 261 1405 digitos
292 1350 505 1398 manus,
542 1335 738 1404 quibus
765 1333 1037 1404 quondam
1069 1335 1339 1390 violentus
1371 1333 1650 1390 Germano

42 1426 269 1482 crinem
297 1428 663 1498 decerpserat.
703 1428 761 1483 ld
791 1429 1159 1498 impetratum,
1188 1428 1474 1483 ambitiosa
1504 1441 1652 1497 pom-

43 1532 146 1587 pa,
171 1507 374 1572 festivo
393 1518 592 1588 gaudio
622 1517 951 1573 referebant.
981 1517 1223 1587 Cumque
1257 1517 1536 1573 basilicam
1562 1516 1650 1570 in-

46 1607 260 1678 gressi,
301 1624 529 1678 remque
567 1608 807 1664 divinam
851 1609 1160 1680 peracturi,
1197 1624 1412 1664 sacrum
1456 1608 1650 1678 pignus

1750 423 1990 477 tudinem
2026 422 2360 494 diriguntur;
2407 422 2476 478 ad
2514 422 2728 478 laudem
2771 422 2866 477 Dei
2895 420 3134 478 ﬁdelium
3159 431 3335 479 coetus

1749 512 2090 578 accenditur;
2143 512 2517 583 duplicataque
2551 511 2758 577 laetitia,
2790 526 2886 567 ora
2911 511 3154 576 vocibus,
3181 525 3338 584 genae
3417 499 3432 529 "

1748 607 2002 678 lacrymis
2028 607 2422 677 adimplentur;
2456 621 2634 662 sermo
2660 607 2726 660 ad
2748 604 3003 676 populum
3031 607 3097 661 de
3121 605 3335 660 festivi—

1751 699 1879 752 tatis
1924 699 2214 768 Spleudore
2257 699 2627 763 convertitur;
2681 697 2871 752 beatus
2910 697 3211 754 Germanus
3238 713 3338 754 suo

1747 801 1987 856 praesens
2030 788 2222 842 adesse
2261 787 2411 853 diei,
2446 787 2679 842 evidenti
2722 787 2988 842 beneﬁcio
3021 789 3340 857 comproba-

1753 889 1860 932 tur.
1901 878 2113 943 Adhuc,
2145 879 2212 934 de
2238 892 2346 948 quo
2372 879 2666 948 loquimur,
2706 887 2986 948 superest,
3013 893 3341 934 memorem-

1750 984 1857 1042 que
1884 985 1942 1025 se
1972 971 2180 1040 accepti
2214 970 2492 1035 beneﬁcii,
2531 987 2638 1041 qua
2665 979 2874 1040 potest,
2913 970 3172 1025 servitute
3201 969 3338 1024 fate-

1753 1068 1860 1112 tur.
1911 1059 1979 1113 Et
2025 1074 2233 1129 magna:
2279 1067 2338 1114 et
2373 1058 2719 1128 multiplices,
2745 1058 2985 1124 Christe,
3017 1058 3115 1114 tibi
3145 1073 3342 1129 suppe-

1755 1157 1875 1203 tunt
1919 1150 2221 1215 medicina},
2261 1163 2495 1219 cumque
2537 1149 2614 1205 sis
2661 1147 3032 1205 universitatis
3068 1149 3340 1216 conditor,

1752 1255 1844 1295 res
1886 1255 2175 1310 perperam
2219 1249 2425 1297 stantes
2463 1242 2638 1298 modis
2669 1241 3009 1312 complacitis
3044 1250 3103 1297 et
3135 1241 3347 1297 instau-

1751 1333 1922 1388 rando
1942 1333 2168 1389 ordinas
2202 1342 2257 1388 et
2291 1334 2590 1390 ordinando
2617 1334 2906 1390 instauras.

1823 1425 1946 1480 108.
1984 1421 2195 1480 Summi
2222 1434 2279 1480 et
2312 1425 2756 1495 incomparabilis
2791 1425 2972 1481 Patris
2999 1425 3170 1482 nostri
3199 1440 3344 1495 prse-

1752 1516 1924 1572 coniis
1948 1516 2296 1571 eximendum
2318 1531 2536 1582 vereor,
2570 1517 2736 1586 quod,
2769 1516 2887 1588 ejus
2916 1517 3094 1587 gratia
3122 1516 3346 1571 merito-

1752 1623 1875 1664 rum
1920 1607 2356 1674 interveniente,
2410 1616 2728 1664 sanctorum
2772 1623 2987 1678 quoque
3028 1607 3348 1679 pignoribus

39 1707 190 1754 ante
260 1699 567 1770 scpulcrum
634 1701 780 1757 beati
839 1699 1094 1756 Germani
1151 1701 1484 1771 deponerent
1514 1741 1530 1766 ,
1593 1700 1648 1754 in
1676 1688 1724 1748 Β
1755 1709 2062 1773 martyrum
2092 1701 2162 1756 ab
2185 1701 2322 1756 urbe
2349 1701 2522 1757 Roma
2560 1701 2714 1756 locus
2755 1700 2899 1756 idem
2928 1700 3130 1756 meruit
3156 1713 3348 1755 cumu-

47 1798 319 1860 promptu
351 1789 453 1844 fuit
479 1805 804 1860 agnoscere,
835 1792 942 1847 duo
967 1791 1330 1862 praecellentis
1359 1792 1538 1847 meriti
1574 1791 1657 1845 lu-
1683 1843 1685 1845 ,

45 1878 212 1932 mina
244 1877 346 1947 piis
375 1879 586 1950 gaudiis
609 1919 626 1946 ,
668 1895 805 1935 nova
845 1880 1015 1951 gloria
1039 1922 1055 1946 ,
1104 1882 1447 1938 concurrisse
1481 1895 1496 1934 :
1529 1895 1654 1934 nam

53 1967 322 2038 quaedam
352 1969 548 2024 mulier
574 1972 869 2040 gestatorio
895 1971 1095 2036 delata,
1139 1985 1240 2041 pro
1276 1987 1343 2027 eo
1371 1971 1514 2042 quod
1547 1979 1658 2026 toto

51 2060 412 2129 reptabunda
438 2075 688 2131 corpore,
714 2062 1039 2131 genitalibus
1065 2071 1282 2117 artuum
1311 2069 1523 2118 careret
1544 2060 1660 2117 offi-

52 2151 200 2214 ciis;
238 2150 452 2206 decenti
480 2167 606 2208 mox
640 2153 933 2208 reformata
965 2161 1208 2218 staturae,
1235 2153 1519 2208 amborum
1545 2167 1659 2208 me-

45 2241 182 2296 ritis
204 2241 382 2310 plenas
403 2243 586 2298 retulit
610 2243 804 2314 gaudia
833 2245 1128 2316 sospitatis.
1165 2245 1355 2301 Clerus
1379 2245 1653 2310 laudibus,

45 2333 357 2404 populares
387 2335 711 2392 clamoribus
745 2339 991 2393 extulere
1036 2338 1263 2405 factum,
1303 2354 1412 2409 quo
1451 2347 1507 2394 et
1545 2340 1661 2396 dies

49 2424 360 2491 illustrata,
391 2433 448 2482 et
485 2428 707 2497 antiqua
743 2430 1062 2499 pontiﬁcum
1090 2439 1404 2486 sanctorum
1431 2432 1574 2487 inter
1600 2446 1659 2494 se

47 2513 416 2573 familiaritas
442 2521 776 2590 argumentis
803 2523 1107 2594 perspicuis
1131 2524 1482 2594 comprobata
1512 2525 1660 2581 vide-

47 2606 242 2662 batur.

117 2695 294 2751 Sacri
324 2699 751 2770 quadragesimae
779 2702 1140 2758 volvebantur
1165 2703 1313 2770 dies;
1357 2712 1412 2759 et
1438 2706 1658 2760 surdam

51 2800 86 2840 e
142 2799 301 2856 pago
347 2786 617 2844 Senonico
695 2791 978 2847 mulierem
1054 2794 1282 2864 contigit
1350 2795 1660 2850 advenisse.

56 2876 296 2932 Somnio
333 2881 652 2947 praemonita
690 2880 906 2948 fuerat,
949 2891 1009 2937 ut
1039 2885 1302 2939 chordam
1333 2885 1470 2956 signi
1519 2887 1578 2959 (ἱ.
1609 2903 1657 2943 e.

58 2967 368 3039 campana!)
416 2967 648 3038 faceret,
683 2980 846 3041 atque
887 2973 953 3027 ad
992 2974 1135 3029 beati
1182 2974 1441 3029 Germani
1471 2977 1658 3031 basi-li-

1756 1794 1878 1850 lari.
1927 1794 2046 1850 Jam
2085 1793 2162 1862 id,
2196 1793 2378 1860 credo,
2417 1793 2642 1864 provida
2677 1791 2930 1848 divinitas
2954 1789 3350 1862 pratendebat,

1758 1899 1882 1940 cum
1928 1885 2070 1941 inter
2113 1893 2307 1940 caetera
2355 1900 2519 1956 supra
2561 1883 2847 1940 memorati
2886 1883 3067 1954 operis
3095 1894 3122 1923 α
3147 1883 3350 1938 instru-

1758 1984 1940 2032 menta
1983 1975 2338 2032 secretarium
2380 1976 2410 2016 δ
2457 1989 2673 2046 quoque
2705 1973 2997 2030 conditorii
3034 1973 3152 2042 ejus
3178 2014 3194 2038 ,
3245 1987 3351 2028 nec

1759 2069 1876 2134 uni,
1905 2083 2007 2124 nec
2046 2067 2147 2124 soli
2173 2067 2545 2123 tantummodo
2573 2068 2870 2138 parabatur
2900 2085 2914 2121 :
2944 2074 3204 2123 venturos
3243 2065 3353 2121 sci-

1757 2160 1884 2217 licet
1909 2161 2220 2232 propediem
2263 2159 2397 2216 alios
2433 2159 2681 2215 alicunde
2707 2166 2997 2230 patronos,
3034 2157 3127 2228 qui
3167 2156 3353 2212 locum

1758 2251 2045 2322 prtesentia
2073 2249 2404 2321 supplerent,
2427 2249 2636 2306 meritis
2658 2257 3026 2320 protegerent,
3057 2247 3354 2303 virtutibus

1761 2344 2111 2398 illustrat-ent.
2141 2341 2294 2409 Quod
2321 2341 2448 2413 quia
2479 2341 2696 2397 silentio
2725 2341 2997 2398 obducere
3025 2339 3354 2396 immanissi-

1762 2450 1911 2489 mum
1949 2442 2050 2497 cst,
2082 2449 2347 2505 nusquam
2384 2433 2740 2504 opportunius
2775 2433 2935 2489 video
2980 2432 3063 2488 vel
3109 2433 3356 2488 inseren-

1762 2525 1912 2589 dum,
1939 2525 2021 2578 vel
2049 2524 2211 2580 inseri
2239 2524 2500 2594 potuisse.

1833 2616 1955 2672 109.
1987 2616 2142 2671 Anno
2179 2617 2359 2685 itaque
2394 2616 2658 2672 incarnati
2685 2614 2780 2671 Dei
2809 2613 2933 2681 862,
2967 2614 3198 2669 fratrum
3226 2613 3356 2685 qui-

1761 2709 1887 2764 dam
1931 2709 2199 2764 mandatis
2239 2709 2448 2779 pariter
2487 2717 2548 2765 et
2586 2708 2831 2780 epistolis
2878 2708 3040 2780 regiis
3079 2706 3355 2772 instructi,
3417 2727 3432 2746 ν

1761 2799 1950 2854 urbem
1978 2799 2207 2854 Romam
2247 2808 2528 2870 expetunt,
2555 2815 2680 2855 cum
2707 2799 2973 2855 orationis
3011 2799 3206 2870 gratia,
3236 2805 3355 2852 tum

1763 2889 1925 2943 etiam
1970 2890 2329 2960 quarumdam
2383 2890 2879 2945 ecclesiasticarum
2937 2890 3118 2945 studio
3164 2903 3360 2944 causa-

1765 2995 1916 3045 rum;
1957 2996 2111 3049 quas,
2145 2980 2256 3034 Deo
2286 2981 2561 3051 negotium
2590 2987 2936 3052 procurante,
2965 2989 3021 3036 et
3059 2979 3362 3050 allegarunt

58 3075 184 3114 eam
216 3059 476 3115 deferret.
501 3061 659 3117 Dicto
684 3064 894 3132 paruit;
926 3063 1112 3118 funem
1137 3065 1348 3130 attulit;
1380 3065 1531 3136 signo
1559 3083 1658 3136 ap-
1687 3042 1731 3102 C
1764 3042 1991 3123 strenue
2013 3110 2027 3132 ,
2071 3042 2127 3122 et
2160 3042 2448 3125 efﬁcaciter
2476 3042 2850 3140 expleverunt.
2900 3042 3363 3126 Prudentissimus

59 3153 288 3222 plicitus
323 3161 426 3207 est.
477 3153 533 3208 ld
577 3170 741 3210 manu
789 3157 1011 3227 prepria
1052 3172 1175 3212 cum
1219 3157 1511 3227 pulsasset,
1541 3173 1660 3212 mo-

61 3252 254 3302 mento
301 3243 497 3300 eodem
553 3261 628 3301 aes
680 3261 874 3302 sonum
921 3248 1120 3314 edidit,
1171 3248 1370 3304 mulier
1417 3250 1661 3304 auditum

61 3334 297 3404 recepit.

134 3425 266 3480 107.
294 3425 454 3482 Auno
473 3427 598 3493 875,
624 3428 786 3486 Verbi
816 3429 960 3486 inter
985 3431 1234 3487 homines
1255 3432 1536 3488 humanati
1565 3450 1663 3504 pu-

62 3516 207 3572 blica
237 3517 482 3574 ﬁdelium
513 3519 836 3590 religiositas
865 3522 1184 3592 populorum
1212 3523 1354 3578 diem
1387 3523 1660 3579 Kalenda-

63 3621 190 3663 rum
210 3608 530 3664 Octobrium
555 3612 750 3667 votivis
777 3614 988 3682 gaudiis
1009 3614 1280 3684 exigebat.
1310 3615 1495 3670 Adfuit
1522 3617 1665 3672 inter

66 3715 301 3760 steteros
330 3705 552 3775 quidam
579 3708 702 3778 pagi
729 3707 1134 3780 Andegavensis
1158 3710 1406 3781 indigena
1433 3726 1501 3766 ex
1521 3712 1662 3776 vico,

63 3792 333 3851 Basilicas
384 3806 734 3868 uuncupato,
783 3799 1085 3856 Adalsadus
1135 3803 1391 3868 nomine,
1441 3804 1666 3876 triginta

67 3884 240 3942 ferme
291 3897 352 3943 et
401 3889 565 3944 trium
616 3905 884 3946 annorum
929 3893 1202 3949 curriculo
1259 3905 1664 3951 contracturum

68 3992 308 4044 genuum
335 3980 531 4035 damna
559 3981 949 4038 circumferens
977 4001 990 4036 :
1021 3984 1153 4039 inita
1178 3985 1345 4054 igitur
1375 3987 1666 4042 missarum

71 4067 388 4125 celebritate
437 4070 702 4137 solemni,
757 4072 1036 4144 ingressus
1069 4073 1354 4130 ecclesiam
1383 4117 1399 4143 ,
1446 4086 1508 4131 ut
1554 4077 1668 4147 ipse

70 4155 208 4224 fert,
252 4160 534 4216 immensis
583 4162 750 4232 erepit
795 4162 1099 4220 fervoribus
1139 4172 1412 4232 aestuare;
1471 4167 1670 4236 quibus

73 4248 388 4320 mitigandis
434 4251 614 4307 locum
661 4269 951 4323 quaerens,
1003 4256 1150 4312 foras
1203 4257 1332 4312 item
1369 4259 1664 4328 egreditur.

72 4335 197 4394 Mox
222 4342 408 4397 calore
435 4345 679 4418 cedente,
707 4354 857 4402 tanto
885 4347 1103 4420 frigoris
1130 4349 1359 4406 horrore
1386 4360 1669 4421 correptus
1695 4395 1747 4421 ﬁ.

1695 4403 1750 4465 D

76 4439 188 4498 eSt;
231 4441 290 4487 ut
315 4449 456 4504 pene
486 4450 546 4492 se
582 4439 1000 4494 exanimandum
1033 4440 1314 4507 crederet,
1355 4441 1460 4497 nisi
1489 4441 1669 4499 denuo

76 4523 361 4580 ecclesiam
408 4527 676 4583 introiret.
728 4529 846 4596 Quo
879 4530 1098 4587 demum
1138 4533 1436 4604 ingressus,
1472 4534 1666 4604 priscis

1761 3169 1817 3215 et
1853 3159 2090 3214 maxima
2131 3160 2498 3214 venerationis
2526 3162 2832 3216 reverentia
2861 3161 3238 3229 suspiciendus
3267 3160 3366 3216 Ni-

1761 3251 1946 3308 colaus
1969 3267 2106 3322 papa
2130 3263 2180 3316 ο,
2202 3250 2461 3306 Romana:
2487 3259 2602 3306 tum
2629 3251 2901 3306 cathedrae
2927 3252 3246 3322 praesidens,
3273 3252 3362 3307 vi-

1763 3359 1882 3399 cem
1912 3343 2192 3414 apostolici
2227 3343 2479 3398 culminis
2507 3351 2564 3398 et
2591 3342 2853 3414 dignitate
2880 3351 2936 3398 et
2964 3343 3142 3399 studio
3168 3343 3364 3415 praefe-

1764 3435 1918 3489 rebat
1947 3452 1960 3487 ε
1996 3433 2107 3502 qui,
2149 3448 2271 3488 cum
2311 3431 2720 3502 praenominatis
2756 3432 3029 3502 legatariis
3066 3431 3134 3487 ad
3165 3442 3364 3488 cuncta

1763 3540 1884 3594 qure
1927 3523 2122 3602 vellent
2151 3538 2248 3594 per
2283 3524 2396 3579 dies
2439 3523 2644 3592 aliquot
2682 3523 2995 3592 plenissime
3033 3524 3116 3579 sui
3144 3523 3361 3594 cepiam

1766 3616 2003 3681 fecisset,
2037 3630 2231 3688 magna
2273 3615 2358 3670 sui
2405 3615 2887 3684 ministrorumque
2925 3612 3044 3682 ejus
3072 3614 3244 3684 gratia
3275 3613 3364 3667 di-

1767 3707 2033 3763 scessuris
2079 3716 2390 3763 sanctorum
2437 3713 2734 3777 martyrum
2781 3703 2989 3760 Urbani
3036 3711 3091 3760 et
3129 3703 3366 3758 Tiburtii

1768 3800 2022 3871 reliquias
2045 3799 2072 3840 ἀ
2104 3798 2365 3863 tradidit,
2410 3805 2467 3854 et
2493 3799 2695 3853 virtute
2725 3796 3012 3866 pretiosas,
3044 3803 3101 3851 et
3141 3795 3366 3866 quanti-

1769 3901 1880 3947 tate
1930 3891 2253 3962 praecipuas.
2309 3888 2402 3945 Sic
2455 3887 2553 3944 Dei
2603 3887 2792 3942 favore
2844 3896 2899 3942 et
2945 3888 3167 3942 obtentu
3220 3884 3366 3954 regis

1769 3983 1969 4048 Caroli,
1994 3984 2135 4053 quod
2166 3981 2300 4036 alias
2322 3979 2409 4035 vel
2448 3977 2956 4042 laboriosissimum,
2998 3976 3082 4031 vel
3111 3973 3367 4045 impossi-

1770 4076 1876 4132 bile
1906 4075 2102 4138 fuerat,
2137 4071 2281 4128 facili
2314 4070 2530 4143 negotio
2565 4067 2935 4125 confecerunt.

2393 4204 2624 4263 CAPUT
2650 4203 2737 4260 ll].

1775 4303 2029 4374 Prodigia
2061 4303 2202 4374 facta
2223 4303 2296 4374 Ain
2322 4298 2667 4374 translatione
2695 4292 2800 4374 _SS.
2835 4290 3130 4374 Urbqnitet
3145 4289 3371 4374 Tiburtii

1847 4361 2025 4437 MM;
2061 4361 2186 4428 item
2209 4372 2311 4429 SS.
2341 4369 2582 4425 Mauritii
2606 4361 3151 4437 “Innocentii-Mill.
3175 4371 3373 4437 ;_cqta-_»

1847 4431 2320 4518 logus'sanctorum
2346 4443 2403 4496 in
2427 4439 2618 4510 cryptis
2651 4435 2712 4492 S.
2740 4434 2992 4491 Germani
3017 4431 3372 4487 Antissiodori

1849 4517 2194 4589 sepultorum.

77 4630 296 4672 rursum
323 4619 596 4675 caloribus
624 4619 1009 4678 inﬂammatur.
1039 4620 1190 4680 Inter
1212 4627 1329 4682 haec
1358 4641 1530 4696 genua
1557 4627 1670 4684 dis-
1849 4629 1973 4686 MO.
2009 4626 2148 4694 Quid
2174 4621 2440 4698 pignoris,
2467 4619 2598 4690 quid
2628 4616 2873 4676 thesauri
2898 4613 3164 4670 Romulea
3203 4613 3378 4667 ferre—

80 4711 298 4780 siliunt;
346 4715 500 4769 nervi
551 4716 837 4781 laxantur;
885 4717 1112 4773 ecclesia
1155 4719 1392 4774 clamore
1433 4720 1669 4791 comple—
1778 4733 1871 4777 tur
1920 4719 1988 4773 ab
2045 4717 2218 4782 urbe.
2261 4713 2527 4769 Virtutum
2579 4705 3030 4782 consequentium
3085 4699 3409 4791 “cvm”.

82 4808 184 4856 tur.
227 4803 459 4875 Jamque
496 4807 550 4862 in
587 4809 818 4863 amboue
860 4811 1258 4880 responsorium
1298 4787 1620 4868 cantabatur
1649 4834 1664 4870 :
1779 4818 2016 4881 emptum
2044 4815 2186 4862 este
2211 4799 2442 4871 vestigio
2472 4797 2738 4856 declarari
2770 4819 2785 4856 :
2816 4792 3046 4854 remotis
3076 4787 3432 4903 superﬁuisd‘
3461 4857 3470 4877 ἶ

83 4893 146 4946 ad
197 4907 447 4952 sanctum
493 4900 802 4969 sepulcrum
851 4903 1099 4958 cominus
1147 4905 1506 4970 admovetur;
1567 4907 1670 4964 sub
1776 4907 1949 4974 siqua
1979 4899 2265 4957 referenda
2295 4903 2443 4957 sunt,
2461 4895 2787 4962 compendio
2812 4892 2950 4948 lieni»
2978 4887 3264 4956 gratiora.

81 4987 248 5043 oculis
267 4990 514 5045 omnium
539 5007 830 5061 compages
849 4995 976 5049 olim
1004 5005 1231 5053 mortuae
1250 4995 1667 5071 distenduntur;
1853 4994 2054 5052 Urbem
2081 4991 2317 5061 egressi,
2343 4985 2626 5041 mansione
2653 4989 2833 5057 prima
2860 4983 2919 5037 in
2949 4979 3147 5034 sancti
3185 4978 3415 5040 Metam

153 5181 177 5245 ξ
213 5171 349 5228 Puta
395 5173 657 5239 basilicze,
691 5174 893 5245 ingenti
925 5176 1152 5234 aediﬁcio
1178 5186 1374 5233 versus
1400 5172 1657 5234 orientem

1853 5164 2360 5245 ῗΗιιὶυεροητΞΞιῖβ
2386 5158 2622 5242 Ρῖίπιυεο.
2748 5234 2830 5245 _...
3079 5219 3176 5245 .-
3233 5198 3452 5245 ηδιαηί

85 5253 111 5291 τι
139 5213 893 5316 ςοῇιῖέἱῖοῖιιῖὶὲῐὲἔεῖἶ’⁶”““
1853 5242 1878 5281 δ
1914 5213 2488 5316 Κί²ἒῖιῖιὶέᾞῖῥαῇίν
2537 5213 2701 5316 chius
2746 5213 3457 5316 Tibut'fii-.é“.ll€l’3§‘l

150 5310 176 5351 δ
214 5287 730 5391 sqq-em’rguni'aﬁzd
758 5326 1011 5391 auctores
1035 5315 1433 5391 ecclesiasticos
1461 5317 1668 5388 accipi-
1775 5327 1930 5391 papa:
1961 5317 2015 5364 et
2045 5287 2365 5391 martyris
2391 5301 2635 5391 ΙῑξιῃςιξιιξιΔ
2654 5304 2866 5391 ﬁeri“)!
2881 5287 3467 5391 Elimia}.

1186 5352 1668 5416 Ti":i.'i’.:.°."..”.?.‘£ii'
1775 5352 2968 5416 ti:::::.:.:.'."‘;::,icii.'a*..;;i;.'i.:,:zima
3012 5367 3161 5411 sunt
3212 5362 3281 5416 ad
3309 5352 3477 5416 diei.“

85 5386 168 5416 1111*
194 5383 405 5416 ΠιιῖΑηΜ
449 5385 559 5416 ΓΛηΔ
598 5401 694 5416 ιιι-Λ
721 5390 958 5416 ιηΛΛ-υι-ΞΛ
1013 5404 1106 5416 ιιι-.-
1168 5398 1224 5416 ..ιη
1260 5385 1450 5416 ...ιιι-ηιμ
1481 5383 1638 5416 ann-nl
