3876 5416
455 280 595 337 1239

1381 240 1391 252 ’
1455 274 1683 333 llERlCl
1720 270 2031 328 MONACtll
2065 267 2731 332 ANTISSIODORENSIS

3601 277 3728 334 ιξω

453 397 535 461 atri
580 393 871 451 «ecclesiam
921 391 1271 449 devenerunt.
1336 391 1413 449 lbi
1465 405 1592 448 eum
1634 397 2045 463 pernoctarent,
2074 396 2122 457 Α
2149 387 2506 459 aggregabat;
2534 388 2852 444 cedentibus
2881 387 3026 456 aliis,
3055 390 3147 445 alii
3174 390 3577 456 succedebant;
3614 391 3733 447 dum

453 485 681 555 candela
719 484 941 557 prolixae
985 483 1336 556 longitudinis
1358 524 1374 551 ,
1423 498 1534 540 uno
1560 496 1820 556 succensa
1847 482 2042 552 capite,

450 587 574 649 post
610 577 888 650 paululum
914 591 945 633 a
970 589 1124 650 parte
1165 577 1269 633 alia
1306 579 1562 649 flagrans,
1593 578 1867 647 utrimque
1909 589 2050 647 prte-

453 670 656 726 luxisse
689 669 806 727 visa
830 678 934 728 est.
984 670 1191 740 Ingenti
1216 671 1500 726 devotione
1527 667 1793 739 complexi
1822 667 2043 731 factum,

452 762 684 819 duorum
714 761 1003 833 praecipuis
1031 770 1341 818 sanctorum
1379 758 1941 832 memoriisngeminis
1979 757 2048 815 de

452 862 655 915 metere
684 853 1033 913 serviendum
1071 853 1460 919 luminaribus,
1499 852 1869 909 adverterunt.
1922 849 2049 904 Exit

455 945 663 1002 illuster
690 946 778 1001 vir
806 943 1098 1017 Lotharius
1119 985 1136 1010 ,
1164 945 1408 1016 ejusdem
1447 958 1631 1002 comes
1662 939 2041 1013 expeditionis,

455 1034 605 1097 febre
636 1044 919 1107 correptus
954 1034 1229 1105 pervalida
1251 1075 1266 1098 ,
1312 1033 1595 1091 candelam
1638 1047 1738 1089 suo
1765 1030 1929 1087 statui
1963 1044 2046 1085 re-

454 1124 812 1195 Spondentem
851 1124 1062 1189 detulit,
1103 1132 1158 1181 et
1186 1133 1314 1180 ante
1342 1140 1530 1182 sacras
1560 1131 1890 1197 pernoctans
1919 1120 2047 1177 reli-

454 1217 633 1291 quias,
651 1217 727 1283 in
747 1218 1045 1274 crastinum
1075 1233 1134 1274 se
1161 1218 1468 1275 omnimoda
1497 1216 1771 1290 languoris
1796 1212 2044 1271 molestia

455 1306 695 1366 levatum
723 1310 915 1381 sensit.
947 1310 1141 1367 Actum
1175 1309 1508 1367 Vulterrisa.

527 1398 854 1473 Meginarius
881 1442 897 1467 ,
951 1401 1191 1472 ejusdem
1243 1400 1494 1459 Lotharii
1543 1401 1867 1474 presbyter,
1934 1412 2044 1453 non

457 1488 684 1547 multum
710 1500 836 1564 post
868 1491 1021 1549 febre
1054 1507 1348 1550 succensus
1375 1490 1790 1557 violentissima,
1816 1487 2041 1545 candela

456 1581 660 1643 sanctis
682 1581 945 1647 adhibita,
974 1597 1138 1653 quam
1173 1582 1520 1649 excellenter,
1549 1590 1662 1638 tam
1692 1580 1853 1637 facile
1882 1593 2039 1635 cura-

458 1682 544 1745 tus
562 1683 666 1733 est.
690 1674 979 1732 Familiare
998 1675 1252 1747 deinceps
1269 1675 1522 1745 omnibus
1539 1672 1814 1740 eiectum,
1837 1675 2044 1728 irruen-

2148 488 2206 537 et
2234 480 2334 536 bos
2362 495 2500 535 nova
2540 490 2918 551 perceptarum
2963 482 3354 539 beneﬁciorum
3378 484 3565 554 gratia
3594 483 3737 541 laetos

2149 571 2206 629 in
2232 586 2330 629 sua
2360 571 2634 640 recedere,
2662 581 2717 628 et
2748 572 2866 629 illos
2892 576 3363 646 percipiendorum
3394 592 3526 647 spes
3550 576 3736 634 alacri-

2148 670 2232 718 ter
2262 664 2561 734 impelleret
2593 679 2905 736 properare.

2219 756 2343 811 “2.
2370 756 2590 812 Publice
2618 755 2858 814 famosus
2878 766 2937 813 et
2957 757 3167 814 famose
3184 758 3442 829 publicus
3462 760 3620 816 locus
3639 773 3735 828 est,

2146 847 2349 906 Orbam
2389 848 2419 890 ιι
2466 849 2625 921 vulgo
2674 850 3076 922 cognominant.
3138 852 3217 907 Eo
3265 868 3390 907 cum
3442 857 3735 920 venissent,

2145 940 2321 1012 puella
2350 940 2607 997 infantula
2635 942 2754 1013 ejus
2780 942 2907 1008 loci,
2935 943 3154 999 Osanna
3176 945 3419 1008 nomine,
3447 961 3617 1015 quam
3648 963 3737 1001 na-

2146 1036 2330 1091 tivitas
2354 1044 2412 1091 et
2440 1045 2642 1091 mutam
2672 1037 3001 1108 produxerat
3027 1047 3084 1092 et
3108 1045 3457 1093 contractam
3478 1079 3495 1101 ,
3549 1040 3734 1094 auditis

2145 1126 2486 1197 psallentium
2523 1128 2843 1197 populorum
2883 1128 3137 1193 vocibus,
3187 1128 3344 1183 miris
3390 1130 3733 1199 perveniendi

2147 1218 2215 1272 ad
2242 1226 2460 1272 sanctos
2506 1220 2803 1288 angebatur
2828 1219 3132 1275 desideriis.
3174 1218 3231 1275 Id
3260 1221 3391 1289 quia
3422 1222 3613 1275 verbis
3637 1238 3733 1276 non

2145 1317 2374 1378 poterat.
2406 1318 2561 1379 gestu
2587 1309 2829 1378 corporis
2856 1319 2912 1364 et
2935 1310 3172 1365 stridore
3201 1309 3445 1364 faucium
3492 1310 3731 1366 declara-

2144 1399 2258 1455 bat.
2287 1399 2470 1455 Aridis
2493 1401 2708 1455 tandem
2749 1401 2929 1456 nervis
2957 1400 3204 1471 reptilem
3247 1410 3595 1470 extorqueas
3620 1418 3733 1472 gra-

2145 1488 2297 1555 dum,
2324 1490 2509 1556 enisu,
2548 1505 2657 1561 quo
2694 1493 2888 1563 potuit,
2933 1491 3200 1564 pervenit.
3234 1490 3361 1547 Mox
3412 1503 3584 1547 tanta:
3622 1494 3731 1547 ﬁdei

2146 1588 2495 1635 remunerata
2531 1579 2707 1635 fructu
2731 1619 2748 1646 ,
2792 1580 2986 1652 ignota:
3032 1582 3381 1638 rectitudinis
3404 1622 3422 1647 ,
3468 1583 3729 1637 universis

2145 1667 2486 1734 mirantibus,
2503 1669 2705 1740 recepit
2726 1685 2901 1725 usum.
2926 1670 3064 1727 Hinc
3088 1671 3262 1727 sacris
3298 1673 3725 1737 communicatis,

457 1775 541 1825 tes
581 1766 684 1823 sibi
730 1782 825 1837 per
871 1776 1042 1822 totum
1088 1767 1190 1823 iter
1235 1765 1635 1827 imbecillitates
1662 1804 1680 1830 ,
1732 1772 2043 1821 sanctorum
2076 1759 2118 1821 Β
2146 1761 2445 1819 sacerdotis
2463 1760 2618 1830 jussu
2648 1762 2942 1832 respondit.
2969 1761 3164 1818 Amen.
3200 1762 3278 1818 Ea
3304 1778 3375 1818 eo
3408 1763 3562 1833 pleni
3591 1779 3725 1818 eoat.

451 1867 772 1913 constanter
800 1856 1098 1928 imploratis
1127 1857 1464 1927 patrociniis,
1491 1854 1788 1912 declinare.

530 1947 651 2003 ttl.
700 1947 948 2004 Emensis
992 1946 1256 2018 Alpibus,
1313 1947 1381 2003 ad
1425 1953 1643 2005 sanctos
1690 1942 2042 2015 Agannenses

456 2039 768 2111 martyresh
805 2039 1160 2095 diverterunt.
1215 2038 1292 2094 lbi
1348 2038 1416 2093 ab
1456 2036 1804 2102 Hucbertoc,
1845 2034 2043 2091 abbate

453 2130 837 2195 famosissimo,
867 2129 1075 2201 excepti
1107 2144 1271 2202 quam
1300 2126 1661 2194 familiariter,
1690 2125 1822 2183 tanti
1849 2124 2040 2198 fatiga-

453 2221 655 2277 tionem
686 2220 896 2276 itineris
922 2219 1078 2290 plena
1117 2220 1221 2277 viri
1249 2217 1644 2283 benevolentia,
1674 2216 1876 2289 ingenti
1909 2216 2039 2271 reli-

451 2311 725 2387 giosorum
768 2306 993 2374 allecto,
1026 2308 1174 2380 larga
1214 2308 1449 2378 denique
1488 2307 1651 2363 totius
1695 2303 2037 2362 liberalitatis

451 2399 783 2470 indulgentia
830 2398 1160 2455 relevaruut.
1208 2396 1413 2454 Dehinc
1463 2396 1699 2452 oblatam
1735 2393 1839 2450 sibi
1875 2407 2041 2462 nego-

452 2488 512 2543 tii
541 2488 996 2559 opportunitatem
1029 2488 1347 2545 intentatam
1376 2487 1619 2557 linquere
1640 2499 1749 2541 non
1775 2484 1876 2541 sibi
1903 2483 2039 2539 inte-

446 2597 605 2652 grum
635 2580 748 2636 fore
778 2581 1139 2646 arbitrantes,
1178 2589 1489 2636 sanctorum
1516 2576 1919 2649 Agaunensium
1946 2589 2034 2631 re-

448 2672 646 2743 liquias
683 2687 715 2728 a
749 2671 1141 2742 ρι’ωηοιιιίηςιιο
1168 2670 1411 2744 principe
1449 2668 1747 2740 poscendas
1782 2666 2039 2724 decreve-

446 2769 595 2816 runt.
626 2758 697 2827 Is,
728 2760 938 2816 volente
972 2761 1101 2825 Deo,
1134 2761 1278 2832 quod
1317 2758 1710 2830 postulabatur,
1734 2757 1948 2829 excepit
1971 2756 2036 2813 li-

448 2851 799 2919 bentissime,
829 2852 972 2924 quod
1001 2860 1057 2907 et
1091 2851 1222 2907 viris
1261 2859 1408 2906 esset
1450 2848 1925 2914 familiarissimus,
1956 2856 2035 2914 et,

446 2951 631 3015 utpote
674 2943 951 3000 saecularia
1019 2941 1288 2998 meditans
1336 2950 1570 3007 tantum,
1619 2941 1674 2996 in
1723 2951 2037 2997 sanetorutn

444 3033 739 3106 largiendis
764 3034 1082 3105 patrociniis
1107 3047 1215 3089 non
1244 3033 1378 3089 satis
1403 3048 1619 3089 avarus.
1649 3030 2033 3100 Quamobrem,

2142 1870 2241 1925 pos
2258 1855 2477 1927 eloquii,
2505 1854 2572 1909 ad
2602 1854 2781 1911 locum
2810 1870 3001 1926 usque,
3024 1856 3118 1928 qui
3140 1856 3287 1911 Arlia
3316 1856 3554 1922 dicitur,
3581 1872 3723 1912 saue-

2144 1957 2225 2006 tos
2254 1956 2537 2018 prosecuta
2559 1957 2665 2004 est.

2211 2036 2418 2095 Dehinc
2453 2038 2507 2093 in
2535 2037 2737 2105 villam,
2766 2037 2853 2093 cui
2895 2038 3137 2109 Botgalia
3170 2050 3194 2080 ο
3224 2053 3468 2105 nomen,
3493 2055 3621 2095 mm
3646 2056 3720 2095 ve-

2139 2130 2370 2197 nissent,
2404 2131 2622 2201 quidam
2647 2131 2765 2202 ejus
2802 2131 2926 2197 loci,
2957 2133 3194 2187 caducus
3221 2146 3251 2186 a
3286 2147 3493 2202 puero,
3522 2133 3720 2187 adeoat

2138 2235 2239 2292 per
2263 2222 2380 2278 dies
2407 2219 2648 2291 singulos
2672 2221 2930 2277 caducam
2956 2237 3063 2276 non
3095 2221 3265 2277 semel
3297 2221 3612 2277 allisionem
3638 2238 3715 2290 pa-

2141 2321 2370 2378 teretur,
2393 2312 2589 2382 raptim
2629 2311 2698 2366 ad
2721 2321 2937 2368 sanctos
2962 2312 3235 2379 cucurrit;
3260 2311 3539 2369 feretrum
3567 2315 3715 2377 rexit;

2141 2404 2321 2462 triduo
2349 2412 2689 2475 prosecutus,
2721 2403 2853 2459 nihil
2879 2404 3095 2460 demum
3122 2404 3250 2459 mali
3280 2420 3491 2475 passus
3508 2413 3615 2460 est.

2212 2498 2335 2554 115.
2377 2496 2513 2554 Hinc
2555 2498 2623 2552 ad
2652 2496 2865 2552 Salinas
2899 2496 2918 2537 ί
2954 2507 3192 2553 ventum.
3238 2497 3413 2553 Pater
3458 2500 3718 2569 parvqu

2140 2586 2347 2655 lilium,
2394 2588 2771 2644 contractione
2810 2596 3028 2642 artuum
3080 2588 3455 2656 imbecillem,
3504 2592 3719 2645 liumeris

2140 2679 2424 2745 vectitans,
2455 2680 2556 2735 sub
2582 2677 2840 2735 feretrum
2869 2681 3193 2763 composuit.
3218 2680 3402 2735 Paulo
3428 2693 3556 2752 post
3581 2684 3722 2751 erepit

2138 2771 2298 2844 erigi,
2323 2780 2379 2828 et
2417 2781 2626 2843 patrem
2666 2773 2828 2828 anxie
2865 2771 3177 2829 inclamare.
3208 2773 3399 2829 Exciti
3429 2788 3623 2831 omnes
3648 2793 3720 2830 vo-

2138 2866 2325 2930 cibus,
2357 2865 2483 2921 binc
2514 2865 2640 2923 inde
2657 2873 3019 2930 concurrunt;
3048 2863 3382 2920 incolumem
3416 2865 3721 2921 inveniunt:

2139 2967 2291 3029 pater
2325 2956 2427 3012 sub
2471 2956 2646 3012 oeulis
2689 2956 2932 3013 omnium
2990 2970 3184 3011 sanum
3240 2957 3527 3027 recipiens
3575 2959 3720 3012 filim

2139 3063 2318 3114 suum,
2346 3048 2665 3103 immensum
2690 3046 2842 3102 laetus
2863 3046 3071 3102 revexit
3095 3046 3161 3100 ad
3180 3061 3435 3117 propria.
3464 3049 3654 3102 Actum
3674 3050 3718 3100 in

445 3140 725 3181 sacrorum
753 3140 1040 3196 corporum
1067 3126 1243 3180 accito
1268 3124 1512 3185 custode.
1537 3124 1756 3195 pretiosi
1780 3125 2036 3197 martyris
2062 3139 2106 3201 ρ
2137 3141 2366 3197 ecclesia
2396 3140 2566 3196 sane“
2596 3138 2822 3195 ιοειηηίε
2847 3137 3124 3209 Baptism,
3161 3138 3287 3193 vico
3311 3138 3566 3207 ρυωίω,

452 3212 689 3289 lauritii
738 3215 1199 3285 complectendam
1252 3214 1601 3285 reliquiarum
1653 3222 1862 3286 partem
1908 3230 2032 3270 cum

446 3305 752 3362 venerando
778 3306 954 3377 capite
986 3305 1158 3362 sancti
1186 3304 1514 3371 Innocentii,
1551 3304 1829 3377 legionarii
1860 3319 2032 3375 quoa-

444 3398 566 3454 dam
608 3397 757 3469 ejus,
796 3399 1174 3454 incunctanter
1214 3396 1398 3470 largiri
1445 3397 1720 3470 praecepit.
1762 3396 1820 3452 ld
1863 3412 2031 3467 quaa—

442 3506 602 3562 quam
630 3506 822 3545 omncs
848 3489 1053 3545 ferrent
1079 3489 1362 3561 aegerrime
1380 3529 1393 3553 ,
1441 3488 1675 3544 obtinuit
1708 3497 1883 3543 tamen
1905 3487 2029 3559 jus-

440 3579 522 3637 sio
558 3579 818 3652 principis
858 3578 1226 3636 indifferenter
1274 3578 1332 3650 (i.
1362 3594 1409 3633 θ.
1437 3579 1645 3650 statim)
1702 3578 1848 3642 fieri,
1885 3578 2028 3648 quod

439 3667 671 3723 volebat.
727 3667 982 3724 Votorum
1028 3676 1341 3738 compotes,
1394 3667 1497 3722 iter
1541 3662 1828 3737 repetunl',’
1867 3667 2029 3737 jnstis

439 3775 653 3832 semper
698 3759 964 3815 faventem
1010 3759 1449 3831 dispositionibus
1504 3758 1773 3831 impendio
1826 3758 2028 3830 glorili-

439 3862 629 3908 cantes
657 3850 845 3907 Deum.

509 3941 904 4014 Obsequiorum
934 3958 1060 4012 erga
1090 3952 1306 3998 sanctos
1336 3934 1608 4014 Splendor,
1638 3941 2025 4013 signorumque

442 4018 746 4105 frequentia
787 4034 1162 4105 circumjectos
1210 4036 1409 4105 passim
1456 4034 1679 4106 populos
1716 4034 2024 4106 spectaculo

482 4207 535 4233 σε·
580 4192 860 4258 l’ulterrte,
889 4193 1023 4248 alias
1059 4191 1377 4255 Volaterm’,
1408 4189 1577 4262 vulgo,
1601 4188 1862 4257 Volterra,
1893 4191 2023 4245 urbs

435 4275 522 4322 est
549 4264 919 4335 antiquissima
952 4265 1004 4318 in
1034 4262 1289 4319 lletruria
1313 4272 1368 4317 et
1395 4261 1527 4331 agro
1557 4261 1770 4317 Pisano.

505 4362 534 4401 ι)
566 4358 626 4415 ld
670 4367 757 4415 est
802 4359 870 4414 ad
910 4357 1441 4427 camebiumborum
1462 4363 1774 4427 martyrum
1803 4355 2023 4427 nomine

431 4430 845 4487 celeberrimum
889 4429 940 4482 in
990 4428 1146 4492 loco,
1193 4426 1281 4481 ubi
1330 4426 1475 4497 passi,
1520 4425 1645 4481 sunt
1692 4439 1767 4497 ac,
1801 4425 2013 4497 sepulti,

429 4504 655 4573 Agaunp
668 4514 761 4573 seu
787 4497 1100 4573 Acauno,in
1128 4495 1347 4573 dicacesi
1376 4496 1674 4573 Sedunensi
1694 4496 1770 4573 _ad
1806 4495 2007 4550 Rboda-
2044 4504 2093 4562 ι)

430 4564 559 4625 num
602 4568 857 4632 fluvium,
894 4568 1168 4622 Sedunutn
1200 4567 1342 4620 inter
1382 4576 1437 4620 et
1477 4565 1648 4620 lacum
1693 4564 2011 4629 Lemonum,

429 4642 525 4697 sed
558 4640 686 4695 huic
722 4640 1002 4708 propiore,
1029 4638 1189 4707 vulgo
1229 4634 1285 4690 S.
1306 4634 1542 4708 Mortis;
1585 4637 1652 4708 de
1681 4651 2016 4708 quoumona-

429 4712 599 4768 sterio
639 4704 764 4765 vide
811 4704 1259 4766 Samntartbanos
1304 4706 1357 4761 in
1400 4704 1648 4761 Abbatiis
1695 4704 2009 4770 Galliarum,

431 4783 522 4837 ubi
552 4781 618 4851 de
632 4779 884 4851 ,Agaruuo.
900 4779 1186 4851 Martyres
1194 4787 1375 4851 autem
1403 4775 1467 4851 lti_
1486 4773 1707 4851 sunt__S.
1736 4774 2013 4851 Mauritius

431 4862 483 4905 et
512 4848 643 4906 socii
666 4845 1122 4921 utilitesglcgionis
1145 4845 1410 4913 Thebane,
1437 4846 1502 4902 de
1529 4845 1725 4916 quibus
1751 4848 2011 4917 agendum

428 4923 538 4975 erit:
558 4921 631 4974 22
658 4918 1012 4989 Septembris.

505 5023 528 5052 ο
557 5010 691 5065 Erat
715 5008 1006 5063 Hucbertus
1036 5009 1203 5064 frater
1222 5007 1619 5078 Theodeberga:
1640 5007 1860 5078 reginae,
1883 5022 2013 5062 uxo-

433 5081 509 5137 ris
555 5079 795 5135 Lotharii
844 5079 1202 5149 Lotharittgize
1233 5080 1406 5149 regis,
1442 5077 1585 5149 ejus
1617 5077 1901 5149 quilinulla
1951 5092 2011 5132 re

431 5152 611 5206 notior
639 5149 759 5212 fuit,
786 5163 947 5217 quam
977 5147 1157 5202 infami
1184 5147 1315 5202 θυηῐ
1333 5147 1624 5202 Waldrada
1650 5147 1840 5217 pellice
1868 5162 2011 5217 com-

432 5220 670 5283 mercio,
713 5216 857 5288 quod
901 5231 1063 5271 ausus
1108 5218 1291 5273 “tuine
1337 5218 1575 5288 perjurio
1617 5216 1680 5272 ac
1727 5216 2009 5287 sacrilegio

432 5292 568 5347 tueri
588 5331 601 5351 .
653 5287 925 5357 terribiles
959 5302 1079 5341 cum
1109 5289 1222 5340 suis
1254 5289 1361 5341 Deo
1384 5287 1581 5341 vindiei
1629 5301 1817 5357 poenas
1859 5288 2007 5341 dedit

431 5376 569 5416 anno
592 5358 716 5416 869.
744 5356 1066 5416 llucbertus,
1101 5357 1222 5410 licet
1250 5357 1480 5411 clericus
1502 5356 1809 5416 aliquando,
1836 5372 2002 5411 saecu-

2203 3231 2414 3287 Saltnm
2458 3228 2756 3285 Mortkalize
2802 3231 2828 3271 ⁸
2881 3229 3159 3298 ingressos
3220 3243 3383 3283 nova:
3451 3230 3721 3285 hilaritatis

2131 3319 2332 3376 alllavit
2371 3335 2660 3377 accessus:
2707 3334 2942 3390 namque
2988 3319 3131 3376 inter
3158 3330 3468 3376 ventorum
3510 3324 3721 3392 impems

2130 3422 2186 3469 et
2212 3412 2422 3483 pluvias
2455 3412 2840 3477 vehementes,
2887 3410 2995 3466 duo
3039 3412 3186 3467 cerei
3212 3426 3515 3467 sacrorum

2130 3505 2440 3575 pignorum,
2477 3502 2774 3559 inextincto
2800 3516 2898 3572 per
2925 3503 3072 3563 diem
3098 3512 3273 3559 totam
3302 3504 3523 3559 lumine
3544 3506 3722 3575 pet-th

2130 3605 2340 3650 rarnnt.
2394 3594 2470 3650 lta
2495 3603 2805 3650 sanctorum
2842 3593 3016 3663 gratia
3042 3633 3059 3659 ,
3088 3593 3289 3663 quibus
3318 3594 3720 3658 deferetiantur,

2127 3686 2430 3743 evidentius
2464 3687 2749 3752 eontutati,
2791 3686 3063 3743 indefesso
3107 3685 3292 3743 cilicio
3339 3699 3403 3744 et
3450 3690 3723 3745 imbraset

2125 3777 2341 3834 ﬂatitina
2370 3768 2832 3850 contempserunt.

2196 3873 2253 3927 ln
2294 3872 2474 3927 villam
2506 3872 2625 3943 pagi
2652 3870 3034 3934 Amausensis,
3077 3885 3206 3941 qua:
3252 3886 3493 3943 campus
3528 3873 3719 3928 \‘elﬁ‘

2125 3968 2482 4033 dicitur,cum
2511 3966 2817 4030 venissent,
2850 3964 3045 4021 mulier
3070 3963 3142 4019 ab
3172 3964 3294 4034 ipso
3323 3968 3569 4021 materni
3594 3968 3721 4021 uteri

2126 4068 2270 4115 muta
2293 4072 2607 4129 progressu,
2628 4056 2734 4112 title
2753 4056 2907 4126 plena
2927 4055 3242 4121 concurrit;
3266 4071 3501 4126 precem
3522 4058 3716 4119 fundit;

2125 4191 2411 4248 infeliciter
2454 4204 2617 4253 anno,
2639 4188 2792 4258 juxta
2822 4185 3059 4241 Annales
3086 4185 3433 4258 Francorum
3469 4189 3717 4245 Βεηίηἰαι-

2123 4280 2242 4324 nos,
2273 4262 2397 4319 864.
2445 4260 2603 4315 Plura
2630 4257 2698 4316 de
2724 4260 2827 4313 ltee
2854 4258 3092 4312 Annales
3123 4257 3476 4315 Benedictini
3512 4272 3641 4317 tom.
3665 4261 3711 4319 3.

2122 4334 2251 4389 locis
2279 4334 2461 4389 variis.

2188 4404 2214 4443 ἀ
2249 4403 2391 4460 Orb-t
2420 4401 2672 4472 oppidum
2699 4409 2783 4472 est
2811 4399 3099 4472 Helvetiae,
3134 4417 3246 4472 qua
3282 4402 3357 4457 ad
3401 4401 3712 4472 Burgundi:

2120 4477 2432 4529 comitatum
2458 4470 2647 4543 vergit,
2680 4470 2918 4540 ejusdem
2951 4470 3187 4543 nominis
3225 4471 3397 4526 fluvio
3445 4470 3709 4542 imposita,

2120 4548 2260 4601 inter
2298 4546 2469 4599 lacum
2511 4541 2803 4597 Letnanum
2834 4558 2926 4596 seu
2953 4541 3379 4596 Gebennensem
3401 4583 3416 4605 ,
3449 4551 3506 4596 et
3530 4541 3709 4602 aliuui,

2117 4617 2192 4672 illi
2219 4633 2249 4671 a
2281 4614 2660 4683 Septentrione
2687 4612 3016 4683 proximum,
3047 4612 3518 4682 Novobnrgienm.

2191 4686 2426 4812 fbvulgo
2468 4683 2806 4756 Bougeailll,
2847 4684 3046 4739 Urb-am
3088 4684 3233 4739 inter
3275 4693 3333 4739 et
3364 4684 3616 4748 Salinas,
3649 4684 3709 4737 de

2192 4776 2203 4811 ι
2246 4773 2307 4811 us
2336 4770 2479 4810 mox.

2153 4770 2307 4811 lllDllS
2336 4770 2479 4810 IllOX.

2246 4775 2259 4809 l
2354 4774 2382 4809 ll
2426 4773 2479 4809 Χ.

2114 4773 2242 4867 quu
2256 4773 2477 4893 'Ssalitgt',
2509 4827 2794 4882 vernacnle
2826 4825 3035 4889 Salius,
3063 4827 3320 4895 Oppidum
3356 4823 3410 4878 in
3445 4823 3709 4880 Comitatu

2115 4898 2487 4970 Bnrgundico,
2521 4899 2779 4954 tredecim
2817 4897 3034 4954 circiter
3064 4894 3236 4952 leucis
3265 4894 3414 4950 Orba
3462 4898 3709 4951 dissitas:

2115 4972 2182 5037 ad
2209 4971 2564 5042 occidentem.

2189 5042 2214 5081 ε
2255 5035 2569 5094 Mori/mlite.
2617 5037 2695 5093 ita
2738 5054 2857 5093 cum
2900 5037 3086 5093 codice
3130 5044 3318 5091 nostro
3361 5035 3707 5106 Lugdunezasi

2112 5109 2240 5180 legit
2270 5111 2433 5180 etiam
2458 5107 2785 5180 Chililetius,
2833 5109 3035 5180 addens
3056 5149 3071 5171 ,
3116 5108 3278 5180 vulgo
3317 5108 3520 5180 saltum
3549 5107 3706 5180 bime

2112 5176 2366 5250 appellari
2397 5178 2520 5250 Bois
2556 5181 2620 5232 de
2647 5178 2922 5250 Mque/tur.
2952 5179 3139 5250 Unde;
3165 5176 3521 5231 valeellensis
3546 5178 3703 5250 habet

2113 5246 2408 5314 Mortalia,-
2438 5248 2686 5305 Labbeus
2710 5246 3079 5303 Montiakauw.
3115 5248 3271 5303 Patet
3304 5257 3513 5307 autem.
3542 5249 3702 5300 situm

2111 5319 2265 5416 illum.
2285 5336 2403 5376 esse
2433 5323 2484 5374 in
2516 5320 2784 5375 Comitatu
2814 5318 3187 5388 Burgnndicn,
3216 5317 3434 5372 Salinas
3478 5318 3619 5372 inter
3650 5326 3701 5367 et
