3876 5416
409 370 548 437 1265

1410 363 1635 421 illiillCl
1684 360 1989 419 MONACHI
2023 354 2687 418 ANTISSIODORENSIS

3538 356 3676 415 1264

400 484 529 535 otuu
588 479 644 571 in
684 478 794 550 ipsa
842 479 1069 534 ecclesia
1121 480 1402 545 tumulata,
1453 479 1881 541 transferrentur
1936 477 1990 532 in
2019 479 2069 539 A
2168 476 2364 534 Beatus
2388 494 2518 534 vero
2544 477 2836 545 Aunarius,
2865 495 3028 550 quam
3066 479 3381 537 excellentis
3416 479 3680 550 privilegii

400 584 643 645 cryptas.
664 582 718 627 et
740 572 885 629 circa
906 589 1103 644 corpus
1124 574 1418 630 beatissimi
1433 573 1691 630 Germani
1718 574 1985 645 praecipua

397 668 556 722 cilicii
585 664 861 736 diligentia
895 666 1297 722 conderentur:
1340 666 1519 722 divina
1561 674 1771 731 mente,
1811 665 1989 736 probo

395 754 658 821 consilio;
688 764 746 811 ut
767 770 903 826 quos
924 756 1113 811 eadem
1142 757 1261 813 εαξιί
1286 758 1433 829 regia
1459 757 1719 824 continet,
1746 755 1989 825 ejusdem

395 865 614 920 quoque
644 849 698 906 in
730 850 890 905 terris
920 850 1209 905 habitaculi
1240 852 1509 921 capacitas
1554 851 1807 906 sociaret.
1848 848 1986 904 Fac-

400 951 511 995 tum
546 940 617 995 ita
639 948 757 1005 est;
783 948 839 996 et
872 942 1064 996 dextro
1097 942 1313 1011 quidem
1342 941 1542 1008 latere,
1570 943 1621 997 id
1648 953 1733 997 eSt
1763 957 1793 995 a
1826 941 1987 1011 plaga

396 1032 658 1097 Australi,
690 1045 813 1086 ossa
840 1030 987 1086 beati
1018 1029 1220 1086 Urbani
1260 1047 1409 1102 papae
1436 1047 1558 1087 eum
1595 1031 1771 1101 capite
1813 1030 1988 1086 sancti

394 1117 697 1176 lnnobentii
742 1122 999 1191 martyris
1043 1122 1230 1175 eodem
1278 1121 1454 1177 loculo
1496 1121 1794 1192 composita
1839 1129 1986 1176 sunt.

396 1208 535 1264 llinc
560 1224 758 1280 corpus
784 1210 1106 1266 venerabilis
1126 1210 1321 1276 Alodii,
1366 1211 1696 1267 successoris
1716 1209 1988 1281 quondam

395 1299 515 1369 ejus
542 1311 590 1364 ι,
630 1316 695 1356 ac
719 1301 881 1356 trium
918 1301 1112 1355 deinde
1141 1311 1451 1358 sanctorum
1477 1302 1814 1372 pontiﬁcum,
1843 1300 1988 1367 Ursi,

396 1388 651 1457 Romani,
675 1401 731 1447 et
758 1392 1067 1449 Theodosii.
1109 1393 1153 1448 A
1190 1405 1343 1464 parte
1365 1394 1579 1462 pedum,
1624 1392 1678 1447 id
1720 1399 1805 1446 est
1834 1390 1989 1461 plaga

396 1485 674 1551 orientali,
703 1500 861 1542 secus
891 1502 1065 1553 aram,
1094 1487 1317 1558 pretiosi
1345 1486 1674 1542 confessoris
1700 1496 1753 1541 et
1782 1501 1988 1555 praesu—

375 1577 465 1641 ,-lis
510 1578 735 1634 Aunarii
780 1580 1020 1634 membra
1070 1580 1437 1635 sacratiSsima
1487 1578 1854 1649 requiescunt.
1898 1576 1987 1632 Si-

397 1669 652 1732 nistrum.
684 1671 735 1727 id
761 1680 844 1727 est
879 1672 1300 1743 septentrionale
1333 1672 1494 1737 latus,
1524 1671 1743 1743 gloriosi
1785 1680 1990 1741 marty-

398 1760 476 1814 ris
507 1759 738 1815 Tiburtii
779 1763 1002 1831 pignora
1028 1772 1382 1832 occuparunt,
1421 1761 1721 1831 subjunctis
1752 1762 1989 1832 quinque

396 1850 714 1920 pontificum
745 1853 1063 1923 corporibus
1090 1854 1410 1910 venerandis
1438 1853 1540 1909 hoc
1561 1862 1644 1909 est
1664 1854 1837 1909 sancti
1855 1851 1985 1907 Fra-
2016 1842 2060 1903 Β

400 1943 542 1997 terni
570 1944 808 2015 episcopi
831 1955 885 2000 et
929 1947 1200 2017 martyris,
1247 1946 1514 2012 Censurii,
1538 1946 1805 2016 Gregorii,
1834 1947 1983 2001 Desi-

399 2034 534 2090 derii
562 2051 627 2091 ac
656 2035 791 2108 Lupi
817 2054 831 2103 ;
878 2047 933 2093 et
970 2048 1123 2094 extra
1154 2040 1275 2107 hos,
1304 2039 1475 2095 sancti
1513 2038 1771 2094 Moderati
1801 2038 1986 2109 pueri,

398 2127 671 2195 quondam
715 2130 977 2201 martyrio
1023 2131 1290 2186 coronati.
1334 2130 1536 2186 Ilorum
1591 2131 1717 2203 quia
1768 2130 1987 2185 nomina

399 2219 793 2287 praemisimus,
850 2221 893 2277 si
938 2238 1041 2292 qua
1088 2239 1157 2277 ex
1199 2224 1279 2278 eis
1312 2224 1389 2278 ad
1411 2233 1653 2279 nostram
1697 2238 1989 2279 manavere

400 2310 670 2380 notitiam,
700 2313 944 2369 modesto
976 2315 1294 2385 compendio
1321 2315 1769 2386 perstringamus.

470 2402 592 2459 H8.
635 2404 715 2461 Ac
754 2405 989 2477 primum
1041 2406 1293 2472 Alodius,
1345 2405 1499 2475 cujus
1549 2406 1634 2461 vel
1682 2406 1859 2462 meriti
1905 2406 1987 2461 vel

404 2494 681 2568 dignitatis
725 2500 1027 2565 exstiterit,
1063 2501 1187 2556 hinc
1230 2500 1404 2571 colligi
1434 2500 1594 2565 valet,
1640 2500 1802 2569 «puni,
1831 2499 1989 2555 beato

399 2587 673 2644 Germano
702 2591 877 2647 adhuc
922 2593 1232 2662 superstite,
1267 2593 1321 2647 in
1364 2593 1690 2647 monasterio
1718 2593 1861 2648 illius
1896 2607 1986 2648 ar-

399 2681 791 2737 chimandrites
840 2681 1084 2754 prmfuit,
1140 2683 1360 2753 ipsoque
1413 2692 1534 2753 post
1579 2683 1870 2738 sublimato
1921 2683 1986 2738 ad

400 2772 661 2839 caelestia,
690 2772 744 2826 in
774 2774 1121 2844 pontiﬁcatus
1145 2782 1345 2828 sortem
1369 2773 1416 2828 ei
1450 2774 1738 2828 succedere
1768 2772 1984 2827 meruit.

397 2863 450 2921 ιε
481 2866 722 2922 imitator
742 2875 797 2920 et
825 2866 1000 2921 haeres
1034 2866 1302 2937 magistri,
1334 2875 1616 2937 postquam
1644 2866 1987 2922 Autissiodu-

400 2972 615 3013 rensem
666 2973 763 3028 per
807 2973 977 3014 annos
1017 2974 1148 3021 xxx,
1188 2974 1425 3013 mensem
1452 2974 1490 3021 ι,
1534 2959 1649 3013 dies
1693 2974 1795 3021 sm,
1846 2958 1990 3013 rexit

398 3050 697 3106 Ecclesiam
716 3092 731 3117 ,
761 3052 1088 3121 optimorum
1115 3052 1349 3122 locuples
1371 3053 1652 3122 stipendiis
1673 3052 1986 3108 meritorum

404 3142 458 3194 in
497 3155 632 3212 pace
677 3140 944 3209 decessit;
995 3151 1158 3213 atque
1207 3143 1261 3198 in
1310 3144 1498 3199 cadent
1546 3144 1687 3199 beati
1732 3143 1985 3200 Germani

402 3232 627 3289 basilica
656 3234 910 3290 decenter
934 3234 1178 3305 sepultus
1200 3244 1300 3290 est.
1328 3236 1754 3309 Eodecedente,
1787 3239 1988 3294 mansit

403 3324 595 3380 civitas
637 3326 842 3395 absque
898 3327 1152 3396 episcopo
1205 3328 1362 3381 annis
1422 3343 1494 3391 x,
1542 3337 1602 3381 ut
1646 3327 1697 3381 in
1748 3330 1987 3398 proemio

404 3429 618 3486 quoque
647 3417 888 3487 opusculi
918 3419 1354 3487 pr:enotarimus,
1384 3418 1454 3473 ob
1488 3420 1746 3475 smviticm
1784 3422 1990 3476 scilicet

403 3508 734 3563 vastantium
775 3507 978 3563 Gallias
1021 3509 1407 3574 barbarorum;
1450 3510 1645 3579 quibus
1687 3510 1989 3581 explicitis,

404 3612 627 3659 sanctus
657 3603 955 3659 Fraternns
991 3603 1286 3674 pontificali
1331 3604 1600 3660 cathedra:
1643 3606 1986 3674 submgatur.

404 3695 476 3761 Is,
499 3711 604 3767 qua
635 3697 723 3751 die
747 3710 777 3751 a
800 3695 1044 3752 ﬁdelibus
1065 3697 1347 3766 episcopus
1362 3695 1667 3759 ordmatur,
1691 3710 1720 3749 a
1744 3696 1991 3751 barbaris

403 3797 487 3844 est
504 3789 763 3861 martyrio
785 3799 1076 3844 coronatus
1092 3789 1251 3844 diem
1269 3788 1632 3844 Kalendarum
1650 3787 1987 3843 Octobrium.

406 3875 543 3933 Hinc
563 3878 858 3934 Ceusurius
882 3876 1215 3948 pontiﬁcatui
1240 3877 1495 3934 sutl'ectus
1529 3886 1631 3933 est.
1662 3878 1711 3933 is
1733 3889 1815 3933 est
1838 3880 1991 3947 cujus

407 3978 651 4040 tempore
675 3970 1022 4026 Constantius
1045 3980 1251 4036 orator,
1275 3972 1499 4027 obtentu
1518 3971 1686 4026 sancti
1705 3969 1988 4035 Patientis,

407 4061 782 4132 Lugdunensis
808 4063 1067 4134 episcopi,
1098 4063 1275 4119 Vitam
1303 4064 1445 4119 beati
1468 4063 1725 4119 Germani
1757 4062 1989 4118 mirabili

408 4155 549 4227 stylo
578 4154 764 4222 edidit,
795 4156 1052 4225 omnique
1099 4155 1371 4225 diligentia
1404 4155 1734 4211 elaboratam
1763 4155 1811 4209 ei
1843 4162 1993 4224 post-

408 4247 627 4307 modum
658 4247 961 4303 habendam
998 4247 1217 4302 direxit.
1264 4246 1383 4312 Hic,
1411 4255 1533 4316 post
1558 4247 1990 4301 administratum

408 4338 510 4393 rite
538 4337 900 4394 sacerdotium
942 4339 1097 4393 anuis
1144 4338 1363 4409 triginta
1406 4346 1463 4391 et
1507 4345 1661 4401 octo,
1695 4351 1867 4391 mens.
1909 4351 1991 4402 Ill,

409 4426 597 4483 diebus
623 4442 699 4492 vt,
730 4425 864 4481 obiit
904 4442 952 4480 tv
983 4426 1105 4480 ldus
1135 4426 1279 4482 Junii
1310 4426 1615 4481 sanctitatis
1643 4426 1833 4495 plenus
1853 4467 1868 4489 ,
1900 4428 1995 4479 bo-

2091 566 2280 636 fucrit,
2306 570 2495 625 relatio
2515 570 2802 627 Gestorum
2830 572 2948 641 ejus
2966 575 3101 628 satis
3120 578 3398 643 superque
3417 572 3681 628 declarat.

2090 662 2191 732 Qui
2225 665 2366 720 inter
2396 674 2579 721 cetera
2610 682 2722 722 suae
2759 667 3064 723 sanctitatis
3110 666 3360 728 illustria,
3402 666 3685 722 basilicam

2090 771 2305 828 quoque
2339 755 2484 813 beati
2526 757 2782 815 Germani
2812 758 3114 830 magniﬁcis
3139 758 3356 827 praediis
3390 756 3686 827 locule

2088 848 2197 914 vit;
2244 847 2383 918 quod
2424 857 2479 903 et
2519 857 2650 903 natu
2691 848 3137 919 splendissimus.
3183 858 3239 903 et
3272 848 3687 917 posscssionum

2090 939 2445 1009 amplitudine
2474 938 2650 994 fuerat
2685 942 2954 1009 copiosus.
2998 939 3099 994 Hic
3140 948 3250 994 tam
3298 941 3491 995 vivens
3523 954 3687 1008 quam

2090 1041 2336 1087 mortuus
2388 1032 2663 1102 signorum
2726 1032 2896 1102 gloria
2945 1031 3291 1095 coruscavit;
3358 1030 3687 1100 functusque

2090 1120 2396 1176 sacerdotio
2425 1121 2584 1175 annis
2612 1136 2773 1187 xun,
2820 1120 3094 1177 mensibus
3138 1138 3206 1185 x,
3230 1120 3427 1176 diebus
3466 1136 3575 1183 xx,
3612 1136 3683 1174 vn

2090 1212 2451 1268 Kalendarum
2481 1212 2795 1268 Octobrium
2820 1213 3023 1269 Sancto
3045 1214 3238 1284 spiritu
3276 1214 3473 1285 plenus
3496 1217 3687 1269 deces-

2090 1303 2190 1367 sit;
2225 1303 2356 1357 etin
2388 1304 2611 1359 basilica
2647 1304 2789 1360 beati
2833 1304 3091 1360 Germani
3117 1319 3286 1375 prope
3325 1319 3534 1374 corpus
3573 1305 3687 1375 ejus

2091 1394 2267 1450 debita
2302 1396 2604 1450 reverentia
2637 1395 2914 1465 appositus
2939 1404 3022 1450 est
3049 1395 3118 1450 ad
3146 1404 3335 1464 patres
3358 1409 3517 1450 suos.

2164 1489 2285 1544 119.
2326 1488 2463 1556 Quid
2490 1490 2706 1544 beatum
2756 1489 3095 1544 Desiderium
3137 1487 3478 1542 memorem?
3526 1487 3688 1557 Cujus

2091 1582 2254 1637 etiam
2288 1580 2563 1636 saecularis
2600 1581 2834 1652 dignitas
2876 1589 3024 1634 tanta
3054 1579 3287 1644 exstitit,
3314 1587 3380 1633 ut
3416 1579 3471 1633 ei
3502 1594 3683 1644 nemo,

2091 1676 2341 1745 quamvis
2360 1674 2784 1745 potentissimus,
2798 1689 2866 1729 ex
2881 1688 3036 1742 atquo
3050 1687 3111 1726 se
3131 1670 3383 1726 conferre
3398 1671 3647 1741 potuerit
3660 1688 3681 1725 ς

2092 1766 2198 1823 fuit
2244 1766 2388 1823 enim
2436 1765 2767 1836 propinquus
2794 1762 3142 1818 Bruneclrildi
3190 1761 3427 1833 reginas,
3460 1761 3686 1831 ﬁliisque

2089 1858 2205 1929 ejus
2249 1857 2585 1913 Francorum
2629 1856 2883 1926 regibus:
2934 1868 3166 1924 quorum
3209 1861 3272 1907 et
3314 1851 3685 1907 muniﬁcentia

2088 1940 2371 2021 principali
2397 1949 2667 2018 ingentem
2702 1947 3026 2016 praediorum
3054 1942 3680 2013 amplitudinemconse-

2088 2049 2247 2096 cutus
2299 2049 2401 2097 est.
2430 2037 2598 2107 Hujus
2618 2039 2853 2111 genitrix
2870 2077 2887 2104 ,
2914 2035 3168 2092 Nectaria
3199 2037 3459 2100 nomine,
3487 2035 3545 2088 in
3568 2050 3681 2089 m-

2088 2134 2329 2191 nasterio
2366 2133 2423 2189 S.
2454 2132 2714 2198 Amantii,
2757 2131 2900 2201 quod
2937 2131 3101 2185 situm
3126 2139 3213 2184 est
3247 2129 3303 2183 in
3324 2142 3470 2199 pago
3501 2128 3685 2182 Petu-

2087 2227 2270 2298 gorico
2295 2227 2348 2293 δ,
2388 2224 2598 2296 sepulta
2642 2224 2974 2293 requiescit;
3015 2222 3160 2293 quod
3206 2221 3352 2276 idem
3396 2228 3595 2291 postea
3630 2221 3681 2272 in

2090 2319 2283 2375 matris
2312 2317 2628 2372 memoriam
2660 2315 2903 2371 honestis
2924 2314 3169 2369 donariis
3199 2324 3254 2367 et
3292 2312 3547 2367 maxima
3572 2310 3681 2366 [an-

2088 2410 2281 2466 dorum
2326 2410 2450 2464 dote
2491 2408 2832 2479 perornavit;
2869 2404 3331 2477 quemadmodum
3378 2404 3680 2459 testamenti

2088 2500 2208 2570 ejus
2248 2500 2443 2570 pagina
2486 2499 2744 2553 declarat.
2793 2497 3067 2564 Quantum
3114 2511 3244 2551 sane
3287 2512 3359 2550 ex
3404 2496 3684 2551 collatieae

2091 2601 2394 2664 temporum
2438 2591 2588 2647 licuit
2625 2590 2990 2661 perscrutari,
3026 2590 3185 2644 beato
3224 2603 3389 2658 papas
3432 2587 3686 2658 Gregorio

2090 2682 2506 2754 contemporalis
2529 2681 2650 2735 fuit.
2694 2681 2921 2736 Exstant
2952 2680 3073 2745 eius
3110 2679 3177 2732 ad
3215 2679 3371 2734 illum
3417 2680 3685 2749 epistola,

2091 2775 2462 2832 celebritatem
2487 2772 2591 2828 viri
2612 2772 2809 2828 litteris
2829 2786 3046 2842 quoque
3075 2769 3401 2840 apostolicis
3417 2784 3686 2824 commen-

2090 2870 2281 2925 dantes
2298 2878 2344 2923 ο.
2374 2866 2425 2922 ls
2450 2868 2586 2922 adeo
2607 2864 2898 2919 fundorum
2917 2863 3071 2918 dives
3097 2861 3332 2926 exstitit,
3346 2871 3413 2915 ut
3439 2860 3587 2915 nulla
3610 2858 3683 2913 rei

2092 2962 2356 3018 medianae
2399 2957 2724 3030 Burgundiae
2770 2955 2825 3022 ά,
2870 2954 2957 3011 vel
3005 2954 3353 3024 Aquitanica:
3402 2953 3689 3024 provinci:

2089 3051 2403 3126 principalis
2424 3050 2653 3106 ecclesia
2674 3047 3003 3109 inveniatur,
3022 3061 3185 3116 quam
3213 3059 3323 3098 non
3348 3044 3523 3099 rebus
3536 3058 3686 3097 auxe-

2092 3146 2164 3199 rit
2196 3142 2522 3215 peropimis.
2570 3139 2868 3197 Ecclesiam
2913 3152 3045 3193 sane
3083 3136 3230 3192 beati
3261 3134 3572 3205 Stephani,
3608 3135 3685 3188 cui

2094 3242 2253 3307 sedit,
2299 3241 2436 3295 miro
2486 3238 2682 3294 decore
2730 3236 3037 3308 ampliavit,
3083 3233 3286 3305 ingenti
3340 3234 3621 3289 testudine
3658 3247 3687 3285 ι

2091 3340 2248 3403 parte
2268 3330 2494 3387 orientis
2519 3328 2796 3400 applicita,
2816 3340 3066 3397 auroque
3106 3341 3175 3381 ac
3212 3325 3437 3380 musivo
3465 3323 3687 3395 splendi-

2092 3425 2315 3480 dissime
2346 3421 2623 3486 decorata,
2646 3421 2818 3475 instar
2841 3416 2977 3486 ejus,
3021 3432 3186 3487 quam
3232 3415 3514 3486 Siagrius,
3557 3414 3687 3485 epis-

2092 3531 2263 3586 copus
2287 3527 2311 3556 ο
2335 3512 2711 3586 Augustoduni
2737 3510 2932 3566 fecisse
2971 3509 3308 3581 agnoscitur.
3344 3507 3545 3563 Altare
3564 3520 3687 3576 qu-

2091 3627 2196 3682 que
2219 3609 2498 3679 antiquum
2538 3620 2606 3661 eo
2645 3613 3031 3674 transpou'ens,
3068 3603 3172 3658 sub
3194 3602 3284 3657 die
3325 3600 3688 3656 Kalendarum

2092 3703 2353 3758 Maiarum
2382 3717 2481 3757 xm
2519 3700 2807 3756 dedicavit.
2849 3697 3107 3752 Eamdem
3147 3709 3371 3766 quoque
3405 3694 3687 3750 cedam

2094 3792 2280 3849 multis
2301 3802 2356 3847 et
2380 3791 2592 3862 magnis
2618 3789 2958 3860 patrimoniis
2984 3787 3304 3842 solemniter
3324 3786 3553 3849 extulit,
3572 3800 3687 3840 eum

2094 3883 2146 3938 in
2183 3882 2316 3937 locis
2348 3880 2605 3946 diversis,
2643 3887 2754 3934 tum
2794 3876 2880 3932 vel
2918 3877 3158 3932 maxime
3180 3876 3239 3931 in
3282 3890 3432 3946 page
3470 3874 3690 3931 Sancto-

2093 3974 2287 4031 nkof.

2165 4065 2288 4120 120.
2321 4062 2471 4118 Beati
2509 4068 2770 4133 praeterea
2810 4058 3068 4115 Germani
3113 4056 3438 4122 basilicam,
3494 4058 3549 4111 in
3590 4070 3688 4126 qu

2091 4168 2214 4230 post
2259 4165 2485 4213 mortem
2542 4154 2887 4224 requiescere
2930 4148 3513 4221 disponebat,rnultis
3545 4149 3688 4203 auxit

2095 4252 2291 4315 rebus,
2314 4248 2416 4303 viri
2454 4246 2831 4303 liberalitatem
2875 4245 3083 4315 pariter
3111 4254 3276 4313 atque
3316 4242 3685 4313 praestantiam

2096 4344 2362 4413 hodieque
2391 4338 2848 4395 eonstestantibus
2875 4354 2888 4390 :
2916 4351 3044 4391 vasa
3092 4350 3258 4389 aurea
3296 4343 3474 4403 atque
3502 4347 3685 4402 argen-

2097 4445 2179 4493 tea
2220 4432 2453 4506 plurima
2481 4431 2727 4494 contulit,
2753 4436 2987 4499 quarum
3029 4435 3088 4482 et
3126 4425 3313 4496 operis
3357 4426 3599 4495 speciw
3632 4430 3684 4475 et

407 4519 602 4590 nisque
647 4519 899 4575 omnibus
942 4520 1209 4589 copiosus.
1260 4518 1514 4589 Sepultus
1549 4528 1635 4576 est
1673 4519 1726 4575 in
1765 4519 1990 4575 ecclesia
2019 4554 2071 4615 Β
2094 4524 2352 4595 ponderis
2382 4537 2477 4593 per
2509 4520 2719 4591 singula
2756 4517 3136 4588 quantitatem,
3168 4517 3223 4571 in
3252 4514 3460 4571 ratibus
3482 4526 3686 4583 quoque

404 4610 705 4667 beatissimi
735 4609 1009 4667 Germani.

480 4812 702 4882 “iEjus,
749 4813 800 4867 id
841 4821 922 4867 est
964 4809 1325 4882 S._Cermani.
1360 4810 1441 4882 De
1481 4808 1542 4865 S.
1582 4808 1765 4882 Alpdio
1799 4818 1996 4882 agetur

406 4881 477 4951 28
509 4866 873 4951 Septembris;
910 4883 977 4935 de
1014 4880 1069 4936 S.
1105 4881 1237 4936 Urso
1282 4881 1402 4935 vide
1445 4882 1586 4935 diem
1635 4866 1703 4951 $0
1728 4866 1891 4944 Julii';
1929 4882 1995 4934 de

411 4950 470 5007 S.
503 4950 791 5005 Theodosio
820 4953 884 5005 ‘l7
920 4951 1160 5019 ejusdem
1198 4952 1428 5016 mensis;
1462 4952 1525 5004 de
1554 4951 1614 5004 S.
1644 4950 1878 5004 Romano
1909 4951 1992 5019 agi

410 5021 609 5092 poterit
632 5021 665 5074 6
690 5020 971 5092 Octobris;
1002 5023 1069 5077 de
1099 5022 1160 5077 S.
1183 5022 1421 5092 Aurtario
1445 5020 1515 5092 25'
1530 5019 1900 5092 _Septemhris;
1930 5019 1997 5075 de

414 5088 474 5145 S.
507 5088 771 5158 Fraterno
795 5091 866 5144 29
895 5091 1134 5158 ejusdem
1159 5091 1391 5155 mensis;
1427 5091 1491 5144 de
1517 5090 1576 5145 S.
1606 5090 1859 5145 Censurio
1885 5091 1994 5145 dixi

413 5175 595 5226 supra.
625 5157 686 5213 S.
710 5156 990 5226 Gregorius
1017 5162 1211 5215 colitur
1232 5161 1297 5214 {'9
1321 5160 1662 5225 Decembris;
1696 5160 1997 5215 Desiderius

2096 4617 2560 4690 diligentissimus,
2587 4615 2730 4670 facto
2754 4628 2786 4667 a
2811 4628 2872 4669 se
2900 4611 3132 4667 inseruit
3159 4618 3519 4666 testamento.
3544 4607 3684 4662 Basi-

2170 4812 2196 4852 δ
2238 4811 2484 4867 Mediana
2520 4808 2828 4882 Burgundio
2864 4803 3183 4882 diciturbic
3217 4802 3687 4882 Burgundiaebu-

2100 4894 2255 4940 catus
2287 4882 2606 4954 {medianas
2632 4873 2776 4935 cnim
2802 4894 2908 4954 pro
2946 4875 3509 4954 mediasaccipitur-‘a
3534 4873 3688 4927 decli-

2102 4956 2280 5011 nantis
2299 4951 2607 5008 Latinitatis
2634 4943 2942 5005 auctor—ibus
2966 4947 3105 5019 apud
3130 4944 3422 5019 Cangium.
3454 4943 3689 5019 Burgun-

2098 5026 2186 5079 dia
2212 5040 2339 5079 vero
2370 5023 2497 5077 olim
2541 5019 2643 5074 fuit
2692 5020 2744 5072 in
2795 5028 2904 5073 tres
2943 5014 3124 5088 partes
3166 5014 3340 5088 divisa
3367 5056 3382 5077 ,
3432 5022 3495 5067 ut
3543 5015 3689 5067 docet

2098 5095 2332 5150 Brietins
2382 5093 2434 5146 iu
2479 5089 2755 5145 Parallelis
2794 5084 3134 5159 geographiae
3163 5084 3369 5159 veteris
3385 5093 3475 5159 __et
3523 5098 3686 5159 novae.

2097 5176 2230 5220 tam.
2264 5166 2320 5225 Ι,
2370 5164 2461 5216 lih.
2494 5176 2598 5224 vn,
2642 5177 2762 5226 cap.
2795 5154 2824 5208 ﬁ
2849 5200 2863 5221 τ
2892 5154 3121 5225 uua—rum
3169 5157 3346 5225 prima
3385 5154 3686 5224 Burgundii
