3876 5416
154 282 292 340 1265

1117 284 1209 341 DE
1247 280 1619 341 MIRACULIS
1657 280 1716 337 S.
1757 278 2092 338 GERMANI.
2134 316 2203 326 -—
2241 284 2369 340 LIB.
2410 284 2473 339 ll.

3277 281 3302 337 ί
3312 281 3421 340 266

149 399 311 456 licam
338 407 650 456 sanctorum
694 409 992 473 martyrum
1021 400 1263 457 Gervasii
1288 410 1344 456 et
1368 399 1601 455 Protasii
1642 411 1737 468 per
1765 395 1813 456 A
1842 393 2178 463 solemniter,
2207 407 2266 453 ut
2298 398 2350 452 in
2380 397 2631 454 omnibus
2661 393 3077 465 Martyrologiis,
3105 402 3158 447 et
3191 394 3425 449 maxime

151 507 345 548 manus
378 492 572 548 Marini
610 492 820 548 diaconi
844 504 871 535 ι
909 493 991 548 sui
1036 493 1278 548 construi
1305 491 1484 562 jussit,
1516 491 1736 559 suisque

151 581 359 636 dotavit
384 583 566 638 rebus.
610 580 754 636 idem
792 580 1033 637 Marinus
1073 582 1127 636 in
1160 582 1348 637 eadem
1387 580 1614 640 ecclesia
1648 593 1736 633 re-

148 675 403 744 quiescit.
446 673 683 730 Suorum
735 674 1000 729 iizcredem
1048 674 1313 731 bonorum
1358 673 1634 728 Christum
1681 680 1739 726 et

147 766 439 822 ecclesiam
480 766 716 837 qualiter
757 767 1132 832 substituerit,
1161 765 1521 837 antiquissimi
1561 772 1616 819 ct
1653 764 1739 819 bis

145 859 402 930 superius
422 859 717 914 memorati
739 860 1043 915 testamenti
1069 858 1187 927 ejus
1207 858 1394 928 pandit
1419 856 1737 919 auctoritas,

142 950 405 1022 quodque
460 951 514 1006 in
559 951 762 1006 nostris
806 952 980 1006 adhuc
1033 960 1411 1006 conservatum
1468 949 1735 1013 archivis,

144 1041 381 1095 multam
408 1041 515 1096 viri
556 1041 895 1112 dignitatem,
936 1041 1241 1112 largitatem
1288 1042 1598 1112 plurimam,
1630 1041 1742 1095 dis-

145 1132 449 1202 positiones
494 1142 653 1189 cauta
696 1149 912 1203 semper
954 1133 1234 1204 diligentia
1279 1135 1739 1203 circumspectas,

146 1222 424 1291 copiosius
462 1230 820 1279 contestatur.
864 1222 940 1276 De
968 1238 1105 1290 quo,
1132 1221 1258 1291 quia
1307 1220 1458 1289 plura
1491 1219 1744 1289 suppedi-

150 1320 291 1378 tant,
307 1328 466 1383 quam
488 1315 723 1383 suscepti
740 1313 918 1382 operis
940 1313 1178 1367 brevitas
1198 1312 1427 1367 sulliciat
1446 1312 1740 1380 explicare,

146 1401 236 1457 his
258 1404 494 1466 omissis,
527 1412 721 1458 cetera
755 1417 1168 1472 prosequamur.
1203 1399 1338 1455 Vitae
1369 1409 1591 1470 peracto
1619 1415 1744 1454 cur-

148 1511 211 1551 su
232 1536 248 1558 ,
280 1505 433 1550 sexto
464 1495 830 1552 Kalendarum
871 1494 1258 1548 Novembrium
1288 1507 1597 1562 supremam
1626 1505 1745 1545 sor-

150 1587 285 1641 titus
314 1587 483 1652 diem,
510 1588 560 1642 in
597 1586 883 1642 ecclesiam
919 1584 982 1637 Β.
1014 1584 1273 1640 Germani
1306 1582 1484 1639 debita
1509 1595 1741 1636 venera-

150 1677 301 1733 tione
328 1678 619 1733 translatus
644 1685 750 1732 est.

226 1768 354 1824 121.
393 1768 670 1824 Romanus
701 1766 976 1824 cathedrae
1005 1766 1380 1832 substituitur;
1414 1766 1479 1821 de
1506 1780 1612 1836 quo
1636 1764 1742 1818 fer-
1769 1755 1817 1815 B

150 1866 243 1912 tur
293 1859 459 1929 quod,
509 1876 631 1913 cum
679 1870 826 1916 esset
871 1862 957 1915 vir
1004 1859 1416 1923 sanctissimus,
1466 1855 1740 1910 decisione

146 1952 346 2021 capitis
400 1952 718 2023 martyrium
771 1951 1186 2011 cousummarit,
1238 1949 1412 2018 pridie
1462 1946 1739 2000 Nonarum

145 2046 483 2109 Octobrium,
509 2044 732 2114 expleto
751 2042 1043 2100 functionis
1068 2057 1179 2097 sum
1208 2052 1450 2109 tempore
1477 2036 1634 2090 annis
1655 2049 1740 2097 Ill,

140 2138 343 2192 diebus
372 2154 461 2192 ιν.

217 2229 299 2283 De
328 2229 485 2283 beato
509 2226 649 2283 Urse
672 2225 813 2282 ﬁdeli
843 2225 1105 2281 relatione
1128 2223 1401 2296 vulgatur,
1429 2220 1572 2292 quod
1590 2218 1742 2288 iuxta

147 2318 327 2372 sancti
356 2316 633 2372 Amatoris
662 2316 941 2372 basilicam
991 2315 1257 2376 reclusus,
1299 2310 1742 2365 anachoreticam

146 2417 370 2473 duxerit
410 2418 609 2484 vitam;
671 2417 761 2473 tibi
806 2416 1107 2472 oratorium
1160 2413 1439 2483 hodieque-
1469 2418 1574 2473 est,
1625 2409 1747 2479 ejus

148 2508 391 2563 nominis
421 2509 683 2563 memoria
715 2523 954 2562 sacrum.
979 2504 1223 2576 Contigit
1258 2519 1323 2559 eo
1350 2514 1611 2574 tempore,
1652 2517 1745 2555 ur—

146 2594 275 2652 bem
317 2598 601 2666 repentino
649 2596 885 2651 alii-utam
933 2595 1185 2651 incendio
1228 2592 1612 2661 conﬂagrasse.
1662 2591 1745 2646 Ad

145 2690 328 2745 virum
377 2690 473 2744 Dei
521 2705 645 2745 cum
690 2687 935 2745 sublatus
988 2688 1041 2741 in
1094 2687 1261 2741 altum
1310 2685 1517 2741 clamor
1565 2683 1745 2754 populi

147 2778 526 2850 pervenisset,
556 2777 983 2834 succurrendum
1012 2775 1257 2845 periculo
1300 2782 1475 2838 ratus,
1512 2773 1746 2827 familia-

148 2883 268 2924 rem
297 2867 423 2923 illuc
454 2868 705 2924 baculum
737 2866 1059 2930 destinavit;
1093 2864 1209 2935 ipse
1227 2864 1480 2935 precibus
1507 2863 1745 2927 obnixis,

146 2975 316 3032 quam
346 2960 617 3015 instanter
646 2957 912 3013 incubuit.
945 2957 1022 3012 Eo
1044 2957 1186 3011 inter
1211 2957 1449 3011 minaces
1479 2953 1743 3018 ﬂammas.

147 3060 207 3106 et
231 3066 355 3120 qua:
380 3051 558 3105 adhuc
598 3049 808 3120 integra
850 3054 1205 3117 supererant,
1239 3047 1537 3101 constituto
1558 3086 1572 3109 ,
1599 3045 1745 3100 dicto

1840 487 2067 542 vetustis
2086 528 2102 552 ,
2131 490 2250 562 dies
2272 488 2640 544 translationis
2671 503 2858 542 eorum
2900 488 3135 542 insertus
3166 486 3430 541 habeatur

1796 610 1797 613 η
1839 586 1993 632 sexto
2023 577 2206 633 Nonas
2236 580 2384 634 tertii
2412 579 2612 634 mensis
2643 578 2703 647 (ἱ.
2734 595 2779 632 e.
2809 577 2956 645 Maii)
2993 594 3006 630 :
3043 578 3303 633 transitus
3328 594 3429 631 au-

1842 675 1947 723 tem
1976 670 2058 724 vel
2096 664 2361 740 depositio
2408 670 2617 723 illorum
2659 669 2832 740 pridie
2872 667 3097 723 Kalend.
3148 667 3427 736 Septemb.

1839 759 2155 814 adnotatur.
2188 759 2393 815 Eodem
2437 774 2567 814 sane
2610 759 2946 830 sarcophago
2992 774 3182 814 omnes
3224 760 3433 831 pariter

1841 852 2208 921 requiescunt.

1914 944 1985 996 De
2014 958 2182 1013 puero
2218 943 2493 998 Moderata
2537 944 2638 1000 hoc
2682 944 3053 999 tantummodo
3094 949 3432 1013 compertum
3494 935 3503 943 ’

1839 1042 1922 1087 est
1952 1033 2094 1102 quod
2126 1050 2278 1103 puer,
2314 1035 2576 1105 martyrio
2601 1043 2890 1091 coronatus
2909 1077 2922 1099 ,
2954 1036 3008 1089 in
3037 1036 3253 1105 propria
3281 1036 3431 1091 basi-

1841 1124 1942 1177 lica
1969 1124 2058 1177 diu
2090 1124 2438 1197 requieverit.
2469 1123 2598 1179 Post
2626 1125 3050 1179 clarescentilms
3079 1126 3223 1178 circa
3249 1124 3431 1191 sepul-

1842 1231 1995 1270 crum
2036 1214 2154 1285 ejus
2203 1215 2483 1270 miraculis
2508 1256 2522 1280 ,
2573 1217 2626 1269 in
2679 1217 2966 1270 ecclesiam
3001 1217 3144 1271 beati
3174 1215 3433 1271 Germani

1843 1308 2203 1378 transpositus
2233 1317 2338 1374 est,
2365 1308 2510 1363 cultu
2540 1306 2857 1364 Olliciorunt
2882 1316 2936 1363 et
2967 1308 3253 1379 impendiis
3281 1307 3434 1361 lumi—

1842 1414 1970 1453 num
1993 1399 2264 1470 copiosius
2291 1400 2653 1455 venerandus.

2464 1532 2690 1588 CAPUT
2729 1531 2819 1587 ιν.

1845 1641 2092 1715 Elogium
2127 1644 2356 1719 ecclesia!
2378 1642 2440 1719 κε,
2470 1644 2720 1719 Garumni
2745 1646 3209 1719 Autissiodurensis
3230 1687 3244 1712 ,
3273 1656 3320 1701 et
3345 1648 3438 1719 pia

2166 1714 2227 1768 S.
2258 1714 2436 1769 Ilerici
2474 1716 2542 1768 ad
2572 1717 2764 1785 fratres
2794 1718 3113 1771 exhortatio.

1915 1844 2037 1899 12ὶὸ.
2078 1845 2297 1901 Talibus
2341 1855 2556 1915 tamque
2593 1845 2891 1917 magnificis
2912 1846 3063 1905 locus
3096 1847 3302 1903 iliuster
3329 1848 3428 1901 ho—

1844 1937 2067 1993 noribus
2086 1979 2100 2004 ,
2131 1948 2338 1993 mactus
2368 1939 2536 1993 titulis
2567 1939 2856 2009 privilegiis
2884 1940 3172 2010 gloriosus,
3203 1940 3298 1993 cui
3322 1955 3431 1994 non

1844 2029 2090 2083 videatur
2119 2030 2419 2099 majestatis
2452 2044 2562 2084 sum
2587 2029 2781 2084 merito
2815 2031 3187 2084 venerandus?
3227 2028 3427 2084 Sancta

1846 2119 2115 2187 quondam
2161 2130 2485 2174 sanctorum.
2516 2120 2842 2175 verebantur
2876 2118 3127 2182 Hebraei,
3170 2119 3313 2190 quod
3356 2118 3432 2173 ibi

1845 2224 1977 2263 arca
1998 2208 2347 2271 Testamenti,
2390 2208 2640 2277 intraque
2664 2223 2785 2263 eam
2815 2209 2963 2278 virga
2989 2209 3199 2272 Aaron,
3229 2218 3285 2263 et
3320 2223 3433 2263 ete-

1848 2299 1982 2355 teste
2002 2315 2220 2364 manna,
2244 2299 2322 2353 ibi.
2341 2298 2534 2364 altare,
2558 2299 2699 2367 quod
2722 2298 3006 2354 dicebatur
3020 2299 3434 2372 Thymiamatis,

1847 2392 1921 2448 ibi
1966 2392 2226 2448 cherubin
2272 2407 2436 2446 aurea
2489 2406 2610 2446 cum
2664 2390 3075 2461 PrOpitiatorio,
3116 2399 3427 2461 metet-aque

1846 2483 2086 2554 symbolo
2132 2483 2566 2539 intellectualiter
2592 2483 2767 2553 typica
2794 2491 2849 2538 et
2890 2483 3067 2554 typice
3096 2483 3428 2538 intellectua-

1847 2573 1941 2638 lia,
1988 2589 2051 2628 ac
2095 2589 2193 2644 per
2239 2573 2340 2629 hoc
2385 2572 2579 2628 futurae
2611 2574 2739 2629 olim
2779 2574 3026 2629 veritatis
3064 2572 3441 2644 conjecturam

1847 2664 2224 2737 praeferentia,
2268 2665 2609 2737 tegebantur.
2656 2664 2845 2720 Nonne
2895 2665 2992 2720 tibi
3025 2665 3197 2721 multo
3226 2666 3445 2720 videtur

1850 2757 2144 2827 impensius
2172 2756 2541 2811 venerandum
2571 2771 2796 2810 summa:
2820 2756 3132 2812 sanctitatis
3154 2755 3441 2811 habitacu-

1848 2847 1990 2913 lum,
2021 2856 2098 2902 tot
2142 2856 2455 2903 sanctorum
2502 2847 2842 2917 splendidum
2881 2848 3185 2914 memoriis,
3211 2847 3443 2904 sublime

1768 2952 1773 2958 '
1850 2940 2109 3010 trOpmis?
2138 2941 2212 2994 Ea
2240 2939 2409 2995 semel
2432 2955 2530 3009 per
2555 2956 2755 2995 annum
2781 2950 2835 2996 et
2861 2942 2954 2997 uni
2984 2950 3041 2998 et
3064 2942 3165 2999 soli
3192 2941 3438 3012 pontiﬁci

1849 3029 2225 3099 pandebantur
2272 3045 2372 3101 pro
2420 3030 2534 3085 suis
2587 3031 2858 3100 tot-iusque
2904 3032 3084 3103 pepuli
3130 3032 3446 3089 excessibus

147 3111 316 3199 citius
352 3140 661 3199 incendium
711 3111 873 3194 omne
915 3111 1252 3208 deﬂagravit.
1306 3135 1421 3190 Hae
1460 3134 1748 3190 occasione
1774 3111 1819 3172 (δ
1850 3128 2141 3188 τοςθιιηος
2174 3120 2288 3175 haec
2311 3128 2522 3187 ηοειηιυ
2545 3129 2602 3175 el
2624 3137 2682 3175 νο
2705 3130 2761 3175 (δι
2783 3122 3002 3179 "omine
3023 3130 3235 3189 sane”:
3256 3131 3446 3195 Pam“

147 3232 330 3290 sancti
359 3232 461 3286 viri
490 3231 688 3286 merito
730 3231 1023 3294 declarato,
1050 3227 1201 3283 urbis
1240 3226 1534 3281 decedente
1567 3225 1750 3294 ponti-

148 3324 274 3389 tice,
302 3323 356 3377 vi
384 3331 688 3377 extractum
715 3318 1022 3391 praesulatui
1060 3315 1341 3374 suffecere.
1373 3315 1520 3373 Cella
1546 3314 1662 3386 ejus
1691 3314 1747 3371 in

146 3413 442 3471 ecclesiam
467 3413 651 3470 cessit.
691 3411 882 3482 Exegit
911 3410 1273 3466 sacerdotium
1309 3408 1468 3464 annis
1496 3424 1570 3475 vr,
1596 3423 1749 3465 men-

147 3507 307 3563 sibus
357 3520 444 3580 iv,
494 3505 840 3571 moribusque
895 3509 948 3555 et
993 3500 1204 3556 meritis
1249 3500 1542 3571 pretiosus,
1593 3498 1755 3554 tertio

147 3596 273 3655 Kal.
301 3595 534 3667 August.
562 3593 867 3665 fragilitatis
898 3593 1132 3648 excessit
1161 3592 1379 3648 molem.

220 3687 565 3744 Theodosius
629 3685 956 3757 episcopus,
1000 3692 1122 3754 post
1166 3684 1519 3754 gubernatum
1568 3683 1750 3739 sedem

146 3779 312 3834 annis
332 3785 475 3841 octo,
507 3776 697 3837 diebus
721 3776 910 3846 viginti
933 3782 1184 3844 quatuor,
1210 3773 1421 3829 decimo
1446 3783 1601 3828 sexto
1626 3772 1747 3828 Kal.

145 3871 287 3941 Aug.
323 3868 467 3924 diem
492 3867 711 3935 excepit
733 3865 1004 3929 ultimum,
1035 3878 1241 3934 proque
1267 3878 1377 3931 sua:
1400 3865 1596 3919 merito
1626 3878 1751 3917 san-

147 3960 363 4016 ctitatis
391 3958 623 4016 nobilem
656 3958 709 4012 in
738 3956 799 4011 Β.
846 3956 1101 4012 Germani
1147 3955 1379 4013 ecclesia
1418 3957 1640 4012 sortitus
1668 3967 1752 4013 est

148 4051 511 4123 sepulturam.
797 4037 807 4047 ’

222 4144 351 4199 122.
389 4143 704 4215 Gregorius,
729 4151 784 4198 et
813 4142 926 4212 ipse
951 4150 1173 4199 sanctus
1197 4140 1503 4213 episcOpus,
1533 4140 1751 4211 praefuit

147 4237 402 4294 ecclesiae
426 4237 586 4292 annis
621 4236 938 4299 duodecim,
981 4234 1256 4290 mensibus
1290 4249 1417 4299 sex;
1448 4244 1749 4304 exactoque

148 4345 264 4385 sua:
293 4329 432 4384 vicis
459 4327 633 4385 oﬂicio
668 4339 768 4385 xiv
797 4329 1023 4385 Kalend.
1067 4326 1353 4383 Januarias
1392 4328 1627 4383 humana
1658 4327 1750 4381 de-

149 4437 393 4496 ponens,
443 4424 498 4477 in
526 4422 755 4480 ecclesia
790 4422 932 4479 beati
973 4420 1227 4478 Germani
1277 4433 1745 4491 supremumpro-

153 4516 361 4571 meruit
396 4530 614 4571 munus.

224 4605 412 4675 Lupus
457 4607 781 4677 episcopus,
835 4617 895 4662 ut
945 4608 998 4661 in
1051 4605 1439 4676 antiquissimo
1478 4617 1749 4658 marmore

153 4697 418 4768 epitaphii
458 4696 574 4764 ejus
620 4697 1051 4752 animadversum
1096 4708 1211 4762 est,
1260 4705 1426 4764 utque
1472 4693 1750 4764 superiore

154 4787 340 4845 libello
367 4788 737 4855 meminimus,
762 4788 1271 4856 cumGrotechilde,
1302 4787 1487 4859 regina
1516 4802 1747 4842 venera-

156 4880 283 4946 bili,
312 4879 444 4935 illuc
467 4879 712 4945 devenit,
738 4895 847 4951 quo
871 4887 1113 4949 tempore
1136 4881 1197 4935 Β.
1227 4880 1485 4938 Germani
1511 4879 1751 4936 aediﬁca-

156 4971 250 5026 bat
272 4969 591 5034 basilieam;
611 4980 666 5025 et
692 4983 793 5025 suo
811 4978 1114 5041 praeventus
1135 4972 1262 5036 line,
1286 4972 1480 5026 ibidem
1508 4970 1757 5040 sepultus

152 5071 260 5119 est.
308 5061 627 5132 Requiesci‘t
670 5062 725 5116 in
768 5062 960 5117 eadem
1002 5063 1221 5121 basilica
1267 5071 1487 5119 sanctus
1518 5063 1759 5133 Optatus

1778 4469 1828 4530 D

1852 3212 2097 3281 singulis,
2126 3222 2312 3282 patent
2332 3214 2606 3279 omnibus,
2631 3216 2872 3285 quotidie
2898 3216 3099 3283 facilia,
3130 3216 3289 3274 facile
3309 3232 3444 3287 quo-

1853 3305 2094 3370 tidiana;
2147 3300 2457 3375 quantoque
2509 3320 2568 3361 se
2619 3318 2877 3376 peccator
2919 3310 3243 3380 ingesserit,
3293 3318 3445 3365 tanto

1853 3397 2120 3467 religiosae
2149 3397 2576 3466 importunitatis
2604 3396 2839 3468 pretium
2871 3398 3095 3456 uberius
3124 3402 3443 3471 reportabit.

1851 3489 1935 3545 Ad
1974 3505 2039 3544 ea
2082 3489 2127 3543 si
2170 3489 2293 3559 quis
2334 3496 2687 3544 externorum
2727 3490 3045 3557 accederet,
3085 3492 3449 3547 temeritatem

1852 3592 2030 3637 morte
2058 3581 2241 3636 luebat
2269 3600 2280 3635 :
2318 3581 2387 3636 ad
2422 3581 2539 3636 haec
2565 3580 2777 3637 externi
2808 3581 2973 3636 etiam
3003 3596 3195 3636 omnes
3229 3583 3446 3637 accedi-

1854 3685 2009 3735 inus,
2055 3679 2113 3724 ut
2158 3670 2350 3725 mortis
2396 3669 2651 3725 meritum
2702 3670 3129 3726 immortalitatis
3175 3669 3447 3741 stipendio

1855 3776 2289 3832 compensemus.
2329 3761 2408 3818 lbi
2452 3762 2737 3817 brutorum
2770 3777 2932 3818 cruor
2964 3761 3280 3818 animalium
3313 3761 3450 3818 infe-

1854 3858 2075 3912 rebatur
2113 3857 2166 3912 in
2193 3866 2383 3913 sancta
2408 3873 2507 3927 per
2533 3858 2846 3927 pontiﬁcem
2881 3878 2894 3912 :
2930 3859 3021 3914 hic
3063 3874 3274 3915 summe
3319 3861 3445 3916 boni

1854 3949 2123 4020 pontiﬁcis
2165 3948 2332 4005 vitale
2381 3965 2617 4019 corpus,
2666 3952 2995 4022 sanguisque
3045 3953 3445 4019 sanctissimus,

1854 4043 2091 4100 caelestis
2112 4058 2213 4099 usu
2237 4044 2502 4115 mysterii,
2528 4044 2856 4099 Christianis
2880 4044 3135 4101 omnibus
3161 4045 3449 4101 coniicitur

1855 4138 1907 4193 iu
1944 4138 2194 4194 salutem.
2224 4136 2396 4193 Tanta
2427 4138 2570 4193 inest
2598 4137 2718 4194 loco
2762 4139 3030 4209 dignitas,
3060 4147 3207 4196 tanta
3243 4142 3453 4211 princi-

1852 4227 1990 4298 palis
2039 4225 2358 4283 reverentiae
2396 4226 2725 4282 sanctitudo.
2794 4228 2967 4295 Quem
3018 4229 3449 4300 quotiescunque

1851 4320 2080 4376 devotus
2108 4319 2435 4386 intraveris,
2482 4333 2705 4375 eernere
2752 4328 2838 4374 cst
2865 4319 3143 4376 Christum
3185 4323 3448 4391 apostolis

1852 4420 2272 4484 consequentem
2292 4452 2307 4474 ,
2340 4412 2673 4484 martyribus
2700 4420 3152 4483 compugnantem
3179 4453 3196 4478 ,
3230 4412 3448 4469 confes-

1854 4504 2068 4562 soribus
2096 4503 2492 4575 colloquentem
2516 4542 2530 4569 ,
2560 4503 2861 4575 virginibus
2900 4504 3289 4571 collaetantem,
3323 4519 3449 4560 san-

1851 4597 1952 4652 ctis
1995 4605 2271 4667 postremo
2315 4595 2571 4652 omnibus
2606 4603 3055 4668 conregnanteni.
3098 4594 3273 4652 Tanta
3318 4612 3450 4666 prie-

1852 4698 1996 4743 terea
2025 4687 2096 4742 ibi
2123 4697 2250 4744 sunt
2270 4687 2578 4743 orationum
2605 4687 2720 4743 loca
2744 4729 2758 4753 ,
2789 4698 2899 4743 tam
2924 4687 3117 4741 crebra
3138 4694 3463 4741 sanctomui‘

1853 4778 2044 4836 altaria
2060 4820 2089 4847 ,
2110 4789 2171 4836 ut
2197 4794 2322 4837 cum
2350 4778 2531 4833 omnia
2561 4777 2958 4851 peragraveris,
2982 4775 3213 4848 singulis
3237 4776 3457 4845 illacry-

1855 4868 2120 4932 maveris,
2168 4868 2452 4927 meliorem
2480 4867 2590 4924 diei
2633 4879 2844 4940 partem
2876 4867 2936 4921 in
2966 4864 3184 4923 lucrum
3214 4865 3315 4922 tibi
3345 4876 3467 4918 ees-

1859 4961 1997 5017 sisse
2034 4960 2264 5019 laeteris.

1932 5051 2054 5106 12L
2095 5050 2211 5111 Nec
2256 5066 2351 5108 eos
2391 5050 2668 5119 patienter
2712 5045 3056 5126 accipiendos
3094 5048 3326 5108 aestimo
3347 5083 3361 5107 .
3392 5038 3489 5109 (ιιιὶ

2297 5142 2309 5154 ο
2528 5143 2542 5154 ι
2595 5148 2607 5154 -
2726 5149 2735 5154 -
2868 5142 2916 5154 ιι
3004 5140 3018 5154 1
3236 5141 3248 5154 I
3287 5140 3295 5149 '
3369 5131 3455 5154 ἈΛ

3459 5142 3488 5154 Α
