3876 5416
411 352 552 408 ηθγ

1413 347 1641 406 IIERICI
1678 347 1985 406 MONACHI
2023 347 2688 405 ANTISSIODORENSIS

3537 354 3678 409 1268

404 469 473 521 nd
501 466 643 521 diem
679 464 867 535 judicii
911 463 1109 536 ptenali
1141 462 1382 518 custodia
1415 471 1725 528 teneantur,
1750 477 1851 517 nec
1878 461 1987 516 sint
2014 466 2064 525 Λ
2089 462 2403 517 excellentis
2446 462 2703 533 propositi
2749 464 3071 534 complices,
3114 480 3340 521 summm
3367 465 3677 538 philosophi

401 572 527 613 cum
559 555 787 610 Domino
815 571 912 610 suo
932 595 946 620 ,
974 555 1041 610 de
1069 553 1264 624 quibus
1295 553 1553 621 scriptpm
1583 562 1665 607 est
1698 569 1710 606 :
1742 548 1984 621 Sequano

402 657 491 701 tur
515 645 717 715 Agnum
763 658 1071 714 quocunque
1122 643 1259 696 ien‘t.
1301 639 1358 696 Si
1394 641 1580 711 Agnus
1610 640 1826 708 ubique,
1858 652 1988 708 ergo

400 747 453 792 et
487 737 578 799 bi,
623 736 714 807 qui
764 752 886 790 cum
936 750 1075 805 agno
1119 742 1280 798 sunt,
1322 733 1520 803 ubique
1567 745 1687 787 esse
1734 728 1986 785 credendi

400 839 529 887 sunt
561 843 587 872 ι
631 848 644 885 :
694 830 896 901 quique
940 830 1054 885 Deo
1095 838 1353 885 cernente
1395 826 1575 882 omnia
1602 866 1617 890 ,
1666 832 1988 897 penetrante

400 922 621 985 omnia,
672 930 1031 993 cognoscente
1084 921 1266 975 omnia
1320 918 1702 990 perfruuntur,
1747 916 1883 972 nihil
1931 916 1983 970 in

400 1024 611 1079 natura:
647 1014 958 1085 multiplicis
985 1012 1246 1068 varietate
1279 1020 1529 1077 constat,
1560 1012 1700 1083 quod
1737 1024 1843 1065 non
1884 1009 1983 1078 ipsi

399 1120 616 1175 quoque
639 1113 882 1169 cernant,
914 1113 1199 1175 penetrcnt
1222 1144 1237 1168 ,
1277 1112 1333 1159 et
1361 1104 1564 1173 absque
1590 1117 1819 1158 [ποι-οδω
1845 1099 1984 1156 ditii-

402 1194 619 1249 cnltatis
652 1195 989 1266 oppositione
1018 1203 1345 1266 cognoscant
1388 1195 1439 1249 b.
1486 1195 1703 1265 Itaque,
1735 1191 1985 1265 quamvis

400 1293 712 1340 sanctorum
763 1286 973 1340 animas
1029 1299 1297 1355 nusquam
1345 1295 1402 1340 et
1456 1299 1733 1355 nunquam
1791 1298 1822 1337 a
1873 1282 1987 1337 Deo

399 1375 613 1441 abesse,
640 1392 704 1432 ac
732 1392 829 1447 per
852 1377 955 1433 hoc
972 1418 987 1444 ,
1016 1385 1072 1433 et
1097 1392 1312 1447 semper
1335 1385 1393 1433 et
1418 1378 1617 1448 ubique
1653 1377 1775 1448 jure
1809 1391 1870 1432 se
1898 1375 1982 1431 in-

395 1467 719 1523 vocantibus
772 1468 962 1523 adesse
999 1468 1318 1523 crediderim
1340 1508 1357 1532 ,
1405 1483 1505 1524 nee
1535 1466 1691 1523 facile
1721 1465 1878 1535 dejici
1916 1465 1985 1520 de

396 1558 662 1613 sententia
696 1560 877 1628 patiar
907 1569 930 1597 α
973 1577 986 1612 :
1039 1558 1252 1614 cineres
1298 1567 1478 1614 tamen
1530 1573 1657 1614 suos
1700 1572 1885 1612 amare
1927 1563 1985 1611 et

394 1650 863 1715 circumvolitare,
899 1651 1086 1720 eisque
1114 1660 1408 1721 prmsentes
1458 1664 1672 1719 semper
1702 1649 1977 1711 assistere,

393 1755 515 1794 cum
544 1742 922 1797 incunctanter
941 1741 1126 1796 animo
1150 1740 1344 1806 feram,
1375 1748 1486 1795 tum
1514 1748 1825 1796 constanter
1850 1753 1982 1794 voce

2091 552 2414 625 sanctitatis,
2445 569 2582 623 quos
2610 568 2769 610 sacro
2805 555 2981 610 ordini
3023 571 3382 613 consuescere
3402 599 3416 621 ,
3466 559 3522 611 in
3552 560 3682 613 reti-

2087 644 2244 713 gione
2268 659 2679 711 consenescere,
2705 645 2999 703 virtutibus
3032 648 3280 713 immori,
3314 665 3559 720 praesaga
3594 665 3680 704 re-

2088 750 2208 790 rum
2239 736 2413 807 gratia
2442 735 2749 808 praeelegit,
2777 738 3026 793 voluntas
3050 742 3332 805 exercuit,
3354 740 3554 810 pudiea
3581 755 3682 809 pa-

2087 835 2299 880 rentum
2337 826 2550 884 devotio
2595 828 2925 898 mancipavit
2949 847 2965 884 :
2994 829 3121 884 date
3147 845 3391 900 operam,
3416 841 3683 901 prastate

2086 915 2440 987 diligentiam,
2468 916 2664 974 librate
2691 919 2955 976 cautelam
2973 961 2989 983 ,
3018 935 3087 975 ne
3110 922 3347 991 pectoris
3374 922 3547 976 vestri
3585 925 3680 975 do-

2086 1006 2344 1061 micilium
2378 998 2600 1077 spiritus
2641 1008 2909 1079 malignus
2937 1009 3165 1073 inliciat,
3197 1026 3265 1064 ne
3295 1012 3552 1066 sensibus
3586 1012 3680 1064 ad.

2086 1096 2288 1152 mixtus
2314 1098 2519 1153 intimis
2550 1100 2781 1155 ineestet
2811 1101 3007 1156 anima:
3030 1104 3402 1167 sanctitatem,
3432 1106 3680 1174 splendi-

2086 1188 2476 1261 dissimumque
2513 1191 2661 1247 illum
2703 1192 2870 1247 divini
2902 1194 3255 1250 theorematis
3301 1196 3526 1250 ocnhim
3568 1196 3679 1249 ille-

2085 1280 2247 1335 cebra
2272 1279 2580 1337 subornata:
2622 1283 2991 1352 persuasionis
3034 1283 3334 1340 obnubilet.
3386 1286 3581 1340 Liceat
3625 1288 3687 1340 in

2085 1384 2183 1425 vos
2210 1370 2375 1426 semel
2406 1379 2723 1441 conceptam
2748 1374 3031 1429 materiem
3062 1389 3171 1429 non
3198 1389 3298 1444 per
3323 1376 3515 1429 omnia
3552 1392 3683 1431 eon-

2085 1461 2359 1517 temnendi
2388 1462 2626 1518 auctoris
2649 1460 2679 1503 ἀ
2703 1471 2760 1518 et
2792 1464 3058 1520 sententia
3094 1474 3151 1520 et
3183 1464 3342 1519 lineis
3373 1467 3675 1535 explicare.

2086 1551 2269 1622 Serpit
2296 1552 2499 1623 antiqui
2536 1553 2738 1608 malum
2776 1554 2945 1609 hostis
2982 1570 3081 1626 per
3105 1570 3299 1612 omnes
3330 1557 3522 1611 aditus
3558 1573 3681 1610 sen-

2085 1642 2302 1709 suales;
2363 1644 2456 1699 dat
2513 1660 2574 1702 se
2631 1646 2861 1718 figuris;
2920 1648 3298 1704 accommodat
3354 1650 3673 1715 coloribus;

2085 1736 2322 1792 adhaeret
2355 1738 2533 1804 sonis;
2566 1739 2825 1795 odoribus
2858 1756 2918 1797 se
2957 1743 3204 1813 subjieit;
3240 1743 3480 1799 infundit
3522 1761 3674 1816 sapo-

393 1830 636 1896 ctl‘eram,
667 1847 762 1887 ore
800 1832 1110 1902 proloquar,
1155 1830 1514 1905 privatimque
1548 1837 1604 1886 et
1629 1828 1866 1900 publice,
1894 1842 1981 1882 sc-
2010 1839 2058 1898 Β
2085 1829 2267 1895 ribus;
2303 1845 2367 1885 ac
2396 1826 2695 1887 tenebrosis
2724 1830 3126 1898 affectionibus,
3160 1844 3418 1904 tanquam
3462 1838 3674 1905 quilms

393 1936 557 1976 curus
581 1920 898 1991 praeiudicii,
924 1920 1239 1991 proﬁtebor.

464 2014 569 2069 125
621 2014 865 2084 Cumque
894 2016 960 2068 ad
988 2012 1242 2069 Germani
1273 2012 1589 2068 memoriam
1616 2010 1867 2083 indignus
1889 2026 1979 2065 ac-

391 2121 627 2171 cessero,
675 2106 821 2161 hunc
858 2105 982 2161 fidei
1022 2104 1193 2161 oculis
1235 2104 1558 2175 suspiciam;
1591 2100 1751 2170 hujus
1781 2101 1979 2171 angeli-

390 2214 510 2253 cam
540 2198 757 2264 faciem,
796 2214 861 2253 ει
890 2197 1167 2253 consortio
1205 2196 1473 2251 sermonis
1499 2196 1594 2250 Dei
1642 2194 1980 2265 frequentius

389 2290 747 2356 illustratam,
779 2290 1017 2360 ipsisque
1061 2288 1282 2359 regibus
1310 2287 1664 2353 tremendam,
1693 2285 1979 2356 aliquoties

391 2378 830 2450 contemplabor;
857 2377 975 2447 ejus
1018 2378 1182 2432 animi
1212 2377 1531 2449 gravitatem
1567 2376 1822 2432 comitate
1851 2389 1979 2429 con-

388 2470 581 2535 ditam,
606 2470 864 2541 propositi
892 2469 1277 2534 constantiam,
1303 2469 1597 2523 senectutis
1620 2466 1976 2523 reverentiam

393 2558 707 2614 admirabor
752 2559 1219 2631 procumbensque
1268 2558 1555 2629 sepulcro,
1602 2571 1667 2613 ac
1731 2562 1975 2611 sanctum

394 2649 716 2707 deosculans
773 2649 1042 2721 lapidem,
1113 2658 1368 2719 tanquam
1425 2663 1547 2705 meo
1605 2647 1975 2702 imminentem

392 2742 585 2797 vertici
647 2741 951 2797 venerabor
1005 2741 1348 2797 submissius.
1387 2739 1659 2794 Interdum
1709 2752 1839 2793 vero
1865 2778 1880 2801 ,
1932 2735 1975 2791 si

392 2834 546 2904 copia
583 2832 914 2898 conferatur,
942 2833 1107 2887 etiam
1136 2832 1361 2903 vestigia
1393 2831 1693 2902 stringere;
1726 2838 1800 2893 at,
1839 2829 1883 2882 si
1924 2827 1979 2882 id

390 2940 500 2979 non
530 2910 802 2995 dignetur,
826 2925 1000 2980 locum
1029 2932 1199 2986 certe,
1224 2924 1314 2977 ubi
1346 2930 1612 2978 steterunt
1637 2922 1802 2992 pedes
1838 2921 1977 2991 ejus,

390 3035 499 3073 non
521 3022 744 3075 cessabo
768 3020 998 3075 ﬁdeliter
1014 3019 1260 3074 adorare.
1280 3016 1559 3086 Quemque
1581 3015 1788 3070 absenti
1813 3013 1977 3068 etiam

389 3115 558 3171 multa
588 3117 905 3186 praestitisse
929 3131 1035 3171 non
1072 3116 1314 3186 ingratus
1341 3114 1584 3178 memini,
1611 3127 1885 3181 nunquam
1911 3124 1977 3164 eo

2083 1918 2205 1973 dam
2232 1919 2463 1985 nebulis,
2494 1920 2681 1991 implet
2705 1936 2895 1978 omnes
2922 1933 3132 1978 meatus
3154 1924 3557 1995 intelligentiae,
3583 1944 3674 1995 per

2081 2024 2218 2079 quos
2241 2011 2479 2081 pandere
2507 2012 2691 2068 lumen
2722 2014 2948 2070 rationis
2974 2017 3175 2071 mentis
3207 2017 3397 2072 radius
3425 2017 3585 2072 solet.
3616 2018 3669 2071 In

2081 2099 2186 2155 hoc
2212 2100 2356 2157 Deus
2381 2142 2397 2167 ,
2446 2102 2501 2157 in
2548 2103 2652 2159 hoc
2702 2103 2954 2160 voluntas
2984 2104 3208 2161 innoxia
3230 2146 3247 2172 ,
3293 2107 3349 2161 in
3398 2107 3505 2162 hoc
3534 2118 3675 2161 mle

2081 2186 2211 2245 facti
2258 2191 2510 2246 meritum
2556 2192 2779 2249 relucet.
2828 2194 2971 2250 Deus
3012 2194 3216 2265 ubique
3262 2210 3514 2266 praesens
3558 2207 3669 2257 est;

2082 2289 2209 2337 tunc
2233 2290 2413 2337 autem
2436 2282 2726 2355 unicuique
2745 2292 2990 2340 nostrum
3011 2285 3174 2341 simul
3193 2294 3302 2350 est,
3326 2302 3455 2342 cum
3478 2288 3671 2341 mentis

2082 2379 2283 2425 nostra:
2310 2371 2513 2426 illibata
2541 2374 2749 2443 puritas
2774 2374 2827 2429 in
2853 2372 2971 2443 ejus
2994 2375 3285 2445 praesentia
3311 2377 3578 2447 patuerit.
3606 2377 3668 2431 [ι

2078 2461 2223 2515 enim
2264 2462 2415 2517 visus
2462 2464 2743 2519 oculorum
2790 2466 2835 2521 si
2886 2464 3051 2521 fuerit
3100 2467 3366 2532 vitiatus,
3416 2469 3670 2537 quidan

2080 2553 2264 2608 videre
2294 2570 2398 2609 non
2439 2556 2690 2626 potuerit,
2723 2557 2911 2612 adesse
2939 2573 3044 2612 non
3072 2567 3229 2628 putat
3252 2558 3496 2625 (frustra
3534 2561 3676 2613 enim

2079 2645 2396 2701 circumstat
2429 2647 2617 2703 oculos
2656 2663 2896 2718 praesens
2939 2649 3118 2720 imago
3163 2665 3374 2717 rerum,
3422 2651 3473 2706 si
3511 2652 3677 2706 oculis

2078 2737 2221 2792 desit
2242 2738 2581 2810 integritas):
2604 2740 2678 2795 ita
2698 2740 2861 2795 etiam
2886 2740 3049 2806 Deus,
3078 2741 3173 2811 qui
3200 2757 3480 2812 nusquam
3505 2743 3673 2808 deest,

2080 2828 2279 2885 frustra
2331 2831 2548 2901 pollutis
2592 2832 2790 2889 animis
2834 2848 3070 2901 praesens
3111 2842 3233 2897 est,
3280 2850 3454 2904 quem
3494 2834 3679 2890 videre

2080 2920 2278 2975 mentis
2307 2921 2522 2976 caecitas
2563 2937 2673 2977 non
2718 2931 2912 2993 potest.
2966 2922 3084 2979 Non
3134 2940 3320 2980 meum
3368 2935 3496 2990 est,
3541 2926 3675 2995 quod

2080 3009 2214 3078 dixi,
2236 3027 2342 3066 non
2376 3012 2505 3067 mihi
2537 3028 2741 3078 assero,
2774 3029 2880 3070 non
2911 3017 3127 3071 ascribo
3155 3017 3281 3088 (nec
3312 3019 3467 3073 enim
3494 3018 3677 3073 fortis-

2080 3104 2219 3160 simo
2250 3107 2444 3175 cuique
2468 3108 2675 3163 clavam
2701 3112 2769 3165 de
2793 3125 2955 3165 manu
2983 3110 3142 3168 facile
3171 3115 3497 3183 extorqueri
3524 3130 3679 3183 posse

391 3208 632 3264 animum
661 3206 984 3278 impulerim.
1036 3216 1095 3261 ut
1134 3204 1366 3261 difﬁdant
1387 3247 1402 3270 ,
1440 3205 1583 3259 hunc
1626 3216 1839 3273 quoque
1875 3200 1976 3255 rite
2005 3202 2047 3264 C
2080 3196 2369 3265 przesumo)
2400 3199 2540 3268 quod
2583 3201 2801 3270 quidem
2829 3201 2896 3257 de
2924 3212 3107 3257 mente
3140 3204 3461 3259 mundanda
3505 3206 3576 3259 ad
3604 3206 3676 3258 vi-

389 3307 729 3365 veneratum,
746 3297 997 3369 praesenti
1020 3306 1074 3351 et
1092 3296 1276 3351 sedulo
1290 3296 1457 3351 multo
1472 3295 1645 3366 magis
1658 3293 1971 3350 affuturum.

394 3405 407 3417 ι
463 3387 541 3441 Ex
568 3388 827 3457 propositi
851 3387 1138 3443 occasione
1166 3386 1365 3458 negotii
1390 3384 1690 3441 confectum
1721 3383 1975 3455 quiddam

389 3484 509 3541 est,
539 3492 646 3547 quo
676 3485 730 3533 et
759 3476 1062 3533 temerariis
1090 3476 1401 3546 scrupulum
1448 3475 1703 3543 injectum
1722 3516 1737 3542 ,
1765 3484 1819 3529 et
1860 3474 1971 3529 sin-

391 3566 533 3621 ceris
587 3574 897 3622 sanctorum
953 3566 1250 3623 cultoribus
1297 3565 1633 3621 conducibile
1694 3579 1819 3619 reor
1873 3563 1973 3619 ali-

391 3657 521 3727 quid
569 3667 918 3727 procuratum
948 3672 963 3712 :
1004 3658 1200 3728 quibus
1235 3657 1555 3729 gratandum
1604 3656 1825 3711 omnino
1852 3671 1975 3725 per-

390 3762 586 3803 censeo
608 3787 626 3812 ,
657 3748 797 3817 quod
817 3789 833 3814 ,
881 3756 1044 3803 ruant
1088 3747 1214 3802 licet
1247 3746 1415 3810 venti,
1450 3745 1696 3816 procellze
1728 3745 1972 3809 saeviant,

389 3839 614 3895 flumina
665 3841 1059 3905 intumescant,
1111 3841 1305 3895 domus
1345 3846 1493 3892 certe
1539 3837 1673 3903 Dei,
1721 3837 1876 3906 cujus
1919 3846 1975 3891 et

389 3931 633 3987 cultores
672 3940 727 3986 et
779 3931 1013 3987 ministri
1063 3938 1229 3995 sunt,
1280 3929 1665 3995 intitubatam,
1720 3929 1971 3984 immobi-

368 4021 496 4077 lem
523 4061 539 4088 ,
587 4021 1009 4091 inviolatamque
1051 4021 1136 4075 sui
1187 4020 1396 4077 roboris
1425 4014 1688 4075 mternum
1734 4021 1975 4076 obtineat

391 4112 731 4178 firmitatem,
760 4127 881 4183 qua:
921 4128 1028 4167 non
1058 4112 1235 4168 ﬂuidis
1272 4113 1587 4168 incumbens
1627 4114 1804 4168 arenis
1828 4152 1846 4179 ,
1883 4128 1974 4169 ve-

390 4221 514 4260 rum
556 4203 826 4263 columnis
872 4203 1183 4260 caelestibus
1223 4204 1485 4268 subnixa,
1516 4212 1787 4274 petraeque
1824 4203 1975 4258 unita

391 4295 638 4366 perenni,
657 4296 1047 4352 architectante
1070 4296 1198 4360 Deo,
1216 4296 1270 4350 in
1289 4295 1516 4352 solidmn
1533 4297 1733 4351 rohure
1749 4296 1968 4350 vaserit.

466 4389 586 4447 126.
627 4391 785 4464 Agite
814 4392 1027 4463 itaque,
1060 4393 1316 4465 spiritalis
1354 4391 1587 4448 tirocinii
1616 4389 1970 4463 professores,

392 4526 471 4579 De
492 4523 596 4578 hac
618 4532 796 4579 autem
840 4522 1115 4597 Yigilantii
1147 4526 1480 4594 aliorumque
1515 4525 1779 4597 sententia
1812 4540 1972 4597 super

394 4605 538 4651 statu
585 4604 895 4667 sanctorum
914 4594 1063 4667 'post
1112 4598 1272 4650 vitam
1299 4611 1468 4664 usque
1494 4598 1559 4650 ad
1590 4594 1777 4664 judicii
1827 4596 1968 4648 diem

392 4667 547 4736 plura
579 4666 727 4720 card.
755 4665 1114 4723 Bcllarininns
1142 4668 1208 4722 de
1240 4667 1577 4722 Beatitudine
1605 4674 1660 4721 et
1687 4667 1974 4721 canoniza-

394 4738 541 4791 tione
572 4744 885 4790 sanctorum
908 4738 1001 4792 lib.
1036 4755 1074 4803 ι,
1105 4752 1223 4806 cap.
1261 4740 1311 4791 l.

473 4820 498 4848 ιι
536 4806 870 4878 llrccetiam
900 4808 1089 4863 'verba
1142 4805 1268 4878 sunt
1317 4807 1376 4878 S.
1419 4806 1748 4878 Hieronymi,
1779 4805 1975 4878 quibus

394 4893 501 4933 non
550 4876 821 4947 signiﬁcat
866 4880 1092 4949 Agnum.
1137 4877 1189 4932 id
1230 4887 1313 4933 est
1352 4876 1632 4933 Christum
1666 4876 1832 4949 Deum
1878 4878 1975 4931 ιιο-

396 4942 627 5019 minem:
666 4963 786 5003 esse
832 4949 885 5003 in
915 4942 1062 5003 omni
1093 4949 1209 5004 loco
1236 4949 1450 5019 proprie
1483 4942 1778 5003 secundum
1822 4957 1975 5019 natu-

395 5035 515 5073 ram
544 5018 834 5073 humanam
856 5034 1007 5087 mque
1029 5034 1093 5075 ac
1112 5018 1402 5075 secundum
1429 5019 1691 5083 divinam,
1711 5034 1830 5088 quae
1852 5018 1979 5074 Ubi-

397 5089 700 5159 quistarum
723 5098 808 5142 est
843 5089 1092 5159 haeresis;
1126 5089 1221 5144 sed
1264 5090 1410 5145 illum
1447 5104 1657 5143 summa
1693 5090 1974 5159 praeditum

398 5155 522 5230 esse
566 5155 1230 5230 libertateagilitateque,
1279 5176 1384 5230 qua
1436 5176 1561 5213 mox
1609 5155 1729 5214 esse
1785 5160 1973 5227 possit,

398 5229 710 5302 ubicunque
753 5226 868 5280 vult.
957 5226 1136 5281 talem'
1166 5226 1311 5302 vero'
1336 5231 1639 5301 libertatem
1669 5226 1829 5283 etiam
1872 5230 1976 5284 illis

2005 4563 2052 4621 ο

2077 3287 2310 3343 dendum
2336 3289 2501 3343 Deum
2524 3305 2766 3361 paganus
2790 3293 3025 3363 scripsit.
3048 3293 3252 3350 Verum
3279 3310 3350 3350 eo
3376 3297 3503 3366 ipso
3523 3295 3679 3351 Chri-

2077 3379 2288 3444 stiano,
2321 3388 2376 3435 et
2420 3380 2713 3450 baptizato,
2753 3390 2809 3437 et
2846 3392 3095 3450 mortuo,
3127 3385 3273 3456 quod
3306 3371 3678 3456 seritelpmbe

2077 3469 2306 3533 dixerat,
2339 3470 2580 3541 ineptum
2608 3472 2709 3526 fuit
2736 3471 3094 3528 obsolescere.
3121 3455 3396 3541 Quorsum
3430 3455 3549 3530 ista
3572 3485 3677 3531 tam

2077 3565 2187 3620 alto
2212 3567 2378 3636 petita
2405 3566 2710 3637 principio?
2730 3566 2992 3623 Videlicet
3012 3575 3072 3623 ut
3096 3568 3669 3640 recolatisscriptum:

2074 3657 2433 3712 Adversarius
2468 3667 2652 3713 vester
2692 3658 2959 3723 diabolus,
3008 3667 3267 3729 tanquam
3303 3659 3390 3714 leo
3433 3661 3677 3730 rugiens,

2075 3748 2288 3813 circuit,
2338 3764 2586 3818 quierens
2619 3763 2779 3819 quem
2821 3750 3063 3805 devoret.
3109 3751 3176 3805 Et
3215 3750 3423 3805 :Beati
3479 3754 3675 3805 munde

2076 3842 2258 3906 corde,
2288 3841 2541 3911 quoniam
2590 3842 2689 3912 ipsi
2741 3842 2909 3897 Deum
2951 3842 3230 3897 videbunt.
3259 3841 3517 3909 Quorum
3552 3843 3659 3896 alte

2076 3949 2194 3988 rum
2223 3933 2446 3988 cautelm
2477 3934 2711 4005 proiicit,
2742 3935 2973 3991 alterum
2999 3935 3194 3991 divina:
3220 3934 3677 4005 contemplatiem‘

2075 4023 2349 4077 conducit.

2147 4113 2272 4167 127.
2313 4112 2499 4169 Facite
2551 4114 2791 4170 vicissim
2846 4115 3202 4171 memineritis
3229 4156 3246 4182 ,
3302 4126 3541 4188 propter
3581 4132 3673 4171 vas

2074 4204 2350 4260 Christum
2390 4214 2691 4271 mortuum;
2743 4214 2805 4260 ut
2835 4206 2927 4275 qui
2979 4207 3181 4272 vivitis,
3220 4223 3331 4263 non
3359 4209 3483 4275 jam
3524 4210 3673 4263 vobis

2075 4295 2303 4359 vivatis;
2328 4296 2423 4349 sed
2452 4295 2524 4359 ei,
2552 4296 2642 4364 qui
2669 4310 2769 4364 pro
2798 4297 2950 4351 vobis
2981 4307 3226 4352 mortuus
3253 4310 3374 4363 est;
3408 4314 3553 4352 neve
3581 4300 3670 4351 ad-

2074 4400 2264 4441 versus
2283 4386 2454 4441 Deum
2479 4402 2544 4440 cx
2565 4385 2682 4455 ejus
2701 4402 2925 4444 munere
2949 4387 3230 4443 inﬂemini.
3257 4390 3456 4461 Aceipi
3466 4401 3519 4446 te
3544 4392 3664 4445 item

2144 4518 2174 4559 ι’
2214 4518 2417 4595 Dehac
2442 4521 2697 4595 Opinione
2725 4522 2897 4595 videri
2933 4532 3110 4595 potest
3139 4522 3198 4578 S.
3225 4523 3477 4579 Thomas
3501 4528 3522 4579 Ι
3556 4541 3664 4594 par-

2077 4599 2151 4655 te,
2173 4608 2266 4662 qu.
2294 4591 2383 4656 12,
2401 4591 2502 4646 art.
2528 4592 2583 4655 8,
2616 4603 2671 4648 et
2699 4593 2824 4647 alibi
2847 4635 2862 4657 ,
2885 4591 2971 4647 ubi
2992 4611 3110 4648 eam
3138 4595 3337 4662 reiicit.
3363 4591 3665 4666 Cognosce-

2082 4676 2137 4714 re
2168 4673 2342 4736 tamen
2376 4673 2593 4718 sanctos
2623 4680 2959 4733 qumcnnqne
2999 4666 3061 4736 in
3088 4667 3257 4731 terris
3286 4668 3359 4720 ad
3400 4684 3464 4721 se
3504 4667 3663 4736 perti-

2078 4734 2259 4786 nentia
2304 4744 2585 4803 geruntur,
2626 4744 2788 4803 atque
2832 4735 3098 4802 imprimis
3137 4752 3261 4791 sese
3296 4734 3665 4792 invocantium

2079 4813 2222 4879 vota,
2266 4804 2585 4879 dogctjdem
2611 4804 2726 4868 2-2,
2754 4820 2847 4879 qu.
2879 4806 2967 4869 85,
2993 4817 3098 4860 art.
3129 4806 3199 4872 4;
3226 4816 3284 4861 et
3304 4824 3427 4879 par.
3474 4825 3559 4870 tu,
3580 4825 3666 4877 qu.

2080 4874 2171 4936 10,
2200 4882 2299 4947 art.
2329 4875 2385 4928 ἓ.
2420 4875 2533 4941 Qua
2561 4890 2687 4929 vero
2715 4877 2919 4931 ratione
2957 4892 3017 4930 ea
3050 4874 3416 4947 cognoscant,
3440 4874 3672 4947 quatuor

2080 4954 2204 5000 sunt
2233 4945 2511 5017 doctorum
2542 4947 2845 5009 sententiae,
2896 4948 3072 5017 inquit
3100 4945 3425 5004 Bellarmin.
3458 4945 3554 5004 lib.
3580 4950 3669 5003 cit.

2080 5031 2200 5084 cap.
2218 5014 2319 5089 ⁸20,
2338 5018 2438 5089 κυιιὶ
2461 5032 2553 5072 eas
2576 5017 2808 5072 breviter
2831 5014 3131 5088 propositas
3159 5021 3345 5089 legere
3364 5030 3476 5075 est.

2154 5099 2175 5126 τ
2216 5087 2473 5141 Nimirum
2498 5089 2561 5161 in
2598 5102 2658 5140 ea
2688 5087 2953 5161 sententia
2995 5091 3092 5161 fuit
3142 5087 3400 5157 llerirus,
3430 5106 3597 5161 quam
3622 5099 3675 5145 et

2081 5157 2438 5227 Hieronymus
2458 5159 2671 5211 videtur
2687 5159 2926 5219 innuerc,
2952 5159 3093 5227 quod
3117 5161 3315 5214 animae
3330 5157 3668 5217 sanctorum.

2081 5229 2218 5301 sicut
2234 5230 2396 5301 etiam
2414 5228 2754 5302 angeli,tuira
2770 5229 2996 5295 quadam
3014 5229 3528 5301 celeritateinaturae
3540 5247 3671 5301 quo-
