3876 5416
56 341 179 399 1269

972 336 1207 395 SERMO
1243 336 1312 393 IN
1354 333 1835 393 SOLEMNITATE
1874 333 1934 390 S.
1970 333 2304 391 GERMANI.

3144 328 3283 391 H70

50 433 281 524 scriptum
305 470 321 508 :
347 451 519 524 Elegit
540 468 637 508 nos
664 453 720 508 in
742 452 862 524 ipso
882 460 1010 508 ante
1037 452 1229 507 mundi
1256 449 1599 506 constitutio-
1626 452 1675 513 Α
1705 446 1814 512 his,
1834 447 2093 518 quidquid
2118 449 2299 504 sobrie
2321 447 2570 518 potestis,
2592 446 2827 517 adjicite;
2857 444 3131 518 queniam,
3157 462 3282 502 cum

49 560 323 610 nem;non
363 545 489 612 quia
523 559 742 599 eramus
785 544 958 599 sancti
1000 553 1057 600 et
1106 542 1463 606 immaculati,
1505 547 1600 596 aut

49 635 159 706 quia
180 634 330 690 futuri
357 650 575 690 eramus
598 635 767 689 sancti
801 643 856 689 et
892 633 1219 690 immaculati
1247 632 1469 706 (alioqui
1492 648 1599 713 non

47 739 145 783 tam
173 726 475 797 prmrogatio
501 725 709 797 gratiae,
736 741 896 795 quam
930 725 1264 793 vicissitudo,
1298 724 1384 779 vel
1410 723 1602 779 relatio

47 818 209 874 meriti
230 816 563 890 putaretur);
593 817 687 872 sed
726 817 888 888 elegit
915 832 1013 873 nos
1065 826 1124 872 ut
1159 831 1401 872 essemus
1427 816 1602 872 sancti

47 917 87 962 et
118 908 450 973 immaculati,
489 907 542 962 id
575 916 660 963 est
697 906 942 978 eligendo
962 907 1214 979 praestitit
1260 914 1321 961 ut
1356 919 1602 962 essemus

47 1000 199 1054 sancti
233 1007 283 1055 et
306 999 661 1066 immaculati;
693 999 783 1068 qui
824 998 928 1054 nisi
960 999 1143 1065 vellet,
1167 1014 1237 1055 ne
1260 997 1352 1053 ulli
1382 997 1602 1069 quidem

45 1107 147 1147 :ssc
185 1107 474 1161 possemus.
508 1091 569 1146 Ei
600 1100 763 1161 caput
808 1090 1139 1156 submittite;
1172 1104 1274 1145 nec
1306 1090 1371 1146 de
1397 1096 1601 1151 vestra,

45 1184 121 1236 sed
174 1183 236 1237 de
274 1182 389 1249 ejus
428 1183 667 1237 bonitate
713 1182 1049 1251 praesumite;
1084 1181 1184 1237 sub
1221 1179 1599 1252 potentissima

50 1288 186 1326 nanu
216 1271 324 1340 ejus
352 1273 730 1328 humiliamini.
764 1273 959 1328 Tutum
1003 1272 1229 1344 capietis
1254 1272 1308 1327 in
1336 1269 1454 1340 ejus
1483 1270 1599 1341 pie-

49 1372 135 1415 ate
157 1362 471 1432 perfugium,
506 1362 599 1432 qui
625 1379 838 1432 semper
868 1373 1091 1434 paratus
1116 1372 1199 1418 est
1229 1376 1452 1433 parcere
1475 1363 1604 1417 sub-

45 1453 181 1507 ectis
218 1461 271 1506 et
296 1452 566 1508 debellare
608 1454 889 1523 superbos.
934 1452 1167 1508 Athletae
1213 1452 1308 1507 Dei
1353 1451 1504 1515 estis,
1548 1452 1601 1507 in

43 1541 199 1594 :tadio
232 1541 456 1611 spiritali
488 1541 780 1598 decernitis
808 1561 821 1597 :
854 1541 1092 1615 legitime
1124 1543 1441 1599 certandum
1481 1551 1601 1609 est,

43 1641 78 1685 ιι
103 1632 170 1685 ad
192 1632 429 1687 bravimn
457 1632 816 1706 pertingatur.
843 1634 1219 1707 Spectaculum
1249 1635 1375 1691 huic
1400 1636 1605 1690 mundo

43 1725 146 1779 acti
176 1726 339 1791 estis;
370 1726 423 1780 in
460 1742 558 1782 vos
581 1727 822 1782 omnium
844 1727 985 1783 oeuli
1006 1727 1349 1798 diriguntur;
1372 1741 1601 1782 convcr-

1708 538 1863 593 laude
1886 549 2068 594 nostra
2101 554 2205 595 non
2253 546 2444 610 egeat,
2475 547 2629 612 grata
2660 548 2839 594 tamen
2866 539 2917 594 ei
2945 548 3027 593 est
3059 555 3169 593 suae
3190 540 3283 594 de-

1702 630 1849 685 votio
1867 637 2133 685 creatum
2165 647 2178 684 :
2211 639 2389 685 vestra
2412 629 2568 685 laude
2589 646 2690 685 nec
2711 645 2899 700 parum
2923 629 3166 701 prolicit;
3197 630 3285 701 pio

1704 727 1883 775 tamen
1920 720 2098 776 studio
2122 719 2323 786 facitis,
2353 729 2413 775 ut
2434 733 2498 776 ea
2523 736 2621 776 vos
2645 719 2934 790 plurimum
2964 719 3283 788 proﬁciatis.

1701 812 1834 868 Aliis
1862 812 2325 884 belligerantibus,
2354 812 2777 885 agricolautibus
2797 812 2941 875 aliis,
2977 809 3171 866 tertius
3200 824 3288 865 or-

1702 902 1773 958 do
1789 892 1946 968 'estis,
1974 918 2113 975 quos
2134 903 2186 959 in
2218 913 2427 974 partem
2450 905 2679 975 privata:
2703 903 2865 958 sortis
2886 901 3090 974 allegit,
3114 916 3287 975 quan-

1705 1003 1759 1049 to
1805 996 1965 1051 rebus
2003 995 2325 1051 extrinsecis
2367 1011 2585 1059 vacuos,
2641 1004 2790 1049 tanto
2842 1008 2954 1051 suae
3007 993 3291 1049 servitutis

1703 1086 2069 1143 {unctionibus
2097 1088 2458 1158 occupandos.
2495 1088 2670 1158 thue
2691 1088 2781 1142 alii
2809 1103 2905 1159 pro
2940 1087 3090 1142 vobis
3117 1086 3291 1140 duras

1702 1180 2041 1237 conditiones
2070 1179 2303 1235 subeunt
2330 1179 2413 1236 vel
2454 1179 2683 1244 militiae,
2708 1180 2791 1233 vel
2836 1178 3070 1232 laboris:
3099 1172 3286 1233 itidem

1703 1288 1801 1327 vos
1823 1271 1926 1327 illis
1946 1269 2160 1327 obnoxii
2192 1269 2504 1341 persistitis,
2527 1278 2586 1323 ut
2609 1286 2705 1325 eos
2731 1271 3038 1324 orationum
3064 1278 3120 1324 et
3155 1268 3285 1323 Olli-

1702 1366 1772 1421 cii
1820 1365 2077 1420 instantia
2111 1364 2534 1435 prosequamini.
2571 1364 2755 1435 Atque
2782 1372 2844 1418 ut
2869 1363 3013 1417 aliud
3044 1376 3166 1417 esse
3199 1375 3289 1415 eoo

1703 1468 1959 1525 arguam,
1989 1454 2130 1525 quod
2161 1463 2369 1509 naturie
2421 1455 2794 1519 consortibus,
2828 1452 2969 1508 aliud
3009 1451 3150 1523 quod
3186 1451 3288 1522 ipsi

1703 1546 1927 1603 debetur
1974 1547 2130 1602 Deo:
2165 1546 2292 1601 illud
2340 1557 2467 1602 ante
2509 1547 2689 1602 omnia
2737 1560 2951 1616 semper
3006 1530 3058 1598 in
3117 1542 3289 1599 oculis

1700 1637 1919 1703 volvite,
1952 1637 2098 1709 quod
2127 1637 2244 1708 ipse
2272 1653 2369 1693 vos
2409 1637 2632 1703 fecerit,
2664 1636 2808 1709 quod
2836 1636 3075 1708 perditos
3106 1634 3285 1689 refor-

1700 1728 1896 1791 marit,
1927 1729 2069 1797 quod
2092 1736 2200 1782 tam
2230 1729 2460 1794 crebris,
2489 1737 2599 1783 tam
2619 1729 2874 1798 copiosis,
2899 1737 3011 1783 tam
3059 1727 3292 1797 denique

44 1818 160 1871 alio
180 1827 354 1872 vestra
381 1827 637 1888 tanquam
660 1818 713 1873 in
743 1818 962 1888 speculo
984 1819 1294 1882 constituta,
1342 1818 1595 1890 magistra
1630 1814 1674 1874 Β
1703 1817 1957 1890 prolicuis
1985 1820 2295 1889 provexerit
2314 1818 2608 1886 beneﬁciis,
2641 1827 2698 1875 ut
2718 1821 2844 1876 hinc
2867 1817 3116 1874 laudandi
3141 1817 3290 1873 illum

41 1915 106 1963 εει
164 1906 388 1978 publica:
428 1907 770 1979 disciplinae:
804 1909 1063 1980 quidquid
1110 1906 1354 1980 egeritis,
1401 1908 1454 1964 id
1497 1908 1605 1963 sibi

42 2013 207 2054 mnes
251 1998 552 2053 faciendum
592 2008 802 2067 putant.
838 1999 1042 2055 Cavete
1076 2000 1417 2055 committere
1460 1997 1602 2068 quod

44 2089 95 2142 el
129 2090 611 2158 reprehensoribus
633 2098 833 2158 pateat,
865 2089 949 2145 vel
982 2090 1284 2145 imitatores
1313 2090 1365 2143 iu
1390 2090 1603 2144 ruinam

42 2178 325 2248 mnpellat.
376 2176 645 2247 Prnpositi
687 2177 848 2247 hujus
886 2180 1163 2250 principes
1208 2179 1403 2235 aemula
1452 2179 1605 2236 vobis

43 2272 217 2325 ietate
268 2270 575 2342 proponite,
626 2286 856 2339 quorum
906 2287 1159 2328 veracem
1200 2272 1500 2329 doctrinam
1550 2281 1607 2327 et

40 2371 203 2418 meta
258 2378 424 2433 opera
475 2363 773 2430 imitantes,
814 2367 883 2420 ad
924 2365 1164 2420 caelestis
1203 2366 1351 2438 regni
1402 2382 1603 2437 pascua

39 2463 320 2525 roperate.
347 2450 574 2510 Mortem
623 2456 770 2512 boris
803 2458 1054 2513 omnibus
1095 2457 1489 2527 impendentem
1524 2458 1605 2511 in-

39 2548 224 2604 efecte
252 2548 628 2615 meditamini;
660 2548 917 2616 scientes,
952 2550 1089 2605 nihil
1116 2564 1237 2606 esse
1263 2549 1600 2614 diuturnum,

37 2657 48 2693 ι
80 2654 201 2709 quo
236 2648 416 2711 potest
462 2655 583 2697 esse
620 2641 821 2711 aliquid
852 2651 1188 2708 extremum;
1233 2642 1604 2697 moriendum-

38 2747 101 2785 χιε)
146 2732 426 2796 omnibus,
468 2742 525 2787 et
566 2734 617 2787 id
655 2734 940 2799 incertum,
975 2750 1043 2789 an
1072 2749 1137 2790 eo
1167 2735 1284 2803 ipso
1305 2735 1409 2789 die.
1438 2736 1603 2790 Cum-

37 2837 101 2876 ne
130 2823 205 2876 ad
239 2820 294 2875 id
340 2831 557 2877 ventum
590 2822 773 2889 fuerit,
800 2832 912 2879 tum
956 2824 1086 2879 illud
1116 2825 1376 2895 quidquid
1406 2835 1599 2897 praste-

42 2915 111 2977 it,
148 2912 397 2979 ellluxit;
438 2922 646 2969 tantum
673 2923 933 2989 remanet,
965 2916 1107 2987 quod
1137 2916 1338 2971 virtute
1372 2925 1428 2971 et
1455 2926 1600 2972 recte

44 3004 159 3057 etis
198 3012 525 3059 consecutus
557 3004 654 3059 sis.
703 3003 1084 3060 Voluntatibns
1137 3004 1465 3069 renitimini;
1506 3018 1604 3058 vo-

40 3091 307 3162 ptatibus
352 3102 672 3163 repugnate,
728 3109 796 3149 ne
840 3102 894 3148 et
930 3109 1027 3149 vos
1053 3108 1241 3149 eorum
1283 3094 1604 3165 subjaceatis

37 3181 247 3245 :eidio,
275 3180 342 3235 de
367 3180 563 3250 quibus
593 3180 861 3251 Propheta
890 3189 1238 3252 conquestus,
1261 3182 1404 3252 quod
1427 3190 1602 3237 trans-
1628 3179 1674 3244 C
1705 3180 1962 3252 sull‘ragio
1998 3192 2398 3253 promerentem
2423 3202 2440 3251 ;
2493 3196 2826 3259 ceterosque
2853 3229 2868 3253 ,
2910 3189 2957 3243 ei
3004 3173 3057 3244 ἐι
3094 3191 3293 3262 templo
3392 3222 3411 3235 -

38 3273 162 3325 rint
197 3271 257 3325 in
293 3269 547 3326 allectum
574 3272 773 3336 cordis,
813 3272 1101 3344 imaginem
1136 3271 1350 3327 illorum
1378 3272 1433 3328 in
1467 3272 1601 3328 civi-

37 3370 101 3416 te
129 3360 239 3417 Dei
270 3360 340 3416 ad
370 3360 595 3416 nihilum
618 3362 963 3433 redigendam
996 3362 1345 3433 imprecatur.

49 3454 195 3512 128.
244 3452 305 3509 Si
332 3454 459 3525 quid
489 3454 599 3512 Deo
628 3454 872 3520 vovistis,
905 3454 1284 3512 incunctanter
1313 3454 1599 3523 absolvite,

37 3561 279 3603 eniores
329 3546 541 3601 ruinam
578 3560 703 3602 csse
742 3546 943 3603 homini
974 3555 1098 3617 post
1128 3553 1251 3602 vota
1286 3553 1524 3602 tractare
1546 3558 1597 3600 ι.

37 3646 343 3708 ~aestatquc
389 3648 496 3693 nun
556 3652 757 3694 vovere
805 3653 968 3709 quam
1009 3647 1134 3695 vota
1183 3653 1291 3695 non
1351 3639 1596 3696 reddere.

37 3753 85 3790 το
120 3732 357 3805 procul,
388 3749 489 3789 nec
516 3742 671 3788 extra
704 3738 829 3790 sunt
859 3743 1106 3791 votorum
1152 3745 1459 3792 nostrorum
1501 3735 1602 3791 im-

37 3827 184 3882 mlia
210 3843 227 3888 ;
272 3824 387 3888 sed,
414 3833 472 3880 ut
499 3824 783 3881 Psalmista
807 3824 1007 3882 fatetur
1027 3843 1041 3881 :
1060 3824 1121 3883 In
1149 3841 1237 3883 me
1261 3836 1411 3894 sunt,
1432 3826 1597 3894 Deus,

38 3931 125 3983 ta,
167 3932 310 3989 qua:
339 3917 581 3979 reddam,
610 3916 944 3973 laudationes
975 3917 1090 3973 tibi.
1132 3917 1190 3974 in
1218 3917 1303 3975 bis
1332 3916 1600 3975 indefesse

38 4011 319 4075 rsistite;
351 4010 452 4065 bas
473 4009 733 4075 interdiu,
757 4008 856 4066 has
884 4009 1133 4067 noctibus
1157 4011 1509 4080 concinnate;
1543 4012 1598 4068 in

37 4177 58 4204 ι
120 4162 425 4235 Tractare,
461 4177 524 4217 ea
554 4159 781 4235 scilicet,
827 4178 946 4235 qua:
966 4164 1108 4235 votis
1133 4172 1455 4235 repugnant.
1498 4165 1597 4222 Vel

38 4245 226 4288 mare
276 4232 417 4288 forte
462 4233 724 4303 accipitur
758 4232 858 4303 pro
895 4233 1111 4289 dill‘erre
1145 4232 1243 4291 seu
1276 4232 1338 4291 in
1378 4235 1596 4308 longum

1703 1917 1966 1978 concepta
2017 1908 2267 1975 materia,
2322 1910 2448 1966 dum
2503 1909 2554 1965 ei
2588 1918 2953 1979 competentes
2989 1909 3192 1981 gratias
3221 1910 3291 1967 de

1702 1999 1975 2070 perceptis
2003 2009 2058 2056 et
2095 2000 2307 2056 habetis
2334 2008 2389 2055 et
2422 1998 2637 2055 refertis
2676 1999 3013 2064 muneribus,
3051 1999 3192 2054 (iatis
3222 2000 3291 2053 ad

1704 2092 2015 2162 accipienda
2059 2092 2314 2164 deinceps
2349 2100 2403 2147 et
2447 2092 2597 2162 plura
2647 2100 2701 2147 et
2731 2092 2959 2161 plurima
2994 2091 3286 2161 digniores.

1703 2176 1821 2237 1am
1870 2198 2017 2248 vero,
2052 2192 2113 2240 ut
2161 2182 2215 2237 in
2261 2184 2458 2238 summi
2504 2184 2776 2251 prmconio
2810 2183 3004 2253 capitis
3049 2181 3295 2237 membra

1704 2289 1919 2344 quoque
1966 2272 2084 2343 ejus
2123 2273 2325 2345 inclyta
2358 2273 2602 2329 nonnihil
2630 2282 2843 2329 constet
2882 2274 3082 2328 habere
3131 2287 3286 2327 com-

1705 2378 1890 2430 mune,
1939 2364 2169 2435 accipite
2201 2371 2259 2419 et
2306 2363 2433 2419 illud
2462 2363 2699 2419 celeuma
2736 2363 3048 2420 Davidicum
3090 2362 3142 2418 in
3175 2354 3299 2417 hzec

1705 2454 2079 2526 proloqucntis
2116 2453 2281 2511 verba
2329 2472 2343 2509 :
2394 2452 2635 2511 Laudare
2684 2454 2969 2510 Dominum
3006 2455 3062 2510 in
3098 2455 3291 2510 sanctis

1703 2546 1863 2617 ejus;
1919 2554 2172 2617 tanquam
2215 2549 2462 2603 eamdem
2503 2548 2827 2603 sententiam
2868 2548 3029 2604 modo
3076 2546 3293 2602 diverso

1705 2637 2004 2710 explicans.
2054 2638 2243 2694 dicat:
2286 2638 2402 2694 Non
2449 2639 2583 2694 satis
2632 2638 2876 2695 consulte
2918 2640 3099 2708 agitis,
3140 2641 3186 2696 si
3219 2642 3288 2696 ab

1708 2727 1893 2786 invicti
1929 2729 2276 2801 imperatoris
2301 2729 2469 2801 gloria
2495 2728 2878 2785 lidissimornm
2915 2728 3035 2799 ejus
3062 2730 3290 2786 militum

1706 2820 2012 2890 triumphos
2065 2828 2122 2874 et
2163 2819 2359 2875 merita
2402 2820 2691 2876 eximenda
2735 2819 3024 2889 iudicatis;
3080 2836 3290 2877 summa

1707 2912 1870 2984 igitur
1917 2928 2040 2984 ope,
2076 2915 2303 2969 summis
2329 2914 2535 2971 viribus
2570 2915 2867 2987 gloriﬁcate
2905 2916 3091 2980 Deum,
3121 2917 3291 2988 gratis

1704 3004 1859 3059 vobis
1886 3003 2026 3059 bona
2062 3004 2241 3060 omnia
2277 3003 2643 3073 tribuentem;
2693 3007 3023 3061 veneramini
3072 3008 3290 3063 beatum

1706 3090 2075 3160 Germanum,
2123 3109 2186 3150 ca
2237 3095 2388 3151 vobis
2435 3097 2827 3166 potentissimas
2880 3082 3290 3156 intercessionis

1709 3283 1991 3330 consortes
2035 3285 2092 3330 et
2141 3276 2359 3342 merito,
2407 3278 2493 3348 pia
2547 3279 2830 3334 devotione
2874 3282 3288 3351 prosequimini,

1708 3366 1887 3441 anxiis
1928 3365 2209 3424 affectibus
2253 3367 2569 3439 implorate;
2596 3378 2834 3443 utquem
2865 3370 3041 3426 locum
3067 3372 3291 3443 eligere,

1708 3472 1915 3529 suaque
1948 3459 2237 3530 praesentia
2279 3468 2336 3517 et
2370 3460 2660 3533 sanctitate
2696 3459 3137 3516 ﬂorentissimum
3170 3477 3293 3519 esse

1706 3548 2017 3616 voluerunt,
2047 3549 2209 3615 hunc,
2241 3549 2509 3606 universis
2537 3550 2770 3606 hostium
2801 3550 2973 3620 copiis
3002 3561 3147 3608 terra
3176 3568 3292 3608 ma-

1708 3642 1865 3713 rique
1919 3640 2220 3712 superatis,
2268 3656 2333 3696 ac
2376 3641 2677 3697 truculenta
2724 3644 3025 3698 daemonum
3073 3644 3309 3713 exclusa,

1706 3731 2018 3804 tyrannide,
2058 3730 2300 3788 cladibus
2345 3731 2609 3799 eximant,
2651 3732 2823 3788 ruinis
2849 3733 3143 3800 abducant,
3170 3750 3288 3791 rue-

1704 3819 1827 3879 ritis
1850 3821 2096 3889 lulciant,
2118 3822 2369 3894 precibus
2390 3832 2695 3895 protegant,
2721 3832 2885 3894 atque
2913 3823 2984 3879 ab
3002 3824 3289 3881 omnifaria

1702 3915 2050 3985 przesentium
2094 3913 2509 3985 futurorumque
2538 3914 2908 3972 discriminum
2946 3915 3284 3972 immanitate

1705 4008 2014 4069 defendant.
2617 4030 2631 4043 ο
2952 4006 2953 4011 “

1706 4164 1924 4219 trahere
1947 4169 2192 4217 votorum
2215 4161 2640 4219 exsecutionem.
2666 4162 2919 4219 Labbeus
2942 4162 3088 4231 legit,
3118 4174 3284 4217 retra-

1706 4243 1873 4287 clare.

37 4395 3277 4422 Μ

1005 4522 1341 4601 SERMO
1406 4521 1866 4603 EIUSDEM
1933 4523 2281 4603 HEBICI

883 4680 963 4741 In
991 4680 1379 4743 solemnitate
1404 4680 1609 4742 sancti
1637 4681 1940 4743 Genuam
1968 4680 2330 4745 recitandus
2355 4700 2406 4744 ι.

37 4921 175 4979 [29.
214 4913 513 4990 Recolitis,
539 4909 890 4990 dilectissimi,
922 4908 1061 4990 diem
1092 4910 1325 4990 publicis
1345 4909 1588 4968 ecclesia:
1617 4915 1677 4980 υ
1697 4927 1759 4990 ea
1801 4908 2035 4990 intentis
2085 4910 2373 4990 excepisse
2409 4906 2605 4990 animis
2628 4948 2644 4973 ,
2678 4924 2786 4990 non
2807 4904 3064 4990 obscura
3100 4907 3299 4990 indicio
3318 4908 3335 4975 ᾗ

37 4992 197 5049 rdiis
238 4985 589 5044 dedicatum;
618 4980 774 5050 cujus
799 4982 1136 5049 splendorem
1166 4982 1268 5037 etsi
1293 4996 1472 5036 sermo
1510 4992 1619 5037 ιιι--

47 5073 96 5129 ι,
120 5055 539 5129 religiosorum
556 5059 1039 5129 tamenconventus
1050 5060 1106 5106 et
1120 5050 1549 5129 devotiofclamat
1572 5071 1587 5109 :

37 5152 59 5190 ι
79 5122 400 5189 Ἰιοηὲειὶδ
423 5124 567 5178 enim
594 5122 798 5193 studiis.
831 5131 937 5176 tam
960 5122 1400 5193 conspirantibus
1425 5122 1586 5193 votis,

37 5202 237 5274 huius
264 5193 393 5274 diei.
406 5193 615 5274 cultum
640 5192 949 5274 etlzetitiam
972 5191 1299 5274 eorijurastis
1315 5232 1332 5257 ,
1359 5191 1591 5274 ιιι-τεειί-

37 5262 156 5329 itis
178 5262 749 5336 magniﬁcentiasnis‘
763 5278 867 5336 per
887 5262 1144 5336 sertitulis
1162 5264 1297 5321 satis
1323 5263 1582 5336 emineat,

38 5342 193 5400 ictsi
248 5333 338 5391 ab
368 5333 485 5398 ejus
512 5334 667 5387 laude
690 5333 996 5408 ollieiositas
1027 5336 1295 5410 praeconis
1331 5333 1580 5388 absistat.

1695 4982 2042 5060 declarastis,
2075 4974 2217 5050 dum
2235 4974 2612 5060 miraculorum
2634 4976 2936 5060 cmlestium
2960 4974 3300 5055 maiestatem

1695 5058 1869 5111 sacris
1891 5054 2135 5126 paginis
2162 5058 2511 5126 intonantem,
2539 5050 2766 5126 internis
2793 5050 3080 5126 suSpirlis_,_
3096 5056 3150 5103 et
3181 5061 3305 5126 per—

1693 5105 2283 5209 éic‘ib'aiigﬁéaia
2330 5105 2627 5209 licuerastis
2678 5105 2905 5209 alli'ectuk.’
2934 5105 3119 5209 bodies
3164 5105 3308 5209 ‘e'nim

1691 5184 1965 5271 pretiosus
2000 5184 2364 5271 Οέξῖἷιέιηιιε,
2413 5189 2500 5244 ille
2548 5192 2825 5271 quondam.
2860 5184 3021 5271 huius
3044 5186 3343 5271 iEcclcsige.

1696 5257 1928 5349 διιιίξιεε
1953 5257 2491 5349 praecaneret?
2527 5257 3311 5349 eis“!39:391‘9231'39‘315

1700 5340 1840 5408 apud
1871 5331 2042 5393 Deum
2090 5331 2386 5414 ﬁifotcctor
2407 5331 2644 5393 eximius,
2695 5331 3188 5414 gloriosotransi't‘u
3208 5332 3324 5414 ter:=
