3876 5416
444 385 581 449 1271

446 575 609 645 Quid,
638 575 779 649 quod
804 578 1104 649 praasentite
1129 576 1342 649 Domini
1372 577 1615 649 [edditus
1639 584 1743 649 est,
1774 575 1864 644 qui
1894 590 2019 630 cum

447 652 563 702 Elia
615 646 981 713 sanctissimo,
1033 646 1341 717 conspectui
1371 646 1464 701 Dei
1497 646 1727 717 viventis
1762 655 2024 717 perpetuo

444 718 620 774 astitit
676 717 1010 773 indefessus?
1048 715 1237 773 Dicam
1274 717 1522 785 equidem
1554 717 1619 771 de
1660 715 2018 785 illo’aliquid,

441 788 553 843 etsi
581 804 686 843 non
713 789 845 842 satis
873 788 1108 859 proprie,
1144 797 1201 841 at
1228 802 1333 841 non
1361 787 1523 859 nimis
1553 787 1896 859 inepte;_etsi
1920 788 2022 841 mi-

444 874 557 915 nus
576 858 763 915 audaci
773 856 887 921 ter,
897 856 1028 915 satis
1051 867 1197 913 certe
1217 856 1480 913 veraciter
1511 875 1525 911 :
1552 857 2023 924 dicam,.inquam,

446 932 594 987 hunc
620 944 742 985 esse
771 929 1066 985 beatissimi
1092 927 1345 984 Germani
1390 928 1551 992 diem,
1590 944 1694 981 non
1719 926 2021 993 funebrem,

446 1001 541 1055 sed
559 1001 857 1065 celebrem;
900 1014 1006 1054 non
1041 998 1342 1069 lugubrem,
1379 1000 1472 1052 sed
1501 997 1769 1069 salubrem
1794 1013 1807 1062 ;
1836 997 1887 1051 in
1917 1012 2025 1065 quo

445 1070 606 1140 longo
653 1071 813 1125 ﬁnem
860 1068 1141 1140 imponens
1188 1069 1503 1133 certamini,
1550 1068 1757 1140 calcato
1800 1074 2021 1134 mundo,

445 1148 718 1212 prostrato
750 1140 983 1212 diabolo,
1023 1139 1289 1211 gloriosus
1330 1141 1505 1195 victor
1536 1139 1780 1212 emicuit,
1812 1146 1867 1193 et
1890 1147 2022 1212 _tan-

444 1208 608 1282 quam
632 1210 770 1282 alter
794 1210 937 1282 Elias
968 1208 1130 1266 cu‘rru
1167 1220 1470 1280 przevectus
1503 1208 1763 1282 angelico,
1802 1208 2026 1265 caeleste

444 1281 766 1350 Capitolium
792 1281 993 1336 athleta
1023 1282 1362 1350 triumphalis
1392 1281 1653 1335 ascendit.

518 1353 641 1405 152i.
681 1350 809 1406 Jnre
849 1352 993 1406 enim
1026 1352 1171 1416 huic,
1201 1352 1328 1407 Elim
1368 1351 1673 1421 triumphus
1712 1351 2021 1417 ascribitur,

445 1422 533 1478 cui
571 1422 1191 1495 omnibnspsanctitatis,
1229 1433 1285 1476 et
1318 1421 1576 1476 virtutum
1617 1421 1917 1495 insignibus
1957 1437 2025 1476 ex

442 1507 602 1564 aequo
618 1493 945 1564 respondere
967 1492 1226 1561 probatur
1250 1507 1264 1564 ς
1288 1502 1504 1564 nam,ut
1529 1492 1774 1564 omittam
1802 1503 2020 1564 caetera,

440 1561 733 1634 in'quihus
783 1578 844 1617 se
886 1563 1060 1618 sancti
1106 1563 1205 1634 Dei
1251 1562 1498 1634 homines
1528 1561 1614 1631 pia
1644 1563 2018 1634 aemulatione,

444 1632 640 1690 aemula
693 1634 895 1703 pietate
922 1633 1174 1703 rvicissim
1222 1632 1589 1703 praeveniunt,
1639 1632 1692 1687 in
1735 1633 1825 1687 illo
1872 1643 2026 1687 certe

442 1702 738 1776 singularis
769 1703 855 1759 vel
882 1702 1244 1776 abstinentiae,
1266 1702 1368 1776 _vcl
1418 1702 1762 1776 continentiae
1780 1703 2022 1776 privile-

481 1772 560 1841 io;
585 1774 816 1830 alterum
841 1773 1096 1844 praeferre
1119 1774 1277 1827 alteri
1320 1788 1426 1827 non
1452 1773 1584 1827 satis
1607 1772 1902 1829 liberaliter
1928 1788 2027 1828 au-

441 1791 546 1899 ﬁco
568 1860 583 1899 :
608 1854 898 1899 utrumuue
921 1844 1065 1899 enim
1090 1843 1514 1899 sanctissimum.
1542 1851 1833 1899 utrumque
1860 1844 2026 1899 absti-

480 1860 546 1900 eo
568 1860 592 1928 :_
608 1843 898 1927 utrumque
921 1844 1065 1900 enim
1090 1843 1514 1929 sanctissimum,
1530 1851 1833 1929 utrumque
1860 1844 2026 1929 absti-
2055 1870 2101 1929 Β

443 1916 824 1970 nentissimum
868 1929 974 1969 non
1011 1914 1402 1970 contemnenda
1441 1922 1672 1967 testatur
1707 1914 2022 1969 auctoritas.

443 1985 762 2056 Quanquam
801 1999 901 2040 nec
935 1984 1063 2040 illud
1095 1994 1275 2039 mente
1297 1983 1521 2047 excidit,
1569 1984 1712 2053 quod
1751 1986 2027 2055 prophetae

443 2057 652 2136 famem
681 2069 849 2124 panes
888 2069 1068 2136 mane,
1124 2069 1316 2136 carnes
1353 2068 1598 2136 vespere,
1647 2056 1825 2136 corvis
1866 2056 2030 2136 mini-

440 2126 760 2189 strantibus,
808 2126 1182 2195 temperabant
1221 2138 1291 2190 a;
1325 2124 1598 2192 pontiﬁcis
1627 2139 1758 2180 vero
1790 2124 2027 2182 inediam

441 2205 567 2268 post
601 2194 1243 2268 septimumplerumque
1283 2195 1425 2268 diem
1458 2195 1615 2268 panis
1659 2203 1866 2268 tantum
1898 2196 2026 2250 hor-

443 2265 676 2322 deaceus
717 2267 999 2337 recreabat
1031 2281 1046 2332 ;
1092 2265 1159 2337 in
1191 2265 1284 2337 illo
1312 2265 1514 2337 jejunii
1564 2266 2028 2337 continuationem

442 2337 561 2393 dies
593 2335 1041 2407 quadragesimus
1071 2336 1231 2392 solvit
1260 2354 1272 2390 :
1311 2335 1500 2391 iit‘isto
1528 2335 1868 2407 abstinentia:
1898 2352 2029 2406 pro-

440 2406 735 2463 fessionem
766 2406 941 2461 annus
972 2408 1278 2463 tricesimus
1307 2407 1502 2462 clausit
1530 2423 1546 2472 ;
1597 2406 1743 2462 Elias
1771 2408 2027 2462 subcinc-

442 2477 563 2533 ricii
592 2477 750 2601 panis
773 2476 956 2534 edulio
989 2478 1345 2544 confortatus,
1377 2492 1548 2548 usque
1569 2478 1636 2532 ad
1669 2487 1906 2533 montem
1930 2477 2025 2531 Dei

442 2547 589 2601 ﬂore
682 2546 940 2601 ieiunium
994 2548 1162 2601 traxit
1221 2566 1234 2601 :
1284 2548 1591 2601 Germanus
1642 2548 2025 2601 omnipotentis

442 2546 626 2619 Horeb
675 2546 940 2619 jejunium
984 2548 1162 2619 traxit
1221 2566 1234 2602 :
1284 2546 1591 2619 Germanus
1642 2548 2030 2618 omnipotentis

440 2618 685 2689 Spiritus
704 2618 1224 2689 gratia-roboratus,
1265 2618 1561 2689 jejunando
1591 2627 1647 2673 et
1684 2621 1894 2674 orando
1933 2634 2026 2672 ar-

446 2705 566 2745 cem
596 2704 844 2759 supernze
867 2689 1102 2745 civitatis
1130 2691 1405 2753 ascendit;
1435 2689 1487 2759 in
1527 2689 1615 2744 illo
1660 2689 1917 2745 lransacti
1948 2689 2028 2743 la-

442 2760 593 2814 boris
624 2758 920 2825 molestias,
947 2759 1189 2815 mulieris
1215 2760 1389 2814 vidua:
1410 2758 1711 2815 liberalitas
1737 2760 2026 2815 relevavit:

447 2831 503 2884 in
552 2830 657 2885 isto
704 2830 1003 2886 familiares
1042 2830 1302 2884 natalium
1353 2829 1667 2901 divitiarum
1726 2831 2029 2901 epulentias

442 2916 577 2957 crux
617 2901 926 2971 quotidiana
969 2901 1344 2971 consumpsit;
1383 2900 1527 2956 Elias
1578 2900 1792 2956 furores
1847 2916 2031 2971 perse-

447 2972 727 3041 quentium
757 2970 1068 3037 declinans,
1105 2970 1416 3040 aliquandiu
1443 2971 1585 3041 inter
1612 2972 1816 3027 be‘stias
1846 2970 2033 3026 Solita-

444 3040 562 3097 rius
589 3042 773 3112 vixit:
801 3040 1130 3112 Germanus,
1160 3041 1314 3112 cujus
1338 3042 1429 3096 hic
1463 3040 1621 3112 hodie
1643 3043 1903 3097 memoria
1929 3057 2028 3112 pa-

446 3112 671 3176 seimur,
723 3111 939 3167 favores
999 3110 1415 3182 obsequentium
1468 3110 1680 3182 fugiens
1724 3113 1888 3180 (quod
1923 3110 2031 3167 non

450 3194 564 3238 tam
614 3197 823 3253 rarum,
849 3196 1011 3252 quam
1058 3180 1309 3253 mirabile
1335 3183 1441 3251 est)
1474 3180 1551 3235 in'
1570 3182 1777 3253 populis
1805 3183 2028 3237 eremita

350 3300 359 3307 .
446 3241 771 3325 permansii.
801 3241 1091 3325 iit-que,ut
1118 3269 1149 3307 a
1196 3241 1473 3309 laboribus
1519 3241 1586 3325 ad
1617 3241 1864 3307 laborum
1894 3268 2033 3323 prte-

444 3323 555 3378 mia
584 3324 888 3389 veniamus,
936 3323 1109 3378 Eliam
1140 3338 1306 3378 curru
1330 3330 1541 3393 raptum
1574 3323 1753 3392 igneo,
1783 3332 2035 3379 terrenus

446 3393 733 3465 paradisus
753 3394 996 3465 abduxit,
1023 3410 1122 3449 suo
1147 3392 1736 3465 temporefmoriturum
1764 3412 1777 3448 :
1802 3394 2033 3450 Germa-

441 3464 575 3520 num
603 3465 845 3535 angelico
867 3464 1061 3519 fultum
1090 3479 1289 3529 cuneo,
1323 3464 1568 3535 sidereus
1601 3466 1827 3519 thronus
1873 3479 2035 3519 exce-

449 3535 553 3606 pit,
576 3536 660 3606 ad
686 3534 1041 3606 judicandum
1069 3549 1284 3606 quoque
1312 3534 1501 3591 orbem
1525 3550 1649 3590 cum
1679 3535 1935 3606 apostolis
1978 3535 2032 3590 in

446 3605 622 3676 gloria
649 3614 1042 3663 surrecturum.

522 3675 644 3731 151.
686 3676 805 3731 Non
855 3676 1129 3747 immerito
1152 3676 1337 3747 itaque
1370 3684 1554 3747 mater
1597 3675 1835 3732 Ecclesia
1870 3675 2034 3744 huius

446 3747 684 3803 exsultat
706 3748 1014 3817 triumphis,
1040 3746 1192 3815 cujus
1207 3745 1573 3817 singularibus
1594 3757 1818 3802 ornatur
1845 3762 2032 3801 exem-

446 3816 573 3888 plis.
602 3818 672 3873 Et
703 3816 1084 3872 universaliter
1105 3816 1323 3888 quidem
1352 3818 1404 3870 in
1443 3818 1682 3888 omnium
1704 3831 2035 3874 commento.

444 3886 656 3959 ratione
685 3886 1401 3959 sanctorumpexsultanduin
1426 3886 1601 3959 nobis,
1634 3888 1774 3959 ratio
1803 3904 2030 3959 persua-

449 3958 562 4024 det,
599 3959 693 4014 sed
725 3960 778 4013 in
801 3955 961 4026 hujus
988 3957 1167 4013 Patris
1188 3956 1507 4013 excellentia
1534 3955 1820 4027 copiosius
1836 3960 2034 4014 merito

448 4028 814 4097 gloriandum,
840 4030 931 4097 qui
974 4037 1158 4083 nostra
1198 4028 1391 4083 Pastor
1421 4028 1475 4081 in
1505 4028 1659 4093 ttrbe,
1694 4038 1806 4083 toto
1835 4028 2036 4085 Doctor

450 4100 504 4152 in
531 4099 688 4170 orbe,
720 4099 775 4170 in
813 4113 1043 4170 corpore
1070 4100 1161 4155 illo
1190 4099 1297 4170 (cui
1324 4108 1484 4170 caput
1506 4098 1754 4170 Christus
1780 4100 1881 4170 est)
1913 4110 2035 4154 tan-

452 4180 566 4223 tum
597 4167 879 4239 dignitatis
905 4167 1158 4235 Obtinuit,
1184 4167 1242 4224 ut
1265 4167 1405 4223 inter
1428 4168 1545 4237 ejus
1580 4168 1819 4224 membra
1846 4167 2033 4241 praeci-

450 4253 556 4308 pua
585 4247 648 4309 et
671 4241 885 4293 nomine
914 4249 968 4293 et
1000 4241 1196 4295 merito
1224 4250 1561 4295 censeretur.
1587 4240 1905 4309 Quanquam
1932 4242 2034 4295 ita-

450 4307 558 4378 ipte
603 4307 722 4379 ejus
767 4311 965 4365 eximia
1012 4312 1274 4365 sanctitas
1313 4310 1580 4365 celebrem
1623 4321 1732 4365 toto
1763 4307 2029 4366 terrarum

448 4380 582 4437 orbe
616 4383 913 4450 promeruit
944 4380 1288 4445 claritatem;
1324 4383 1464 4450 apud
1506 4398 1602 4437 nos
1635 4391 1813 4436 tamen
1837 4422 1852 4446 ,
1905 4393 1959 4437 et
2003 4398 2033 4435 a

449 4451 610 4523 nobis
637 4460 721 4506 est
749 4452 1068 4523 propensius
1095 4454 1461 4514 venerandus,
1508 4468 1644 4521 quos
1670 4453 1809 4506 sacri
1839 4468 2033 4523 corpo-

451 4520 532 4575 ris
560 4520 846 4591 praesentia
871 4523 1200 4591 magnificat,
1246 4520 1837 4592 beneficiis’gratilical,
1868 4520 2036 4578 inter-

451 4592 701 4664 cessione
730 4602 1036 4664 conservat.
1061 4594 1165 4648 Iste
1190 4592 1361 4664 enim,
1391 4593 1494 4647 iste
1516 4606 1599 4648 est
1623 4595 1726 4659 vir,
1753 4612 1849 4664 per
1871 4608 2031 4664 quem

453 4662 551 4717 tibi
578 4661 759 4718 lumen
788 4663 1084 4732 Evangelii,
1114 4663 1308 4728 Gallia,
1356 4666 1664 4718 coruscavit
1694 4680 1707 4717 :
1735 4661 1786 4718 in
1826 4661 1952 4734 quo,
1983 4677 2037 4718 ct

450 4746 550 4803 per
576 4749 736 4802 quem
759 4734 1063 4788 sanctitatis
1086 4742 1143 4788 et
1170 4734 1552 4788 miraculorum
1581 4735 1676 4790 tibi
1695 4734 1855 4803 jubar
1884 4736 2037 4789 θωπι-

450 4804 542 4876 sit.
576 4804 677 4861 Hic
708 4803 1032 4876 tuusPater,
1064 4805 1167 4876 lticj
1182 4806 1429 4874 proprius
1454 4814 1642 4876 pastor
1671 4816 1783 4871 est;
1813 4808 1903 4876 qui
1949 4822 2038 4876 ru-

451 4874 575 4947 dem
627 4885 729 4947 tua:
758 4874 1040 4947 religionis
1089 4875 1373 4947 infantiam
1405 4874 1570 4929 vérbo
1599 4875 1759 4947 aluit,
1790 4874 2037 4947 exemplo

455 4943 680 5042 ilbi-inniti
695 4955 742 5009 ις
771 4944 1004 5042 prptexit
1028 4945 1082 5042 illi
1107 4945 1368 5008 adversis,
1390 4947 1638 5015 provexit
1662 4944 1714 5001 in
1728 4943 2035 5042 Iprnsperis;

842 5016 974 5042 l:sllll‘
1044 5016 1271 5042 ΙιιιειιΛηΛ
1321 5030 1644 5042 Ληινιηησιιιιιη
1728 5016 1885 5042 υ-.Ιιη
1936 5032 2030 5042 κ-ιΑ

1118 386 1347 444 HERICI
1380 384 1688 445 MONACHI
1722 384 2179 443 ANTISSSERM.
2218 383 2288 439 IN
2318 382 2700 442 SOLEMNIT.
2731 386 2790 443 S.
2830 386 3044 444 GERM.

440 506 591 580 juxta
618 504 964 580 Apostolum,
1000 506 1343 580 conversatio
1380 519 1593 580 semper
1618 505 1672 559 in
1704 503 1862 580 caelis
1884 502 2024 559 fuit?
2049 502 2113 565 A'

3574 391 3602 444 1
3614 386 3719 443 Ξ.ῖῖ

2199 501 2323 577 132.
2349 501 2747 577 thmnquam
2775 503 2922 577 illum
2949 503 3174 577 singulm
3209 505 3362 560 orbis
3381 516 3567 577 partes
3598 525 3716 563 eer-

2127 574 2278 649 tatitn
2318 572 2528 628 vicibus
2562 572 2814 649 raperent
2854 572 3082 649 (quippe
3120 576 3176 629 in
3217 591 3361 649 quo,
3385 572 3463 633 'et
3503 596 3571 634 ex
3608 596 3721 649 quo

2126 644 2385 716 maxime,
2426 659 2524 715 per
2578 644 2637 698 id
2687 644 3153 716 temporis,’Salus
3197 644 3442 703 omnium
3491 660 3548 703 et
3588 644 3717 705 vota

2122 715 2482 786 pendebant),
2528 724 2583 771 te
2630 715 2811 770 tamen
2858 716 3110 771 omnibus
3138 718 3410 786 praatulit:
3454 719 3719 777 utilitates

2124 783 2246 857 tuas
2273 783 2513 857 publicas
2543 795 2598 841 et
2634 787 2876 856 privatas
2901 797 3126 855 paterno
3141 783 3373 857 semper
3394 788 3594 843 affectu
3620 808 3716 845 cn-

2123 854 2395 927 ravit._Tu
2440 854 2802 927 revertentem
2844 854 3174 927 eacipiebas,
3220 854 3428 914 fessum
3458 860 3714 923 fovebas;

2124 934 2184 997 iu
2229 924 2486 997 relevatio
2527 927 2761 993 itineris,
2815 937 2870 981 tu
2902 924 3027 983 eras
3056 929 3212 997 quies
3248 929 3448 984 blanda
3491 931 3719 985 laboris.

2123 995 2310 1070 Itaque
2338 996 2438 1050 etsi
2467 996 2587 1070 aliis
2618 1013 2748 1070 non,
2784 998 2876 1053 tibi
2907 1009 3052 1053 certe
3080 995 3367 1070 apostolus
3396 1010 3485 1055 est
3518 1016 3533 1053 :
3568 1003 3717 1070 signa

2126 1067 2270 1120 enim
2314 1068 2645 1135 apostolatus
2667 1068 2785 1136 ejus
2821 1084 2918 1123 nos
2945 1067 3142 1124 sumus
3156 1085 3348 1124 omnes
3378 1070 3432 1123 in
3468 1067 3715 1125 Domino.

2124 1136 2426 1208 Postremo,
2455 1137 2583 1191 illud
2608 1139 2765 1207 quale
2786 1148 2890 1202 est,
2922 1155 3086 1208 quam
3113 1140 3408 1194 vehemens
3436 1143 3719 1197 charitatis

2126 1207 2386 1280 indicium
2405 1246 2420 1272 ,
2446 1209 2989 1280 quam’memorabile
2994 1211 3245 1280 paterni,
3278 1212 3359 1263 vel
3390 1214 3576 1280 potius
3605 1229 3715 1265 ma-

2127 1276 2266 1350 terni
2297 1279 2531 1350 pectoris
2557 1281 2971 1350 argumentum?
2991 1276 3176 1349 Longa
3192 1280 3308 1348 jam
3338 1276 3553 1336 fessum
3584 1284 3719 1337 mili-

2127 1348 2202 1401 tia
2228 1349 2440 1403 vocatio
2472 1348 2708 1422 etelestis
2744 1350 2967 1421 urgebat
2993 1367 3010 1415 ;
3039 1348 3547 1422 vicinammortem
3582 1369 3715 1422 pra-

2126 1427 2418 1492 senserat;
2487 1419 3327 1492 ad‘aaternap‘iemunerationis
3389 1419 3718 1492 stipendium

2128 1488 2344 1560 animus
2379 1488 2654 1560 cuntfine
2685 1490 2974 1555 tendebat;
3008 1506 3110 1560 pro
3145 1488 3723 1558 ‘relevandis'miseris,

2128 1558 2411 1631 molestam
2432 1558 2541 1631 sibi
2559 1558 3048 1631 peregrinationem
3075 1561 3357 1630 imposuit,
3383 1578 3495 1617 non
3523 1566 3723 1620 verius

2128 1642 2292 1683 senex
2321 1628 2450 1699 juga
2481 1628 2717 1701 Alpium,
2763 1647 2866 1685 non
2909 1633 3099 1687 obvias
3139 1628 3309 1686 moles
3360 1635 3723 1701 torrentium;

2128 1714 2236 1753 non
2262 1697 2493 1772 denique
2520 1697 2683 1771 (quod
2713 1702 3004 1756 maximum
3045 1703 3152 1769 est)
3182 1716 3412 1772 peregre
3443 1706 3587 1758 mori
3610 1697 3715 1759 me;

2130 1778 2287 1826 tuens
2309 1811 2326 1836 ,
2367 1771 2476 1846 imo
2515 1771 2776 1846 quidquid
2813 1787 2934 1827 esse
2959 1781 3140 1842 potest
3164 1773 3219 1827 in
3258 1783 3443 1829 morte
3473 1777 3720 1846 gravissi-

2130 1856 2298 1903 mum,
2326 1841 2739 1911 parvipcndcns.

2203 1912 2324 1967 155.
2366 1911 2752 1984 Sicgeqnidem,
2770 1922 2842 1984 Aut
2873 1928 3018 1981 reor,
3043 1914 3124 1969 sic
3149 1928 3333 1967 rerum
3367 1915 3514 1969 ordo
3540 1931 3715 1984 posce-

2128 1981 2242 2048 bat,
2283 1990 2343 2036 ut
2375 1981 2710 2049 bellatorem,
2753 1982 2990 2058 Christe,
3026 1993 3202 2058 tuum,
3234 1998 3402 2058 quem
3428 1981 3605 2058 Gallia
3633 2005 3715 2058 pa-

2127 2061 2381 2176 gnantem
2409 2063 2711 2136 aspexerat,
2755 2053 2932 2137 Italia.
2956 2053 3233 2124 exciperet
3266 2053 3712 2137 triumphantem.

2182 2122 2274 2176 libi
2310 2137 2439 2176 ergo
2470 2123 2766 2176 nrazltatur.
2808 2125 2934 2176 alibi
2965 2133 3283 2176 coronatur.
3316 2126 3423 2176 Dlll
3447 2130 3712 2176 bra-mob-

2182 2122 2274 2177 libi
2310 2137 2439 2196 ergo
2470 2122 2766 2194 praeliatur,
2808 2125 2934 2196 alibi
2965 2122 3283 2180 coronatur.
3315 2126 3423 2179 Diu
3445 2122 3714 2196 pra-stub-

2132 2201 2266 2259 tum,
2290 2194 2453 2267 tarde
2484 2203 2792 2267 susceptum
2820 2194 3040 2267 Italicus
3062 2196 3211 2250 orbis
3244 2194 3641 2264 amplectitur;
3669 2212 3716 2255 et

2127 2278 2226 2336 per
2253 2264 2658 2336 oblectamenta
2690 2266 3010 2334 imperialia,
3040 2281 3138 2336 per
3176 2268 3541 2322 sacerdotum
3578 2272 3712 2325 obse-

2128 2333 2253 2402 quia
2283 2334 2507 2390 blandas
2545 2336 2661 2391 viro
2699 2333 2925 2389 innectit
2970 2333 3171 2390 moras.
3215 2336 3437 2391 Interea
3483 2336 3715 2394 Christus

2130 2404 2317 2478 adest;
2350 2406 2555 2478 praebet
2580 2407 2724 2478 ituro
2755 2406 3040 2478 viaticum;
3084 2407 3151 2460 ad
3182 2407 3517 2478 angelorum
3556 2411 3713 2478 epulas

2129 2473 2323 2549 invitat
2346 2473 2602 2549 amicum.
2638 2475 2799 2549 Mixta
2829 2476 3061 2549 luctibus
3087 2473 3289 2546 gaudia
3314 2473 3623 2534 indiscrete
3638 2496 3715 2549 per

2128 2544 2304 2620 ampla
2352 2546 2598 2620 feruntur
2633 2546 2863 2616 palatia;
2896 2547 3022 2620 dum
3060 2544 3119 2601 ei
3152 2549 3436 2620 morituro
3466 2544 3712 2620 lacrytius

2131 2612 2407 2688 tribuunt,
2458 2627 2513 2671 et
2551 2612 2896 2688 (quanquam
2950 2612 3176 2685 frustra)
3239 2618 3311 2688 de
3363 2612 3720 2676 baerediiaudo

2130 2686 2273 2758 sacri
2303 2686 2511 2743 funeris
2541 2686 2763 2758 pignore
2788 2688 3067 2757 plaudunt.
3116 2688 3183 2741 Et
3236 2687 3315 2741 illi
3353 2689 3586 2756 quidem
3614 2707 3719 2743 coa-

2130 2755 2329 2810 ﬂabant
2375 2755 2556 2830 talia;
2585 2755 3172 2830 verum“inmutabilis
3201 2755 3439 2830 Arbiter
3476 2763 3719 2830 paeonii-

2131 2838 2360 2897 naverat
2390 2828 2632 2883 meliora.
2660 2827 2961 2883 Germanus
2997 2829 3144 2881 enim
3184 2829 3330 2883 cmlo
3369 2827 3629 2897 spiritum
3654 2848 3722 2885 rt:-

2130 2895 2411 2964 fuudeliat,
2437 2907 2491 2953 et
2529 2900 2709 2953 charis
2736 2899 2943 2954 civibus
2976 2899 3214 2953 salubria
3242 2895 3601 2968 providebat.
3634 2902 3721 2955 ita-

2131 2983 2238 3038 que
2264 2983 2362 3037 pro
2392 2980 2632 3039 tempore
2671 2970 3007 3024 satisfactum
3053 2971 3303 3038 utrisque
3354 2978 3492 3023 est:
3540 2971 3725 3026 Italian

2132 3040 2373 3095 moriens
2418 3040 2725 3103 illustravit,
2774 3039 2979 3095 Gallias
3033 3050 3285 3094 mortuus
3318 3040 3592 3096 visitavit.
3635 3042 3723 3097 Sed

2173 3118 2259 3165 ost
2286 3120 2514 3166 mortem
2542 3126 2648 3167 non
2687 3111 2949 3171 visitaret,
2985 3110 3089 3164 nisi
3114 3118 3169 3164 et
3195 3120 3463 3166 mortuus
3517 3113 3721 3167 viveret.

2191 3182 2305 3245 ivit,
2354 3181 2593 3250 inquam,
2638 3191 2903 3242 mortuus,
2944 3182 3037 3250 qui
3081 3192 3332 3237 mortuos
3375 3183 3723 3238 suscitava

2061 3231 2106 3295 C
2140 3231 2309 3305 atat:
2354 3231 2597 3307 iniimus:
2634 3231 2982 3307 statim:
2996 3231 3185 3306 tam;
3202 3231 3353 3306 asa.
3377 3231 3725 3319 Haases;

2178 3321 2231 3394 ui
2270 3322 2337 3394 (si
2362 3322 2492 3394 prite
2519 3340 2552 3376 a
2593 3323 2753 3377 nobis
2786 3329 3101 3394 veneratur)
3143 3321 3431 3394 obtinebit
3461 3334 3722 3378 κιαι-κω.

2185 3391 2470 3463 ἰάσίςίιυι-
2504 3407 2667 3464 quam
2693 3391 2895 3462 optime
2929 3392 2999 3447 de
3032 3393 3192 3447 nobis
3224 3393 3602 3464 estmeritus,
3626 3396 3725 3464 qui—

2131 3463 2235 3518 bus
2264 3461 2543 3533 tantopere
2566 3461 2737 3517 voluit
2756 3478 2879 3517 esse
2909 3471 3197 3532 patronus.
3234 3461 3343 3517 Cui
3369 3478 3511 3519 cum
3534 3480 3625 3520 vos
3644 3461 3727 3519 de-

2132 3534 2259 3603 bitae
2284 3533 2647 3603 venerationis
2684 3533 2888 3589 cultmn
2930 3533 3268 3603 impenditis,
3323 3549 3565 3589 usuram
3601 3536 3731 3589 vobis

2132 3602 2487 3675 multiplicem
2529 3602 2809 3659 fructuoso
2845 3602 3030 3675 fenore
3074 3605 3448 3675 praeparatis;
3492 3607 3731 3675 quoniam

2131 3688 2231 3744 per
2275 3674 2620 3747 praesentiam
2665 3676 2809 3747 sacri
2844 3674 2962 3747 ejus
3000 3680 3275 3747 corporis
3328 3676 3464 3745 plus
3508 3674 3733 3747 accipitis

2135 3743 2297 3819 quani
2337 3746 2631 3815 praestatis.
2671 3745 2744 3819 De
2772 3743 2927 3813 cuias
2964 3743 3138 3819 gloria
3169 3747 3296 3814 quia
3332 3743 3499 3800 'nilu‘l
3529 3743 3731 3819 digium

2137 3815 2318 3870 dicere
2338 3830 2646 3886 possumus,
2667 3815 2777 3886 jam
2803 3830 2947 3871 nunc
2968 3816 3035 3868 ad
3070 3830 3196 3870 eum
3228 3828 3283 3871 et
3315 3832 3515 3882 voces,
3547 3815 3612 3872 et'
3628 3829 3729 3871 tota

2135 3896 2412 3941 vertamus
2451 3887 2835 3941 :sanctitatem
2872 3887 3011 3956 ejus,
3052 3887 3349 3943 submissis
3405 3889 3633 3954 animis,
3665 3890 3727 3942 ti:-

2134 3958 2329 4012 cundis
2355 3956 2611 4024 precibus
2635 3959 2959 4012 ambiamus.

2207 4028 2325 4082 154.
2371 4027 2677 4098 Memento,
2727 4027 2890 4083 Pater
2940 4026 3429 4098 splendidissime.
3474 4038 3731 4084 mentm

2134 4108 2354 4171 tuorum,
2382 4114 2480 4170 per
2522 4097 2718 4152 satcula
2750 4097 3006 4171 ﬁliorum,
3053 4114 3155 4152 nec
3179 4100 3552 4156 oblivrscatur
3576 4103 3730 4171 gregis

2129 4170 2359 4241 pervigil
2386 4183 2515 4224 cura
2557 4170 2810 4239 pastoris.
2844 4169 3133 4225 Credimus
3160 4178 3211 4224 te
3264 4174 3333 4224 ad
3374 4169 3624 4226 tribunal
3651 4171 3730 4224 λι.

2139 4240 2333 4313 tissimi
2382 4240 2845 4313 incoinquinatum
2896 4240 3158 4313 assistere
3191 4260 3216 4313 :A
3253 4256 3322 4294 ne
3366 4258 3508 4313 ergo
3548 4244 3731 4296 abtum

2138 4311 2486 4381 fragilitatem
2523 4322 2763 4365 nostram
2791 4311 3107 4365 immanium
3142 4311 3461 4367 criminunf
3485 4315 3728 4382 squalori-

2140 4382 2239 4462 bus
2271 4384 2531 4437 relevare.
2560 4382 2723 4462 Potes
2749 4382 2998 4462 etp-tidem
3021 4382 3264 4462 spatium
3293 4384 3464 4438 nobis

2141 4454 2229 4507 tia:
2262 4468 2292 4506 a
2341 4453 2780 4508 mansuetissimo
2802 4451 3023 4524 ’Judice
3047 4451 3371 4523 impetrare,
3412 4451 3511 4524 qui
3558 4455 3727 4524 dign!!!

2143 4524 2361 4579 habitus
2385 4538 2445 4577 es
2472 4525 2526 4577 in
2572 4532 2862 4591 conspectu
2888 4522 3026 4592 Agni
3068 4526 3350 4579 canticum
3391 4522 3596 4580 novum
3616 4522 3727 4579 ean-

2146 4605 2263 4650 tare
2295 4613 2307 4648 :
2336 4602 2563 4666 tantum,
2589 4595 2680 4665 qui
2712 4594 2789 4647 illi
2824 4594 3069 4666 meruisti
3094 4609 3217 4648 esse
3241 4598 3623 4666 pedissequus,
3643 4610 3726 4650 uo-

2140 4668 2223 4721 bis
2254 4665 2492 4737 digneris
2523 4662 2640 4737 esse
2682 4673 2959 4737 patronus,
2992 4662 3338 4730 Orationum,
3377 4662 3526 4736 quas
3559 4669 3620 4720 ad
3650 4682 3721 4719 ω

2138 4733 2390 4807 pulcrum
2419 4746 2566 4788 tuum
2590 4733 2907 4807 fundimus,
2930 4735 3222 4807 interpres
3255 4733 3595 4791 ante—Deum
3621 4747 3724 4790 esto

2140 4804 2437 4862 ﬁdissimus
2469 4823 2482 4859 :
2512 4806 2601 4874 qui
2629 4807 2785 4877 nobis
2806 4804 3059 4859 exstitisti
3087 4808 3511 4861 strenuissimus
3550 4810 3725 4877 prati.

2139 4887 2313 4941 catur,
2355 4887 2473 4931 esto
2521 4875 2871 4930 nihilominus
2916 4891 3014 4944 pro
3081 4878 3289 4931 nostris
3334 4875 3726 4931 calamitatum

2139 4948 2608 5042 cieuientisstmnis
2621 4944 2985 5042 (fragatur.
3002 4945 3175 5042 [nosce
3201 4949 3601 5042 correctionem
3628 4962 3727 5027 iuo-

2139 5020 2288 5042 _:|..-4-
2341 5017 2780 5042 In...§n--:.I:IA.n-5\
2808 5017 3137 5042 IAI‘\-\nI-:l\--n
3186 5027 3503 5042 Anna-"unus-
3531 5020 3644 5042 “Aps:

3186 5033 3339 5042 anno.
3352 5034 3503 5042 ,ηδ-.--κς
3531 5033 3723 5042 “HQ-“ad
