4198 6540
576 399 629 449 Η
1576 394 2096 454 THEOPHYLACTI
2135 390 2492 447 BULGARUE
2530 391 2849 446 ARCHIEP.
3796 405 3862 455 42

573 517 783 574 dictum
811 525 913 586 est,
949 525 1066 573 erat
1105 518 1292 574 Mariae
1329 526 1384 574 et
1416 519 1520 575 Dei
1547 522 1732 577 Filius.
1769 522 1933 590 «Qui
1973 527 2139 575 auten

2275 515 2581 594 φαινόμενος
2615 516 2914 596 ἄνθρωπος,
2949 518 2976 574 6
3003 517 3158 584 αὐτὸς
3181 507 3245 589 ἧν
3280 519 3369 577 καὶ
3409 519 3533 589 Υἱὸς
3558 526 3654 580 τοῦ
3685 524 3867 597 Θεοῦ,

569 608 837 677 sequitur,
865 607 1066 678 inquit,
1091 623 1203 675 me,
1227 609 1400 679 616
1425 625 1537 664 non
1574 609 1876 666 ambulabit
1904 610 1960 664 in
2015 617 2168 663 tene-

568 695 707 763 bris,
738 719 764 744 »
805 696 910 751 hoc
945 704 1047 764 est,
1081 713 1197 752 non
1226 698 1471 752 manebit
1512 698 1566 753 in
1596 714 1800 764 errore,
1833 697 1933 752 sed
1968 697 2166 752 libera-

569 783 722 839 bitur
757 785 828 840 ab
874 800 1060 841 errore
1096 794 1152 840 et
1171 787 1437 843 tenebris.
1465 789 1677 844 Interea
1699 796 1754 843 et
1797 785 2160 842 Nicodemum

569 872 777 939 laudat,
801 881 856 928 et
875 873 1158 930 ministros
1169 875 1319 947 quod
1335 884 1451 931 tam
1482 878 1651 932 libere
1663 877 1945 943 dixissent,
1966 889 2165 944 nempe

570 961 721 1033 quod
750 963 805 1017 in
846 962 965 1018 luce
1017 970 1222 1019 essent.
1269 967 1555 1021 Taxantur
1579 975 1765 1021 autem
1790 973 1848 1021 et
1875 961 2160 1029 Pharisaai,

564 1050 713 1122 quod
748 1052 809 1106 in
851 1067 1037 1110 errore
1083 1061 1140 1110 et
1181 1055 1425 1112 tenebris
1470 1064 1673 1124 essent,
1703 1065 1760 1112 et
1801 1055 1946 1111 clam
1998 1052 2158 1110 dolos

568 1147 870 1196 struerent.

2274 605 2364 663 καὶ
2397 609 2505 686 φῶς
2548 610 2638 664 τοῦ
2671 605 2889 681 κόσμου’
2936 607 3036 686 οὐχ
3083 606 3264 688 ὥσπερ
3318 609 3603 690 Νεστόριος
3641 613 3820 693 ἐλήρει
3855 661 3871 688 ,

2273 693 2355 752 ὅτι
2406 697 2455 752 ἐν
2508 697 2584 774 τῷ
2620 695 2879 775 ἀνθρώπῳ
2928 700 3002 776 τῷ
3046 699 3186 777 ψιλῷ
3232 695 3464 778 κατῴκει
3514 703 3540 758 6
3592 702 3722 768 Υἱὸς
3776 709 3866 762 τοῦ

2273 785 2450 859 Θεοῦ,
2499 783 2671 862 ἄπαγε
2689 786 2704 848 ,Ξ
2759 777 2831 851 εἷς
2883 785 3019 865 γὰρ,
3069 783 3252 866 ὥσπερ
3299 777 3540 868 εἴρηται,
3587 781 3652 867 ἧν
3697 794 3725 848 6
3777 797 3870 864 τῆς

2271 871 2485 952 Μαρίας
2517 873 2609 930 καὶ
2633 879 2722 930 τοῦ
2756 875 2896 933 Θεοῦ
2930 873 3078 942 Υἱός.
3116 903 3140 926 ‹‹
3182 874 3251 936 c0
3285 876 3338 934 δὲ
3377 880 3713 959 ἀκολουθῶν,
3748 905 3862 962 φη-

2272 961 2352 1020 σὶν
2379 1008 2395 1033 ,
2433 962 2584 1040 ἐμοὶ,
2627 964 2684 1020 οὖ
2716 963 2791 1038 μὴ
2822 963 3179 1040 περιπατήσει
3217 968 3270 1024 ἐν
3299 971 3365 1046 τῇ
3416 969 3602 1048 σκοτίᾳ
3627 1019 3641 1046 ,
3684 997 3707 1022 ι
3740 961 3872 1031 του-

2269 1049 2474 1122 τέστιν,
2512 1054 2568 1110 οὖ
2601 1053 2746 1128 μενεῖ
2790 1056 2842 1112 ἐν
2994 1053 3205 1134 πλάνῃ,
3267 1057 3387 1114 ἀλλ’
3420 1059 3871 1137 ἀπαλλαγήσεται

2267 1142 2362 1211 τῆς
2391 1138 2596 1210 πλάνης
2628 1141 2719 1199 καὶ
2749 1146 2842 1200 τοῦ
2891 1141 3125 1209 σκότους.
3173 1141 3320 1219 Ἅμα
3358 1143 3410 1203 δὲ
3447 1145 3539 1204 καὶ
3569 1147 3658 1206 τὸν
3706 1150 3870 1209 Νικό-

563 1229 730 1305 δημον
762 1231 999 1308 ἐπαινεῖ,
1041 1232 1133 1291 καὶ
1178 1231 1297 1300 τοὺς
1338 1232 1603 1310 ὑπηρέτας
1641 1237 1712 1301 ὥς
1757 1223 2360 1312 πεπαρῤησιασμένους,
2400 1229 2492 1285 καὶ
2538 1227 2623 1285 διὰ
2666 1234 2821 1289 τοῦτο
2856 1234 2906 1288 ἐν
2953 1235 3028 1310 τῷ
3063 1231 3198 1311 φωτὶ
3237 1233 3412 1302 ὄντας.
3466 1236 3770 1296 Αἷνίττεται
3815 1240 3870 1300 δὲ

561 1319 654 1376 καὶ
685 1318 803 1388 τοὺς
839 1321 1174 1402 Φαρισαίους
1225 1325 1277 1380 ἐν
1308 1328 1375 1403 τῇ
1406 1323 1583 1401 πλάνῃ
1632 1321 1723 1381 καὶ
1766 1325 1843 1401 τῷ
1890 1320 2068 1380 σκότει
2091 1319 2246 1384 ὄντας
2265 1360 2281 1389 ,
2317 1316 2408 1374 καὶ
2440 1321 2613 1403 κρυφῆ
2633 1315 2755 1403 τοὺς
2783 1319 2962 1386 δόλους
2993 1323 3304 1386 πλέκονταςο

634 1419 811 1474 Vsus.
843 1425 928 1489 13,
965 1425 1048 1476 14.
1083 1441 1108 1468 ει
1130 1421 1402 1476 Dixerunt
1424 1436 1553 1493 ergo
1578 1420 1630 1475 ei
1650 1418 1948 1475 Pharisaei:
1981 1421 2064 1474 Tu
2088 1418 2159 1473 de

559 1504 734 1577 teipso
785 1507 1018 1577 testaris,
1075 1509 1452 1565 testimonium
1492 1519 1651 1565 tuum
1697 1525 1807 1565 non
1837 1517 1923 1564 est
1950 1522 2158 1563 verum.

558 1595 869 1666 Respondit
891 1599 1054 1653 Jesus
1084 1606 1140 1654 et
1170 1598 1313 1654 dixit
1342 1598 1418 1654 eis
1453 1601 1556 1654 :Et
1582 1598 1625 1654 si
1645 1614 1745 1669 ego
1773 1597 2162 1653 testimonium

559 1682 877 1753 perhibeam
895 1686 964 1741 de
989 1687 1216 1759 meipso,
1239 1703 1428 1744 verum
1440 1695 1524 1743 est
1540 1687 1922 1743 testimonium
1940 1701 2153 1753 meum,

559 1773 687 1843 quia
716 1775 830 1830 scio
874 1776 1018 1831 unde
1043 1778 1188 1844 veni,
1236 1786 1291 1832 et
1319 1793 1428 1848 quo
1470 1776 1641 1845 vado;
1694 1793 1790 1832 vos
1839 1785 2027 1832 autem
2054 1791 2154 1831 ne-

2350 1432 2374 1460 a
2405 1396 2572 1467 Εἶπον
2604 1396 2692 1465 οὖν
2727 1410 2870 1488 αὐτῷ
2901 1410 2949 1466 οἱ
3003 1412 3320 1490 Φαρισαῖοι·
3366 1411 3446 1472 Σὺ
3475 1416 3595 1492 περὶ
3627 1425 3851 1478 σεαυτοῦ

2272 1497 2572 1576 μαρτυρεῖς
2625 1502 2652 1569 ἡ
2700 1497 2964 1574 μαρτυρία
2995 1522 3086 1557 σου
3119 1503 3213 1558 οὐκ
3248 1499 3390 1559 ἔστιν
3437 1503 3658 1576 ἀληθής.
3707 1505 3860 1566 Ἄπε-

2269 1586 2423 1663 κρίθη
2455 1587 2686 1660 Ἰησοῦς,
2734 1585 2828 1646 καὶ
2867 1577 3012 1645 εἶπεν
3045 1592 3238 1657 αὐτοῖς.
3295 1590 3409 1650 Κᾶν
3449 1591 3553 1671 ἐγὼ
3604 1601 3860 1677 μαρτυρῶ

2270 1675 2392 1762 περὶ
2435 1679 2694 1762 ἐμαυτοῦ,
2740 1677 2940 1748 ἀληθής
2981 1679 3122 1736 ἐστιν
3176 1683 3209 1751 ἡ
3266 1682 3532 1762 μαρτυρία
3589 1708 3726 1759 μου,
3781 1675 3861 1745 ὅτι

2260 1753 2380 1822 οῖδα
2433 1764 2588 1824 πόθεν
2635 1756 2831 1840 ἦλθον,
2879 1767 2971 1824 καὶ
3028 1775 3130 1827 ποῦ
3178 1753 3388 1846 ὑπάγω·
3445 1753 3599 1847 ῖιμεῖς
3653 1753 3720 1830 δὲ⁷
3764 1777 3860 1835 οὐκ

554 1862 706 1918 scitis
734 1863 877 1919 unde
900 1865 1077 1933 venio,
1111 1873 1164 1920 et
1179 1882 1286 1937 quo
1307 1865 1465 1922 vado.
1494 1891 1518 1914 ιι
1549 1867 1687 1935 Quia
1708 1866 1940 1934 dixerat,
1977 1888 2002 1914 α
2035 1868 2139 1936 Egc

2263 1852 2478 1947 οἷδατε,
2515 1853 2672 1913 πόθεν
2705 1854 2974 1935 ἔρχομαι,
3016 1857 3108 1914 καὶ
3152 1863 3252 1915 ποῦ
3299 1859 3509 1938 ὑπάγω.
3559 1885 3589 1916 ι)
3626 1861 3855 1937 Ἐπειδὴ

550 1965 675 2006 sum
705 1951 792 2008 lux
816 1955 1030 2022 mundi,
1063 1977 1088 2003 ι»
1121 1955 1488 2010 criminantur
1519 1971 1652 2011 eum
1681 1957 1842 2027 quasi
1881 1955 1947 2012 de
1971 1955 2148 2026 seipso

550 2047 862 2097 testaretur.
880 2045 928 2098 Ο
947 2043 1348 2114 insipientiam!
1383 2049 1507 2115 Ipse
1536 2061 1752 2101 sursum
1778 2045 2149 2115 deorsumque

551 2131 862 2201 Scripturas
889 2132 1082 2197 trahit,
1113 2149 1234 2203 quae
1280 2141 1546 2189 testentur
1583 2136 1650 2190 de
1692 2135 1898 2206 seipso,
1935 2123 1990 2189 ét
2042 2134 2149 2204 ipsi

551 2228 791 2290 arguunt
832 2237 961 2276 eum
989 2222 1144 2293 quasi
1173 2223 1241 2278 de
1269 2238 1326 2278 se
1343 2231 1657 2279 testaretur.
1705 2223 1838 2279 Ideo
1890 2223 1961 2279 ad
1998 2222 2147 2278 mali-

549 2309 818 2380 gnitatem
845 2310 1090 2381 ipsorum
1134 2311 1304 2368 etiam
1327 2312 1628 2384 respondet
1656 2313 1766 2368 illis
1799 2335 1810 2368 :
1842 2316 1998 2380 Esto,
2027 2313 2144 2384 ipse

546 2396 615 2454 de
661 2415 752 2454 me
795 2407 982 2467 tester,
1013 2403 1258 2472 quamvis
1315 2402 1424 2458 hoc
1473 2418 1587 2458 non
1612 2401 1846 2471 faciam,
1888 2401 1988 2458 sed
2034 2411 2144 2457 tres

545 2486 778 2544 habeam
801 2497 988 2557 testes,
1022 2493 1247 2546 Patrum
1275 2507 1487 2559 meum,
1511 2500 1566 2548 et
1593 2508 1780 2565 opera,
1812 2509 1876 2548 ac
1897 2493 2141 2564 Scriptu-

542 2591 649 2645 ras,
681 2577 824 2633 sicut
853 2587 908 2634 et
948 2595 1115 2650 supra
1144 2580 1356 2637 dictum
1400 2589 1521 2651 est;
1574 2590 1818 2638 attamen
1872 2597 2142 2655 ponamus

539 2666 687 2737 quod
710 2666 826 2739 ipse
849 2667 917 2723 de
940 2685 1031 2724 me
1060 2679 1246 2739 tester,
1270 2671 1435 2743 igitur
1456 2671 1579 2727 licet
1596 2672 1765 2728 etiam
1779 2688 1879 2744 ego
1896 2671 2139 2742 mihiipsi

537 2762 784 2823 testarer,
818 2775 848 2809 ι(
875 2758 1258 2814 testimonium
1289 2775 1480 2815 meum
1527 2769 1671 2816 esset
1699 2777 1912 2829 verum,
1949 2784 1973 2810 υ
2009 2761 2138 2832 quia

536 2843 653 2899 scio
679 2860 768 2900 me
810 2861 929 2901 esse
964 2847 1172 2902 Filium
1202 2848 1328 2915 Dei,
1359 2857 1412 2904 et
1447 2864 1562 2904 non
1592 2848 1879 2904 hominem
1912 2865 2130 2920 purum,

536 2932 635 2988 sed
672 2948 908 3004 superne
940 2935 1253 2991 venientem
1282 2943 1339 2991 et
1393 2939 1595 2992 Deum.
1630 2937 1926 3006 Quomodo
1969 2937 2134 3008 igitur

534 3023 766 3078 mendax
807 3024 911 3079 erit
953 3024 1340 3080 testimonium
1396 3042 1603 3093 meum,
1635 3043 1760 3082 cum
1815 3029 1964 3082 Deus
2001 3027 2129 3097 sim,

533 3119 587 3166 et
610 3119 896 3182 prOpterea
923 3113 1221 3186 dignuscui
1248 3114 1536 3172 credatur?
1557 3117 1700 3171 Nam
1719 3117 1952 3171 omnino
1977 3119 2131 3171 Deus

2262 1932 2446 2018 εἶπεν,
2493 1943 2620 2002 grta
2655 1944 2804 2024 Ἐγώ
2857 1947 2967 2020 εἷμι
3014 1946 3073 2004 τὸ
3121 1952 3229 2027 φῶς
3282 1954 3375 2006 τοῦ
3424 1950 3670 2022 κόσμου,
3709 1978 3733 2006 ι
3768 1958 3857 2012 αἷ-

2259 2037 2474 2092 τιῶνται
2501 2033 2658 2092 αὐτὸν
2698 2038 2768 2101 ὡς
2814 2037 2938 2114 περὶ
2973 2039 3159 2095 ἑαυτοῦ
3183 2036 3185 2038 ’
3207 2043 3600 2117 μαρτυροῦντα.
3648 2041 3730 2101 Ὢ
3763 2047 3863 2116 τῆς

2257 2121 2469 2190 ἀνοίαςὲ
2505 2123 2680 2190 Αὐτὸς
2719 2123 2831 2181 ἄνω
2862 2123 2954 2182 καὶ
2986 2122 3137 2184 κάτω
3163 2125 3254 2192 τὰς
3295 2127 3512 2206 Γραφὰς
3544 2120 3689 2190 εἷλκε
3723 2156 3858 2212 μαρ-

2255 2213 2507 2290 τυρούσας
2558 2213 2679 2290 περὶ
2722 2215 2952 2286 ἑαυτοῦ,
3016 2215 3107 2272 καὶ
3169 2215 3316 2274 αὐτοὶ
3361 2221 3638 2276 αἰτιῶνται
3696 2223 3856 2282 αὐτὸν

2252 2303 2322 2368 ὣς
2351 2301 2471 2381 περὶ
2507 2306 2692 2360 ἑαυτοῦ
2741 2308 3136 2382 μαρτυροῦντα’
3186 2304 3264 2362 διὸ
3313 2305 3441 2385 πρὸς
3491 2306 3587 2377 τὴν
3627 2333 3858 2391 κακουρ-

2251 2390 2372 2470 γίαν
2396 2392 2569 2448 αὐτῶν
2602 2393 2693 2450 καὶ
2722 2393 2874 2459 αὐτὸς
2911 2393 3088 2458 αὐτοῖς
3122 2393 3494 2472 ἀποκρίνεται,
3529 2395 3606 2454 ὅτι
3636 2390 3850 2475 Ἔστω,

2251 2481 2406 2547 αὐτὸς
2461 2480 2582 2559 περὶ
2618 2483 2848 2559 ἐμαυτοῦ
2895 2486 3187 2562 μαρτυρῶ,
3238 2485 3411 2542 καίτοι
3460 2509 3518 2561 γε
3571 2485 3646 2562 μὴ
3697 2496 3855 2549 τοῦτο

2247 2572 2444 2643 ποιῶν,
2477 2569 2615 2629 ἀλλὰ
2645 2573 2782 2651 τρεῖς
2811 2569 2951 2650 ἔχων
3003 2573 3307 2652 μάρτυρας,
3342 2573 3430 2631 τὸν
3457 2575 3677 2655 Πατέρα
3708 2602 3846 2659 μου,

2247 2659 2338 2747 καὶ
2365 2659 2434 2718 τὰ
2464 2660 2625 2738 ἔργα,
2662 2661 2753 2718 καὶ
2781 2659 2875 2726 τὰς
2905 2661 3120 2741 Γραφὰς
3140 2707 3156 2734 ,
3189 2661 3321 2720 καθὸ
3367 2661 3430 2732 δὴ
3473 2663 3563 2721 καὶ
3596 2667 3850 2747 ἀνωτέρω

2245 2746 2470 2826 εἴρηταιο
2503 2748 2646 2824 ὅμως
2682 2754 2902 2837 θῶμεν,
2946 2747 3026 2806 ὅτι
3059 2749 3208 2816 αὐτὸς
3251 2750 3373 2828 περὶ
3422 2753 3653 2826 ἐμαυτοῦ
3699 2746 3842 2837 μαρ-

2243 2840 2408 2915 τυρῶ.
2448 2866 2472 2889 ιι
2507 2836 2623 2897 Κᾶν
2654 2830 2741 2896 οὖν
2775 2835 2879 2916 ἐγὼ
2911 2839 3130 2925 ἐμαυτέῖ)
3165 2843 3452 2919 μαρτυρῶ,
3501 2846 3534 2912 ἡ
3565 2830 3839 2925 μαρτυρία

2247 2947 2350 3000 μου
2402 2925 2606 2997 ἀληθής
2664 2928 2808 2996 ἐστι,
2859 2925 2989 2985 διότι
3051 2917 3206 2999 οἶδα,
3260 2926 3338 2986 ὅτι
3391 2935 3480 2988 τοῦ
3529 2933 3672 2990 Θεοῦ
3721 2917 3836 3012 εἶμι

2241 3015 2403 3093 Υἱὸς,
2444 3014 2536 3073 καὶ⁵
2581 3017 2678 3073 οὖκ
2709 3016 3000 3102 ἄνθρωπος
3012 3016 3195 3096 ψιλὸς,
3245 3019 3366 3074 ἀλλ’
3417 3019 3618 3080 ἄνωθεν
3670 3025 3834 3102 ἐρχό-

2239 3128 2391 3178 μενος
2420 3105 2511 3163 καὶ
2555 3105 2712 3172 Θεός.
2769 3109 2897 3173 Πῶς
2941 3096 3029 3164 οἷν
3063 3107 3258 3186 ψευδὴς
3285 3108 3436 3167 ἔσται
3476 3113 3508 3181 ἡ
3563 3096 3836 3191 μαρτῦρία

527 3200 737 3271 sibiipsi
775 3202 927 3258 testis
956 3204 1198 3259 maxime
1230 3203 1464 3260 idoneus
1485 3214 1601 3272 est;
1632 3205 1731 3261 sed
1759 3215 1813 3260 et
1841 3206 2026 3261 volens
2045 3205 2128 3262 ire

2378 3169 2386 3171 ι
2678 3169 2686 3172 -
2883 3169 2894 3173 -
3078 3169 3088 3186 ,
3221 3169 3257 3177 ,,
3497 3169 3508 3181 ,
3563 3169 3572 3184 ,
3645 3169 3655 3191 ι
3745 3169 3829 3191 rm

2250 3216 2341 3251 .LOU
2371 3196 2512 3253 Θεοῦ
2567 3196 2746 3267 ὄντος,
2797 3195 2887 3253 καὶ
2922 3194 3006 3252 διὰ
3053 3201 3209 3255 τοῦτο
3257 3195 3403 3264 ἀξίου
3449 3199 3829 3274 πιστεύεσθαι;

525 3289 598 3346 ad
635 3293 818 3346 Deum
853 3308 1068 3362 verum,
1110 3297 1395 3366 quomodo
1422 3295 1692 3352 mentirer
1721 3294 1794 3352 ad
1820 3311 1936 3351 non
1961 3311 2124 3352 men-

2250 3283 2462 3351 Πάντως
2501 3283 2602 3364 γὰρ
2635 3288 2661 3342 6
2692 3284 2828 3351 Θεὸς
2858 3282 3159 3351 ἀξιόπιστος
3189 3288 3360 3366 ἑαυτῷ
3409 3288 3628 3364 μάρτυς.
3668 3288 3834 3350 Ἀλλὰ

528 3377 722 3436 dacem
771 3381 1037 3438 abiturus.

2250 3373 2327 3432 cal
2364 3374 2491 3452 πρὸς
2525 3374 2662 3433 Θεὸν
2697 3376 2904 3450 μέλλων
2945 3376 3192 3433 ἀπελθεῖν
3235 3374 3321 3432 τὸν
3369 3378 3539 3448 ἀληθῆ
3562 3422 3577 3445 ,
3615 3381 3727 3446 πῶς
3758 3380 3827 3439 ἂν

2231 3463 2522 3543 ψευδοίμην
2553 3463 2685 3542 πρὸς
2716 3462 2803 3521 τὸν
2831 3465 3003 3541 ἀληθῇ
3041 3465 3250 3538 μέλλων
3290 3468 3572 3540 ἀπελθεῖν;

2310 3580 2334 3606 α
2381 3551 2566 3628 ’Υμεῐς
2589 3552 2727 3611 κατὰ
2757 3550 2852 3624 τὴν
2887 3552 3061 3630 σάρκα
3105 3553 3308 3631 κρίνετε
3330 3600 3346 3630 ,
3393 3553 3497 3630 ἐγὼ
3529 3555 3692 3637 κρίνω
3734 3559 3826 3616 οὗ·

2228 3641 2370 3702 δένα.
2428 3642 2538 3702 Καὶ
2587 3642 2675 3701 ἐὰν
2723 3641 2885 3721 κρίνω
2923 3639 3047 3720 ἐγὼ,
3094 3646 3127 3712 ἡ
3162 3641 3334 3722 κρίσις
3383 3648 3415 3715 ἡ
3469 3645 3570 3720 ἐμὴ
3624 3649 3830 3721 ἀληθής

2225 3733 2396 3807 ἐστιν,
2429 3731 2507 3790 ὅτι
2558 3731 2711 3808 μόνος
2755 3733 2848 3788 οὐκ
2879 3729 3015 3808 ἐγὼ,
3058 3731 3174 3789 ἀλλ’
3207 3730 3344 3809 ἐγὼ,
3390 3733 3481 3792 καὶ
3531 3738 3558 3792 6
3608 3737 3828 3817 πέμψας

2226 3845 2292 3897 με
2323 3821 2537 3902 Πατήρ.
2575 3848 2596 3873 »ι
2626 3819 2774 3898 Ἐγὼ
2807 3821 2936 3898 μὲν,
2971 3822 3138 3901 φησὶ,
3181 3823 3316 3889 Θεὸς
3347 3819 3450 3895 ὢν,
3488 3821 3580 3881 καὶ
3624 3824 3823 3884 ἄνωθεν

2222 3911 2420 3984 ἐλθὼν,
2453 3916 2625 3983 ἀληθῆ
2670 3911 2791 3990 περὶ
2834 3911 3068 3987 ἐμαυτοῦ
3119 3915 3392 3991 μαρτυρῶ·
3425 3914 3574 3987 ὑμεῖς
3604 3914 3657 3972 δὲ
3691 3916 3824 3995 πρὸς

2219 3999 2280 4056 τὸ
2333 4001 2648 4081 φαινόμενον
2718 3999 2875 4077 μόνον
2935 3999 3352 4073 ἀποϐλέποντες,
3421 4002 3512 4060 καὶ
3574 4002 3706 4060 διότι
3763 4007 3819 4063 ἐν

2220 4089 2381 4168 σαρκί
2430 4092 2572 4165 εἶμι,
2621 4089 2796 4168 σάρκα
2846 4090 3008 4170 ψιλήν
3061 4113 3125 4164 με
3191 4090 3639 4166 ὑπολαμϐάνετε,
3689 4095 3814 4153 ἀλλ’

2217 4178 2336 4258 οὐχὶ
2369 4178 2460 4237 καὶ
2489 4179 2659 4252 Θεὸν,
2688 4178 2780 4237 καὶ
2826 4181 2884 4237 ἐκ
2914 4181 3056 4239 Θεοῦ
3115 4179 3352 4242 ἐλθόντα.
3390 4207 3412 4230 α
3449 4179 3608 4239 Κατὰ
3635 4181 3811 4263 σάρκα

594 3561 776 3618 Vens.
811 3567 899 3631 15,
932 3569 1012 3619 l6.
1045 3585 1071 3613 α
1107 3565 1220 3620 Vos
1244 3563 1549 3620 secundum
1590 3580 1813 3620 carnem
1838 3564 2117 3637 judicatis,

520 3665 623 3721 ego
651 3667 761 3706 non
767 3651 956 3724 judico
980 3668 1340 3725 quemquam.
1375 3657 1546 3709 Porro
1574 3663 1630 3709 et
1653 3654 1960 3726 sijudicem
1990 3671 2112 3728 ego,

508 3739 784 3811 judicium
828 3757 1014 3797 meum
1069 3759 1263 3798 verum
1310 3751 1412 3810 est,
1451 3745 1583 3815 quia
1613 3744 1765 3800 solus
1804 3761 1920 3799 non
1967 3762 2112 3814 sum,

513 3827 610 3885 sed
635 3846 755 3902 ego,
805 3841 859 3886 et
885 3833 978 3902 qui
1026 3832 1174 3888 misit
1202 3849 1289 3888 me
1316 3835 1495 3888 Pater.
1533 3856 1558 3881 υ
1593 3836 1710 3906 Ego
1745 3834 1994 3905 quidem,
2026 3834 2112 3888 in-

510 3919 648 3988 quit,
688 3935 817 3974 cum
864 3924 1013 3975 Deus
1061 3923 1186 3986 sim,
1219 3929 1276 3976 et
1312 3937 1342 3976 e
1385 3922 1636 3992 supernis
1681 3925 1946 3992 venerim,
1981 3939 2110 3979 vera

509 4005 578 4062 de
609 4007 819 4078 meipso
857 4015 1064 4075 testor;
1094 4025 1192 4064 vos
1232 4011 1415 4065 solum
1438 4010 1698 4082 spectatis
1725 4010 1793 4065 ad
1832 4011 1938 4066 hoc
1961 4011 2109 4083 quod

509 4104 776 4166 apparet:
831 4104 884 4153 et
913 4097 1043 4168 quia
1091 4098 1146 4152 in
1197 4113 1361 4153 carne
1413 4113 1561 4166 sum,
1619 4115 1845 4154 carnem
1893 4116 2107 4156 meram

509 4199 601 4238 me
622 4199 740 4240 esse
777 4185 1160 4256 suspicamini,
1194 4194 1251 4242 et
1278 4203 1390 4242 non
1417 4188 1584 4243 etiam
1613 4191 1814 4253 Deum,
1845 4205 1909 4244 ac
1929 4205 1957 4244 a
1989 4193 2104 4247 Deo

508 4273 722 4327 venisse
755 4292 769 4330 :
807 4293 836 4326 ι(
865 4275 1170 4330 secundum
1201 4292 1422 4332 carnem
1461 4277 1746 4348 judicatis,
1782 4301 1806 4327 n
1850 4277 1957 4334 hoc
1998 4289 2099 4349 est,

2255 4268 2439 4347 ρίνετε⁶
2479 4297 2502 4321 ιο
2554 4267 2826 4327 τουτέστιν
2878 4270 3185 4348 ἐπισφαλῶς
3247 4267 3464 4349 ’Ὠσπερ
3513 4269 3614 4351 γὰρ
3675 4275 3701 4329 6
3758 4277 3814 4333 ἐν

505 4363 828 4434 periculose.
873 4367 1015 4420 Nam
1059 4365 1201 4421 sicut
1243 4366 1335 4439 qui
1365 4367 1422 4422 in
1481 4383 1643 4423 carne
1672 4368 1822 4435 vivit,
1855 4368 2101 4440 improbe

2250 4358 2372 4435 αρκὶ
2416 4361 2545 4432 ζῶν,
2589 4357 2802 4439 φαύλως
2858 4357 3071 4436 λέγεται
3121 4361 3236 4438 ζῆν’
3289 4359 3426 4418 οὕτω
3473 4359 3562 4417 καὶ
3606 4363 3633 4417 6
3672 4361 3811 4421 κατὰ

502 4450 684 4508 vivere
709 4452 940 4524 dicitur;
973 4454 1043 4509 ita
1074 4464 1129 4511 et
1153 4456 1245 4528 qui
1294 4455 1595 4512 secundum
1622 4473 1848 4514 carnem
1868 4458 2096 4530 judicat,
2127 4485 2139 4548 ]

2250 4446 2379 4528 άρκα
2439 4447 2664 4527 κρίνων,
2716 4447 2908 4513 ἀδίκως
2967 4447 3159 4526 κρίνων
3214 4447 3278 4504 ἂν
3340 4448 3571 4527 λεχθείη.
3667 4440 3804 4508 Εἶτα

501 4540 700 4611 injuste
719 4542 968 4614 judicare
1017 4543 1198 4600 dictus
1231 4553 1330 4600 est.
1369 4545 1579 4602 Deinde
1625 4547 2096 4618 quemadmodum
2127 4535 2139 4548 ³

2253 4559 2386 4618 σπερ
2429 4537 2566 4605 τινὸς
2611 4536 2866 4603 εἰπόντος·
2919 4535 2981 4592 Εἰ
3014 4537 3204 4602 ἀδίκως
3250 4535 3496 4616 κρίνομεν
3549 4541 3702 4613 ἡμεῖς
3755 4543 3801 4598 οἱ

499 4626 728 4685 dixisset
768 4631 1064 4703 quispiam,
1090 4634 1146 4688 Si
1166 4649 1270 4690 nos
1308 4633 1821 4707 Judaaijudicamus
1867 4635 2091 4707 injuste,

2252 4628 2481 4698 ουδαῖοι,
2509 4625 2595 4684 διὰ
2625 4626 2677 4683 τί
2704 4626 2780 4702 μή
2805 4626 3076 4696 κολάζεις,
3108 4626 3194 4683 διὰ
3225 4625 3276 4684 τί
3302 4627 3378 4703 μὴ
3419 4627 3794 4705 κατακρίνεις;

497 4731 673 4788 quare
697 4735 810 4774 non
834 4721 1020 4792 punis,
1057 4737 1172 4778 non
1221 4722 1608 4779 condemnas?
1634 4724 1766 4781 dicit
1801 4743 1815 4780 :
1865 4729 1990 4781 Non
2024 4725 2094 4783 ad

2250 4716 2394 4788 nolv,
2429 4716 2508 4774 ὅτι
2539 4718 2656 4776 Οὐκ
2687 4715 2773 4773 ἐπὶ
2817 4715 2987 4794 τούτῳ
3022 4707 3180 4787 ἦλθον
3211 4714 3300 4774 ἵνα
3339 4715 3524 4796 κρίνω.
3595 4745 3618 4767 α
3651 4716 3799 4794 Ἐγὼ

493 4803 602 4861 hoc
613 4808 758 4873 veni,
774 4809 1124 4882 utjudicem;
1142 4816 1303 4883 «Ego
1319 4813 1468 4868 enim
1487 4813 1701 4869 nullum
1717 4815 2088 4887 nuncjudico;

2250 4806 2302 4885 lup
2350 4806 2536 4863 οὐδένα
2585 4805 2746 4884 κρίνω
2777 4809 2887 4862 νῦν·
2933 4805 3024 4862 καὶ
3072 4803 3162 4862 ἐὰν
3197 4806 3358 4884 κρίνω
3399 4805 3488 4878 δὲ,
3537 4810 3570 4876 ἡ
3626 4806 3795 4887 κρίσις

490 4902 548 4950 et
574 4897 622 4951 si
649 4896 903 4967 iudicem,
919 4899 1192 4971 judicium
1231 4917 1418 4960 meum
1450 4918 1648 4960 verum
1665 4913 1768 4960 est.
1802 4927 1827 4954 ιι
1865 4905 2088 4962 Etenim

2250 4917 2301 4952 ου
2351 4893 2549 4966 ἀληθής
2596 4897 2726 4954 ἐστι.
2776 4919 2798 4944 ιο
2846 4892 2956 4952 Καὶ
3004 4893 3106 4972 γὰρ
3158 4893 3668 4970 καταδεδικασμένοι
3721 4895 3784 4954 ἂν

487 4985 841 5046 condemnati
902 4990 1111 5064 essetis,
1155 4987 1430 5064 siquidem
1477 4992 1771 5050 voluissem
1810 4994 2081 5066 judicare,

2250 5008 2322 5061 τε,
2369 4983 2514 5062 εἴγε
2563 4983 2796 5055 ἠθέλησα
2842 4985 3038 5062 κρῖναι.
3094 4984 3208 5042 Νῦν
3257 4982 3312 5039 δὲ
3363 4983 3645 5062 ἐκφεύγετε
3697 4984 3793 5056 τὴν

483 5088 634 5130 nunc
651 5084 841 5132 autem
864 5078 1273 5136 damnationem
1298 5081 1499 5154 fugitis,
1533 5099 1643 5138 non
1674 5084 1796 5155 quia
1819 5083 2083 5140 damnare

2250 5075 2542 5153 ιτάκρισιν,
2597 5076 2655 5131 οὗ
2730 5071 2862 5130 διότι
2919 5073 3162 5129 ἀδυνατῶ
3221 5074 3356 5149 ὓμᾶς
3425 5081 3782 5153 κατακρῐναι,

481 5177 579 5218 vos
603 5180 716 5220 non
753 5167 960 5222 valeam
979 5171 1078 5235 (a),
1119 5169 1212 5225 sed
1244 5171 1368 5242 quia
1399 5188 1544 5227 nunc
1562 5189 1674 5228 non
1704 5180 1786 5228 est
1817 5180 2033 5244 tempus
2065 5189 2077 5225 :

2250 5162 2334 5222 0.3:
2385 5163 2516 5222 διότι
2561 5163 2656 5220 οὐκ
2707 5161 2820 5219 ἔστι
2874 5166 2962 5219 νῦν
3019 5159 3219 5240 καιρός.
3272 5164 3359 5242 Τῇ
3409 5161 3511 5239 γὰρ
3575 5163 3792 5245 δευτέρᾳ

476 5248 536 5304 in
562 5252 863 5312 adventum
913 5257 1215 5313 secundum
1268 5256 1522 5317 ditl‘eram
1552 5261 2077 5318 condemnationem

2250 5255 2453 5333 ιρουσίᾳ
2497 5250 2822 5329 ταμιεύομαι
2865 5251 2961 5322 τὴν
3012 5250 3328 5329 κατάκρισιν
3389 5254 3558 5328 ὑμῶν·
3604 5250 3785 5332 ὥσπερ

477 5349 714 5398 vestram
758 5364 771 5399 :
832 5346 1300 5417 quemadmodum
1375 5358 1431 5405 et
1474 5349 1579 5406 alio
1630 5351 1752 5407 loco
1803 5350 1933 5406 dicit
1980 5350 2002 5384 ³
2055 5372 2069 5407 :

2250 5342 2276 5401 μὶ
2307 5346 2543 5422 ἀλλαχοῦ
2577 5365 2736 5421 φησι,
2777 5341 2857 5399 ὅτι
2913 5364 2942 5395 (ι
2990 5343 3109 5400 Οὐκ
3146 5341 3303 5412 ἦλθον
3352 5349 3526 5420 κρῖναι
3569 5341 3658 5399 τὸν
3689 5343 3786 5401 κό-

479 5447 506 5475 α
539 5431 666 5485 Non
693 5433 817 5488 veni
839 5443 902 5491 ut
919 5436 1162 5507 judicem
1179 5438 1472 5510 mundum,
1499 5440 1595 5498 sed
1608 5440 1837 5498 salvem.
1863 5464 1889 5492 η
1913 5439 2076 5510 Quod

2250 5456 2322 5491 ιον
2343 5478 2359 5509 ,
2396 5431 2534 5491 ἀλλὰ
2562 5436 2756 5490 σῶσαι⁶
2791 5457 2820 5488 »
2857 5430 2974 5490 ἐπεὶ
3013 5428 3094 5489 ὅτι
3122 5453 3182 5508 γε
3213 5431 3367 5496 αὖτός
3408 5431 3549 5489 ἐστιν
3583 5435 3612 5490 6
3641 5431 3781 5490 πάν-

542 5579 564 5611 ²
591 5581 750 5637 Joan.
783 5598 896 5654 χιι,
935 5594 1022 5642 47.

538 5698 614 5764 (α)
651 5697 798 5756 Edit.
830 5700 962 5757 Lut.
999 5703 1224 5775 omittit,
1270 5722 1412 5763 nunc
1433 5712 1615 5765 autem
1639 5708 2045 5799 damnationem
2072 5711 2296 5781 fugitis,
2333 5725 2439 5766 non
2462 5710 2596 5782 quia
2624 5711 2890 5767 damnare
2916 5725 3008 5767 vos
3044 5726 3153 5767 non
3182 5711 3413 5767 valeam.
