4198 6464
317 431 380 482 l3
1096 428 1488 485 ENARRATIO
1529 430 1593 484 ΙΝ
1631 429 2062 486 EVANGELIUM
2097 429 2376 486 JOANNIS
2415 461 2486 471 —
2523 430 2674 486 CAP.
2717 433 2862 487 Vlil.
3567 431 3630 486 14

312 576 423 610 των
462 552 676 631 κριτὴς,
720 551 884 612 ἄκουε
913 559 1006 612 τοῦ
1039 555 1296 635 ἀψευδοῦς
1335 554 1636 630 στόματος,
1672 554 1754 613 ὅτι
1791 582 1815 608 ‹‹
1854 553 1922 616 Ὁ

2047 563 2218 611 autem
2245 555 2361 627 ipse
2381 555 2450 610 sit
2478 555 2730 611 omnium
2747 555 2934 628 judex,
2960 553 3104 610 ’audi
3135 569 3198 612 os
3220 554 3367 628 quod
3411 553 3636 610 mentiri

319 642 516 719 Πατὴρ
579 640 674 713 τὴν
726 643 900 719 κρίσιν
957 652 1140 702 πᾶσαν
1200 645 1397 703 δέδωκε
1444 649 1517 723 τῷ
1567 646 1702 724 Υἱῷ.
1755 643 1927 705 ⁶⁷Ωστε

313 730 444 788 ὅταν
485 732 716 810 ἀκούῃς,
754 731 836 790 ὅτι
893 760 917 784 ι
943 731 1092 809 Ἐγὼ
1133 733 1298 812 κρίνω
1344 733 1566 806 οὐδένα,
1617 762 1642 787 ν
1684 733 1761 811 μὴ
1804 735 1928 814 περὶ

315 825 413 891 τῆς
465 821 762 896 μελλούσης
803 821 1138 901 παρουσίας,
1172 823 1311 880 ἀλλὰ
1352 829 1448 896 τ’ἤς
1491 823 1789 904 προτέρας,
1819 824 1928 884 νόει

315 908 571 987 λέγεσθαι
621 915 797 972 τοῦτο.
853 911 1034 970 Εἰπὼν
1081 909 1176 982 δὲ,
1227 912 1307 971 ὅτι
1360 936 1389 966 ι(
1419 915 1537 971 Οὐκ
1585 914 1696 990 εἰμὶ
1746 913 1926 988 μόνος,

319 998 466 1057 ἀλλὰ
495 999 586 1057 καὶ
627 1005 654 1058 ὁ
689 999 877 1079 Πατήρ
918 1023 1020 1078 μου
1063 1003 1180 1076 μετ’
1218 1003 1346 1076 ἐμοῦ
1397 1003 1540 1060 ἐστιν
1567 1046 1582 1073 ,
1637 1030 1662 1053 n
1704 1003 1924 1077 ἔδειξεν,

316 1087 404 1147 ὅτι
453 1091 574 1147 Οὐκ
622 1087 724 1165 ἐγὼ
777 1089 932 1164 μόνος
977 1089 1322 1158 καταδικάζω
1371 1094 1538 1168 ὓμᾶς,
1591 1091 1730 1149 ἀλλὰ
1779 1090 1870 1150 καὶ
1901 1095 1929 1148 6

325 1179 549 1256 Πατήρ.
609 1179 692 1238 Οὖ
723 1179 828 1258 γὰρ
877 1179 1051 1246 ἄλλως
1103 1178 1197 1256 μὲν
1229 1179 1334 1256 ἐγὼ
1377 1180 1570 1259 κρίνω,
1612 1181 1784 1246 ἄλλως
1813 1181 1867 1238 δὲ
1902 1185 1930 1240 6

323 1267 549 1347 Πατήρ³
596 1267 715 1326 ἀλλ’
746 1266 927 1348 ὥσπερ
972 1267 1038 1325 ἂν
1068 1268 1174 1347 ἐγὼ
1195 1314 1212 1347 ,
1247 1268 1387 1328 οὕτω
1426 1271 1687 1338 κάκεῖνος
1734 1269 1828 1330 καὶ
1859 1273 1930 1338 ὣς

320 1358 522 1422 ἐκεῖνος
536 1402 553 1428 ,
585 1357 722 1414 οὕτω
747 1357 915 1437 κάγώ.

416 1474 440 1498 ι
473 1447 584 1508 Καὶ
615 1449 667 1505 ἐν
696 1452 772 1527 τῷ
805 1446 952 1527 νόμῳ
996 1445 1050 1504 δὲ
1093 1449 1170 1528 τῷ
1215 1446 1458 1529 ὖμετέρῳ
1487 1448 1805 1530 γέγραπται,
1846 1450 1930 1511 ὅτι

322 1536 422 1595 δύο
471 1535 763 1616 ἀνθρώπων
792 1541 826 1609 ἡ
877 1536 1146 1617 μαρτυρία
1178 1537 1382 1610 ἀληθής
1414 1543 1576 1600 ἐστιν.
1635 1539 1782 1619 Ἐγώ
1816 1543 1929 1616 εἰμι

322 1629 354 1684 6
388 1629 673 1706 μαρτυρῶν
703 1625 826 1702 περὶ
871 1628 1106 1702 ἐμαυτοῦ
1128 1671 1144 1699 ,
1179 1626 1272 1685 καὶ
1312 1629 1576 1708 μαρτυρεῖ
1620 1628 1744 1708 περὶ
1797 1631 1929 1706 ἐμοῦ

325 1720 356 1776 6
387 1716 609 1796 πέμψας
639 1740 705 1788 με
747 1714 963 1795 Πατήρ.
998 1743 1022 1767 ιι
1065 1716 1386 1777 Εἷπάτωσαν
1409 1719 1638 1777 ἐνταῦθα
1672 1718 1932 1798 ’Ᾱρειανοί

328 1829 390 1864 τε
421 1806 514 1864 καὶ
549 1805 869 1879 Εὐνομιανοὶ
889 1852 905 1880 ,
933 1805 981 1862 οἱ
1007 1805 1245 1882 λέγοντες
1284 1806 1359 1883 μὴ
1383 1807 1661 1888 δμοούσιον
1693 1799 1830 1866 εἶναι
1855 1810 1931 1888 τῷ

2036 645 2235 713 nescit,
2274 668 2298 693 ει
2333 646 2496 700 Pater
2520 643 2973 718 617judicium
2999 660 3162 700 omne
3199 645 3348 700 dedit
3378 644 3510 699 Filio
3535 643 3577 698 ³.
3602 663 3630 695 »

2034 737 2216 805 Atque
2235 734 2308 789 ita
2330 733 2547 806 quando
2568 734 2747 800 audis,
2773 733 2922 807 quod
2947 757 2972 782 ιι
2993 737 3108 806 Ego
3133 734 3346 789 nullum
3367 733 3578 805 judico,
3606 761 3631 786 ιο

2033 839 2144 879 non
2191 823 2259 879 de
2311 822 2500 880 futuro
2547 823 2806 890 adventu,
2859 823 2957 879 sed
3001 823 3071 880 de
3111 823 3368 896 praesenti
3422 824 3636 883 dictum

2034 912 2296 986 intellige.
2331 912 2576 969 Dicendo
2608 921 2820 982 autem,
2861 936 2886 962 α
2921 914 3046 968 Non
3082 928 3210 968 sum
3241 914 3417 982 solus,
3447 913 3542 970 sed
3580 924 3636 971 et

2035 1002 2200 1057 Pater
2220 1017 2376 1058 meus
2399 1018 2616 1058 mecum
2637 1011 2740 1069 est,
2775 1025 2799 1051 ιο
2824 1001 3066 1058 ostendit
3093 1000 3246 1074 quod
3275 1004 3401 1058 Non
3422 1018 3523 1075 ego
3545 1020 3634 1060 so-

2035 1090 2121 1146 lus
2161 1091 2471 1148 condemno
2513 1108 2640 1162 vos;
2693 1091 2789 1148 sed
2821 1100 2877 1148 et
2914 1094 3095 1148 Pater.
3133 1095 3256 1148 Non
3301 1093 3445 1148 enim
3483 1093 3640 1151 aliter

2037 1180 2260 1252 quidem
2288 1197 2389 1255 ego
2410 1181 2619 1253 judico,
2655 1181 2818 1237 aliter
2849 1197 2976 1238 vero
3007 1186 3197 1254 Pater;
3221 1181 3317 1240 sed
3341 1181 3482 1240 sicut
3509 1199 3634 1257 ego,

2037 1269 2116 1326 ita
2146 1280 2199 1328 et
2218 1271 2330 1341 ille,
2357 1280 2412 1328 et
2439 1271 2584 1328 sicut
2615 1271 2727 1340 ille,
2758 1280 2814 1328 et
2841 1287 2960 1345 ego.

2108 1453 2290 1508 Vens.
2337 1457 2426 1521 17,
2460 1454 2546 1508 18.
2584 1474 2610 1501 α
2643 1451 2787 1521 Quin
2815 1460 2870 1508 et
2899 1452 2959 1508 in
3000 1451 3120 1524 lege
3162 1461 3339 1510 vestra
3369 1453 3640 1528 scriptum

2036 1548 2150 1610 est,
2190 1541 2342 1612 quod
2382 1541 2624 1598 duorum
2665 1541 2963 1598 hominum
3013 1543 3392 1600 testimonium
3441 1561 3638 1601 verum

2039 1639 2141 1688 est.
2172 1633 2291 1702 Ego
2327 1647 2452 1686 sum
2481 1631 2573 1702 qui
2623 1631 3008 1687 testimonium
3049 1630 3165 1688 fero
3207 1631 3276 1689 de
3316 1633 3548 1705 meipso,
3583 1643 3639 1692 et

2038 1720 2424 1777 testimonium
2476 1719 2582 1776 fert
2629 1719 2696 1776 de
2751 1735 2838 1776 me
2886 1721 2981 1794 qui
3031 1721 3185 1778 misit
3239 1738 3327 1778 me
3377 1725 3558 1780 Pater.
3610 1748 3636 1774 ››

2039 1810 2239 1866 Dicant
2268 1809 2373 1865 hoc
2402 1809 2522 1866 loco
2553 1808 2750 1865 Ariani
2793 1818 2850 1865 et
2875 1811 3228 1879 Eunomiani,
3260 1811 3501 1870 dicentes
3529 1829 3643 1870 non

332 1896 517 1972 Πατρὶ
547 1894 637 1953 τὸν
676 1895 832 1955 Υἱόν⁹
883 1897 929 1954 εἰ
964 1894 1040 1971 μὴ
1090 1897 1364 1972 ὁμοούσιος
1409 1887 1508 1970 ἦν,
1551 1901 1662 1965 πῶς
1690 1897 1753 1956 ἂν
1786 1885 1934 1958 ἐτόλ-

2047 1914 2160 1956 esse
2208 1899 2738 1955 consubstantialem
2769 1899 2919 1954 Patri
2947 1899 3149 1955 Filium
3176 1918 3190 1956 :
3222 1901 3268 1956 si
3308 1917 3419 1957 non
3449 1901 3644 1960 fuisset

326 2008 503 2062 μησεν
536 1984 738 2062 εἰπεῖν,
776 1982 858 2042 ὅτι
901 1986 1014 2056 Τῆς
1062 1985 1226 2057 αὐτῆς
1256 1985 1528 2054 αὖθεντίας
1581 1985 1674 2045 καὶ
1725 1986 1932 2056 ἀξιοπι-

329 2074 489 2140 στίας
547 2072 657 2150 εἰμὶ
703 2075 780 2152 τῷ
830 2073 1045 2152 Πατρί;
1087 2071 1302 2155 θΩσπερ
1353 2074 1456 2154 γὰρ
1507 2075 1599 2134 δύο
1639 2076 1932 2155 ἀνθρώπων

328 2163 457 2244 περί
509 2186 646 2228 τινος
701 2161 1149 2243 μαρτυρούντων,
1200 2163 1294 2222 καὶ
1354 2166 1584 2235 ἀληθοῦς
1631 2163 1793 2238 οὔσης
1842 2170 1936 2238 τῆς

332 2251 632 2332 μαρτυρίας
659 2252 867 2325 αὐτῶν,
901 2253 1166 2332 πρόδηλον
1214 2252 1297 2311 ὅτι
1344 2253 1436 2312 καὶ
1478 2259 1510 2326 ἡ
1567 2253 1870 2322 ἀξιοπιστία
1899 2260 1933 2328 ἡ

333 2341 492 2412 αὐτή·
550 2341 690 2399 οὕτω
737 2343 1041 2415 κάνταῦθα,
1069 2341 1216 2400 οὐδὲν
1265 2341 1481 2403 ἔλαττον
1513 2343 1755 2424 ἐμφαίνει
1795 2344 1935 2423 ἔχειν

330 2431 430 2502 τὴν
461 2434 651 2490 ἑαυτοῦ
682 2431 810 2508 πρὸς
839 2430 935 2501 τὴν
985 2435 1072 2490 τοῦ
1122 2433 1336 2508 Πατρὸς
1390 2433 1708 2514 μαρτυρίαν.
1749 2431 1938 2494 Ἄκουε

332 2520 440 2599 γὰρ
499 2522 814 2587 αὖθεντικῶς
862 2520 1142 2600 λεγόμενον
1186 2521 1249 2580 τὸ
1303 2521 1508 2602 ἐφεξῆς·
1559 2546 1588 2577 (ι
1626 2523 1777 2601 Ἐγώ
1827 2526 1938 2600 εἰμι

225 2691 232 2696 ι
331 2616 360 2670 6
394 2613 684 2690 μαρτυρῶν
718 2610 840 2689 περὶ
871 2611 1141 2686 ἐμαυτοῦ,
1185 2610 1278 2670 καὶ
1329 2616 1592 2692 μαρτυρεῖ
1638 2613 1762 2694 περὶ
1809 2617 1939 2691 ἐμοῦ

333 2699 425 2758 καὶ
459 2704 485 2757 6
516 2698 732 2778 Πατήρ.
771 2723 798 2755 ι
840 2698 1010 2780 Ὁρᾷς
1056 2698 1152 2772 τὴν
1182 2699 1300 2772 ἴσην
1335 2701 1608 2760 αὖθεντίαν
1629 2747 1644 2774 ,
1678 2702 1769 2762 καὶ
1798 2703 1942 2770 ὅπως

340 2789 530 2848 ἑαυτὸν
562 2789 867 2858 ἀξιόπιστον
902 2797 1165 2861 ποιεῖται,
1203 2789 1386 2871 ὥσπερ
1431 2793 1522 2850 καὶ
1554 2791 1642 2850 τὸν
1681 2791 1938 2874 Πατέρα,

330 2877 510 2957 ’Ὅπερ
545 2881 642 2938 οὗκ
694 2878 756 2936 ἂν
810 2878 1105 2955 ἐτόλμησεν
1140 2882 1340 2953 εἰπεῖν,
1378 2881 1427 2938 εἴ
1466 2905 1526 2959 γε
1557 2880 1941 2963 ὓποδεέστερος

339 2960 401 3039 ἦν
433 2973 524 3027 τοῦ
563 2967 777 3046 Πατρὸς
822 2967 961 3027 κατὰ
1002 2968 1098 3040 τὴν
1137 2967 1286 3036 ἀξίαν
1309 3016 1324 3044 ,
1369 2970 1460 3028 καὶ
1502 2973 1596 3029 οὐκ
1645 2971 1756 3038 ἴσος
1791 2960 1940 3053 αὐτῷ

339 3059 431 3117 καὶ
485 3057 786 3135 δμοούσιος.
844 3059 912 3117 Εἰ
960 3059 1063 3138 γὰρ
1125 3058 1384 3130 ἠϐούλετο
1436 3059 1619 3140 ὕφεσίν
1673 3085 1791 3120 τινα
1848 3065 1941 3123 καὶ

2045 1988 2298 2062 ejusdem
2332 1988 2678 2054 substantiae,
2709 1988 2994 2061 quomodo
3019 2004 3185 2044 ausus
3215 1989 3409 2046 fuisset
3434 1991 3637 2062 dicere,

2043 2077 2306 2151 Ejusdem
2354 2077 2700 2134 auctoritatis
2741 2094 2869 2134 sum
2908 2094 3037 2134 cum
3082 2080 3266 2149 Patre,
3302 2088 3358 2135 et
3385 2080 3646 2137 similiter

2039 2166 2248 2241 dignus
2295 2168 2385 2225 cui
2429 2168 2569 2224 ﬁdes
2619 2167 2926 2224 habeatur?
2973 2170 3118 2224 Nam
3167 2169 3644 2240 quemadmodum

2045 2274 2176 2314 cum
2205 2257 2316 2314 duo
2359 2256 2607 2314 homines
2636 2257 2704 2314 de
2740 2257 2934 2314 eadem
2962 2273 3023 2314 re
3053 2266 3348 2327 testantur,
3375 2267 3431 2315 et
3454 2276 3647 2317 verum

2045 2357 2128 2404 est
2191 2347 2411 2404 illorum
2470 2347 2882 2416 testimonium,
2945 2347 3301 2404 manifestum
3349 2356 3435 2405 est
3496 2348 3648 2422 quod

2047 2437 2334 2509 utriusque
2381 2435 2575 2494 eadem
2610 2445 2692 2491 est
2733 2436 3002 2493 idoneitas
3041 2437 3099 2492 in
3135 2437 3388 2494 testando
3427 2459 3439 2495 :
3475 2439 3550 2494 ita
3591 2446 3649 2494 et

2049 2527 2156 2583 hoc
2186 2527 2305 2583 loco
2330 2525 2464 2580 nihil
2494 2525 2680 2582 minus
2710 2524 2912 2582 habere
2939 2525 3180 2582 declarat
3204 2542 3368 2582 suum
3394 2527 3647 2583 testimo-

2050 2618 2202 2673 nium
2224 2616 2400 2672 Patris
2421 2615 2759 2671 testimonio.
2794 2615 2934 2672 Audi
2956 2616 3106 2671 enim
3131 2615 3278 2688 quod
3299 2631 3647 2688 consequen-

2050 2714 2135 2763 ter
2162 2721 2366 2778 magna
2394 2705 2722 2762 auctoritate
2751 2705 2975 2773 dicitur,
3011 2729 3034 2755 α
3064 2707 3180 2778 Ego
3209 2721 3335 2762 sum
3370 2706 3464 2778 qui
3491 2706 3651 2762 testi-

2051 2797 2305 2852 monium
2334 2795 2452 2852 fero
2477 2796 2544 2852 de
2569 2795 2802 2866 meipso,
2833 2803 2890 2852 et
2914 2795 3294 2852 testimonium
3325 2795 3434 2852 fert
3461 2795 3531 2852 de
3561 2812 3653 2852 me

2052 2890 2234 2944 Pater.
2273 2909 2301 2935 ιι
2337 2885 2506 2943 Vides
2535 2885 2926 2941 auctoritatem
2955 2886 3028 2958 (a)
3061 2902 3268 2957 parem,
3295 2893 3349 2942 et
3369 2886 3652 2959 quomodo

2052 2993 2111 3033 se
2131 2993 2287 3049 aeque
2302 2976 2371 3032 ad
2389 2976 2772 3033 testimonium
2789 2974 2922 3032 facit
2940 2975 3199 3032 idoneum
3217 2983 3382 3048 atque
3398 2978 3654 3032 Patrem?

2053 3067 2112 3124 ld
2141 3066 2288 3139 quod
2318 3082 2433 3121 non
2471 3081 2639 3122 ausus
2679 3064 2877 3122 fuisset
2916 3065 3120 3134 dicere,
3158 3065 3432 3138 siquidem
3474 3065 3650 3138 digni-

342 3146 640 3207 ἕλάττωσιν
686 3145 1048 3226 ἐνδείξασθαι,
1096 3149 1189 3206 οὔκ
1237 3147 1302 3206 ἂν
1353 3151 1536 3209 ἑαυτὸν
1583 3151 1938 3232 συνηρίθμησε

2052 3164 2167 3212 tate
2216 3160 2376 3213 Patre
2424 3153 2622 3212 fuisset
2665 3153 2912 3219 inferior,
2961 3162 3017 3210 et
3056 3171 3171 3210 non
3209 3155 3434 3226 aequalis
3479 3155 3559 3210 illi
3589 3171 3653 3211 ac

337 3240 415 3318 τῷ
452 3237 632 3316 “arpi
652 3284 670 3311 ,
702 3237 793 3295 καὶ
823 3236 918 3307 τὴν
939 3237 1139 3296 οἰκείαν
1181 3239 1479 3319 μαρτυρίαν
1507 3243 1574 3319 τῇ
1601 3245 1694 3299 τοῦ
1730 3244 1939 3323 Πατρὸς

341 3326 763 3403 συγκατέταττε·
816 3326 954 3385 ἀλλὰ
986 3328 1170 3395 δοῦλος
1212 3331 1312 3400 ὢν,
1364 3330 1541 3396 καθὼς
1586 3331 1633 3388 οἳ
1681 3331 1936 3410 αἱρετικοὶ

340 3416 720 3490 δυσσεϐοῦσιν,
771 3417 844 3482 εἷς
881 3417 974 3475 ἕνα
1003 3420 1109 3475 τῶν
1155 3416 1457 3499 συνδούλων
1492 3417 1794 3499 ἀπέϐλεψεν
1830 3420 1893 3479 ἂν
1917 3465 1936 3499 ,

336 3509 584 3564 κάκεῖνον
630 3506 990 3584 συμμάρτυρα
1033 3506 1362 3581 ἐποιήσατο,
1403 3497 1510 3566 οἷον
1559 3507 1650 3566 τὸν
1679 3497 1938 3585 Ἰωάννην

334 3597 510 3673 λέγω,
555 3595 593 3666 ἢ
624 3595 744 3661 τοὺς
785 3595 1076 3675 προφήτας·
1137 3594 1171 3666 ἢ
1219 3596 1426 3667 ἁπλῶς,
1479 3595 1528 3656 εἴ
1573 3621 1632 3676 γε
1695 3598 1940 3666 τοιαύτας

335 3686 500 3757 ἤθελε
535 3683 860 3764 μαρτυρίας,
897 3683 1090 3764 μυρίας
1122 3685 1184 3743 ἂν
1213 3677 1354 3764 εἶρε.
1386 3690 1499 3747 Νῦν
1528 3685 1583 3744 δὲ
1621 3686 1716 3758 τὴν
1749 3691 1941 3765 ὁμοου·

336 3774 562 3845 σιότητα
592 3774 756 3832 θέλων
801 3773 1001 3851 δεῖξαι,
1041 3773 1110 3846 ἣν
1144 3774 1258 3854 ἔχει
1289 3774 1419 3855 πρὸς
1457 3775 1544 3833 τὸν
1575 3775 1797 3857 Πατέρα
1818 3827 1834 3851 ,
1863 3781 1941 3860 τῷ

341 3863 526 3940 “arpi
558 3864 868 3939 συναριθμεῖ
896 3863 1105 3925 ἑαυτόν.
1153 3865 1248 3935 Μὴ
1287 3865 1571 3947 θαυμάσῃς
1622 3865 1712 3940 δὲ,
1755 3869 1801 3926 εἰ
1844 3872 1943 3927 ἀλ-

341 3956 516 4032 λαχοῦ
543 3952 637 4010 xui
666 3952 919 4025 Ἰωάννην
937 3997 951 4026 ,
988 3952 1080 4012 καὶ
1112 3956 1320 4026 Μωσῆν
1338 4001 1354 4027 ,
1392 3956 1484 4013 καὶ
1513 3953 1633 4023 τοὺς
1665 3957 1944 4038 προφήτας

336 4044 571 4122 παράγει
617 4041 740 4120 περὶ
792 4046 956 4100 αὐτοῦ
1013 4049 1436 4124 μαρτυροῦντας.
1495 4045 1640 4126 Πρὸς
1685 4045 1789 4127 γὰρ
1844 4047 1942 4119 τὴν

339 4136 443 4190 τιῖιν
511 4134 784 4212 ἀκροατῶν
856 4131 1122 4212 ὑπόληψιν
1175 4139 1330 4192 τοῦτο
1376 4138 1542 4193 ποιεῖ’
1604 4137 1697 4194 καὶ
1757 4137 1942 4210 ἐπειδὴ

335 4224 530 4281 ἐκεῖνοι
557 4223 647 4280 τὸν
694 4221 950 4294 Ἰωάννην
999 4223 1091 4280 καὶ
1137 4222 1224 4282 τὸν
1261 4227 1466 4296 Μωσῆν
1503 4225 1665 4285 αὐτοῦ
1725 4227 1937 4306 προετί-

340 4318 530 4383 θεσαν,
577 4310 766 4370 τούτου
807 4309 981 4369 ἕνεκεν
1029 4310 1152 4379 τοὺς
1188 4313 1565 4390 νομιζομένους
1611 4317 1740 4394 παρ’
1769 4317 1944 4384 αὐτοῖς

341 4402 582 4470 ἐνδόξους
633 4403 724 4458 καὶ
766 4400 1028 4479 μεγάλους
1074 4403 1146 4468 εἷς
1196 4401 1494 4482 μαρτυρίαν
1540 4403 1709 4464 ἕλκει.
1769 4404 1941 4466 "Date

344 4490 460 4549 ἐπεὶ
506 4491 599 4574 καθ
639 4489 759 4568 περὶ
801 4495 892 4548 τοῦ
925 4492 1070 4551 Θεοῦ
1120 4489 1212 4550 καὶ
1265 4493 1476 4574 Πατρὸς
1527 4493 1770 4572 μεγάλην
1817 4495 1946 4555 ὑπό-

2050 3245 2550 3302 consubstantialis.
2592 3245 2738 3300 Nam
2778 3245 2824 3299 si
2870 3244 3132 3300 voluisset
3173 3244 3571 3316 subjectionem
3599 3253 3656 3301 et

2050 3335 2497 3391 imminutionem
2535 3333 2838 3406 quamdam
2878 3333 3188 3402 ostendere,
3230 3350 3342 3390 non
3368 3349 3493 3400 sese
3510 3333 3657 3389 Patri

2049 3433 2530 3493 connumerasset,
2587 3439 2690 3478 nec
2737 3439 2902 3479 suum
2944 3439 3076 3479 cum
3122 3423 3297 3480 Patris
3337 3423 3659 3480 testimonio

2048 3514 2304 3583 locasset,
2355 3513 2454 3571 sed
2509 3529 2715 3570 servus
2765 3528 2894 3568 cum
2943 3519 3087 3570 esset
3133 3513 3235 3586 (uti
3269 3513 3662 3584 blasphemant

2050 3603 2314 3672 haeretici)
2362 3603 2420 3659 in
2458 3619 2652 3659 unum
2687 3618 3082 3659 conservorum
3127 3603 3477 3676 respexisset,
3506 3611 3560 3660 et
3602 3603 3662 3659 ll-

2050 3693 2168 3750 lum
2200 3692 2500 3750 contestari
2547 3692 2800 3759 fecisset,
2832 3699 2895 3748 ut
2935 3695 3213 3748 Joannem
3241 3692 3370 3749 dico
3401 3693 3486 3748 vel
3531 3709 3660 3763 pro-

2051 3784 2246 3856 phetas
2294 3801 2302 3834 :
2344 3791 2400 3838 et
2442 3782 2498 3837 in
2547 3795 2788 3846 summa,
2843 3781 2889 3836 si
2937 3781 3163 3853 quidem
3208 3781 3342 3837 talia
3394 3781 3657 3838 voluisset

2049 3871 2390 3939 testimonia,
2418 3869 2706 3926 innumera
2728 3869 3023 3926 invenisset
3047 3888 3060 3924 :
3083 3886 3235 3926 nunc
3255 3877 3444 3926 autem
3467 3870 3657 3926 volens

2051 3978 2108 4018 se
2128 3961 2275 4019 Patri
2299 3958 2826 4017 consubstantialem
2842 3958 3154 4027 ostendere,
3183 3974 3243 4015 se
3268 3958 3422 4014 Patri
3451 3974 3660 4014 connu-

2052 4060 2250 4109 merat.
2283 4054 2364 4108 Ne
2400 4049 2619 4106 mireris
2647 4057 2834 4104 autem
2863 4048 2908 4104 si
2939 4048 3048 4104 alio
3078 4049 3198 4105 loco
3229 4057 3284 4104 et
3300 4051 3573 4105 Joannem
3600 4057 3657 4106 et

2049 4144 2247 4198 Mosen
2287 4149 2346 4197 et
2371 4138 2668 4212 prophetas
2695 4137 2924 4195 adducit
2965 4137 3034 4194 de
3061 4153 3119 4194 se
3163 4145 3426 4195 testantes
3454 4139 3496 4195 ‘.
3527 4140 3652 4196 Hoc

2051 4232 2204 4289 enim
2249 4229 2379 4287 facit
2416 4229 2487 4286 ad
2531 4228 2850 4285 auditorum
2886 4228 3240 4285 sententiam.
3284 4231 3356 4285 Et
3384 4228 3656 4301 quoniam

2052 4322 2131 4379 illi
2181 4323 2454 4377 Joannem
2484 4327 2541 4374 et
2585 4321 2776 4374 Mosen
2807 4315 3029 4374 Christo
3071 4318 3493 4390 praeponebant,
3538 4318 3658 4390 ejus

2051 4411 2223 4484 gratia
2245 4426 2342 4467 eos
2367 4407 2462 4482 qui
2492 4405 2642 4479 apud
2679 4406 2799 4463 illos
2826 4405 3013 4479 magni
3041 4415 3096 4463 et
3119 4407 3338 4463 nobiles
3367 4407 3651 4464 existima-

2056 4502 2274 4568 bantur,
2307 4499 2366 4554 in
2395 4497 2778 4555 testimonium
2816 4496 2986 4552 trahit
3030 4514 3042 4550 :
3075 4505 3130 4552 et
3161 4496 3232 4551 ita
3260 4496 3390 4568 quia
3431 4496 3501 4553 de
3540 4499 3658 4552 Deo

343 4583 504 4660 ληφι.
540 4569 686 4657 ετχον
710 4549 734 4660 ·(
754 4579 844 4636 καὶ
872 4578 925 4638 τί
945 4549 1059 4658 ἡγὰρ
1087 4549 1593 4658 ἄλλοθι-δέξει.-
1610 4549 1938 4661 ’έὲέέάζο’ν’ξῇ,

2058 4599 2114 4648 et
2156 4549 2318 4647 Patie
2344 4603 2609 4660 magnam
2653 4585 2930 4642 habebant
2971 4549 3292 4657 opinionem:
3319 4585 3473 4658 (quid
3510 4585 3665 4642 enim

342 4669 577 4748 παράγει
609 4672 700 4725 νῦν
743 4669 833 4727 καὶ
863 4668 1020 4728 αὐτὸν
1055 4669 1254 4728 ἐκεῖνον
1284 4670 1370 4730 τὸν
1404 4673 1491 4731 ἐπὶ
1523 4671 1740 4731 πάντων
1771 4676 1910 4735 Θεὸν
1932 4722 1946 4749 ,

347 4760 615 4840 μάρτυρα.
669 4757 824 4818 Ἐπεὶ
863 4757 1049 4818 δὲκαὶ
1094 4758 1278 4818 ἑαυτὸν
1327 4763 1402 4841 τῷ
1448 4761 1673 4842 τοιούτῳ
1721 4763 1950 4845 μάρτυρι

344 4854 417 4928 τῷ
459 4847 878 4927 ἆπαραγράπτῳ
907 4847 996 4907 καὶ
1028 4849 1411 4930 ἆψευδεστάτῳ
1459 4850 1740 4910 συντάττει
1764 4901 1778 4923 ,
1815 4877 1948 4934 προ·

349 4939 641 5010 δηλότατον
687 4936 823 5018 ἄρα,
865 4938 947 4995 ὅτι
986 4941 1082 5008 τῆς
1116 4939 1276 5010 αὐτῆς
1321 4942 1399 5020 τῷ
1443 4939 1623 5022 Πατρὶ
1677 4943 1949 5011 αὐθεντίας

346 5030 434 5087 καὶ
491 5027 738 5096 ἐξουσίας
796 5026 931 5089 ἐστί.
996 5027 1106 5088 Καὶ
1159 5029 1596 5107 αἰσχυνέσθωσαν
1653 5034 1701 5090 οἱ
1760 5034 1950 5092 δοῦλον

345 5119 499 5178 αὐτὸν
552 5117 649 5177 καὶ
709 5116 921 5175 ἐλάττω
991 5115 1134 5175 κατὰ
1184 5117 1360 5178 πάντα
1429 5125 1522 5178 τοῦ
1593 5121 1806 5202 Πατρὸς
1864 5121 1952 5182 λέ-

346 5233 549 5286 γοντες.

416 5325 448 5358 α
497 5296 740 5376 Ἔλεγον
790 5285 881 5355 οὖν
921 5296 1093 5376 αὐτῷ’
1142 5297 1260 5356 Ποῦ
1307 5297 1451 5359 ἐστιν
1500 5301 1528 5357 6
1596 5299 1775 5380 πατήρ
1823 5324 1948 5377 σου;

337 5390 620 5470 Ἀπεκρίθη
688 5391 718 5446 6
773 5384 1006 5458 Ἰησοῦς·
1062 5383 1205 5445 Οὔτε
1263 5386 1357 5463 ἐμὲ
1415 5386 1632 5463 οἴδατε,
1680 5389 1800 5450 οὔτε
1859 5391 1947 5450 τὸν

336 5480 549 5559 Πατέρα
583 5502 718 5560 μου.
829 5477 902 5536 Εἰ
956 5472 1056 5550 ἐμὲ
1085 5474 1293 5554 ᾔδειτε,
1320 5476 1412 5536 καὶ
1459 5477 1549 5538 τὸν
1583 5480 1804 5561 Πατέρα
1845 5505 1947 5560 μου

393 5642 600 5701 ’Joan.
644 5657 698 5710 ν,
727 5643 823 5695 22.
861 5635 884 5669 ⁸
910 5637 1083 5691 Joan.
1118 5649 1215 5704 ιιι,
1253 5642 1338 5692 14.

2058 4679 2208 4737 aliud
2227 4675 2607 4752 gloriﬁcabant
2628 4683 2691 4731 ut
2712 4679 2894 4732 Deum
2907 4678 2978 4744 Ρ),
3005 4674 3232 4732 adducit
3257 4691 3405 4731 nunc
3425 4683 3481 4732 et
3496 4675 3658 4731 illum

2057 4772 2238 4843 ipsum
2270 4769 2362 4840 qui
2402 4782 2566 4839 super
2593 4781 2784 4822 omnes
2827 4773 2930 4834 est,
2961 4769 3140 4822 Deum
3177 4773 3395 4822 testem.
3431 4769 3502 4822 Et
3531 4765 3666 4838 quia

2059 4860 2303 4932 seipsum
2331 4857 2402 4915 ad
2437 4857 2604 4912 talem
2641 4863 2862 4920 testem,
2891 4855 2983 4927 qui
3028 4871 3128 4911 nec
3157 4855 3271 4912 falli
3299 4872 3401 4912 nec
3436 4855 3664 4911 mentiri

2061 4958 2265 5023 potest,
2296 4945 2614 5015 adordinat,
2644 4943 3163 5002 manifestissimum
3184 4945 3335 5019 quod
3365 4944 3668 5002 auctorita-

2060 5048 2176 5097 tem
2199 5048 2253 5096 et
2279 5043 2613 5110 potestatem
2633 5034 2881 5091 eamdem
2911 5050 3044 5091 cum
3072 5037 3232 5091 Patre
3255 5035 3470 5091 habeat.
3510 5035 3667 5090 Con-

2061 5127 2367 5186 fundantur
2390 5125 2484 5199 qui
2507 5139 2726 5182 servum
2755 5123 2930 5193 illum,
2961 5132 3016 5182 et
3040 5141 3138 5196 per
3170 5124 3362 5181 omnia
3389 5122 3668 5179 minorem

2066 5221 2232 5276 Patre
2255 5217 2470 5274 dicunt.

2129 5311 2316 5365 Vens.
2355 5312 2446 5374 19,
2479 5310 2568 5360 20.
2597 5325 2620 5353 α
2651 5303 2928 5361 Dicebant
2952 5318 3083 5376 ergo
3123 5302 3174 5359 ei
3218 5319 3231 5354 :
3265 5300 3374 5357 Ubi
3405 5308 3489 5357 est
3511 5308 3672 5372 pater

2057 5403 2216 5455 tuus?
2261 5394 2580 5466 Respondit
2607 5395 2768 5450 Jesus
2809 5411 2825 5448 :
2873 5395 3066 5464 Neque
3094 5405 3188 5446 me
3239 5389 3441 5459 nostis,
3482 5405 3666 5462 neque

2056 5492 2278 5546 Patrem
2304 5485 2478 5558 618
2519 5499 2736 5540 meum.
2774 5481 2830 5539 Si
2874 5497 2968 5539 me
3012 5479 3320 5550 novissetis,
3349 5487 3408 5539 et
3454 5481 3676 5537 Patrem

387 5767 458 5829 (a)
491 5758 649 5817 Edit.
688 5757 863 5821 Lut.,
897 5751 1265 5809 autoritatem
1286 5753 1518 5824 qualem.
1551 5748 1795 5819 Deinde,
1835 5753 2056 5808 Patrem
2079 5764 2178 5823 pro
2201 5762 2411 5820 parem.
