4198 6526
571 462 634 516 15
1598 444 2113 510 THEOPHYLACTI
2149 445 2509 504 BULGARIA‘J
2547 442 2866 504 ARCHIEP.
3806 439 3872 495 l6

564 598 755 640 meum
797 583 1111 638 novissetis.
1155 581 1289 637 Haec
1328 579 1495 636 verba
1526 578 1742 634 locutus
1770 585 1853 633 est
1887 577 2045 632 Jesus
2099 574 2155 630 in
2190 573 2244 636 Α
2273 574 2446 654 ᾔδειτε
2488 574 2574 633 ἄν.

556 672 972 746 gazophylacio,
996 670 1202 728 docens
1226 671 1288 726 in
1314 669 1545 741 templo.
1577 672 1651 725 Et
1674 684 1838 724 nemo
1863 666 2161 739 apprehen-

557 760 640 817 dit
684 776 837 827 eum,
887 760 1014 831 quia
1058 759 1309 814 nondum
1356 765 1578 813 venerat
1616 756 1749 813 hora
1787 756 1922 829 ejus.
1959 777 1986 805 »
2019 754 2159 824 Quia

560 858 627 905 ut
684 856 968 904 tentantes
1047 846 1461 918 interrogabant
1518 861 1647 902 eum
1693 845 1761 901 de
1838 846 2033 910 Patre,
2106 849 2162 897 et

560 953 676 993 non
728 936 969 993 discendi
1016 935 1207 1009 gratia,
1239 945 1531 1007 propterea
1570 949 1750 1006 neque
1775 948 2040 1005 responso
2069 929 2162 986 di-

560 1034 767 1098 gnatur
802 1026 946 1095 illos,
992 1025 1089 1082 sed
1129 1024 1289 1091 dicit,
1327 1047 1352 1073 α
1394 1027 1589 1095 Neque
1622 1038 1713 1079 me
1761 1023 1956 1089 nostis,
1982 1035 2160 1092 neque

560 1116 781 1171 Patrem
808 1130 1021 1183 meum,
1060 1137 1090 1165 »
1118 1112 1179 1170 id
1218 1122 1320 1183 est,
1354 1116 1479 1169 Non
1510 1113 1738 1184 potestis
1776 1112 1915 1168 scire
1941 1114 2160 1166 Patrem

561 1219 751 1260 meum
773 1205 891 1260 sine
916 1219 1011 1259 me
1038 1221 1052 1259 :
1094 1211 1257 1276 atque
1277 1203 1349 1258 ita
1376 1203 1419 1258 si
1442 1202 1644 1273 putatis
1668 1201 1937 1258 honorare
1959 1203 2161 1267 Deum,

562 1309 679 1349 non
705 1292 925 1349 creditis
946 1301 1130 1349 autem
1152 1293 1338 1363 ipsum
1359 1294 1580 1347 Patrem
1616 1306 1735 1347 esse
1761 1306 1952 1347 meum
1958 1330 1978 1360 ,
2008 1288 2162 1359 cujus

560 1398 722 1439 verus
740 1398 869 1439 sum
898 1382 1095 1450 Filius,
1120 1381 1252 1437 nihil
1285 1381 1529 1453 proderit
1555 1380 1733 1450 vobis,
1772 1396 1951 1452 neque
1978 1378 2163 1434 novis-

558 1471 629 1528 tis
655 1473 836 1543 ipsum
873 1480 934 1527 ut
958 1479 1175 1543 oportet
1206 1486 1505 1543 agnoscere
1546 1486 1560 1524 :
1590 1487 1720 1526 nam
1756 1467 2165 1542 cognosceretis

557 1569 614 1618 et
643 1560 1021 1629 honoraretis,
1047 1561 1219 1616 etiam
1246 1576 1374 1616 me:
1398 1576 1545 1616 nunc
1571 1568 1757 1616 autem
1794 1559 1920 1631 quia
1943 1573 2035 1614 me
2062 1572 2163 1612 ne-

558 1651 735 1719 scitis,
761 1666 867 1706 nec
896 1649 1201 1717 honoratis,
1233 1650 1391 1705 illum
1419 1664 1640 1723 quoque
1663 1649 1908 1717 nescitis,
1933 1663 2037 1705 nec
2065 1646 2163 1702 ho-

557 1739 800 1806 noratis,
830 1738 1046 1795 etiamsi
1091 1738 1310 1810 putetis.
1342 1738 1507 1809 Quod
1557 1747 1742 1795 autem
1792 1754 1885 1794 me
1913 1736 2161 1804 nescitis,

557 1842 675 1882 non
710 1826 812 1883 alia
851 1827 1008 1884 vobis
1046 1842 1210 1883 causa
1255 1835 1357 1895 est,
1389 1826 1486 1884 sed
1512 1843 1609 1884 vos
1652 1826 1955 1899 vobisipsis.
1992 1824 2164 1882 Audis

2662 574 2852 631 Ταῦτα
2896 568 2964 629 τὰ
3013 568 3231 649 ῥήματα
3274 566 3535 639 ἐλάλησεν
3584 567 3613 623 6
3656 563 3868 636 Ἰησοῦς

2265 653 2317 721 ἓν
2358 666 2433 739 τῷ
2475 659 2878 741 γαζοφυλακίῳ,
2932 658 3196 716 διδάσκων
3235 658 3291 715 ἐν
3330 660 3406 732 τῷ
3437 657 3589 736 ἱερῷ.
3631 653 3741 714 Καὶ
3771 654 3868 711 οὐ-

2271 752 2373 817 δεὶς
2402 751 2617 809 ἐπίασεν
2647 749 2805 808 αὐτὸν
2826 794 2839 813 ,
2870 745 2951 806 ὅτι
2982 745 3129 805 οὔπω
3156 746 3400 816 ἐληλύθει
3425 751 3459 816 ἡ
3490 743 3603 824 ὥρα
3631 748 3816 803 αὐτοῦ.
3844 770 3869 794 ν

2271 839 2493 910 Ἐπειδὴ
2564 845 2633 906 ὼς
2688 839 3025 915 πειράζοντες
3091 835 3253 894 αὐτὸν
3311 835 3533 915 ἠρώτων
3590 831 3714 912 περὶ
3769 835 3867 892 τοῦ

2272 929 2517 1008 Πατρὸς,
2565 929 2657 987 καὶ
2689 927 2808 1007 οὐχὶ
2836 931 2929 986 τοῦ
2963 929 3150 1002 μαθεῖν
3198 923 3394 984 ἕνεκεν·
3438 922 3527 982 διὰ
3559 927 3715 981 τοῦτο
3748 921 3866 979 οὐδὲ

2274 1017 2605 1098 ἀποκρίσεως
2658 1016 2846 1083 αὐτοὺς
2897 1015 3063 1087 ἀξιοῖ,
3116 1014 3252 1074 ἀλλά
3302 1037 3483 1096 φησιν’
3532 1036 3563 1069 α
3600 1010 3742 1072 Οὔτε
3776 1008 3868 1086 ἐμὲ

2273 1108 2451 1168 οἴδατε
2471 1152 2486 1181 ,
2510 1107 2629 1166 οὔτε
2658 1106 2748 1167 τὸν
2782 1107 3001 1185 Πατέρα
3038 1124 3159 1181 μου·
3193 1104 3468 1164 τουτέστιν
3492 1148 3509 1177 ,
3540 1105 3621 1163 Οὐ
3648 1100 3871 1161 δύνασθε

2271 1200 2470 1276 γνῶναι
2514 1196 2731 1275 Πατέρα
2773 1219 2875 1273 μου
2925 1194 3091 1274 χωρὶς
3137 1196 3290 1271 ἐμοῦ·
3342 1192 3478 1252 ὥστε
3529 1191 3629 1250 κᾶν
3681 1191 3872 1276 δοκῆτε

2270 1266 2434 1367 τιμᾷν
2465 1288 2552 1345 τὸν
2583 1286 2720 1347 Θεὸν
2743 1329 2759 1359 ,
2798 1286 2857 1344 οὐ
2884 1284 3164 1355 πιστεύητε
3194 1284 3250 1343 δὲ
3287 1283 3443 1342 αὐτὸν
3475 1280 3699 1361 Πατέρα
3738 1266 3873 1337 εἶναι

2273 1366 2401 1452 ἐμοῦ
2433 1380 2524 1434 τοῦ
2562 1376 2811 1447 ἀληθινοῦ
2843 1375 2977 1433 Υῖοῦ
2998 1418 3016 1451 ,
3067 1374 3214 1433 οὐδὲν
3251 1373 3559 1453 ὠφελεῖσθε.
3613 1368 3757 1430 Οὐδὲ
3787 1366 3871 1427 οἴ-

2275 1466 2404 1524 δατε
2436 1463 2594 1524 αὐτὸν
2618 1509 2636 1541 ,
2676 1461 2851 1530 καθὼς
2895 1465 2975 1522 δεῖ
3015 1466 3247 1541 γνῶναι,
3291 1464 3407 1522 ἐπεὶ
3450 1459 3767 1542 ἐγινώσκετε
3804 1455 3870 1516 ἂν

2274 1553 2368 1614 καὶ
2406 1556 2622 1631 ἐτιμᾶτε
2655 1551 2820 1629 κᾶμέ⁶
2859 1557 2949 1610 νῦν
2987 1552 3043 1610 δὲ
3089 1551 3204 1611 ἐπεὶ
3247 1551 3341 1628 ἐμὲ
3383 1555 3476 1611 οὐκ
3504 1549 3720 1625 οἴδατε,
3751 1544 3869 1605 οὐδὲ

2272 1652 2499 1723 τιμᾶτε,
2546 1640 2664 1701 οὐδὲ
2697 1644 2893 1700 ἐκεῖνον
2937 1641 3144 1715 οἴδατε,
3171 1642 3288 1700 οὐδὲ
3318 1639 3477 1718 τιμὴν
3524 1641 3668 1718 αὐτῷ
3701 1659 3872 1715 προσ-

2274 1732 2458 1810 άγετε,
2491 1731 2589 1790 κᾶν
2621 1732 2836 1802 δοκῆτε.
2866 1732 2977 1790 Τοῦ
3012 1730 3067 1788 δὲ
3096 1729 3172 1807 μὴ
3215 1729 3407 1789 εἰδέναι
3440 1753 3506 1807 με
3528 1774 3545 1803 ,
3575 1729 3672 1787 οὐκ
3703 1726 3866 1791 ἄλλος

2272 1824 2395 1897 ὑμῖν
2422 1820 2618 1893 αἴτιος,
2651 1822 2772 1878 ἀλλ’
2802 1820 2949 1879 αὐτοὶ
2990 1822 3212 1886 ἑαυτοῖς.
3246 1819 3509 1893 Ἀκούεις,
3544 1820 3572 1876 6
3609 1817 3701 1876 τὸν
3731 1813 3865 1897 Υἱίοῄν

559 1916 653 1989 qui
684 1915 884 1973 Filium
912 1917 1080 1989 impie
1104 1917 1252 1972 Patri
1292 1893 1555 1988 subjicis?
1577 1916 1691 1972 Nisi
1720 1893 2155 1972 consubstantia-

2274 1893 2614 1978 ὑποϐιϐάζων
2650 1908 2856 1975 ἀσεϐῶς
3020 1908 3236 1987 Πατρίς
3271 1912 3339 1970 Εἰ
3378 1908 3453 1986 μὴ
3501 1905 3774 1986 ὁμοούσιος
3805 1893 3873 1973 ἧν

556 2004 623 2061 lis
638 2013 782 2061 esset
802 2005 974 2073 Patri,
997 2005 1279 2076 quomodo
1302 2004 1531 2061 dixisset
1556 2022 1571 2060 :
1607 2027 1632 2054 ι
1658 2005 1715 2061 Si
1737 2020 1828 2059 me
1850 2002 2087 2071 sciretis,
2110 2009 2168 2058 et

556 2095 779 2149 Patrem
808 2109 996 2149 meum
1032 2093 1246 2149 sciretis
1273 2093 1502 2165 utique?
1536 2116 1562 2144 ι»
1607 2094 1662 2151 Si
1685 2093 1852 2163 enim,
1873 2102 1939 2149 ut
1965 2092 2168 2162 dicitis,

559 2189 810 2238 creatura
828 2182 1119 2249 estFilius,
1135 2182 1424 2254 quomodo
1440 2183 1533 2254 qui
1549 2182 2049 2250 novitcreaturam,
2070 2197 2170 2237 no-

558 2271 637 2326 vit
657 2278 713 2326 et
733 2274 951 2326 Deum?
973 2273 1098 2326 Non
1127 2272 1272 2326 enim
1293 2271 1384 2343 qui
1413 2272 1567 2328 novit
1583 2272 1947 2328 substantiam
1971 2269 2142 2341 angeli
2166 2323 2185 2354 ν

557 2360 715 2416 novit
729 2368 782 2416 et
802 2361 1170 2416 substantiam
1200 2361 1319 2416 Dei.
1342 2361 1484 2431 Quia
1506 2361 1677 2434 igitur
1704 2361 1801 2433 qui
1824 2361 1928 2418 scit
1941 2362 2166 2431 Filium,

556 2458 612 2505 et
637 2452 856 2505 Patrem
877 2448 1010 2517 scit;
1035 2450 1284 2520 sequitur
1308 2449 1566 2521 ejusdem
1587 2451 1912 2507 substantiae
1937 2466 2054 2507 esse
2067 2453 2169 2507 Pa-

555 2547 698 2593 trem
727 2553 857 2593 cum
896 2539 1052 2593 Filio.
1094 2538 1299 2606 Etiam,
1336 2538 1533 2611 inquit,
1565 2547 1618 2595 et
1646 2540 1695 2595 is
1725 2540 1820 2612 qui
1846 2548 2162 2597 creaturam

555 2625 728 2691 novit,
760 2625 915 2681 novit
939 2628 1138 2681 Deum.
1165 2626 1418 2683 Minime.
1445 2627 1609 2683 Multi
1631 2628 1807 2695 enim,
1832 2629 1949 2684 imo
1969 2644 2162 2685 omnes

556 2722 877 2770 creaturam
902 2715 1125 2785 quidem
1149 2723 1204 2770 et
1224 2715 1408 2772 vident
1423 2726 1479 2772 et
1499 2717 1699 2785 sciunt,
1723 2740 1748 2766 ιι
1778 2719 1953 2773 Deum
1976 2725 2162 2774 autem

551 2818 738 2875 neque
757 2802 894 2857 vidit
916 2803 1063 2875 quis,
1092 2820 1278 2876 neque
1299 2805 1450 2860 novit
1470 2805 1511 2858 ⁵.
1553 2827 1575 2856 υ
1607 2808 1745 2862 Haac
1765 2814 1954 2863 autem
1977 2807 2160 2878 loque-

554 2889 720 2946 batur
749 2892 911 2947 Jesus
939 2891 999 2946 in
1031 2892 1416 2964 gazophylacio
1442 2893 1503 2948 in
1532 2894 1716 2949 medio
1745 2895 1957 2965 templi,
1989 2903 2045 2951 et
2076 2895 2155 2951 ita

554 2978 726 3035 libere
745 2979 1095 3051 loquebatur.
1125 2987 1387 3037 Attamen
1414 2981 1507 3053 qui
1530 2982 1780 3039 occidere
1813 2983 1968 3039 illum
1999 2999 2151 3056 quae-

552 3068 769 3136 rebant,
800 3077 856 3124 et
880 3069 934 3123 in
963 3069 1219 3126 manibus
1238 3070 1389 3126 illum
1413 3070 1710 3140 habebant,
1738 3088 1854 3129 non
1881 3073 2155 3130 audebant

552 3156 963 3228 apprehendere
987 3173 1137 3214 eum.
1165 3160 1235 3215 Et
1264 3174 1441 3231 neque
1466 3159 1546 3215 sic
1575 3160 1981 3229 intellexerunt,
2004 3163 2151 3234 quod

2265 3158 2452 3217 πιάσαι
2489 3156 2667 3219 αὐτόν.

550 3261 741 3302 revera
774 3246 974 3303 divinae
1011 3247 1234 3304 virtutis
1263 3256 1382 3304 erat
1408 3264 1569 3321 opus,
1599 3249 1867 3322 stipatum
1905 3251 2156 3309 hostibus

550 3334 607 3390 in
632 3335 816 3391 medio
839 3336 1064 3392 illorum
1089 3337 1322 3393 illaesum
1345 3354 1565 3394 manere
1587 3355 1651 3394 ac
1668 3339 1956 3408 intactum,
1979 3342 2154 3397 maxi-

551 3438 643 3479 me
670 3440 804 3480 cum
832 3424 910 3480 illi
949 3434 1077 3485 ante
1114 3426 1322 3482 Pascha
1353 3442 1482 3483 eum
1511 3429 1883 3499 quaesiverint,
1922 3438 1979 3486 et
2025 3431 2156 3487 insi-

550 3512 685 3569 diati
712 3514 759 3569 ei
778 3511 1005 3571 fuerint.
1032 3516 1213 3585 Quem
1238 3517 1422 3589 igitur,
1446 3533 1575 3573 cum
1599 3534 1713 3575 non
1740 3520 1978 3591 adesset,
2002 3535 2153 3593 quaer

550 3601 768 3669 rebant,
821 3611 1016 3657 contra
1079 3619 1246 3675 quem
1298 3604 1633 3662 ferociebant
1684 3608 1766 3663 vel
1825 3608 2148 3680 absentem,

545 3688 697 3746 hunc
719 3690 779 3745 in
804 3691 1028 3748 medisis
1070 3693 1284 3750 retibus
1314 3693 1601 3764 habentes,
1651 3712 1845 3769 capere
1868 3706 2153 3770 nequeunt

546 3794 725 3850 neque
754 3780 1014 3836 virtutem
1036 3782 1152 3854 ejus
1172 3783 1252 3838 sic
1276 3793 1663 3857 agnoverunt:
1688 3809 1712 3834 α
1736 3786 1862 3859 quia
1878 3788 2150 3858 nondum,

546 3867 753 3939 inquit,
786 3878 1015 3926 venerat
1040 3870 1176 3927 hora
1202 3872 1342 3944 ejus,
1378 3896 1404 3922 ιο
1450 3872 1506 3930 id
1540 3883 1626 3930 est
1658 3874 1924 3933 idoneum
1953 3878 2152 3933 mortis

539 3965 786 4027 tempus,
829 3974 940 4029 quo
989 3975 1049 4015 se
1084 3960 1383 4018 traditurus
1425 3971 1566 4029 erat,
1596 3964 1848 4020 nondum
1897 3967 2145 4038 urgebat.

544 4046 765 4100 Etenim
784 4061 961 4117 neque
992 4055 1129 4103 tunc
1152 4050 1460 4119 potuissent
1489 4051 1695 4123 aliquid
1719 4052 1979 4109 adversus
1999 4070 2146 4125 eum,

558 4132 665 4187 nisi
694 4131 892 4189 fuisset
914 4142 1137 4207 tempus
1166 4145 1564 4208 opportunum,
1586 4155 1695 4210 quo
1720 4141 1834 4213 ipse
1862 4141 1965 4198 sibi
1993 4142 2147 4200 dele-

555 4229 730 4293 gerat.
782 4223 910 4278 Non
958 4223 1103 4279 enim
1172 4225 1512 4296 impotentiae
1564 4237 1682 4285 erat
1737 4232 2001 4304 cruciﬁgi,
2046 4232 2146 4289 sed

553 4311 956 4382 permissionis.
1015 4313 1274 4370 Permisit
1321 4316 1475 4371 enim
1514 4318 1734 4388 quando
1772 4320 1987 4376 voluit:
2017 4324 2147 4395 quia

550 4399 627 4454 illi
683 4400 1021 4473 jampridem
1080 4402 1457 4461 desiderabant
1522 4408 1771 4466 occidere
1820 4411 1996 4479 illum,
2052 4413 2149 4470 sed

2281 2004 2356 2078 τῷ
2388 1998 2594 2078 Πατρὶ,
2642 2001 2755 2065 πῶς
2802 1998 2866 2057 ἂν
2900 1987 3075 2070 εἶπεν,
3122 1995 3203 2057 ὅτι
3251 2026 3273 2051 ιι
3308 2000 3374 2058 Εἰ
3407 1997 3500 2075 ἐμὲ
3531 1996 3745 2076 ᾔδειτε,
3777 1989 3874 2051 καὶ
3959 2013 3968 2023 ·

2277 2089 2367 2146 τὸν
2411 2087 2633 2167 Πατέρα
2665 2086 2842 2167 ᾔδειτε
2874 2086 2969 2161 ἄν;
3006 2115 3029 2141 η
3068 2089 3133 2148 Εἰ
3170 2086 3274 2166 γὰρ
3317 2091 3439 2147 καθ’
3491 2091 3632 2162 ὑμᾶς
3666 2083 3874 2157 κτίσμα

2279 2177 2416 2236 ἐστὶν
2453 2181 2481 2236 6
2518 2176 2671 2251 Υἱὸς,
2707 2181 2819 2245 πῶς
2858 2180 2887 2237 6
2918 2175 3066 2244 εἰδὼς
3106 2178 3167 2238 τὸ
3205 2176 3440 2255 κτίσμα,
3488 2167 3596 2235 οἶδε
3655 2173 3749 2233 καὶ
3779 2169 3872 2230 τὸν

2278 2266 2415 2326 Θεόν
2439 2287 2456 2344 ;
2489 2268 2571 2326 Οὐ
2600 2266 2704 2346 γὰρ
2734 2266 2910 2338 δήπου
2942 2270 2969 2325 6
2989 2264 3137 2334 εἰδὼς
3160 2265 3256 2337 τὴν
3288 2267 3470 2326 οὐσίαν
3494 2271 3583 2325 τοῦ
3615 2262 3871 2343 ἀγγέλου,

2278 2346 2389 2415 οἶδε
2416 2355 2508 2415 καὶ
2539 2353 2631 2427 τὴν
2661 2361 2751 2414 τοῦ
2794 2360 2960 2417 Θεοῦ.
2996 2355 3151 2416 Ἐπεὶ
3188 2347 3276 2417 οὐν
3307 2360 3335 2415 6
3364 2358 3454 2415 τὸν
3484 2355 3612 2416 Υἱὸν
3663 2350 3821 2417 εἰδὼς
3846 2394 3865 2423 τ

2274 2444 2364 2503 καὶ
2417 2445 2506 2503 τὸν
2559 2444 2780 2522 Πατέρα
2830 2434 2967 2517 οἶδε,
3020 2449 3117 2517 τῆς
3175 2447 3337 2518 αὐτῆς
3386 2445 3491 2525 ἄρα
3543 2442 3727 2510 οὐσίας
3782 2442 3870 2516 τῷ

2275 2535 2455 2616 Πατρὶ
2485 2534 2675 2601 ὁΥἱός.
2711 2535 2818 2594 Ναὶ
2840 2582 2857 2614 ,
2899 2533 3096 2615 φησὶν,
3130 2537 3251 2594 ἀλλ’
3294 2538 3322 2593 6
3352 2533 3445 2606 τὴν
3486 2533 3658 2593 κτίσιν
3690 2528 3871 2599 εἰδὼς,

2270 2616 2376 2682 οἶδε
2412 2623 2505 2684 καὶ
2532 2622 2619 2683 τὸν
2646 2622 2805 2686 Θεόν.
2833 2626 3123 2700 Οὐδαμῶς·
3173 2624 3360 2685 πολλοὶ
3401 2624 3504 2704 γὰρ
3523 2668 3540 2699 ,
3567 2623 3773 2700 μᾶλλον
3809 2618 3871 2678 δὲ

2272 2712 2534 2787 ἅπαντες,
2584 2711 2681 2784 τὴν
2738 2712 2908 2771 κτίσιν
2964 2713 3060 2791 μὲν
3114 2714 3210 2794 καῖ
3259 2717 3452 2794 ὁρῶσι,
3531 2710 3622 2771 καὶ
3668 2710 3868 2770 οἴδασι·

2270 2804 2409 2864 Θεὸν
2447 2800 2503 2860 δὲ
2546 2800 2666 2860 οὔτε
2706 2805 2807 2881 δρᾷ
2839 2825 2917 2868 τις
2938 2848 2953 2876 ,
3010 2800 3127 2860 οὔτε
3160 2793 3513 2863 οἷδε.⁷1“αῦτα
3541 2803 3595 2858 δὲ
3625 2800 3807 2859 ἐλάλει
3839 2801 3869 2856 6

2273 2891 2476 2961 Ἰησοῦς
2521 2891 2571 2948 ἐν
2601 2894 2679 2948 τῶ
2709 2890 3087 2972 γαζοφυλακίῳ
3133 2894 3187 2951 ἐν
3219 2890 3368 2972 μέσῳ
3407 2897 3499 2951 τοῦ
3550 2892 3712 2968 ἱεροῦ·
3770 2885 3871 2946 καὶ

2266 2980 2433 3046 οὕτως
2472 2979 2917 3060 ἐπαῤῥησιάζετο.
2956 2979 3066 3040 Καὶ
3101 2978 3247 3058 ὅμως
3298 2983 3558 3062 φονῶντες
3605 2976 3723 3037 κατ’
3757 2979 3868 3034 αὐ-

2262 3073 2387 3143 τοῦ,
2444 3068 2535 3127 καὶ
2589 3070 2642 3126 ἐν
2698 3068 2880 3147 χερσὶν
2934 3070 3092 3128 αὐτὸν
3150 3069 3397 3150 ἔχοντες,
3460 3071 3557 3128 οὐκ
3615 3065 3867 3143 ἐτόλμων

2759 3155 2900 3218 Οὐδὲ
2949 3156 3088 3217 οὕτω
3131 3157 3415 3231 συνίεσαν,
3472 3157 3555 3217 ὅτι
3598 3156 3740 3221 θείας
3783 3158 3867 3234 τῷ

2266 3249 2375 3307 ὄντι
2406 3245 2683 3324 δυνάμεως
2736 3245 2885 3326 ἔργον
2934 3247 3078 3321 ἐστὶ,
3120 3246 3180 3306 τὸ
3211 3252 3263 3307 ἐν
3315 3248 3465 3328 μέσῳ
3519 3250 3624 3306 τῶν
3655 3247 3866 3324 ἐχθρῶν

2264 3333 2742 3417 περιειλημμένον,
2819 3335 3036 3407 ἀϐλαϐῆ
3084 3337 3452 3415 διατηρεῖσθαι
3498 3334 3592 3395 καὶ
3645 3339 3859 3404 ἀνεπη-

2266 3426 2515 3506 ρέαστον,
2567 3426 2658 3483 καὶ
2689 3432 2895 3499 ταῦτα,
2943 3424 3236 3497 ζητούντων
3279 3425 3437 3486 αὐτὸν
3470 3424 3574 3504 πρὸ
3603 3428 3694 3483 τοῦ
3743 3422 3868 3482 Πά-

2263 3537 2370 3593 σχα
2407 3516 2552 3593 (28)
2598 3514 2691 3574 καὶ
2740 3514 3135 3593 ἐνεδρευόντων.
3169 3513 3270 3574 Ὃν
3307 3506 3396 3574 οῦν
3449 3514 3525 3593 μὴ
3575 3514 3703 3574 ὄντα
3744 3511 3871 3583 ἐζή-

2260 3626 2415 3683 τουν,
2456 3604 2549 3663 καὶ
2580 3603 2699 3662 καθ’
2738 3594 2796 3663 οὐ
2838 3604 3112 3683 ἡγρίαινον
3159 3604 3251 3663 καὶ
3300 3604 3553 3677 ἀπόντος,
3583 3608 3771 3663 τοῦτον
3803 3604 3863 3661 ἐν

2263 3693 2446 3771 μέσοις
2519 3701 2625 3760 τοῖς
2682 3691 2907 3759 δικτύοις
2966 3691 3176 3773 ἔχοντες
3244 3684 3381 3766 εἶτα,
3441 3696 3517 3772 μὴ
3575 3692 3867 3769 δυνάμενοι

2259 3785 2427 3856 ἑλεῖν,
2482 3782 2601 3841 οὐδὲ
2655 3780 2817 3850 οὕτως
2871 3783 3223 3860 ἐπεγίνωσκον
3268 3784 3364 3854 τὴν
3417 3785 3576 3842 αὐτοῦ
3607 3783 3863 3859 δύναμιν.

2266 3895 2294 3931 α
2325 3871 2457 3932 ⁰¹Οτι
2500 3870 2678 3945 οὔπω,
2725 3872 2918 3950 φησὶν,
2953 3873 3193 3944 ἐληλύθει
3240 3877 3274 3944 ἡ
3309 3871 3423 3951 ὥρα
3456 3875 3637 3933 αὐτοῦ·
3672 3900 3696 3928 ιο
3727 3895 3864 3930 του·

2257 3962 2452 4033 τέστιν,
2479 3965 2508 4020 6
2553 3960 2846 4032 ἐπιτήδειος
2891 3962 3069 4041 καιρὸς
3107 3967 3196 4021 τοῦ
3230 3962 3457 4021 θανάτου
3505 3964 3666 4021 αὐτοῦ
3693 3960 3853 4021 οὔπω

2259 4050 2580 4124 ἐνειστήκει,
2627 4052 2745 4109 καθ’
2776 4049 2832 4109 ὃν
2874 4050 3097 4130 ἔμελλεν
3130 4050 3316 4111 ἑαυτὸν
3361 4052 3564 4114 δοῦναι.
3603 4051 3716 4112 Καὶ
3746 4050 3861 4132 γὰρ

2258 4139 2349 4197 καὶ
2382 4138 2500 4198 τότε
2530 4143 2623 4198 οὐκ
2654 4138 2715 4197 ἂν
2744 4138 2972 4220 ἴσχυσαν
3002 4144 3125 4199 κατ’
3167 4143 3359 4214 αὐτοῦ,
3393 4143 3438 4199 εἷ
3464 4140 3539 4217 μὴ
3575 4132 3640 4214 ἦν
3674 4139 3864 4219 καιρὸς

2259 4231 2286 4287 6
2314 4232 2632 4312 προσήκων,
2679 4229 2735 4288 ὃν
2781 4231 2936 4297 αὐτὸς
2984 4234 3159 4290 ἑαυτῶ
3208 4229 3580 4309 ἐταμιεύσατο.
3627 4232 3709 4293 Οὐ
3750 4228 3864 4312 γὰρ

2260 4319 2552 4395 ἀδυναμίας
2598 4310 2662 4389 ἧν
2710 4320 2770 4379 τὸ
2819 4325 3222 4400 σταυρωθῆναι,
3265 4322 3407 4384 ἀλλὰ
3435 4310 3855 4402 συγχωρήσεως.

2261 4407 2617 4489 Συνεχώρησε
2667 4408 2799 4489 γὰρ,
2856 4409 2982 4468 ὅταν
3041 4409 3316 4481 ἠϐούλετο·
3375 4411 3493 4471 ἐπεὶ
3551 4410 3741 4470 ἐκεῖνοί
3788 4432 3861 4487 γε

550 4489 876 4546 tenebantur
918 4491 1274 4549 invisibilibus
1300 4494 1534 4551 vinculis
1568 4497 1783 4554 virtutis
1815 4515 1944 4556 suae.
1973 4503 2145 4574 Opor-

2265 4497 2490 4557 ἔκπαλαι
2524 4496 2818 4575 ἐπεθύμουν
2853 4504 2942 4557 τοῦ
2995 4504 3297 4559 θανατῶσαι
3331 4502 3488 4561 αὐτὸν
3509 4546 3526 4575 ,
3575 4500 3713 4559 ἀλλὰ
3754 4524 3864 4558 κα-

550 4578 702 4635 tebat
731 4579 878 4635 enim
908 4596 1040 4637 eum
1069 4581 1271 4638 diutius
1325 4585 1533 4640 versari
1581 4586 1639 4641 in
1686 4587 1795 4644 vita
1838 4591 2145 4648 secundum

549 4683 793 4736 carnem,
817 4677 879 4725 ut
899 4669 1212 4728 hominibus
1231 4673 1456 4745 majoris
1476 4675 1729 4733 utilitatis
1757 4677 1911 4735 ﬁeret
1928 4691 2142 4751 auctor,

547 4757 913 4814 monstrando
952 4758 1103 4831 signa
1145 4769 1202 4817 et
1243 4776 1534 4834 sermones.
1572 4774 1627 4820 et
1654 4765 1947 4825 doctrinas.
2005 4772 2142 4840 Qui-

547 4844 681 4901 dam
712 4855 898 4902 autem
923 4847 1082 4917 illud,
1120 4868 1148 4900 α
1170 4850 1282 4905 Ubi
1303 4860 1385 4907 est
1414 4861 1570 4922 pater
1594 4858 1760 4912 tuus?
1788 4875 1817 4909 »
1851 4857 1928 4913 sic
1954 4858 2145 4915 intelli-

551 4941 690 5006 gunt
713 4934 926 4992 dictum
961 4953 993 4992 a
1033 4938 1242 4994 Judaeis
1271 4940 1339 4996 ad
1369 4943 1694 5014 Dominum,
1719 4947 1873 5017 quasi
1899 4947 1967 5003 ad
1993 4949 2142 5021 inju-

548 5023 691 5079 riam
739 5032 795 5079 et
816 5026 1078 5096 probrum
1115 5045 1126 5081 :
1162 5029 1565 5099 exprobrabant
1612 5033 1763 5089 enim
1805 5036 1851 5091 ei
1892 5037 2047 5108 quasi
2075 5054 2141 5095 ex

540 5110 907 5170 fornicatione
930 5125 1092 5171 natus
1119 5117 1291 5189 619
1319 5129 1493 5188 esset;
1523 5129 1579 5177 et
1606 5124 1758 5195 quasi
1789 5140 1903 5181 non
1932 5143 2138 5199 cogno-

541 5208 725 5258 sceret
751 5211 962 5275 patrem
983 5220 1171 5273 suum,
1196 5206 1317 5264 haec
1332 5209 1605 5266 dicebant.
1630 5215 1698 5267 Et
1725 5213 1904 5283 aliter,
1924 5224 2140 5287 patrem

540 5289 659 5361 ejus
699 5300 762 5348 ut
788 5292 953 5350 vilem
996 5293 1277 5352 habebant
1303 5299 1507 5372 Joseph
1552 5317 1566 5356 :
1603 5309 1658 5357 et
1687 5301 1878 5359 dicunt
1907 5322 1922 5360 :
1967 5327 1994 5354 «
2025 5308 2139 5364 Ubi

609 5450 630 5483 ⁸
657 5452 816 5510 Joan.
849 5456 894 5523 Ι,
923 5462 1006 5514 18.

2254 4587 2491 4667 τείχοντο
2544 4595 2651 4655 τοῖς
2708 4587 2953 4668 ἀοράτοις
3006 4589 3222 4665 δεσμοῖς
3278 4595 3367 4663 τῆς
3426 4588 3608 4670 ἰσχύος
3658 4592 3850 4651 αὐτοῦ.

2251 4675 2406 4737 Ἔδει
2455 4676 2557 4757 γὰρ
2613 4677 2769 4737 αὐτὸν
2820 4678 2904 4737 ἐπὶ
2955 4680 3138 4737 πλεῖον
3200 4679 3527 4761 ἐνδιατρίψαι
3708 4681 3859 4741 κατὰ

2254 4766 2428 4847 σάρκα
2489 4769 2627 4844 ζωῇ,
2682 4764 2768 4824 ἴνα
2808 4767 3047 4835 πλείονος
3094 4769 3353 4849 ὠφελείας
3401 4777 3507 4836 τοῖς
3556 4768 3862 4849 ἀνθρώποις

2250 4854 2467 4933 γένηται
2514 4854 2757 4934 πρόξενος
2805 4856 2891 4914 διά
2944 4880 3001 4916 τε
3052 4857 3289 4933 σημείων
3336 4857 3598 4918 πλειόνων
3652 4857 3861 4916 ἐπιδείο

2252 4943 2405 5019 ξεως,
2457 4945 2548 5003 καὶ
2577 4946 2748 5023 λόγων
2785 4946 3151 5013 διδασκαλίας.
3268 4948 3422 5015 Τινὲς
3454 4946 3509 5006 δὲ
3539 4946 3635 5022 τὸ,
3671 4974 3695 5002 c
3729 4949 3857 5008 Ποῦ

2250 5035 2391 5093 ἔστιν
2421 5039 2449 5094 6
2497 5036 2676 5114 πατήρ
2717 5058 2843 5108 σου,
2885 5063 2905 5087 υ
2951 5036 3091 5095 οὕτω
3148 5042 3351 5098 νοοῦσιν
3409 5039 3653 5115 εἰρῆσθαι
3700 5036 3858 5115 παρὰ

2247 5128 2351 5183 τῶν
2403 5123 2673 5185 Ἰουδαίων
2722 5124 2852 5204 πρὸς
2899 5125 2988 5184 τὸν
3024 5126 3252 5207 Κύριον,
3300 5131 3372 5195 ὡς
3427 5127 3513 5207 ἐφ’
3563 5125 3713 5206 ὕϐρει
3752 5125 3857 5184 καὶ

2248 5215 2455 5274 ὀνείδει.
2506 5211 2841 5293 Ὑϐρίζοντες
2882 5214 2985 5295 γὰρ
3029 5218 3187 5276 αὐτὸν
3238 5218 3310 5282 ὡς
3357 5216 3418 5274 ἐκ
3464 5215 3710 5296 πορνείας
3761 5237 3859 5293 γε-

2247 5304 2473 5384 γονότα,
2508 5302 2597 5361 καὶ
2632 5303 2707 5381 μὴ
2742 5304 3071 5381 γινώσκοντα
3100 5303 3189 5363 τὸν
3221 5304 3429 5385 πατέρα
3477 5308 3670 5384 αὐτοῦ,
3716 5309 3855 5364 ταῦ-

1517 5594 1609 5654 Ex
1652 5594 1985 5661 collatione
2029 5599 2218 5666 codd.
2268 5601 2486 5665 Venet.
2532 5604 2595 5666 S.
2642 5602 2858 5667 Marci.

601 5702 717 5768 (28)
750 5699 889 5758 Cod.
933 5707 1021 5774 32,
1052 5706 1148 5777 πρὸ
1172 5712 1259 5761 τοῑ)¹
1299 5709 1484 5780 Πάσχα
1510 5713 1701 5767 πιάσαι.
