2099 3223
176 246 212 274 l7
563 243 758 272 ENARRATIO
777 244 811 272 IN
830 244 1046 272 EVANGELIUM
1065 245 1215 273 JOANNIS.
1235 259 1270 264 —
1293 244 1367 271 CAP.
1389 245 1456 272 Vili.
1802 246 1834 272 18

169 308 207 338 τί
220 318 314 349 φασιν·
333 306 352 344 ἢ
371 306 418 338 καὶ
431 307 470 341 ὣς
506 306 626 340 εὐτελοῦς
646 307 720 341 ὄντος
733 309 779 336 τοῦ
802 307 967 346 νομιζομένοι

1033 311 1074 335 est
1085 307 1131 335 ille
1145 311 1223 342 pater
1237 311 1301 335 tuus
1323 308 1334 334 Ρ
1361 319 1373 331 ιι
1390 306 1467 343 quasi
1483 306 1615 340 dicerent,
1632 307 1774 335 Obscurus
1790 311 1833 334 est

169 352 276 393 πατρὸς
297 353 379 383 αὐτοῦ
405 354 452 382 τῶ
478 351 602 392 Ἰωσὴφ,
628 354 705 381 τοῦτο
733 351 848 391 λέγουσι·
877 364 892 379 κ
916 354 967 382 Ποῖ

1028 357 1056 380 et
1070 352 1197 389 ignobilis
1210 357 1287 387 pater
1301 357 1375 386 tuus,
1386 351 1449 388 quid
1465 352 1539 379 illum
1559 355 1703 387 tantopere
1723 352 1833 387 jactus?

168 399 244 428 ἐστιν
270 399 286 428 ὃ
313 397 413 438 Πατήρ
437 408 499 434 σου,
517 409 530 423 ν
550 396 646 426 ὡσανεὶ
666 397 796 436 λέγοντες·
822 396 934 437 Ἇφανής
956 398 1012 426 ἐστι
1035 398 1081 427 καὶ
1110 397 1236 436 δυσγενὴς
1264 400 1277 427 ὃ
1304 397 1394 438 πατήρ
1426 409 1481 427 σουο
1506 397 1532 426 τί
1564 397 1642 426 αὐτὸν
1674 399 1738 435 ἡμῖν
1774 397 1829 426 ἅνω

166 442 425 484 καὶκιίῃιφίρξιςι

211 501 224 515 ι
247 482 334 518 Εἶπον
349 482 394 517 οὖν
408 486 490 517 πάλιν
504 486 593 520 αὐτοῖς
606 488 621 516 ὃ
636 486 749 522 Ἰησοῦς·
771 486 845 525 Ἐγὼ
860 486 971 525 ὑπάγω,

167 532 219 563 ut
232 531 368 568 ζητήσετέ
386 543 421 570 με
442 531 489 561 καὶ
504 532 554 572 οὐχ
574 531 699 570 εὑρήσετε
710 555 718 568 ,
734 530 780 560 καὶ
794 533 820 560 ἐν
835 534 867 571 τῇ
880 531 971 571 ἆμαρ-

165 577 214 618 τίς
227 577 307 615 δμῦν
327 577 511 607 ἀποθανεῖσθε.
536 574 628 618 ⁸⁷(ξἰτου
652 575 705 613 ἐγὼ
719 576 831 614 ὑπάγω,
852 579 926 614 ὑμεῖς
941 578 970 605 οὐ

165 615 284 652 δύνασθε
297 621 393 651 ελοεῖν.
418 618 534 660 Ἔλεγον
549 615 594 650 οὖν
618 621 642 649 οἱ
656 620 793 650 Ἰουδαῖοι·
811 620 886 655 Μήτι
901 622 967 650 ἄπο-

166 670 259 696 ιτινιῖ
270 665 379 703 iam,
397 665 440 696 ἔτι
452 664 540 705 λέγει,
551 663 644 694 Ὅπου
660 665 713 704 ἐγὼ
729 665 839 703 ὑπάγω,
855 667 929 704 ὑμεῖς
941 667 970 694 οὖ

165 710 284 742 δύναά
309 710 410 746 (Mair;
438 709 492 740 Καὶ
521 705 592 740 εἶπεν
617 710 715 743 αὐτοῖς·
740 710 836 748 Ὑμεῖς
863 711 893 739 ἐκ
920 712 971 739 τῶν

164 755 244 786 κάτω
272 754 351 792 ἕατὲ,
381 753 435 794 ἐγὼ
458 756 488 784 ἐκ
511 755 564 784 τῶν
590 754 646 783 ἄνω
676 755 739 793 εἶμί·
765 756 839 793 ὑμεῖς
868 756 897 784 ἐκ
924 758 970 784 τοῦ

168 800 276 839 κόσμου
291 799 351 830 led
360 823 369 838 ,
383 799 437 839 ἐγὼ
451 800 482 829 ἐκ
492 801 540 829 τοῦ
553 798 655 837 κόσμου
670 798 763 829 τούτου
779 800 826 829 οὐχ
845 799 908 837 εἰμί.
921 794 970 829 Εἷ-

168 857 223 875 πυν
251 840 298 874 οἷν
320 845 398 882 ὑμῖν,
423 844 465 874 ὅτι
486 845 660 874 ἀποθανεῖσθε
686 845 713 873 ἐν
737 846 797 877 ταῖς
824 844 970 884 ἁμαρτίαις

1062 493 1151 520 Vnus.
1167 495 1263 520 21—24.
1283 504 1293 516 -
1311 492 1380 520 dixit
1395 500 1460 528 ergo
1484 492 1584 520 iterum
1600 491 1638 519 eis
1649 492 1730 519 Jesus
1744 502 1750 519 :
1769 492 1828 525 Ego

1027 537 1107 570 vado,
1118 541 1145 564 et
1160 537 1286 573 qumrctis
1301 545 1346 565 me
1360 542 1387 565 et
1396 545 1452 564 non
1466 537 1606 565 invenietis
1619 537 1666 571 (α),
1678 536 1743 564 etin
1762 543 1829 570 pec-

1026 586 1086 609 cato
1102 587 1192 610 vestro
1208 582 1373 610 moriemini.
1392 582 1452 616 Quo
1468 590 1518 618 ego
1533 582 1618 615 vado,
1634 590 1682 609 vos
1702 589 1758 608 non
1778 588 1829 616 po-

1024 627 1100 654 testis
1113 627 1217 654 venire?
1231 627 1367 655 Dicebant
1377 635 1440 663 ergo
1461 627 1550 654 Judaei
1572 637 1577 654 :
1599 628 1671 654 Num
1684 621 1829 653 interliciet

1026 672 1215 707 semetipsum,
1238 672 1300 707 quia
1327 672 1394 700 dicit
1422 681 1428 699 :
1446 672 1507 706 Quo
1522 679 1572 706 ego
1598 670 1684 703 vado,
1705 677 1752 697 vos
1768 678 1825 697 non

1030 717 1145 752 potestis
1157 717 1266 744 venire?
1283 718 1316 744 Et
1330 716 1438 744 dicebat
1451 717 1490 744 eis
1507 726 1513 744 2
1529 717 1585 744 Vos
1593 716 1627 743 ab
1642 715 1737 743 inferis
1752 714 1827 746 estis,

1026 769 1076 797 ego
1089 761 1123 789 de
1141 762 1267 797 superuis
1281 769 1352 789 sum.
1371 763 1426 789 Vos
1439 761 1474 789 de
1493 761 1597 788 mundo
1618 760 1670 788 hoc
1684 760 1760 791 estis.
1777 767 1827 794 ego

1026 806 1061 834 de
1088 806 1192 833 mundo
1218 806 1272 833 hoc
1301 814 1357 833 non
1379 814 1452 833 sum.
1471 806 1535 833 Dixi
1558 813 1622 840 ergo
1648 805 1736 838 vobis,
1753 804 1826 839 quod

1028 849 1185 877 moriemini
1199 850 1227 877 in
1243 850 1360 886 peccatis
1374 850 1480 878 vestris.
1498 850 1527 877 Si
1541 850 1613 877 enim
1627 857 1683 876 non
1701 848 1826 876 credide-

169 891 261 929 ὑμῖν.
278 888 346 919 Ἐὰν
369 888 423 930 γὰρ
439 889 478 928 μὴ
491 888 649 925 πιστεύσητε
660 911 669 925 ,
685 889 726 918 ὅτι
746 888 797 928 ἐγώ
811 890 884 926 εἰμι,
906 891 967 918 ἀπο-

1029 895 1090 922 ritis
1104 895 1178 930 quod
1187 903 1237 930 ego
1251 903 1324 928 sum,
1342 894 1500 922 moriemini
1514 895 1543 921 in
1559 894 1677 929 peccatis
1690 893 1797 920 vestris.
1812 904 1824 916 ιι

169 936 294 964 οακὶσοι
311 935 341 964 ἰν
366 937 425 967 ταῖς
453 933 596 973 ἁμαρτίαις
621 935 706 971 ὑμῶν.
739 947 751 959 ι
776 934 855 968 Τίνος
884 934 971 963 ἕνεκεν

168 978 299 1019 συχνάκις
314 979 403 1012 αὑτοῖς
414 979 487 1018 λέγει
502 978 533 1007 τὸ
545 1002 551 1014 ,
573 992 584 1004 -
602 977 678 1017 Ἐγὼ
700 978 794 1017 ὑπάγω
805 1001 812 1015 ,
828 978 873 1008 καὶ
891 979 970 1014 ζητή-

165 1024 232 1054 σετέ
250 1035 301 1062 μοι
315 1034 331 1052 ι
353 1021 441 1054 Ὥστε
465 1023 624 1052 κατασεῖσαι
640 1024 728 1052 αὐτῶν
744 1025 790 1052 καὶ
818 1023 970 1063 ἐκφοϐῆσαι

167 1068 219 1102 τὰς
237 1067 335 1109 ψυχάς.
349 1068 424 1108 Ὅρα
439 1066 491 1107 γὰρ
513 1069 568 1100 πῶς
587 1069 624 1102 εἷς
640 1067 768 1107 φροντίδα
791 1067 862 1101 εὐθὺς
878 1068 971 1097 ἐνέπε-

167 1111 270 1151 uno:
287 1114 474 1152 διαποροῦντες
498 1111 598 1150 ἔλεγον·
621 1126 633 1138 ι
650 1111 726 1148 Μήτι
743 1113 883 1142 ἀποκτενεῖ
905 1115 969 1142 Eatu-

166 1157 232 1195 dv;
247 1171 263 1184 ι
281 1157 369 1187 καίτοι
384 1159 574 1193 ἐπιθυμοῦντες
598 1157 788 1196 ἀπαλλαγῆναι
813 1158 908 1195 αὐτοῦ,
924 1157 969 1186 καὶ

166 1203 199 1232 ιιι
210 1202 295 1242 μέσου
310 1201 388 1232 αὐτὰν
403 1200 526 1240 γενέσθαι
545 1201 699 1241 εὐχόμενοι,
716 1201 763 1230 καί
778 1213 828 1230 που
846 1202 892 1230 καὶ
908 1203 967 1231 ἀνε-

165 1247 225 1276 λεῖν
246 1246 411 1288 βουλόμενα·
433 1244 507 1285 ὅμως
530 1245 597 1275 οὕτω
613 1258 638 1275 τι
651 1245 721 1285 μέγα
740 1245 801 1286 περὶ
818 1249 863 1275 τοῦ
881 1247 967 1285 πράγο

165 1303 251 1330 ιιι-ως
270 1290 499 1332 ἰφαντάσθησαν,
526 1290 597 1320 ὥστε
630 1291 766 1330 διαπορεῖν
789 1291 849 1330 περὶ
876 1292 966 1321 αὑτοῦ.

164 1335 241 1375 Ἅμα
264 1336 295 1366 δὲ
316 1335 444 1376 συχνάκις
464 1335 538 1375 λέγει
553 1346 578 1365 τ·
604 1335 632 1365 «ίό
645 1334 721 1374 Ἐγὼ
744 1335 855 1374 ὑπάγω,
878 1350 890 1361 ιι
916 1337 966 1365 δει-

165 1380 231 1415 κνὺς
243 1380 286 1410 ὄτι
310 1379 488 1421 προγινώσκει
502 1379 548 1409 τὸν
562 1380 658 1410 οἰκεῖον
679 1380 792 1410 θάνατον
802 1402 809 1415 ,
827 1380 872 1409 καὶ
887 1382 921 1413 ὡς
938 1382 967 1410 οὐ

164 1427 214 1462 τῆς
227 1426 318 1456 acilii:
339 1424 477 1463 δυνάμεως
495 1423 570 1465 ἔργον
591 1426 606 1454 ὁ
627 1424 756 1464 σταυρὸς,
771 1424 840 1453 ἀλλὰ
854 1427 900 1460 τ’ἤς
916 1426 965 1454 αὐ-

163 1471 212 1500 τοῦ
234 1468 398 1510 βουλήσεως.
419 1468 536 1508 Ὑπάγω
552 1468 604 1509 γὰρ
612 1491 621 1506 ,
646 1470 726 1510 φησὶν
739 1493 748 1506 ,
769 1470 819 1508 οὐχ
844 1471 919 1508 ὑμεῖς
935 1482 966 1506 με

166 1514 261 1554 ἄγετε,
276 1514 338 1544 ἀλλ’
352 1513 406 1554 ἐγὼ
419 1513 557 1549 ἐθελοντὴς
572 1513 730 1554 πορεύομαι.
753 1513 802 1544 Ἐν
825 1513 853 1543 δὲ
875 1516 913 1554 τῷ
933 1516 968 1543 εἶ-

1026 941 1085 975 Qua
1097 939 1131 967 de
1145 947 1226 967 causa
1242 939 1338 966 crebro
1348 939 1399 966 illis
1411 939 1488 973 dicit,
1508 950 1519 962 ιι
1533 940 1590 974 Ego
1602 938 1684 971 vado,
1706 942 1734 965 et
1749 945 1827 973 qum—

1026 984 1090 1011 retis
1105 985 1166 1011 me?
1179 996 1190 1007 ιι
1204 985 1243 1012 Ut
1257 984 1293 1011 ita
1304 984 1444 1011 concutiat
1451 988 1477 1011 et
1487 987 1586 1010 terreat
1600 983 1708 1010 animos
1717 990 1825 1009 eorum.

1026 1029 1062 1056 Et
1077 1028 1138 1056 vide
1154 1036 1238 1064 quam
1252 1028 1344 1056 statim
1357 1028 1504 1056 inciderint
1523 1028 1551 1055 in
1567 1035 1645 1054 curas
1660 1031 1687 1054 et
1702 1026 1823 1062 perplexi

1024 1073 1117 1101 animo
1143 1073 1280 1106 dicebant,
1298 1084 1310 1097 «
1331 1072 1465 1109 Nunquid
1484 1072 1633 1100 interliciet
1647 1071 1787 1107 seipsum?
1810 1083 1823 1095 ιι

1025 1118 1155 1153 Quamvis
1166 1118 1311 1154 cupiebant
1324 1118 1358 1145 ab
1374 1118 1420 1146 illo
1434 1117 1552 1149 liberari,
1567 1121 1594 1144 et
1614 1117 1693 1144 illum
1704 1124 1719 1144 e
1734 1115 1825 1144 medio

1025 1163 1083 1190 tolli
1097 1163 1248 1199 optabant,
1268 1167 1350 1198 atque
1368 1163 1451 1190 etiam
1464 1162 1588 1189 occidere
1615 1161 1800 1189 moliebantur
1816 1169 1823 1188 :

1025 1211 1150 1235 attamen
1165 1208 1202 1235 ita
1218 1215 1350 1243 magnum
1365 1207 1501 1242 quiddam
1525 1207 1558 1234 de
1581 1206 1631 1234 hac
1641 1214 1671 1233 re
1686 1206 1824 1242 imagina-

1024 1251 1134 1286 bantur,
1147 1256 1178 1280 ut
1189 1252 1316 1288 perplexo
1328 1251 1509 1279 redderentur
1515 1251 1621 1278 animo.
1630 1252 1746 1285 Insuper
1752 1257 1825 1285 saepe

1023 1296 1141 1330 dicebat,
1161 1306 1174 1322 ‹‹
1188 1299 1246 1332 Ego
1261 1295 1330 1324 vado
1349 1305 1356 1322 :
1374 1308 1387 1319 ιι
1411 1300 1441 1323 ut
1455 1299 1595 1323 monstret
1608 1294 1682 1330 quod
1698 1294 1825 1330 praesciat

1023 1349 1101 1369 suam
1116 1345 1247 1374 mortem,
1273 1345 1300 1368 et
1315 1340 1391 1376 quod
1414 1348 1470 1368 non
1494 1340 1605 1367 illorum
1619 1340 1730 1367 virtutis
1749 1346 1820 1374 opus

1023 1394 1089 1413 crux
1117 1386 1161 1417 sit,
1190 1385 1237 1413 sed
1265 1385 1391 1421 ejusdem
1412 1384 1561 1412 voluntatis
1588 1392 1655 1412 suae.
1683 1384 1790 1411 «Vado
1809 1395 1821 1407 ιι

1023 1430 1109 1463 enim,
1131 1430 1232 1466 inquit;
1248 1438 1304 1457 non
1323 1438 1370 1457 vos
1385 1438 1430 1457 me
1457 1429 1567 1462 ducitis,
1583 1428 1631 1456 sed
1658 1436 1707 1465 ego
1723 1432 1823 1464 sponte

1024 1475 1101 1503 vado.
1129 1475 1254 1502 Dicendo
1277 1479 1390 1502 autem:
1410 1484 1424 1500 «
1440 1475 1495 1502 Vos
1514 1482 1569 1501 non
1595 1473 1710 1509 potestis
1732 1473 1824 1500 venire

1024 1527 1078 1555 quo
1107 1527 1157 1555 ego
1191 1519 1271 1553 vado,
1289 1530 1301 1543 ι»
1323 1518 1443 1547 ostendit
1461 1517 1534 1554 quod
1559 1521 1764 1546 resurrecturus
1788 1517 1824 1544 sit

163 1560 244 1595 πεῖν,
267 1557 312 1588 ὅτι
338 1570 354 1586 ι
369 1557 464 1596 Ὑμιῒς
493 1559 524 1588 οὐ
549 1557 660 1588 δύνασθε
693 1558 796 1594 ἐλθεῖν,
828 1558 894 1588 ὅπου
918 1558 967 1596 ἐγὼ

1023 1564 1079 1599 ipse
1093 1564 1206 1600 quidem
1225 1564 1250 1591 in
1265 1563 1364 1599 gloria,
1380 1568 1407 1590 et
1425 1570 1607 1591 consessurus
1621 1561 1658 1590 ad
1678 1562 1822 1590 dexteram

162 1603 280 1644 διάγω,
302 1616 315 1630 ι
328 1601 477 1640 διίκνυσιν,
494 1604 530 1637 ὡς
553 1602 607 1642 ἄρα
623 1603 804 1638 ἀναστήσεται
820 1603 868 1641 μὲν
891 1603 968 1637 αὐτὸς

163 1647 192 1677 ἓν
213 1646 296 1687 δόξῃ,
312 1646 359 1678 καὶ
371 1649 505 1677 ιαθιεῖται
525 1648 557 1677 ἐκ
578 1647 668 1682 δεξιῶν
690 1649 735 1677 τοῦ
748 1648 820 1677 Θεοῦ
830 1670 837 1684 ,
853 1647 926 1677 αὐτοὶ
941 1648 967 1677 δὲ

163 1693 192 1722 ἓν
219 1693 282 1726 ταῖς
318 1690 462 1733 ἁμαρτίαις
493 1693 580 1721 αὐτῶν
607 1693 812 1722 ἀποθανοῦνται.
854 1692 967 1722 Ἐκεῖνοι

161 1735 252 1767 τοίνυν
270 1735 299 1766 τί
322 1736 390 1777 πρὸς
413 1736 500 1767 ταῦτά
514 1748 596 1777 φασι;
611 1749 624 1763 σι
640 1736 714 1772 Μήτι
738 1737 880 1766 ἀποκτενεῖ
903 1739 966 1766 ἑαυ-

160 1781 229 1821 ύνς
254 1794 269 1808 ι
293 1779 330 1812 Ὅ
351 1780 380 1810 δὲ
410 1780 511 1820 Κύριος
534 1781 650 1821 ἀναιρῶν
677 1780 777 1817 ταύτην
804 1782 891 1810 αὐτῶν
917 1782 964 1816 τὴν

161 1825 308 1864 ὑπόνοιαν,
327 1825 375 1856 καὶ
397 1824 500 1859 δεικνὺς
518 1824 560 1855 ὅτι
581 1827 628 1855 οὐκ
646 1825 717 1855 ἔστιν
733 1825 806 1858 ἐκτὸς
829 1826 962 1865 κατακρί-

161 1881 232 1904 «an:
245 1868 278 1900 τὸ
298 1869 486 1900 ἂκωιτιννῦναι
502 1870 613 1907 ἑαυτὸν,
630 1869 721 1911 φησίν·
744 1869 837 1908 Ὑμεῖς
859 1871 889 1899 ἐκ
911 1872 963 1899 τῶν

162 1915 242 1945 κᾶτα·
262 1913 352 1949 ἅτις.
376 1914 424 1945 καὶ
448 1914 532 1954 μηδὲν
558 1917 628 1944 θεῖον
656 1915 779 1950 ἐννοῆσαι
805 1914 961 1952 δυνάμενοι,

162 1958 314 1993 ἀκολούθως
333 1961 445 1989 τοιαῦτα
467 1961 560 1989 νοεῖτε·
596 1958 650 1998 ἐγὼ
674 1958 702 1988 δὲ
729 1958 768 1998 μὴ
797 1958 834 1988 ὢν
861 1960 891 1988 ἐχ
915 1962 961 1989 τοῦ

161 2003 266 2043 χάσμαι
279 2002 389 2040 τούτου,
407 2003 544 2040 τουτέστι,
567 2004 651 2042 μηδὲν
676 2003 805 2042 κοσμικὸν
824 2004 870 2033 καὶ
885 2004 961 2043 περί-

160 2059 233 2087 τεωυ
256 2049 378 2090 γρονῦν,
401 2049 450 2078 οὐκ
474 2048 508 2078 ἄν
532 2059 596 2078 ποτε
632 2049 668 2082 εἷς
693 2051 770 2078 τοῦτο
794 2048 891 2087 μανίας
919 2049 960 2078 ἐλ-

159 2091 346 2131 κψυῶπι
368 2093 462 2123 ίαν-τὸν
487 2094 654 2122 ἀποκτεῖναν
680 2095 760 2123 τοῦτο
786 2094 840 2133 γὰρ
867 2093 961 2131 δαιμο-

159 2137 268 2174 νιῧδσς,
294 2137 342 2167 καὶ
363 2137 395 2166 οὗ
427 2139 509 2168 θεῖον.
537 2137 609 2167 Ἀλλ’
637 2138 751 2167 ἐνταῦθα
775 2138 962 2176 Ἀπολινάριος

160 2181 326 2222 δραξάμενος
343 2184 391 2212 m"
414 2183 514 2220 ῥητοῦ,
542 2181 624 2223 φησὶ,
644 2185 699 2231 τοῖς
714 2181 876 2222 Μανιχαίοις
891 2182 961 2211 πάν-
977 2200 1002 2231 D

161 2238 215 2260 ως
239 2225 389 2265 iduum,
415 2226 457 2256 δτι
476 2225 569 2267 Ὁρᾷς·
599 2227 645 2256 οὐκ
671 2222 703 2263 ἦν
731 2228 761 2256 ἐκ
787 2229 834 2256 τοῦ
861 2227 962 2265 κόσμου

160 2271 257 2302 ur’rm
269 2270 303 2300 τὸ
316 2271 397 2310 σῶμα
417 2273 464 2301 τοῦ
490 2270 608 2310 Κυρίου,
635 2271 696 2300 ἀλλ’
712 2271 812 2300 ἄνωθεν
838 2270 864 2304 ἐξ
879 2272 962 2311 οὖρα-

159 2317 206 2346 νῶ
215 2338 226 2354 ,
239 2317 277 2349 ἃς
287 2313 337 2347 καὶ
356 2315 464 2350 Παῦλος
476 2314 565 2355 λέγει,
579 2314 619 2345 ὅτι
635 2326 651 2344 ιι
665 2315 701 2346 Ὁ
720 2315 838 2356 δεύτερος
854 2315 963 2355 ἄνθρω-

160 2361 257 2401 ῇκ,6
269 2358 368 2401 Κύριος
384 2359 413 2395 ἐξ
432 2360 556 2400 οὐρανοῦ.
575 2373 588 2386 ι
606 2359 642 2390 Τί
660 2361 747 2390 τοίνυν
761 2360 833 2390 ἔστιν
856 2361 960 2399 εἷπεῖντ,

159 2400 325 2438 mm
347 2405 492 2445 ἔρωιητέον
509 2404 588 2434 αὐτὸν
601 2427 610 2443 ,
624 2406 683 2439 πῶς
697 2409 751 2434 νοεῖ
768 2405 799 2434 τὸ
821 2405 887 2444 πρὸς
904 2405 964 2439 τοὺς

160 2449 329 2483 ἀποστόλους
346 2449 422 2490 παρὰ
440 2452 487 2480 τῶ
505 2449 604 2490 Κυρίου
617 2449 776 2490 λεγόμενον,
789 2448 830 2479 ὅτι
841 2463 853 2475 α
869 2449 964 2488 Ὑμεῖς

159 2495 208 2525 οἷα
237 2493 301 2525 ὕστλ
323 2489 555 2534 inﬁmum;
582 2505 597 2522 ι
616 2489 669 2535 ἆρα
693 2496 727 2528 ὡς
750 2494 797 2523 καὶ
819 2495 906 2523 αὐτῶν
929 2495 963 2524 τὰ

159 2538 279 2577 σάματι
295 2539 327 2568 ιιι
340 2541 388 2568 τοῦ
400 2539 513 2578 οὐρανοῦ
532 2538 646 2578 ἇχόντιιὶν
655 2562 662 2574 ,
676 2538 736 2568 ἀλλ’
756 2539 804 2567 οὐκ
820 2539 851 2567 ἐκ
863 2538 963 2574 ταύτης

156 2585 206 2620 τῆς
219 2582 351 2620 κτίσεως,
371 2582 390 2620 ἢ
407 2585 444 2617 ὣς
457 2583 498 2623 μὴ
521 2583 556 2612 τὰ
580 2586 628 2613 τοῦ
653 2583 754 2621 κόσμου
779 2583 962 2623 φρονούντων,

157 2623 219 2658 εἶα
234 2629 342 2659 τοῧωδ
498 2627 636 2668 Πρόδηλον
657 2628 777 2663 πάντως,
791 2626 830 2656 ὅτι
851 2627 909 2656 ἐπεὶ
925 2627 962 2665 μὴ

157 2673 193 2703 τὰ
210 2675 276 2703 tul-tl
285 2710 301 2713 ﬂ
312 2671 414 2711 κόσμου
435 2671 579 2713 ἕφρόχαυν,
593 2671 686 2701 τούτου
701 2671 789 2702 ἕνεκεν
805 2674 884 2701 τοῦτο
898 2672 963 2711 πρὸς

157 2716 258 2752 αὐτοὺς
274 2710 529 2752 οἶηνέοῦτωξ-οῧν
547 2716 653 2754 νικητέον
668 2716 714 2746 καὶ
728 2717 776 2755 τὸ,
794 2728 809 2744 α
823 2715 898 2756 Ἐγὼ
913 2710 961 2746 οὖκ

155 2763 215 2802 ιίμὶ
238 2763 271 2792 ιι
290 2763 337 2792 τοῦ
369 2762 486 2802 κόσμου·
512 2774 526 2788 ιι
549 2760 698 2798 τουτέστιν,
722 2762 781 2791 Οὐκ
805 2761 859 2800 εἰμὶ
876 2763 910 2794 ὡς
927 2756 963 2795 εἷς

191 2843 205 2861 ⁸
222 2844 374 2874 lConxv.
415 2842 427 2860 ⁷
442 2843 528 2871 Joan.
551 2848 608 2876 xv,
623 2843 667 2869 19.
705 2841 716 2860 ⁸
732 2842 816 2869 Rom.
837 2848 908 2875 VIII,
923 2843 950 2869 9.

1024 1608 1113 1636 Patris
1129 1618 1135 1636 :
1154 1608 1203 1643 ipsi
1230 1612 1324 1636 autem
1350 1609 1378 1635 in
1400 1607 1457 1635 suis
1472 1607 1590 1643 peccatis
1605 1607 1733 1634 morituri
1756 1606 1821 1634 sint.

1024 1653 1066 1680 Illi
1086 1653 1168 1688 igitur
1186 1653 1252 1688 quid
1263 1653 1297 1680 ad
1313 1653 1373 1680 haec
1392 1652 1505 1680 dicunt?
1529 1663 1542 1676 ιι
1569 1651 1702 1687 Nunquid
1714 1651 1822 1679 occidet

1023 1698 1163 1733 seipsum?
1178 1709 1189 1722 ι›
1212 1698 1349 1726 Dominus
1367 1701 1460 1725 autem
1486 1697 1583 1724 tollens
1613 1696 1684 1723 hanc
1710 1696 1821 1723 illorum

1022 1743 1217 1778 suspicionem,
1241 1742 1360 1770 ostendit
1374 1741 1450 1777 quod
1471 1749 1526 1769 non
1541 1745 1631 1769 careat
1652 1740 1822 1768 condemna~

1021 1788 1094 1815 tione
1118 1787 1241 1815 occidere
1255 1787 1377 1822 seipsum
1399 1796 1404 1814 :
1421 1797 1433 1810 α
1454 1787 1521 1819 Vos,
1536 1786 1636 1822 inquit,
1660 1785 1694 1812 ab
1708 1784 1823 1812 infernis

1021 1832 1097 1865 estis,
1116 1843 1128 1856 ιι
1145 1832 1267 1867 nihilque
1283 1831 1405 1859 divinum
1421 1831 1541 1866 cogitare
1563 1831 1697 1863 volentes,
1716 1829 1753 1857 ita
1775 1837 1821 1857 co-

1019 1876 1120 1912 gitatis.
1135 1878 1193 1912 Ego
1203 1880 1297 1903 autem
1311 1883 1376 1902 cum
1395 1883 1453 1902 non
1467 1875 1520 1902 sim
1530 1883 1564 1903 ex
1578 1873 1753 1907 hocmundo,
1769 1874 1822 1901 hoc

1019 1925 1070 1951 est.
1085 1920 1153 1947 nihil
1167 1920 1337 1947 mundanum
1345 1924 1371 1947 et
1385 1923 1530 1946 terrenum
1543 1919 1660 1954 sapiam,
1674 1925 1821 1953 nunquam

1019 1965 1047 1992 in
1060 1969 1166 1992 tantam
1189 1964 1344 2000 perveniam
1360 1963 1508 1996 insaniam,
1525 1967 1556 1990 ut
1571 1970 1615 1990 me
1635 1962 1729 1998 ipsum
1744 1961 1820 1989 occi-

1017 2010 1090 2038 dam.
1104 2010 1163 2037 Hoc
1176 2009 1250 2037 enim
1261 2009 1426 2036 diabolicum
1440 2012 1481 2035 est
1494 2012 1521 2035 et
1533 2016 1588 2035 non
1602 2007 1739 2035 divinum.
1753 2008 1816 2034 Hoc

1017 2055 1078 2082 loco
1094 2054 1278 2090 Apollinarius
1292 2053 1433 2081 occasione
1447 2056 1559 2088 sumpta
1575 2051 1743 2079 Manichaeos
1757 2059 1817 2078 om-

1017 2100 1082 2127 nino
1120 2106 1237 2134 sequens
1262 2098 1330 2125 dicit
1359 2108 1364 2125 :
1396 2097 1477 2125 Vides
1505 2096 1578 2133 quod
1602 2104 1660 2124 non
1687 2100 1748 2123 erat
1786 2104 1820 2124 ex

1017 2143 1122 2171 mundo
1141 2143 1193 2171 hoc
1207 2151 1306 2179 corpus
1320 2141 1444 2176 Domini,
1469 2141 1517 2169 sed
1536 2141 1569 2169 de
1591 2141 1715 2176 supernis
1731 2148 1763 2168 ac
1781 2140 1815 2168 de

1017 2189 1089 2217 caelo
1105 2197 1111 2215 :
1126 2188 1198 2216 sicut
1212 2192 1239 2215 et
1262 2187 1340 2215 divus
1355 2186 1456 2214 Paulus
1470 2186 1536 2213 dicit
1550 2185 1624 2221 quod
1639 2196 1651 2209 ‹‹
1666 2184 1812 2213 Secundus

1019 2233 1103 2261 homo
1114 2233 1248 2260 Dominus
1256 2232 1290 2260 de
1296 2231 1387 2259 caelo“.
1400 2242 1411 2254 υ
1425 2230 1495 2265 Quid
1508 2230 1592 2266 igitur
1601 2233 1643 2257 est
1652 2229 1819 2257 dicendum?

1018 2279 1091 2306 Num
1111 2277 1280 2313 interrogare
1307 2279 1417 2311 oportet
1432 2275 1508 2302 illum
1528 2273 1669 2310 quomodo
1688 2273 1820 2308 intelligat

1018 2322 1091 2359 quod
1107 2321 1143 2350 ad
1154 2321 1293 2358 apostolos
1308 2329 1322 2348 a
1335 2320 1456 2348 Domino
1471 2319 1581 2352 dicitur,
1597 2330 1609 2343 ι
1620 2320 1676 2345 Vos
1684 2326 1739 2346 non
1755 2318 1820 2346 estis

1018 2376 1049 2395 ex
1068 2367 1121 2395 hoc
1147 2365 1254 2394 mundo
1270 2366 1301 2393 7?
1327 2377 1340 2390 ιι
1356 2373 1424 2393 num
1452 2369 1480 2392 et
1495 2364 1530 2391 illi
1546 2372 1646 2400 corpus
1662 2363 1819 2391 habuerunt

1018 2412 1140 2446 caeleste,
1154 2417 1182 2439 et
1191 2419 1247 2439 non
1271 2410 1352 2445 hujus
1367 2409 1532 2438 creationis?
1549 2409 1589 2436 vel
1606 2408 1682 2445 quod
1703 2416 1760 2436 non
1775 2416 1819 2436 sa-

1018 2457 1093 2493 piant
1104 2464 1165 2492 quaa
1175 2456 1257 2491 hujus
1270 2454 1367 2483 mundi
1378 2459 1454 2487 sunt,
1465 2454 1532 2482 dixit
1544 2453 1596 2481 hoc
1603 2453 1821 2481 DominuSPMa-

1017 2501 1148 2529 nifestum
1164 2501 1238 2536 quod
1257 2500 1331 2533 ideo,
1354 2500 1417 2535 quia
1433 2507 1491 2526 non
1506 2499 1649 2534 sapiebant
1661 2505 1723 2534 quae
1738 2497 1821 2533 hujus

1018 2546 1127 2574 mundi.
1143 2547 1184 2573 Ita
1202 2549 1230 2573 et
1244 2553 1319 2572 nunc
1343 2543 1562 2579 intelligendum,
1577 2555 1589 2567 ι
1605 2544 1663 2578 Ego
1677 2550 1735 2570 non
1758 2549 1820 2569 sum

1017 2591 1052 2619 de
1062 2591 1114 2618 hoc
1126 2590 1247 2624 mundo,
1266 2602 1279 2614 ιι
1293 2589 1380 2625 620
1395 2588 1448 2616 hoc
1471 2593 1529 2621 est.
1543 2595 1600 2615 non
1614 2595 1676 2615 sum
1699 2594 1771 2613 unus
1786 2593 1820 2613 ex

1018 2629 1104 2661 vobis,
1134 2630 1181 2665 qui
1202 2628 1343 2656 mundana
1367 2627 1463 2662 sapitis
1491 2626 1588 2654 :sicut
1620 2630 1648 2654 et
1672 2626 1771 2653 Paulus
1786 2625 1820 2653 ad

1018 2674 1154 2711 quosdam
1168 2673 1274 2707 dicens,
1291 2684 1302 2697 ι
1319 2673 1382 2700 Non
1396 2672 1462 2699 estis
1475 2671 1503 2699 in
1515 2669 1619 2704 carne“,
1633 2682 1645 2695 ιι
1662 2678 1718 2697 non
1731 2670 1821 2698 incor-

1018 2727 1118 2756 poreos
1128 2727 1175 2747 eos
1190 2726 1249 2746 esse
1263 2718 1340 2751 dicit,
1351 2716 1399 2744 sed
1414 2720 1531 2744 testatur
1543 2715 1683 2751 quomodo
1689 2715 1820 2743 virtutum

1019 2763 1135 2792 studiosi
1157 2763 1224 2798 sint,
1249 2767 1276 2791 et
1290 2770 1306 2790 a
1336 2760 1494 2789 carnalibus
1518 2759 1710 2788 affectionibus
1731 2760 1819 2788 liberi.

190 2898 236 2934 (α)
246 2898 284 2928 Β
294 2905 344 2928 παι
542 2894 700 2924 Aleititium
716 2902 755 2924 ex
768 2894 855 2931 capite
868 2902 924 2929 vn,
936 2902 967 2923 γ.
981 2897 1024 2922 34.

220 3119 227 3127 .
252 3119 266 3126 ι

162 3125 293 3223 iﬁ:
309 3135 381 3223 ἀὲκ
404 3156 409 3158 .

351 3179 396 3195 Τῗ

519 3199 550 3214 χει
