4198 6450
555 514 626 566 19
1571 499 2084 560 THEOPHYLACTI
2125 498 2485 555 BULGARUE
2523 502 2838 558 ARCHIEP.
3793 510 3864 564 20

561 632 703 704 Quid
744 633 909 706 igitur
939 633 1078 689 ultra
1106 631 1236 689 dicit
1260 631 1337 689 eis
1364 632 1675 688 Dominus?
1705 652 1729 678 ιι
1753 627 1810 685 Si
1836 641 1949 682 non
1971 622 2148 680 credi-

2267 628 2411 700 ὑμῶν
2447 629 2551 685 τῶν
2609 627 2675 686 τὰ
2731 633 2824 688 τοῦ
2877 629 3080 707 κόσμου
3146 630 3497 713 φρονούντων·
3555 634 3625 699 ὡς
3679 631 3771 690 καὶ
3827 636 3855 692 6

560 723 776 792 deritis,
803 724 1000 795 inquit,
1030 722 1258 791 mihi,in
1285 721 1518 794 peccatis
1543 719 1737 776 vestris
1759 713 2098 773 moriemini.
2126 735 2152 759 ι

557 813 698 868 Cum
744 813 888 868 enim
929 821 1152 883 prapter
1181 812 1288 868 hoc
1324 811 1552 878 venerit,
1595 818 1660 864 ut
1692 807 1904 865 «tollat
1931 810 2158 877 peccata

560 902 808 971 mundi”,
831 925 856 952 ιι
887 901 1032 958 haud
1052 903 1207 958 aliter
1236 902 1623 958 remissionem
1639 906 1995 972 peccatorum
2017 893 2161 948 acci-

559 1008 689 1064 pere
719 1007 1029 1064 possumus,
1063 1007 1232 1063 quam
1275 1007 1373 1063 per
1415 990 1777 1062 baptismum.
1809 981 2162 1057 lmpossibile

562 1089 746 1138 autem
789 1091 872 1139 est
895 1082 1160 1154 baptizari
1189 1097 1319 1138 eum
1347 1081 1444 1153 qui
1495 1095 1608 1136 non
1635 1075 1883 1134 credidit.
1917 1071 2161 1130 Omnino

561 1172 730 1244 igitur
771 1173 1144 1229 necessarium
1175 1179 1364 1244 postea
1393 1172 1450 1226 in
1485 1186 1586 1226 suo
1615 1175 1836 1242 peccato
1863 1163 2011 1221 mori
2040 1160 2163 1216 inﬁ-

559 1260 761 1318 delem.
791 1263 915 1318 Non
944 1263 1096 1318 enim
1123 1262 1270 1318 exuit
1296 1269 1536 1317 veterem
1564 1258 1874 1324 hominem,
1902 1251 2028 1325 quia
2049 1266 2165 1305 non

557 1350 876 1422 baptizatus
894 1347 1019 1408 fuit.
1046 1351 1260 1408 Idcirco
1285 1359 1341 1406 et
1365 1350 1472 1407 alio
1491 1351 1613 1406 loco
1639 1347 1774 1404 dicit
1798 1341 2072 1401 Dominus
2096 1338 2159 1408 1°,

564 1463 590 1490 α
625 1441 731 1510 Qui
754 1457 867 1497 non
897 1441 1092 1509 credit,
1115 1441 1236 1513 jam
1260 1439 1537 1512 judicatus
1566 1447 1651 1494 est
1683 1455 1697 1492 :
1738 1457 1764 1487 u
1793 1449 1906 1490 non
1932 1437 2158 1503 propter

560 1530 669 1586 hoc
695 1538 940 1599 tantum,
962 1530 1108 1601 quod
1133 1546 1245 1587 non
1262 1529 1456 1598 credit,
1487 1529 1586 1586 sed
1599 1535 1653 1584 et
1683 1525 1812 1599 quia
1826 1521 2010 1596 priora
2032 1533 2157 1591 pec-

561 1627 683 1676 cata
701 1619 914 1675 habens
938 1620 1193 1676 moritur.

2267 717 2481 783 Παῦλος
2523 717 2650 797 πρός
2678 742 2820 786 τινας
2850 719 3012 802 λέγει’
3076 749 3099 774 α
3128 723 3246 781 Ούκ
3296 721 3414 781 ἐστὲ
3459 724 3512 780 ἐν
3555 722 3728 802 σαρκί·
3761 724 3856 780 οὐκ

2265 805 2584 882 ἀσωμάτους
2615 808 2800 874 αὐτοὺς
2833 801 2966 868 εῖναι
3008 809 3150 888 λέγει
3177 855 3194 887 ,
3233 813 3372 871 ἀλλὰ
3404 801 3726 892 φιλοσοφίαν
3759 815 3858 872 αὖ-

2265 901 2372 957 τοῖς
2389 894 2529 981 ,ῌκαὶ
2565 901 2832 972 σαρκικῶν
2861 903 3044 958 παθῶν
3074 899 3391 977 ἀπαλλαγὴν
3433 905 3862 981 προσμαρτυρεῖ.

2269 983 2342 1041 Τί
2377 973 2466 1041 οῦν
2511 985 2672 1043 πάλιν
2705 989 2878 1055 αὐτοῖς
2907 993 2935 1049 ὃ
2968 989 3188 1069 Κύριος;
3230 1017 3255 1042 α
3290 989 3424 1048 Ἐὰν
3452 988 3528 1065 μὴ
3559 989 3859 1064 πιστεύση-

2269 1095 2361 1145 τε,
2408 1073 2600 1149 φησὶν,
2633 1075 2786 1152 ἐμοὶ,
2829 1081 2882 1136 ἐν
2917 1079 3030 1144 ταῖς
3061 1078 3350 1160 ἁμαρτίαις
3382 1082 3530 1155 ὑμῶν
3569 1083 3862 1139 ἀποθανεῖ-

2272 1167 2382 1219 σθε.
2413 1187 2437 1213 ιι
2474 1166 2540 1223 Εἰ
2569 1163 2674 1244 γὰρ
2705 1165 2791 1223 διὰ
2813 1173 2969 1226 τοῦτο
2990 1159 3148 1239 ἦλθεν
3171 1213 3186 1239 ,
3214 1166 3301 1226 ἵνα
3337 1167 3440 1247 ἄρῃ
3471 1168 3566 1240 τὴν
3592 1167 3866 1247 ἁμαρτίαν

2272 1254 2363 1309 τοῦ
2395 1251 2627 1330 κόσμου,
2670 1254 2761 1313 καὶ
2809 1258 2904 1314 οὐκ
2953 1255 3096 1315 ἔστιν
3139 1255 3310 1323 ἄλλως
3357 1257 3540 1338 ἄφεσιν
3584 1257 3864 1337 ἁμαρτιῶν

2268 1339 2485 1413 λαϐεῖν,
2520 1344 2564 1399 εἰ
2597 1341 2672 1421 μὴ
2705 1343 2790 1403 διὰ
2835 1349 2926 1403 τοῦ
2980 1345 3376 1424 βαπτίσματος,
3411 1350 3764 1424 βαπτισθῆναι
3796 1347 3852 1406 δὲ

2268 1427 2356 1487 τὸν
2388 1430 2464 1505 μὴ
2499 1433 2861 1492 πιστεύσαντα
2907 1435 3180 1494 ἀδύνατον·
3223 1435 3429 1514 ἀνάγκη
3482 1445 3631 1494 πᾶσα
3681 1437 3866 1496 λοιπὸν

2273 1520 2326 1577 ἐν
2359 1525 2425 1600 τῇ
2454 1521 2622 1602 οἰκείᾳ
2655 1523 2894 1605 ἁμαρτίᾳ
2941 1525 3220 1584 ἀποθανεῖν
3251 1525 3340 1584 τὸν
3373 1523 3621 1586 ἄπιστον.
3657 1528 3740 1585 Οὐ
3766 1526 3872 1608 γὰρ

2269 1606 2548 1676 ἓξεδύσατο
2576 1613 2664 1670 τὸν
2710 1614 2938 1673 παλαιὸν
2978 1615 3253 1696 ἄνθρωπον
3277 1657 3292 1686 ,
3327 1612 3407 1672 ὅτι
3440 1613 3514 1690 μὴ
3546 1606 3861 1674 ἐϐαπτίσαέ

561 1732 642 1770 το.
691 1710 788 1769 Διὸ
819 1709 912 1768 xui
966 1712 1207 1787 ἀλλαχοῦ
1255 1734 1412 1789 φησιν
1454 1713 1482 1769 6
1527 1704 1752 1789 Κύριος,
1802 1701 1884 1761 ὅτι
1955 1721 1984 1758 α
2023 1696 2092 1758 Ὀ
2126 1689 2202 1789 μῂ
2260 1699 2524 1759 πιστεύων
2572 1701 2676 1776 ἤδη
2723 1703 2990 1786 κέκριται,
3033 1730 3065 1762 τ)
3115 1705 3174 1762 οὗ
3220 1702 3360 1763 κατὰ
3407 1708 3561 1763 τοῦτο
3606 1703 3762 1781 μόνον
3812 1705 3877 1765 τὸ

563 1797 638 1874 μὴ
663 1803 976 1874 πιστεῦσαι,
1004 1801 1123 1858 ἀλλ’
1155 1797 1235 1858 ὅτι
1265 1798 1356 1858 xui
1383 1797 1448 1857 τὰ
1478 1797 1728 1877 πρότερον
1766 1788 2130 1870 ἁμαρτήματα
2163 1780 2302 1877 ἔλων
2346 1787 2578 1852 ἄπεισιν.

632 1866 796 1953 Vnus.
827 1866 1013 1954 25-2}.
1051 1919 1077 1946 «ι
1128 1897 1398 1954 Dicebant
1424 1866 1558 1968 ergo
1589 1866 1681 1950 ei':
1713 1866 1946 1961 Tuvquis
1967 1888 2056 1942 es?
2081 1885 2155 1940 Et
2184 1866 2233 1928 Β

560 1984 696 2042 dicit
721 1987 802 2043 eis
829 1989 989 2043 Jesus
1021 2007 1034 2040 :
1069 1989 1135 2042 In
1159 1986 1374 2059 primis,
1396 1984 1552 2057 quod
1575 1992 1630 2040 et
1657 1982 1856 2054 loquor
1883 1975 2043 2032 vobis
2070 1977 2163 2039 (α).

557 2076 734 2131 Multa
765 2075 946 2131 habeo
989 2090 1112 2147 quae
1157 2075 1225 2132 de
1258 2074 1411 2130 vobis
1451 2075 1643 2145 loquar
1671 2087 1734 2126 ac
1756 2067 2022 2142 judicem,
2069 2060 2168 2118 sed

562 2164 657 2236 qui
686 2179 780 2220 me
826 2164 1002 2233 misit,
1033 2179 1198 2220 verax
1226 2172 1310 2220 est
1341 2180 1355 2217 :
1380 2173 1435 2220 et
1463 2178 1565 2234 ego
1589 2176 1714 2234 quae
1739 2156 1930 2215 audivi
1967 2151 2036 2208 ab
2077 2165 2164 2218 eo,

563 2253 683 2309 haec
713 2253 906 2324 loquor
933 2255 989 2308 in
1013 2247 1240 2310 mundo.
1265 2256 1335 2309 Et
1362 2269 1476 2309 non
1524 2254 1898 2324 cognoverunt
1924 2239 2076 2316 quod
2100 2239 2168 2296 de

561 2345 725 2400 Patre
763 2342 931 2415 ipsius
974 2343 1192 2400 locutus
1229 2352 1390 2400 esset.
1431 2361 1462 2396 »
1494 2345 1624 2399 Post
1668 2347 1888 2396 tantum
1921 2343 2165 2403 tempus,

561 2441 685 2505 post
721 2440 1007 2489 tantorum
1060 2433 1459 2489 miraculorum
1509 2430 1883 2487 ostensionem
1940 2429 2168 2490 interro-

556 2531 690 2594 gant
712 2538 860 2590 eum,
913 2545 939 2572 α
965 2525 1050 2579 Tu
1074 2523 1194 2596 quis
1218 2525 1314 2580 es?
1362 2544 1389 2572 υ
1425 2519 1808 2578 contumeliosi
1837 2528 1891 2576 et
1920 2521 1992 2577 ita
2035 2521 2161 2580 fue-

556 2621 688 2668 runt
732 2612 1046 2684 insipientes
1092 2612 1364 2669 irrisores.
1393 2615 1470 2669 At
1499 2610 1772 2667 Dominus
1801 2609 2003 2682 inquit,
2042 2634 2068 2660 «
2103 2616 2166 2669 ln

557 2702 774 2774 primis,
802 2701 953 2773 quod
977 2710 1032 2758 et
1061 2702 1255 2772 loquor
1286 2702 1458 2757 vobis.
1493 2722 1521 2750 τ»
1555 2701 1690 2768 Vos,
1721 2700 1922 2771 inquit,
1956 2701 2170 2771 indigni

555 2792 688 2847 estis
717 2800 777 2846 ut
802 2790 1042 2846 audiatis
1071 2807 1102 2846 a
1131 2807 1222 2847 me
1237 2805 1542 2855 sermones,
1573 2797 1630 2844 et
1654 2789 1883 2844 discatis
1912 2790 2006 2860 qui
2038 2790 2164 2848 sim.

558 2880 759 2936 Omnia
786 2878 935 2934 enim
974 2886 1251 2934 tentantes
1293 2878 1497 2945 dicitis,
1528 2885 1584 2933 et
1629 2877 1769 2932 nihil
1801 2892 1867 2933 ex
1907 2882 1993 2933 nis
2038 2894 2175 2950 quae

559 2969 778 3038 loquor,
819 2968 1040 3024 auditis.
1092 2971 1206 3041 Ego
1241 2976 1431 3024 autem
1472 2982 1698 3038 possem
1737 2982 1835 3022 vos
1866 2967 2038 3023 etiam
2083 2983 2169 3023 ar-

562 3073 754 3130 guere,
803 3066 860 3113 et
886 3073 1001 3113 non
1057 3057 1242 3114 solum
1269 3073 1520 3129 arguere,
1557 3055 1656 3112 sed
1683 3064 1738 3111 et
1767 3055 1980 3126 punire.
2034 3058 2170 3113 Haec

564 3147 711 3204 enim
741 3146 852 3203 duo
882 3147 1147 3215 insinuat,
1173 3147 1364 3203 dicens
1392 3165 1406 3202 :
1432 3169 1458 3196 (ι
1492 3146 1630 3216 Quia
1651 3145 1827 3200 multa
1850 3161 2069 3216 possem
2101 3145 2169 3201 de

2358 1902 2388 1933 et
2437 1879 2661 1959 Ἔλεγον
2694 1871 2781 1942 οῦν
2823 1884 2986 1964 αὐτῷ·
3032 1883 3109 1943 Σὺ
3151 1882 3229 1950 τίς
3263 1871 3341 1956 ei;
3374 1883 3484 1942 Kui
3519 1871 3662 1942 εἶπεν
3693 1885 3876 1953 αὐτοῖς

2277 1972 2305 2027 6
2337 1970 2567 2042 Ἰησοῦςο
2604 1971 2722 2043 Τὴν
2766 1971 2937 2051 ἀρχὴν
2984 1971 3016 2031 ὅ
3049 1997 3100 2030 τι
3147 1974 3237 2032 καὶ
3283 1975 3430 2032 λαλῶ
3483 1975 3625 2048 ὑμῖν.
3686 1973 3879 2034 Πολλὰ

2275 2059 2388 2140 ἔχω
2427 2059 2548 2141 περὶ
2597 2063 2745 2137 ὑμῶν
2778 2064 2956 2120 λαλεῖν
3010 2063 3100 2121 xui
3143 2062 3376 2143 κρίνειν,
3415 2065 3536 2121 ἀλλ’
3571 2065 3598 2120 6
3649 2062 3878 2143 πέμψας

2277 2173 2374 2225 με,
2408 2149 2607 2222 ἀληθής
2635 2152 2771 2212 ἐστι.
2806 2152 2972 2229 Κάγὼ
3013 2153 3046 2211 ἃ
3077 2153 3282 2224 ἤκουσα
3315 2151 3443 2231 παρ’
3480 2153 3666 2230 αὐτοῦ,
3699 2159 3877 2212 ταῦτα

2275 2239 2416 2316 λέγω
2447 2241 2517 2306 εἰς
2540 2241 2627 2300 τὸν
2654 2241 2874 2317 κόσμον.
2902 2245 3021 2301 Οὐκ
3049 2244 3285 2322 ἔγνωσαν
3313 2241 3401 2316 δὲ,
3426 2239 3506 2300 ὅτι
3529 2243 3616 2301 τὸν
3653 2242 3878 2322 Πατέρα

2277 2331 2436 2387 αὑτοῦ
2463 2329 2632 2408 ἔλεγε.
2672 2359 2695 2383 ιο
2725 2329 2878 2390 Μετὰ
2913 2338 3160 2391 τοσοῦτον
3186 2331 3406 2412 χρόνον,
3437 2331 3570 2407 μετὰ
3602 2331 3878 2412 τοσούτων

2274 2416 2507 2494 σημείων
2549 2419 2833 2492 ἐπίδειξιν,
2888 2423 3154 2502 ἐρωτῶσιν
3198 2420 3380 2480 αὐτόν·
3426 2443 3452 2477 α
3488 2417 3567 2480 Σὺ
3617 2422 3694 2487 τίς
3738 2411 3815 2499 εἷς
3855 2451 3880 2474 ι.

2274 2505 2440 2574 οὕτως
2469 2498 2605 2580 ἦσαν
2653 2498 3172 2592 ἀνόητοιίῦϐρισταί
3201 2534 3258 2569 τε
3296 2509 3384 2568 καὶ
3427 2510 3744 2589 χλευασταί.
3801 2498 3880 2572 Ὅ

2275 2597 2329 2655 δὲ
2365 2597 2556 2680 Κύριος
2575 2646 2590 2675 ,
2617 2628 2640 2651 α
2669 2601 2786 2674 Τὴν
2817 2601 3014 2681 ἀρχὴν,
3038 2603 3220 2681 φησὶν,
3247 2600 3278 2660 8
3296 2624 3347 2659 τι
3378 2600 3471 2659 καὶ
3491 2601 3641 2660 λαλῶ
3674 2601 3817 2676 ὑμῖν.
3853 2627 3882 2656 ι

2277 2685 2496 2762 ’Υμεῖς,
2541 2690 2710 2768 φησὶ,
2751 2692 2842 2750 xui
2871 2698 2962 2751 τοῦ
2992 2690 3128 2758 ὅλως
3167 2689 3378 2749 ἀκούειν
3444 2693 3550 2747 τῶν
3574 2689 3702 2769 παρ’
3739 2693 3878 2766 ἐμοῦ

2277 2776 2474 2854 λόγων,
2501 2778 2700 2847 ἀνάξιοι
2732 2781 2878 2855 ἐστὲ,
2917 2779 3047 2858 μήτι
3073 2804 3132 2860 γε
3167 2780 3257 2838 καὶ
3287 2779 3572 2856 μανθάνειν
3615 2780 3693 2846 τίς
3727 2782 3870 2856 εἰμι’

2279 2867 2452 2924 πάντα
2487 2865 2588 2948 γὰρ
2631 2870 2965 2950 πειράζοντες
3006 2870 3216 2947 λέγετε,
3269 2868 3361 2928 xui
3404 2868 3575 2927 οὐδενὶ
3606 2873 3712 2928 τῶν
3744 2872 3878 2951 παρ’

2279 2956 2412 3031 ἐμοῦ
2450 2956 2730 3037 προσέχειν
2785 2959 3044 3028 θέλοντες.
3103 2957 3253 3038 Ἐγὼ
3299 2956 3352 3016 δὲ
3408 2958 3724 3034 ἠδυνάμην,
3777 2959 3878 3018 καὶ

2280 3046 2417 3120 ὑμᾶς
2443 3046 2678 3125 ἐλέγχειν
2703 3092 2719 3120 ,
2749 3048 2839 3108 καὶ
2877 3049 2950 3125 μὴ
2977 3048 3133 3126 μόνον
3159 3050 3398 3127 ἐλέεαειν
3417 3092 3432 3120 ,
3478 3049 3618 3105 ἀλλὰ
3657 3047 3749 3106 xui
3782 3071 3881 3107 xo-

2279 3135 2472 3202 λάζειν.
2533 3138 2721 3197 Ταῦτα
2771 3137 2874 3218 γὰρ
2925 3137 2994 3196 τὰ
3052 3136 3143 3196 δύο
3197 3137 3489 3196 αἰνίττεται
3541 3138 3734 3211 εἰπὼν,
3787 3136 3879 3196 ὅτι

554 3237 713 3293 vobis
736 3236 903 3307 loqui,
927 3236 1234 3309 etjudicare
1261 3254 1275 3292 :
1300 3260 1324 3285 ι
1345 3236 1624 3308 perloqui,
1643 3235 2156 3306 reprehensionem;

2279 3250 2304 3274 α
2364 3223 2554 3284 Πολλὰ
2619 3225 2726 3306 ἔχω
2781 3228 2906 3302 ὑμῖν
3108 3226 3231 3306 περὶ
3287 3226 3478 3304 ὓμῶν]
3539 3227 3724 3284 λαλεῖν
3779 3227 3880 3286 καὶ

557 3341 656 3398 per
678 3326 948 3397 judicare,
979 3325 1499 3382 condemnationem
1545 3324 1822 3396 intelligit.
1877 3343 1905 3378 (ι
1958 3329 2034 3380 At
2061 3324 2158 3396 qui

557 3430 650 3470 me
671 3415 846 3483 misit,
878 3438 904 3464 ν
935 3415 1136 3487 inquit,
1162 3431 1277 3470 non
1289 3413 1362 3470 ad
1392 3415 1496 3470 hoc
1522 3414 1671 3470 misit
1697 3429 1808 3478 me,
1834 3423 1897 3470 ut
1907 3414 2157 3486 judicem

557 3519 624 3558 ac
646 3519 893 3576 arguam.
930 3527 956 3552 α
986 3507 1113 3560 Non
1144 3504 1293 3560 enim
1322 3504 1474 3559 misit
1498 3508 1644 3560 Deus
1665 3503 1868 3559 Filium
1892 3519 2054 3560 suum
2095 3510 2159 3557 ut

548 3591 763 3665 judicet
787 3591 1080 3662 mundum,
1111 3592 1206 3648 sed
1238 3600 1300 3648 ut
1335 3593 1507 3648 salvet
1531 3593 1807 3648 mundum
1831 3593 1895 3647 ¹¹.
1928 3615 1954 3641 ι»
1987 3593 2158 3664 Igitur

556 3682 686 3754 quia
725 3684 888 3738 Pater
940 3697 1101 3738 meus
1135 3680 1206 3737 ad
1259 3681 1586 3737 salvandum
1651 3697 1744 3738 me
1779 3681 1952 3750 misit,
1993 3697 2156 3737 verax

556 3778 745 3826 autem
786 3777 889 3838 est,
921 3770 1119 3826 merito
1155 3770 1369 3825 nullum
1403 3769 1594 3843 judico
1623 3785 1802 3839 nunc,
1832 3769 1927 3825 sed
1975 3769 2155 3826 solum

553 3860 758 3931 loquor
784 3875 906 3931 quae
930 3859 1112 3917 audivi
1128 3859 1198 3916 de
1222 3862 1384 3916 Patre
1411 3875 1560 3928 meo,
1584 3875 1646 3916 ea
1673 3875 1797 3932 quae
1824 3859 1895 3914 ad
1917 3859 2155 3915 salutem

555 3949 764 4004 scilicet
774 3957 1044 4020 spectant,
1063 3965 1180 4004 non
1201 3949 1270 4004 ad
1287 3948 1796 4019 reprehensionem.
1815 3951 1946 4004 Haac
1969 3956 2153 4004 autem

554 4037 795 4104 dicebat,
823 4045 888 4092 ut
915 4053 987 4092 ne
1026 4045 1219 4108 putent
1242 4037 1393 4108 quod
1422 4045 1483 4092 ut
1513 4037 1790 4108 impotens
1818 4053 1931 4092 non
1961 4037 2156 4107 puniat

556 4140 654 4182 eos
696 4144 711 4181 :
764 4125 1059 4181 ostendens
1129 4125 1282 4198 quod
1335 4141 1450 4181 non
1507 4126 1695 4198 puniat
1748 4141 1845 4182 eos
1889 4134 2156 4198 tanquam

555 4214 858 4285 impotens,
885 4214 980 4270 sed
1005 4231 1123 4270 non
1152 4215 1368 4277 volens;
1392 4214 1518 4285 quia
1543 4230 1658 4270 non
1688 4215 1757 4271 ad
1788 4215 2151 4286 puniendum,

555 4303 655 4360 sed
707 4303 1033 4359 salvandum
1079 4303 1307 4360 venerit.
1353 4305 1490 4361 Haec
1534 4311 1726 4360 autem
1773 4304 1868 4360 illo
1914 4304 2153 4374 dicente,

553 4399 670 4448 tam
698 4392 1019 4463 insipientes
1047 4400 1225 4460 erant,
1257 4401 1317 4449 ut
1345 4409 1457 4449 non
1501 4401 1918 4466 cognoscerent,
1952 4394 2150 4465 inquit,

2265 3311 2484 3391 κρίνειν·
2522 3338 2552 3370 ν
2589 3315 2674 3373 διὰ
2706 3315 2801 3392 μὲν
2846 3322 2938 3375 τοῦ
2971 3319 3189 3391 λαλεῖν,
3227 3315 3288 3374 τὸ
3318 3314 3558 3394 ἐλέγχειν
3607 3317 3878 3394 παραδη-

2265 3402 2389 3459 λῶν⁸
2422 3402 2508 3460 διὰ
2540 3403 2593 3461 δὲ
2631 3413 2726 3465 τοῦ
2765 3405 2987 3484 κρίνειν,
3019 3405 3079 3464 τὸ
3130 3410 3473 3484 κατακρίνειν
3515 3403 3607 3462 xui
3639 3406 3874 3463 καταδι-

2267 3489 2464 3556 κάζειν.
2503 3491 2644 3551 Ἀλλ’
2691 3497 2718 3551 6
2745 3495 2966 3575 πέμψας
3019 3517 3123 3572 με,
3159 3493 3355 3574 φησὶν,
3411 3493 3508 3551 οὐκ
3555 3493 3644 3551 ἐπὶ
3691 3493 3877 3574 τούτῳ

2267 3579 2472 3661 ἔπεμψέ
2501 3605 2600 3659 με,
2631 3584 2710 3662 ἐφ’
2735 3573 2778 3664 ᾧ
2799 3573 2990 3662 κρίνειν
3013 3584 3104 3642 xui
3131 3573 3392 3662 ἐλέγχειν.
3423 3605 3455 3638 α
3485 3583 3568 3641 Οὐ
3595 3582 3697 3663 γὰρ
3729 3573 3865 3642 ἀπέέ

2266 3672 2466 3728 στειλεν
2509 3675 2537 3729 6
2586 3671 2723 3738 Θεὸς
2766 3674 2853 3732 τὸν
2886 3673 3014 3734 Υἱὸν
3057 3676 3272 3746 ἑαυτοῦ,
3304 3672 3390 3730 ἵνα
3443 3670 3598 3750 κρίνῃ
3646 3672 3736 3730 τὸν
3779 3673 3874 3732 κό-

2266 3780 2420 3835 σμον⁹
2451 3759 2569 3819 ἀλλ’
2595 3759 2683 3819 ἵνα
2708 3761 2856 3844 σώσῃ
2888 3763 2978 3822 τὸν
3003 3762 3223 3840 κόσμον.
3251 3789 3275 3814 α
3299 3760 3456 3821 Ἐπεὶ
3484 3760 3657 3820 τοίνυν
3682 3767 3709 3821 6
3743 3765 3874 3823 Hu-

2265 3846 2365 3922 τήρ
2391 3873 2492 3924 μου
2523 3851 2594 3918 εἰς
2619 3850 2679 3909 τὸ
2709 3851 2900 3912 σώσειν
2926 3876 2992 3928 με
3023 3852 3356 3921 ἀπέστειλεν,
3386 3848 3586 3922 ἀληθὴς
3616 3851 3673 3908 δέ
3697 3855 3864 3910 ἐστιν’

2267 3936 2479 4006 εἰκότως
2500 3939 2683 3998 οὐδένα
2713 3943 2875 4019 κρίνω
2899 3946 2990 3999 νῦν
3009 3987 3027 4020 ,
3068 3942 3208 4001 ἀλλὰ
3233 3941 3386 4019 μόνον
3419 3940 3569 3996 λαλῶ
3596 3939 3628 3997 ἃ
3654 3939 3867 4012 ἥκουσα

2264 4026 2413 4105 παρὰ
2450 4033 2541 4087 τοῦ
2585 4032 2800 4109 Πατρός
2836 4055 2973 4108 μου,
3019 4030 3088 4088 τὰ
3127 4031 3257 4110 πρὸς
3300 4027 3567 4106 σωτηρίαν
3614 4029 3862 4105 δηλαδὴ,

2265 4117 2322 4173 οὗ
2355 4114 2423 4173 τὰ
2475 4117 2603 4198 πρὸς
2654 4119 2895 4200 ἔλεγχον.
2937 4123 3126 4179 Ταῦτα
3159 4119 3213 4178 δὲ
3263 4119 3475 4195 ἔλεγεν,
3521 4115 3610 4175 ἵνα
3667 4120 3740 4195 μὴ
3774 4143 3861 4178 νοο

2267 4203 2517 4280 μίσωσιν,
2551 4208 2632 4267 ὅτι
2658 4210 2759 4289 οὐχ
2789 4215 2856 4276 ὡς
2888 4211 3144 4275 ἀδύνατος
3175 4211 3233 4268 οὖ
3263 4209 3477 4276 κολάζει
3512 4209 3720 4275 αὐτούς·
3754 4207 3866 4266 δεί-

2264 4315 2444 4352 κνυσιν
2477 4287 2600 4369 οῦν,
2635 4298 2715 4356 ὅτι
2762 4301 2863 4379 οὐχ
2912 4302 2981 4367 ὡς
3016 4299 3266 4364 ἀδύνατος
3288 4343 3304 4370 ,
3349 4295 3476 4355 ἀλλ’
3512 4297 3583 4361 ὣς
3609 4299 3669 4356 οὐ
3701 4299 3868 4355 θέλων

2263 4384 2491 4444 κολάσαι
2522 4387 2740 4462 αὐτοὺς,
2771 4388 2863 4447 ἅτε
2896 4389 2959 4460 δὴ
3003 4387 3078 4466 μὴ
3110 4388 3195 4446 ἐπὶ
3231 4391 3308 4467 τῷ
3354 4389 3600 4464 κολάσαι,
3633 4386 3750 4446 ἀλλ’
3777 4387 3868 4446 ἐπὶ

553 4481 702 4554 quod
770 4456 997 4538 Patrem
1057 4456 1224 4538 suum
1273 4482 1353 4538 eis
1407 4456 1635 4553 diceret,
1691 4456 1944 4556 quamvis
1997 4456 2151 4540 tanta

2267 4476 2340 4558 τῷ
2389 4479 2561 4535 σῶσαι
2617 4479 2804 4539 ἐλθών.
2859 4481 3050 4539 Ταῦτα
3084 4475 3140 4536 δὲ
3173 4479 3332 4537 αὐτοῦ
3383 4477 3654 4558 λέγοντος,
3698 4475 3867 4542 οὕτως

552 4570 625 4628 de
681 4574 840 4628 Patre
904 4572 982 4628 eis
1026 4571 1172 4628 dicta
1203 4580 1386 4629 essent
1453 4591 1468 4628 :
1525 4574 1679 4646 atqui
1748 4589 1875 4630 vere
1919 4574 2153 4630 obtene-

550 4661 773 4718 bratum
823 4670 942 4717 erat
982 4661 1250 4734 insipiens
1295 4679 1393 4718 cor
1421 4678 1638 4720 eorum.
1687 4664 1924 4733 Quidam
1965 4673 2152 4721 autem

551 4751 634 4807 sic
677 4750 1006 4823 intelligunt,
1058 4774 1084 4800 α
1129 4752 1234 4821 Qui
1291 4753 1439 4808 misit
1489 4768 1601 4820 me,
1656 4769 1822 4809 verax
1868 4761 1951 4809 est
2023 4772 2039 4810 :
2112 4774 2143 4808 »

548 4841 802 4909 Possem,
845 4840 1045 4912 inquit,
1075 4850 1131 4897 et
1171 4857 1318 4898 nunc
1355 4832 1603 4913 judicare
1647 4858 1762 4911 vos,
1793 4843 1889 4899 sed
1931 4859 2147 4900 reservo

551 4930 611 4986 in
651 4928 906 4985 futurum
935 4931 1218 4986 saeculum.
1249 4933 1371 4986 Non
1419 4931 1640 4988 creditis
1668 4942 1875 5000 autem,
1910 4941 1963 4988 et
1990 4935 2147 4989 retri-

549 5019 794 5075 butionis
821 5027 1041 5091 tempus
1064 5036 1179 5074 non
1210 5021 1376 5091 621
1411 5020 1786 5093 suspicamini.
1819 5022 1924 5078 Sed
1953 5039 2146 5096 quam-

549 5109 631 5166 vis
656 5125 754 5165 vos
785 5126 898 5164 non
922 5109 1176 5177 credatis,
1210 5111 1410 5166 saltem
1434 5111 1514 5165 vel
1559 5113 1723 5168 Pater
1750 5128 1910 5168 meus
1939 5121 2022 5169 est
2053 5129 2146 5168 ve-

545 5215 666 5266 rax,
714 5199 804 5270 qui
835 5200 1023 5255 statuit
1049 5199 1198 5255 diem
1240 5215 1352 5272 quo
1379 5200 1712 5257 retribuatur
1753 5202 1943 5271 vobis,
1974 5202 2065 5274 qui
2095 5210 2150 5257 et

546 5288 700 5343 misit
729 5305 816 5344 me
847 5297 911 5344 ut
946 5289 1238 5360 praedicem
1275 5289 1390 5357 illa,
1437 5299 1492 5346 et
1543 5290 1898 5348 manifestem
1932 5293 2144 5348 mundo

543 5376 667 5448 eius
685 5386 738 5433 et
759 5378 1037 5449 justitiam
1058 5387 1113 5435 et
1132 5379 1416 5435 virtutem.

611 5709 812 5765 "Joan.
846 5723 890 5776 ι,
919 5714 1004 5765 29.
1084 5711 1293 5768 10Ibid.
1327 5716 1412 5769 18.

1495 5715 1536 5748 ιι
1565 5716 1730 5772 Joan.
1773 5730 1872 5781 III,
1909 5722 1997 5772 17.

2259 4553 2396 4634 ἦσαν
2428 4567 2673 4640 ἀνόητοι,
2721 4567 2858 4627 ὥστε
2890 4594 2915 4622 α
2955 4571 3050 4627 οὐκ
3092 4566 3366 4646 ἔγνωσαν,
3397 4569 3554 4646 φησὶν
3579 4611 3596 4645 ,
3643 4565 3727 4625 ὅτι
3773 4565 3864 4624 τὸν

2262 4653 2482 4734 Πατέρα
2515 4659 2672 4718 αὐτοῦ
2705 4660 2880 4725 αὐτοῖς
2908 4658 3078 4736 λέγει.
3116 4682 3147 4713 ιο
3185 4657 3376 4716 Καίτοι
3429 4658 3568 4717 πόσα
3610 4656 3735 4736 περὶ
3765 4661 3860 4714 τοῦ

2262 4745 2475 4822 Πατρὸς
2525 4751 2701 4814 αὐτοῖς
2757 4747 3037 4827 διελέχθη;
3102 4748 3219 4806 ἀλλ’
3267 4747 3431 4814 ὄντως
3483 4746 3762 4818 ἐσκοτίσθη
3821 4748 3856 4817 ἡ

2257 4833 2502 4903 ἀσύνετος
2553 4839 2725 4896 αὐτῶν
2776 4839 2990 4918 καρδία.
3048 4837 3202 4904 Τινὲς
3251 4836 3303 4894 δὲ
3359 4840 3498 4896 οὕτω
3551 4843 3728 4896 νοοῦσι
3782 4835 3861 4894 τό⁶

2258 4948 2281 4974 ι
2325 4923 2463 4983 Ἀλλ’
2511 4930 2538 4984 6
2576 4926 2792 5007 πέμψας
2839 4951 2941 5005 με,
2976 4929 3176 5000 ἀληθής
3224 4928 3385 4986 ἐστιν’
3436 4955 3464 4980 ιι
3504 4925 3858 5002 Ἢδυνάμην,

2259 5015 2424 5094 φησὶ,
2458 5017 2550 5075 xui
2579 5023 2666 5075 νῦν
2697 5027 2873 5097 κρῖναι
2907 5021 3071 5093 ὑμᾶς,
3112 5016 3249 5074 ἀλλὰ
3292 5020 3369 5098 τῷ
3403 5019 3651 5093 μέλλοντι
3701 5016 3856 5072 αἰῶνι

2257 5110 2418 5164 τοῦτο
2448 5111 2614 5185 τηρῶ.
2660 5106 2958 5167 Ἀπιστεῖτε
3003 5108 3091 5180 δὲ,
3125 5106 3214 5164 καὶ
3255 5107 3342 5163 τὸν
3373 5111 3466 5179 τῆς
3495 5105 3586 5164 xui
3621 5107 3862 5162 ἀνταπο-

2259 5196 2452 5263 δόσεως
2499 5196 2683 5277 καιρὸν
2734 5197 2834 5276 οὐχ
2887 5195 3282 5275 ὓπολογίζεσθε.
3320 5195 3461 5255 Ἀλλ’
3494 5199 3539 5254 εἰ
3584 5193 3674 5253 xui
3707 5198 3856 5270 ὑμεῖς

2257 5289 2530 5344 ἀπιστεῖτε
2553 5332 2569 5361 ,
2609 5290 2635 5343 6
2656 5291 2779 5364 γοῦν
2820 5286 3012 5364 Πατήρ
3041 5309 3142 5362 μου
3177 5285 3377 5358 ἀληθής
3409 5287 3550 5344 ἐστιν
3577 5332 3591 5358 ,
3621 5283 3676 5350 ὃς
3708 5283 3863 5352 ἔστη-

2257 5399 2343 5432 σεν
2392 5375 2594 5455 ἡμέραν
2645 5376 2762 5435 καθ’
2809 5376 2874 5446 ἣν
2925 5375 3411 5446 ἀνταποδοθήσεται
3463 5377 3630 5451 ὑμῖν,
3682 5372 3737 5439 ὃς
3769 5371 3859 5430 καὶ

2256 5466 2534 5525 ἀπέστειλέ
2589 5490 2654 5543 με
2709 5464 2935 5545 κηρύξαι
2991 5471 3198 5541 ταῦτα,
3270 5464 3360 5523 καὶ
3415 5467 3721 5544 φανερῶσαι
3779 5464 3856 5540 τῷ

2255 5557 2444 5637 κόσμῳ
2475 5555 2572 5628 τὴν
2607 5558 2771 5615 αὐτοῦ
2807 5554 3143 5626 δικαιοσύνην
3176 5553 3266 5613 xui
3297 5553 3544 5631 δύναμιν.
3569 5623 3576 5631 Ι

614 5811 688 5875 (α)
707 5807 906 5866 Sensus
918 5817 999 5865 est
1023 5829 1034 5865 :
1066 5811 1126 5866 id
1146 5813 1438 5880 imprimis,
1457 5816 1554 5866 aut
1569 5815 1815 5882 primum
1832 5829 1946 5868 sum
1951 5854 1976 5884 ,
1991 5816 2283 5891 quodddico
2301 5818 2472 5873 vobis.
2503 5815 2742 5888 Vulgata
2762 5813 2950 5882 latina,
2973 5814 3323 5885 principium.
