2099 3230
201 242 234 268 21
590 241 786 271 ENARRATIO
806 242 839 269 IN
858 241 1075 269 EVANGELIUM
1092 241 1242 270 JOANNIS.
1262 257 1298 262 —
1317 242 1393 270 CAP.
1414 243 1481 271 VIII.
1823 244 1858 271 22

245 315 263 332 ι
289 299 374 336 Εἶπεν
387 301 434 337 οὖν
453 307 544 342 αὖτοῖς
555 308 571 336 ὃ
586 305 700 343 Ἰησοῦς⁹
715 305 803 336 Ὅταν
820 304 944 345 ῢψώσητε
959 304 1003 334 τὸν

1093 305 1186 332 Vens.
1208 307 1253 339 28,
1272 308 1315 333 29.
1342 315 1353 331 ι
1371 305 1450 334 Dixit
1464 313 1529 342 ergo
1544 306 1626 334 Jesus
1642 313 1648 333 :
1668 305 1741 334 Cum
1753 305 1856 333 exalta-

202 348 271 380 ἠδ’
285 353 334 381 τοῦ
354 351 515 394 ἀνθρῶπου,
534 350 598 382 τότε
618 350 768 390 γνώσεσθε,
794 351 833 379 ὅτι
849 350 901 388 ἐγώ
928 350 1002 388 εἰμι,

200 394 249 424 καὶ
264 395 311 424 ἀπ’
326 395 444 436 litamen"
457 399 529 429 ποιῶ
544 396 637 434 οὐδὲν,
653 396 722 426 ἀλλὰ
743 395 831 429 καθὼς
847 394 948 428 ἐδίδαξέ
971 406 1004 433 με

200 440 217 469 ὃ
227 440 328 481 Πατήρ
341 453 411 480 μου,
434 446 521 473 ταῦτα
536 443 628 479 λαλῶ,
652 441 699 471 καὶ
724 442 738 469 ὁ
753 440 862 480 πέμψας
877 451 910 478 με
920 462 928 475 ,
945 440 1003 477 μετ’

199 484 271 523 ἇμθῧ
284 486 368 517 ἔστιν.
390 488 451 518 οὐκ
464 486 552 529 ἀφῆκέ
567 498 600 525 με
631 485 710 525 μόνον
729 487 743 514 ὁ
766 485 876 524 Πατὴρ,
896 484 937 514 ὅτι
952 483 1004 523 ἐγὼ

199 529 237 559 τὰ
262 529 366 571 ἀρεστὰ
390 533 465 574 αὐτῷ
487 533 556 562 ποιῶ
585 530 709 562 πάντοτε.
737 544 748 556 ι
776 529 890 566 Ἐπειδὴ
915 529 1003 558 πολλὰ

200 577 306 613 σημεῖα
325 575 439 612 ποιήσας
459 578 508 607 οὔκ
531 576 702 607 ἐπεσπάσατο
724 574 849 611 τούτους,
874 575 935 614 περὶ
957 577 1003 603 τοῦ

201 622 323 659 σταυροῦ
336 622 424 655 «Mc
445 621 606 661 διαλέγεται.
630 620 726 658 Ὑμεῖς
748 619 796 661 μὲν
819 619 890 660 γὰρ,
917 619 1001 660 φησὶ,

199 662 265 693 τότε
281 663 410 699 δόξετιίν
430 659 557 696 παντελεῖ
580 664 728 706 ἆμεριμνίᾳ
752 659 834 700 εἶναι,
852 659 898 694 iui
916 659 1004 694 ἆπαλ-

200 708 321 748 λατῆναί
343 721 411 750 μου,
429 710 474 741 ὅτε
498 709 604 747 δηλαδή
626 721 663 748 με
679 708 864 749 σταυρώσετε.
885 708 959 749 Ἐγὼ
977 709 1003 738 δὲ

198 752 290 792 λέγι,
307 754 349 784 δτι
365 768 378 781 ι
392 754 540 794 γνώσεσθε,
561 754 601 784 ὅτι
624 754 676 794 ἐγώ
698 755 762 792 εἶμι·
781 766 796 782 ν
815 754 968 790 τουτέστιν,
990 756 1003 784 ὁ

202 797 323 837 Χριστὸς
344 801 361 829 ὁ
385 799 449 835 Υἱὸς
468 802 516 830 τοῦ
539 800 628 836 Θεοῦ,
652 802 666 829 ὖ
691 798 726 828 τὰ
749 799 837 828 πάντα
853 799 938 840 φέρων
958 799 1003 828 καὶ

203 842 295 882 ἄτιον,
321 843 367 874 καὶ
380 843 421 874 ὅτι
435 846 483 875 οὐκ
497 844 611 878 ἐναντίος
633 843 689 882 εἰμὶ
704 846 743 883 τῷ
759 844 862 883 Πατρὶη
881 843 940 873 οὐδὲ
957 845 1003 873 ἀπ’

203 887 324 926 ίμαπῶ
347 891 431 927 ma,
455 889 474 926 ἢ
495 890 578 919 λαλῶ·
602 890 632 919 οὗ
659 888 712 928 γὰρ
735 889 789 928 ἔχω
813 889 877 918 ἴδιον
899 889 1002 927 θέλημα

1057 348 1152 377 veritis
1171 349 1273 378 Filium
1290 350 1425 384 hominis,
1446 354 1512 378 tunc
1529 351 1702 386 cognoscetis
1715 350 1788 386 quod
1804 358 1854 386 ego

1058 394 1123 428 sim,
1139 397 1167 421 et
1178 402 1193 422 a
1210 395 1331 431 meispso
1342 394 1442 423 faciam
1454 395 1533 430 nihil,
1546 396 1594 423 sed
1607 396 1644 423 ita
1657 400 1686 423 ut
1701 396 1796 423 docuit
1812 403 1856 423 me

1058 439 1149 472 Pater,
1164 439 1224 467 haec
1242 440 1353 476 loquor,
1371 444 1398 468 et
1418 441 1465 476 qui
1486 448 1530 468 me
1551 441 1644 474 misit,
1671 448 1780 468 mecum
1803 444 1856 468 est.

1057 484 1121 511 Non
1134 484 1245 520 reliquit
1260 492 1305 513 me
1317 485 1407 513 solum
1422 486 1514 519 Pater,
1529 486 1591 521 quia
1609 493 1658 521 ego
1676 492 1736 520 quae
1758 484 1856 520 placita

1059 532 1124 556 sunt
1135 529 1170 562 ei,
1196 528 1264 557 facio
1287 537 1406 565 semper.
1431 541 1443 554 γι
1462 531 1611 565 Postquam
1626 531 1713 557 multa
1730 529 1807 565 signa
1821 529 1860 557 eis

1058 572 1125 601 fecit
1140 578 1168 602 et
1188 582 1244 602 non
1259 574 1374 602 attraxit
1396 575 1471 608 illos,
1492 583 1566 602 nunc
1587 574 1620 602 de
1642 582 1722 602 cruce
1741 582 1805 602 cum
1820 574 1858 601 eis

1057 618 1191 654 loquitur.
1221 620 1278 647 Vos
1290 619 1374 653 enim,
1389 620 1489 655 inquit,
1504 624 1568 647 tunc
1581 619 1710 655 putabitis
1724 627 1771 646 vos
1781 622 1859 646 extra

1058 664 1387 692 omnemsollicitudinem
1394 669 1530 693 etmetum
1539 664 1606 698 fore,
1613 669 1660 692 eta
1667 672 1711 692 me
1718 664 1859 696 liberatos,

1058 707 1122 735 cum
1138 716 1182 737 me
1197 709 1389 737 crucifixeritis
1404 718 1410 736 :
1427 718 1476 746 ego
1491 714 1585 737 autem
1600 709 1662 737 dico
1673 709 1748 745 quod
1763 720 1775 733 α
1790 713 1858 736 tunc

1058 753 1151 781 scietis
1160 754 1237 789 'quod
1247 762 1297 790 ego
1311 762 1386 790 sum;
1403 754 1483 793 »_hoc
1495 757 1545 788 est,
1557 754 1683 782 Christus
1699 754 1785 782 Filius
1795 753 1856 787 Dei,

1058 798 1105 833 qui
1126 799 1219 826 omnia
1234 804 1314 834 porto
1329 803 1358 827 et
1381 799 1452 827 duco
1466 819 1474 833 ,
1499 803 1527 827 et
1545 807 1602 827 non
1623 807 1686 826 sum
1708 798 1860 826 contrarius

1057 843 1144 877 Patri,
1168 851 1260 879 neque
1280 851 1294 871 a
1318 844 1480 879 memetipso
1494 843 1566 871 facio
1590 843 1632 871 vel
1654 844 1775 879 loquor:
1800 851 1858 870 non

1058 887 1133 914 enim
1147 886 1236 915 habeo
1252 888 1421 915 voluntatem
1445 888 1584 923 propriam
1604 892 1762 923 separatam
1782 895 1797 914 a
1811 895 1858 914 vo-

202 933 402 974 κεχυρισμένον
422 937 470 964 τοῦ
485 936 634 974 [ἰατρικοῦ.
657 935 718 967 Πῶς
733 933 760 962 δὲ
779 933 890 972 ἔμελλον
906 936 1004 972 γνῶναι

1060 931 1163 959 luntate
1171 932 1268 960 Patris.
1283 932 1430 967 Quomodo
1440 937 1531 960 autem
1539 932 1677 968 cognituri
1688 936 1756 959 sunt
1768 932 1859 967 ipsum

203 977 287 1008 αὗτὸτ
309 979 338 1008 ἓν
358 980 397 1020 τῷ
413 981 536 1021 σταυρῷ;
551 979 616 1009 Ἀπὸ
635 980 687 1008 τῶν
710 977 830 1016 σημείων
854 980 908 1007 τῶν
931 991 1004 1014 τηνι-

203 1024 293 1052 καῦτα
301 1045 311 1060 ,
326 1024 381 1054 ἀπὸ
392 1026 440 1060 ἧς
454 1023 624 1057 ἀναστάσεως
639 1023 686 1052 καὶ
697 1025 742 1058 τῆς
753 1022 892 1057 ἁλώσεως.
908 1025 1004 1053 Ταῦτα

203 1066 258 1107 γὰρ
281 1067 371 1097 πάντα
406 1068 487 1099 ἱκανὰ
513 1065 544 1105 ἦν
573 1069 690 1109 ἐμφῆναι
727 1067 775 1103 τὴν
802 1067 879 1107 ἰσχὺν
911 1069 1003 1098 αὐτοῦ.

204 1110 357 1153 Ἀμφότιρα
370 1113 457 1143 τοίνυν
473 1113 625 1154 γνώσεσθε,
644 1112 690 1142 καὶ
704 1111 752 1148 τὴν
768 1111 845 1151 ἰσχὺν
861 1112 910 1147 τὴν
926 1113 1004 1151 ἐμὴν,

202 1154 270 1186 δίκαν
290 1157 462 1197 σταυρώσητέ
482 1169 531 1197 με,
550 1158 596 1187 καὶ
611 1157 659 1194 τὴν
680 1156 806 1194 ὁμόνοιαν
819 1156 868 1192 τὴν
881 1157 946 1197 πρὸς
960 1158 1005 1187 τὸν

205 1201 330 1241 Πατὲρα.
353 1204 397 1234 Οὔ
411 1202 463 1244 γὰρ
478 1202 511 1233 ἂν
524 1205 539 1233 ὁ
553 1202 651 1242 Πατὴρ
666 1201 684 1238 ἢ
697 1202 832 1238 ἐξεδίκησέ
847 1214 880 1240 με
891 1225 899 1239 ,
916 1215 1005 1243 παρα-

204 1245 266 1280 δοὺς
283 1246 332 1284 τὴν
350 1248 427 1278 πόλιν
450 1250 525 1286 ὑμῶν
551 1252 604 1281 τοῖς
627 1246 792 1285 Ῥωμαίοις,
817 1247 834 1283 ἢ
857 1253 956 1286 σημεῖα
978 1250 1004 1277 ἐν

203 1292 246 1332 τῷ
269 1294 378 1333 σταυρῷ
402 1293 536 1329 ἐπιτέλει,
556 1293 579 1322 εἰ
596 1292 633 1330 μὴ
659 1292 722 1326 Υἱὸς
743 1292 942 1333 ἤμηνηαῦτοῦ,
960 1293 1005 1322 καὶ

203 1332 387 1377 ὁμογνώμων,
412 1337 471 1367 ἀλλ’
493 1338 542 1367 οὒκ
557 1337 684 1370 ἀντίθεος.
709 1336 779 1367 Τότε
805 1332 849 1366 οὖν
877 1337 1003 1377 εἴσεσθε,

203 1379 312 1410 δτιὸσα
334 1381 452 1413 διδάσκω
473 1382 519 1412 καὶ
546 1381 633 1421 λέγω,
656 1382 701 1411 ἀπ’
729 1381 829 1411 ἐκείνου
856 1381 922 1417 εἶσὶ,
948 1385 1005 1411 θεῖα

203 1425 313 1460 πάντως
336 1426 383 1456 καὶ
399 1427 476 1468 Θεοῗξν
487 1426 612 1468 ῥήματα,
635 1427 681 1456 καὶ
705 1428 752 1456 οὐκ
776 1425 849 1464 ἐμὰ,
871 1426 941 1456 ἀλλὰ
956 1430 1004 1456 τοῦ

202 1469 360 1511 πέμψαντός
381 1483 425 1511 με.
442 1467 511 1503 Εἶτα
534 1471 579 1500 ἵνα
592 1471 629 1510 μὴ
646 1470 791 1510 νομίσωσιν
802 1494 811 1509 ,
832 1471 872 1500 ὅτι
887 1471 918 1501 τὸ
933 1484 1004 1510 πεμ-

203 1517 303 1556 φθῆναι
326 1515 372 1546 καὶ
397 1517 581 1552 ἀποσταλῆναι
609 1516 702 1556 ὕφεσιν
725 1516 821 1554 δηλοῖ,
848 1516 947 1556 φησὶν,
965 1517 1005 1546 ὅτι

206 1570 225 1587 ι
237 1558 276 1590 Ὁ
291 1560 386 1601 Πατήρ
400 1572 451 1600 μου
465 1560 523 1600 μετ’
540 1563 604 1600 ίμοῦ
620 1563 702 1590 ἐστιν.
718 1571 733 1589 )›
753 1562 785 1590 Εἰ
803 1561 854 1600 γὰρ
873 1562 918 1590 καὶ
937 1562 1002 1591 ἀπέ-

203 1604 296 1634 στιιλί
317 1617 351 1644 με
380 1607 417 1640 ὥς
440 1605 595 1646 ἄνθρωπον,
622 1604 683 1635 ἀλλ’
707 1601 752 1635 οὖν
781 1606 827 1634 οὐχ
854 1605 1002 1645 ἐχωρίσθην
1020 1615 1043 1646 C

204 1649 309 1688 αὐτοῦ,
324 1650 394 1680 ἀλλὰ
409 1651 468 1690 μετ’
483 1651 549 1688 ἐμοῦ
573 1652 645 1680 ἐστιν
656 1673 663 1686 ,
685 1651 721 1683 ὡς
735 1649 804 1682 Θεὸς
827 1650 890 1690 Θεῷ
905 1651 1001 1682 συνών,

204 1693 273 1725 Ἐπὶ
286 1693 318 1723 τὸ
336 1695 522 1734 ταπεινότερον
546 1695 574 1725 δὲ
600 1694 681 1725 πάλιν
701 1694 746 1724 τὸν
763 1694 840 1732 λόγον
861 1695 987 1734 κατάγων
998 1720 1006 1733 ,

204 1738 290 1780 φησι,
307 1739 389 1770 αΚαὶ
401 1741 450 1769 οὔχ
467 1739 555 1779 ἀφῆκέ
570 1752 604 1778 με
620 1739 697 1778 μόνον
709 1761 717 1776 ,
734 1738 773 1768 ὅτι
791 1739 843 1778 ἐγὼ
859 1739 892 1768 τὰ
907 1741 1006 1780 ἀρεστὰ

204 1783 282 1824 dare}
292 1785 372 1814 ποιεῖ.
385 1798 399 1810 ι
413 1783 466 1815 Διᾶ
478 1784 538 1818 τοὺς
549 1784 695 1817 Ἰουδαίους
707 1784 734 1814 δὲ
750 1787 834 1813 ταῦτα
850 1784 883 1813 τὰ
894 1787 1006 1815 ταπεινὰ

203 1828 357 1869 Mum.
369 1828 449 1860 Ἐπεὶ
464 1829 517 1870 γὰρ
527 1829 619 1868 ἔλεγον
635 1829 748 1865 ἐκεῖνοι,
773 1830 813 1858 ὅτι
835 1840 848 1857 α
865 1831 922 1859 Οὐκ
935 1830 1005 1860 ἔστιν

204 1874 238 1903 ἂ
255 1875 306 1902 τοῦ
329 1873 417 1913 Θεοῦ,
436 1873 478 1904 δτι
498 1875 530 1904 τὸ
554 1873 698 1904 Σάϐϐατον
726 1874 755 1903 οὖ
779 1877 863 1913 τηρεῖ·
887 1888 898 1900 ιι
915 1875 1005 1913 φησίν-

202 1915 276 1948 ὀτι
285 1916 320 1948 τὰ
333 1917 435 1959 ἐριστὰ
450 1919 524 1960 αὐτῷ
535 1921 617 1948 ποιῶ.
632 1932 643 1945 ι
659 1917 748 1948 ’Ὥστε
758 1917 807 1947 χᾶν
820 1918 850 1947 τὸ
862 1919 1005 1949 Σάϐϐατον

203 1960 262 2005 λόει
272 1985 282 2000 ,
299 1963 410 2003 ἀρεστὸν
425 1964 497 2004 αὐτῷ
509 1967 597 1993 τοῦτο.
618 1962 670 1993 Ἐκ
689 1962 788 1992 τούτων
803 1962 831 1991 δὲ
846 1964 898 1992 τῶν
912 1976 1006 1993 ταπει-

204 2007 260 2037 νῧυ
275 2007 405 2048 ῥημάτων
428 2008 507 2042 αὒτὸς
529 2007 577 2047 μὲν
600 2008 674 2037 οὐδὲν
691 2006 849 2045 ἐλυμαίνετο
863 2010 897 2047 τῇ
921 2010 1005 2048 οἰκείᾳ

203 2051 284 2091 δόξῃ,
306 2052 361 2086 τοῖς
375 2053 402 2083 δὲ
419 2054 560 2084 ἆιιοῦουσιν
579 2053 709 2093 ὠρέλειαν
736 2052 836 2088 ἐποίει,
855 2053 957 2090 μᾶλλον
979 2054 1006 2083 δὲ

203 2095 254 2126 sui
267 2096 317 2132 τὴν
332 2096 408 2132 δόξαν
423 2098 507 2127 αὐτοῦ
522 2098 634 2127 συνίστα
646 2096 689 2127 διὰ
704 2097 808 2126 τούτου.
821 2099 856 2127 Οἱ
868 2097 920 2138 γὰρ
932 2098 1009 2128 ἀκού-

203 2151 280 2175 οντες
291 2141 372 2172 am
383 2143 472 2173 πάντα
488 2144 524 2176 εἰς
534 2142 580 2172 τὸν
598 2142 709 2181 Πατέρα
731 2141 918 2182 ἀναφέροντος,
936 2145 1005 2181 μᾶλ-

203 2186 253 2216 λον
279 2186 354 2226 αὐτῷ
383 2187 589 2227 προσετίθεντο,
612 2187 658 2216 καὶ
685 2186 824 2216 ἐπίστευον
849 2187 885 2220 εἷς
913 2188 1005 2217 αὐτόν’

204 2229 278 2260 ὕστα
299 2229 334 2261 τὰ
352 2231 466 2262 ταπεινὰ
493 2233 595 2271 μᾶλλον
613 2231 695 2266 ὕψουν
719 2231 811 2261 αὐτόν.
864 2230 950 2273 εΟρᾷς
974 2232 1008 2262 τὰ

203 2274 476 2330 ητοροόματα.ἤς
502 2275 637 2330 μακαρίας
660 2276 868 2330 τατῖεινώσεωω
890 2274 956 2307 ’Ὅτι
979 2278 1006 2307 δὲ
1024 2298 1049 2330 D

203 2321 295 2349 ταῦτα
313 2319 395 2355 οὕτως
408 2320 484 2361 ἔχει,
499 2320 580 2351 ἄκουε
595 2323 647 2350 τῶν
661 2320 763 2362 ἑφεξῆς.

251 2375 268 2394 α
289 2365 388 2395 Ταῦτα
402 2367 484 2396 αὖτοΰ
500 2367 660 2402 λαλῶντος,
684 2366 777 2396 πολλοὶ
799 2365 957 2396 ἐπίστευσαν
973 2368 1008 2401 εἷς

204 2408 302 2440 αὐτόν.
317 2407 431 2451 Ἔλεγεν
449 2405 495 2440 οὖν
512 2411 527 2440 ὃ
545 2410 650 2447 Ἰησοῦς
665 2410 730 2451 πρὸς
751 2410 811 2444 τοὺς
831 2411 1007 2441 πεπιστευκό-

203 2463 256 2488 τις
269 2455 346 2496 αὐτᾷ
363 2454 519 2489 Ἰουδαίους·
540 2455 604 2485 Ἐὰν
619 2455 694 2493 ὑμεῖς
711 2455 821 2494 μείνητε
835 2457 862 2485 ἐν
881 2458 919 2496 τῷ
935 2457 1008 2496 λόγῳ

203 2499 246 2539 τᾷ
260 2499 335 2540 ἐμῷ,
356 2500 462 2536 ἀληθῶς
484 2499 604 2539 μαθηταί
629 2511 679 2538 μου
705 2499 784 2536 ἐστὲ,
811 2499 858 2529 καὶ
876 2500 1008 2540 γνώσεσθε

202 2542 257 2580 τὴν
280 2543 428 2584 ἂλῆρεῖαν,
449 2543 494 2575 καὶ
513 2546 531 2580 ἡ
556 2545 669 2581 ἀλήθεια
687 2544 859 2584 ἐλευθερώσει
884 2547 963 2583 ὑμᾶς.
993 2560 1006 2572 ι»

201 2585 300 2629 ὀπρ
321 2583 476 2627 “union
502 2589 547 2620 διὰ
571 2591 625 2620 τῶν
652 2583 850 2630 ταπεινοτέρων
881 2591 1008 2631 ῥημάτων

204 2633 312 2670 μᾶλλον
324 2633 460 2674 ὑπήγοντο
472 2635 498 2664 οἱ
511 2633 642 2674 ἃκροαταὶ
651 2657 660 2671 ,
682 2637 766 2664 τοῦτο
781 2634 828 2664 καὶ
844 2636 858 2663 ὁ
870 2635 1006 2675 εὖαγγελμ

202 2676 272 2713 οτὴς
286 2678 504 2716 Macrinus.
520 2689 536 2707 α
550 2681 645 2709 Ταῦτα
662 2678 730 2719 γὰρ,
747 2679 844 2719 φησὶν,
860 2680 942 2709 αὐτοῦ
961 2681 1009 2709 λα-

203 2721 328 2763 λοῦντος,
357 2723 455 2754 πολλοὶ
479 2723 652 2754 ἐπίστευσαν
678 2736 694 2752 ν
715 2726 805 2753 ταῦτα
832 2726 866 2753 τὰ
896 2724 1009 2755 ταπεινὰ

206 2766 336 2809 ῥήματι,
357 2767 406 2799 καὶ
420 2767 516 2804 Mica
541 2767 618 2804 δῆθεν
640 2770 688 2804 τῆς
708 2768 784 2804 δόξης
806 2769 901 2799 αὐτοῦ.
919 2768 1009 2798 νΩστε

202 2815 367 2854 πανταχοῦ,
393 2811 459 2844 ὅταν
474 2811 574 2851 ἀκούῃς
590 2814 669 2843 αὐτοῦ
681 2813 764 2853 μιχρά
782 2825 841 2842 τινα
852 2813 898 2843 καὶ
917 2814 1010 2850 εὐτελῆ

204 2858 267 2900 περὶ
289 2859 393 2890 εαυτοῦ
427 2857 568 2898 λέγοντος,
592 2857 630 2897 μὴ
653 2858 774 2898 θορυϐοὖ,
802 2858 853 2888 Διὰ
876 2858 927 2899 γὰρ
951 2858 1011 2893 τοὺς

205 2903 346 2946 ἆιφοιτὺς
364 2904 452 2934 ταῦτα
478 2902 640 2944 φθέγγεται,
662 2903 701 2943 μὴ
726 2902 889 2944 δυναμένους
908 2904 1010 2946 ὑψηλό-

1060 976 1089 1004 in
1100 979 1197 1005 cruce?
1205 977 1231 1004 A
1244 977 1327 1012 signis
1338 985 1398 1012 qum
1411 981 1476 1005 tunc
1488 977 1563 1012 fient,
1579 981 1606 1004 et
1618 985 1632 1004 a
1643 976 1857 1010 resurrectione,

1059 1025 1086 1048 et
1103 1021 1261 1057 captivitate
1275 1032 1281 1049 :
1299 1022 1390 1049 omnia
1405 1021 1479 1049 enim
1495 1022 1554 1049 haec
1570 1026 1698 1056 poterant
1717 1020 1856 1048 declarare

1057 1066 1116 1101 ejus
1131 1065 1334 1094 fortitudinem.
1356 1068 1514 1102 Utrumque
1536 1066 1619 1102 igitur
1633 1066 1737 1099 scietis,
1758 1070 1786 1093 et
1800 1065 1858 1093 for-

1059 1110 1206 1138 titudinem
1222 1119 1311 1139 meam
1335 1111 1446 1148 quando
1465 1111 1653 1139 cruciﬁxeritis
1669 1119 1723 1143 me,
1749 1114 1776 1138 et
1790 1118 1858 1138 con-

1059 1156 1180 1183 cordiam
1202 1164 1295 1183 meam
1309 1164 1371 1183 cum
1385 1158 1476 1184 Patre.
1491 1158 1587 1192 Neque
1601 1156 1675 1183 enim
1690 1157 1769 1183 Pater
1788 1155 1861 1183 ultus

1059 1205 1132 1228 esset
1149 1208 1193 1228 me
1215 1201 1280 1228 data
1305 1201 1415 1229 civitate
1438 1205 1526 1229 vestra
1551 1201 1695 1233 Romanis,
1718 1201 1760 1228 vel
1783 1200 1859 1235 signa

1059 1244 1087 1272 in
1101 1253 1183 1272 cruce
1199 1245 1318 1277 fecisset,
1332 1245 1383 1272 nisi
1399 1245 1482 1273 Filius
1496 1245 1557 1281 ejus
1570 1253 1672 1278 essem,
1691 1249 1718 1272 et
1736 1244 1861 1280 ejusdem

1060 1290 1214 1322 sententias,
1240 1294 1268 1317 et
1288 1297 1345 1317 non
1367 1289 1530 1317 contrarius.
1554 1290 1633 1317 Tunc
1660 1289 1744 1324 igitur
1769 1288 1860 1316 scietis

1060 1333 1135 1369 quod
1149 1342 1211 1369 quae
1224 1334 1310 1362 doceo
1324 1338 1352 1362 et
1361 1334 1433 1366 dico,
1449 1334 1536 1362 abillo
1549 1334 1615 1367 sint,
1630 1334 1723 1361 divina
1736 1334 1859 1365 omnino,

1060 1382 1087 1406 et
1102 1380 1183 1406 verba
1198 1379 1248 1406 Dei
1266 1388 1273 1406 :
1289 1387 1321 1406 ac
1342 1387 1397 1406 non
1412 1387 1474 1406 mea
1486 1400 1493 1412 ,
1509 1379 1556 1406 sed
1572 1378 1630 1414 ejus
1645 1379 1692 1414 qui
1712 1377 1789 1405 misit
1803 1385 1857 1404 me.

1059 1423 1163 1451 Deinde
1171 1428 1202 1451 ut
1212 1432 1245 1451 ne
1253 1428 1348 1459 putent
1358 1424 1443 1459 quod,
1454 1423 1569 1451 missum
1577 1431 1647 1456 esse,
1659 1423 1859 1458 subjectionem

1058 1468 1207 1503 signiﬁcet,
1223 1469 1287 1496 dicit
1303 1479 1309 1496 :
1335 1478 1349 1495 ‹‹
1365 1470 1444 1496 Pater
1458 1477 1538 1496 meus
1553 1476 1663 1496 mecum
1679 1472 1730 1495 est.
1758 1479 1770 1491 ιι
1787 1468 1861 1495 Nam

1059 1513 1186 1549 quamvis
1202 1514 1310 1541 miserit
1324 1522 1369 1541 me
1385 1518 1414 1541 ut
1429 1514 1585 1545 hominem,
1600 1521 1655 1540 non
1667 1517 1765 1540 tamen
1780 1520 1859 1547 sepa-

1059 1562 1134 1585 ratus
1153 1566 1216 1585 sum
1229 1558 1263 1586 ab
1285 1566 1328 1590 eo,
1354 1558 1402 1586 sed
1417 1566 1515 1586 mecun
1532 1558 1577 1585 ille
1591 1563 1644 1592 est,
1660 1562 1691 1585 ut
1705 1559 1780 1584 Deus
1793 1564 1858 1584 cum

1060 1603 1129 1630 Deo.
1148 1604 1181 1630 Et
1195 1602 1294 1630 iterum
1315 1602 1350 1631 ad
1365 1603 1515 1630 humiliora
1530 1610 1689 1630 sermonem
1704 1601 1859 1634 deducens,

1060 1647 1150 1682 inquit
1166 1658 1171 1675 :
1191 1658 1203 1671 ‹‹
1221 1649 1254 1675 Et
1266 1655 1319 1675 non
1334 1647 1437 1675 dimisit
1448 1655 1490 1674 me
1506 1647 1608 1680 solum,
1621 1646 1684 1682 quia
1694 1655 1746 1683 ego
1760 1646 1859 1681 placita

1061 1692 1099 1719 illi
1127 1691 1204 1719 facio.
1231 1703 1245 1716 η
1270 1693 1385 1728 Propter
1406 1691 1520 1720 Iudaeos
1543 1696 1636 1719 autem
1663 1696 1721 1718 tam
1745 1691 1860 1718 humilia

1060 1736 1141 1764 verba
1156 1737 1287 1772 loquitur.
1300 1738 1370 1771 Quia
1385 1738 1460 1764 enim
1472 1736 1512 1764 illi
1527 1736 1654 1764 dicebant
1666 1735 1740 1772 quod
1756 1743 1813 1762 non
1824 1735 1862 1762 sit

1061 1788 1092 1808 ex
1108 1782 1176 1814 Deo,
1199 1781 1261 1816 quia
1278 1782 1428 1809 Sabbatum
1442 1790 1498 1808 non
1520 1785 1629 1809 servat:
1647 1780 1724 1812 dicit,
1754 1789 1768 1806 α
1790 1779 1861 1814 Quia

1061 1833 1123 1861 qua:
1147 1825 1314 1861 beneplacita
1330 1829 1397 1853 sunt
1419 1825 1469 1859 illi,
1486 1825 1568 1859 facio;
1587 1837 1599 1849 ν
1625 1829 1653 1852 et
1675 1825 1717 1853 ita
1737 1824 1862 1860 quamvis

1061 1869 1213 1898 Sabbatum
1236 1870 1352 1903 solvam,
1376 1870 1505 1905 placitum
1535 1870 1589 1897 hoc
1612 1869 1650 1896 illi
1672 1873 1723 1897 est.
1751 1869 1791 1895 Ex
1818 1868 1862 1895 his

1061 1918 1153 1941 autem
1176 1914 1327 1941 humilibus
1341 1914 1431 1941 verbis
1450 1914 1508 1949 ipse
1530 1914 1643 1950 quidem
1659 1913 1726 1940 nihil
1741 1912 1863 1940 nocebat

1061 1966 1119 1986 sua.I
1132 1958 1234 1994 gloriae,
1250 1958 1423 1986 auditoribus
1434 1962 1528 1986 autem
1545 1958 1693 1985 utilitatem
1705 1956 1839 1984 afferebat
1854 1966 1860 1984 ;

1061 2003 1118 2031 imo
1139 2007 1168 2031 et
1191 2003 1307 2039 gloriam
1323 2011 1402 2030 suam
1426 2010 1475 2039 per
1490 2003 1548 2030 haec
1571 2002 1763 2030 constituebat.
1790 2003 1862 2029 Nam

1061 2048 1204 2076 audientes
1216 2056 1280 2076 eum
1300 2048 1373 2084 quod
1388 2048 1483 2076 omnia
1497 2048 1524 2075 in
1542 2049 1650 2075 Patrem
1666 2046 1790 2080 referret,
1808 2046 1858 2074 ad-

1059 2093 1224 2129 jiciebantur
1239 2097 1266 2120 et
1289 2093 1440 2121 credebant
1464 2093 1494 2120 in
1514 2092 1600 2120 illum.
1627 2093 1663 2120 Et
1684 2092 1721 2119 ita
1746 2091 1862 2119 humilia

1061 2138 1150 2174 magis
1188 2137 1346 2165 exultabant
1387 2138 1476 2165 illum.
1522 2136 1606 2165 Vides
1650 2144 1734 2172 opera
1775 2135 1863 2163 beata

1063 2182 1274 2210 humiliationis.
1312 2183 1350 2210 Et
1372 2182 1447 2218 quod
1473 2182 1532 2210 haec
1554 2182 1624 2210 sicse
1645 2181 1774 2215 habeant,
1797 2181 1862 2209 audi

1062 2228 1214 2264 sequentia.

1099 2371 1193 2399 Vens.
1205 2373 1303 2399 30-32.
1319 2382 1330 2394 τι
1349 2371 1416 2399 Haec
1432 2370 1478 2397 illo
1493 2370 1635 2406 loquente,
1646 2369 1726 2397 multi
1740 2368 1865 2397 credide-

1062 2420 1129 2444 runt
1139 2416 1168 2443 in
1182 2423 1254 2443 eum.
1272 2415 1388 2443 Dicebat
1403 2423 1467 2451 ergo
1480 2416 1495 2442 J
1499 2423 1560 2443 esus
1573 2415 1608 2443 ad
1622 2422 1670 2443 eos
1681 2414 1727 2450 qui
1742 2413 1864 2442 credide-

1063 2466 1125 2489 rant
1134 2461 1185 2497 ipsi
1196 2460 1305 2488 Iudaeos
1317 2469 1324 2487 :
1342 2460 1370 2487 Si
1380 2468 1428 2488 vos
1441 2460 1597 2487 manseritis
1611 2459 1638 2487 in
1653 2467 1780 2487 sermone
1790 2467 1864 2493 meo,

1065 2514 1127 2534 vere
1150 2505 1275 2541 discipuli
1296 2505 1352 2533 mei
1374 2505 1449 2539 estis,
1465 2509 1494 2533 et
1513 2504 1687 2540 cognoscetis
1709 2504 1865 2536 veritatem,

1064 2554 1093 2578 et
1106 2551 1206 2578 veritas
1218 2550 1318 2578 liberos
1332 2549 1429 2578 reddet
1442 2558 1499 2578 vos.
1517 2562 1530 2574 υ
1554 2551 1594 2578 Ut
1604 2549 1729 2577 dicebam
1748 2556 1797 2584 per
1816 2548 1867 2576 bu-

1064 2594 1140 2622 milia
1155 2595 1238 2623 verba
1253 2594 1338 2630 622
1355 2595 1446 2630 plures
1458 2594 1600 2622 advenisse
1622 2593 1773 2627 auditores,
1787 2592 1825 2620 ita
1840 2597 1868 2620 et

1064 2640 1227 2676 evangelista
1242 2639 1387 2675 signiﬁcat.
1417 2650 1429 2663 α
1447 2641 1515 2668 Hazc
1529 2639 1613 2676 enim,
1639 2638 1740 2673 inquit,
1765 2637 1810 2665 illo
1826 2638 1867 2666 Io-

1065 2688 1177 2721 quente,
1192 2684 1274 2712 mulli
1289 2684 1474 2713 crediderunt.
1489 2693 1504 2710 ν
1532 2685 1600 2711 Haec
1624 2682 1738 2710 humilia
1753 2682 1868 2711 scillicet

1065 2729 1158 2764 verba,
1174 2733 1202 2757 et
1216 2729 1325 2765 indigna
1340 2729 1434 2765 gloriae
1450 2736 1507 2756 sum
1522 2737 1529 2755 :
1544 2732 1571 2756 et
1586 2728 1622 2755 ita
1637 2735 1746 2763 semper
1756 2728 1868 2764 quando

1065 2774 1143 2802 audis
1157 2782 1221 2802 eum
1241 2782 1355 2810 parvum
1369 2773 1499 2809 quiddam
1521 2777 1549 2801 et
1562 2772 1666 2800 humile
1685 2772 1720 2800 de
1735 2780 1764 2800 se
1779 2772 1867 2808 loqui,

1066 2827 1101 2846 ne
1113 2818 1243 2846 turberis.
1264 2819 1380 2853 Propter
1399 2817 1540 2845 auditores
1558 2817 1632 2845 enim
1652 2817 1718 2845 talia
1734 2817 1868 2852 loquitur,

1066 2871 1124 2891 non
1143 2863 1261 2891 valentes
1275 2862 1421 2890 sublimius
1437 2862 1569 2898 quiddam
1584 2870 1695 2898 sapere,
1714 2861 1762 2890 sed
1773 2861 1870 2889 statim

1068 2907 1238 2938 ferocientes.
1253 2907 1325 2944 Quid
1336 2911 1430 2936 autem
1441 2916 1496 2936 non
1507 2907 1642 2936 evenisset
1651 2907 1685 2935 iis
1698 2906 1744 2943 qui
1753 2906 1790 2934 ad
1803 2914 1872 2943 pro-
