4198 6476
466 490 535 544 23
1478 474 1987 533 THEOPHYLACTI
2025 474 2385 530 BULGARIE
2421 473 2715 529 ARCHIEP
2726 513 2740 526 .
3688 473 3758 528 24

462 609 796 668 funditatem
817 603 1119 678 theologici
1155 602 1491 661 sacramenti
1518 602 1831 675 pertingere
1853 598 2056 672 nequi-

2183 600 2321 678 τερόν
2373 623 2428 658 τι
2469 603 2693 674 νοῆσαι,
2728 598 2849 657 ἀλλ’
2876 595 3023 664 εὐθὺς
3055 595 3441 678 ἀγριαίνοντας.
3478 595 3551 657 Τί
3579 594 3634 655 δὲ
3671 598 3766 656 οὐκ

464 700 692 765 vissent,
721 710 851 752 cum
885 702 943 750 et
967 692 1288 749 cbristianis
1318 693 1584 747 virtutem
1612 690 1730 763 eius
1758 705 2061 763 agnoscen-

463 788 637 852 tibus,
665 794 722 842 et
759 800 858 857 per
885 783 1069 853 ipsum
1099 781 1338 851 salvatis,
1369 780 1684 837 sublimitas
1723 779 1915 852 gloriae
1943 778 2066 850 ejus

463 872 910 949 impertingibilis
927 873 1035 928 sit?
1056 870 1309 927 Audiens
1332 878 1514 926 autem
1541 868 1691 941 quod
1711 868 1871 924 multi
1891 867 2067 924 credi-

466 966 666 1033 derint,
708 963 789 1019 sic
824 961 1085 1033 intellige,
1117 959 1269 1032 quod
1298 958 1590 1030 vulgariter
1629 957 1983 1023 crediderint,
2011 964 2068 1012 et

469 1070 586 1112 non
631 1060 693 1108 ut
745 1051 1057 1123 oportebat,
1104 1049 1199 1106 sed
1239 1048 1385 1104 sicut
1425 1056 1483 1103 et
1510 1047 1706 1119 placati
1743 1055 1799 1103 et
1831 1045 2068 1103 demulsi

469 1144 768 1200 verborum
808 1139 1124 1196 humilitate
1172 1157 1186 1194 :
1221 1137 1371 1212 quod
1396 1145 1584 1194 autem
1606 1136 1745 1193 tales
1771 1152 1887 1193 non
1910 1143 2070 1191 erant

468 1250 595 1291 vere
619 1232 826 1297 ﬁdeles,
846 1229 1211 1291 manifestum
1232 1235 1333 1285 est.
1366 1250 1392 1276 α
1414 1226 1644 1284 Dicebat
1669 1227 1838 1296 enim,
1858 1225 2064 1298 inquit,

471 1323 542 1380 ad
566 1339 662 1380 eos
694 1324 789 1396 qui
818 1320 1167 1381 crediderant
1192 1317 1420 1374 Judmos
1466 1335 1479 1371 :
1513 1316 1570 1371 Si
1613 1331 1708 1372 vos
1754 1315 2071 1371 manseritis

470 1411 801 1479 inisermone
824 1427 975 1469 meo.
1010 1432 1037 1459 ι»
1066 1406 1347 1480 Signiﬁcat
1369 1406 1518 1462 enim
1538 1420 1634 1462 eos
1661 1404 2074 1477 superﬁcialiter

472 1502 769 1571 creddisse,
818 1510 874 1558 et
917 1507 1204 1573 propterea
1244 1512 1361 1552 non
1401 1509 1792 1567 permansuros
1839 1494 1897 1550 in
1941 1493 2066 1550 ﬁde.

473 1591 593 1646 Hac
623 1606 841 1663 quoque
884 1585 1307 1660 reprehensione
1336 1583 1540 1639 indicat
1567 1599 1626 1639 sc
1653 1598 1818 1639 nosse
1846 1582 2072 1638 illorum

470 1687 716 1751 pectora,
762 1688 817 1736 et
841 1677 991 1751 quod
1019 1677 1090 1732 sit
1131 1679 1297 1730 Deus.
1349 1674 1491 1745 Quia
1531 1679 1717 1729 autem
1747 1680 1801 1728 et
1828 1686 2074 1727 recesse-

471 1777 599 1823 rant
645 1768 877 1840 quidam
921 1766 1015 1839 qui
1065 1764 1213 1837 prius
1259 1761 1594 1834 putabantur
1644 1760 1900 1832 discipuli
1954 1760 2076 1831 ejus

472 1870 615 1925 esse,
657 1857 778 1913 ideo
803 1855 874 1911 ad
903 1869 1000 1911 eos
1041 1856 1135 1924 qui
1162 1867 1311 1907 nunc
1338 1849 1720 1918 crediderunt,
1752 1848 1887 1905 dicit
1924 1847 2076 1921 quod

2170 689 2393 766 ἔμελλον
2438 693 2596 747 τοῦτο
2630 686 2892 767 πάσχειν,
2942 686 3017 763 μὴ
3065 685 3344 763 δυνάμενοι
3396 688 3469 752 εἰς
3511 685 3572 745 τὸ
3607 685 3767 766 βάθος

2166 784 2258 839 τοῦ
2292 780 2592 854 θεολογικοῦ
2641 778 2934 856 μυστηρίου
2974 774 3205 856 φθάσαι,
3236 775 3367 835 ὅπου
3398 799 3458 852 γε
3490 775 3584 834 xui
3620 778 3763 856 Xpt-

2170 875 2397 934 στιανοῖς
2429 865 2522 938 τὴν
2565 868 2725 925 αὐτοῦ
2774 866 2997 943 δύναμιν
3028 864 3318 942 ἐγνωκόσι,
3354 864 3445 923 καὶ
3477 866 3543 923 δι’
3590 867 3760 925 αὐτοῦ

2171 961 2404 1031 σωθεῖσι,
2434 957 2494 1015 τὸ
2521 954 2649 1038 ὕψος
2673 961 2765 1028 τῆς
2808 958 2965 1014 αὐτοῦ
2997 954 3145 1027 δόξης
3188 956 3468 1036 ἀνέφικτον
3509 956 3760 1036 ἐγένετο;

2170 1047 2396 1109 Ἀκούων
2431 1047 2524 1118 δὲ,
2567 1048 2649 1104 ὅτι
2696 1068 2726 1100 α
2758 1046 2956 1104 Πολλοὶ
2988 1045 3305 1104 ἐπίστευσαν
3325 1090 3341 1119 ,
3379 1070 3405 1103 ε
3446 1045 3584 1105 οὕτω
3615 1046 3723 1105 νόει
3744 1092 3760 1120 ,

2171 1137 2388 1204 τούτους
2417 1135 2836 1208 πιστεύσαντας,
2865 1133 2888 1216 ι’
2910 1134 3055 1216 οὐχ]
3084 1135 3267 1202 ἁπλῶς
3291 1180 3308 1208 ,
3341 1137 3432 1194 xui
3465 1141 3535 1202 ὡς
3565 1135 3770 1216 ἔτυχεν,

2172 1229 2274 1307 οὔχ
2292 1231 2363 1294 ὡς
2393 1229 2583 1306 ἐχρῆν,
2631 1224 2750 1283 ἀλλ’
2781 1223 3011 1302 ὡσπερεὶ
3043 1224 3359 1301 ἀρεσθέντας
3398 1226 3489 1284 καὶ
3521 1227 3768 1285 ἀναπαυ-

2175 1315 2432 1393 σαμένους
2463 1316 2554 1374 ἰπὶ
2581 1318 2647 1393 τῇ
2674 1317 2778 1371 τῶν
2804 1312 2977 1392 λόγων
3023 1313 3391 1385 ταπεινότητι.
3424 1311 3562 1375 "Ott
3594 1311 3649 1373 δὲ
3677 1316 3773 1373 οὔκ

2175 1399 2313 1479 ἦσαν
2342 1409 2570 1464 τοιοῦτοι
2592 1404 2794 1477 πιστοὶ,
2827 1401 3062 1483 ἀκριϐεῖς
3081 1403 3323 1475 δηλαδὴ,
3353 1406 3534 1476 δῆλον.
3564 1429 3589 1458 ε
3615 1400 3775 1462 Ἔλε-

2159 1520 2235 1574 .γε
2285 1495 2423 1574 γὰρ,
2458 1494 2625 1573 φησὶ,
2657 1494 2787 1572 πρὸς
2821 1491 2940 1559 τοὺς
2990 1492 3414 1561 πεπιστευκότας
3446 1492 3768 1559 Ἰουδαίους·

2178 1585 2308 1645 Ἐὰν
2333 1585 2479 1661 ὑμεῖς
2510 1581 2722 1659 μείνητε
2749 1583 2803 1641 ἐν
2835 1586 2909 1661 τῷ
2940 1581 3081 1662 λόγῳ
3113 1586 3190 1661 τῷ
3232 1584 3376 1663 ἐμῷ.
3413 1608 3437 1635 ιι
3470 1583 3775 1643 Αἰνίττεται

2177 1674 2280 1754 γὰρ
2329 1672 2517 1741 αὐτοὺς
2564 1670 2950 1737 πιστεύσαντας
3000 1672 3132 1746 μὲν,
3182 1672 3505 1738 ἐπιπολαίως
3556 1672 3649 1747 δὲ,
3681 1673 3777 1731 καὶ

2181 1763 2268 1822 διὰ
2298 1768 2453 1821 τοῦτο
2496 1760 2634 1838 μηδὲ
2675 1766 3115 1840 παραμενοῦντας
3154 1761 3205 1817 ἐν
3337 1760 3541 1821 πίστει.
3585 1760 3776 1840 Ἐλέγ.

2183 1876 2295 1933 χων
2335 1850 2390 1909 δὲ
2439 1848 2626 1917 αὐτοὺς
2675 1848 2839 1915 οὕτως
2885 1847 3149 1927 ἔχοντας,
3212 1849 3511 1923 δείκνυσιν,
3549 1853 3622 1917 ὡς
3670 1839 3777 1909 οἶδε

471 1945 555 2001 Illi
575 1945 800 2018 quidem
823 1950 1182 2011 recesserunt,
1207 1940 1252 1996 si
1277 1948 1462 1996 autem
1484 1954 1583 1995 vos
1601 1938 1868 1995 maneatis
1891 1937 1947 1991 in
1969 1953 2078 1992 ser-

2184 1940 2276 2008 τὰς
2322 1939 2542 2020 καρδίας
2594 1942 2797 2011 αὐτῶν,
2848 1936 2940 1995 xui
2988 1937 3125 2004 Θεός
3171 1941 3335 1999 ἐστιν.
3378 1938 3535 1999 Ἐπεὶ
3587 1937 3641 1997 δὲ
3684 1939 3779 1998 καί

470 2050 638 2090 mone
663 2043 718 2091 et
741 2034 868 2101 ﬁde,
898 2029 1207 2105 agnoscatis
1226 2028 1531 2092 veritatem,
1555 2027 1661 2082 hoc
1683 2035 1786 2094 est,
1821 2029 1927 2081 Me.
1958 2028 2075 2097 Ego

471 2124 626 2179 enim
647 2138 775 2177 sum
802 2121 1021 2177 veritas.
1054 2118 1227 2187 Quasi
1255 2117 1440 2173 dicens
1471 2135 1487 2171 :
1518 2118 1680 2171 Nunc
1707 2112 1929 2186 quidem
1964 2129 2076 2169 non

480 2211 784 2283 agnoscitis
810 2208 1116 2285 veritatem.
1149 2207 1278 2262 Non
1325 2205 1476 2260 enim
1500 2204 1723 2269 veritas,
1752 2201 1850 2258 sed
1880 2202 2077 2259 umbra

476 2307 533 2356 et
554 2309 722 2372 typus
748 2305 883 2354 sunt
906 2296 1090 2352 omnia
1120 2309 1242 2366 quae
1265 2309 1361 2349 vos
1390 2293 1448 2348 in
1477 2293 1591 2364 lege
1620 2301 1805 2347 tenere
1832 2291 2074 2347 creditis.

476 2393 555 2447 At
577 2390 732 2444 sime
751 2385 1066 2460 agnoscitis,
1086 2384 1180 2457 qui
1196 2398 1323 2439 sum
1340 2381 1564 2446 veritas,
1590 2404 1617 2428 σι
1641 2381 1858 2438 Veritas
1874 2380 2078 2436 liberos

476 2494 576 2534 vos
617 2477 828 2545 reddet,
861 2499 887 2527 η
922 2474 1026 2531 hoc
1066 2481 1173 2541 est,
1206 2475 1345 2544 Ego,
1378 2488 1410 2528 a
1439 2471 1681 2543 peccatis
1712 2471 1936 2526 scilicet.
1968 2470 2076 2539 Qui

477 2566 626 2624 enim
656 2565 835 2621 credit
864 2563 920 2620 in
943 2579 1072 2619 eum
1096 2562 1187 2635 qui
1216 2561 1356 2617 tollit
1400 2570 1684 2633 peccatum
1711 2559 1926 2626 mundi,
1954 2575 2074 2615 om-

477 2657 610 2713 nino
633 2647 893 2712 liberatus
921 2662 1003 2709 est
1031 2668 1061 2708 a
1082 2659 1326 2724 peccato.
1360 2651 1515 2707 Sicut
1546 2650 1711 2723 igitur
1735 2648 1823 2704 his
1847 2649 1942 2720 qui
1965 2664 2077 2704 non

477 2746 737 2813 credunt,
764 2743 904 2801 dixit
955 2760 970 2797 :
1006 2764 1033 2790 α
1079 2742 1142 2796 In
1171 2739 1407 2812 peccatis
1456 2740 1651 2795 vestris
1678 2737 2012 2805 moriemini,
2046 2759 2073 2786 ιι

478 2834 559 2890 ita
587 2834 671 2888 his
707 2832 799 2903 qui
839 2838 1065 2887 manent
1109 2830 1165 2884 in
1194 2827 1321 2895 ﬁde,
1369 2828 1650 2899 promittit
1697 2827 2004 2882 libertatem
2047 2842 2079 2881 a

478 2921 734 2995 peccatis.
771 2924 915 2976 Nam
952 2915 1149 2990 legales
1175 2915 1401 2988 quidem
1431 2916 1776 2987 aspersiones
1817 2922 1875 2969 et
1911 2913 2079 2970 sacri-

479 3010 604 3067 ﬁcia
635 3025 751 3065 non
780 3008 1014 3063 liberant
1050 3022 1081 3061 a
1111 3004 1350 3077 peccatis
1395 3023 1409 3059 :
1438 3004 1615 3075 ﬁgura
1657 3003 1802 3060 enim
1834 3001 2076 3059 fuerunt.

477 3098 776 3172 Spirituale
804 3105 992 3153 autem
1035 3102 1090 3151 et
1134 3109 1329 3150 verum
1358 3092 1683 3148 sacriﬁcium
1712 3108 1808 3165 per
1833 3091 1998 3148 ﬁdem
2026 3102 2083 3149 et

479 3186 821 3258 agnitionem
852 3185 1047 3241 liberat
1077 3198 1201 3252 nos,
1232 3182 1322 3254 qui
1367 3181 1507 3238 ultra
1543 3181 1687 3237 servi
1723 3198 1840 3238 non
1865 3196 2078 3252 sumus,

481 3276 580 3333 sed
604 3275 696 3331 ﬁlii
726 3276 828 3330 Dei
856 3273 1151 3330 efﬁcimur.

2182 2053 2316 2097 τινες
2367 2028 2747 2109 ἀνεχώρησαν,
2780 2026 2965 2106 πρώην
3016 2027 3288 2094 δοκοῦντες
3340 2030 3503 2086 αὐτοῦ
3540 2027 3777 2105 μαθηταὶ

2182 2110 2317 2177 εἶναι
2337 2163 2352 2189 ,
2385 2118 2471 2177 διὰ
2504 2122 2659 2176 τοῦτο
2695 2116 2828 2196 πρὸς
2872 2114 2992 2183 τοὺς
3035 2121 3123 2173 ν’ὗν
3151 2116 3543 2184 πιστεύσαντάς
3574 2140 3772 2199 φησιν,

2180 2207 2262 2267 ὅτι
2293 2207 2529 2268 Ἐκεῖνοι
2560 2205 2656 2284 μὲν
2706 2203 3098 2284 ἀνεχώρησαν,
3133 2204 3225 2263 ἐὰν
3259 2206 3313 2265 δὲ
3355 2207 3506 2281 ὑμεῖς
3554 2205 3778 2283 μείνητε

2184 2300 2235 2356 ἐν
2265 2301 2339 2375 τῷ
2381 2296 2520 2376 λόγῳ
2546 2299 2622 2375 τῷ
2660 2297 2773 2373 ἐμῷ
2800 2294 2890 2351 xui
2931 2298 2997 2373 τῇ
3034 2294 3248 2367 πίστει,
3284 2294 3642 2373 ἐπιγνώσεσθε
3675 2294 3774 2367 τὴν

2183 2386 2455 2459 ἀλήθειαν
2490 2383 2760 2443 τουτέστιν
2782 2428 2798 2455 ,
2835 2382 2991 2459 Ἐμέο
3041 2382 3146 2460 ἐγὼ
3179 2384 3280 2464 γάρ
3319 2388 3427 2460 εἶμι
3460 2389 3492 2456 ἡ
3528 2383 3774 2456 ἀλήθεια.

2183 2475 2285 2540 (Ως
2333 2479 2425 2533 νῦν
2460 2497 2519 2554 γε
2552 2477 2649 2533 οὐκ
2700 2470 3077 2551 ἐπιγινώσκετε
3123 2472 3218 2544 τὴν
3272 2474 3546 2544 ἀλήθειαν⁸
3584 2475 3644 2531 οὗ
3676 2475 3781 2556 γὰρ

2186 2565 2408 2636 ἀλήθεια
2439 2609 2455 2639 ,
2490 2560 2629 2621 ἀλλὰ
2658 2561 2816 2628 τύπος
2846 2562 2936 2620 καὶ
2968 2564 3094 2622 σκιὰ
3140 2562 3315 2621 πάντα
3349 2562 3417 2621 τὰ
3459 2566 3553 2621 τοῦ
3581 2561 3783 2639 νόμου,

2183 2653 2240 2713 ὃν
2272 2653 2422 2729 ὑμεῖς
2460 2653 2663 2710 δοκεῖτε
2709 2654 2906 2728 τηρεῖν.
2952 2649 3091 2709 Ἀλλ’
3135 2653 3225 2711 ἐὰν
3259 2652 3354 2726 ἐμὲ
3392 2654 3647 2730 ἐπιγνῶτε
3691 2653 3780 2711 τὸν

2185 2745 2358 2813 ἀληθῆ
2381 2740 2544 2811 ὄντα,
2577 2769 2599 2793 ιι
2637 2744 2670 2810 ἡ
2704 2738 2929 2810 ἀλήθεια
2965 2741 3314 2821 ἐλευθερώσει
3339 2743 3498 2815 ὑμᾶς·
3532 2764 3562 2797 n
3597 2746 3782 2800 τουτέ-

2188 2855 2334 2903 στιν,
2370 2828 2519 2907 Ἐγὼ
2565 2829 2771 2900 δηλαδὴ
2804 2830 2910 2888 ἀπὸ
2942 2833 3046 2887 τῶν
3079 2830 3377 2910 ἁμαρτιῶν.
3426 2828 3497 2887 c0
3547 2830 3650 2910 γὰρ
3682 2855 3777 2889 πι-

2188 2918 2383 2978 στεύων
2417 2920 2486 2984 εἷς
2526 2916 2615 2975 τὸν
2664 2915 2881 2995 αἴροντα
2928 2917 3022 2988 τὴν
3075 2917 3343 2998 ἁμαρτίαν
3388 2924 3477 2976 τοῦ
3529 2919 3732 2996 κόσμου
3763 2964 3779 2993 ,

2187 3007 2401 3073 πάντως
2431 3006 2778 3088 ἀπήλλακται
2807 3009 2912 3063 τῶν
2958 3008 3258 3088 ἁμαρτιῶν.
3309 3006 3524 3085 ⁹Ωσπερ
3555 2998 3644 3066 οὖν
3676 3016 3786 3075 τοίς

2191 3098 2510 3156 ἀπιστοῦσιν
2561 3085 2707 3154 εἶπεν
2770 3092 2854 3154 ὅτι
2914 3124 2939 3148 ιι
2968 3095 3064 3154 Ἐν
3122 3098 3239 3163 ταῖς
3290 3099 3578 3176 ἁμαρτίαις
3635 3100 3786 3173 ὑμῶν

2190 3187 2576 3259 ἀποθανεῖσθε,
2614 3210 2643 3241 »
2670 3183 2811 3243 οὕτω
2841 3192 2950 3253 τοῖς
2975 3191 3374 3265 παραμενοῦσιν
3402 3191 3455 3246 ἐν
3487 3192 3553 3266 τῇ
3586 3188 3785 3259 πίστει,

2113 3276 2161 3340 C
2189 3274 2574 3354 ἐπαγγέλλεται
2607 3271 2703 3345 τὴν
2732 3273 3032 3352 ἐλευθερίαν
3070 3279 3175 3332 τῶν
3225 3277 3534 3353 ἁμαρτιῶν.
3581 3278 3655 3335 Αἱ
3691 3275 3788 3353 μὲν

483 3365 587 3445 γὰρ
636 3362 856 3441 νομικαὶ
900 3365 1117 3439 θυσίαι,
1162 3359 1256 3421 xui
1295 3362 1344 3421 οἱ
1405 3358 1719 3440 ῥαντισμοὶ,
1776 3359 2272 3432 οὖκάπήλλαττον
2330 3363 2622 3444 ἁμαρτιῶν·
2668 3362 2825 3422 τύποι
2876 3361 2979 3442 γὰρ
3025 3354 3183 3436 ἦσαν,
3238 3363 3304 3423 Ἣ
3350 3364 3403 3421 δὲ
3453 3364 3788 3442 πνευματική

481 3453 635 3513 θυσία
681 3452 817 3524 αὕτη
858 3451 949 3512 καὶ
994 3449 1220 3523 ἀληθινὴ
1279 3449 1366 3509 διὰ
1415 3455 1510 3523 τῆς
1550 3449 1778 3516 πίστεως
1827 3450 1920 3507 καὶ
1967 3451 2302 3531 ἐπιγνώσεως
2351 3454 2647 3532 ἐλευθεροῖ,
2707 3455 2801 3510 οὐκ
2841 3452 2920 3510 ἔτι
2970 3453 3183 3519 δούλους
3230 3457 3376 3531 ἡμᾶς
3428 3453 3616 3533 ὄντας,
3667 3455 3785 3512 ἀλλ’

483 3541 623 3610 υἱοὺς
656 3540 959 3620 γινομένους
994 3543 1158 3601 Θεοῦ.

556 3642 730 3694 Vsus.
762 3644 943 3695 33-36.
978 3661 1003 3686 α
1024 3634 1450 3709 Respondentes
1471 3634 1727 3693 dixerunt
1758 3636 1807 3691 ei
1842 3637 2082 3693 :Semen

482 3727 721 3786 Abrahae
742 3743 958 3795 sumus,
986 3742 1167 3799 neque
1191 3726 1446 3798 cuiquam
1466 3725 1796 3782 servivimus
1816 3741 2081 3799 unquam;

483 3816 768 3890 quomodo
798 3821 861 3873 tu
908 3815 1047 3873 dicis
1094 3834 1108 3868 :
1165 3815 1351 3871 Liberi
1392 3815 1730 3871 reddemini?
1775 3815 2087 3886 Respondit

486 3906 569 3961 eis
594 3908 755 3962 Jesus
791 3924 805 3962 :
836 3911 1041 3974 Amen,
1064 3920 1230 3961 amen
1254 3903 1375 3960 dico
1405 3904 1584 3972 vobis,
1612 3903 1761 3975 quod
1785 3905 1966 3960 omnis
1993 3904 2085 3975 qui

483 3993 622 4051 facit
669 4003 977 4067 peccatum,
1024 4009 1213 4050 servus
1263 4002 1349 4048 est
1388 3994 1618 4065 peccati.
1661 3996 1861 4049 Servus
1900 4003 2085 4049 autem

486 4098 601 4139 non
630 4091 821 4138 manet
848 4083 905 4137 in
943 4082 1115 4138 domo
1166 4081 1227 4136 in
1265 4089 1561 4150 aeternum;
1596 4081 1767 4136 Filius
1796 4089 1987 4137 manet
2032 4081 2088 4136 in

486 4180 779 4229 aeternum.
812 4171 870 4227 Si
902 4186 1033 4242 ergo
1060 4169 1235 4225 Filius
1262 4184 1361 4224 vos
1391 4169 1592 4224 liberos
1621 4169 1940 4237 reddiderit,
1961 4184 2087 4225 vere

485 4261 643 4317 liberi
673 4260 825 4317 estis.
870 4282 897 4309 ιο
928 4262 1136 4315 Iterum
1160 4266 1484 4331 arrogantes
1505 4258 1576 4314 ad
1599 4257 1901 4331 ignobilem
1929 4275 2086 4315 suam

2271 3659 2295 3686 α
2327 3630 2746 3712 Ἀπεκρίθησαν,
2781 3630 2872 3690 καὶ
2904 3620 3051 3690 εἷπον
3075 3633 3245 3711 αὐτῷ·
3284 3631 3512 3712 Σπέρμα
3539 3631 3790 3712 Ἀϐραάμ

2193 3724 2391 3798 ἐσμεν,
2441 3720 2534 3780 xui
2591 3720 2763 3780 οὐδενὶ
2806 3719 3225 3797 δεδουλεύκαμεν
3268 3720 3509 3780 πώποτε·
3558 3726 3671 3790 πῶς
3724 3722 3788 3780 σὺ

2190 3810 2385 3887 λέγεις,
2421 3809 2503 3869 ὅτι
2551 3810 2855 3889 Ἐλεύθεροι
2899 3808 3211 3887 γενήσεσθε;
3255 3810 3544 3890 Ἀπεκρίθη
3611 3813 3791 3878 αὐτοῖς

2194 3905 2222 3958 6
2250 3898 2475 3971 Ἰησοῦς
2509 3900 2697 3974 Ἀμὴν,
2750 3899 2898 3972 ἀμὴν
2932 3898 3073 3978 λέγω
3110 3903 3272 3973 ὑμῖν,
3319 3898 3400 3959 ὅτι
3430 3909 3534 3966 πᾶς
3568 3903 3597 3959 6
3619 3904 3789 3959 ποιῶν

2195 3988 2290 4061 τὴν
2319 3989 2609 4068 ἁμαρτίαν,
2638 3988 2817 4056 δοῦλός
2849 3991 2965 4048 ἐστι
2994 3994 3085 4058 τῆς
3133 3988 3420 4069 ἁμαρτίας
3463 3989 3530 4049 Ὁ
3563 3988 3618 4049 δὲ
3659 3991 3784 4048 δοῦ·

2196 4082 2284 4142 λος
2321 4078 2380 4136 οὗ
2415 4078 2564 4153 μένει
2597 4081 2647 4135 ἐν
2674 4084 2738 4155 τῇ
2770 4078 2911 4158 οἰκία
2941 4080 3012 4143 εἷς
3053 4079 3141 4136 τὸν
3177 4082 3371 4137 αἰῶια“
3409 4083 3436 4137 6
3468 4081 3594 4145 Υἱὸς
3630 4079 3783 4156 μένει

2195 4167 2266 4231 εἷς
2289 4165 2377 4224 τὸν
2418 4169 2606 4225 αἰῶνα.
2646 4166 2776 4227 Ἐὰν
2807 4158 2896 4226 οὖν
2925 4170 2953 4225 6
2979 4169 3105 4233 Υἱὸς
3130 4171 3265 4246 ὑμᾶς
3296 4169 3656 4247 ἐλευθερώσῃ,
3689 4167 3783 4225 ὄν-

2196 4279 2299 4322 τως
2337 4254 2599 4334 ἐλεύθεροί
2641 4259 2781 4315 ἐστε.
2821 4282 2845 4307 ιι
2896 4256 3069 4315 Πάλιν
3114 4260 3161 4316 οἱ
3208 4258 3456 4326 ἀλαζόνες
3505 4257 3637 4335 πρὸς
3689 4255 3785 4328 τὴν

483 4350 825 4406 nobilitatem
880 4348 1236 4420 respicientes
1308 4348 1647 4404 insolescunt
1670 4388 1686 4415 ,
1765 4347 2008 4405 dicentes
2071 4368 2078 4404 :

2203 4343 2383 4412 ἄδοξον
2457 4347 2630 4403 αὐτῶν
2691 4343 2955 4424 εὐγένειαν
3022 4347 3319 4425 ἀφορῶντες
3349 4389 3365 4418 ,
3416 4344 3786 4425 ἀγριαίνουσι,

489 4459 517 4489 α
538 4441 739 4495 Semen
766 4437 1002 4494 Abrahae
1021 4453 1239 4506 sumus,
1267 4460 1292 4487 ιο
1318 4438 1572 4509 quamvis
1596 4438 1664 4493 de
1688 4436 1790 4493 alio
1814 4438 2086 4510 indignari

485 4527 779 4597 debebant,
801 4526 1076 4600 siquidem
1092 4541 1187 4582 eos
1219 4526 1491 4599 indignari
1517 4525 1827 4599 oportebat.
1858 4527 2088 4583 Dixerat

483 4617 637 4673 enim
654 4619 731 4673 eis
754 4635 768 4672 :
790 4638 816 4665 ‹‹
839 4617 1147 4672 Veritatem
1168 4616 1383 4683 scietis;
1407 4638 1432 4664 ι
1452 4625 1783 4688 quapropter
1796 4615 2088 4687 oportebat

484 4705 691 4774 dicere,
740 4705 887 4776 Quid
939 4705 1144 4778 igitur?
1195 4705 1483 4761 veritatem
1535 4720 1682 4760 nunc
1735 4706 2086 4776 ignoramus?

483 4794 656 4866 623
715 4794 1138 4850 mendaciumne
1178 4802 1307 4850 sunt
1348 4794 1533 4850 omnia
1577 4810 1700 4865 qua;
1754 4794 1814 4849 in
1860 4795 1980 4867 lege
2031 4802 2090 4851 et

481 4883 724 4957 cognitio
772 4888 999 4941 nostra?
1050 4883 1155 4940 Sed
1208 4883 1343 4939 nihil
1374 4883 1577 4941 horum
1628 4884 1708 4940 eis
1751 4899 1899 4942 curae
1943 4894 2083 4956 erat,

480 4974 584 5031 sed
648 4972 1069 5045 suspicabantur
1135 4973 1457 5046 opprobrari
1515 4972 1618 5030 sibi
1669 4974 1983 5030 servitutem
2031 4982 2087 5032 et

479 5062 884 5136 ignobilitatem
948 5063 1007 5119 in
1088 5062 1381 5120 mundanis
1444 5063 1703 5137 negotiis.
1791 5087 1816 5114 ι
1886 5067 2083 5120 Semen

478 5153 719 5209 Abrahae
745 5167 957 5209 sumus.
1006 5170 1037 5204 »
1072 5153 1360 5225 Nusquam
1392 5169 1667 5209 memores
1693 5163 1825 5210 sunt
1853 5169 2083 5211 suorum

475 5256 730 5312 operum,
775 5240 875 5297 sed
901 5241 973 5296 ad
1003 5249 1186 5313 patres
1230 5250 1541 5298 recurrunt.
1573 5242 1709 5299 Ideo
1737 5252 1794 5299 et
1842 5245 2084 5300 Joannes

476 5328 546 5385 ad
573 5345 668 5385 eos
695 5329 832 5385 dixit
862 5348 877 5386 :
922 5352 948 5379 κ
1004 5331 1086 5387 Ne
1112 5329 1392 5402 coeperitis
1420 5330 1623 5401 dicere,
1659 5334 1879 5388 Patrem
1912 5332 2082 5389 habe-

477 5432 604 5473 mus
631 5418 912 5475 Abraham
938 5420 998 5476 “.
1038 5443 1064 5470 ι
1092 5421 1360 5493 Quamvis
1389 5420 1675 5478 manifeste
1704 5422 1920 5478 mentiti
1948 5423 2078 5491 sint,

477 5504 724 5561 dicentes
774 5525 791 5560 :
826 5529 852 5555 α
905 5509 1047 5565 Nulli
1100 5510 1456 5581 servivimus;
1502 5534 1527 5561 ι
1567 5511 1880 5568 servierunt
1907 5512 2076 5568 enim.

473 5595 690 5666 quoties
712 5594 773 5651 in
817 5598 1188 5669 captivitatem
1229 5599 1381 5657 ducti
1413 5609 1564 5669 sunt,
1616 5609 1674 5656 et
1700 5601 1993 5674 Egyptiis,
2024 5610 2081 5657 et

549 5744 592 5779 ¹²
620 5744 817 5802 Matth.
842 5761 941 5818 nr,
973 5753 1028 5803 9.

2200 4456 2230 4488 (ι
2266 4433 2494 4514 Σπέρμα
2531 4434 2773 4515 Ἀϐραάμ
2806 4437 3001 4511 ἐσμεν,
3034 4458 3062 4492 ιι
3097 4434 3361 4513 λέγοντες.
3402 4434 3594 4496 Καίτοι
3624 4436 3789 4515 ἐχρῆν

2195 4521 2384 4590 αὐτοὺς
2432 4523 2514 4604 ἐπ’
2559 4524 2705 4604 ἄλλῳ
2757 4526 3164 4601 ἀγανακτῆσαι,
3222 4523 3271 4582 εἴ
3312 4548 3371 4601 γε
3435 4525 3538 4584 ἔδει
3588 4528 3790 4602 ἀγανα-

2194 4621 2357 4675 κτεῖν.
2395 4603 2529 4673 Εῖπε
2562 4603 2685 4694 γὰρ
2710 4617 2887 4678 αὐτοῖς
2914 4659 2930 4689 ,
2965 4612 3046 4671 ὅτι
3088 4644 3105 4664 ει
3148 4610 3267 4684 Τὴν
3300 4614 3557 4687 ἀλήθειαν
3587 4611 3791 4689 γνώσε-

2195 4708 2306 4764 σθε.
2338 4730 2359 4754 υ
2394 4702 2597 4782 Ἐχρῆν
2630 4694 2719 4762 οὖν
2770 4706 2952 4762 εἰπεῖν·
3004 4702 3077 4763 Τί
3117 4702 3212 4775 δέ;
3266 4709 3354 4761 νῦν
3399 4702 3496 4775 τὴν
3535 4702 3788 4774 ἀλήθειαν

2192 4796 2287 4851 οὐκ
2316 4791 2467 4870 ’ίσμεν
2488 4838 2502 4863 ,
2543 4793 2682 4851 ἀλλὰ
2706 4794 2895 4873 ψεῦδος
2927 4791 3137 4850 ἅπαντα
3171 4791 3238 4850 τὰ
3272 4798 3364 4851 τοῦ
3393 4792 3593 4869 νόμου,
3631 4789 3724 4850 xui
3755 4795 3788 4862 ἠ

2192 4884 2386 4959 γνῶσις
2443 4886 2476 4952 ἡ
2539 4881 2811 4961 ἡμετέρα;
2880 4880 3021 4940 Ἀλλ’
3086 4881 3293 4948 οὐδενὸς
3351 4880 3553 4939 τούτων
3611 4881 3789 4948 αὐτοῖς

2193 4970 2384 5047 ἔμελεν
2410 5016 2426 5043 ,
2455 4971 2572 5028 ἀλλ’
2604 4969 2691 5031 ἐπὶ
2723 4977 2997 5047 κοσμικοῐς
3029 4972 3342 5049 πράγμασιν
3388 4972 3643 5048 ἀλγοῦσι,
3678 4969 3793 5028 δου-

2191 5059 2339 5119 λείαν
2375 5063 2722 5132 ὀνειδισθῆναι
2770 5058 3019 5131 τοιαύτην
3067 5058 3158 5117 καὶ
3210 5059 3515 5135 δυσγένειαν
3582 5061 3789 5117 ὑπολα-

2193 5148 2393 5217 ϐόντες⁶
2426 5173 2457 5204 α
2491 5150 2722 5231 Σπέρμα
2754 5147 2998 5227 Ἀϐραάμ
3029 5151 3212 5225 ἐσμεν.
3236 5176 3259 5200 ιι
3289 5150 3548 5224 Οὐδαμοῦ
3570 5151 3674 5206 τῶν
3700 5151 3774 5206 οἶ-

2193 5238 2347 5297 κείων
2414 5238 2844 5318 κατορθωμάτων
2901 5236 3235 5315 μέμνηνται,
3310 5239 3432 5296 ἀλλ’
3504 5235 3595 5295 ἐπὶ
3667 5235 3790 5303 τοὺς

2191 5327 2425 5409 πατέρας
2510 5326 2880 5407 ἀνατρέχουσι·
2952 5327 3031 5386 διὸ
3107 5328 3198 5384 καὶ
3260 5331 3287 5384 6
3355 5325 3604 5397 Ἰωάννης
3663 5325 3794 5403 πρὸς

2194 5418 2401 5484 αὐτούς·
2437 5441 2467 5473 ιι
2500 5421 2595 5488 Μὴ
2628 5416 2881 5496 ἄρξησθε,
2916 5415 3083 5497 φησὶ,
3116 5415 3309 5494 λέγειν’
3342 5413 3562 5496 Πατέρα
3591 5414 3785 5493 ἔχομεν

2190 5505 2275 5564 τὸν
2309 5506 2574 5585 Ἀϐραάμ.
2616 5536 2639 5559 ιι
2685 5506 2871 5567 Καίτοι
2915 5510 3199 5586 προφανῶς
3244 5505 3554 5585 ἐψεύδοντο,
3602 5504 3787 5582 λέγον-

2184 5619 2271 5662 τες
2331 5596 2501 5655 οὐδενὶ
2570 5594 2993 5656 δεδουλευκέναι.
3074 5594 3434 5655 Ἐδούλευσαν
3494 5591 3598 5672 γὰρ
3649 5592 3786 5650 ὁσά-
