  <div class='ocr_page' id='page_1' title='image "/cluster/home/n/w/nwhite01/storage/ocr_20150623/124:no.2/coo.31924054870294/020.png"; bbox 0 0 4198 6468; ppageno 0'>
   <div class='ocr_carea' id='block_1_1' title="bbox 392 469 3789 547">
    <p class='ocr_par' dir='ltr' id='par_1_1' title="bbox 392 469 3789 547">
     <span class='ocr_line' id='line_1_1' title="bbox 392 469 3789 547; baseline 0.001 -17"><span class='ocrx_word' id='word_1_1' title='bbox 392 469 468 522; x_wconf 60' lang='grc'><strong>25</strong></span> <span class='ocrx_word' id='word_1_2' title='bbox 1203 473 1595 530; x_wconf 76' lang='lat' dir='ltr'><strong>ENARRATIO</strong></span> <span class='ocrx_word' id='word_1_3' title='bbox 1633 473 2174 547; x_wconf 49' lang='lat' dir='ltr'><strong>INEEVANGELIUM</strong></span> <span class='ocrx_word' id='word_1_4' title='bbox 2209 473 2506 531; x_wconf 75' lang='lat' dir='ltr'><strong>JOANNIS.</strong></span> <span class='ocrx_word' id='word_1_5' title='bbox 2553 505 2610 514; x_wconf 94' lang='lat'><strong>—</strong></span> <span class='ocrx_word' id='word_1_6' title='bbox 2657 474 2986 546; x_wconf 42' lang='lat' dir='ltr'><strong>CAPQVIII.</strong></span> <span class='ocrx_word' id='word_1_7' title='bbox 3721 481 3789 534; x_wconf 81' lang='lat'>26</span> 
     </span>
    </p>
   </div>
   <div class='ocr_carea' id='block_1_2' title="bbox 407 597 2067 690">
    <p class='ocr_par' dir='ltr' id='par_1_2' title="bbox 407 597 2067 690">
     <span class='ocr_line' id='line_1_2' title="bbox 407 597 2067 690; baseline 0.001 -35"><span class='ocrx_word' id='word_1_8' title='bbox 407 618 496 690; x_wconf 73' lang='grc' dir='ltr'><strong>κις</strong></span> <span class='ocrx_word' id='word_1_9' title='bbox 524 597 1122 690; x_wconf 72' lang='grc' dir='ltr'>ᾖγμαλωτίσθησαν,</span> <span class='ocrx_word' id='word_1_10' title='bbox 1160 600 1506 678; x_wconf 85' lang='grc' dir='ltr'>Αἰγυπτίοις,</span> <span class='ocrx_word' id='word_1_11' title='bbox 1550 607 1640 660; x_wconf 86' lang='lat' dir='ltr'><strong>xui</strong></span> <span class='ocrx_word' id='word_1_12' title='bbox 1677 599 2067 679; x_wconf 66' lang='grc' dir='ltr'><strong>Βαϐυλωνίοις1</strong></span> 
     </span>
    </p>
   </div>
   <div class='ocr_carea' id='block_1_3' title="bbox 2175 597 3000 690">
    <p class='ocr_par' dir='ltr' id='par_1_3' title="bbox 2188 616 3000 690">
     <span class='ocr_line' id='line_1_3' title="bbox 2188 616 3000 690; baseline 0 -18"><span class='ocrx_word' id='word_1_13' title='bbox 2188 616 2522 690; x_wconf 87' lang='lat' dir='ltr'><strong>Babyloniis,</strong></span> <span class='ocrx_word' id='word_1_14' title='bbox 2565 624 2620 672; x_wconf 88' lang='lat' dir='ltr'><strong>et</strong></span> <span class='ocrx_word' id='word_1_15' title='bbox 2671 617 2767 672; x_wconf 87' lang='lat' dir='ltr'><strong>alis</strong></span> <span class='ocrx_word' id='word_1_16' title='bbox 2814 616 3000 672; x_wconf 91' lang='lat' dir='ltr'><strong>multis</strong></span> 
     </span>
    </p>
   </div>
   <div class='ocr_carea' id='block_1_4' title="bbox 420 686 2076 770">
    <p class='ocr_par' dir='ltr' id='par_1_4' title="bbox 420 686 2076 770">
     <span class='ocr_line' id='line_1_4' title="bbox 420 686 2076 770; baseline 0.002 -26"><span class='ocrx_word' id='word_1_17' title='bbox 420 687 516 744; x_wconf 75' lang='lat' dir='ltr'><strong>xui</strong></span> <span class='ocrx_word' id='word_1_18' title='bbox 547 686 761 766; x_wconf 80' lang='grc' dir='ltr'>ἑτέροις</span> <span class='ocrx_word' id='word_1_19' title='bbox 788 691 1052 755; x_wconf 79' lang='grc' dir='ltr'><strong>πολλοῖς.</strong></span> <span class='ocrx_word' id='word_1_20' title='bbox 1114 692 1235 750; x_wconf 81' lang='grc' dir='ltr'><strong>Οὐχ</strong></span> <span class='ocrx_word' id='word_1_21' title='bbox 1268 690 1474 770; x_wconf 83' lang='grc' dir='ltr'><strong>ἐλέγχει</strong></span> <span class='ocrx_word' id='word_1_22' title='bbox 1505 690 1560 748; x_wconf 83' lang='grc' dir='ltr'>δὲ</span> <span class='ocrx_word' id='word_1_23' title='bbox 1596 695 1623 748; x_wconf 99' lang='lat'><strong>6</strong></span> <span class='ocrx_word' id='word_1_24' title='bbox 1658 692 1852 768; x_wconf 84' lang='grc' dir='ltr'>Κύριος</span> <span class='ocrx_word' id='word_1_25' title='bbox 1888 690 2076 758; x_wconf 77' lang='grc' dir='ltr'>αὐτοὺς</span> 
     </span>
    </p>
   </div>
   <div class='ocr_carea' id='block_1_5' title="bbox 434 779 2076 859">
    <p class='ocr_par' dir='ltr' id='par_1_5' title="bbox 434 779 2076 859">
     <span class='ocr_line' id='line_1_5' title="bbox 434 779 2076 859; baseline 0.001 -23"><span class='ocrx_word' id='word_1_26' title='bbox 434 779 838 859; x_wconf 51' lang='grc' dir='ltr'><strong>Ιψευδομένους,</strong></span> <span class='ocrx_word' id='word_1_27' title='bbox 876 781 1003 838; x_wconf 79' lang='grc' dir='ltr'>ἐπεὶ</span> <span class='ocrx_word' id='word_1_28' title='bbox 1046 779 1125 856; x_wconf 85' lang='grc' dir='ltr'><strong>μὴ</strong></span> <span class='ocrx_word' id='word_1_29' title='bbox 1166 781 1487 850; x_wconf 78' lang='grc' dir='ltr'><strong>ἐσπούδαζεν</strong></span> <span class='ocrx_word' id='word_1_30' title='bbox 1528 779 1717 846; x_wconf 77' lang='grc' dir='ltr'>αὐτοὺς</span> <span class='ocrx_word' id='word_1_31' title='bbox 1747 781 1913 848; x_wconf 82' lang='grc' dir='ltr'>δεῖξαι</span> <span class='ocrx_word' id='word_1_32' title='bbox 1954 779 2076 858; x_wconf 88' lang='grc' dir='ltr'>δού-</span> 
     </span>
    </p>
   </div>
   <div class='ocr_carea' id='block_1_6' title="bbox 3050 619 3792 692">
    <p class='ocr_par' dir='ltr' id='par_1_6' title="bbox 3050 619 3792 692">
     <span class='ocr_line' id='line_1_6' title="bbox 3050 619 3792 692; baseline 0.007 -20"><span class='ocrx_word' id='word_1_33' title='bbox 3050 634 3064 672; x_wconf 90' lang='lat'><strong>:</strong></span> <span class='ocrx_word' id='word_1_34' title='bbox 3113 633 3226 673; x_wconf 90' lang='lat' dir='ltr'><strong>non</strong></span> <span class='ocrx_word' id='word_1_35' title='bbox 3255 626 3438 674; x_wconf 87' lang='lat' dir='ltr'><strong>autem</strong></span> <span class='ocrx_word' id='word_1_36' title='bbox 3479 619 3656 692; x_wconf 80' lang='lat' dir='ltr'><strong>arguit</strong></span> <span class='ocrx_word' id='word_1_37' title='bbox 3697 637 3792 677; x_wconf 91' lang='lat' dir='ltr'><strong>eos</strong></span> 
     </span>
    </p>
   </div>
   <div class='ocr_carea' id='block_1_7' title="bbox 2184 705 3789 777">
    <p class='ocr_par' dir='ltr' id='par_1_7' title="bbox 2184 705 3789 777">
     <span class='ocr_line' id='line_1_7' title="bbox 2184 705 3789 777; baseline 0.002 -14"><span class='ocrx_word' id='word_1_38' title='bbox 2184 707 2456 763; x_wconf 88' lang='lat' dir='ltr'><strong>Dominus</strong></span> <span class='ocrx_word' id='word_1_39' title='bbox 2493 705 2807 773; x_wconf 83' lang='lat' dir='ltr'><strong>mendaces,</strong></span> <span class='ocrx_word' id='word_1_40' title='bbox 2852 706 2979 777; x_wconf 86' lang='lat' dir='ltr'><strong>quia</strong></span> <span class='ocrx_word' id='word_1_41' title='bbox 3030 722 3145 762; x_wconf 92' lang='lat' dir='ltr'><strong>non</strong></span> <span class='ocrx_word' id='word_1_42' title='bbox 3191 707 3446 763; x_wconf 80' lang='lat' dir='ltr'><strong>studebat</strong></span> <span class='ocrx_word' id='word_1_43' title='bbox 3496 710 3789 767; x_wconf 87' lang='lat' dir='ltr'><strong>ostendere</strong></span> 
     </span>
    </p>
   </div>
   <div class='ocr_carea' id='block_1_8' title="bbox 2183 795 3788 868">
    <p class='ocr_par' dir='ltr' id='par_1_8' title="bbox 2183 795 3788 868">
     <span class='ocr_line' id='line_1_8' title="bbox 2183 795 3788 868; baseline 0.002 -16"><span class='ocrx_word' id='word_1_44' title='bbox 2183 812 2373 852; x_wconf 88' lang='lat' dir='ltr'><strong>servos</strong></span> <span class='ocrx_word' id='word_1_45' title='bbox 2413 796 2725 866; x_wconf 85' lang='lat' dir='ltr'><strong>hominum,</strong></span> <span class='ocrx_word' id='word_1_46' title='bbox 2756 795 2852 851; x_wconf 93' lang='lat' dir='ltr'><strong>sed</strong></span> <span class='ocrx_word' id='word_1_47' title='bbox 2894 797 3120 866; x_wconf 87' lang='lat' dir='ltr'><strong>peccati,</strong></span> <span class='ocrx_word' id='word_1_48' title='bbox 3147 811 3269 868; x_wconf 63' lang='lat' dir='ltr'><strong>quae</strong></span> <span class='ocrx_word' id='word_1_49' title='bbox 3310 799 3525 867; x_wconf 84' lang='lat' dir='ltr'><strong>gravior</strong></span> <span class='ocrx_word' id='word_1_50' title='bbox 3553 801 3788 855; x_wconf 88' lang='lat' dir='ltr'><strong>servitus</strong></span> 
     </span>
    </p>
   </div>
   <div class='ocr_carea' id='block_1_9' title="bbox 441 868 2074 950">
    <p class='ocr_par' dir='ltr' id='par_1_9' title="bbox 441 868 2074 950">
     <span class='ocr_line' id='line_1_9' title="bbox 441 868 2074 950; baseline 0 -23"><span class='ocrx_word' id='word_1_51' title='bbox 441 872 563 936; x_wconf 82' lang='grc' dir='ltr'>λους</span> <span class='ocrx_word' id='word_1_52' title='bbox 597 869 944 950; x_wconf 76' lang='grc' dir='ltr'>ἀνθρώπων,</span> <span class='ocrx_word' id='word_1_53' title='bbox 987 871 1128 928; x_wconf 76' lang='grc' dir='ltr'>ἀλλὰ</span> <span class='ocrx_word' id='word_1_54' title='bbox 1176 870 1476 950; x_wconf 81' lang='grc' dir='ltr'>ἁμαρτίας,</span> <span class='ocrx_word' id='word_1_55' title='bbox 1520 868 1633 940; x_wconf 76' lang='grc' dir='ltr'>ἥτις</span> <span class='ocrx_word' id='word_1_56' title='bbox 1673 869 1764 927; x_wconf 86' lang='lat' dir='ltr'><strong>xui</strong></span> <span class='ocrx_word' id='word_1_57' title='bbox 1813 873 2074 948; x_wconf 77' lang='grc' dir='ltr'>χαλεπω-</span> 
     </span>
    </p>
   </div>
   <div class='ocr_carea' id='block_1_10' title="bbox 450 952 2072 1036">
    <p class='ocr_par' dir='ltr' id='par_1_10' title="bbox 450 952 2072 1036">
     <span class='ocr_line' id='line_1_10' title="bbox 450 952 2072 1036; baseline 0 -19"><span class='ocrx_word' id='word_1_58' title='bbox 450 960 587 1032; x_wconf 74' lang='grc' dir='ltr'>τάτη</span> <span class='ocrx_word' id='word_1_59' title='bbox 633 960 856 1019; x_wconf 86' lang='grc' dir='ltr'>δουλεία</span> <span class='ocrx_word' id='word_1_60' title='bbox 887 961 1036 1018; x_wconf 80' lang='grc' dir='ltr'>ἐστὶν</span> <span class='ocrx_word' id='word_1_61' title='bbox 1056 1006 1073 1036; x_wconf 92' lang='grc'><strong>,</strong></span> <span class='ocrx_word' id='word_1_62' title='bbox 1108 952 1171 1032; x_wconf 68' lang='grc' dir='ltr'><strong>ἧς</strong></span> <span class='ocrx_word' id='word_1_63' title='bbox 1198 959 1353 1036; x_wconf 84' lang='grc' dir='ltr'><strong>μόνος</strong></span> <span class='ocrx_word' id='word_1_64' title='bbox 1380 959 1516 1025; x_wconf 84' lang='grc' dir='ltr'>Θεὸς</span> <span class='ocrx_word' id='word_1_65' title='bbox 1546 957 1855 1026; x_wconf 78' lang='grc' dir='ltr'>ἀπαλλάξαι</span> <span class='ocrx_word' id='word_1_66' title='bbox 1899 958 2072 1017; x_wconf 67' lang='grc' dir='ltr'>δύναο</span> 
     </span>
    </p>
   </div>
   <div class='ocr_carea' id='block_1_11' title="bbox 455 1047 2072 1130">
    <p class='ocr_par' dir='ltr' id='par_1_11' title="bbox 455 1047 2072 1130">
     <span class='ocr_line' id='line_1_11' title="bbox 455 1047 2072 1130; baseline -0.001 -22"><span class='ocrx_word' id='word_1_67' title='bbox 455 1073 564 1108; x_wconf 89' lang='grc' dir='ltr'>ται.</span> <span class='ocrx_word' id='word_1_68' title='bbox 595 1049 677 1109; x_wconf 75' lang='grc' dir='ltr'><strong>Τὸ</strong></span> <span class='ocrx_word' id='word_1_69' title='bbox 706 1048 815 1129; x_wconf 75' lang='grc' dir='ltr'><strong>γὰρ</strong></span> <span class='ocrx_word' id='word_1_70' title='bbox 839 1051 1058 1130; x_wconf 66' lang='grc' dir='ltr'>ἀφεῖναι</span> <span class='ocrx_word' id='word_1_71' title='bbox 1081 1047 1380 1130; x_wconf 78' lang='grc' dir='ltr'>ἁμαρτίας,</span> <span class='ocrx_word' id='word_1_72' title='bbox 1411 1050 1554 1107; x_wconf 83' lang='grc' dir='ltr'>Θεοῦ</span> <span class='ocrx_word' id='word_1_73' title='bbox 1587 1049 1770 1123; x_wconf 88' lang='grc' dir='ltr'>μόνου.</span> <span class='ocrx_word' id='word_1_74' title='bbox 1803 1048 1898 1109; x_wconf 93' lang='grc' dir='ltr'><strong>Διό</strong></span> <span class='ocrx_word' id='word_1_75' title='bbox 1923 1071 2072 1128; x_wconf 72' lang='grc' dir='ltr'>φησι·</span> 
     </span>
    </p>
   </div>
   <div class='ocr_carea' id='block_1_12' title="bbox 463 1138 2073 1216">
    <p class='ocr_par' dir='ltr' id='par_1_12' title="bbox 463 1138 2073 1216">
     <span class='ocr_line' id='line_1_12' title="bbox 463 1138 2073 1216; baseline -0.001 -20"><span class='ocrx_word' id='word_1_76' title='bbox 463 1163 491 1196; x_wconf 67' lang='grc' dir='ltr'>ς</span> <span class='ocrx_word' id='word_1_77' title='bbox 523 1142 643 1206; x_wconf 80' lang='grc' dir='ltr'><strong>Πᾶς</strong></span> <span class='ocrx_word' id='word_1_78' title='bbox 671 1142 700 1196; x_wconf 85' lang='lat'><strong>6</strong></span> <span class='ocrx_word' id='word_1_79' title='bbox 735 1143 908 1198; x_wconf 79' lang='grc' dir='ltr'>ποιῶν</span> <span class='ocrx_word' id='word_1_80' title='bbox 940 1140 1038 1210; x_wconf 78' lang='grc' dir='ltr'><strong>τὴν</strong></span> <span class='ocrx_word' id='word_1_81' title='bbox 1074 1139 1378 1216; x_wconf 76' lang='grc' dir='ltr'>ἁμαρτίαν,</span> <span class='ocrx_word' id='word_1_82' title='bbox 1415 1138 1597 1205; x_wconf 84' lang='grc' dir='ltr'>δοῦλός</span> <span class='ocrx_word' id='word_1_83' title='bbox 1630 1140 1742 1196; x_wconf 85' lang='grc' dir='ltr'>ἐστι</span> <span class='ocrx_word' id='word_1_84' title='bbox 1772 1141 1864 1209; x_wconf 74' lang='grc' dir='ltr'><strong>τῆς</strong></span> <span class='ocrx_word' id='word_1_85' title='bbox 1889 1138 2073 1216; x_wconf 83' lang='grc' dir='ltr'>ἁμαρ-</span> 
     </span>
    </p>
   </div>
   <div class='ocr_carea' id='block_1_13' title="bbox 463 1220 2066 1307">
    <p class='ocr_par' dir='ltr' id='par_1_13' title="bbox 463 1220 2066 1307">
     <span class='ocr_line' id='line_1_13' title="bbox 463 1220 2066 1307; baseline 0.001 -21"><span class='ocrx_word' id='word_1_86' title='bbox 463 1229 597 1295; x_wconf 89' lang='grc' dir='ltr'>τίας·</span> <span class='ocrx_word' id='word_1_87' title='bbox 630 1259 654 1280; x_wconf 78' lang='grc' dir='ltr'><strong>ιι</strong></span> <span class='ocrx_word' id='word_1_88' title='bbox 687 1230 780 1287; x_wconf 86' lang='lat' dir='ltr'><strong>xui</strong></span> <span class='ocrx_word' id='word_1_89' title='bbox 821 1229 971 1305; x_wconf 85' lang='grc' dir='ltr'>ὑμεῖς</span> <span class='ocrx_word' id='word_1_90' title='bbox 1009 1220 1098 1288; x_wconf 69' lang='grc' dir='ltr'><strong>οὖν</strong></span> <span class='ocrx_word' id='word_1_91' title='bbox 1131 1227 1308 1287; x_wconf 83' lang='grc' dir='ltr'>δοῦλοί</span> <span class='ocrx_word' id='word_1_92' title='bbox 1354 1230 1502 1298; x_wconf 84' lang='grc' dir='ltr'>ἐστε,</span> <span class='ocrx_word' id='word_1_93' title='bbox 1547 1228 1677 1286; x_wconf 76' lang='grc' dir='ltr'>καθὸ</span> <span class='ocrx_word' id='word_1_94' title='bbox 1727 1227 2066 1307; x_wconf 83' lang='grc' dir='ltr'>ἁμαρτωλοί.</span> 
     </span>
    </p>
   </div>
   <div class='ocr_carea' id='block_1_14' title="bbox 471 1309 2072 1396">
    <p class='ocr_par' dir='ltr' id='par_1_14' title="bbox 471 1309 2072 1396">
     <span class='ocr_line' id='line_1_14' title="bbox 471 1309 2072 1396; baseline -0.002 -18"><span class='ocrx_word' id='word_1_95' title='bbox 471 1311 610 1379; x_wconf 75' lang='grc' dir='ltr'>Εἶτα</span> <span class='ocrx_word' id='word_1_96' title='bbox 642 1318 758 1378; x_wconf 69' lang='grc' dir='ltr'>ἐπεὶ</span> <span class='ocrx_word' id='word_1_97' title='bbox 791 1318 930 1384; x_wconf 82' lang='grc' dir='ltr'>εἰκὸς</span> <span class='ocrx_word' id='word_1_98' title='bbox 960 1309 1022 1390; x_wconf 63' lang='grc' dir='ltr'>’ἧν</span> <span class='ocrx_word' id='word_1_99' title='bbox 1051 1318 1282 1384; x_wconf 81' lang='grc' dir='ltr'>ἐκείνους</span> <span class='ocrx_word' id='word_1_100' title='bbox 1306 1319 1471 1376; x_wconf 87' lang='grc' dir='ltr'>εἰπεῖν</span> <span class='ocrx_word' id='word_1_101' title='bbox 1489 1361 1504 1388; x_wconf 94' lang='grc'><strong>,</strong></span> <span class='ocrx_word' id='word_1_102' title='bbox 1535 1315 1611 1374; x_wconf 82' lang='grc' dir='ltr'><strong>ὅτι</strong></span> <span class='ocrx_word' id='word_1_103' title='bbox 1643 1319 1707 1376; x_wconf 81' lang='grc' dir='ltr'><strong>Εἰ</strong></span> <span class='ocrx_word' id='word_1_104' title='bbox 1744 1316 1835 1375; x_wconf 86' lang='lat' dir='ltr'><strong>xui</strong></span> <span class='ocrx_word' id='word_1_105' title='bbox 1856 1317 2072 1396; x_wconf 85' lang='grc' dir='ltr'>τοιαύτῃ</span> 
     </span>
    </p>
   </div>
   <div class='ocr_carea' id='block_1_15' title="bbox 473 1405 2071 1488">
    <p class='ocr_par' dir='ltr' id='par_1_15' title="bbox 473 1405 2071 1488">
     <span class='ocr_line' id='line_1_15' title="bbox 473 1405 2071 1488; baseline -0.002 -22"><span class='ocrx_word' id='word_1_106' title='bbox 473 1410 687 1488; x_wconf 70' lang='grc' dir='ltr'>δουλεία</span> <span class='ocrx_word' id='word_1_107' title='bbox 711 1407 1058 1484; x_wconf 81' lang='grc' dir='ltr'>ὑποκείμεθα,</span> <span class='ocrx_word' id='word_1_108' title='bbox 1099 1407 1236 1466; x_wconf 77' lang='grc' dir='ltr'>ἀλλὰ</span> <span class='ocrx_word' id='word_1_109' title='bbox 1267 1406 1448 1472; x_wconf 86' lang='grc' dir='ltr'>θυσίας</span> <span class='ocrx_word' id='word_1_110' title='bbox 1479 1405 1699 1486; x_wconf 74' lang='grc' dir='ltr'>ἔχομεν,</span> <span class='ocrx_word' id='word_1_111' title='bbox 1726 1409 1846 1466; x_wconf 79' lang='grc' dir='ltr'>ἀλλ’</span> <span class='ocrx_word' id='word_1_112' title='bbox 1876 1408 2030 1486; x_wconf 76' lang='grc' dir='ltr'>ἱερεῖς</span> <span class='ocrx_word' id='word_1_113' title='bbox 2054 1454 2071 1486; x_wconf 70' lang='grc'><strong>,</strong></span> 
     </span>
    </p>
   </div>
   <div class='ocr_carea' id='block_1_16' title="bbox 473 1495 2072 1577">
    <p class='ocr_par' dir='ltr' id='par_1_16' title="bbox 473 1495 2072 1577">
     <span class='ocr_line' id='line_1_16' title="bbox 473 1495 2072 1577; baseline 0 -21"><span class='ocrx_word' id='word_1_114' title='bbox 473 1496 524 1556; x_wconf 78' lang='grc' dir='ltr'><strong>οἳ</strong></span> <span class='ocrx_word' id='word_1_115' title='bbox 553 1498 936 1577; x_wconf 80' lang='grc' dir='ltr'>καθαρίσουσιν</span> <span class='ocrx_word' id='word_1_116' title='bbox 981 1503 1126 1573; x_wconf 78' lang='grc' dir='ltr'>ἡμᾶς</span> <span class='ocrx_word' id='word_1_117' title='bbox 1167 1501 1226 1556; x_wconf 85' lang='grc' dir='ltr'>ἐκ</span> <span class='ocrx_word' id='word_1_118' title='bbox 1265 1501 1369 1555; x_wconf 80' lang='grc' dir='ltr'><strong>τῶν</strong></span> <span class='ocrx_word' id='word_1_119' title='bbox 1418 1496 1716 1574; x_wconf 81' lang='grc' dir='ltr'>ἁμαρτιῶν·</span> <span class='ocrx_word' id='word_1_120' title='bbox 1760 1495 1955 1575; x_wconf 68' lang='grc' dir='ltr'>φησὶν,</span> <span class='ocrx_word' id='word_1_121' title='bbox 1991 1496 2072 1556; x_wconf 79' lang='grc' dir='ltr'><strong>ὅτι</strong></span> 
     </span>
    </p>
   </div>
   <div class='ocr_carea' id='block_1_17' title="bbox 477 1585 2072 1666">
    <p class='ocr_par' dir='ltr' id='par_1_17' title="bbox 477 1585 2072 1666">
     <span class='ocr_line' id='line_1_17' title="bbox 477 1585 2072 1666; baseline -0.003 -18"><span class='ocrx_word' id='word_1_122' title='bbox 477 1589 592 1648; x_wconf 80' lang='grc' dir='ltr'>Καὶ</span> <span class='ocrx_word' id='word_1_123' title='bbox 620 1590 802 1646; x_wconf 83' lang='grc' dir='ltr'>ἐκεῖνοι</span> <span class='ocrx_word' id='word_1_124' title='bbox 847 1587 1020 1646; x_wconf 89' lang='grc' dir='ltr'>δοῦλοί</span> <span class='ocrx_word' id='word_1_125' title='bbox 1047 1591 1170 1645; x_wconf 84' lang='grc' dir='ltr'>εἰσι·</span> <span class='ocrx_word' id='word_1_126' title='bbox 1223 1614 1246 1638; x_wconf 76' lang='grc' dir='ltr'><strong>α</strong></span> <span class='ocrx_word' id='word_1_127' title='bbox 1296 1585 1498 1652; x_wconf 78' lang='grc' dir='ltr'>Πάντες</span> <span class='ocrx_word' id='word_1_128' title='bbox 1529 1585 1631 1664; x_wconf 76' lang='grc' dir='ltr'><strong>γὰρ</strong></span> <span class='ocrx_word' id='word_1_129' title='bbox 1661 1585 1902 1666; x_wconf 83' lang='grc' dir='ltr'>ἥμαρτον</span> <span class='ocrx_word' id='word_1_130' title='bbox 1922 1629 1938 1655; x_wconf 93' lang='grc'><strong>,</strong></span> <span class='ocrx_word' id='word_1_131' title='bbox 1981 1585 2072 1644; x_wconf 91' lang='lat' dir='ltr'><strong>xui</strong></span> 
     </span>
    </p>
   </div>
   <div class='ocr_carea' id='block_1_18' title="bbox 475 1676 2073 1754">
    <p class='ocr_par' dir='ltr' id='par_1_18' title="bbox 475 1676 2073 1754">
     <span class='ocr_line' id='line_1_18' title="bbox 475 1676 2073 1754; baseline -0.001 -21"><span class='ocrx_word' id='word_1_132' title='bbox 475 1679 818 1754; x_wconf 73' lang='grc' dir='ltr'>ὑστεροῦνται</span> <span class='ocrx_word' id='word_1_133' title='bbox 848 1681 939 1746; x_wconf 76' lang='grc' dir='ltr'><strong>τῆς</strong></span> <span class='ocrx_word' id='word_1_134' title='bbox 965 1676 1116 1747; x_wconf 80' lang='grc' dir='ltr'>δόξης</span> <span class='ocrx_word' id='word_1_135' title='bbox 1147 1680 1238 1734; x_wconf 88' lang='grc' dir='ltr'><strong>τοῦ</strong></span> <span class='ocrx_word' id='word_1_136' title='bbox 1271 1678 1434 1736; x_wconf 84' lang='grc' dir='ltr'>Θεοῦ.</span> <span class='ocrx_word' id='word_1_137' title='bbox 1472 1700 1500 1731; x_wconf 86' lang='lat'>»</span> <span class='ocrx_word' id='word_1_138' title='bbox 1540 1676 1650 1734; x_wconf 90' lang='lat' dir='ltr'><strong>Kui</strong></span> <span class='ocrx_word' id='word_1_139' title='bbox 1679 1676 1864 1734; x_wconf 83' lang='grc' dir='ltr'>λοιπὸν</span> <span class='ocrx_word' id='word_1_140' title='bbox 1895 1676 2073 1733; x_wconf 89' lang='grc' dir='ltr'>δοῦλοι</span> 
     </span>
    </p>
   </div>
   <div class='ocr_carea' id='block_1_19' title="bbox 474 1762 2072 1844">
    <p class='ocr_par' dir='ltr' id='par_1_19' title="bbox 474 1762 2072 1844">
     <span class='ocr_line' id='line_1_19' title="bbox 474 1762 2072 1844; baseline 0 -22"><span class='ocrx_word' id='word_1_141' title='bbox 474 1767 722 1823; x_wconf 77' lang='grc' dir='ltr'>κάκεῖνοι</span> <span class='ocrx_word' id='word_1_142' title='bbox 765 1764 910 1830; x_wconf 84' lang='grc' dir='ltr'>ὄντες</span> <span class='ocrx_word' id='word_1_143' title='bbox 948 1767 996 1823; x_wconf 80' lang='grc' dir='ltr'>οἱ</span> <span class='ocrx_word' id='word_1_144' title='bbox 1027 1768 1182 1843; x_wconf 75' lang='grc' dir='ltr'>ἱερεῖς</span> <span class='ocrx_word' id='word_1_145' title='bbox 1210 1768 1359 1841; x_wconf 83' lang='grc' dir='ltr'>ὑμῶν</span> <span class='ocrx_word' id='word_1_146' title='bbox 1383 1811 1399 1842; x_wconf 87' lang='grc'><strong>,</strong></span> <span class='ocrx_word' id='word_1_147' title='bbox 1451 1766 1544 1824; x_wconf 80' lang='grc' dir='ltr'><strong>οὐκ</strong></span> <span class='ocrx_word' id='word_1_148' title='bbox 1581 1763 1794 1844; x_wconf 73' lang='grc' dir='ltr'>ἔχουσιν</span> <span class='ocrx_word' id='word_1_149' title='bbox 1831 1762 2072 1830; x_wconf 77' lang='grc' dir='ltr'>ἐξουσίαν</span> 
     </span>
    </p>
   </div>
   <div class='ocr_carea' id='block_1_20' title="bbox 475 1853 2072 1934">
    <p class='ocr_par' dir='ltr' id='par_1_20' title="bbox 475 1853 2072 1934">
     <span class='ocr_line' id='line_1_20' title="bbox 475 1853 2072 1934; baseline 0.001 -24"><span class='ocrx_word' id='word_1_150' title='bbox 475 1853 685 1934; x_wconf 64' lang='grc' dir='ltr'>ἀφιέναι</span> <span class='ocrx_word' id='word_1_151' title='bbox 721 1854 896 1920; x_wconf 82' lang='grc' dir='ltr'>ἄλλοις</span> <span class='ocrx_word' id='word_1_152' title='bbox 920 1855 1202 1932; x_wconf 78' lang='grc' dir='ltr'>ἁμαρτίας.</span> <span class='ocrx_word' id='word_1_153' title='bbox 1245 1853 1317 1913; x_wconf 84' lang='grc' dir='ltr'><strong>Ὃ</strong></span> <span class='ocrx_word' id='word_1_154' title='bbox 1357 1854 1446 1912; x_wconf 81' lang='grc' dir='ltr'><strong>καὶ</strong></span> <span class='ocrx_word' id='word_1_155' title='bbox 1479 1854 1631 1920; x_wconf 79' lang='grc' dir='ltr'>αὐτὸς</span> <span class='ocrx_word' id='word_1_156' title='bbox 1662 1860 1688 1914; x_wconf 90' lang='lat'><strong>6</strong></span> <span class='ocrx_word' id='word_1_157' title='bbox 1726 1855 1940 1920; x_wconf 90' lang='grc' dir='ltr'>Παῦλος</span> <span class='ocrx_word' id='word_1_158' title='bbox 1972 1878 2072 1913; x_wconf 88' lang='grc' dir='ltr'>σα-</span> 
     </span>
    </p>
   </div>
   <div class='ocr_carea' id='block_1_21' title="bbox 2183 884 3789 957">
    <p class='ocr_par' dir='ltr' id='par_1_21' title="bbox 2183 884 3789 957">
     <span class='ocr_line' id='line_1_21' title="bbox 2183 884 3789 957; baseline 0.002 -17"><span class='ocrx_word' id='word_1_159' title='bbox 2183 893 2289 953; x_wconf 91' lang='lat' dir='ltr'><strong>est,</strong></span> <span class='ocrx_word' id='word_1_160' title='bbox 2329 901 2359 940; x_wconf 90' lang='lat' dir='ltr'><strong>a</strong></span> <span class='ocrx_word' id='word_1_161' title='bbox 2401 901 2510 957; x_wconf 88' lang='lat' dir='ltr'><strong>qua</strong></span> <span class='ocrx_word' id='word_1_162' title='bbox 2556 884 2708 940; x_wconf 93' lang='lat' dir='ltr'><strong>solus</strong></span> <span class='ocrx_word' id='word_1_163' title='bbox 2741 887 2889 939; x_wconf 88' lang='lat' dir='ltr'><strong>Deus</strong></span> <span class='ocrx_word' id='word_1_164' title='bbox 2939 885 3173 940; x_wconf 90' lang='lat' dir='ltr'><strong>liberare</strong></span> <span class='ocrx_word' id='word_1_165' title='bbox 3222 893 3418 955; x_wconf 86' lang='lat' dir='ltr'><strong>potest.</strong></span> <span class='ocrx_word' id='word_1_166' title='bbox 3481 888 3789 943; x_wconf 84' lang='lat' dir='ltr'><strong>Remittere</strong></span> 
     </span>
    </p>
   </div>
   <div class='ocr_carea' id='block_1_22' title="bbox 2184 973 3791 1046">
    <p class='ocr_par' dir='ltr' id='par_1_22' title="bbox 2184 973 3791 1046">
     <span class='ocr_line' id='line_1_22' title="bbox 2184 973 3791 1046; baseline 0.001 -15"><span class='ocrx_word' id='word_1_167' title='bbox 2184 973 2332 1031; x_wconf 92' lang='lat' dir='ltr'><strong>enim</strong></span> <span class='ocrx_word' id='word_1_168' title='bbox 2362 982 2607 1046; x_wconf 89' lang='lat' dir='ltr'><strong>peccata,</strong></span> <span class='ocrx_word' id='word_1_169' title='bbox 2648 975 2814 1029; x_wconf 87' lang='lat' dir='ltr'><strong>solius</strong></span> <span class='ocrx_word' id='word_1_170' title='bbox 2842 973 2946 1029; x_wconf 92' lang='lat' dir='ltr'><strong>Dei</strong></span> <span class='ocrx_word' id='word_1_171' title='bbox 2977 983 3082 1030; x_wconf 91' lang='lat' dir='ltr'><strong>est.</strong></span> <span class='ocrx_word' id='word_1_172' title='bbox 3130 974 3258 1030; x_wconf 89' lang='lat' dir='ltr'><strong>Ideo</strong></span> <span class='ocrx_word' id='word_1_173' title='bbox 3309 974 3446 1030; x_wconf 85' lang='lat' dir='ltr'><strong>dicit</strong></span> <span class='ocrx_word' id='word_1_174' title='bbox 3481 994 3494 1031; x_wconf 89' lang='lat'>:</span> <span class='ocrx_word' id='word_1_175' title='bbox 3541 997 3563 1023; x_wconf 72' lang='grc' dir='ltr'><strong>ιι</strong></span> <span class='ocrx_word' id='word_1_176' title='bbox 3593 978 3791 1033; x_wconf 88' lang='lat' dir='ltr'><strong>Omnis</strong></span> 
     </span>
    </p>
   </div>
   <div class='ocr_carea' id='block_1_23' title="bbox 2182 1062 3790 1135">
    <p class='ocr_par' dir='ltr' id='par_1_23' title="bbox 2182 1062 3790 1135">
     <span class='ocr_line' id='line_1_23' title="bbox 2182 1062 3790 1135; baseline 0.002 -17"><span class='ocrx_word' id='word_1_177' title='bbox 2182 1063 2279 1135; x_wconf 87' lang='lat' dir='ltr'><strong>qui</strong></span> <span class='ocrx_word' id='word_1_178' title='bbox 2308 1062 2436 1118; x_wconf 82' lang='lat' dir='ltr'><strong>facit</strong></span> <span class='ocrx_word' id='word_1_179' title='bbox 2481 1071 2784 1135; x_wconf 91' lang='lat' dir='ltr'><strong>peccatum,</strong></span> <span class='ocrx_word' id='word_1_180' title='bbox 2832 1079 3022 1119; x_wconf 89' lang='lat' dir='ltr'><strong>servus</strong></span> <span class='ocrx_word' id='word_1_181' title='bbox 3076 1071 3157 1119; x_wconf 87' lang='lat' dir='ltr'><strong>est</strong></span> <span class='ocrx_word' id='word_1_182' title='bbox 3199 1064 3436 1134; x_wconf 88' lang='lat' dir='ltr'><strong>peccati.</strong></span> <span class='ocrx_word' id='word_1_183' title='bbox 3495 1087 3520 1113; x_wconf 84' lang='grc'><strong>››</strong></span> <span class='ocrx_word' id='word_1_184' title='bbox 3573 1067 3644 1120; x_wconf 88' lang='lat' dir='ltr'><strong>Et</strong></span> <span class='ocrx_word' id='word_1_185' title='bbox 3694 1081 3790 1121; x_wconf 91' lang='lat' dir='ltr'><strong>vos</strong></span> 
     </span>
    </p>
   </div>
   <div class='ocr_carea' id='block_1_24' title="bbox 2183 1152 3787 1225">
    <p class='ocr_par' dir='ltr' id='par_1_24' title="bbox 2183 1152 3787 1225">
     <span class='ocr_line' id='line_1_24' title="bbox 2183 1152 3787 1225; baseline 0.001 -18"><span class='ocrx_word' id='word_1_186' title='bbox 2183 1152 2348 1224; x_wconf 82' lang='lat' dir='ltr'><strong>igitur</strong></span> <span class='ocrx_word' id='word_1_187' title='bbox 2383 1152 2520 1208; x_wconf 85' lang='lat' dir='ltr'><strong>servi</strong></span> <span class='ocrx_word' id='word_1_188' title='bbox 2559 1153 2730 1208; x_wconf 88' lang='lat' dir='ltr'><strong>estis:</strong></span> <span class='ocrx_word' id='word_1_189' title='bbox 2779 1153 2909 1225; x_wconf 87' lang='lat' dir='ltr'><strong>quia</strong></span> <span class='ocrx_word' id='word_1_190' title='bbox 2980 1160 3316 1224; x_wconf 88' lang='lat' dir='ltr'><strong>peccatores.</strong></span> <span class='ocrx_word' id='word_1_191' title='bbox 3381 1155 3613 1224; x_wconf 90' lang='lat' dir='ltr'><strong>Insuper</strong></span> <span class='ocrx_word' id='word_1_192' title='bbox 3657 1155 3787 1225; x_wconf 90' lang='lat' dir='ltr'><strong>quia</strong></span> 
     </span>
    </p>
   </div>
   <div class='ocr_carea' id='block_1_25' title="bbox 2183 1242 3791 1312">
    <p class='ocr_par' dir='ltr' id='par_1_25' title="bbox 2183 1242 3791 1312">
     <span class='ocr_line' id='line_1_25' title="bbox 2183 1242 3791 1312; baseline 0.001 -14"><span class='ocrx_word' id='word_1_193' title='bbox 2183 1242 2470 1298; x_wconf 86' lang='lat' dir='ltr'><strong>verisimile</strong></span> <span class='ocrx_word' id='word_1_194' title='bbox 2499 1250 2618 1298; x_wconf 90' lang='lat' dir='ltr'><strong>erat</strong></span> <span class='ocrx_word' id='word_1_195' title='bbox 2644 1242 2768 1298; x_wconf 91' lang='lat' dir='ltr'><strong>illos</strong></span> <span class='ocrx_word' id='word_1_196' title='bbox 2815 1242 2998 1298; x_wconf 87' lang='lat' dir='ltr'><strong>dicere</strong></span> <span class='ocrx_word' id='word_1_197' title='bbox 3041 1261 3054 1296; x_wconf 93' lang='lat'><strong><em>:</em></strong></span> <span class='ocrx_word' id='word_1_198' title='bbox 3091 1243 3360 1312; x_wconf 87' lang='lat' dir='ltr'><strong>Quamvis</strong></span> <span class='ocrx_word' id='word_1_199' title='bbox 3398 1242 3489 1298; x_wconf 90' lang='lat' dir='ltr'><strong>tali</strong></span> <span class='ocrx_word' id='word_1_200' title='bbox 3541 1244 3791 1300; x_wconf 87' lang='lat' dir='ltr'><strong>servituti</strong></span> 
     </span>
    </p>
   </div>
   <div class='ocr_carea' id='block_1_26' title="bbox 2183 1331 3790 1400">
    <p class='ocr_par' dir='ltr' id='par_1_26' title="bbox 2183 1331 3790 1400">
     <span class='ocr_line' id='line_1_26' title="bbox 2183 1331 3790 1400; baseline 0.001 -13"><span class='ocrx_word' id='word_1_201' title='bbox 2183 1332 2406 1388; x_wconf 83' lang='lat' dir='ltr'><strong>obnoxii</strong></span> <span class='ocrx_word' id='word_1_202' title='bbox 2431 1348 2650 1394; x_wconf 89' lang='lat' dir='ltr'><strong>sumus,</strong></span> <span class='ocrx_word' id='word_1_203' title='bbox 2679 1331 2777 1388; x_wconf 90' lang='lat' dir='ltr'><strong>sed</strong></span> <span class='ocrx_word' id='word_1_204' title='bbox 2804 1332 3072 1388; x_wconf 85' lang='lat' dir='ltr'><strong>sacriﬁcia</strong></span> <span class='ocrx_word' id='word_1_205' title='bbox 3101 1331 3390 1400; x_wconf 87' lang='lat' dir='ltr'><strong>habemus,</strong></span> <span class='ocrx_word' id='word_1_206' title='bbox 3416 1331 3513 1388; x_wconf 91' lang='lat' dir='ltr'><strong>sed</strong></span> <span class='ocrx_word' id='word_1_207' title='bbox 3534 1333 3790 1390; x_wconf 85' lang='lat' dir='ltr'><strong>sacerdo-</strong></span> 
     </span>
    </p>
   </div>
   <div class='ocr_carea' id='block_1_27' title="bbox 2181 1421 3791 1494">
    <p class='ocr_par' dir='ltr' id='par_1_27' title="bbox 2181 1421 3791 1494">
     <span class='ocr_line' id='line_1_27' title="bbox 2181 1421 3791 1494; baseline 0.001 -17"><span class='ocrx_word' id='word_1_208' title='bbox 2181 1430 2283 1489; x_wconf 89' lang='lat' dir='ltr'><strong>tes,</strong></span> <span class='ocrx_word' id='word_1_209' title='bbox 2330 1422 2421 1493; x_wconf 92' lang='lat' dir='ltr'><strong>qui</strong></span> <span class='ocrx_word' id='word_1_210' title='bbox 2468 1423 2781 1494; x_wconf 89' lang='lat' dir='ltr'><strong>purgabunt</strong></span> <span class='ocrx_word' id='word_1_211' title='bbox 2810 1437 2913 1478; x_wconf 90' lang='lat' dir='ltr'><strong>nos</strong></span> <span class='ocrx_word' id='word_1_212' title='bbox 2946 1438 2978 1477; x_wconf 90' lang='lat' dir='ltr'><strong>a</strong></span> <span class='ocrx_word' id='word_1_213' title='bbox 3029 1422 3311 1492; x_wconf 88' lang='lat' dir='ltr'><strong>peccatis:</strong></span> <span class='ocrx_word' id='word_1_214' title='bbox 3361 1421 3494 1478; x_wconf 88' lang='lat' dir='ltr'><strong>dicit</strong></span> <span class='ocrx_word' id='word_1_215' title='bbox 3541 1422 3689 1494; x_wconf 91' lang='lat' dir='ltr'><strong>quod</strong></span> <span class='ocrx_word' id='word_1_216' title='bbox 3735 1431 3791 1479; x_wconf 89' lang='lat' dir='ltr'><strong>et</strong></span> 
     </span>
    </p>
   </div>
   <div class='ocr_carea' id='block_1_28' title="bbox 2180 1510 3792 1582">
    <p class='ocr_par' dir='ltr' id='par_1_28' title="bbox 2180 1510 3792 1582">
     <span class='ocr_line' id='line_1_28' title="bbox 2180 1510 3792 1582; baseline 0.001 -17"><span class='ocrx_word' id='word_1_217' title='bbox 2180 1510 2256 1566; x_wconf 83' lang='lat' dir='ltr'><strong>illi</strong></span> <span class='ocrx_word' id='word_1_218' title='bbox 2283 1511 2423 1566; x_wconf 86' lang='lat' dir='ltr'><strong>servi</strong></span> <span class='ocrx_word' id='word_1_219' title='bbox 2455 1511 2592 1580; x_wconf 86' lang='lat' dir='ltr'><strong>sint;</strong></span> <span class='ocrx_word' id='word_1_220' title='bbox 2627 1534 2651 1560; x_wconf 73' lang='grc' dir='ltr'><strong>α</strong></span> <span class='ocrx_word' id='word_1_221' title='bbox 2698 1513 2907 1567; x_wconf 85' lang='lat' dir='ltr'><strong>Omnes</strong></span> <span class='ocrx_word' id='word_1_222' title='bbox 2957 1512 3108 1567; x_wconf 91' lang='lat' dir='ltr'><strong>enim</strong></span> <span class='ocrx_word' id='word_1_223' title='bbox 3139 1519 3521 1582; x_wconf 88' lang='lat' dir='ltr'><strong>peccaverunt,</strong></span> <span class='ocrx_word' id='word_1_224' title='bbox 3554 1520 3612 1567; x_wconf 93' lang='lat' dir='ltr'><strong>et</strong></span> <span class='ocrx_word' id='word_1_225' title='bbox 3637 1511 3792 1582; x_wconf 52' lang='lat' dir='ltr'><strong>iindi-</strong></span> 
     </span>
    </p>
   </div>
   <div class='ocr_carea' id='block_1_29' title="bbox 2181 1602 3788 1672">
    <p class='ocr_par' dir='ltr' id='par_1_29' title="bbox 2181 1602 3788 1672">
     <span class='ocr_line' id='line_1_29' title="bbox 2181 1602 3788 1672; baseline 0.002 -17"><span class='ocrx_word' id='word_1_226' title='bbox 2181 1609 2307 1672; x_wconf 89' lang='lat' dir='ltr'><strong>gent</strong></span> <span class='ocrx_word' id='word_1_227' title='bbox 2343 1602 2512 1672; x_wconf 87' lang='lat' dir='ltr'><strong>gloria</strong></span> <span class='ocrx_word' id='word_1_228' title='bbox 2560 1603 2660 1658; x_wconf 91' lang='lat' dir='ltr'><strong>Dei</strong></span> <span class='ocrx_word' id='word_1_229' title='bbox 2689 1602 2752 1658; x_wconf 69' lang='grc'><strong>1³.</strong></span> <span class='ocrx_word' id='word_1_230' title='bbox 2782 1625 2806 1650; x_wconf 73' lang='grc' dir='ltr'><strong>υ</strong></span> <span class='ocrx_word' id='word_1_231' title='bbox 2865 1605 2932 1657; x_wconf 90' lang='lat' dir='ltr'><strong>Et</strong></span> <span class='ocrx_word' id='word_1_232' title='bbox 2976 1602 3290 1658; x_wconf 87' lang='lat' dir='ltr'><strong>sacerdotes</strong></span> <span class='ocrx_word' id='word_1_233' title='bbox 3342 1603 3505 1657; x_wconf 88' lang='lat' dir='ltr'><strong>vestri</strong></span> <span class='ocrx_word' id='word_1_234' title='bbox 3559 1618 3694 1657; x_wconf 91' lang='lat' dir='ltr'><strong>cum</strong></span> <span class='ocrx_word' id='word_1_235' title='bbox 3731 1611 3788 1658; x_wconf 90' lang='lat' dir='ltr'><strong>et</strong></span> 
     </span>
    </p>
   </div>
   <div class='ocr_carea' id='block_1_30' title="bbox 2181 1690 3791 1762">
    <p class='ocr_par' dir='ltr' id='par_1_30' title="bbox 2181 1690 3791 1762">
     <span class='ocr_line' id='line_1_30' title="bbox 2181 1690 3791 1762; baseline 0.001 -18"><span class='ocrx_word' id='word_1_236' title='bbox 2181 1690 2282 1762; x_wconf 91' lang='lat' dir='ltr'><strong>ipsi</strong></span> <span class='ocrx_word' id='word_1_237' title='bbox 2313 1691 2447 1746; x_wconf 88' lang='lat' dir='ltr'><strong>servi</strong></span> <span class='ocrx_word' id='word_1_238' title='bbox 2492 1691 2624 1754; x_wconf 89' lang='lat' dir='ltr'><strong>sint,</strong></span> <span class='ocrx_word' id='word_1_239' title='bbox 2647 1707 2761 1746; x_wconf 91' lang='lat' dir='ltr'><strong>non</strong></span> <span class='ocrx_word' id='word_1_240' title='bbox 2804 1690 3013 1746; x_wconf 89' lang='lat' dir='ltr'><strong>habent</strong></span> <span class='ocrx_word' id='word_1_241' title='bbox 3062 1699 3391 1762; x_wconf 84' lang='lat' dir='ltr'><strong>potestatem</strong></span> <span class='ocrx_word' id='word_1_242' title='bbox 3438 1690 3554 1746; x_wconf 90' lang='lat' dir='ltr'><strong>aliis</strong></span> <span class='ocrx_word' id='word_1_243' title='bbox 3605 1691 3791 1747; x_wconf 88' lang='lat' dir='ltr'><strong>dimit-</strong></span> 
     </span>
    </p>
   </div>
   <div class='ocr_carea' id='block_1_31' title="bbox 2179 1779 3786 1851">
    <p class='ocr_par' dir='ltr' id='par_1_31' title="bbox 2179 1779 3786 1851">
     <span class='ocr_line' id='line_1_31' title="bbox 2179 1779 3786 1851; baseline 0.002 -18"><span class='ocrx_word' id='word_1_244' title='bbox 2179 1779 2335 1834; x_wconf 88' lang='lat' dir='ltr'><strong>tendi</strong></span> <span class='ocrx_word' id='word_1_245' title='bbox 2357 1789 2601 1850; x_wconf 88' lang='lat' dir='ltr'><strong>peccata.</strong></span> <span class='ocrx_word' id='word_1_246' title='bbox 2627 1779 2792 1851; x_wconf 90' lang='lat' dir='ltr'><strong>Quod</strong></span> <span class='ocrx_word' id='word_1_247' title='bbox 2809 1787 2866 1834; x_wconf 92' lang='lat' dir='ltr'><strong>et</strong></span> <span class='ocrx_word' id='word_1_248' title='bbox 2889 1781 3003 1851; x_wconf 89' lang='lat' dir='ltr'><strong>ipse</strong></span> <span class='ocrx_word' id='word_1_249' title='bbox 3023 1779 3219 1834; x_wconf 88' lang='lat' dir='ltr'><strong>Paulus</strong></span> <span class='ocrx_word' id='word_1_250' title='bbox 3238 1779 3588 1836; x_wconf 82' lang='lat' dir='ltr'><strong>manifestius</strong></span> <span class='ocrx_word' id='word_1_251' title='bbox 3613 1781 3751 1836; x_wconf 89' lang='lat' dir='ltr'><strong>dicit</strong></span> <span class='ocrx_word' id='word_1_252' title='bbox 3772 1799 3786 1836; x_wconf 91' lang='lat'><strong>:</strong></span> 
     </span>
    </p>
   </div>
   <div class='ocr_carea' id='block_1_32' title="bbox 2184 1868 3791 1940">
    <p class='ocr_par' dir='ltr' id='par_1_32' title="bbox 2184 1868 3791 1940">
     <span class='ocr_line' id='line_1_32' title="bbox 2184 1868 3791 1940; baseline 0.001 -16"><span class='ocrx_word' id='word_1_253' title='bbox 2184 1891 2208 1917; x_wconf 75' lang='grc' dir='ltr'><strong>α</strong></span> <span class='ocrx_word' id='word_1_254' title='bbox 2253 1870 2406 1940; x_wconf 93' lang='lat' dir='ltr'><strong>Opus</strong></span> <span class='ocrx_word' id='word_1_255' title='bbox 2419 1870 2585 1924; x_wconf 91' lang='lat' dir='ltr'><strong>habet</strong></span> <span class='ocrx_word' id='word_1_256' title='bbox 2607 1869 2861 1925; x_wconf 90' lang='lat' dir='ltr'><strong>sacerdos</strong></span> <span class='ocrx_word' id='word_1_257' title='bbox 2887 1885 2984 1940; x_wconf 88' lang='lat' dir='ltr'><strong>pro</strong></span> <span class='ocrx_word' id='word_1_258' title='bbox 3006 1869 3184 1939; x_wconf 90' lang='lat' dir='ltr'><strong>seipso</strong></span> <span class='ocrx_word' id='word_1_259' title='bbox 3210 1868 3432 1936; x_wconf 81' lang='lat' dir='ltr'><strong>offerre,</strong></span> <span class='ocrx_word' id='word_1_260' title='bbox 3460 1870 3599 1924; x_wconf 91' lang='lat' dir='ltr'><strong>sicut</strong></span> <span class='ocrx_word' id='word_1_261' title='bbox 3623 1870 3791 1925; x_wconf 88' lang='lat' dir='ltr'><strong>etiam</strong></span> 
     </span>
    </p>
   </div>
   <div class='ocr_carea' id='block_1_33' title="bbox 473 1942 2067 2031">
    <p class='ocr_par' dir='ltr' id='par_1_33' title="bbox 473 1942 2067 2024">
     <span class='ocr_line' id='line_1_33' title="bbox 473 1942 2067 2024; baseline 0 -24"><span class='ocrx_word' id='word_1_262' title='bbox 473 1943 724 2024; x_wconf 68' lang='grc' dir='ltr'>ιρέστερόν</span> <span class='ocrx_word' id='word_1_263' title='bbox 763 1965 954 2022; x_wconf 72' lang='grc' dir='ltr'>φησιν,</span> <span class='ocrx_word' id='word_1_264' title='bbox 989 1945 1068 2001; x_wconf 81' lang='grc' dir='ltr'><strong>δτι</strong></span> <span class='ocrx_word' id='word_1_265' title='bbox 1097 1971 1121 1996; x_wconf 78' lang='grc' dir='ltr'><strong>α</strong></span> <span class='ocrx_word' id='word_1_266' title='bbox 1171 1942 1408 2022; x_wconf 65' lang='grc' dir='ltr'>Ὀφείλει</span> <span class='ocrx_word' id='word_1_267' title='bbox 1447 1947 1474 2002; x_wconf 96' lang='lat'><strong>6</strong></span> <span class='ocrx_word' id='word_1_268' title='bbox 1517 1942 1686 2022; x_wconf 78' lang='grc' dir='ltr'>ἱερεὺς</span> <span class='ocrx_word' id='word_1_269' title='bbox 1719 1943 1850 2022; x_wconf 88' lang='grc' dir='ltr'>ὑπὲρ</span> <span class='ocrx_word' id='word_1_270' title='bbox 1877 1946 2067 2001; x_wconf 81' lang='grc' dir='ltr'>ἑαυτοῦ</span> 
     </span>
    </p>
   </div>
   <div class='ocr_carea' id='block_1_34' title="bbox 2175 1942 3785 2031">
    <p class='ocr_par' dir='ltr' id='par_1_34' title="bbox 2185 1958 3785 2031">
     <span class='ocr_line' id='line_1_34' title="bbox 2185 1958 3785 2031; baseline -0.002 -17"><span class='ocrx_word' id='word_1_271' title='bbox 2185 1974 2282 2030; x_wconf 90' lang='lat' dir='ltr'><strong>pro</strong></span> <span class='ocrx_word' id='word_1_272' title='bbox 2313 1959 2534 2030; x_wconf 89' lang='lat' dir='ltr'><strong>populo,</strong></span> <span class='ocrx_word' id='word_1_273' title='bbox 2559 1959 2683 2031; x_wconf 90' lang='lat' dir='ltr'><strong>quia</strong></span> <span class='ocrx_word' id='word_1_274' title='bbox 2715 1967 2770 2015; x_wconf 91' lang='lat' dir='ltr'><strong>et</strong></span> <span class='ocrx_word' id='word_1_275' title='bbox 2789 1959 2911 2030; x_wconf 90' lang='lat' dir='ltr'><strong>ipse</strong></span> <span class='ocrx_word' id='word_1_276' title='bbox 2933 1958 3242 2014; x_wconf 84' lang='lat' dir='ltr'><strong>inﬁrmitati</strong></span> <span class='ocrx_word' id='word_1_277' title='bbox 3265 1958 3534 2014; x_wconf 79' lang='lat' dir='ltr'><strong>obnoxius</strong></span> <span class='ocrx_word' id='word_1_278' title='bbox 3561 1968 3648 2014; x_wconf 89' lang='lat' dir='ltr'><strong>est</strong></span> <span class='ocrx_word' id='word_1_279' title='bbox 3675 1958 3735 2012; x_wconf 61' lang='lat'><strong>1&quot;.</strong></span> <span class='ocrx_word' id='word_1_280' title='bbox 3757 1977 3785 2011; x_wconf 72' lang='grc' dir='ltr'>ι»</span> 
     </span>
    </p>
   </div>
   <div class='ocr_carea' id='block_1_35' title="bbox 471 2031 2073 2114">
    <p class='ocr_par' dir='ltr' id='par_1_35' title="bbox 471 2031 2073 2114">
     <span class='ocr_line' id='line_1_35' title="bbox 471 2031 2073 2114; baseline -0.001 -24"><span class='ocrx_word' id='word_1_281' title='bbox 471 2033 792 2114; x_wconf 71' lang='grc' dir='ltr'>προσφέρειν</span> <span class='ocrx_word' id='word_1_282' title='bbox 811 2078 828 2102; x_wconf 90' lang='grc'><strong>,</strong></span> <span class='ocrx_word' id='word_1_283' title='bbox 871 2033 1008 2090; x_wconf 79' lang='grc' dir='ltr'>καθὰ</span> <span class='ocrx_word' id='word_1_284' title='bbox 1034 2032 1126 2090; x_wconf 78' lang='lat' dir='ltr'><strong>xui</strong></span> <span class='ocrx_word' id='word_1_285' title='bbox 1160 2033 1294 2112; x_wconf 84' lang='grc' dir='ltr'>ὑπὲρ</span> <span class='ocrx_word' id='word_1_286' title='bbox 1328 2040 1419 2092; x_wconf 89' lang='grc' dir='ltr'><strong>τοῦ</strong></span> <span class='ocrx_word' id='word_1_287' title='bbox 1448 2034 1578 2092; x_wconf 88' lang='grc' dir='ltr'>λαοῦ</span> <span class='ocrx_word' id='word_1_288' title='bbox 1603 2075 1618 2103; x_wconf 89' lang='grc'><strong>,</strong></span> <span class='ocrx_word' id='word_1_289' title='bbox 1649 2033 1763 2091; x_wconf 83' lang='grc' dir='ltr'>ἐπεὶ</span> <span class='ocrx_word' id='word_1_290' title='bbox 1791 2032 1883 2090; x_wconf 80' lang='lat' dir='ltr'><strong>xui</strong></span> <span class='ocrx_word' id='word_1_291' title='bbox 1915 2031 2073 2097; x_wconf 83' lang='grc' dir='ltr'>αὐτὸς</span> 
     </span>
    </p>
   </div>
   <div class='ocr_carea' id='block_1_36' title="bbox 471 2120 2072 2202">
    <p class='ocr_par' dir='ltr' id='par_1_36' title="bbox 471 2120 2072 2202">
     <span class='ocr_line' id='line_1_36' title="bbox 471 2120 2072 2202; baseline 0.001 -24"><span class='ocrx_word' id='word_1_292' title='bbox 471 2124 774 2200; x_wconf 75' lang='grc' dir='ltr'>περίκειται</span> <span class='ocrx_word' id='word_1_293' title='bbox 796 2120 1105 2188; x_wconf 82' lang='grc' dir='ltr'>ἀσθενείαις.</span> <span class='ocrx_word' id='word_1_294' title='bbox 1129 2147 1152 2172; x_wconf 74' lang='grc' dir='ltr'><strong>υ</strong></span> <span class='ocrx_word' id='word_1_295' title='bbox 1171 2157 1248 2168; x_wconf 90' lang='grc'><strong><em>-</em></strong></span> <span class='ocrx_word' id='word_1_296' title='bbox 1265 2151 1287 2175; x_wconf 75' lang='grc' dir='ltr'>ει</span> <span class='ocrx_word' id='word_1_297' title='bbox 1306 2120 1377 2182; x_wconf 60' lang='grc'>⁸0</span> <span class='ocrx_word' id='word_1_298' title='bbox 1404 2125 1580 2187; x_wconf 85' lang='grc' dir='ltr'>δοῦλος</span> <span class='ocrx_word' id='word_1_299' title='bbox 1595 2167 1611 2192; x_wconf 91' lang='grc'><strong>,</strong></span> <span class='ocrx_word' id='word_1_300' title='bbox 1636 2121 1817 2202; x_wconf 73' lang='grc' dir='ltr'>φησὶν,</span> <span class='ocrx_word' id='word_1_301' title='bbox 1840 2124 1899 2180; x_wconf 82' lang='grc' dir='ltr'>οὗ</span> <span class='ocrx_word' id='word_1_302' title='bbox 1927 2121 2072 2197; x_wconf 88' lang='grc' dir='ltr'>μένει</span> 
     </span>
    </p>
   </div>
   <div class='ocr_carea' id='block_1_37' title="bbox 473 2211 2072 2291">
    <p class='ocr_par' dir='ltr' id='par_1_37' title="bbox 473 2211 2072 2291">
     <span class='ocr_line' id='line_1_37' title="bbox 473 2211 2072 2291; baseline 0 -23"><span class='ocrx_word' id='word_1_303' title='bbox 473 2213 526 2268; x_wconf 80' lang='grc' dir='ltr'><strong>ἐν</strong></span> <span class='ocrx_word' id='word_1_304' title='bbox 554 2217 622 2291; x_wconf 79' lang='grc' dir='ltr'><strong>τῇ</strong></span> <span class='ocrx_word' id='word_1_305' title='bbox 653 2211 810 2291; x_wconf 76' lang='grc' dir='ltr'>οἰκίᾳ·</span> <span class='ocrx_word' id='word_1_306' title='bbox 845 2237 869 2263; x_wconf 73' lang='grc' dir='ltr'><strong><em>ι</em></strong></span> <span class='ocrx_word' id='word_1_307' title='bbox 917 2212 1224 2284; x_wconf 82' lang='grc' dir='ltr'>τουτέστιν,</span> <span class='ocrx_word' id='word_1_308' title='bbox 1270 2214 1365 2270; x_wconf 77' lang='grc' dir='ltr'><strong>οὐκ</strong></span> <span class='ocrx_word' id='word_1_309' title='bbox 1410 2213 1518 2290; x_wconf 77' lang='grc' dir='ltr'>ἔχει</span> <span class='ocrx_word' id='word_1_310' title='bbox 1569 2211 1808 2280; x_wconf 79' lang='grc' dir='ltr'>ἐξουσίαν</span> <span class='ocrx_word' id='word_1_311' title='bbox 1854 2211 2072 2290; x_wconf 86' lang='grc' dir='ltr'>χαρίζε-</span> 
     </span>
    </p>
   </div>
   <div class='ocr_carea' id='block_1_38' title="bbox 469 2297 2070 2375">
    <p class='ocr_par' dir='ltr' id='par_1_38' title="bbox 469 2297 2070 2375">
     <span class='ocr_line' id='line_1_38' title="bbox 469 2297 2070 2375; baseline 0 -17"><span class='ocrx_word' id='word_1_312' title='bbox 469 2305 596 2358; x_wconf 81' lang='grc' dir='ltr'>σθαι</span> <span class='ocrx_word' id='word_1_313' title='bbox 617 2346 632 2372; x_wconf 88' lang='grc'><strong>,</strong></span> <span class='ocrx_word' id='word_1_314' title='bbox 661 2299 753 2358; x_wconf 76' lang='grc' dir='ltr'>ἅτε</span> <span class='ocrx_word' id='word_1_315' title='bbox 795 2301 870 2375; x_wconf 88' lang='grc' dir='ltr'><strong>μὴ</strong></span> <span class='ocrx_word' id='word_1_316' title='bbox 909 2297 982 2358; x_wconf 80' lang='grc' dir='ltr'><strong>ὢν</strong></span> <span class='ocrx_word' id='word_1_317' title='bbox 1015 2302 1412 2372; x_wconf 81' lang='grc' dir='ltr'>οἰκοδεσπότης·</span> <span class='ocrx_word' id='word_1_318' title='bbox 1446 2305 1473 2358; x_wconf 89' lang='lat'><strong>6</strong></span> <span class='ocrx_word' id='word_1_319' title='bbox 1504 2299 1559 2358; x_wconf 83' lang='grc' dir='ltr'>δὲ</span> <span class='ocrx_word' id='word_1_320' title='bbox 1592 2301 1720 2367; x_wconf 84' lang='grc' dir='ltr'>Υἱὸς</span> <span class='ocrx_word' id='word_1_321' title='bbox 1756 2299 2070 2358; x_wconf 85' lang='grc' dir='ltr'>οἰκοδεσπό-</span> 
     </span>
    </p>
   </div>
   <div class='ocr_carea' id='block_1_39' title="bbox 489 2387 2070 2470">
    <p class='ocr_par' dir='ltr' id='par_1_39' title="bbox 489 2387 2070 2470">
     <span class='ocr_line' id='line_1_39' title="bbox 489 2387 2070 2470; baseline 0 -25"><span class='ocrx_word' id='word_1_322' title='bbox 489 2413 590 2459; x_wconf 77' lang='grc' dir='ltr'><strong>της</strong></span> <span class='ocrx_word' id='word_1_323' title='bbox 629 2389 776 2458; x_wconf 78' lang='grc' dir='ltr'>ἐστὶ,</span> <span class='ocrx_word' id='word_1_324' title='bbox 814 2392 903 2448; x_wconf 83' lang='grc' dir='ltr'><strong>καὶ</strong></span> <span class='ocrx_word' id='word_1_325' title='bbox 949 2389 1096 2466; x_wconf 88' lang='grc' dir='ltr'>μένει</span> <span class='ocrx_word' id='word_1_326' title='bbox 1132 2395 1184 2448; x_wconf 82' lang='grc' dir='ltr'><strong>ἐν</strong></span> <span class='ocrx_word' id='word_1_327' title='bbox 1219 2395 1284 2470; x_wconf 73' lang='grc' dir='ltr'><strong>τῇ</strong></span> <span class='ocrx_word' id='word_1_328' title='bbox 1310 2391 1470 2470; x_wconf 76' lang='grc' dir='ltr'>οἰκίᾳ.</span> <span class='ocrx_word' id='word_1_329' title='bbox 1501 2388 1697 2450; x_wconf 83' lang='grc' dir='ltr'>Οἰκίαν</span> <span class='ocrx_word' id='word_1_330' title='bbox 1727 2390 1780 2446; x_wconf 85' lang='grc' dir='ltr'>δὲ</span> <span class='ocrx_word' id='word_1_331' title='bbox 1809 2387 1952 2467; x_wconf 84' lang='grc' dir='ltr'>λέγει</span> <span class='ocrx_word' id='word_1_332' title='bbox 1974 2387 2070 2459; x_wconf 79' lang='grc' dir='ltr'><strong>τὴν</strong></span> 
     </span>
    </p>
   </div>
   <div class='ocr_carea' id='block_1_40' title="bbox 471 2477 2070 2560">
    <p class='ocr_par' dir='ltr' id='par_1_40' title="bbox 471 2477 2070 2560">
     <span class='ocr_line' id='line_1_40' title="bbox 471 2477 2070 2560; baseline 0 -24"><span class='ocrx_word' id='word_1_333' title='bbox 471 2477 745 2549; x_wconf 77' lang='grc' dir='ltr'>ἐξουσίαν,</span> <span class='ocrx_word' id='word_1_334' title='bbox 775 2479 912 2537; x_wconf 77' lang='grc' dir='ltr'>καθὰ</span> <span class='ocrx_word' id='word_1_335' title='bbox 951 2481 1042 2538; x_wconf 88' lang='lat' dir='ltr'><strong>xui</strong></span> <span class='ocrx_word' id='word_1_336' title='bbox 1083 2481 1322 2560; x_wconf 81' lang='grc' dir='ltr'>ἀλλαχοῦ</span> <span class='ocrx_word' id='word_1_337' title='bbox 1356 2479 1452 2551; x_wconf 81' lang='grc' dir='ltr'><strong>τὴν</strong></span> <span class='ocrx_word' id='word_1_338' title='bbox 1486 2480 1659 2559; x_wconf 78' lang='grc' dir='ltr'>ἀρχὴν</span> <span class='ocrx_word' id='word_1_339' title='bbox 1686 2477 1850 2546; x_wconf 79' lang='grc' dir='ltr'>οὕτως</span> <span class='ocrx_word' id='word_1_340' title='bbox 1875 2479 2070 2555; x_wconf 82' lang='grc' dir='ltr'>ὀνομά-</span> 
     </span>
    </p>
   </div>
   <div class='ocr_carea' id='block_1_41' title="bbox 469 2567 2070 2651">
    <p class='ocr_par' dir='ltr' id='par_1_41' title="bbox 469 2567 2070 2651">
     <span class='ocr_line' id='line_1_41' title="bbox 469 2567 2070 2651; baseline 0.001 -27"><span class='ocrx_word' id='word_1_341' title='bbox 469 2571 578 2639; x_wconf 85' lang='grc' dir='ltr'>ζει,</span> <span class='ocrx_word' id='word_1_342' title='bbox 609 2595 632 2618; x_wconf 85' lang='grc' dir='ltr'>ι</span> <span class='ocrx_word' id='word_1_343' title='bbox 670 2567 762 2626; x_wconf 84' lang='grc' dir='ltr'><strong>’.Εν</strong></span> <span class='ocrx_word' id='word_1_344' title='bbox 791 2573 854 2647; x_wconf 80' lang='grc' dir='ltr'><strong>τῇ</strong></span> <span class='ocrx_word' id='word_1_345' title='bbox 889 2568 1029 2651; x_wconf 69' lang='grc' dir='ltr'>οἰκίᾳ</span> <span class='ocrx_word' id='word_1_346' title='bbox 1049 2616 1064 2642; x_wconf 90' lang='grc'><strong>,</strong></span> <span class='ocrx_word' id='word_1_347' title='bbox 1098 2568 1298 2646; x_wconf 89' lang='grc' dir='ltr'>λέγων,</span> <span class='ocrx_word' id='word_1_348' title='bbox 1331 2575 1444 2651; x_wconf 35' lang='grc' dir='ltr'><strong>τοῦ.Δ</strong></span> <span class='ocrx_word' id='word_1_349' title='bbox 1473 2567 1684 2647; x_wconf 86' lang='grc' dir='ltr'>Πατρός</span> <span class='ocrx_word' id='word_1_350' title='bbox 1729 2591 1830 2645; x_wconf 86' lang='grc' dir='ltr'><strong>μου</strong></span> <span class='ocrx_word' id='word_1_351' title='bbox 1871 2567 2070 2626; x_wconf 76' lang='grc' dir='ltr'>πολλαὶ</span> 
     </span>
    </p>
   </div>
   <div class='ocr_carea' id='block_1_42' title="bbox 471 2648 2068 2737">
    <p class='ocr_par' dir='ltr' id='par_1_42' title="bbox 471 2648 2068 2737">
     <span class='ocr_line' id='line_1_42' title="bbox 471 2648 2068 2737; baseline 0.001 -24"><span class='ocrx_word' id='word_1_352' title='bbox 471 2656 631 2733; x_wconf 85' lang='grc' dir='ltr'>μοναί</span> <span class='ocrx_word' id='word_1_353' title='bbox 675 2660 826 2718; x_wconf 87' lang='grc' dir='ltr'>εἰσιν.</span> <span class='ocrx_word' id='word_1_354' title='bbox 889 2685 915 2711; x_wconf 72' lang='grc' dir='ltr'><strong>ι</strong></span> <span class='ocrx_word' id='word_1_355' title='bbox 969 2658 1205 2717; x_wconf 81' lang='grc' dir='ltr'>Ἐκεῖνοι</span> <span class='ocrx_word' id='word_1_356' title='bbox 1246 2659 1342 2734; x_wconf 82' lang='grc' dir='ltr'>μὲν</span> <span class='ocrx_word' id='word_1_357' title='bbox 1385 2648 1475 2716; x_wconf 66' lang='grc' dir='ltr'><strong>οὖν</strong></span> <span class='ocrx_word' id='word_1_358' title='bbox 1525 2661 1574 2715; x_wconf 82' lang='grc' dir='ltr'>οἱ</span> <span class='ocrx_word' id='word_1_359' title='bbox 1621 2658 1780 2737; x_wconf 78' lang='grc' dir='ltr'>ἱερεῖς</span> <span class='ocrx_word' id='word_1_360' title='bbox 1825 2659 2068 2737; x_wconf 84' lang='grc' dir='ltr'>ὑμέτεροι</span> 
     </span>
    </p>
   </div>
   <div class='ocr_carea' id='block_1_43' title="bbox 470 2738 2069 2827">
    <p class='ocr_par' dir='ltr' id='par_1_43' title="bbox 470 2738 2069 2827">
     <span class='ocr_line' id='line_1_43' title="bbox 470 2738 2069 2827; baseline 0.001 -25"><span class='ocrx_word' id='word_1_361' title='bbox 470 2747 645 2806; x_wconf 79' lang='grc' dir='ltr'>δοῦλοι</span> <span class='ocrx_word' id='word_1_362' title='bbox 674 2747 846 2822; x_wconf 86' lang='grc' dir='ltr'>ὄντες,</span> <span class='ocrx_word' id='word_1_363' title='bbox 881 2749 979 2806; x_wconf 79' lang='grc' dir='ltr'>οὐκ</span> <span class='ocrx_word' id='word_1_364' title='bbox 1019 2738 1162 2826; x_wconf 68' lang='grc' dir='ltr'>εἶχον</span> <span class='ocrx_word' id='word_1_365' title='bbox 1209 2748 1450 2816; x_wconf 79' lang='grc' dir='ltr'>ἐξουσίαν</span> <span class='ocrx_word' id='word_1_366' title='bbox 1494 2745 1728 2827; x_wconf 69' lang='grc' dir='ltr'>ἀφιέναι·</span> <span class='ocrx_word' id='word_1_367' title='bbox 1772 2749 1800 2804; x_wconf 92' lang='lat'><strong>6</strong></span> <span class='ocrx_word' id='word_1_368' title='bbox 1851 2745 1906 2804; x_wconf 80' lang='grc' dir='ltr'>δὲ</span> <span class='ocrx_word' id='word_1_369' title='bbox 1943 2747 2069 2813; x_wconf 83' lang='grc' dir='ltr'>Υἱὸς</span> 
     </span>
    </p>
   </div>
   <div class='ocr_carea' id='block_1_44' title="bbox 471 2834 2066 2918">
    <p class='ocr_par' dir='ltr' id='par_1_44' title="bbox 471 2834 2066 2918">
     <span class='ocr_line' id='line_1_44' title="bbox 471 2834 2066 2918; baseline 0.001 -26"><span class='ocrx_word' id='word_1_370' title='bbox 471 2834 580 2911; x_wconf 80' lang='grc' dir='ltr'><strong>ἐγὼ</strong></span> <span class='ocrx_word' id='word_1_371' title='bbox 622 2837 792 2910; x_wconf 82' lang='grc' dir='ltr'>μένων</span> <span class='ocrx_word' id='word_1_372' title='bbox 843 2839 896 2894; x_wconf 82' lang='grc' dir='ltr'><strong>ἐν</strong></span> <span class='ocrx_word' id='word_1_373' title='bbox 953 2843 1022 2916; x_wconf 76' lang='grc' dir='ltr'><strong>τῇ</strong></span> <span class='ocrx_word' id='word_1_374' title='bbox 1072 2837 1242 2915; x_wconf 79' lang='grc' dir='ltr'>οἰκίᾳ,</span> <span class='ocrx_word' id='word_1_375' title='bbox 1275 2843 1338 2918; x_wconf 78' lang='grc' dir='ltr'><strong>τῇ</strong></span> <span class='ocrx_word' id='word_1_376' title='bbox 1385 2836 1626 2915; x_wconf 78' lang='grc' dir='ltr'>ἐξουσίᾳ,</span> <span class='ocrx_word' id='word_1_377' title='bbox 1663 2835 1837 2916; x_wconf 77' lang='grc' dir='ltr'>φημὶ,</span> <span class='ocrx_word' id='word_1_378' title='bbox 1883 2835 1974 2893; x_wconf 90' lang='lat' dir='ltr'><strong>xui</strong></span> <span class='ocrx_word' id='word_1_379' title='bbox 1999 2840 2066 2916; x_wconf 85' lang='grc' dir='ltr'><strong>τῇ</strong></span> 
     </span>
    </p>
   </div>
   <div class='ocr_carea' id='block_1_45' title="bbox 468 2923 2065 3008">
    <p class='ocr_par' dir='ltr' id='par_1_45' title="bbox 468 2923 2065 3008">
     <span class='ocr_line' id='line_1_45' title="bbox 468 2923 2065 3008; baseline 0.001 -28"><span class='ocrx_word' id='word_1_380' title='bbox 468 2927 672 3004; x_wconf 78' lang='grc' dir='ltr'>ἀρχικῇ</span> <span class='ocrx_word' id='word_1_381' title='bbox 719 2925 994 3008; x_wconf 70' lang='grc' dir='ltr'>αὖθεντία,</span> <span class='ocrx_word' id='word_1_382' title='bbox 1049 2927 1141 2986; x_wconf 82' lang='grc' dir='ltr'><strong>καὶ</strong></span> <span class='ocrx_word' id='word_1_383' title='bbox 1191 2926 1566 2997; x_wconf 82' lang='grc' dir='ltr'>οἰκοδεσπότης</span> <span class='ocrx_word' id='word_1_384' title='bbox 1611 2925 1718 2998; x_wconf 81' lang='grc' dir='ltr'>ὢν,</span> <span class='ocrx_word' id='word_1_385' title='bbox 1766 2923 2065 3003; x_wconf 79' lang='grc' dir='ltr'>ἐλευθερίαν</span> 
     </span>
    </p>
   </div>
   <div class='ocr_carea' id='block_1_46' title="bbox 466 3013 2068 3096">
    <p class='ocr_par' dir='ltr' id='par_1_46' title="bbox 466 3013 2068 3096">
     <span class='ocr_line' id='line_1_46' title="bbox 466 3013 2068 3096; baseline 0.001 -26"><span class='ocrx_word' id='word_1_386' title='bbox 466 3016 592 3089; x_wconf 79' lang='grc' dir='ltr'>ὑμῖν</span> <span class='ocrx_word' id='word_1_387' title='bbox 641 3015 949 3094; x_wconf 82' lang='grc' dir='ltr'>χαρίζομαι.</span> <span class='ocrx_word' id='word_1_388' title='bbox 987 3016 1177 3075; x_wconf 81' lang='grc' dir='ltr'>Πάντα</span> <span class='ocrx_word' id='word_1_389' title='bbox 1209 3015 1312 3096; x_wconf 84' lang='grc' dir='ltr'><strong>γὰρ</strong></span> <span class='ocrx_word' id='word_1_390' title='bbox 1339 3017 1447 3094; x_wconf 83' lang='grc' dir='ltr'>ἐμοί</span> <span class='ocrx_word' id='word_1_391' title='bbox 1484 3020 1630 3087; x_wconf 85' lang='grc' dir='ltr'>ἐστι,</span> <span class='ocrx_word' id='word_1_392' title='bbox 1680 3014 1774 3074; x_wconf 89' lang='lat' dir='ltr'><strong>xui</strong></span> <span class='ocrx_word' id='word_1_393' title='bbox 1805 3013 2068 3090; x_wconf 83' lang='grc' dir='ltr'>ὁμοδύνα-</span> 
     </span>
    </p>
   </div>
   <div class='ocr_carea' id='block_1_47' title="bbox 467 3101 2067 3186">
    <p class='ocr_par' dir='ltr' id='par_1_47' title="bbox 467 3101 2067 3186">
     <span class='ocr_line' id='line_1_47' title="bbox 527 3101 2048 3163; baseline 0.003 -42"><span class='ocrx_word' id='word_1_394' title='bbox 527 3101 540 3121; x_wconf 80' lang='grc' dir='ltr'><em>Ῑ</em></span> <span class='ocrx_word' id='word_1_395' title='bbox 623 3105 638 3126; x_wconf 69' lang='grc'><strong>9</strong></span> <span class='ocrx_word' id='word_1_396' title='bbox 866 3105 879 3128; x_wconf 83' lang='lat'><strong><em>\</em></strong></span> <span class='ocrx_word' id='word_1_397' title='bbox 924 3109 951 3163; x_wconf 72' lang='grc' dir='ltr'>ὁ</span> <span class='ocrx_word' id='word_1_398' title='bbox 1057 3103 1079 3144; x_wconf 64' lang='grc' dir='ltr'>ζ</span> <span class='ocrx_word' id='word_1_399' title='bbox 1126 3104 1139 3124; x_wconf 88' lang='grc' dir='ltr'><strong><em>Ι</em></strong></span> <span class='ocrx_word' id='word_1_400' title='bbox 1345 3110 1378 3123; x_wconf 66' lang='grc' dir='ltr'>ω</span> <span class='ocrx_word' id='word_1_401' title='bbox 1603 3105 1635 3141; x_wconf 62' lang='grc' dir='ltr'><strong>Ι.</strong></span> <span class='ocrx_word' id='word_1_402' title='bbox 1826 3107 1841 3128; x_wconf 69' lang='grc'><strong>9</strong></span> <span class='ocrx_word' id='word_1_403' title='bbox 2033 3103 2048 3126; x_wconf 75' lang='lat'><em>\</em></span> 
     </span>
     <span class='ocr_line' id='line_1_48' title="bbox 467 3103 2067 3186; baseline 0.003 -27"><span class='ocrx_word' id='word_1_404' title='bbox 467 3127 565 3178; x_wconf 80' lang='grc' dir='ltr'><strong>μος</strong></span> <span class='ocrx_word' id='word_1_405' title='bbox 594 3125 749 3178; x_wconf 86' lang='grc' dir='ltr'>ειμι,</span> <span class='ocrx_word' id='word_1_406' title='bbox 795 3129 886 3162; x_wconf 80' lang='grc' dir='ltr'>και</span> <span class='ocrx_word' id='word_1_407' title='bbox 957 3127 1258 3182; x_wconf 58' lang='grc' dir='ltr'>μοεςουσιος</span> <span class='ocrx_word' id='word_1_408' title='bbox 1307 3130 1383 3186; x_wconf 84' lang='grc' dir='ltr'><strong>τῳ</strong></span> <span class='ocrx_word' id='word_1_409' title='bbox 1438 3109 1616 3184; x_wconf 83' lang='grc' dir='ltr'>Πατρι</span> <span class='ocrx_word' id='word_1_410' title='bbox 1686 3104 1778 3162; x_wconf 85' lang='lat' dir='ltr'><strong>xui</strong></span> <span class='ocrx_word' id='word_1_411' title='bbox 1818 3103 1909 3163; x_wconf 76' lang='grc' dir='ltr'><strong>εὰν</strong></span> <span class='ocrx_word' id='word_1_412' title='bbox 1961 3106 2067 3182; x_wconf 86' lang='grc' dir='ltr'><strong>ἐγω</strong></span> 
     </span>
    </p>
   </div>
   <div class='ocr_carea' id='block_1_48' title="bbox 467 3191 2060 3275">
    <p class='ocr_par' dir='ltr' id='par_1_48' title="bbox 467 3191 2060 3275">
     <span class='ocr_line' id='line_1_49' title="bbox 467 3191 2060 3275; baseline 0.003 -27"><span class='ocrx_word' id='word_1_413' title='bbox 467 3191 843 3270; x_wconf 78' lang='grc' dir='ltr'>ἐλευθερώσω,</span> <span class='ocrx_word' id='word_1_414' title='bbox 883 3195 1003 3252; x_wconf 90' lang='grc' dir='ltr'>τότε</span> <span class='ocrx_word' id='word_1_415' title='bbox 1039 3199 1103 3273; x_wconf 80' lang='grc' dir='ltr'><strong>τῇ</strong></span> <span class='ocrx_word' id='word_1_416' title='bbox 1137 3197 1321 3266; x_wconf 77' lang='grc' dir='ltr'>ἀληθεῖ</span> <span class='ocrx_word' id='word_1_417' title='bbox 1357 3195 1625 3275; x_wconf 70' lang='grc' dir='ltr'>ἐλευθερίᾳ</span> <span class='ocrx_word' id='word_1_418' title='bbox 1663 3193 2060 3270; x_wconf 79' lang='grc' dir='ltr'>τιμηθήσεσθε,</span> 
     </span>
    </p>
   </div>
   <div class='ocr_carea' id='block_1_49' title="bbox 2186 2047 3790 2119">
    <p class='ocr_par' dir='ltr' id='par_1_49' title="bbox 2186 2047 3790 2119">
     <span class='ocr_line' id='line_1_50' title="bbox 2186 2047 3790 2119; baseline -0.001 -13"><span class='ocrx_word' id='word_1_419' title='bbox 2186 2071 2212 2098; x_wconf 73' lang='grc' dir='ltr'>ι</span> <span class='ocrx_word' id='word_1_420' title='bbox 2258 2051 2478 2116; x_wconf 91' lang='lat' dir='ltr'><strong>Servus,</strong></span> <span class='ocrx_word' id='word_1_421' title='bbox 2501 2049 2698 2119; x_wconf 88' lang='lat' dir='ltr'><strong>inquit,</strong></span> <span class='ocrx_word' id='word_1_422' title='bbox 2726 2065 2836 2104; x_wconf 91' lang='lat' dir='ltr'><strong>non</strong></span> <span class='ocrx_word' id='word_1_423' title='bbox 2856 2055 3044 2103; x_wconf 87' lang='lat' dir='ltr'><strong>manet</strong></span> <span class='ocrx_word' id='word_1_424' title='bbox 3072 2047 3130 2103; x_wconf 91' lang='lat' dir='ltr'><strong>in</strong></span> <span class='ocrx_word' id='word_1_425' title='bbox 3151 2047 3342 2114; x_wconf 92' lang='lat' dir='ltr'><strong>domo,</strong></span> <span class='ocrx_word' id='word_1_426' title='bbox 3368 2067 3394 2098; x_wconf 74' lang='grc' dir='ltr'>ιο</span> <span class='ocrx_word' id='word_1_427' title='bbox 3426 2047 3531 2104; x_wconf 93' lang='lat' dir='ltr'><strong>hoc</strong></span> <span class='ocrx_word' id='word_1_428' title='bbox 3553 2056 3653 2116; x_wconf 89' lang='lat' dir='ltr'><strong>est,</strong></span> <span class='ocrx_word' id='word_1_429' title='bbox 3681 2064 3790 2104; x_wconf 91' lang='lat' dir='ltr'><strong>non</strong></span> 
     </span>
    </p>
   </div>
   <div class='ocr_carea' id='block_1_50' title="bbox 2185 2137 3786 2210">
    <p class='ocr_par' dir='ltr' id='par_1_50' title="bbox 2185 2137 3786 2210">
     <span class='ocr_line' id='line_1_51' title="bbox 2185 2137 3786 2210; baseline -0.002 -16"><span class='ocrx_word' id='word_1_430' title='bbox 2185 2138 2352 2194; x_wconf 88' lang='lat' dir='ltr'><strong>habet</strong></span> <span class='ocrx_word' id='word_1_431' title='bbox 2380 2146 2711 2210; x_wconf 88' lang='lat' dir='ltr'><strong>potestatem</strong></span> <span class='ocrx_word' id='word_1_432' title='bbox 2745 2137 3118 2210; x_wconf 84' lang='lat' dir='ltr'><strong>expendendi,</strong></span> <span class='ocrx_word' id='word_1_433' title='bbox 3148 2153 3213 2193; x_wconf 91' lang='lat' dir='ltr'><strong>eo</strong></span> <span class='ocrx_word' id='word_1_434' title='bbox 3242 2137 3395 2209; x_wconf 91' lang='lat' dir='ltr'><strong>quod</strong></span> <span class='ocrx_word' id='word_1_435' title='bbox 3446 2153 3559 2192; x_wconf 89' lang='lat' dir='ltr'><strong>non</strong></span> <span class='ocrx_word' id='word_1_436' title='bbox 3590 2138 3661 2192; x_wconf 86' lang='lat' dir='ltr'><strong>sit</strong></span> <span class='ocrx_word' id='word_1_437' title='bbox 3690 2153 3786 2209; x_wconf 89' lang='lat' dir='ltr'><strong>pa-</strong></span> 
     </span>
    </p>
   </div>
   <div class='ocr_carea' id='block_1_51' title="bbox 2181 2227 3789 2296">
    <p class='ocr_par' dir='ltr' id='par_1_51' title="bbox 2181 2227 3789 2296">
     <span class='ocr_line' id='line_1_52' title="bbox 2181 2227 3789 2296; baseline -0.001 -12"><span class='ocrx_word' id='word_1_438' title='bbox 2181 2227 2538 2296; x_wconf 84' lang='lat' dir='ltr'><strong>terfamilias,</strong></span> <span class='ocrx_word' id='word_1_439' title='bbox 2572 2228 2678 2284; x_wconf 93' lang='lat' dir='ltr'><strong>hoc</strong></span> <span class='ocrx_word' id='word_1_440' title='bbox 2705 2236 2809 2294; x_wconf 90' lang='lat' dir='ltr'><strong>est,</strong></span> <span class='ocrx_word' id='word_1_441' title='bbox 2841 2228 3103 2284; x_wconf 91' lang='lat' dir='ltr'><strong>dominus</strong></span> <span class='ocrx_word' id='word_1_442' title='bbox 3127 2227 3356 2294; x_wconf 87' lang='lat' dir='ltr'><strong>domus;</strong></span> <span class='ocrx_word' id='word_1_443' title='bbox 3404 2227 3570 2283; x_wconf 87' lang='lat' dir='ltr'><strong>Filius</strong></span> <span class='ocrx_word' id='word_1_444' title='bbox 3597 2235 3789 2284; x_wconf 89' lang='lat' dir='ltr'><strong>autem</strong></span> 
     </span>
    </p>
   </div>
   <div class='ocr_carea' id='block_1_52' title="bbox 2179 2317 3788 2387">
    <p class='ocr_par' dir='ltr' id='par_1_52' title="bbox 2179 2317 3788 2387">
     <span class='ocr_line' id='line_1_53' title="bbox 2179 2317 3788 2387; baseline -0.001 -13"><span class='ocrx_word' id='word_1_445' title='bbox 2179 2317 2444 2374; x_wconf 90' lang='lat' dir='ltr'><strong>dominus</strong></span> <span class='ocrx_word' id='word_1_446' title='bbox 2458 2317 2657 2374; x_wconf 91' lang='lat' dir='ltr'><strong>domus</strong></span> <span class='ocrx_word' id='word_1_447' title='bbox 2673 2326 2776 2387; x_wconf 90' lang='lat' dir='ltr'><strong>est,</strong></span> <span class='ocrx_word' id='word_1_448' title='bbox 2795 2326 3045 2373; x_wconf 90' lang='lat' dir='ltr'><strong>etmanet</strong></span> <span class='ocrx_word' id='word_1_449' title='bbox 3059 2318 3115 2372; x_wconf 90' lang='lat' dir='ltr'><strong>in</strong></span> <span class='ocrx_word' id='word_1_450' title='bbox 3132 2317 3320 2372; x_wconf 89' lang='lat' dir='ltr'><strong>domo.</strong></span> <span class='ocrx_word' id='word_1_451' title='bbox 3336 2321 3582 2373; x_wconf 92' lang='lat' dir='ltr'><strong>Domum</strong></span> <span class='ocrx_word' id='word_1_452' title='bbox 3600 2326 3788 2374; x_wconf 90' lang='lat' dir='ltr'><strong>autem</strong></span> 
     </span>
    </p>
   </div>
   <div class='ocr_carea' id='block_1_53' title="bbox 2178 2407 3789 2479">
    <p class='ocr_par' dir='ltr' id='par_1_53' title="bbox 2178 2407 3789 2479">
     <span class='ocr_line' id='line_1_54' title="bbox 2178 2407 3789 2479; baseline -0.001 -16"><span class='ocrx_word' id='word_1_453' title='bbox 2178 2407 2316 2463; x_wconf 88' lang='lat' dir='ltr'><strong>dicit</strong></span> <span class='ocrx_word' id='word_1_454' title='bbox 2361 2415 2715 2479; x_wconf 85' lang='lat' dir='ltr'><strong>potestatem,</strong></span> <span class='ocrx_word' id='word_1_455' title='bbox 2764 2407 2912 2463; x_wconf 89' lang='lat' dir='ltr'><strong>sicut</strong></span> <span class='ocrx_word' id='word_1_456' title='bbox 2958 2407 3066 2462; x_wconf 90' lang='lat' dir='ltr'><strong>alio</strong></span> <span class='ocrx_word' id='word_1_457' title='bbox 3119 2407 3239 2462; x_wconf 92' lang='lat' dir='ltr'><strong>loco</strong></span> <span class='ocrx_word' id='word_1_458' title='bbox 3292 2407 3666 2479; x_wconf 90' lang='lat' dir='ltr'><strong>principatum</strong></span> <span class='ocrx_word' id='word_1_459' title='bbox 3714 2407 3789 2462; x_wconf 89' lang='lat' dir='ltr'><strong>ila</strong></span> 
     </span>
    </p>
   </div>
   <div class='ocr_carea' id='block_1_54' title="bbox 2177 2496 3788 2564">
    <p class='ocr_par' dir='ltr' id='par_1_54' title="bbox 2177 2496 3788 2564">
     <span class='ocr_line' id='line_1_55' title="bbox 2177 2496 3788 2564; baseline 0 -12"><span class='ocrx_word' id='word_1_460' title='bbox 2177 2498 2432 2552; x_wconf 89' lang='lat' dir='ltr'><strong>nominat</strong></span> <span class='ocrx_word' id='word_1_461' title='bbox 2460 2516 2472 2552; x_wconf 91' lang='lat'>:</span> <span class='ocrx_word' id='word_1_462' title='bbox 2500 2521 2523 2544; x_wconf 77' lang='grc' dir='ltr'><strong>α</strong></span> <span class='ocrx_word' id='word_1_463' title='bbox 2558 2500 2622 2551; x_wconf 90' lang='lat' dir='ltr'><strong>In</strong></span> <span class='ocrx_word' id='word_1_464' title='bbox 2649 2496 2844 2564; x_wconf 91' lang='lat' dir='ltr'><strong>domo,</strong></span> <span class='ocrx_word' id='word_1_465' title='bbox 2875 2496 3086 2561; x_wconf 90' lang='lat' dir='ltr'><strong>dicens,</strong></span> <span class='ocrx_word' id='word_1_466' title='bbox 3113 2497 3296 2551; x_wconf 90' lang='lat' dir='ltr'><strong>Patris</strong></span> <span class='ocrx_word' id='word_1_467' title='bbox 3328 2497 3436 2551; x_wconf 90' lang='lat' dir='ltr'><strong>mei</strong></span> <span class='ocrx_word' id='word_1_468' title='bbox 3471 2497 3788 2552; x_wconf 84' lang='lat' dir='ltr'><strong>mansiones</strong></span> 
     </span>
    </p>
   </div>
   <div class='ocr_carea' id='block_1_55' title="bbox 2177 2583 3786 2657">
    <p class='ocr_par' dir='ltr' id='par_1_55' title="bbox 2177 2583 3786 2657">
     <span class='ocr_line' id='line_1_56' title="bbox 2177 2583 3786 2657; baseline 0 -16"><span class='ocrx_word' id='word_1_469' title='bbox 2177 2586 2370 2642; x_wconf 69' lang='lat' dir='ltr'><strong>multae</strong></span> <span class='ocrx_word' id='word_1_470' title='bbox 2419 2595 2551 2642; x_wconf 90' lang='lat' dir='ltr'><strong>sunt</strong></span> <span class='ocrx_word' id='word_1_471' title='bbox 2587 2586 2648 2640; x_wconf 72' lang='grc'><strong>³⁵.</strong></span> <span class='ocrx_word' id='word_1_472' title='bbox 2697 2609 2720 2633; x_wconf 82' lang='lat'>»</span> <span class='ocrx_word' id='word_1_473' title='bbox 2764 2586 2938 2657; x_wconf 82' lang='lat' dir='ltr'><strong>Igitur</strong></span> <span class='ocrx_word' id='word_1_474' title='bbox 2984 2585 3150 2639; x_wconf 86' lang='lat' dir='ltr'><strong>vestri</strong></span> <span class='ocrx_word' id='word_1_475' title='bbox 3188 2584 3416 2655; x_wconf 89' lang='lat' dir='ltr'><strong>quidem</strong></span> <span class='ocrx_word' id='word_1_476' title='bbox 3470 2583 3786 2641; x_wconf 86' lang='lat' dir='ltr'><strong>sacerdotes</strong></span> 
     </span>
    </p>
   </div>
   <div class='ocr_carea' id='block_1_56' title="bbox 2177 2671 3786 2745">
    <p class='ocr_par' dir='ltr' id='par_1_56' title="bbox 2177 2671 3786 2745">
     <span class='ocr_line' id='line_1_57' title="bbox 2177 2671 3786 2745; baseline -0.001 -15"><span class='ocrx_word' id='word_1_477' title='bbox 2177 2690 2304 2730; x_wconf 90' lang='lat' dir='ltr'><strong>cum</strong></span> <span class='ocrx_word' id='word_1_478' title='bbox 2349 2674 2491 2730; x_wconf 89' lang='lat' dir='ltr'><strong>servi</strong></span> <span class='ocrx_word' id='word_1_479' title='bbox 2520 2674 2662 2739; x_wconf 89' lang='lat' dir='ltr'><strong>sint,</strong></span> <span class='ocrx_word' id='word_1_480' title='bbox 2717 2681 3048 2745; x_wconf 90' lang='lat' dir='ltr'><strong>potestatem</strong></span> <span class='ocrx_word' id='word_1_481' title='bbox 3078 2689 3192 2727; x_wconf 92' lang='lat' dir='ltr'><strong>non</strong></span> <span class='ocrx_word' id='word_1_482' title='bbox 3225 2671 3428 2728; x_wconf 91' lang='lat' dir='ltr'><strong>habent</strong></span> <span class='ocrx_word' id='word_1_483' title='bbox 3469 2672 3786 2728; x_wconf 90' lang='lat' dir='ltr'><strong>remittendi</strong></span> 
     </span>
    </p>
   </div>
   <div class='ocr_carea' id='block_1_57' title="bbox 2179 2761 3784 2836">
    <p class='ocr_par' dir='ltr' id='par_1_57' title="bbox 2179 2761 3784 2836">
     <span class='ocr_line' id='line_1_58' title="bbox 2179 2761 3784 2836; baseline -0.002 -17"><span class='ocrx_word' id='word_1_484' title='bbox 2179 2771 2399 2836; x_wconf 89' lang='lat' dir='ltr'><strong>peccata</strong></span> <span class='ocrx_word' id='word_1_485' title='bbox 2434 2785 2444 2819; x_wconf 93' lang='lat'><strong>:</strong></span> <span class='ocrx_word' id='word_1_486' title='bbox 2480 2772 2538 2818; x_wconf 91' lang='lat' dir='ltr'><strong>at</strong></span> <span class='ocrx_word' id='word_1_487' title='bbox 2582 2762 2752 2818; x_wconf 89' lang='lat' dir='ltr'><strong>Filius</strong></span> <span class='ocrx_word' id='word_1_488' title='bbox 2805 2778 2909 2834; x_wconf 86' lang='lat' dir='ltr'><strong>ego</strong></span> <span class='ocrx_word' id='word_1_489' title='bbox 2954 2778 3155 2817; x_wconf 87' lang='lat' dir='ltr'><strong>maneo</strong></span> <span class='ocrx_word' id='word_1_490' title='bbox 3197 2761 3255 2816; x_wconf 90' lang='lat' dir='ltr'><strong>in</strong></span> <span class='ocrx_word' id='word_1_491' title='bbox 3300 2761 3492 2828; x_wconf 90' lang='lat' dir='ltr'><strong>domo,</strong></span> <span class='ocrx_word' id='word_1_492' title='bbox 3541 2761 3649 2816; x_wconf 91' lang='lat' dir='ltr'><strong>hoc</strong></span> <span class='ocrx_word' id='word_1_493' title='bbox 3681 2770 3784 2829; x_wconf 92' lang='lat' dir='ltr'><strong>est,</strong></span> 
     </span>
    </p>
   </div>
   <div class='ocr_carea' id='block_1_58' title="bbox 2179 2850 3782 2926">
    <p class='ocr_par' dir='ltr' id='par_1_58' title="bbox 2179 2850 3782 2926">
     <span class='ocr_line' id='line_1_59' title="bbox 2179 2850 3782 2926; baseline -0.002 -18"><span class='ocrx_word' id='word_1_494' title='bbox 2179 2861 2445 2926; x_wconf 82' lang='lat' dir='ltr'><strong>potestate</strong></span> <span class='ocrx_word' id='word_1_495' title='bbox 2473 2862 2529 2908; x_wconf 91' lang='lat' dir='ltr'><strong>et</strong></span> <span class='ocrx_word' id='word_1_496' title='bbox 2557 2853 2840 2925; x_wconf 87' lang='lat' dir='ltr'><strong>principali</strong></span> <span class='ocrx_word' id='word_1_497' title='bbox 2869 2851 3197 2908; x_wconf 88' lang='lat' dir='ltr'><strong>auctoritate</strong></span> <span class='ocrx_word' id='word_1_498' title='bbox 3228 2869 3242 2905; x_wconf 90' lang='lat'><strong>:</strong></span> <span class='ocrx_word' id='word_1_499' title='bbox 3273 2860 3328 2906; x_wconf 91' lang='lat' dir='ltr'><strong>et</strong></span> <span class='ocrx_word' id='word_1_500' title='bbox 3355 2867 3483 2907; x_wconf 91' lang='lat' dir='ltr'><strong>curn</strong></span> <span class='ocrx_word' id='word_1_501' title='bbox 3515 2850 3624 2906; x_wconf 90' lang='lat' dir='ltr'><strong>sim</strong></span> <span class='ocrx_word' id='word_1_502' title='bbox 3658 2854 3782 2906; x_wconf 86' lang='lat' dir='ltr'><strong>Do-</strong></span> 
     </span>
    </p>
   </div>
   <div class='ocr_carea' id='block_1_59' title="bbox 2178 2939 3782 3010">
    <p class='ocr_par' dir='ltr' id='par_1_59' title="bbox 2178 2939 3782 3010">
     <span class='ocr_line' id='line_1_60' title="bbox 2178 2939 3782 3010; baseline -0.001 -13"><span class='ocrx_word' id='word_1_503' title='bbox 2178 2943 2359 2998; x_wconf 91' lang='lat' dir='ltr'><strong>minus</strong></span> <span class='ocrx_word' id='word_1_504' title='bbox 2414 2942 2638 3010; x_wconf 92' lang='lat' dir='ltr'><strong>domus,</strong></span> <span class='ocrx_word' id='word_1_505' title='bbox 2683 2942 2993 2997; x_wconf 88' lang='lat' dir='ltr'><strong>libertatem</strong></span> <span class='ocrx_word' id='word_1_506' title='bbox 3045 2941 3204 2995; x_wconf 91' lang='lat' dir='ltr'><strong>vobis</strong></span> <span class='ocrx_word' id='word_1_507' title='bbox 3249 2939 3516 2996; x_wconf 88' lang='lat' dir='ltr'><strong>concedo.</strong></span> <span class='ocrx_word' id='word_1_508' title='bbox 3575 2941 3782 2996; x_wconf 89' lang='lat' dir='ltr'><strong>Omnia</strong></span> 
     </span>
    </p>
   </div>
   <div class='ocr_carea' id='block_1_60' title="bbox 2177 3029 3786 3103">
    <p class='ocr_par' dir='ltr' id='par_1_60' title="bbox 2177 3029 3786 3103">
     <span class='ocr_line' id='line_1_61' title="bbox 2177 3029 3786 3103; baseline -0.002 -14"><span class='ocrx_word' id='word_1_509' title='bbox 2177 3032 2326 3089; x_wconf 90' lang='lat' dir='ltr'><strong>enim</strong></span> <span class='ocrx_word' id='word_1_510' title='bbox 2349 3047 2474 3088; x_wconf 88' lang='lat' dir='ltr'><strong>mea</strong></span> <span class='ocrx_word' id='word_1_511' title='bbox 2493 3040 2646 3100; x_wconf 87' lang='lat' dir='ltr'><strong>sunt,</strong></span> <span class='ocrx_word' id='word_1_512' title='bbox 2671 3039 2725 3087; x_wconf 93' lang='lat' dir='ltr'><strong>et</strong></span> <span class='ocrx_word' id='word_1_513' title='bbox 2744 3031 2972 3103; x_wconf 77' lang='lat' dir='ltr'><strong>aequalis</strong></span> <span class='ocrx_word' id='word_1_514' title='bbox 3002 3029 3263 3101; x_wconf 84' lang='lat' dir='ltr'><strong>potentiae</strong></span> <span class='ocrx_word' id='word_1_515' title='bbox 3283 3038 3337 3084; x_wconf 90' lang='lat' dir='ltr'><strong>et</strong></span> <span class='ocrx_word' id='word_1_516' title='bbox 3358 3030 3637 3101; x_wconf 87' lang='lat' dir='ltr'><strong>potestatis</strong></span> <span class='ocrx_word' id='word_1_517' title='bbox 3657 3045 3786 3085; x_wconf 92' lang='lat' dir='ltr'><strong>cum</strong></span> 
     </span>
    </p>
   </div>
   <div class='ocr_carea' id='block_1_61' title="bbox 2178 3118 3788 3192">
    <p class='ocr_par' dir='ltr' id='par_1_61' title="bbox 2178 3118 3788 3192">
     <span class='ocr_line' id='line_1_62' title="bbox 2178 3118 3788 3192; baseline -0.002 -14"><span class='ocrx_word' id='word_1_518' title='bbox 2178 3125 2337 3179; x_wconf 89' lang='lat' dir='ltr'><strong>Patre</strong></span> <span class='ocrx_word' id='word_1_519' title='bbox 2386 3137 2509 3177; x_wconf 91' lang='lat' dir='ltr'><strong>sum</strong></span> <span class='ocrx_word' id='word_1_520' title='bbox 2561 3129 2662 3177; x_wconf 90' lang='lat' dir='ltr'><strong>:et</strong></span> <span class='ocrx_word' id='word_1_521' title='bbox 2691 3121 2737 3176; x_wconf 92' lang='lat' dir='ltr'><strong>si</strong></span> <span class='ocrx_word' id='word_1_522' title='bbox 2779 3136 2880 3192; x_wconf 85' lang='lat' dir='ltr'><strong>ego</strong></span> <span class='ocrx_word' id='word_1_523' title='bbox 2918 3119 3120 3175; x_wconf 90' lang='lat' dir='ltr'><strong>liberos</strong></span> <span class='ocrx_word' id='word_1_524' title='bbox 3171 3134 3265 3174; x_wconf 91' lang='lat' dir='ltr'><strong>vos</strong></span> <span class='ocrx_word' id='word_1_525' title='bbox 3312 3118 3623 3185; x_wconf 86' lang='lat' dir='ltr'><strong>reddidero,</strong></span> <span class='ocrx_word' id='word_1_526' title='bbox 3655 3127 3788 3174; x_wconf 93' lang='lat' dir='ltr'><strong>tunc</strong></span> 
     </span>
    </p>
   </div>
   <div class='ocr_carea' id='block_1_62' title="bbox 2176 3207 3786 3280">
    <p class='ocr_par' dir='ltr' id='par_1_62' title="bbox 2176 3207 3786 3280">
     <span class='ocr_line' id='line_1_63' title="bbox 2176 3207 3786 3280; baseline -0.002 -15"><span class='ocrx_word' id='word_1_527' title='bbox 2176 3227 2302 3266; x_wconf 89' lang='lat' dir='ltr'><strong>vera</strong></span> <span class='ocrx_word' id='word_1_528' title='bbox 2334 3211 2584 3266; x_wconf 88' lang='lat' dir='ltr'><strong>libertate</strong></span> <span class='ocrx_word' id='word_1_529' title='bbox 2621 3209 2995 3266; x_wconf 90' lang='lat' dir='ltr'><strong>redimemini.</strong></span> <span class='ocrx_word' id='word_1_530' title='bbox 3047 3209 3191 3262; x_wconf 87' lang='lat' dir='ltr'><strong>Nam</strong></span> <span class='ocrx_word' id='word_1_531' title='bbox 3237 3224 3384 3264; x_wconf 89' lang='lat' dir='ltr'><strong>nunc</strong></span> <span class='ocrx_word' id='word_1_532' title='bbox 3432 3208 3654 3280; x_wconf 89' lang='lat' dir='ltr'><strong>quidem</strong></span> <span class='ocrx_word' id='word_1_533' title='bbox 3682 3207 3786 3263; x_wconf 88' lang='lat' dir='ltr'><strong>fal-</strong></span> 
     </span>
    </p>
   </div>
   <div class='ocr_carea' id='block_1_63' title="bbox 466 3273 2067 3368">
    <p class='ocr_par' dir='ltr' id='par_1_63' title="bbox 466 3273 2066 3363">
     <span class='ocr_line' id='line_1_64' title="bbox 466 3273 2066 3363; baseline 0.002 -25"><span class='ocrx_word' id='word_1_534' title='bbox 466 3284 539 3346; x_wconf 81' lang='grc' dir='ltr'>ὡς</span> <span class='ocrx_word' id='word_1_535' title='bbox 588 3286 683 3338; x_wconf 86' lang='grc' dir='ltr'><strong>νῦν</strong></span> <span class='ocrx_word' id='word_1_536' title='bbox 735 3306 794 3359; x_wconf 88' lang='grc' dir='ltr'><strong>γε</strong></span> <span class='ocrx_word' id='word_1_537' title='bbox 845 3285 1012 3363; x_wconf 75' lang='grc' dir='ltr'>ψευδῆ</span> <span class='ocrx_word' id='word_1_538' title='bbox 1062 3283 1362 3362; x_wconf 79' lang='grc' dir='ltr'>ἐλευθερίαν</span> <span class='ocrx_word' id='word_1_539' title='bbox 1422 3273 1629 3350; x_wconf 78' lang='grc' dir='ltr'>ἑαυτοῖς</span> <span class='ocrx_word' id='word_1_540' title='bbox 1698 3282 2066 3363; x_wconf 77' lang='grc' dir='ltr'>ἐπιφημίζετε·</span> 
     </span>
    </p>
   </div>
   <div class='ocr_carea' id='block_1_64' title="bbox 2175 3273 3784 3368">
    <p class='ocr_par' dir='ltr' id='par_1_64' title="bbox 2175 3297 3784 3368">
     <span class='ocr_line' id='line_1_65' title="bbox 2175 3297 3784 3368; baseline -0.001 -13"><span class='ocrx_word' id='word_1_541' title='bbox 2175 3315 2295 3355; x_wconf 88' lang='lat' dir='ltr'><strong>sam</strong></span> <span class='ocrx_word' id='word_1_542' title='bbox 2344 3300 2660 3356; x_wconf 89' lang='lat' dir='ltr'><strong>libertatem</strong></span> <span class='ocrx_word' id='word_1_543' title='bbox 2717 3298 3011 3356; x_wconf 88' lang='lat' dir='ltr'><strong>celebratis</strong></span> <span class='ocrx_word' id='word_1_544' title='bbox 3085 3312 3212 3353; x_wconf 90' lang='lat' dir='ltr'><strong>vere</strong></span> <span class='ocrx_word' id='word_1_545' title='bbox 3256 3305 3442 3352; x_wconf 91' lang='lat' dir='ltr'><strong>autem</strong></span> <span class='ocrx_word' id='word_1_546' title='bbox 3495 3302 3551 3352; x_wconf 88' lang='lat' dir='ltr'><strong>et</strong></span> <span class='ocrx_word' id='word_1_547' title='bbox 3604 3297 3784 3368; x_wconf 76' lang='lat' dir='ltr'><strong>reipsa</strong></span> 
     </span>
    </p>
   </div>
   <div class='ocr_carea' id='block_1_65' title="bbox 466 3370 1918 3462">
    <p class='ocr_par' dir='ltr' id='par_1_65' title="bbox 466 3370 1918 3462">
     <span class='ocr_line' id='line_1_66' title="bbox 466 3370 1918 3462; baseline 0.003 -33"><span class='ocrx_word' id='word_1_548' title='bbox 466 3373 632 3436; x_wconf 81' lang='grc' dir='ltr'>ὄντως</span> <span class='ocrx_word' id='word_1_549' title='bbox 653 3370 720 3462; x_wconf 53' lang='grc' dir='ltr'>δὲ</span> <span class='ocrx_word' id='word_1_550' title='bbox 758 3372 847 3429; x_wconf 85' lang='lat' dir='ltr'><strong>xui</strong></span> <span class='ocrx_word' id='word_1_551' title='bbox 875 3376 1080 3443; x_wconf 75' lang='grc' dir='ltr'>ἀληθῶς</span> <span class='ocrx_word' id='word_1_552' title='bbox 1109 3371 1368 3453; x_wconf 87' lang='grc' dir='ltr'>ἐλεύθεροι</span> <span class='ocrx_word' id='word_1_553' title='bbox 1398 3373 1525 3452; x_wconf 89' lang='grc' dir='ltr'>παρ’</span> <span class='ocrx_word' id='word_1_554' title='bbox 1555 3377 1683 3448; x_wconf 82' lang='grc' dir='ltr'>ἐμοῦ</span> <span class='ocrx_word' id='word_1_555' title='bbox 1716 3373 1918 3433; x_wconf 84' lang='grc' dir='ltr'>ἔσεσθε.</span> 
     </span>
    </p>
   </div>
   <div class='ocr_carea' id='block_1_66' title="bbox 548 3460 2066 3542">
    <p class='ocr_par' dir='ltr' id='par_1_66' title="bbox 548 3460 2066 3542">
     <span class='ocr_line' id='line_1_67' title="bbox 548 3460 2066 3542; baseline 0.002 -25"><span class='ocrx_word' id='word_1_556' title='bbox 548 3487 571 3511; x_wconf 79' lang='grc' dir='ltr'>ι</span> <span class='ocrx_word' id='word_1_557' title='bbox 604 3460 745 3518; x_wconf 76' lang='grc' dir='ltr'>Οἶδα</span> <span class='ocrx_word' id='word_1_558' title='bbox 768 3461 847 3518; x_wconf 77' lang='grc' dir='ltr'>ὅτι</span> <span class='ocrx_word' id='word_1_559' title='bbox 871 3461 1086 3540; x_wconf 85' lang='grc' dir='ltr'>σπέρμα</span> <span class='ocrx_word' id='word_1_560' title='bbox 1118 3461 1365 3542; x_wconf 76' lang='grc' dir='ltr'>Ἀϐραάμ</span> <span class='ocrx_word' id='word_1_561' title='bbox 1399 3465 1548 3537; x_wconf 84' lang='grc' dir='ltr'>ἐστε,</span> <span class='ocrx_word' id='word_1_562' title='bbox 1581 3460 1722 3520; x_wconf 78' lang='grc' dir='ltr'>ἀλλὰ</span> <span class='ocrx_word' id='word_1_563' title='bbox 1750 3460 1955 3533; x_wconf 85' lang='grc' dir='ltr'>ζητεῖτέ</span> <span class='ocrx_word' id='word_1_564' title='bbox 2000 3486 2066 3538; x_wconf 87' lang='grc' dir='ltr'><strong>με</strong></span> 
     </span>
    </p>
   </div>
   <div class='ocr_carea' id='block_1_67' title="bbox 461 3549 2064 3630">
    <p class='ocr_par' dir='ltr' id='par_1_67' title="bbox 461 3549 2064 3630">
     <span class='ocr_line' id='line_1_68' title="bbox 461 3549 2064 3630; baseline 0.003 -25"><span class='ocrx_word' id='word_1_565' title='bbox 461 3550 801 3622; x_wconf 74' lang='grc' dir='ltr'>ἀποκτεῖναι,</span> <span class='ocrx_word' id='word_1_566' title='bbox 828 3551 906 3609; x_wconf 82' lang='grc' dir='ltr'>ὅτι</span> <span class='ocrx_word' id='word_1_567' title='bbox 930 3555 957 3608; x_wconf 86' lang='lat'><strong>6</strong></span> <span class='ocrx_word' id='word_1_568' title='bbox 984 3550 1138 3628; x_wconf 89' lang='grc' dir='ltr'>λόγος</span> <span class='ocrx_word' id='word_1_569' title='bbox 1157 3555 1184 3609; x_wconf 88' lang='lat'><strong>6</strong></span> <span class='ocrx_word' id='word_1_570' title='bbox 1219 3551 1342 3628; x_wconf 80' lang='grc' dir='ltr'>ἐμὸς</span> <span class='ocrx_word' id='word_1_571' title='bbox 1375 3553 1432 3610; x_wconf 84' lang='grc' dir='ltr'>οὐ</span> <span class='ocrx_word' id='word_1_572' title='bbox 1458 3559 1626 3630; x_wconf 89' lang='grc' dir='ltr'>χωρεῖ</span> <span class='ocrx_word' id='word_1_573' title='bbox 1652 3553 1704 3610; x_wconf 82' lang='grc' dir='ltr'><strong>ἐν</strong></span> <span class='ocrx_word' id='word_1_574' title='bbox 1731 3554 1879 3627; x_wconf 85' lang='grc' dir='ltr'>ὑμῖν.</span> <span class='ocrx_word' id='word_1_575' title='bbox 1915 3549 2064 3628; x_wconf 83' lang='grc' dir='ltr'>Ἐγὼ</span> 
     </span>
    </p>
   </div>
   <div class='ocr_carea' id='block_1_68' title="bbox 460 3629 2064 3720">
    <p class='ocr_par' dir='ltr' id='par_1_68' title="bbox 460 3629 2064 3720">
     <span class='ocr_line' id='line_1_69' title="bbox 460 3629 2064 3720; baseline 0.002 -26"><span class='ocrx_word' id='word_1_576' title='bbox 460 3636 494 3694; x_wconf 79' lang='grc' dir='ltr'>ὃ</span> <span class='ocrx_word' id='word_1_577' title='bbox 531 3638 743 3716; x_wconf 76' lang='grc' dir='ltr'>ἑώρακα</span> <span class='ocrx_word' id='word_1_578' title='bbox 770 3639 918 3720; x_wconf 81' lang='grc' dir='ltr'>παρὰ</span> <span class='ocrx_word' id='word_1_579' title='bbox 947 3645 1022 3718; x_wconf 81' lang='grc' dir='ltr'><strong>τῷ</strong></span> <span class='ocrx_word' id='word_1_580' title='bbox 1052 3641 1228 3718; x_wconf 88' lang='grc' dir='ltr'>Πατρί</span> <span class='ocrx_word' id='word_1_581' title='bbox 1253 3663 1355 3718; x_wconf 83' lang='grc' dir='ltr'><strong>μου</strong></span> <span class='ocrx_word' id='word_1_582' title='bbox 1373 3685 1389 3712; x_wconf 96' lang='grc'><strong>,</strong></span> <span class='ocrx_word' id='word_1_583' title='bbox 1418 3629 1584 3698; x_wconf 83' lang='grc' dir='ltr'>λαλῶ·</span> <span class='ocrx_word' id='word_1_584' title='bbox 1613 3640 1705 3698; x_wconf 84' lang='lat' dir='ltr'><strong>xui</strong></span> <span class='ocrx_word' id='word_1_585' title='bbox 1737 3645 1885 3716; x_wconf 85' lang='grc' dir='ltr'>ὑμεῖς</span> <span class='ocrx_word' id='word_1_586' title='bbox 1916 3629 2004 3696; x_wconf 65' lang='grc' dir='ltr'><strong>οὖν</strong></span> <span class='ocrx_word' id='word_1_587' title='bbox 2036 3641 2064 3698; x_wconf 88' lang='grc' dir='ltr'>ὃ</span> 
     </span>
    </p>
   </div>
   <div class='ocr_carea' id='block_1_69' title="bbox 463 3726 2065 3810">
    <p class='ocr_par' dir='ltr' id='par_1_69' title="bbox 463 3726 2065 3810">
     <span class='ocr_line' id='line_1_70' title="bbox 463 3726 2065 3810; baseline 0.001 -25"><span class='ocrx_word' id='word_1_588' title='bbox 463 3726 745 3807; x_wconf 77' lang='grc' dir='ltr'>ἑωράκατε</span> <span class='ocrx_word' id='word_1_589' title='bbox 793 3731 939 3808; x_wconf 83' lang='grc' dir='ltr'>παρὰ</span> <span class='ocrx_word' id='word_1_590' title='bbox 983 3733 1060 3808; x_wconf 79' lang='grc' dir='ltr'><strong>τῷ</strong></span> <span class='ocrx_word' id='word_1_591' title='bbox 1119 3729 1299 3810; x_wconf 73' lang='grc' dir='ltr'>Πατρὶ</span> <span class='ocrx_word' id='word_1_592' title='bbox 1344 3733 1493 3805; x_wconf 83' lang='grc' dir='ltr'>ὑμῶν</span> <span class='ocrx_word' id='word_1_593' title='bbox 1543 3733 1762 3789; x_wconf 87' lang='grc' dir='ltr'>ποιεῖτε.</span> <span class='ocrx_word' id='word_1_594' title='bbox 1796 3750 1824 3786; x_wconf 68' lang='grc' dir='ltr'>ιδ</span> <span class='ocrx_word' id='word_1_595' title='bbox 1879 3727 2065 3804; x_wconf 52' lang='grc' dir='ltr'>(Υμεῖς</span> 
     </span>
    </p>
   </div>
   <div class='ocr_carea' id='block_1_70' title="bbox 460 3815 2062 3899">
    <p class='ocr_par' dir='ltr' id='par_1_70' title="bbox 460 3815 2062 3899">
     <span class='ocr_line' id='line_1_71' title="bbox 460 3815 2062 3899; baseline 0.002 -27"><span class='ocrx_word' id='word_1_596' title='bbox 460 3816 591 3891; x_wconf 84' lang='grc' dir='ltr'>μὲν,</span> <span class='ocrx_word' id='word_1_597' title='bbox 623 3817 813 3893; x_wconf 71' lang='grc' dir='ltr'>φησὶν,</span> <span class='ocrx_word' id='word_1_598' title='bbox 862 3817 1079 3885; x_wconf 76' lang='grc' dir='ltr'>ἑαυτοὺς</span> <span class='ocrx_word' id='word_1_599' title='bbox 1113 3816 1330 3898; x_wconf 82' lang='grc' dir='ltr'>σπέρμα</span> <span class='ocrx_word' id='word_1_600' title='bbox 1364 3817 1609 3899; x_wconf 80' lang='grc' dir='ltr'>Ἀϐραὰμ</span> <span class='ocrx_word' id='word_1_601' title='bbox 1651 3826 1871 3877; x_wconf 85' lang='grc' dir='ltr'>ποιεῖτε·</span> <span class='ocrx_word' id='word_1_602' title='bbox 1907 3815 2062 3894; x_wconf 82' lang='grc' dir='ltr'><strong>κάγὼ</strong></span> 
     </span>
    </p>
   </div>
   <div class='ocr_carea' id='block_1_71' title="bbox 461 3904 2065 3986">
    <p class='ocr_par' dir='ltr' id='par_1_71' title="bbox 461 3904 2065 3986">
     <span class='ocr_line' id='line_1_72' title="bbox 461 3904 2065 3986; baseline 0.001 -24"><span class='ocrx_word' id='word_1_603' title='bbox 461 3904 520 3962; x_wconf 75' lang='grc' dir='ltr'>δὲ</span> <span class='ocrx_word' id='word_1_604' title='bbox 549 3911 704 3964; x_wconf 84' lang='grc' dir='ltr'>τοῦτο</span> <span class='ocrx_word' id='word_1_605' title='bbox 733 3905 1016 3985; x_wconf 66' lang='grc' dir='ltr'>σύμφημι,</span> <span class='ocrx_word' id='word_1_606' title='bbox 1049 3907 1130 3966; x_wconf 78' lang='grc' dir='ltr'><strong>ὅτι</strong></span> <span class='ocrx_word' id='word_1_607' title='bbox 1160 3909 1256 3980; x_wconf 83' lang='grc' dir='ltr'><strong>τὴν</strong></span> <span class='ocrx_word' id='word_1_608' title='bbox 1300 3908 1557 3985; x_wconf 76' lang='grc' dir='ltr'>σαρχιχὴν</span> <span class='ocrx_word' id='word_1_609' title='bbox 1591 3907 1900 3986; x_wconf 85' lang='grc' dir='ltr'>συγγένειαν</span> <span class='ocrx_word' id='word_1_610' title='bbox 1934 3907 2065 3986; x_wconf 85' lang='grc' dir='ltr'>πρὸς</span> 
     </span>
    </p>
   </div>
   <div class='ocr_carea' id='block_1_72' title="bbox 459 3994 2064 4074">
    <p class='ocr_par' dir='ltr' id='par_1_72' title="bbox 459 3994 2064 4074">
     <span class='ocr_line' id='line_1_73' title="bbox 459 3994 2064 4074; baseline 0.004 -26"><span class='ocrx_word' id='word_1_611' title='bbox 459 3994 551 4050; x_wconf 77' lang='grc' dir='ltr'><strong>τὸν</strong></span> <span class='ocrx_word' id='word_1_612' title='bbox 593 3995 740 4073; x_wconf 77' lang='grc' dir='ltr'>ἅγιον</span> <span class='ocrx_word' id='word_1_613' title='bbox 771 3999 967 4054; x_wconf 78' lang='grc' dir='ltr'>ἐκεῖνον</span> <span class='ocrx_word' id='word_1_614' title='bbox 1012 3996 1225 4065; x_wconf 81' lang='grc' dir='ltr'>σώζετε·</span> <span class='ocrx_word' id='word_1_615' title='bbox 1277 3997 1416 4067; x_wconf 78' lang='grc' dir='ltr'>πλὴν</span> <span class='ocrx_word' id='word_1_616' title='bbox 1449 4002 1482 4068; x_wconf 83' lang='grc' dir='ltr'>ἡ</span> <span class='ocrx_word' id='word_1_617' title='bbox 1515 3998 1655 4056; x_wconf 80' lang='grc' dir='ltr'>κατὰ</span> <span class='ocrx_word' id='word_1_618' title='bbox 1688 4001 1900 4072; x_wconf 84' lang='grc' dir='ltr'>πνεῦμα</span> <span class='ocrx_word' id='word_1_619' title='bbox 1935 4019 2064 4074; x_wconf 81' lang='grc' dir='ltr'>συγ-</span> 
     </span>
    </p>
   </div>
   <div class='ocr_carea' id='block_1_73' title="bbox 463 4083 2056 4165">
    <p class='ocr_par' dir='ltr' id='par_1_73' title="bbox 463 4083 2056 4165">
     <span class='ocr_line' id='line_1_74' title="bbox 463 4083 2056 4165; baseline -0.001 -23"><span class='ocrx_word' id='word_1_620' title='bbox 463 4083 648 4158; x_wconf 81' lang='grc' dir='ltr'>γένεια</span> <span class='ocrx_word' id='word_1_621' title='bbox 701 4083 924 4144; x_wconf 80' lang='grc' dir='ltr'>ἄπεστιν</span> <span class='ocrx_word' id='word_1_622' title='bbox 973 4089 1142 4160; x_wconf 78' lang='grc' dir='ltr'>ὑμῶν.</span> <span class='ocrx_word' id='word_1_623' title='bbox 1215 4085 1448 4152; x_wconf 81' lang='grc' dir='ltr'>Ἐκεῖνος</span> <span class='ocrx_word' id='word_1_624' title='bbox 1478 4087 1706 4162; x_wconf 89' lang='grc' dir='ltr'>δίκαιος,</span> <span class='ocrx_word' id='word_1_625' title='bbox 1743 4088 1834 4144; x_wconf 91' lang='lat' dir='ltr'><strong>xui</strong></span> <span class='ocrx_word' id='word_1_626' title='bbox 1872 4085 2056 4165; x_wconf 80' lang='grc' dir='ltr'>φιλοίν-</span> 
     </span>
    </p>
   </div>
   <div class='ocr_carea' id='block_1_74' title="bbox 459 4173 2059 4254">
    <p class='ocr_par' dir='ltr' id='par_1_74' title="bbox 459 4173 2059 4254">
     <span class='ocr_line' id='line_1_75' title="bbox 459 4173 2059 4254; baseline 0.003 -26"><span class='ocrx_word' id='word_1_627' title='bbox 459 4177 704 4250; x_wconf 81' lang='grc' dir='ltr'>θρωπος,</span> <span class='ocrx_word' id='word_1_628' title='bbox 753 4174 843 4232; x_wconf 86' lang='lat' dir='ltr'><strong>xui</strong></span> <span class='ocrx_word' id='word_1_629' title='bbox 890 4174 1166 4254; x_wconf 76' lang='grc' dir='ltr'>φιλόξενος·</span> <span class='ocrx_word' id='word_1_630' title='bbox 1202 4177 1351 4254; x_wconf 85' lang='grc' dir='ltr'>ὑμεῖς</span> <span class='ocrx_word' id='word_1_631' title='bbox 1395 4175 1480 4248; x_wconf 80' lang='grc' dir='ltr'>δὲ,</span> <span class='ocrx_word' id='word_1_632' title='bbox 1522 4173 1610 4233; x_wconf 78' lang='grc' dir='ltr'><strong>ἵνα</strong></span> <span class='ocrx_word' id='word_1_633' title='bbox 1641 4176 1727 4234; x_wconf 85' lang='grc' dir='ltr'><strong>τὸν</strong></span> <span class='ocrx_word' id='word_1_634' title='bbox 1761 4174 1855 4252; x_wconf 85' lang='grc' dir='ltr'>μὲν</span> <span class='ocrx_word' id='word_1_635' title='bbox 1902 4174 2059 4232; x_wconf 79' lang='grc' dir='ltr'>ἄλλον</span> 
     </span>
    </p>
   </div>
   <div class='ocr_carea' id='block_1_75' title="bbox 462 4261 2061 4344">
    <p class='ocr_par' dir='ltr' id='par_1_75' title="bbox 462 4261 2061 4344">
     <span class='ocr_line' id='line_1_76' title="bbox 462 4261 2061 4344; baseline 0.001 -26"><span class='ocrx_word' id='word_1_636' title='bbox 462 4261 578 4338; x_wconf 84' lang='grc' dir='ltr'>βίον</span> <span class='ocrx_word' id='word_1_637' title='bbox 617 4265 767 4336; x_wconf 80' lang='grc' dir='ltr'>ὑμῶν</span> <span class='ocrx_word' id='word_1_638' title='bbox 795 4265 1163 4343; x_wconf 80' lang='grc' dir='ltr'>παραδράμω,</span> <span class='ocrx_word' id='word_1_639' title='bbox 1202 4265 1330 4322; x_wconf 81' lang='grc' dir='ltr'>αὐτὸ</span> <span class='ocrx_word' id='word_1_640' title='bbox 1361 4265 1414 4322; x_wconf 81' lang='grc' dir='ltr'>δὲ</span> <span class='ocrx_word' id='word_1_641' title='bbox 1445 4265 1505 4323; x_wconf 77' lang='grc' dir='ltr'>τὸ</span> <span class='ocrx_word' id='word_1_642' title='bbox 1535 4262 1800 4344; x_wconf 74' lang='grc' dir='ltr'>προφανὲς</span> <span class='ocrx_word' id='word_1_643' title='bbox 1831 4262 2061 4329; x_wconf 81' lang='grc' dir='ltr'>ἐξετάσω</span> 
     </span>
    </p>
   </div>
   <div class='ocr_carea' id='block_1_76' title="bbox 458 4351 2058 4436">
    <p class='ocr_par' dir='ltr' id='par_1_76' title="bbox 458 4351 2058 4436">
     <span class='ocr_line' id='line_1_77' title="bbox 458 4351 2058 4436; baseline 0.001 -28"><span class='ocrx_word' id='word_1_644' title='bbox 458 4351 489 4408; x_wconf 86' lang='grc' dir='ltr'>ὃ</span> <span class='ocrx_word' id='word_1_645' title='bbox 536 4355 628 4407; x_wconf 79' lang='grc' dir='ltr'><strong>νῦν</strong></span> <span class='ocrx_word' id='word_1_646' title='bbox 671 4351 967 4431; x_wconf 73' lang='grc' dir='ltr'>πράττετε,</span> <span class='ocrx_word' id='word_1_647' title='bbox 1023 4354 1292 4436; x_wconf 70' lang='grc' dir='ltr'>μιαιφόνοι</span> <span class='ocrx_word' id='word_1_648' title='bbox 1346 4353 1440 4413; x_wconf 83' lang='lat' dir='ltr'><strong>xui.</strong></span> <span class='ocrx_word' id='word_1_649' title='bbox 1489 4355 1906 4433; x_wconf 63' lang='grc' dir='ltr'>ἀφιλάνθρωπον</span> <span class='ocrx_word' id='word_1_650' title='bbox 1958 4355 2058 4424; x_wconf 87' lang='grc' dir='ltr'>ζη-</span> 
     </span>
    </p>
   </div>
   <div class='ocr_carea' id='block_1_77' title="bbox 459 4439 2050 4524">
    <p class='ocr_par' dir='ltr' id='par_1_77' title="bbox 459 4439 2050 4524">
     <span class='ocr_line' id='line_1_78' title="bbox 459 4439 2050 4524; baseline 0.003 -28"><span class='ocrx_word' id='word_1_651' title='bbox 459 4447 603 4496; x_wconf 83' lang='grc' dir='ltr'>τεῖτε</span> <span class='ocrx_word' id='word_1_652' title='bbox 649 4439 750 4524; x_wconf 71' lang='grc' dir='ltr'>γάρ</span> <span class='ocrx_word' id='word_1_653' title='bbox 798 4465 866 4518; x_wconf 89' lang='grc' dir='ltr'><strong>με</strong></span> <span class='ocrx_word' id='word_1_654' title='bbox 918 4446 1264 4515; x_wconf 76' lang='grc' dir='ltr'>ἀποκτεῖναι,</span> <span class='ocrx_word' id='word_1_655' title='bbox 1323 4442 1415 4501; x_wconf 88' lang='lat' dir='ltr'><strong>xui</strong></span> <span class='ocrx_word' id='word_1_656' title='bbox 1468 4444 1684 4524; x_wconf 71' lang='grc' dir='ltr'>φωνεῖτέ</span> <span class='ocrx_word' id='word_1_657' title='bbox 1727 4446 1846 4500; x_wconf 84' lang='grc' dir='ltr'>κατ’</span> <span class='ocrx_word' id='word_1_658' title='bbox 1901 4444 2050 4519; x_wconf 85' lang='grc' dir='ltr'>ἐμοῦ.</span> 
     </span>
    </p>
   </div>
   <div class='ocr_carea' id='block_1_78' title="bbox 461 4519 2060 4608">
    <p class='ocr_par' dir='ltr' id='par_1_78' title="bbox 461 4519 2060 4608">
     <span class='ocr_line' id='line_1_79' title="bbox 461 4519 2060 4608; baseline -0.001 -21"><span class='ocrx_word' id='word_1_659' title='bbox 461 4531 591 4594; x_wconf 78' lang='grc' dir='ltr'><strong>Πῶς</strong></span> <span class='ocrx_word' id='word_1_660' title='bbox 625 4519 712 4586; x_wconf 65' lang='grc' dir='ltr'><strong>οὖν</strong></span> <span class='ocrx_word' id='word_1_661' title='bbox 744 4531 944 4588; x_wconf 86' lang='grc' dir='ltr'>ἐκείνου</span> <span class='ocrx_word' id='word_1_662' title='bbox 988 4532 1090 4588; x_wconf 79' lang='lat' dir='ltr'><strong>uioi</strong></span> <span class='ocrx_word' id='word_1_663' title='bbox 1139 4532 1299 4600; x_wconf 86' lang='grc' dir='ltr'>ὅντως</span> <span class='ocrx_word' id='word_1_664' title='bbox 1343 4532 1492 4604; x_wconf 83' lang='grc' dir='ltr'>ἐστὲ,</span> <span class='ocrx_word' id='word_1_665' title='bbox 1540 4531 1677 4590; x_wconf 75' lang='grc' dir='ltr'>οὕτω</span> <span class='ocrx_word' id='word_1_666' title='bbox 1727 4535 1832 4591; x_wconf 81' lang='grc' dir='ltr'><strong>τῶν</strong></span> <span class='ocrx_word' id='word_1_667' title='bbox 1862 4553 2060 4608; x_wconf 88' lang='grc' dir='ltr'>πατρι-</span> 
     </span>
    </p>
   </div>
   <div class='ocr_carea' id='block_1_79' title="bbox 455 4619 2068 4700">
    <p class='ocr_par' dir='ltr' id='par_1_79' title="bbox 455 4619 2068 4700">
     <span class='ocr_line' id='line_1_80' title="bbox 455 4619 2068 4700; baseline -0.001 -22"><span class='ocrx_word' id='word_1_668' title='bbox 455 4622 568 4675; x_wconf 75' lang='grc' dir='ltr'>κῶν</span> <span class='ocrx_word' id='word_1_669' title='bbox 604 4619 962 4700; x_wconf 74' lang='grc' dir='ltr'>χαρακτήρων</span> <span class='ocrx_word' id='word_1_670' title='bbox 996 4622 1444 4700; x_wconf 79' lang='grc' dir='ltr'>ἀπολειπόμενοι;</span> <span class='ocrx_word' id='word_1_671' title='bbox 1488 4621 1552 4681; x_wconf 80' lang='grc' dir='ltr'><strong>Εἰ</strong></span> <span class='ocrx_word' id='word_1_672' title='bbox 1592 4621 1765 4680; x_wconf 87' lang='grc' dir='ltr'>τοίνυν</span> <span class='ocrx_word' id='word_1_673' title='bbox 1795 4620 1890 4693; x_wconf 82' lang='grc' dir='ltr'><strong>τὴν</strong></span> <span class='ocrx_word' id='word_1_674' title='bbox 1937 4643 2068 4698; x_wconf 89' lang='grc' dir='ltr'>συγ-</span> 
     </span>
    </p>
   </div>
   <div class='ocr_carea' id='block_1_80' title="bbox 454 4707 2062 4790">
    <p class='ocr_par' dir='ltr' id='par_1_80' title="bbox 454 4707 2062 4790">
     <span class='ocr_line' id='line_1_81' title="bbox 454 4707 2062 4790; baseline 0.006 -26"><span class='ocrx_word' id='word_1_675' title='bbox 454 4707 664 4783; x_wconf 79' lang='grc' dir='ltr'>γένειαν</span> <span class='ocrx_word' id='word_1_676' title='bbox 709 4711 959 4790; x_wconf 61' lang='grc' dir='ltr'>αὖχείτε,</span> <span class='ocrx_word' id='word_1_677' title='bbox 1011 4711 1247 4790; x_wconf 72' lang='grc' dir='ltr'>ὀφείλετε</span> <span class='ocrx_word' id='word_1_678' title='bbox 1301 4711 1394 4769; x_wconf 84' lang='lat' dir='ltr'><strong>xui</strong></span> <span class='ocrx_word' id='word_1_679' title='bbox 1463 4710 1562 4783; x_wconf 79' lang='grc' dir='ltr'><strong>τὴν</strong></span> <span class='ocrx_word' id='word_1_680' title='bbox 1619 4709 1816 4788; x_wconf 83' lang='grc' dir='ltr'>ἀρετὴν</span> <span class='ocrx_word' id='word_1_681' title='bbox 1862 4710 2062 4774; x_wconf 84' lang='grc' dir='ltr'>ἐκείνου</span> 
     </span>
    </p>
   </div>
   <div class='ocr_carea' id='block_1_81' title="bbox 455 4789 2062 4882">
    <p class='ocr_par' dir='ltr' id='par_1_81' title="bbox 455 4789 2062 4882">
     <span class='ocr_line' id='line_1_82' title="bbox 455 4789 2062 4882; baseline 0.005 -30"><span class='ocrx_word' id='word_1_682' title='bbox 455 4801 758 4874; x_wconf 83' lang='grc' dir='ltr'>μιμεῖσθαι.</span> <span class='ocrx_word' id='word_1_683' title='bbox 801 4789 965 4872; x_wconf 72' lang='grc' dir='ltr'>Εἶτα,</span> <span class='ocrx_word' id='word_1_684' title='bbox 1009 4789 1096 4856; x_wconf 77' lang='grc' dir='ltr'><strong>ἵνα</strong></span> <span class='ocrx_word' id='word_1_685' title='bbox 1134 4800 1210 4877; x_wconf 81' lang='grc' dir='ltr'><strong>μὴ</strong></span> <span class='ocrx_word' id='word_1_686' title='bbox 1259 4800 1425 4882; x_wconf 66' lang='grc' dir='ltr'>ἔχωσι</span> <span class='ocrx_word' id='word_1_687' title='bbox 1474 4799 1675 4878; x_wconf 85' lang='grc' dir='ltr'>λέγειν,</span> <span class='ocrx_word' id='word_1_688' title='bbox 1717 4797 1796 4858; x_wconf 72' lang='grc' dir='ltr'>ὅτι</span> <span class='ocrx_word' id='word_1_689' title='bbox 1832 4803 2062 4871; x_wconf 84' lang='grc' dir='ltr'>Δικαίως</span> 
     </span>
    </p>
   </div>
   <div class='ocr_carea' id='block_1_82' title="bbox 450 4888 2060 4972">
    <p class='ocr_par' dir='ltr' id='par_1_82' title="bbox 450 4888 2060 4972">
     <span class='ocr_line' id='line_1_83' title="bbox 450 4888 2060 4972; baseline 0.001 -29"><span class='ocrx_word' id='word_1_690' title='bbox 450 4909 514 4943; x_wconf 90' lang='grc' dir='ltr'><strong>σε</strong></span> <span class='ocrx_word' id='word_1_691' title='bbox 544 4888 806 4965; x_wconf 80' lang='grc' dir='ltr'>ζητοῦμεν</span> <span class='ocrx_word' id='word_1_692' title='bbox 853 4891 1202 4966; x_wconf 81' lang='grc' dir='ltr'>ἀποκτεῖναι,</span> <span class='ocrx_word' id='word_1_693' title='bbox 1247 4891 1425 4961; x_wconf 81' lang='grc' dir='ltr'>τίθησι</span> <span class='ocrx_word' id='word_1_694' title='bbox 1471 4891 1564 4962; x_wconf 77' lang='grc' dir='ltr'><strong>τὴν</strong></span> <span class='ocrx_word' id='word_1_695' title='bbox 1615 4889 1812 4947; x_wconf 83' lang='grc' dir='ltr'>αἰτίαν·</span> <span class='ocrx_word' id='word_1_696' title='bbox 1843 4891 1927 4947; x_wconf 84' lang='grc' dir='ltr'><strong>Οὐ</strong></span> <span class='ocrx_word' id='word_1_697' title='bbox 1958 4892 2060 4972; x_wconf 86' lang='grc' dir='ltr'><strong>γὰρ</strong></span> 
     </span>
    </p>
   </div>
   <div class='ocr_carea' id='block_1_83' title="bbox 451 4975 2061 5057">
    <p class='ocr_par' dir='ltr' id='par_1_83' title="bbox 451 4975 2061 5057">
     <span class='ocr_line' id='line_1_84' title="bbox 451 4975 2061 5057; baseline 0.004 -25"><span class='ocrx_word' id='word_1_698' title='bbox 451 4976 525 5032; x_wconf 80' lang='grc' dir='ltr'>δι’</span> <span class='ocrx_word' id='word_1_699' title='bbox 557 4975 721 5049; x_wconf 79' lang='grc' dir='ltr'>ἄλλο,</span> <span class='ocrx_word' id='word_1_700' title='bbox 755 4977 913 5057; x_wconf 81' lang='grc' dir='ltr'>φησὶ,</span> <span class='ocrx_word' id='word_1_701' title='bbox 944 4982 1174 5036; x_wconf 80' lang='grc' dir='ltr'>λυσσᾶτε</span> <span class='ocrx_word' id='word_1_702' title='bbox 1213 4982 1332 5037; x_wconf 85' lang='grc' dir='ltr'>κατ’</span> <span class='ocrx_word' id='word_1_703' title='bbox 1367 4983 1533 5056; x_wconf 87' lang='grc' dir='ltr'>ἐμοῦ,</span> <span class='ocrx_word' id='word_1_704' title='bbox 1563 4981 1608 5036; x_wconf 88' lang='grc' dir='ltr'><strong>εἰ</strong></span> <span class='ocrx_word' id='word_1_705' title='bbox 1646 4977 1722 5054; x_wconf 81' lang='grc' dir='ltr'><strong>μὴ</strong></span> <span class='ocrx_word' id='word_1_706' title='bbox 1763 4979 1849 5038; x_wconf 78' lang='grc' dir='ltr'><strong>διὰ</strong></span> <span class='ocrx_word' id='word_1_707' title='bbox 1882 4979 1942 5038; x_wconf 82' lang='grc' dir='ltr'><strong>τὸ</strong></span> <span class='ocrx_word' id='word_1_708' title='bbox 1972 4982 2061 5039; x_wconf 88' lang='grc' dir='ltr'><strong>τὸν</strong></span> 
     </span>
    </p>
   </div>
   <div class='ocr_carea' id='block_1_84' title="bbox 448 5059 2061 5147">
    <p class='ocr_par' dir='ltr' id='par_1_84' title="bbox 448 5059 2061 5147">
     <span class='ocr_line' id='line_1_85' title="bbox 448 5059 2061 5147; baseline 0.002 -24"><span class='ocrx_word' id='word_1_709' title='bbox 448 5065 609 5142; x_wconf 79' lang='grc' dir='ltr'>λόγον</span> <span class='ocrx_word' id='word_1_710' title='bbox 646 5066 734 5124; x_wconf 84' lang='grc' dir='ltr'><strong>τὸν</strong></span> <span class='ocrx_word' id='word_1_711' title='bbox 777 5067 904 5143; x_wconf 82' lang='grc' dir='ltr'>ἐμὸν</span> <span class='ocrx_word' id='word_1_712' title='bbox 939 5067 1263 5147; x_wconf 74' lang='grc' dir='ltr'>ὑψηλότερον</span> <span class='ocrx_word' id='word_1_713' title='bbox 1295 5059 1430 5126; x_wconf 75' lang='grc' dir='ltr'>εἶναι</span> <span class='ocrx_word' id='word_1_714' title='bbox 1475 5072 1571 5138; x_wconf 80' lang='grc' dir='ltr'><strong>τῆς</strong></span> <span class='ocrx_word' id='word_1_715' title='bbox 1609 5071 1754 5144; x_wconf 83' lang='grc' dir='ltr'>ὑμῶν</span> <span class='ocrx_word' id='word_1_716' title='bbox 1788 5069 2022 5138; x_wconf 83' lang='grc' dir='ltr'>διανοίας</span> <span class='ocrx_word' id='word_1_717' title='bbox 2047 5118 2061 5144; x_wconf 94' lang='grc'><strong>,</strong></span> 
     </span>
    </p>
   </div>
   <div class='ocr_carea' id='block_1_85' title="bbox 445 5152 2061 5239">
    <p class='ocr_par' dir='ltr' id='par_1_85' title="bbox 445 5152 2061 5239">
     <span class='ocr_line' id='line_1_86' title="bbox 445 5152 2061 5239; baseline 0.002 -25"><span class='ocrx_word' id='word_1_718' title='bbox 445 5155 543 5214; x_wconf 80' lang='lat' dir='ltr'><strong>xui</strong></span> <span class='ocrx_word' id='word_1_719' title='bbox 579 5152 659 5231; x_wconf 82' lang='grc' dir='ltr'><strong>μὴ</strong></span> <span class='ocrx_word' id='word_1_720' title='bbox 705 5157 952 5235; x_wconf 79' lang='grc' dir='ltr'>χωρητὸν</span> <span class='ocrx_word' id='word_1_721' title='bbox 1002 5161 1143 5232; x_wconf 82' lang='grc' dir='ltr'>ὑμῖν.</span> <span class='ocrx_word' id='word_1_722' title='bbox 1198 5159 1388 5217; x_wconf 83' lang='grc' dir='ltr'>Καίτοι</span> <span class='ocrx_word' id='word_1_723' title='bbox 1451 5159 1510 5215; x_wconf 82' lang='grc' dir='ltr'>οὖ</span> <span class='ocrx_word' id='word_1_724' title='bbox 1556 5156 1642 5215; x_wconf 78' lang='grc' dir='ltr'><strong>διὰ</strong></span> <span class='ocrx_word' id='word_1_725' title='bbox 1694 5162 1849 5216; x_wconf 87' lang='grc' dir='ltr'>τοῦτο</span> <span class='ocrx_word' id='word_1_726' title='bbox 1895 5162 2061 5239; x_wconf 76' lang='grc' dir='ltr'>ἐχρῆν</span> 
     </span>
    </p>
   </div>
   <div class='ocr_carea' id='block_1_86' title="bbox 446 5245 2059 5325">
    <p class='ocr_par' dir='ltr' id='par_1_86' title="bbox 446 5245 2059 5325">
     <span class='ocr_line' id='line_1_87' title="bbox 446 5245 2059 5325; baseline 0.004 -23"><span class='ocrx_word' id='word_1_727' title='bbox 446 5249 690 5325; x_wconf 74' lang='grc' dir='ltr'>ἀναιρεῖν</span> <span class='ocrx_word' id='word_1_728' title='bbox 715 5287 734 5316; x_wconf 93' lang='grc'><strong>,</strong></span> <span class='ocrx_word' id='word_1_729' title='bbox 769 5245 908 5302; x_wconf 80' lang='grc' dir='ltr'>ἀλλὰ</span> <span class='ocrx_word' id='word_1_730' title='bbox 941 5248 1143 5322; x_wconf 82' lang='grc' dir='ltr'>μᾶλλον</span> <span class='ocrx_word' id='word_1_731' title='bbox 1182 5248 1393 5320; x_wconf 84' lang='grc' dir='ltr'>ἀξιοῦν,</span> <span class='ocrx_word' id='word_1_732' title='bbox 1424 5245 1564 5304; x_wconf 77' lang='grc' dir='ltr'>ὥστε</span> <span class='ocrx_word' id='word_1_733' title='bbox 1613 5246 1821 5315; x_wconf 80' lang='grc' dir='ltr'>διδάξαι</span> <span class='ocrx_word' id='word_1_734' title='bbox 1861 5248 1922 5306; x_wconf 82' lang='grc' dir='ltr'>τὸ</span> <span class='ocrx_word' id='word_1_735' title='bbox 1955 5254 2059 5308; x_wconf 82' lang='grc' dir='ltr'><strong>τῶν</strong></span> 
     </span>
    </p>
   </div>
   <div class='ocr_carea' id='block_1_87' title="bbox 441 5328 2060 5416">
    <p class='ocr_par' dir='ltr' id='par_1_87' title="bbox 441 5328 2060 5416">
     <span class='ocr_line' id='line_1_88' title="bbox 441 5328 2060 5416; baseline 0.005 -26"><span class='ocrx_word' id='word_1_736' title='bbox 441 5335 734 5412; x_wconf 79' lang='grc' dir='ltr'>δογμάτων</span> <span class='ocrx_word' id='word_1_737' title='bbox 781 5335 946 5414; x_wconf 73' lang='grc' dir='ltr'>ὕψος,</span> <span class='ocrx_word' id='word_1_738' title='bbox 999 5335 1091 5392; x_wconf 83' lang='grc' dir='ltr'><strong>καὶ</strong></span> <span class='ocrx_word' id='word_1_739' title='bbox 1136 5345 1330 5416; x_wconf 79' lang='grc' dir='ltr'>τιμᾷν,</span> <span class='ocrx_word' id='word_1_740' title='bbox 1370 5335 1459 5394; x_wconf 87' lang='lat' dir='ltr'><strong>xui</strong></span> <span class='ocrx_word' id='word_1_741' title='bbox 1508 5335 1833 5416; x_wconf 84' lang='grc' dir='ltr'>θεραπεύειν.</span> <span class='ocrx_word' id='word_1_742' title='bbox 1890 5328 2060 5412; x_wconf 66' lang='grc' dir='ltr'>Εἶτα,</span> 
     </span>
    </p>
   </div>
   <div class='ocr_carea' id='block_1_88' title="bbox 439 5421 2060 5505">
    <p class='ocr_par' dir='ltr' id='par_1_88' title="bbox 439 5421 2060 5505">
     <span class='ocr_line' id='line_1_89' title="bbox 439 5421 2060 5505; baseline 0.003 -23"><span class='ocrx_word' id='word_1_743' title='bbox 439 5424 530 5483; x_wconf 69' lang='grc' dir='ltr'>ἵνα</span> <span class='ocrx_word' id='word_1_744' title='bbox 557 5423 640 5500; x_wconf 77' lang='grc' dir='ltr'><strong>μὴ</strong></span> <span class='ocrx_word' id='word_1_745' title='bbox 686 5421 910 5482; x_wconf 86' lang='grc' dir='ltr'>εἴπωσιν</span> <span class='ocrx_word' id='word_1_746' title='bbox 960 5425 1144 5504; x_wconf 82' lang='grc' dir='ltr'>αὐτῷ,</span> <span class='ocrx_word' id='word_1_747' title='bbox 1189 5425 1270 5483; x_wconf 76' lang='grc' dir='ltr'><strong>ὅτι</strong></span> <span class='ocrx_word' id='word_1_748' title='bbox 1306 5425 1412 5486; x_wconf 82' lang='grc' dir='ltr'><strong>Καὶ</strong></span> <span class='ocrx_word' id='word_1_749' title='bbox 1457 5426 1670 5492; x_wconf 82' lang='grc' dir='ltr'>εἰκότως</span> <span class='ocrx_word' id='word_1_750' title='bbox 1715 5448 1774 5484; x_wconf 89' lang='grc' dir='ltr'><strong>σε</strong></span> <span class='ocrx_word' id='word_1_751' title='bbox 1802 5434 2060 5505; x_wconf 87' lang='grc' dir='ltr'>μισοῦμεν</span> 
     </span>
    </p>
   </div>
   <div class='ocr_carea' id='block_1_89' title="bbox 437 5514 2055 5596">
    <p class='ocr_par' dir='ltr' id='par_1_89' title="bbox 437 5514 2055 5596">
     <span class='ocr_line' id='line_1_90' title="bbox 437 5514 2055 5596; baseline 0 -22"><span class='ocrx_word' id='word_1_752' title='bbox 437 5516 531 5574; x_wconf 79' lang='grc' dir='ltr'><strong>διὰ</strong></span> <span class='ocrx_word' id='word_1_753' title='bbox 574 5514 667 5570; x_wconf 82' lang='grc' dir='ltr'><strong>τὸν</strong></span> <span class='ocrx_word' id='word_1_754' title='bbox 719 5514 875 5592; x_wconf 87' lang='grc' dir='ltr'>λόγον</span> <span class='ocrx_word' id='word_1_755' title='bbox 917 5536 1033 5572; x_wconf 84' lang='grc' dir='ltr'>σου·</span> <span class='ocrx_word' id='word_1_756' title='bbox 1080 5516 1139 5572; x_wconf 81' lang='grc' dir='ltr'>οὗ</span> <span class='ocrx_word' id='word_1_757' title='bbox 1185 5514 1290 5596; x_wconf 83' lang='grc' dir='ltr'><strong>γὰρ</strong></span> <span class='ocrx_word' id='word_1_758' title='bbox 1327 5515 1501 5595; x_wconf 85' lang='grc' dir='ltr'>λέγεις</span> <span class='ocrx_word' id='word_1_759' title='bbox 1551 5516 1685 5593; x_wconf 84' lang='grc' dir='ltr'>ἡμῖν</span> <span class='ocrx_word' id='word_1_760' title='bbox 1727 5517 1832 5572; x_wconf 83' lang='grc' dir='ltr'>ἀπὸ</span> <span class='ocrx_word' id='word_1_761' title='bbox 1873 5518 2055 5589; x_wconf 85' lang='grc' dir='ltr'>Θεοῦ,</span> 
     </span>
    </p>
   </div>
   <div class='ocr_carea' id='block_1_90' title="bbox 430 5603 2059 5687">
    <p class='ocr_par' dir='ltr' id='par_1_90' title="bbox 430 5603 2059 5687">
     <span class='ocr_line' id='line_1_91' title="bbox 430 5603 2059 5687; baseline -0.001 -23"><span class='ocrx_word' id='word_1_762' title='bbox 430 5607 557 5664; x_wconf 77' lang='grc' dir='ltr'>ἀλλ’</span> <span class='ocrx_word' id='word_1_763' title='bbox 595 5603 712 5662; x_wconf 69' lang='grc' dir='ltr'>ἀπὸ</span> <span class='ocrx_word' id='word_1_764' title='bbox 745 5609 947 5662; x_wconf 84' lang='grc' dir='ltr'>σαυτοῦ</span> <span class='ocrx_word' id='word_1_765' title='bbox 968 5648 985 5676; x_wconf 95' lang='grc'><strong>,</strong></span> <span class='ocrx_word' id='word_1_766' title='bbox 1018 5603 1110 5661; x_wconf 87' lang='lat' dir='ltr'><strong>xui</strong></span> <span class='ocrx_word' id='word_1_767' title='bbox 1136 5603 1224 5662; x_wconf 82' lang='grc' dir='ltr'><strong>διὰ</strong></span> <span class='ocrx_word' id='word_1_768' title='bbox 1254 5608 1409 5662; x_wconf 87' lang='grc' dir='ltr'>τοῦτο</span> <span class='ocrx_word' id='word_1_769' title='bbox 1435 5604 1555 5663; x_wconf 82' lang='grc' dir='ltr'>οὔτε</span> <span class='ocrx_word' id='word_1_770' title='bbox 1583 5605 1851 5682; x_wconf 83' lang='grc' dir='ltr'>δυνάμεθα</span> <span class='ocrx_word' id='word_1_771' title='bbox 1881 5611 2059 5687; x_wconf 77' lang='grc' dir='ltr'>χωρῆ-</span> 
     </span>
    </p>
   </div>
   <div class='ocr_carea' id='block_1_91' title="bbox 506 5762 2140 5836">
    <p class='ocr_par' dir='ltr' id='par_1_91' title="bbox 506 5762 2140 5836">
     <span class='ocr_line' id='line_1_92' title="bbox 506 5762 2140 5836; baseline 0.001 -14"><span class='ocrx_word' id='word_1_772' title='bbox 506 5768 550 5801; x_wconf 78' lang='grc'><strong>¹³</strong></span> <span class='ocrx_word' id='word_1_773' title='bbox 593 5768 778 5822; x_wconf 82' lang='lat' dir='ltr'><strong>Rom.</strong></span> <span class='ocrx_word' id='word_1_774' title='bbox 806 5779 900 5828; x_wconf 86' lang='lat' dir='ltr'><strong>III,</strong></span> <span class='ocrx_word' id='word_1_775' title='bbox 930 5769 1022 5819; x_wconf 82' lang='lat'><strong>23.</strong></span> <span class='ocrx_word' id='word_1_776' title='bbox 1044 5762 1085 5798; x_wconf 72' lang='lat'><strong>“</strong></span> <span class='ocrx_word' id='word_1_777' title='bbox 1108 5762 1277 5821; x_wconf 84' lang='lat' dir='ltr'><strong>IIebr.</strong></span> <span class='ocrx_word' id='word_1_778' title='bbox 1307 5780 1417 5834; x_wconf 84' lang='lat' dir='ltr'><strong>vn,</strong></span> <span class='ocrx_word' id='word_1_779' title='bbox 1446 5771 1532 5834; x_wconf 87' lang='lat'><strong>18,</strong></span> <span class='ocrx_word' id='word_1_780' title='bbox 1559 5767 1896 5822; x_wconf 58' lang='lat' dir='ltr'><strong>28.15Joan.</strong></span> <span class='ocrx_word' id='word_1_781' title='bbox 1929 5783 2054 5836; x_wconf 73' lang='lat' dir='ltr'><strong>xxv,</strong></span> <span class='ocrx_word' id='word_1_782' title='bbox 2088 5774 2140 5823; x_wconf 86' lang='lat'><strong>2.</strong></span> 
     </span>
    </p>
   </div>
   <div class='ocr_carea' id='block_1_92' title="bbox 2177 3389 2744 3446">
    <p class='ocr_par' dir='ltr' id='par_1_92' title="bbox 2177 3389 2744 3446">
     <span class='ocr_line' id='line_1_93' title="bbox 2177 3389 2744 3446; baseline 0 -2"><span class='ocrx_word' id='word_1_783' title='bbox 2177 3389 2334 3444; x_wconf 88' lang='lat' dir='ltr'><strong>liberi</strong></span> <span class='ocrx_word' id='word_1_784' title='bbox 2365 3405 2396 3444; x_wconf 93' lang='lat' dir='ltr'><strong>a</strong></span> <span class='ocrx_word' id='word_1_785' title='bbox 2436 3406 2530 3446; x_wconf 91' lang='lat' dir='ltr'><strong>me</strong></span> <span class='ocrx_word' id='word_1_786' title='bbox 2562 3389 2744 3446; x_wconf 89' lang='lat' dir='ltr'><strong>eritis.</strong></span> 
     </span>
    </p>
   </div>
   <div class='ocr_carea' id='block_1_93' title="bbox 2247 3474 3780 3550">
    <p class='ocr_par' dir='ltr' id='par_1_93' title="bbox 2247 3474 3780 3550">
     <span class='ocr_line' id='line_1_94' title="bbox 2247 3474 3780 3550; baseline -0.003 -16"><span class='ocrx_word' id='word_1_787' title='bbox 2247 3481 2427 3536; x_wconf 72' lang='lat' dir='ltr'><strong>Vsus.</strong></span> <span class='ocrx_word' id='word_1_788' title='bbox 2459 3485 2548 3548; x_wconf 86' lang='lat'><strong>37,</strong></span> <span class='ocrx_word' id='word_1_789' title='bbox 2600 3485 2688 3535; x_wconf 89' lang='lat'><strong>38.</strong></span> <span class='ocrx_word' id='word_1_790' title='bbox 2726 3500 2753 3528; x_wconf 77' lang='grc' dir='ltr'><strong>ιι</strong></span> <span class='ocrx_word' id='word_1_791' title='bbox 2784 3478 2908 3535; x_wconf 94' lang='lat' dir='ltr'><strong>Scio</strong></span> <span class='ocrx_word' id='word_1_792' title='bbox 2954 3476 3106 3550; x_wconf 92' lang='lat' dir='ltr'><strong>quod</strong></span> <span class='ocrx_word' id='word_1_793' title='bbox 3136 3492 3329 3532; x_wconf 91' lang='lat' dir='ltr'><strong>semen</strong></span> <span class='ocrx_word' id='word_1_794' title='bbox 3357 3474 3597 3532; x_wconf 72' lang='lat' dir='ltr'><strong>Abrahae</strong></span> <span class='ocrx_word' id='word_1_795' title='bbox 3644 3475 3780 3542; x_wconf 89' lang='lat' dir='ltr'><strong>sitis,</strong></span> 
     </span>
    </p>
   </div>
   <div class='ocr_carea' id='block_1_94' title="bbox 2176 3567 3785 3640">
    <p class='ocr_par' dir='ltr' id='par_1_94' title="bbox 2176 3567 3785 3640">
     <span class='ocr_line' id='line_1_95' title="bbox 2176 3567 3785 3640; baseline -0.001 -17"><span class='ocrx_word' id='word_1_796' title='bbox 2176 3568 2272 3624; x_wconf 92' lang='lat' dir='ltr'><strong>sed</strong></span> <span class='ocrx_word' id='word_1_797' title='bbox 2315 3569 2562 3640; x_wconf 67' lang='lat' dir='ltr'><strong>quaeritis</strong></span> <span class='ocrx_word' id='word_1_798' title='bbox 2635 3583 2727 3624; x_wconf 91' lang='lat' dir='ltr'><strong>me</strong></span> <span class='ocrx_word' id='word_1_799' title='bbox 2785 3567 3113 3635; x_wconf 87' lang='lat' dir='ltr'><strong>interﬁcere,</strong></span> <span class='ocrx_word' id='word_1_800' title='bbox 3181 3567 3308 3637; x_wconf 89' lang='lat' dir='ltr'><strong>quia</strong></span> <span class='ocrx_word' id='word_1_801' title='bbox 3377 3581 3562 3621; x_wconf 91' lang='lat' dir='ltr'><strong>sermo</strong></span> <span class='ocrx_word' id='word_1_802' title='bbox 3626 3581 3785 3621; x_wconf 86' lang='lat' dir='ltr'><strong>meus</strong></span> 
     </span>
    </p>
   </div>
   <div class='ocr_carea' id='block_1_95' title="bbox 2176 3654 3784 3728">
    <p class='ocr_par' dir='ltr' id='par_1_95' title="bbox 2176 3654 3784 3728">
     <span class='ocr_line' id='line_1_96' title="bbox 2176 3654 3784 3728; baseline -0.001 -17"><span class='ocrx_word' id='word_1_803' title='bbox 2176 3673 2290 3712; x_wconf 92' lang='lat' dir='ltr'><strong>non</strong></span> <span class='ocrx_word' id='word_1_804' title='bbox 2321 3658 2489 3714; x_wconf 90' lang='lat' dir='ltr'><strong>habet</strong></span> <span class='ocrx_word' id='word_1_805' title='bbox 2512 3659 2699 3714; x_wconf 91' lang='lat' dir='ltr'><strong>locum</strong></span> <span class='ocrx_word' id='word_1_806' title='bbox 2725 3658 2777 3712; x_wconf 92' lang='lat' dir='ltr'><strong>in</strong></span> <span class='ocrx_word' id='word_1_807' title='bbox 2808 3657 2986 3712; x_wconf 92' lang='lat' dir='ltr'><strong>vobis.</strong></span> <span class='ocrx_word' id='word_1_808' title='bbox 3033 3659 3150 3728; x_wconf 87' lang='lat' dir='ltr'><strong>Ego</strong></span> <span class='ocrx_word' id='word_1_809' title='bbox 3180 3655 3330 3727; x_wconf 92' lang='lat' dir='ltr'><strong>quod</strong></span> <span class='ocrx_word' id='word_1_810' title='bbox 3370 3654 3482 3709; x_wconf 90' lang='lat' dir='ltr'><strong>vidi</strong></span> <span class='ocrx_word' id='word_1_811' title='bbox 3509 3654 3657 3726; x_wconf 91' lang='lat' dir='ltr'><strong>apud</strong></span> <span class='ocrx_word' id='word_1_812' title='bbox 3685 3657 3784 3710; x_wconf 89' lang='lat' dir='ltr'><strong>Pa-</strong></span> 
     </span>
    </p>
   </div>
   <div class='ocr_carea' id='block_1_96' title="bbox 2173 3743 3782 3817">
    <p class='ocr_par' dir='ltr' id='par_1_96' title="bbox 2173 3743 3782 3817">
     <span class='ocr_line' id='line_1_97' title="bbox 2173 3743 3782 3817; baseline -0.002 -17"><span class='ocrx_word' id='word_1_813' title='bbox 2173 3755 2319 3801; x_wconf 88' lang='lat' dir='ltr'><strong>trem</strong></span> <span class='ocrx_word' id='word_1_814' title='bbox 2355 3761 2566 3814; x_wconf 90' lang='lat' dir='ltr'><strong>meum,</strong></span> <span class='ocrx_word' id='word_1_815' title='bbox 2621 3748 2848 3817; x_wconf 82' lang='lat' dir='ltr'><strong>loquor;</strong></span> <span class='ocrx_word' id='word_1_816' title='bbox 2878 3755 2933 3800; x_wconf 93' lang='lat' dir='ltr'><strong>et</strong></span> <span class='ocrx_word' id='word_1_817' title='bbox 2963 3761 3060 3800; x_wconf 90' lang='lat' dir='ltr'><strong>vos</strong></span> <span class='ocrx_word' id='word_1_818' title='bbox 3087 3744 3238 3815; x_wconf 91' lang='lat' dir='ltr'><strong>quod</strong></span> <span class='ocrx_word' id='word_1_819' title='bbox 3268 3744 3480 3799; x_wconf 86' lang='lat' dir='ltr'><strong>vidistis</strong></span> <span class='ocrx_word' id='word_1_820' title='bbox 3521 3743 3665 3814; x_wconf 89' lang='lat' dir='ltr'><strong>apud</strong></span> <span class='ocrx_word' id='word_1_821' title='bbox 3690 3760 3782 3815; x_wconf 90' lang='lat' dir='ltr'><strong>pa-</strong></span> 
     </span>
    </p>
   </div>
   <div class='ocr_carea' id='block_1_97' title="bbox 2172 3832 3783 3904">
    <p class='ocr_par' dir='ltr' id='par_1_97' title="bbox 2172 3832 3783 3904">
     <span class='ocr_line' id='line_1_98' title="bbox 2172 3832 3783 3904; baseline -0.001 -15"><span class='ocrx_word' id='word_1_822' title='bbox 2172 3843 2318 3890; x_wconf 90' lang='lat' dir='ltr'><strong>trem</strong></span> <span class='ocrx_word' id='word_1_823' title='bbox 2335 3844 2598 3898; x_wconf 88' lang='lat' dir='ltr'><strong>vestrum,</strong></span> <span class='ocrx_word' id='word_1_824' title='bbox 2623 3833 2823 3890; x_wconf 88' lang='lat' dir='ltr'><strong>facitis.</strong></span> <span class='ocrx_word' id='word_1_825' title='bbox 2854 3856 2879 3880; x_wconf 69' lang='grc'>»</span> <span class='ocrx_word' id='word_1_826' title='bbox 2901 3836 3013 3889; x_wconf 90' lang='lat' dir='ltr'><strong>Vos</strong></span> <span class='ocrx_word' id='word_1_827' title='bbox 3031 3833 3276 3904; x_wconf 91' lang='lat' dir='ltr'><strong>quidem,</strong></span> <span class='ocrx_word' id='word_1_828' title='bbox 3300 3832 3496 3901; x_wconf 88' lang='lat' dir='ltr'><strong>inquit,</strong></span> <span class='ocrx_word' id='word_1_829' title='bbox 3517 3847 3614 3886; x_wconf 91' lang='lat' dir='ltr'><strong>vos</strong></span> <span class='ocrx_word' id='word_1_830' title='bbox 3635 3833 3783 3901; x_wconf 90' lang='lat' dir='ltr'><strong>ipsos</strong></span> 
     </span>
    </p>
   </div>
   <div class='ocr_carea' id='block_1_98' title="bbox 2171 3919 3784 3993">
    <p class='ocr_par' dir='ltr' id='par_1_98' title="bbox 2171 3919 3784 3993">
     <span class='ocr_line' id='line_1_99' title="bbox 2171 3919 3784 3993; baseline -0.002 -14"><span class='ocrx_word' id='word_1_831' title='bbox 2171 3923 2348 3979; x_wconf 84' lang='lat' dir='ltr'><strong>facitis</strong></span> <span class='ocrx_word' id='word_1_832' title='bbox 2362 3939 2552 3979; x_wconf 91' lang='lat' dir='ltr'><strong>semen</strong></span> <span class='ocrx_word' id='word_1_833' title='bbox 2569 3923 2803 3978; x_wconf 64' lang='lat' dir='ltr'><strong>Abrahaa</strong></span> <span class='ocrx_word' id='word_1_834' title='bbox 2823 3942 2834 3977; x_wconf 94' lang='lat'>:</span> <span class='ocrx_word' id='word_1_835' title='bbox 2851 3930 2906 3977; x_wconf 89' lang='lat' dir='ltr'><strong>et</strong></span> <span class='ocrx_word' id='word_1_836' title='bbox 2922 3937 3024 3993; x_wconf 86' lang='lat' dir='ltr'><strong>ego</strong></span> <span class='ocrx_word' id='word_1_837' title='bbox 3041 3922 3198 3976; x_wconf 91' lang='lat' dir='ltr'><strong>vobis</strong></span> <span class='ocrx_word' id='word_1_838' title='bbox 3214 3919 3484 3976; x_wconf 87' lang='lat' dir='ltr'><strong>assentior</strong></span> <span class='ocrx_word' id='word_1_839' title='bbox 3497 3919 3646 3991; x_wconf 89' lang='lat' dir='ltr'><strong>quod</strong></span> <span class='ocrx_word' id='word_1_840' title='bbox 3667 3936 3784 3976; x_wconf 88' lang='lat' dir='ltr'><strong>car-</strong></span> 
     </span>
    </p>
   </div>
   <div class='ocr_carea' id='block_1_99' title="bbox 2171 4009 3776 4084">
    <p class='ocr_par' dir='ltr' id='par_1_99' title="bbox 2171 4009 3776 4084">
     <span class='ocr_line' id='line_1_100' title="bbox 2171 4009 3776 4084; baseline -0.002 -17"><span class='ocrx_word' id='word_1_841' title='bbox 2171 4013 2353 4069; x_wconf 91' lang='lat' dir='ltr'><strong>nalem</strong></span> <span class='ocrx_word' id='word_1_842' title='bbox 2384 4012 2748 4078; x_wconf 89' lang='lat' dir='ltr'><strong>nobilitatem,</strong></span> <span class='ocrx_word' id='word_1_843' title='bbox 2779 4026 2904 4084; x_wconf 61' lang='lat' dir='ltr'><strong>quae</strong></span> <span class='ocrx_word' id='word_1_844' title='bbox 2931 4021 3014 4066; x_wconf 91' lang='lat' dir='ltr'><strong>est</strong></span> <span class='ocrx_word' id='word_1_845' title='bbox 3042 4027 3106 4065; x_wconf 80' lang='lat' dir='ltr'><strong>ex</strong></span> <span class='ocrx_word' id='word_1_846' title='bbox 3133 4010 3227 4064; x_wconf 91' lang='lat' dir='ltr'><strong>illo</strong></span> <span class='ocrx_word' id='word_1_847' title='bbox 3253 4016 3477 4076; x_wconf 83' lang='lat' dir='ltr'><strong>sancto,</strong></span> <span class='ocrx_word' id='word_1_848' title='bbox 3522 4009 3776 4078; x_wconf 80' lang='lat' dir='ltr'><strong>servetis;</strong></span> 
     </span>
    </p>
   </div>
   <div class='ocr_carea' id='block_1_100' title="bbox 2171 4098 3782 4173">
    <p class='ocr_par' dir='ltr' id='par_1_100' title="bbox 2171 4098 3782 4173">
     <span class='ocr_line' id='line_1_101' title="bbox 2171 4098 3782 4173; baseline -0.002 -15"><span class='ocrx_word' id='word_1_849' title='bbox 2171 4111 2552 4158; x_wconf 90' lang='lat' dir='ltr'><strong>verumtamen</strong></span> <span class='ocrx_word' id='word_1_850' title='bbox 2579 4101 2874 4172; x_wconf 86' lang='lat' dir='ltr'><strong>spiritualis</strong></span> <span class='ocrx_word' id='word_1_851' title='bbox 2918 4100 3176 4173; x_wconf 90' lang='lat' dir='ltr'><strong>cognatio</strong></span> <span class='ocrx_word' id='word_1_852' title='bbox 3207 4115 3238 4154; x_wconf 90' lang='lat' dir='ltr'><strong>a</strong></span> <span class='ocrx_word' id='word_1_853' title='bbox 3266 4098 3422 4154; x_wconf 88' lang='lat' dir='ltr'><strong>vobis</strong></span> <span class='ocrx_word' id='word_1_854' title='bbox 3442 4098 3616 4154; x_wconf 89' lang='lat' dir='ltr'><strong>abest.</strong></span> <span class='ocrx_word' id='word_1_855' title='bbox 3691 4100 3782 4156; x_wconf 93' lang='lat' dir='ltr'><strong>Ille</strong></span> 
     </span>
    </p>
   </div>
   <div class='ocr_carea' id='block_1_101' title="bbox 2163 4189 3783 4263">
    <p class='ocr_par' dir='ltr' id='par_1_101' title="bbox 2163 4189 3783 4263">
     <span class='ocr_line' id='line_1_102' title="bbox 2163 4189 3783 4263; baseline -0.001 -16"><span class='ocrx_word' id='word_1_856' title='bbox 2163 4193 2349 4263; x_wconf 90' lang='lat' dir='ltr'><strong>justus</strong></span> <span class='ocrx_word' id='word_1_857' title='bbox 2396 4200 2450 4247; x_wconf 91' lang='lat' dir='ltr'><strong>et</strong></span> <span class='ocrx_word' id='word_1_858' title='bbox 2488 4191 2820 4259; x_wconf 89' lang='lat' dir='ltr'><strong>misericors,</strong></span> <span class='ocrx_word' id='word_1_859' title='bbox 2854 4199 2911 4246; x_wconf 93' lang='lat' dir='ltr'><strong>et</strong></span> <span class='ocrx_word' id='word_1_860' title='bbox 2953 4189 3240 4261; x_wconf 88' lang='lat' dir='ltr'><strong>hospitalis</strong></span> <span class='ocrx_word' id='word_1_861' title='bbox 3273 4206 3285 4241; x_wconf 91' lang='lat'><strong>:</strong></span> <span class='ocrx_word' id='word_1_862' title='bbox 3327 4204 3423 4244; x_wconf 88' lang='lat' dir='ltr'><strong>vos</strong></span> <span class='ocrx_word' id='word_1_863' title='bbox 3460 4197 3646 4245; x_wconf 88' lang='lat' dir='ltr'><strong>autem</strong></span> <span class='ocrx_word' id='word_1_864' title='bbox 3699 4195 3783 4256; x_wconf 91' lang='lat' dir='ltr'><strong>(ut</strong></span> 
     </span>
    </p>
   </div>
   <div class='ocr_carea' id='block_1_102' title="bbox 2172 4278 3780 4351">
    <p class='ocr_par' dir='ltr' id='par_1_102' title="bbox 2172 4278 3780 4351">
     <span class='ocr_line' id='line_1_103' title="bbox 2172 4278 3780 4351; baseline -0.001 -15"><span class='ocrx_word' id='word_1_865' title='bbox 2172 4281 2337 4336; x_wconf 90' lang='lat' dir='ltr'><strong>aliam</strong></span> <span class='ocrx_word' id='word_1_866' title='bbox 2392 4289 2631 4336; x_wconf 89' lang='lat' dir='ltr'><strong>vestram</strong></span> <span class='ocrx_word' id='word_1_867' title='bbox 2662 4280 2828 4336; x_wconf 90' lang='lat' dir='ltr'><strong>vitam</strong></span> <span class='ocrx_word' id='word_1_868' title='bbox 2877 4288 3222 4351; x_wconf 76' lang='lat' dir='ltr'><strong>praeteream,</strong></span> <span class='ocrx_word' id='word_1_869' title='bbox 3253 4279 3356 4334; x_wconf 92' lang='lat' dir='ltr'><strong>hoc</strong></span> <span class='ocrx_word' id='word_1_870' title='bbox 3384 4278 3564 4349; x_wconf 90' lang='lat' dir='ltr'><strong>ipsum</strong></span> <span class='ocrx_word' id='word_1_871' title='bbox 3592 4288 3780 4335; x_wconf 89' lang='lat' dir='ltr'><strong>autem</strong></span> 
     </span>
    </p>
   </div>
   <div class='ocr_carea' id='block_1_103' title="bbox 2170 4365 3782 4443">
    <p class='ocr_par' dir='ltr' id='par_1_103' title="bbox 2170 4365 3782 4443">
     <span class='ocr_line' id='line_1_104' title="bbox 2170 4365 3782 4443; baseline -0.001 -18"><span class='ocrx_word' id='word_1_872' title='bbox 2170 4371 2317 4443; x_wconf 91' lang='lat' dir='ltr'><strong>quod</strong></span> <span class='ocrx_word' id='word_1_873' title='bbox 2343 4368 2699 4426; x_wconf 85' lang='lat' dir='ltr'><strong>manifestum</strong></span> <span class='ocrx_word' id='word_1_874' title='bbox 2725 4383 2830 4437; x_wconf 88' lang='lat' dir='ltr'><strong>est,</strong></span> <span class='ocrx_word' id='word_1_875' title='bbox 2860 4377 2916 4424; x_wconf 87' lang='lat' dir='ltr'><strong>et</strong></span> <span class='ocrx_word' id='word_1_876' title='bbox 2951 4367 3099 4439; x_wconf 92' lang='lat' dir='ltr'><strong>quod</strong></span> <span class='ocrx_word' id='word_1_877' title='bbox 3127 4384 3279 4423; x_wconf 91' lang='lat' dir='ltr'><strong>nunc</strong></span> <span class='ocrx_word' id='word_1_878' title='bbox 3311 4365 3483 4438; x_wconf 70' lang='grc'><strong>624</strong></span> <span class='ocrx_word' id='word_1_879' title='bbox 3513 4369 3782 4439; x_wconf 90' lang='lat' dir='ltr'><strong>operami-</strong></span> 
     </span>
    </p>
   </div>
   <div class='ocr_carea' id='block_1_104' title="bbox 2172 4455 3775 4525">
    <p class='ocr_par' dir='ltr' id='par_1_104' title="bbox 2172 4455 3775 4525">
     <span class='ocr_line' id='line_1_105' title="bbox 2172 4455 3775 4525; baseline -0.001 -13"><span class='ocrx_word' id='word_1_880' title='bbox 2172 4459 2250 4525; x_wconf 89' lang='lat' dir='ltr'><strong>ni,</strong></span> <span class='ocrx_word' id='word_1_881' title='bbox 2278 4459 2606 4523; x_wconf 87' lang='lat' dir='ltr'><strong>examinem)</strong></span> <span class='ocrx_word' id='word_1_882' title='bbox 2653 4455 2942 4513; x_wconf 72' lang='lat' dir='ltr'><strong>homicidte</strong></span> <span class='ocrx_word' id='word_1_883' title='bbox 2983 4457 3135 4522; x_wconf 91' lang='lat' dir='ltr'><strong>estis,</strong></span> <span class='ocrx_word' id='word_1_884' title='bbox 3183 4463 3238 4510; x_wconf 90' lang='lat' dir='ltr'><strong>et</strong></span> <span class='ocrx_word' id='word_1_885' title='bbox 3282 4455 3775 4520; x_wconf 83' lang='lat' dir='ltr'><strong>immisericordes;</strong></span> 
     </span>
    </p>
   </div>
   <div class='ocr_carea' id='block_1_105' title="bbox 2173 4544 3780 4619">
    <p class='ocr_par' dir='ltr' id='par_1_105' title="bbox 2173 4544 3780 4619">
     <span class='ocr_line' id='line_1_106' title="bbox 2173 4544 3780 4619; baseline -0.001 -17"><span class='ocrx_word' id='word_1_886' title='bbox 2173 4548 2415 4619; x_wconf 69' lang='lat' dir='ltr'><strong>quazritis</strong></span> <span class='ocrx_word' id='word_1_887' title='bbox 2457 4547 2604 4602; x_wconf 90' lang='lat' dir='ltr'><strong>enim</strong></span> <span class='ocrx_word' id='word_1_888' title='bbox 2634 4563 2722 4602; x_wconf 90' lang='lat' dir='ltr'><strong>me</strong></span> <span class='ocrx_word' id='word_1_889' title='bbox 2747 4546 3020 4613; x_wconf 89' lang='lat' dir='ltr'><strong>occidere,</strong></span> <span class='ocrx_word' id='word_1_890' title='bbox 3051 4554 3108 4600; x_wconf 92' lang='lat' dir='ltr'><strong>et</strong></span> <span class='ocrx_word' id='word_1_891' title='bbox 3138 4544 3331 4600; x_wconf 83' lang='lat' dir='ltr'><strong>mortis</strong></span> <span class='ocrx_word' id='word_1_892' title='bbox 3359 4561 3518 4599; x_wconf 90' lang='lat' dir='ltr'><strong>reum</strong></span> <span class='ocrx_word' id='word_1_893' title='bbox 3547 4561 3634 4599; x_wconf 92' lang='lat' dir='ltr'><strong>me</strong></span> <span class='ocrx_word' id='word_1_894' title='bbox 3659 4561 3780 4601; x_wconf 88' lang='lat' dir='ltr'><strong>esse</strong></span> 
     </span>
    </p>
   </div>
   <div class='ocr_carea' id='block_1_106' title="bbox 2171 4632 3779 4707">
    <p class='ocr_par' dir='ltr' id='par_1_106' title="bbox 2171 4632 3779 4707">
     <span class='ocr_line' id='line_1_107' title="bbox 2171 4632 3779 4707; baseline -0.002 -16"><span class='ocrx_word' id='word_1_895' title='bbox 2171 4635 2370 4691; x_wconf 90' lang='lat' dir='ltr'><strong>dicitis.</strong></span> <span class='ocrx_word' id='word_1_896' title='bbox 2411 4635 2584 4707; x_wconf 88' lang='lat' dir='ltr'><strong>Igitur</strong></span> <span class='ocrx_word' id='word_1_897' title='bbox 2623 4633 2904 4706; x_wconf 91' lang='lat' dir='ltr'><strong>quomodo</strong></span> <span class='ocrx_word' id='word_1_898' title='bbox 2934 4634 3082 4689; x_wconf 91' lang='lat' dir='ltr'><strong>illius</strong></span> <span class='ocrx_word' id='word_1_899' title='bbox 3121 4632 3216 4688; x_wconf 81' lang='lat' dir='ltr'><strong>ﬁlii</strong></span> <span class='ocrx_word' id='word_1_900' title='bbox 3248 4647 3371 4687; x_wconf 90' lang='lat' dir='ltr'><strong>vere</strong></span> <span class='ocrx_word' id='word_1_901' title='bbox 3392 4632 3544 4698; x_wconf 90' lang='lat' dir='ltr'><strong>estis,</strong></span> <span class='ocrx_word' id='word_1_902' title='bbox 3589 4632 3679 4704; x_wconf 93' lang='lat' dir='ltr'><strong>qui</strong></span> <span class='ocrx_word' id='word_1_903' title='bbox 3705 4633 3779 4689; x_wconf 91' lang='lat' dir='ltr'><strong>ita</strong></span> 
     </span>
    </p>
   </div>
   <div class='ocr_carea' id='block_1_107' title="bbox 2172 4721 3782 4796">
    <p class='ocr_par' dir='ltr' id='par_1_107' title="bbox 2172 4721 3782 4796">
     <span class='ocr_line' id='line_1_108' title="bbox 2172 4721 3782 4796; baseline -0.001 -16"><span class='ocrx_word' id='word_1_904' title='bbox 2172 4732 2432 4796; x_wconf 89' lang='lat' dir='ltr'><strong>paternos</strong></span> <span class='ocrx_word' id='word_1_905' title='bbox 2485 4728 2839 4780; x_wconf 87' lang='lat' dir='ltr'><strong>characteres</strong></span> <span class='ocrx_word' id='word_1_906' title='bbox 2877 4721 3209 4794; x_wconf 83' lang='lat' dir='ltr'><strong>reliquistis?</strong></span> <span class='ocrx_word' id='word_1_907' title='bbox 3262 4722 3319 4777; x_wconf 92' lang='lat' dir='ltr'><strong>Si</strong></span> <span class='ocrx_word' id='word_1_908' title='bbox 3361 4722 3527 4794; x_wconf 87' lang='lat' dir='ltr'><strong>igitur</strong></span> <span class='ocrx_word' id='word_1_909' title='bbox 3555 4723 3622 4776; x_wconf 90' lang='lat' dir='ltr'><strong>de</strong></span> <span class='ocrx_word' id='word_1_910' title='bbox 3664 4722 3782 4794; x_wconf 81' lang='lat' dir='ltr'><strong>ejus</strong></span> 
     </span>
    </p>
   </div>
   <div class='ocr_carea' id='block_1_108' title="bbox 2169 4810 3772 4885">
    <p class='ocr_par' dir='ltr' id='par_1_108' title="bbox 2169 4810 3772 4885">
     <span class='ocr_line' id='line_1_109' title="bbox 2169 4810 3772 4885; baseline -0.002 -16"><span class='ocrx_word' id='word_1_911' title='bbox 2169 4829 2391 4885; x_wconf 45' lang='lat' dir='ltr'><strong>genere,</strong></span> <span class='ocrx_word' id='word_1_912' title='bbox 2420 4813 2776 4885; x_wconf 88' lang='lat' dir='ltr'><strong>gloriamini,</strong></span> <span class='ocrx_word' id='word_1_913' title='bbox 2808 4812 3018 4868; x_wconf 92' lang='lat' dir='ltr'><strong>debetis</strong></span> <span class='ocrx_word' id='word_1_914' title='bbox 3061 4820 3116 4866; x_wconf 89' lang='lat' dir='ltr'><strong>et</strong></span> <span class='ocrx_word' id='word_1_915' title='bbox 3145 4812 3405 4867; x_wconf 90' lang='lat' dir='ltr'><strong>virtutem</strong></span> <span class='ocrx_word' id='word_1_916' title='bbox 3453 4810 3596 4867; x_wconf 91' lang='lat' dir='ltr'><strong>illius</strong></span> <span class='ocrx_word' id='word_1_917' title='bbox 3649 4811 3772 4866; x_wconf 90' lang='lat' dir='ltr'><strong>imi-</strong></span> 
     </span>
    </p>
   </div>
   <div class='ocr_carea' id='block_1_109' title="bbox 2170 4900 3780 4973">
    <p class='ocr_par' dir='ltr' id='par_1_109' title="bbox 2170 4900 3780 4973">
     <span class='ocr_line' id='line_1_110' title="bbox 2170 4900 3780 4973; baseline -0.002 -16"><span class='ocrx_word' id='word_1_918' title='bbox 2170 4903 2292 4957; x_wconf 90' lang='lat' dir='ltr'><strong>tari.</strong></span> <span class='ocrx_word' id='word_1_919' title='bbox 2330 4903 2545 4957; x_wconf 84' lang='lat' dir='ltr'><strong>Deinde</strong></span> <span class='ocrx_word' id='word_1_920' title='bbox 2575 4910 2636 4957; x_wconf 86' lang='lat' dir='ltr'><strong>ut</strong></span> <span class='ocrx_word' id='word_1_921' title='bbox 2662 4917 2775 4957; x_wconf 89' lang='lat' dir='ltr'><strong>non</strong></span> <span class='ocrx_word' id='word_1_922' title='bbox 2802 4901 3014 4973; x_wconf 91' lang='lat' dir='ltr'><strong>possint</strong></span> <span class='ocrx_word' id='word_1_923' title='bbox 3042 4900 3224 4956; x_wconf 90' lang='lat' dir='ltr'><strong>dicere</strong></span> <span class='ocrx_word' id='word_1_924' title='bbox 3250 4918 3263 4956; x_wconf 91' lang='lat'>:</span> <span class='ocrx_word' id='word_1_925' title='bbox 3292 4903 3451 4956; x_wconf 79' lang='lat' dir='ltr'><strong>Iuste</strong></span> <span class='ocrx_word' id='word_1_926' title='bbox 3495 4909 3551 4955; x_wconf 89' lang='lat' dir='ltr'><strong>te</strong></span> <span class='ocrx_word' id='word_1_927' title='bbox 3576 4901 3780 4970; x_wconf 88' lang='lat' dir='ltr'><strong>quaeri-</strong></span> 
     </span>
    </p>
   </div>
   <div class='ocr_carea' id='block_1_110' title="bbox 2171 4989 3776 5062">
    <p class='ocr_par' dir='ltr' id='par_1_110' title="bbox 2171 4989 3776 5062">
     <span class='ocr_line' id='line_1_111' title="bbox 2171 4989 3776 5062; baseline -0.001 -16"><span class='ocrx_word' id='word_1_928' title='bbox 2171 5007 2298 5046; x_wconf 92' lang='lat' dir='ltr'><strong>mus</strong></span> <span class='ocrx_word' id='word_1_929' title='bbox 2342 4991 2412 5047; x_wconf 93' lang='lat' dir='ltr'><strong>ad</strong></span> <span class='ocrx_word' id='word_1_930' title='bbox 2466 4990 2846 5058; x_wconf 81' lang='lat' dir='ltr'><strong>occidendum,</strong></span> <span class='ocrx_word' id='word_1_931' title='bbox 2904 4990 3058 5062; x_wconf 92' lang='lat' dir='ltr'><strong>ponit</strong></span> <span class='ocrx_word' id='word_1_932' title='bbox 3104 5006 3327 5046; x_wconf 89' lang='lat' dir='ltr'><strong>causam</strong></span> <span class='ocrx_word' id='word_1_933' title='bbox 3384 5011 3396 5046; x_wconf 92' lang='lat'>:</span> <span class='ocrx_word' id='word_1_934' title='bbox 3453 4992 3578 5044; x_wconf 87' lang='lat' dir='ltr'><strong>Non</strong></span> <span class='ocrx_word' id='word_1_935' title='bbox 3627 4989 3776 5044; x_wconf 91' lang='lat' dir='ltr'><strong>enim</strong></span> 
     </span>
    </p>
   </div>
   <div class='ocr_carea' id='block_1_111' title="bbox 2170 5081 3778 5153">
    <p class='ocr_par' dir='ltr' id='par_1_111' title="bbox 2170 5081 3778 5153">
     <span class='ocr_line' id='line_1_112' title="bbox 2170 5081 3778 5153; baseline -0.002 -17"><span class='ocrx_word' id='word_1_936' title='bbox 2170 5088 2395 5153; x_wconf 85' lang='lat' dir='ltr'><strong>propter</strong></span> <span class='ocrx_word' id='word_1_937' title='bbox 2439 5081 2588 5136; x_wconf 88' lang='lat' dir='ltr'><strong>aliud</strong></span> <span class='ocrx_word' id='word_1_938' title='bbox 2642 5081 2887 5136; x_wconf 90' lang='lat' dir='ltr'><strong>insanitis</strong></span> <span class='ocrx_word' id='word_1_939' title='bbox 2933 5088 3125 5136; x_wconf 89' lang='lat' dir='ltr'><strong>contra</strong></span> <span class='ocrx_word' id='word_1_940' title='bbox 3178 5095 3288 5148; x_wconf 89' lang='lat' dir='ltr'><strong>me,</strong></span> <span class='ocrx_word' id='word_1_941' title='bbox 3336 5094 3500 5151; x_wconf 89' lang='lat' dir='ltr'><strong>quam</strong></span> <span class='ocrx_word' id='word_1_942' title='bbox 3549 5085 3778 5148; x_wconf 88' lang='lat' dir='ltr'><strong>propter</strong></span> 
     </span>
    </p>
   </div>
   <div class='ocr_carea' id='block_1_112' title="bbox 2169 5165 3776 5241">
    <p class='ocr_par' dir='ltr' id='par_1_112' title="bbox 2169 5165 3776 5241">
     <span class='ocr_line' id='line_1_113' title="bbox 2169 5165 3776 5241; baseline -0.003 -17"><span class='ocrx_word' id='word_1_943' title='bbox 2169 5184 2488 5225; x_wconf 90' lang='lat' dir='ltr'><strong>sermonem</strong></span> <span class='ocrx_word' id='word_1_944' title='bbox 2536 5184 2746 5236; x_wconf 90' lang='lat' dir='ltr'><strong>meum,</strong></span> <span class='ocrx_word' id='word_1_945' title='bbox 2775 5169 2869 5241; x_wconf 92' lang='lat' dir='ltr'><strong>qui</strong></span> <span class='ocrx_word' id='word_1_946' title='bbox 2917 5168 3210 5224; x_wconf 87' lang='lat' dir='ltr'><strong>sublimior</strong></span> <span class='ocrx_word' id='word_1_947' title='bbox 3239 5176 3323 5222; x_wconf 92' lang='lat' dir='ltr'><strong>est</strong></span> <span class='ocrx_word' id='word_1_948' title='bbox 3353 5174 3533 5222; x_wconf 88' lang='lat' dir='ltr'><strong>vestra</strong></span> <span class='ocrx_word' id='word_1_949' title='bbox 3565 5165 3776 5236; x_wconf 83' lang='lat' dir='ltr'><strong>cogita-</strong></span> 
     </span>
    </p>
   </div>
   <div class='ocr_carea' id='block_1_113' title="bbox 2166 5255 3778 5330">
    <p class='ocr_par' dir='ltr' id='par_1_113' title="bbox 2166 5255 3778 5330">
     <span class='ocr_line' id='line_1_114' title="bbox 2166 5255 3778 5330; baseline -0.002 -17"><span class='ocrx_word' id='word_1_950' title='bbox 2166 5259 2338 5327; x_wconf 90' lang='lat' dir='ltr'><strong>tione,</strong></span> <span class='ocrx_word' id='word_1_951' title='bbox 2381 5266 2438 5313; x_wconf 88' lang='lat' dir='ltr'><strong>et</strong></span> <span class='ocrx_word' id='word_1_952' title='bbox 2463 5275 2494 5313; x_wconf 90' lang='lat' dir='ltr'><strong>a</strong></span> <span class='ocrx_word' id='word_1_953' title='bbox 2525 5258 2679 5313; x_wconf 90' lang='lat' dir='ltr'><strong>vobis</strong></span> <span class='ocrx_word' id='word_1_954' title='bbox 2709 5258 2827 5329; x_wconf 88' lang='lat' dir='ltr'><strong>capi</strong></span> <span class='ocrx_word' id='word_1_955' title='bbox 2861 5258 3057 5330; x_wconf 87' lang='lat' dir='ltr'><strong>nequit</strong></span> <span class='ocrx_word' id='word_1_956' title='bbox 3086 5255 3390 5327; x_wconf 36' lang='lat' dir='ltr'><strong>aquamvis</strong></span> <span class='ocrx_word' id='word_1_957' title='bbox 3413 5269 3527 5308; x_wconf 91' lang='lat' dir='ltr'><strong>non</strong></span> <span class='ocrx_word' id='word_1_958' title='bbox 3550 5262 3778 5324; x_wconf 89' lang='lat' dir='ltr'><strong>propter</strong></span> 
     </span>
    </p>
   </div>
   <div class='ocr_carea' id='block_1_114' title="bbox 2169 5343 3776 5421">
    <p class='ocr_par' dir='ltr' id='par_1_114' title="bbox 2169 5343 3776 5421">
     <span class='ocr_line' id='line_1_115' title="bbox 2169 5343 3776 5421; baseline -0.003 -17"><span class='ocrx_word' id='word_1_959' title='bbox 2169 5347 2274 5404; x_wconf 92' lang='lat' dir='ltr'><strong>hoc</strong></span> <span class='ocrx_word' id='word_1_960' title='bbox 2304 5347 2600 5421; x_wconf 89' lang='lat' dir='ltr'><strong>oportebat</strong></span> <span class='ocrx_word' id='word_1_961' title='bbox 2640 5348 2909 5414; x_wconf 86' lang='lat' dir='ltr'><strong>occidere,</strong></span> <span class='ocrx_word' id='word_1_962' title='bbox 2941 5347 3039 5402; x_wconf 92' lang='lat' dir='ltr'><strong>sed</strong></span> <span class='ocrx_word' id='word_1_963' title='bbox 3072 5345 3246 5416; x_wconf 87' lang='lat' dir='ltr'><strong>magis</strong></span> <span class='ocrx_word' id='word_1_964' title='bbox 3275 5359 3433 5398; x_wconf 90' lang='lat' dir='ltr'><strong>orare</strong></span> <span class='ocrx_word' id='word_1_965' title='bbox 3462 5353 3522 5398; x_wconf 90' lang='lat' dir='ltr'><strong>ut</strong></span> <span class='ocrx_word' id='word_1_966' title='bbox 3548 5343 3776 5400; x_wconf 91' lang='lat' dir='ltr'><strong>doceam</strong></span> 
     </span>
    </p>
   </div>
   <div class='ocr_carea' id='block_1_115' title="bbox 2168 5432 3778 5509">
    <p class='ocr_par' dir='ltr' id='par_1_115' title="bbox 2168 5432 3778 5509">
     <span class='ocr_line' id='line_1_116' title="bbox 2168 5432 3778 5509; baseline -0.003 -17"><span class='ocrx_word' id='word_1_967' title='bbox 2168 5436 2500 5509; x_wconf 87' lang='lat' dir='ltr'><strong>dogmatum</strong></span> <span class='ocrx_word' id='word_1_968' title='bbox 2521 5437 2944 5500; x_wconf 87' lang='lat' dir='ltr'><strong>sublimitatem,</strong></span> <span class='ocrx_word' id='word_1_969' title='bbox 2969 5443 3024 5491; x_wconf 91' lang='lat' dir='ltr'><strong>et</strong></span> <span class='ocrx_word' id='word_1_970' title='bbox 3055 5435 3259 5497; x_wconf 86' lang='lat' dir='ltr'><strong>colere,</strong></span> <span class='ocrx_word' id='word_1_971' title='bbox 3277 5439 3332 5486; x_wconf 90' lang='lat' dir='ltr'><strong>et</strong></span> <span class='ocrx_word' id='word_1_972' title='bbox 3353 5432 3667 5488; x_wconf 87' lang='lat' dir='ltr'><strong>observare.</strong></span> <span class='ocrx_word' id='word_1_973' title='bbox 3690 5435 3778 5487; x_wconf 90' lang='lat' dir='ltr'><strong>Iu-</strong></span> 
     </span>
    </p>
   </div>
   <div class='ocr_carea' id='block_1_116' title="bbox 2165 5521 3778 5599">
    <p class='ocr_par' dir='ltr' id='par_1_116' title="bbox 2165 5521 3778 5599">
     <span class='ocr_line' id='line_1_117' title="bbox 2165 5521 3778 5599; baseline -0.002 -17"><span class='ocrx_word' id='word_1_974' title='bbox 2165 5542 2329 5599; x_wconf 91' lang='lat' dir='ltr'><strong>super</strong></span> <span class='ocrx_word' id='word_1_975' title='bbox 2358 5535 2418 5581; x_wconf 92' lang='lat' dir='ltr'><strong>ut</strong></span> <span class='ocrx_word' id='word_1_976' title='bbox 2442 5542 2510 5581; x_wconf 92' lang='lat' dir='ltr'><strong>ne</strong></span> <span class='ocrx_word' id='word_1_977' title='bbox 2538 5526 2746 5594; x_wconf 88' lang='lat' dir='ltr'><strong>dicant,</strong></span> <span class='ocrx_word' id='word_1_978' title='bbox 2778 5525 2904 5596; x_wconf 88' lang='lat' dir='ltr'><strong>quia</strong></span> <span class='ocrx_word' id='word_1_979' title='bbox 2940 5527 3007 5578; x_wconf 86' lang='lat' dir='ltr'><strong>Et</strong></span> <span class='ocrx_word' id='word_1_980' title='bbox 3032 5523 3230 5578; x_wconf 90' lang='lat' dir='ltr'><strong>merito</strong></span> <span class='ocrx_word' id='word_1_981' title='bbox 3259 5530 3315 5577; x_wconf 91' lang='lat' dir='ltr'><strong>te</strong></span> <span class='ocrx_word' id='word_1_982' title='bbox 3357 5521 3484 5578; x_wconf 92' lang='lat' dir='ltr'><strong>odio</strong></span> <span class='ocrx_word' id='word_1_983' title='bbox 3509 5523 3778 5578; x_wconf 90' lang='lat' dir='ltr'><strong>habemus</strong></span> 
     </span>
    </p>
   </div>
   <div class='ocr_carea' id='block_1_117' title="bbox 2166 5612 3775 5689">
    <p class='ocr_par' dir='ltr' id='par_1_117' title="bbox 2166 5612 3775 5689">
     <span class='ocr_line' id='line_1_118' title="bbox 2166 5612 3775 5689; baseline -0.004 -17"><span class='ocrx_word' id='word_1_984' title='bbox 2166 5625 2416 5689; x_wconf 47' lang='lat' dir='ltr'><strong>propter,</strong></span> <span class='ocrx_word' id='word_1_985' title='bbox 2442 5630 2758 5672; x_wconf 84' lang='lat' dir='ltr'><strong>sermonem</strong></span> <span class='ocrx_word' id='word_1_986' title='bbox 2799 5623 2960 5669; x_wconf 89' lang='lat' dir='ltr'><strong>tuum</strong></span> <span class='ocrx_word' id='word_1_987' title='bbox 2994 5630 3008 5668; x_wconf 90' lang='lat'><strong>:</strong></span> <span class='ocrx_word' id='word_1_988' title='bbox 3039 5628 3156 5668; x_wconf 91' lang='lat' dir='ltr'><strong>non</strong></span> <span class='ocrx_word' id='word_1_989' title='bbox 3188 5612 3335 5668; x_wconf 88' lang='lat' dir='ltr'><strong>enim</strong></span> <span class='ocrx_word' id='word_1_990' title='bbox 3365 5612 3501 5668; x_wconf 91' lang='lat' dir='ltr'><strong>dicis</strong></span> <span class='ocrx_word' id='word_1_991' title='bbox 3553 5629 3584 5668; x_wconf 87' lang='lat' dir='ltr'><strong>a</strong></span> <span class='ocrx_word' id='word_1_992' title='bbox 3631 5615 3775 5678; x_wconf 84' lang='lat' dir='ltr'><strong>Deo,</strong></span> 
     </span>
    </p>
   </div>
  </div>
