4198 6450
453 487 522 539 27
1468 469 1987 527 THEOPHYLACTI
2023 470 2064 524 Β

2176 469 2382 526 ἓΑΒΙίΕ
2417 469 2730 525 ARCHIEP.
3685 474 3755 526 28

449 607 547 666 sed
570 623 598 662 a
627 615 683 662 te
727 603 869 677 ipso,
912 610 969 660 et
1017 608 1309 674 propterea
1360 614 1476 654 non
1521 612 1816 670 possumus
1857 611 2050 668 capere

2176 619 2259 654 σαι
2295 595 2393 667 τὴν
2430 595 2780 655 διδασκαλίαν
2807 618 2921 654 σου·
2961 594 3152 677 φησὶν,
3185 593 3266 654 ὅτι
3303 597 3423 656 Οὐκ
3458 593 3555 652 ἀπ’
3589 598 3756 673 ἐμαυ-

451 696 760 754 doctrinam
785 701 961 760 tuam,
1011 691 1147 748 dicit
1180 707 1194 743 :
1226 708 1253 741 ι(
1276 691 1398 745 Νοη
1419 705 1448 744 a
1476 688 1682 757 meipso
1707 687 1922 759 loquor,
1954 684 2049 741 sed

448 802 577 860 quae
623 783 767 857 apud
810 787 1034 838 Patrem
1087 795 1278 836 meum
1331 777 1463 842 vidi,
1507 777 1627 833 haec
1678 777 1902 847 loquor;
1955 790 2051 831 vos

448 885 638 932 autem
664 872 814 947 quod
845 871 1052 927 vidistis
1081 869 1227 941 apud
1258 877 1469 939 patrem
1497 875 1760 930 vestrum,
1795 865 1986 921 facitis.
2021 887 2047 913 ao

445 969 592 1022 Nam
615 980 716 1035 ego
741 961 986 1034 quidem,
1017 959 1214 1031 inquit,
1245 958 1426 1014 divina
1467 965 1522 1012 et
1555 955 1797 1012 cmlestia
1828 955 2049 1026 loquor,

453 1064 510 1111 et
529 1057 748 1108 Patrem
778 1067 965 1106 meum
989 1066 1083 1121 per
1135 1047 1255 1104 haec
1289 1046 1538 1118 exprime
1568 1065 1580 1101 :
1621 1061 1718 1101 vos
1747 1053 1933 1102 autem
1960 1060 2054 1116 per

449 1159 512 1200 ea
550 1157 674 1214 qua).
717 1140 911 1207 facitis,
967 1138 1134 1211 patris
1184 1137 1349 1193 vestri
1404 1135 1705 1207 imaginem
1755 1133 2056 1206 perfectam

449 1231 687 1300 refertis,
736 1229 938 1286 diaboli
982 1227 1208 1283 scilicet.
1273 1225 1508 1298 Quando
1590 1233 1774 1280 autem
1847 1222 2050 1278 audis:

457 1344 483 1370 α
527 1322 690 1392 Quod
721 1318 830 1376 vidi
856 1321 1072 1388 loquor,
1121 1339 1146 1364 ιο
1192 1331 1304 1371 non
1334 1315 1576 1386 intellige
1600 1314 1943 1385 corporalem
1971 1312 2054 1367 vi-

450 1411 692 1478 sionem,
726 1408 825 1464 sed
856 1406 1166 1462 naturalem
1198 1404 1577 1476 cognitionem
1600 1411 1654 1458 et
1683 1419 1884 1458 veram.
1911 1403 2054 1458 Nam

449 1499 593 1556 sicut
645 1499 792 1554 oculi
824 1498 961 1552 bene
1010 1495 1257 1550 videntes
1305 1493 1497 1549 vident
1524 1491 1674 1564 quod
1726 1508 1920 1548 verum
1947 1499 2052 1561 est,

452 1597 508 1644 et
533 1604 647 1643 non
678 1586 1054 1644 mentiuntur:
1083 1584 1157 1640 ita
1180 1592 1236 1640 et
1263 1599 1364 1657 ego
1395 1598 1519 1639 vere
1549 1583 1638 1638 illa
1679 1581 1896 1654 loquor,
1930 1596 2056 1654 quae

451 1678 689 1751 cognovi
723 1676 870 1747 apud
900 1679 1141 1731 Patrem.

527 1769 708 1822 Vens.
729 1769 918 1821 39-41.
939 1787 964 1812 ιι
986 1761 1412 1834 Responderunt
1435 1769 1490 1817 et
1503 1761 1764 1818 dixerunt
1777 1761 1824 1816 ei
1859 1780 1870 1815 :
1890 1763 2059 1818 Pater

455 1863 645 1910 noster
664 1854 946 1910 Abraham
977 1861 1080 1909 est.
1104 1853 1248 1908 Dicit
1270 1853 1350 1908 eis
1377 1853 1537 1908 Iesus
1569 1873 1580 1909 :
1621 1851 1674 1908 Si
1697 1851 1789 1906 filii
1821 1851 2057 1908 Abrahae

453 1945 664 2013 essetis,
717 1961 880 2015 opera
924 1943 1160 2000 Abrahae
1199 1941 1471 2009 faceretis,
1501 1943 1662 1997 Nunc
1688 1950 1874 1997 autem
1904 1957 2053 2012 quaa-

451 2035 571 2090 ritis
601 2050 689 2090 me
716 2033 1027 2089 interﬁcere
1067 2032 1375 2098 hominem,
1420 2031 1514 2101 qui
1565 2031 1850 2086 veritatem
1895 2031 2054 2085 vobis

449 2123 667 2179 locutus
697 2139 843 2189 sum,
874 2137 1043 2194 quam
1089 2120 1264 2176 audivi
1315 2136 1346 2175 a
1395 2122 1531 2174 Deo.
1588 2121 1710 2174 Hoc
1767 2119 2052 2175 Abraham

451 2227 569 2266 non
611 2210 759 2267 fecit.
796 2215 909 2267 Vos
957 2209 1138 2266 facitis
1165 2225 1330 2280 opera
1360 2208 1528 2280 patris
1557 2208 1739 2264 vestri.
1787 2209 2055 2264 Dixerunt

447 2300 635 2371 itaque
661 2300 709 2356 ei
742 2319 754 2355 :
799 2303 911 2356 Nos
933 2316 962 2354 e
985 2307 1176 2368 stupro
1209 2314 1322 2352 non
1354 2313 1548 2352 sumus
1576 2297 1714 2364 nati,
1749 2313 1925 2352 unum
1949 2299 2049 2353 Pa-

447 2398 592 2446 trem
633 2388 902 2445 habemus
948 2392 1152 2444 Deum.
1207 2410 1233 2436 ι
1277 2390 1400 2458 Ipse
1455 2387 1677 2458 quidem
1720 2395 1932 2458 patrem
1978 2387 2056 2442 eis

445 2478 668 2534 ascribit
717 2479 996 2534 diabolum
1036 2477 1166 2531 :cui
1196 2476 1396 2532 similes
1435 2490 1530 2530 eos
1575 2476 1830 2546 operibus
1882 2475 2051 2531 videt.

444 2569 647 2624 Contra
674 2567 745 2623 illi
779 2569 1013 2622 multum
1038 2581 1094 2621 se
1123 2564 1194 2621 de
1227 2564 1508 2622 Abraham
1549 2565 1782 2637 jactant.
1816 2567 1889 2620 At
1931 2569 2056 2621 Do-

445 2659 633 2713 minus
675 2657 1038 2727 sanguinariae
1067 2671 1264 2711 eorum
1309 2654 1605 2710 voluntatis
1637 2655 1915 2722 meminit,
1942 2663 1997 2710 et
2021 2671 2056 2710 a

449 2746 796 2818 generejusti
816 2761 910 2801 eos
934 2743 1177 2811 abducit,
1204 2753 1264 2799 ut
1285 2744 1518 2799 nimiam
1549 2743 1937 2815 gloriationem
1967 2759 2058 2800 eo-

451 2851 579 2890 rum
609 2837 787 2902 tollat,
832 2842 888 2889 et
933 2833 1260 2904 persuadeat
1287 2849 1355 2887 ne
1385 2833 1442 2887 in
1489 2832 1594 2887 hac
1637 2849 1773 2888 vana
1825 2834 2058 2888 carnalis

452 2923 760 2979 nobilitatis
805 2938 1004 2993 spuma
1050 2937 1204 2993 spem
1234 2922 1491 2989 habeant,
1535 2922 1630 2977 sed
1670 2922 1724 2976 in
1766 2922 2058 2978 voluntatis

455 3013 830 3068 similitudine.
867 3015 938 3068 Et
965 3010 1233 3083 profecto,
1261 3012 1400 3066 sicut
1448 3009 1702 3067 medicus
1731 3012 2067 3079 animarum,

457 3101 775 3173 comprimit
799 3101 1289 3156 inflammatorium
1317 3101 1474 3156 ulcus
1499 3100 1649 3172 quod
1677 3117 1743 3156 ex
1811 3102 2072 3172 opinione

2159 692 2248 745 τοῦ
2292 687 2475 757 λαλῶ,
2510 684 2629 743 ἀλλ’
2679 709 2707 740 c1
2742 686 2776 744 ἃ
2827 685 3039 765 ἑώρακα
3090 685 3236 766 παρὰ
3287 688 3363 766 τῷ
3395 684 3572 764 Πατρί
3621 708 3753 761 μου,

2157 781 2328 835 ταῦτα
2361 777 2532 834 λαλῶο
2582 776 2672 834 καὶ
2715 780 2863 854 ὗμεῐς
2898 777 2950 834 δὲ
2986 775 3014 834 ὃ
3048 775 3320 854 ἑωράκατε
3365 774 3514 852 παρὰ
3543 779 3619 854 τῷ
3650 798 3755 832 πα-

2158 865 2243 946 τρὶ
2281 870 2461 941 ὑμῶν,
2495 874 2715 926 ποιεῖτε.
2747 892 2770 919 ι
2801 865 2946 944 Ἐγὼ
2990 865 3083 941 μὲν
3124 865 3259 946 γὰρ,
3305 864 3471 945 φησὶ,
3507 869 3620 922 θεῖα
3665 864 3756 922 καὶ

2159 954 2376 1035 οὐράνια
2406 953 2733 1034 φθέγγομαι,
2775 955 2867 1014 καὶ
2903 956 2989 1014 διὰ
3029 952 3229 1013 τούτων
3263 954 3493 1034 ἐκφαίνω
3523 954 3613 1011 τὸν
3647 956 3760 1035 Πα-

2161 1033 2285 1122 τέρα
2333 1033 2453 1119 μου·
2485 1043 2576 1102 καὶ
2618 1047 2766 1119 ὑμεῖς
2811 1045 2865 1103 δὲ
2892 1045 2979 1103 τὸν
3007 1041 3260 1124 ὑμέτερον
3308 1033 3513 1123 πατέρα
3536 1088 3552 1114 ,
3589 1044 3655 1100 δι’
3683 1033 3759 1099 ὧν

2161 1133 2454 1213 πράττετε,
2488 1133 2762 1202 εἷκονίζετε
2780 1179 2795 1206 ,
2829 1134 2918 1194 τὸν
2942 1133 3192 1191 διάϐολον
3221 1133 3451 1200 πάντως.
3487 1130 3669 1192 ”Οταν
3698 1128 3753 1190 δὲ

2161 1223 2359 1302 ἀκούῃς
2385 1223 2625 1300 λέγοντος
2644 1269 2658 1295 ,
2682 1220 2764 1282 ὅτι
2798 1249 2825 1279 α
2856 1223 2933 1284 ⁸0
2964 1224 3178 1303 ἑώρακα
3198 1225 3375 1295 λαλῶ,
3403 1250 3426 1275 υ
3461 1221 3536 1300 μὴ
3571 1245 3758 1295 σωμα-

2160 1312 2319 1384 τικὴν
2355 1311 2538 1393 ὅρασιν
2568 1312 2711 1391 νόει,
2755 1314 2894 1374 ἀλλὰ
2921 1313 3148 1394 φυσικὴν
3181 1316 3372 1390 γνῶσιν
3391 1358 3408 1388 ,
3438 1311 3531 1369 καὶ
3561 1313 3758 1384 ἀληθῆ,

2162 1401 2253 1462 καὶ
2285 1403 2729 1478 πεπιστευμένην.
2779 1403 2872 1470 Ὡς
2915 1404 3017 1482 γὰρ
3050 1400 3317 1482 ὀφθαλμοὶ
3348 1405 3567 1480 ὁρῶντες
3605 1403 3764 1476 ὑγιῶς

2163 1493 2222 1551 τὸ
2253 1491 2308 1550 ὂν
2326 1541 2344 1568 ,
2386 1491 2478 1550 καὶ
2509 1493 2723 1569 ἀληθὲς,
2757 1494 2966 1565 ἀληθῶς
2995 1496 3157 1571 ὁρῶσι
3180 1537 3195 1561 ,
3229 1490 3321 1550 καὶ
3353 1493 3410 1550 οὐ
3439 1489 3763 1570 διαψεύδον-

2162 1606 2268 1640 ται·
2357 1582 2494 1641 οὕτω
2548 1580 2699 1659 κάγὼ
2770 1584 2976 1656 ἀληθῶς
3021 1585 3196 1641 ἐκεῖνα
3239 1583 3424 1655 λαλῶ,
3476 1578 3510 1637 ἃ
3559 1578 3764 1657 ἔγνωκα

2164 1671 2312 1753 παρὰ
2345 1674 2418 1752 τῷ
2450 1670 2654 1750 Πατρί,

2249 1749 2277 1817 ὲ(
2313 1749 2726 1840 Ἀπεκρίθησαν,
2763 1758 2855 1819 καὶ
2896 1749 3046 1818 εἶπον
3094 1759 3266 1836 αὐτῷ·
3301 1757 3369 1818 Ὁ
3400 1756 3582 1838 πατὴρ
3612 1759 3767 1840 ἡῲν

2165 1849 2413 1930 Ἀϐραάμ
2443 1839 2577 1908 ἐστι.
2630 1849 2788 1927 Λέγει
2828 1851 3005 1915 αὐτοῖς
3051 1851 3079 1906 ὁ
3108 1847 3326 1919 Ἰησοῦς·
3371 1849 3438 1906 Εἰ
3481 1847 3641 1904 τέκνα
3674 1839 3769 1918 ἧτε

2160 1946 2250 1999 τοῦ
2293 1939 2540 2017 Ἀϐραὰμ
2561 1985 2578 2009 ,
2609 1938 2676 1996 τὰ
2702 1939 2832 2020 ἔργα
2872 1944 2965 1996 τοῦ
2995 1937 3242 2017 Ἀϐραὰμ
3278 1940 3504 1996 ἐποιεῖτε
3532 1937 3616 1996 ἄν.
3655 1939 3769 1996 Νῦν

2162 2030 2217 2088 δὲ
2249 2028 2456 2102 ζητεῖτέ
2489 2051 2556 2106 με
2601 2030 2910 2086 ἀποκτεῖναι
2945 2027 3253 2106 ἄνθρωπον,
3293 2025 3345 2093 ὃς
3371 2026 3466 2094 τὴν
3516 2025 3769 2097 ἀλήθειαν

2163 2123 2287 2195 ὑμῖν
2319 2118 2630 2189 λελάληκα,
2673 2118 2738 2189 ἣν
2784 2117 2992 2190 ἤκουσα
3035 2115 3182 2195 παρὰ
3215 2121 3308 2174 τοῦ
3364 2117 3532 2176 Θεοῦ.
3592 2119 3768 2175 Τοῦτο

2164 2206 2412 2287 Ἀϐραὰμ
2449 2211 2544 2266 οὐκ
2579 2207 2847 2278 ἐποίησεν.
2899 2206 3089 2283 ¹Υμεῖς
3137 2214 3336 2264 ποιεῖτε
3385 2205 3453 2264 τὰ
3502 2204 3633 2285 ἔργα
3675 2209 3770 2262 τοῦ

2164 2298 2364 2378 πατρὸς
2408 2301 2580 2373 ὑμῶν.
2635 2287 2804 2357 Εἶπον
2847 2289 2936 2356 οῦν
2985 2299 3149 2376 αὐτῷ’
3184 2294 3377 2372 Ἡμεῖς
3423 2298 3483 2355 ἐκ
3525 2293 3771 2373 πορνείας

2163 2389 2222 2448 οὐ
2277 2386 2656 2465 γεγεννήμεθαο
2717 2387 2809 2445 ἕνα
2859 2385 3066 2465 πατέρα
3115 2386 3309 2466 ἔχομεν
3383 2384 3472 2442 τὸν
3525 2384 3686 2446 Θεόν.
3736 2409 3766 2439 ι)

2165 2477 2333 2542 Αὐτὸς
2391 2476 2486 2551 μὲν
2543 2476 2753 2556 πατέρα
2803 2476 2982 2542 αὐτοῖς
3031 2475 3312 2554 ἐπιγράφει
3357 2473 3445 2532 τὸν
3497 2472 3765 2533 διάϐολον·

2163 2565 2333 2642 τούτῳ
2362 2565 2467 2644 γὰρ
2502 2566 2735 2631 ἐοικότας
2773 2564 2960 2633 αὐτοὺς
3007 2564 3114 2622 ἀπὸ
3147 2569 3250 2623 τῶν
3279 2564 3446 2643 ἔργων
3474 2566 3594 2642 ὁρᾷ.
3633 2566 3760 2624 Αὖ-

2165 2656 2245 2715 τοὶ
2284 2657 2337 2714 δὲ
2370 2656 2480 2714 ἀνω
2504 2653 2595 2713 καὶ
2626 2657 2774 2714 κάτω
2817 2656 2902 2713 τὸν
2933 2653 3180 2734 Ἀϐραὰμ
3214 2655 3587 2733 προσφέρουσι.
3623 2655 3764 2712 Συν-

2170 2749 2304 2826 εχῶς
2359 2745 2411 2803 δὲ
2460 2749 2487 2802 ὁ
2543 2745 2738 2826 Κύριος
2776 2749 2876 2816 τῆς
2923 2748 3140 2826 φονικῆς
3185 2745 3357 2801 αὐτῶν
3412 2741 3774 2820 ἐπιμέμνηται

2165 2834 2556 2914 προαιρέσεως,
2622 2834 2714 2892 καὶ
2787 2833 2980 2912 ἀπάγει
3045 2837 3138 2904 τῆς
3187 2831 3490 2909 συγγενείας
3544 2837 3636 2890 τοῦ
3696 2831 3774 2888 δι-

2166 2924 2339 2982 καίου·
2377 2921 2466 2980 ἵνα
2507 2926 2566 2982 τό
2597 2947 2654 2981 τε
2685 2923 2928 3000 περιττὸν
2958 2922 3220 3002 καύχημα
3256 2923 3429 2980 αὐτῶν
3461 2921 3724 3000 περικόψῃ
3747 2965 3761 2993 ,

2179 3013 2272 3072 καὶ
2316 3013 2473 3091 πείσῃ
2509 3012 2582 3089 μὴ
2617 3014 2668 3070 ἐν
2709 3013 2880 3094 τούτῳ
2909 3017 2984 3092 τῷ
3034 3011 3248 3091 ματαίῳ
3297 3010 3384 3069 ἐπὶ
3542 3013 3773 3089 σαρκικῇ

2181 3104 2457 3184 συγγενείᾳ
2491 3102 2801 3182 φρυάγματι
2852 3102 2993 3179 ἔχειν
3029 3103 3120 3168 τὰς
3165 3101 3420 3173 ἐλπίδας,
3461 3099 3578 3159 ἀλλ’
3627 3101 3680 3157 ἐν
3711 3103 3777 3180 τῇ

457 3192 675 3264 generis
737 3191 979 3248 Abrahae
1043 3198 1241 3246 natum
1297 3189 1630 3262 prohibebat
1679 3190 1942 3247 accedere
1993 3191 2060 3246 ad

2180 3174 2320 3253 xat31
2348 3174 2658 3272 προαίρεσιν
2703 3174 3000 3268 ὁμοιότητι.
3055 3188 3266 3258 Ὄντως
3309 3189 3447 3268 γὰρ,
3497 3192 3568 3256 ὡς
3600 3174 3778 3268 ἰατρὸς

457 3281 762 3349 Christum,
789 3290 1044 3352 putantes
1077 3279 1331 3335 sufficere
1359 3279 1429 3335 ad
1465 3281 1698 3335 salutem
1742 3279 1882 3335 hanc
1913 3279 2072 3334 nobi-

458 3371 686 3426 litatem.
714 3373 841 3425 Non
864 3370 1030 3442 igitur
1045 3370 1171 3424 estis
1191 3369 1284 3424 ﬁlii
1310 3370 1571 3437 Abrahm,
1587 3370 1781 3442 inquit,
1807 3385 1933 3425 cum
1951 3371 2072 3426 sitis

456 3459 769 3528 homicidas,
809 3468 861 3515 et
907 3459 1166 3531 quaeratis
1219 3475 1308 3514 me.
1355 3460 1600 3516 ocidere.
1658 3463 1955 3530 Propterea
2005 3477 2075 3515 ne

457 3550 582 3621 quis
608 3549 776 3616 dicat,
800 3552 956 3605 Juste
983 3557 1240 3621 quaerunt
1266 3557 1320 3604 te
1346 3551 1614 3617 occidere,
1648 3549 1848 3622 inquit,
1883 3550 2078 3605 Homi-

459 3653 589 3695 nem
618 3654 731 3693 non
760 3638 1137 3694 adversarium
1169 3642 1308 3704 Deo,
1331 3655 1511 3711 neque
1531 3655 1697 3695 suam
1727 3647 2076 3710 quaerentem

463 3727 714 3800 gloriam,
768 3727 865 3784 sed
895 3743 1022 3800 qum
1049 3727 1230 3782 audivi
1263 3743 1294 3783 a
1339 3731 1496 3783 Patre
1521 3744 1648 3783 meo
1675 3768 1690 3796 ,
1723 3727 1836 3797 illa,
1878 3745 2078 3800 nempe

461 3817 769 3883 veritatem,
802 3817 1098 3873 dicentem.
1131 3817 1328 3890 Qualis
1362 3825 1549 3874 autem
1579 3826 1696 3873 erat
1717 3818 1912 3872 veritas
1938 3818 2080 3885 ista?

461 3907 558 3962 Vel
592 3907 740 3979 quod
773 3908 999 3978 aequalis
1025 3908 1100 3962 sit
1131 3908 1297 3975 Patri,
1329 3915 1385 3962 et
1412 3924 1525 3963 non
1553 3923 1743 3963 servus
1766 3908 1911 3962 sicut
1935 3923 2076 3963 unus

464 3997 884 4068 prophetarum,
919 3996 1013 4051 sed
1037 3996 1206 4067 625
1240 3997 1435 4062 Filius,
1480 3996 1619 4050 nihil
1672 3999 1951 4067 proprium
1989 3986 2100 4053 vel

470 4084 676 4140 faciens
729 4085 812 4140 vel
869 4085 1098 4152 docens,
1144 4085 1240 4141 sed
1264 4084 1449 4140 omnia
1490 4100 1612 4156 quae
1665 4087 1884 4140 Patris?
1935 4089 2079 4142 Nam

467 4183 695 4245 propter
745 4173 862 4230 haec
935 4175 1262 4245 quazrebant
1312 4174 1468 4229 illum
1543 4173 1810 4230 occidere.
1869 4179 1945 4230 At
2000 4175 2078 4231 illi

467 4278 693 4318 rursum
741 4263 1000 4319 dicebant
1035 4281 1047 4316 :
1095 4285 1120 4310 α
1155 4266 1270 4320 Nos
1299 4279 1366 4318 ex
1411 4260 1785 4320 fornicatione
1826 4279 1936 4319 non
1993 4280 2081 4320 su-

471 4368 595 4407 mus
641 4353 776 4416 nati,
805 4369 982 4408 unum
1023 4354 1238 4409 Patrem
1284 4353 1556 4408 habemus
1595 4357 1802 4409 Deum.
1851 4376 1876 4402 ιο
1935 4353 2078 4410 Vide

2181 3287 2286 3342 τῶν
2323 3287 2508 3363 ψυχῶν
2528 3327 2543 3354 ,
2592 3285 2941 3340 καταστέλλει
2981 3281 3076 3352 τὴν
3106 3283 3165 3340 ἐκ
3194 3285 3288 3349 τῆς
3315 3279 3538 3352 οἰήσεως
3567 3283 3660 3350 τῆς
3691 3278 3780 3337 ἐπὶ

2182 3378 2249 3453 τῇ
2279 3377 2374 3432 τοῦ
2423 3371 2667 3449 Ἀϐραὰμ
2699 3370 2975 3450 συγγενείο⁴
3021 3368 3355 3450 φλεγμονὴν,
3407 3370 3480 3427 δι’
3527 3369 3592 3440 ἣν
3639 3372 3778 3429 ἐκω-

2182 3462 2368 3521 λύοντο
2414 3464 2718 3541 προσελθεῖν
2765 3465 2842 3541 τῷ
2875 3463 3134 3540 Χριστῷ,
3184 3461 3362 3539 ἀρκεῖν
3416 3460 3588 3525 αὐτοῖς
3619 3457 3782 3536 ἡγού-

2186 3575 2335 3630 μενοι
2385 3550 2513 3630 πρὸς
2562 3549 2830 3630 σωτηρίαν
2877 3548 2972 3621 τὴν
3020 3549 3268 3621 τοιαύτην
3314 3547 3636 3626 συγγένειαν.
3699 3549 3780 3606 Οὔ

2183 3640 2353 3699 τοίνυν
2387 3639 2505 3698 ἐστὲ
2537 3639 2695 3697 τέκνα
2739 3644 2829 3697 τοῦ
2881 3639 3126 3719 Ἀϐραὰμ
3173 3637 3438 3719 μιαιφόνοι
3470 3637 3614 3704 ὄντες
3638 3683 3655 3710 ,
3690 3637 3779 3696 καὶ

2186 3728 2460 3803 ζητοῦντές
2487 3752 2551 3805 με
2580 3732 2904 3788 ἀποκτεῖναι.
2948 3718 3083 3787 Εἶτα
3103 3775 3118 3802 ,
3159 3727 3247 3785 ἵνα
3285 3727 3358 3804 μή
3390 3752 3464 3794 τις
3493 3725 3614 3804 εἴπῃ
3643 3772 3658 3799 ,
3690 3731 3782 3786 Δι-

2186 3820 2348 3886 καίως
2387 3842 2445 3876 σε
2480 3822 2721 3890 ζητοῦσιν
2749 3823 3097 3890 ἀποκτεῖναι,
3131 3817 3328 3898 φησὶν,
3356 3815 3660 3896 Ἄνθρωπον
3690 3818 3785 3874 οὐκ

2189 3910 2423 3970 ἀντίθεον
2443 3955 2457 3982 ,
2489 3910 2604 3966 οὐδὲ
2634 3909 2730 3978 τὴν
2753 3909 2950 3966 οἰκείαν
2993 3912 3322 3964 συνιστῶντα
3354 3905 3504 3974 δόξαν
3526 3951 3539 3975 ,
3598 3904 3713 3962 ἀλλ’
3749 3904 3783 3962 ἃ

2187 3999 2392 4072 ἤκουσα
2424 3997 2571 4078 παρὰ
2599 4003 2690 4055 τοῦ
2727 3997 2938 4074 Πατρός
2993 4019 3091 4074 μου
3113 4042 3127 4069 ,
3173 4003 3344 4056 ταῦτα
3391 3997 3611 4072 λέγοντα
3633 4039 3648 4066 ,
3692 3993 3784 4053 καὶ

2188 4089 2284 4160 τὴν
2341 4088 2592 4158 ἀλήθειαν
2642 4086 2993 4168 κηρύττοντα.
3081 4087 3217 4145 Ποία
3267 4086 3320 4143 δὲ
3369 4077 3433 4157 ἦν
3486 4089 3516 4156 ἡ
3562 4084 3782 4156 ἀλήθεια

2190 4179 2360 4251 aiis-1};
2401 4169 2468 4237 Ἦ
2505 4176 2582 4235 ὅτι
2609 4176 2720 4242 ἴσος
2757 4177 2868 4235 ἐστὶ
2899 4180 2973 4256 τῷ
3011 4176 3185 4255 Πατρὶ
3207 4220 3224 4247 ,
3258 4174 3349 4233 καὶ
3399 4176 3454 4232 οὗ
3487 4176 3687 4246 δοῦλος,
3717 4176 3786 4240 ὡς

2189 4261 2261 4335 εἷς
2291 4271 2397 4326 τῶν
2437 4271 2756 4346 προφητῶν,
2804 4266 2923 4324 ἀλλ’
2966 4265 3124 4335 Υἱὸς,
3169 4263 3317 4325 οὐδὲν
3370 4262 3500 4323 ἴδιον
3551 4268 3716 4322 ποιῶν

2188 4359 2391 4436 λέγων,
2424 4356 2562 4414 ἀλλὰ
2593 4356 2768 4413 πάντα
2801 4355 2866 4412 τὰ
2915 4363 3005 4415 τοῦ
3050 4354 3284 4431 Πατρός.
3341 4352 3444 4413 Διὰ
3483 4351 3586 4431 γὰρ
3616 4357 3785 4411 ταῦτα

469 4443 673 4496 sultam
730 4442 1096 4498 inﬂationem.
1158 4443 1434 4498 Dominus
1512 4447 1569 4497 et
1641 4459 1670 4498 a
1737 4443 2066 4513 cognatione

2183 4450 2401 4518 ἐζήτουν
2453 4445 2611 4503 αὐτὸν
2665 4448 3002 4504 ἀποκτεῖναι.
3055 4447 3126 4503 Οἱ
3170 4443 3225 4501 δὲ
3275 4443 3457 4502 πάλιν·
3493 4467 3519 4498 ι
3557 4439 3783 4518 Ἡμεῖς,

468 4531 710 4588 Abrahae
755 4531 901 4604 ejicit
928 4548 1042 4601 eos,
1077 4541 1137 4587 at
1173 4533 1248 4587 illi
1276 4533 1349 4586 ita
1392 4529 1721 4599 efferuntur,
1753 4539 1817 4588 ut
1851 4547 1964 4604 prie
1986 4549 2072 4588 ar-

468 4622 715 4691 rogantia
741 4622 952 4693 seipsos
979 4623 1073 4676 Dei
1103 4622 1267 4678 etiam
1311 4621 1450 4676 ﬁlios
1476 4620 1698 4676 faciant.
1741 4623 1887 4677 Nam
1945 4622 2077 4694 quia

468 4709 820 4778 audiverant,
855 4733 879 4758 α
907 4711 1071 4767 Filius
1096 4711 1498 4783 primogenitus
1519 4727 1674 4766 meus
1700 4712 1886 4779 Israel,
1917 4735 1942 4760 υ
1962 4712 2079 4783 glo-

471 4798 752 4854 riabantur
779 4799 847 4855 de
879 4800 1060 4855 divina
1113 4801 1406 4872 adoptione
1457 4800 1725 4855 :tamelsi
1767 4816 1864 4855 eos
1910 4801 2078 4856 etiam

471 4889 664 4943 audire
684 4889 976 4960 Oportebat
994 4891 1140 4962 quod
1165 4894 1312 4945 Deus
1331 4891 1440 4946 alio
1466 4891 1588 4946 loco
1607 4890 1739 4946 dicit
1754 4890 1796 4926 ¹⁶
1826 4908 1838 4946 :
1861 4915 1886 4939 α
1913 4890 2078 4946 Filios

472 4978 639 5050 genui
658 4987 712 5033 et
745 4980 997 5047 exaltavi,
1030 4981 1308 5035 illiautem
1335 4987 1659 5052 spreverunt
1685 4995 1794 5034 me.
1826 5003 1850 5028 ιι
1878 4983 2084 5052 Quam-

472 5069 548 5124 vis
590 5078 774 5124 autem
827 5069 1101 5124 Dominus
1133 5070 1404 5140 potuisset
1432 5085 1527 5124 eos
1558 5084 1785 5140 arguere
1813 5069 1965 5140 quod
2014 5087 2080 5126 ex

473 5166 663 5229 stupro
693 5158 855 5214 multi
885 5175 1080 5214 eorum
1112 5157 1346 5214 fuissent
1371 5159 1484 5213 nati
1517 5158 1661 5228 (nam
1690 5167 1882 5214 contra
1904 5159 2079 5232 legem

473 5246 920 5304 admiscebantur
940 5249 1194 5321 gentibus
1218 5249 1470 5304 Hebraeae
1495 5249 1774 5318 mulieres,
1799 5257 1850 5303 et
1868 5248 2080 5304 Judais

474 5337 701 5407 gentiles
729 5340 1027 5406 mulieres),
1055 5355 1166 5394 non
1214 5347 1405 5394 tamen
1437 5336 1586 5394 facit.
1621 5339 1746 5394 Non
1790 5337 1937 5393 enim
1968 5346 2084 5394 stu-

475 5424 642 5480 debat
677 5428 1072 5498 reprehendere
1097 5445 1292 5485 eorum
1341 5429 1624 5484 carnalem
1655 5427 2076 5499 ignobilitatem,

477 5513 573 5570 sed
603 5514 659 5568 in
689 5514 790 5570 hoc
818 5525 936 5572 toto
955 5518 1142 5575 studio
1170 5517 1544 5586 incumbebat,
1573 5527 1636 5573 ut
1664 5515 1958 5589 degeneres
1987 5532 2083 5572 eos

480 5604 783 5660 secundum
813 5607 1062 5676 spiritum
1095 5609 1432 5665 ostenderet.

2186 4537 2386 4618 ιρασὶν,
2439 4537 2499 4594 ἐκ
2560 4534 2804 4612 πορνείας
2857 4534 2914 4591 οὖ
2973 4531 3346 4612 γεγεννήμεθα·
3411 4529 3504 4590 ἕνα
3567 4531 3776 4608 πατέρα

2187 4627 2378 4704 ἔχομεν
2422 4625 2510 4683 τὸν
2541 4621 2699 4685 Θεόν.
2726 4650 2748 4674 ι
2775 4620 2924 4704 "Ope:
2960 4625 3184 4693 ἀνόητον
3212 4623 3458 4704 φύσημα.
3490 4618 3562 4679 Ὀ
3593 4620 3789 4696 Κύριος

2188 4715 2279 4775 καὶ
2335 4720 2423 4786 τῆς
2469 4718 2562 4772 τοῦ
2609 4711 2854 4791 Ἀϐραὰμ
2913 4711 3219 4790 συγγενείας
3274 4711 3523 4770 ἐκϐάλλει
3581 4708 3787 4776 αὐτούς’

2188 4809 2236 4864 οἱ
2284 4805 2337 4862 δὲ
2379 4801 2543 4869 οὕτως
2601 4801 3042 4872 ἀλαζονεύονται,
3093 4800 3232 4859 ὥστε
3275 4799 3416 4868 υἱοὺς
3467 4795 3682 4864 ἑαυτοὺς
3736 4796 3790 4866 ἐξ

2192 4893 2442 4958 ἀπονοίας
2470 4889 2562 4949 καὶ
2590 4892 2750 4948 αὐτοῦ
2803 4897 2895 4949 τοῦ
2950 4893 3097 4950 Θεοῦ
3129 4895 3426 4949 ποιοῦνται.
3485 4885 3644 4948 Ἐπεὶ
3687 4886 3790 4966 γὰρ

2188 4983 2456 5055 ἤκουσαν,
2487 4981 2566 5039 ὅτι
2596 5007 2623 5034 «ι
2663 4980 2789 5047 Υἱὸς
2834 4977 3167 5060 πρωτότοκός
3199 5003 3300 5056 μου
3334 4975 3560 5056 Ἰσραὴλ
3581 5021 3600 5054 ,
3632 4998 3658 5030 »
3700 4977 3788 5033 αὖ·

2190 5078 2346 5153 χοῦσι
2380 5071 2475 5142 τὴν
2513 5069 2653 5129 θείαν
2695 5071 2981 5130 υἱοθεσίαν.
3029 5068 3221 5129 Καίτοι
3263 5068 3370 5127 ἔδει
3401 5065 3591 5132 αὐτοὺς
3625 5069 3790 5126 ἀκοῦ-

2193 5185 2282 5220 σαι
2311 5163 2550 5239 ἀλλαχοῦ
2600 5159 2754 5216 πάλιν
2786 5165 2874 5218 τοῦ
2908 5161 3050 5219 Θεοῦ
3088 5158 3344 5238 λέγοντος⁹
3398 5185 3421 5209 α
3457 5155 3614 5222 Υἱοὺς
3643 5155 3792 5232 ἐγέν-

2191 5274 2329 5321 νησα
2371 5248 2462 5308 καὶ
2498 5249 2708 5329 ὕψωσα·
2747 5247 2895 5308 αὐτοὶ
2941 5249 2997 5306 δέ
3025 5273 3089 5326 με
3115 5248 3404 5320 ἠθέτησαν.
3443 5272 3466 5298 ι
3515 5245 3706 5304 Καίτοι
3737 5244 3789 5303 δὲ

2193 5340 2478 5414 δυνάμενος
2526 5341 2553 5395 ὁ
2588 5336 2781 5417 Κύριος
2823 5338 3031 5418 ἐλέγξαι
3079 5336 3300 5412 αὖτοὺς,
3337 5334 3418 5394 ὅτι
3450 5337 3510 5392 ἐκ
3545 5333 3791 5414 πορνείας

2193 5428 2382 5488 πολλοὶ
2439 5432 2612 5487 αὐτῶν
2663 5429 3016 5506 ἐγεννήθησαν
3075 5426 3207 5507 (καὶ
3281 5427 3383 5507 γὰρ
3443 5424 3792 5501 ἐπεμίγνυντο

2194 5517 2339 5599 παρὰ
2371 5517 2456 5576 τὸν
2499 5519 2656 5594 νόμον
2687 5520 2906 5583 ἐθνικοῐς
2937 5516 3194 5595 Ἑϐραῖαι
3223 5523 3467 5594 γυναῖκες
3488 5558 3504 5585 ,
3538 5513 3628 5572 καὶ
3663 5513 3793 5573 Ἰου-

2197 5608 2358 5669 δαίοις
2395 5607 2654 5686 ἐθνικαὶ),
2687 5607 2830 5683 ὅμως
2879 5609 2936 5665 οὗ
2979 5616 3118 5666 ποιεῖ
3168 5612 3340 5665 τοῦτο.
3385 5606 3466 5664 Οὐ
3508 5602 3610 5684 γὰρ
3639 5608 3794 5661 τοῦτο

479 5693 798 5762 ἐσπούδαζεν
847 5698 1019 5754 αὐτῶν
1065 5699 1300 5778 ἐλέγχειν
1349 5696 1444 5769 τὴν
1493 5695 1805 5776 σωματικὴν
1833 5696 2167 5779 δυσγένειαν,
2202 5699 2340 5757 ἀλλὰ
2387 5699 2448 5756 τὸ
2477 5707 2583 5756 πᾶν
2643 5700 2789 5778 αὐτῷ
2849 5696 3212 5774 σπούδασμα,
3283 5697 3550 5774 δυσγενεῖς
3609 5690 3795 5758 αὐτοὺς

481 5784 621 5844 κατὰ
648 5790 861 5860 πνεῦμα
900 5787 1083 5855 δεῖξαι.

557 5864 598 5896 ³⁸
640 5869 741 5921 lsa.
782 5883 824 5935 1,
853 5873 904 5922 2.
