2099 3232
233 255 273 282 29
618 251 816 280 ENARRATIO
836 251 869 278 lN
890 250 1107 278 EVANGELIUM
1125 249 1276 278 JOANNlS.
1297 265 1331 269 —
1351 250 1426 278 CAP.
1447 250 1514 277 Vlll.
1861 250 1896 277 30

281 327 299 345 ι
314 310 398 347 nunc
415 316 508 349 αὐτοῖς
529 317 545 346 δ
560 314 674 352 Ἰησοῦς·
686 316 722 345 Ei
733 316 747 344 ὁ
766 314 835 348 Θεὸς
854 313 945 353 πατὴρ
968 315 1040 352 tam»

1134 314 1226 341 Vens.
1252 315 1346 346 42,43.
1369 325 1380 336 α

237 357 293 401 ἦν,
308 363 434 401 ἠγαπᾶτε
445 360 477 390 ἃν
491 359 552 400 ἕμέ.
568 358 642 400 Ἐγὼ
656 359 708 400 γὰρ
722 360 752 389 ἐκ
767 361 813 388 τοῦ
826 360 897 389 Θεοῦ
914 359 1020 394 ἐξῆλθον
1033 382 1040 395 ,

235 406 287 437 καὶ
301 405 370 443 ἥκω.
383 404 457 436 οὐδὲ
469 404 523 446 γὰρ
543 404 590 435 ἀπ’
606 406 724 444 ἐμαυτοῦ
741 404 856 440 ἐλήλυθα
868 429 875 440 ,
889 404 948 432 ἀλλ’
973 404 1042 432 ἐκεῖ·

235 450 281 486 νός
295 463 330 491 με
343 450 511 481 ἀπέστειλεν.
532 449 585 480 Διὰ
605 449 631 479 τί
654 449 703 485 τὴν
722 449 818 479 λαλιὰν
847 448 895 484 τὴν
924 447 991 486 ἐμὴν
1012 449 1042 478 οὐ

235 495 402 538 minitas;
415 494 485 526 ⁸οτι
507 496 538 524 οὗ
563 494 675 524 δύνασθε
695 493 800 523 ἀκούειν
822 494 866 523 τὸν
894 492 971 531 λόγον
997 493 1042 523 τὸν

237 537 318 578 ἒμόν.
330 554 344 568 ι
354 539 468 576 Ἐπειδὴ
480 539 604 575 ἰξίϐαλεν
616 538 710 573 αὐτοὺς
720 540 767 574 τῆς
779 537 843 578 πρὸς
853 538 897 567 τὸν
919 537 1042 578 Ἀϐραὰμ

237 586 402 623 οἰκειότητος
411 608 421 623 ,
437 583 514 614 circa}.
527 583 572 615 ἐπὶ
585 584 616 614 τὸ
632 586 722 623 μεῖζον
745 583 879 619 ἀνέϐησαν
889 605 896 619 ,
915 582 958 612 τὸν
972 583 1041 612 Θεὸν

238 631 395 670 ποιούμενοι
415 629 530 669 πατέρα.
555 629 606 663 Ὧς
633 628 685 670 γὰρ
713 628 848 658 ὠνείδισεν
868 629 976 664 αὐτοῖς,
1002 627 1042 657 ὅτι

239 676 377 718 μιαιφόνοι
409 674 487 705 εἰσίν·
519 673 594 704 αὐτοὶ
627 673 719 714 ὥσπερ
746 673 1041 718 ὓπεραπολογούμενοι,

239 717 340 752 ἇητὸν
362 721 434 752 Θεὸν
454 719 608 756 ἐκδικοῦσι,
631 718 677 748 καὶ
698 718 742 748 διὰ
763 721 842 748 τοῦτο
869 717 1042 757 βουλεύονται

238 767 302 797 κατ’
327 767 424 803 αὖτοῖἱ,
437 767 548 795 τοιαῦτα
565 763 683 803 λέγουσι.
705 763 753 794 Διὸ
772 763 819 793 καὶ
834 765 848 793 ὃ
865 763 965 802 Κύριος
981 764 1043 792 δει-

240 811 347 847 κνύων”,
361 812 398 844 ὣς
420 809 472 850 ἔρα
490 808 576 839 οὖτὸν
591 809 662 840 Θεὸν
683 809 846 844 ὲκδικοῧσιν,
874 807 935 836 οὐδὲ
960 806 1042 837 τέκνα

242 855 296 886 εἰσὶ
307 857 354 886 τοῦ
372 855 461 892 Θεῶ,
476 854 509 884 δι’
533 853 598 883 αὐτὸ
616 856 694 883 τοῦτο
707 853 738 884 τὸ
752 854 866 893 μελετᾷν
887 852 946 881 κατ’
962 853 1042 882 αὐτοῦ

241 901 336 942 φόνον,
357 902 393 934 ὣς
415 901 512 930 ἕχεῖνοι
526 898 626 940 ᾤοντο,
648 898 718 928 ἀλλὰ
742 898 844 936 μᾶλλον
863 898 1043 942 ἐναντιοῦνται

240 938 283 988 τῷ
295 946 376 987 θεῷ,
390 944 484 986 φησὶν,
496 938 539 974 ὅτι
549 957 561 970 κ
576 945 609 974 Εἰ
619 945 634 973 ὁ
644 942 713 977 Θεὸς
728 942 820 983 πατὴρ
832 943 907 988 ὑμῶν
922 938 963 978 ἦν,
975 943 1043 981 ἠγα-

242 995 315 1021 πᾶτε
330 992 363 1021 ἃν
378 989 435 1029 ἰμί.
461 989 537 1029 Ἐγὼ
547 988 598 1029 γὰρ
620 989 650 1018 ἐκ
671 990 717 1018 τοῦ
735 988 806 1018 Θεοῦ
834 987 956 1023 ἐξῆλθον,
977 1001 989 1013 υ
1007 988 1043 1021 εἷς

241 1036 290 1066 τὸν
303 1035 420 1074 ιόσμον,
443 1033 564 1070 δηλονότι
588 1032 658 1063 κατὰ
669 1032 717 1068 τὴν
733 1034 759 1062 ἐν
774 1031 855 1071 σαρκὶ
877 1031 1039 1071 παρουσίαν,

243 1080 294 1116 Μὴ
322 1073 375 1121 γᾶρ
408 1078 526 1112 dire-’0ch
552 1080 618 1117 εἰμι·
648 1077 695 1106 ἀπ’
721 1076 822 1106 ἐκείνου
851 1073 942 1121 ἦλθον·
973 1076 1042 1106 ὥστε

241 1125 345 1156 duim
363 1120 423 1154 ἐστὶ
436 1122 545 1164 ἐχθροὶ,
568 1122 628 1161 ἐμοὶ
645 1123 834 1161 πολεμοῦντες,
848 1135 860 1149 ι
881 1120 934 1151 Διὰ
954 1121 980 1151 τί
995 1121 1042 1157 τὴν

243 1169 344 1200 λαλιὰν
361 1169 410 1205 τὴν
435 1168 503 1208 ἐμὴν
525 1168 555 1198 οὔ
572 1167 736 1207 γινώσκετε,
760 1181 773 1193 υ
791 1166 851 1196 οὐδὲ
872 1166 975 1196 συνίετε
996 1166 1042 1196 καὶ

241 1216 326 1245 νοεῖτε
342 1213 359 1244 ἃ
379 1213 465 1254 λέγω;
485 1208 525 1243 ’Ἦ
542 1212 651 1246 πάντως
672 1213 706 1241 δι’
722 1211 796 1242 οὐδὲν
814 1211 895 1247 ἄλλο,
916 1210 933 1246 ἢ
952 1211 982 1240 τὸ
1004 1211 1041 1249 μὴ

242 1259 372 1290 δύνασθαι
386 1257 491 1288 ἀκούειν
502 1257 547 1287 τὸν
558 1256 636 1296 λόγον
651 1269 702 1295 μου
713 1279 720 1293 ,
740 1256 877 1292 τουτέστι,
901 1256 931 1285 τὸ
948 1255 985 1293 μὴ
1002 1255 1043 1285 θέ-

238 1305 295 1334 λιιν
307 1304 352 1344 (τὸ
361 1303 413 1344 γὰρ
425 1302 464 1342 μὴ
480 1302 625 1340 δύνασθαι,
639 1301 699 1331 ἀντὶ
711 1305 757 1331 τοῦ
772 1301 808 1340 μὴ
824 1301 907 1330 Θέλειν
921 1301 1007 1330 κεῖται

237 1347 312 1384 Ἕλος
335 1348 389 1390 γὰρ
403 1347 494 1388 φθόνος
509 1348 536 1377 ἐν
560 1349 623 1385 ὑμῖν
647 1347 836 1382 πολιτεύεται,
860 1345 906 1375 καὶ
935 1347 1041 1386 φονῶσα

240 1394 338 1434 γνώμη
347 1417 355 1430 ,
370 1394 427 1426 πῶς
437 1391 579 1434 δυνήοεσθε
596 1391 700 1421 ἀκούειν
716 1391 733 1420 ἃ
746 1391 834 1430 λέγω;

282 1431 304 1467 ι’
315 1438 410 1477 Ὑμεῖς
423 1438 511 1467 lat-toﬁ
521 1431 625 1476 Δπατρὸς
640 1438 686 1465 τοῦ
702 1435 827 1465 διαϐόλου
843 1434 902 1465 ἐστὲ
913 1457 921 1471 ,
934 1434 980 1463 καὶ
995 1434 1041 1469 τὰς

238 1483 381 1522 επιθυμίας
398 1485 444 1512 τοῦ
467 1481 570 1522 πατρὸς
585 1483 661 1520 ὑμῶν
685 1481 774 1511 θέλετε
799 1484 896 1510 ποιεῖν.
922 1479 1042 1514 Ἐκεῖνος

238 1527 455 1569 ἀνθρωποκτόνος
470 1522 502 1563 ἦν
524 1526 571 1555 ἀπ’
587 1527 673 1566 ἀρχῆς
682 1547 692 1562 ,
709 1525 755 1555 καὶ
770 1527 797 1555 ἐν
815 1527 849 1569 τῇ
865 1525 977 1566 ἀληθείᾳ
993 1526 1043 1565 οὖχ

239 1573 364 1610 ἕστηκεν,
375 1571 417 1602 ὅτι
428 1572 477 1601 οὔκ
488 1572 560 1600 ἔστιν
571 1571 682 1606 ἀλήθεια
693 1571 720 1600 ἐν
732 1571 815 1610 αὐτῷ.
826 1568 918 1599 νΟταν
931 1571 1001 1610 λαλῇ
1012 1570 1042 1599 τὸ

237 1618 349 1659 ψεῦδος,
372 1618 403 1647 ιιι
416 1617 469 1646 τῶν
485 1615 558 1645 ἰδίων
574 1615 670 1652 λαλεῖ,
687 1615 728 1645 ὅτι
743 1615 860 1656 ψεύστης
874 1614 944 1659 ἐστὶ,
964 1614 1010 1644 χαὶ
1027 1616 1041 1643 ὁ

1408 312 1484 340 Dixit
1498 312 1538 340 eis
1551 313 1643 346 Jesus,
1666 311 1694 340 Si
1718 313 1794 339 Deus
1817 315 1896 347 pater

1096 362 1185 386 vester
1209 362 1291 392 esset,
1315 357 1464 393 diligeretis
1487 357 1583 392 utique
1599 364 1653 384 me.
1680 358 1738 392 Ego
1762 357 1837 384 enim
1861 364 1895 384 ex

1098 405 1157 431 Deo
1172 403 1305 439 processi,
1322 407 1350 431 et
1364 403 1426 430 veni
1440 414 1445 430 :
1470 410 1558 437 neque
1573 402 1648 429 enim
1672 410 1686 429 a
1702 401 1806 436 meipso
1822 402 1895 435 veni,

1097 447 1144 476 sed
1160 448 1205 475 ille
1219 455 1264 475 me
1274 448 1361 475 misit.
1380 448 1471 483 Quare
1487 446 1624 482 loquelam
1640 454 1731 473 meam
1745 453 1800 473 non
1812 454 1896 481 agno-

1096 493 1191 521 scitis?
1204 492 1272 527 Quia
1285 501 1342 520 non
1353 492 1467 529 potestis
1483 491 1577 519 audire
1592 499 1750 518 sermonem
1762 498 1865 518 meum.
1882 502 1895 514 »

1097 539 1251 574 Postquam
1267 537 1348 574 ejecit
1360 546 1407 565 eos
1423 544 1438 564 a
1454 535 1558 564 familia
1570 536 1702 570 Abrahae,
1718 536 1771 571 ipsi
1786 535 1812 562 in
1825 543 1897 563 arro-

1097 583 1220 619 gantiam
1238 582 1421 618 proﬁcientes,
1445 581 1551 609 faciunt
1567 582 1657 609 Deum
1680 584 1788 616 patrem
1803 588 1896 607 suum.

1097 627 1154 656 Ubi
1170 627 1244 655 enim
1269 627 1451 663 opprobravit
1474 626 1514 654 eis
1529 625 1605 661 quod
1627 624 1775 653 homicida:
1793 628 1896 657 essent,

1097 672 1150 709 ipsi
1165 680 1214 708 pro
1230 671 1391 700 defensione
1407 670 1527 699 afferunt
1542 670 1618 706 quod
1642 672 1745 704 ,Deum
1760 669 1898 696 vindicent

1098 721 1126 744 et
1141 721 1282 753 propterea
1296 717 1453 744 consultant
1467 720 1563 743 contra
1576 723 1650 748 eum,
1667 719 1694 742 et
1713 714 1778 741 talia
1789 714 1894 742 dicunt.

1098 762 1163 789 Ideo
1179 766 1205 790 et
1224 762 1360 789 Dominus
1375 766 1534 788 monstrans
1550 759 1625 796 quod
1641 760 1720 794 plane
1735 767 1791 786 non
1806 760 1896 786 Deum

1099 807 1247 841 vindicent,
1263 814 1351 842 neque
1375 806 1420 833 lilii
1435 806 1491 833 sint
1515 805 1577 838 Dei,
1604 804 1770 832 meditantes
1793 804 1895 832 eaedem

1099 855 1193 880 contra
1210 860 1249 884 se,
1263 851 1334 879 sicut
1348 850 1386 878 illi
1401 850 1616 883 arbitrabantur,
1632 849 1679 877 sed
1695 849 1785 885 magis
1800 848 1897 876 adver-

1099 897 1149 925 sati
1164 901 1256 924 essent
1271 898 1342 930 Deo,
1357 895 1440 923 dicit:
1459 906 1471 919 ιι
1486 895 1514 923 Si
1530 897 1603 922 Deus
1619 898 1696 929 pater
1709 897 1799 921 vester
1814 897 1895 926 esset,

1098 941 1248 978 diligeretis
1263 949 1317 968 me.
1336 942 1392 976 Ego
1413 939 1489 968 enim
1504 947 1536 966 ex
1553 940 1611 966 Deo
1625 939 1706 971 exivi,
1725 950 1737 961 υ
1763 938 1791 965 in
1815 946 1897 965 mun-

1098 986 1166 1014 dum
1182 986 1318 1019 videlicet,
1331 986 1414 1021 juxta
1430 984 1577 1012 adventum
1592 983 1620 1011 in
1635 991 1728 1010 carne.
1745 983 1806 1010 Non
1821 983 1897 1010 enim

1099 1039 1161 1059 sum
1183 1030 1355 1059 adversarius
1380 1031 1449 1062 Deo,
1465 1037 1479 1056 a
1499 1037 1553 1064 quo
1569 1028 1641 1061 veni,
1667 1032 1695 1055 et
1709 1027 1748 1055 ita
1762 1027 1836 1055 illius
1850 1035 1899 1055 vos

1098 1077 1164 1104 estis
1185 1075 1302 1110 inimici,
1328 1082 1372 1102 me
1398 1075 1600 1110 impugnantes.
1626 1073 1717 1108 Quare
1740 1080 1896 1100 sermonem

1097 1129 1192 1149 meum
1218 1129 1276 1148 non
1304 1120 1483 1156 cognoscitis,
1515 1126 1602 1154 neque
1627 1117 1777 1153 intelligitis
1808 1125 1898 1153 neque

1096 1166 1221 1202 cogitatis
1241 1173 1302 1201 qua;
1324 1165 1434 1193 dicam?
1457 1163 1577 1192 Omnino
1604 1163 1685 1198 plane
1704 1166 1816 1198 propter
1829 1162 1896 1189 nihil

1097 1211 1180 1244 aliud,
1195 1218 1281 1246 quam
1299 1209 1373 1245 quod
1397 1217 1454 1236 non
1479 1208 1593 1244 potestis
1616 1207 1711 1235 audire
1739 1215 1897 1235 sermonem

1098 1264 1204 1286 meum.
1219 1255 1272 1282 hoc
1291 1259 1343 1290 est,
1365 1261 1423 1281 non
1439 1254 1530 1281 vultis.
1546 1254 1607 1280 Non
1632 1259 1712 1288 posse
1737 1252 1823 1284 enim,
1847 1259 1897 1286 pro

1096 1308 1154 1328 non
1170 1300 1235 1328 velle
1261 1299 1385 1335 ponitur.
1413 1297 1544 1333 Quandiu
1559 1297 1635 1324 enim
1659 1296 1688 1323 in
1703 1296 1782 1323 vobis
1800 1296 1897 1323 odium

1097 1345 1192 1379 fuerit,
1220 1348 1248 1372 et
1275 1352 1355 1371 mens
1378 1342 1567 1379 sanguinaria,
1603 1340 1744 1377 quomodo
1772 1340 1896 1376 poteritis

1096 1390 1192 1418 audire
1205 1397 1267 1425 quae
1279 1389 1361 1416 dico?

1133 1436 1225 1463 Vens.
1241 1436 1336 1461 44-45.
1355 1442 1369 1459 ι(
1384 1434 1440 1461 Vos
1455 1440 1489 1460 ex
1503 1436 1581 1468 patre
1596 1430 1706 1458 diabolo
1720 1430 1795 1463 estis,
1810 1433 1836 1457 et
1848 1429 1895 1457 de-

1096 1480 1196 1508 sideria
1211 1479 1296 1515 patris
1310 1478 1392 1506 vestri
1407 1477 1491 1506 vultis
1507 1477 1608 1505 facere.
1626 1476 1675 1504 Ille
1688 1475 1828 1503 homicida
1839 1479 1899 1502 erat

1097 1526 1130 1553 ab
1146 1525 1236 1556 initio,
1262 1528 1290 1552 et
1313 1524 1342 1551 in
1363 1524 1481 1552 veritate
1506 1531 1562 1550 non
1585 1522 1669 1556 stetit,
1698 1522 1762 1556 quia
1783 1524 1897 1548 nonest

1097 1570 1197 1598 veritas
1205 1570 1233 1597 in
1247 1577 1290 1597 eo.
1303 1569 1375 1597 Cum
1390 1568 1513 1604 loquitur
1527 1567 1717 1598 mendacium,
1733 1573 1764 1593 ex
1778 1565 1898 1601 propriis

1096 1615 1230 1651 loquitur,
1258 1614 1323 1649 quia
1350 1613 1469 1641 mendax
1495 1615 1549 1646 est,
1580 1614 1607 1639 et
1631 1615 1708 1647 pater
1731 1610 1791 1645 ejus
1812 1619 1818 1637 ε
1847 1618 1897 1645 ego

237 1654 331 1702 πατὴρ
347 1662 440 1692 αὐτοῦ.
455 1659 529 1702 ²ιῇγὼ
546 1659 574 1690 δί
589 1659 629 1690 ὅτι
640 1660 690 1695 τὴν
708 1654 833 1695 ἀλήθειαν
847 1658 934 1697 λέγω,
950 1660 980 1687 οὐ
997 1671 1040 1688 πι-

1096 1664 1198 1692 autem,
1215 1659 1280 1696 quia
1295 1659 1442 1687 veritatem
1467 1657 1539 1691 dico,
1564 1665 1623 1684 non
1645 1655 1756 1683 creditis
1780 1654 1857 1682 mihi.
1883 1666 1895 1679 ιν

237 1700 348 1737 mihi
355 1717 412 1746 μοι.
423 1718 440 1734 ι
454 1700 550 1743 Εἶπεν,
563 1704 603 1734 ὅτι
617 1716 632 1732 ιι
642 1705 683 1735 Οὖ
694 1703 806 1746 δύναςθε
821 1704 926 1733 ἀκούειν
937 1703 982 1733 τὸν
995 1704 1040 1734 λό-

237 1763 288 1792 γον
300 1744 363 1791 μους
375 1761 391 1780 ι
403 1750 463 1781 ἀντὶ
474 1753 532 1787 τοῦ,
545 1750 586 1781 Οὔ
598 1748 733 1789 βούλεσθε.
746 1744 814 1779 Εἶτα
827 1748 921 1787 ἐπάγει
933 1748 978 1778 καὶ
991 1747 1039 1784 τὴν

237 1796 342 1834 Cirim,
348 1795 421 1826 διατι
430 1795 479 1825 οὗκ
490 1794 648 1831 ἡϐούλοντο-
662 1793 736 1824 Διότι
745 1795 775 1823 ἐκ
787 1796 833 1822 τοῦ
841 1793 940 1833 πατρὸς
946 1796 991 1822 τοῦ
998 1794 1039 1822 οἰ-

238 1841 314 1872 κείου
334 1841 396 1880 θμῑν
418 1841 488 1870 ἐστι·
502 1838 595 1877 ποίου,
619 1839 708 1878 λέγω;
725 1841 771 1868 τοῦ
792 1838 929 1868 διαϐόλου.
946 1837 1041 1872 Ὑμεῖς

237 1886 290 1926 μὶν
303 1885 356 1926 γὰρ
369 1884 414 1915 τὸν
427 1884 498 1916 Θεὸν
514 1885 617 1917 ἑαυτοῖς
632 1882 735 1924 πατέρα
752 1883 961 1921 ἀπονενοημένοι
977 1885 1038 1912 ἐπι-

235 1931 379 1972 γράφεσθιο
394 1930 429 1960 τὰ
445 1929 473 1960 δὲ
488 1928 552 1970 ἔργα
567 1930 643 1968 ὑμῶν
663 1928 707 1958 τὸν
740 1928 864 1957 διάϐολον
881 1930 942 1966 ὑμῖν
957 1940 1040 1968 προσ-

237 1971 373 2016 “opeope?
393 1973 498 2014 πατέρα
515 1972 702 2014 γνησιώτερον·
714 1972 821 2016 ..τούτου
843 1971 896 2012 γὰρ
913 1972 962 2006 τὰς
977 1974 1038 2002 ἔπι-

237 2012 339 2059 δυμίαξ
352 2019 442 2050 θέλετε
455 2012 552 2048 ποιεῖν.
571 2018 626 2049 Καὶ
642 2012 689 2048 οὖιι
706 2012 780 2054 εἷπε,
797 2017 842 2047 Τὰ
857 2017 939 2057 ἔργα,
956 2017 1040 2055 ἀλλὰ,

237 2076 254 2094 α
270 2064 331 2099 Τὰς
343 2063 502 2103 ἃπιθυμίας,
521 2073 536 2093 n
565 2062 667 2097 δεικνὺς
689 2062 730 2093 ὅτι
752 2061 853 2103 σφόδρα
879 2063 1038 2101 ἐπιθυμητι-

234 2110 294 2144 ιῖις
312 2109 442 2140 διέκειντο
459 2107 523 2148 περί
543 2120 572 2138 τε
593 2108 624 2138 τὸ
646 2108 742 2148 ψεῦδος
767 2107 812 2136 καὶ
839 2106 884 2136 τὸν
912 2107 1007 2147 φόνον,
1023 2107 1040 2136 ἃ

236 2153 375 2185 ἰδιαίτατα
393 2152 468 2183 κακὰ
484 2155 531 2183 τοῦ
547 2152 682 2183 διαϐόλου.
703 2164 717 2180 α
734 2152 854 2184 Ἐκεῖνος
869 2151 920 2191 γὰρ
933 2153 1038 2191 ἄνθρω-

234 2198 368 2234 πονιτόνος
388 2193 421 2235 ἦν
436 2197 485 2228 ἄπ’
499 2199 593 2239 ἀρχῆς·
611 2209 627 2225 ν
654 2195 722 2227 ὥστε
748 2196 794 2226 καὶ
809 2198 885 2235 ὑμεῖς
900 2197 1041 2232 ζητοῦντές

236 2255 274 2280 με
291 2244 463 2280 ἄκοντι-εῖναι,
485 2242 579 2283 ἐκείνῳ
601 2242 705 2272 latitat:
728 2243 768 2282 τῷ
787 2241 832 2270 τὸν
847 2241 942 2281 Ἀδὰμ
956 2244 1040 2271 θοινα-

235 2287 365 2320 τῶσαντι.
377 2287 460 2318 Ἀλλᾶ
478 2298 494 2317 ε
505 2287 552 2318 καὶ
566 2288 592 2317 ἐν
604 2289 637 2328 τῇ
654 2286 765 2328 ἀληθείᾳ
780 2287 830 2326 οὐχ
845 2285 956 2323 ἕστηκεν
968 2289 1038 2316 ἐκεῖ-

1094 1705 1217 1738 Dixerat,
1230 1705 1293 1732 Non
1312 1703 1426 1740 potestis
1445 1702 1540 1730 audire
1554 1708 1712 1729 sermonem
1727 1708 1833 1733 meum,
1846 1699 1897 1727 hoc

1095 1754 1147 1784 est,
1159 1758 1216 1777 non
1229 1749 1322 1776 vultis.
1336 1747 1442 1776 Deinde
1454 1747 1545 1775 subdit
1555 1747 1639 1774 etiam
1649 1753 1775 1776 causam,
1786 1748 1898 1780 propter

1094 1803 1178 1831 quam
1193 1802 1253 1822 non
1269 1794 1407 1826 volebant,
1424 1794 1463 1820 Eo
1477 1792 1561 1828 quod,
1577 1791 1675 1827 inquit,
1702 1798 1735 1818 ex
1750 1794 1826 1826 patre
1850 1789 1897 1817 illo

1095 1844 1185 1867 vestro
1210 1839 1291 1872 estis,
1318 1846 1374 1874 quo
1389 1837 1470 1866 dico?
1498 1836 1619 1865 diabolo.
1652 1836 1724 1863 Nam
1739 1834 1825 1870 626
1850 1841 1898 1861 vos

1095 1883 1207 1920 quidem
1221 1884 1344 1912 asseritis
1355 1882 1434 1910 vobis
1449 1885 1556 1917 patrem
1576 1882 1669 1908 Deum
1694 1887 1742 1915 per
1765 1886 1896 1914 arrogan-

1095 1928 1174 1960 tiam.
1196 1931 1223 1955 et
1246 1935 1328 1963 opera
1353 1931 1443 1954 vestra
1467 1928 1604 1953 testantur
1628 1924 1767 1952 diabolum
1790 1927 1897 1958 patrem

1094 1977 1218 2001 vestrum
1234 1972 1322 2008 magis
1336 1978 1508 2008 germanum.
1526 1971 1598 1997 Nam
1612 1968 1671 2004 ejus
1683 1967 1819 1995 desideria
1834 1967 1896 1995 vul—

1094 2018 1130 2046 tis
1146 2018 1248 2045 laeere.
1267 2019 1302 2045 Et
1312 2025 1370 2045 non
1380 2016 1454 2044 dixit
1465 2016 1565 2051 Opera,
1578 2014 1627 2041 sed
1640 2013 1795 2046 Desideria,
1805 2017 1898 2040 osten-

1094 2063 1161 2092 dens
1174 2063 1243 2090 mire
1258 2062 1375 2090 affectos
1397 2059 1539 2089 homicidii
1555 2058 1749 2094 mendaciique
1772 2057 1895 2091 libidine,

1093 2116 1155 2145 qum
1171 2108 1292 2136 maxime
1305 2107 1418 2143 propria
1434 2105 1504 2133 mala
1519 2109 1585 2133 sunt
1599 2103 1712 2131 diaboli.
1729 2112 1743 2128 ((
1757 2103 1806 2131 Ille
1821 2102 1894 2130 enim

1094 2153 1232 2181 homicida
1250 2152 1304 2180 fuit
1329 2153 1363 2179 ab
1388 2151 1480 2184 initio,
1505 2161 1517 2174 υ
1542 2153 1624 2185 atque
1649 2149 1688 2176 ita
1712 2156 1765 2175 vos
1789 2155 1899 2183 quoque

1094 2202 1249 2234 quaerentes
1264 2205 1309 2225 me
1331 2196 1464 2231 occidere,
1484 2194 1590 2222 similes
1604 2193 1670 2221 facti
1694 2193 1761 2220 estis
1785 2192 1833 2225 illi,
1849 2192 1896 2227 qui

1094 2243 1183 2271 Adam
1197 2242 1303 2270 occidit.
1320 2242 1395 2277 Quin
1415 2252 1429 2265 α
1449 2243 1477 2268 et
1498 2239 1542 2267 ille
1568 2239 1596 2266 in
1611 2238 1726 2266 veritate
1740 2245 1797 2264 non
1811 2237 1897 2271 stetit,

1095 2287 1144 2316 sed
1159 2287 1298 2316 mendacii
1313 2291 1390 2323 pater
1407 2290 1464 2320 est;
1485 2296 1499 2309 ι
1520 2284 1604 2320 igitur
1619 2286 1646 2310 et
1661 2290 1709 2310 vos
1733 2281 1898 2309 mentientes

241 2345 306 2371 νος,
320 2345 336 2362 ι
361 2331 430 2363 ἀλλὰ
446 2334 494 2363 τοῦ
514 2331 625 2373 ψεύδους
648 2331 705 2361 ἐστὶ
728 2331 830 2372 πατήρ·
848 2331 893 2360 χαὶ
906 2333 982 2370 ὑμεῖς
996 2328 1040 2361 οὖν

1098 2337 1125 2361 et
1137 2333 1273 2366 dicentes,
1289 2332 1360 2368 quod
1376 2338 1435 2359 non
1449 2330 1502 2358 sim
1518 2337 1552 2356 ex
1567 2330 1638 2362 Deo,
1665 2331 1693 2355 et
1714 2335 1771 2354 non
1794 2329 1897 2353 stantes

235 2377 468 2419 καταψευδόμενοί
487 2388 553 2417 μου,
576 2377 622 2406 καὶ
647 2375 784 2416 λέγοντες,
801 2375 842 2406 ὅτι
866 2377 914 2406 οὐκ
935 2377 990 2414 εἰμὶ
1009 2378 1038 2406 ἐκ

236 2425 288 2454 τοῦ
301 2423 389 2460 Θεοῦ,
399 2421 446 2453 καὶ
461 2421 500 2461 μὴ
515 2421 656 2461 ἱστάμενοι
671 2422 698 2451 ἐν
760 2420 887 2461 ἀληθείᾳ,
903 2420 973 2459 μηδὲ
990 2422 1039 2460 ἐμ-

234 2468 362 2508 μένοντος
375 2468 414 2508 τῷ
435 2467 493 2508 Iw?)
505 2466 594 2507 λόγῳ,
612 2466 712 2496 ἐκείνου
733 2465 813 2495 τέχνα
836 2465 895 2495 ἐστὲ
906 2489 915 2502 ,
944 2469 992 2495 τοῦ
1008 2466 1039 2496 τὸ

233 2513 335 2555 W30:
344 2511 476 2546 τεκόντος.
489 2510 609 2545 Ἐκεῖνος
624 2511 676 2551 γὰρ
691 2510 738 2540 καὶ
753 2510 797 2540 τὸν
814 2510 885 2540 Θεὸν
900 2511 966 2551 πρὸς
979 2510 1039 2544 τοὺς

233 2556 393 2598 ἀνθρώπους
405 2555 531 2596 διέϐαλε,
543 2555 609 2596 πρὸς
618 2555 668 2592 τὴν
682 2555 755 2586 Εὔαν
771 2555 854 2585 εἰπὼν
863 2577 870 2591 ,
883 2555 924 2584 ὅτι
936 2570 947 2581 ιι
963 2557 1037 2585 (D60-

232 2604 290 2634 νὸν
303 2604 368 2641 ὗμῖν
385 2601 509 2642 ἰπιῖρξιν
537 2602 607 2639 ὑμᾶς
630 2603 678 2631 τοῦ
704 2601 794 2635 ξύλου·
814 2613 828 2630 n
847 2600 892 2630 καὶ
909 2601 974 2641 πρὸς
995 2601 1039 2630 τὸν

231 2646 306 2679 Θεὸν
330 2646 415 2677 πάλιν
435 2645 497 2681 τοὺς
514 2644 669 2686 ἀνθρώπους
690 2645 831 2682 διὲϐαλεν,
847 2647 882 2678 ὡς
896 2645 940 2674 τὸν
957 2644 1039 2683 Ἰὼϐ,

230 2691 331 2732 λέγειν
350 2702 366 2720 α
377 2689 428 2728 Μὴ
442 2690 547 2732 δωρεὰν
561 2689 626 2721 Ἰὼϐ
640 2690 749 2721 σέϐεται
764 2691 808 2720 τὸν
819 2690 905 2726 Θεόν;
922 2702 936 2719 ι)
951 2690 1040 2720 Ὅταν

230 2732 278 2768 οἶν
383 2735 416 2766 τὸ
430 2736 546 2778 ψεῦδος,
560 2736 592 2766 ἐκ
607 2736 659 2764 τῶν
683 2734 759 2765 ἰδίων
777 2736 864 2765 λαλεῖ·
887 2735 1038 2772 τουτέστιν,

228 2782 366 2824 ἅνθρωποι
389 2781 443 2820 μὲν
471 2782 513 2811 τῶ
538 2779 630 2820 ψεύδει
660 2779 819 2821 χρώμενοι,
846 2781 883 2814 ὥς
905 2780 1038 2822 ἀλλοτρίῳ

226 2829 349 2870 χρῧνται
361 2825 464 2868 πάτερ’
476 2826 493 2855 ὃ
514 2824 639 2858 διάϐολος
652 2824 680 2854 δὲ
701 2825 737 2859 ὣς
762 2824 821 2866 ἰδίῳ
838 2827 919 2855 αὐτοῦ
934 2824 1036 2865 κέχρη-

264 2913 288 2932 ίτ
300 2913 376 2945 Gen.
388 2918 441 2948 nx,
455 2913 486 2940 5.
498 2909 521 2928 “
533 2908 676 2945 ιιειιιη,
692 2912 736 2939 84.

102 3196 108 3199 _
206 3168 382 3229 περ.-
439 3204 442 3208 “

1092 2378 1120 2406 in
1136 2378 1261 2412 veritate,
1284 2385 1372 2413 neque
1386 2379 1531 2403 manentes
1546 2374 1572 2401 in
1596 2381 1658 2400 meo
1673 2379 1810 2405 sermone,
1827 2371 1898 2398 illius

1093 2423 1142 2451 ﬁlii
1173 2423 1250 2456 estis,
1276 2423 1324 2458 qui
1351 2421 1529 2449 mendacium
1560 2419 1674 2454 peperit.
1705 2419 1777 2445 Nam
1801 2416 1847 2443 ille
1871 2420 1898 2443 ct

1092 2470 1184 2497 Deum
1199 2467 1271 2503 apud
1287 2466 1415 2494 homines
1433 2465 1594 2493 criminatus
1618 2467 1661 2491 est
1682 2463 1765 2496 Evaa,
1790 2461 1896 2494 dicens,

1096 2525 1108 2538 α
1128 2512 1256 2541 Invideas
1271 2512 1358 2543 vobis,
1374 2510 1516 2547 prohibuit
1530 2517 1579 2537 vos
1593 2517 1609 2536 a
1623 2507 1731 2544 ligno".
1758 2518 1770 2531 υ
1793 2507 1828 2533 Et
1843 2505 1895 2533 ite-

1094 2566 1158 2587 rum
1173 2557 1246 2593 apud
1260 2559 1350 2585 Deum
1367 2556 1494 2584 homines
1512 2554 1652 2583 accusavit
1678 2552 1757 2585 falso,
1781 2554 1812 2578 ut
1832 2549 1896 2583 Job,

1095 2602 1212 2632 dicens“I
1224 2611 1231 2630 :
1243 2614 1255 2626 α
1266 2604 1340 2630 Num
1352 2602 1437 2638 gratis
1447 2601 1501 2629 Job
1511 2600 1578 2627 colit
1590 2599 1698 2626 Deum?
1707 2606 1721 2622 γι
1733 2597 1803 2624 Cum
1817 2595 1899 2631 igitur

1095 2647 1216 2684 loquitur
1230 2647 1416 2678 mendacium,
1433 2653 1467 2673 ex
1492 2643 1611 2680 propriis
1634 2641 1773 2675 loquitur:
1791 2639 1844 2667 hoc
1859 2644 1900 2667 est

1096 2693 1224 2721 homines
1248 2691 1362 2729 quidem
1388 2689 1536 2719 mendacio
1568 2688 1622 2722 usi,
1652 2685 1729 2722 quasi
1758 2693 1787 2713 re
1811 2685 1898 2712 aliena

1094 2742 1212 2767 utuntur
1228 2745 1276 2771 eo;
1292 2737 1422 2765 diabolus
1441 2739 1537 2763 autem
1552 2740 1617 2761 cum
1632 2730 1779 2760 mendacio
1800 2731 1897 2764 utitur,

1093 2791 1124 2812 re
1140 2782 1250 2820 propria
1264 2782 1368 2810 utitur:
1394 2787 1462 2808 nam
1480 2778 1569 2815 ipsius
1594 2781 1636 2805 est
1656 2776 1760 2813 proles,
1788 2779 1815 2803 et
1841 2775 1897 2810 ipse

1094 2819 1203 2864 proprie
1223 2831 1265 2855 est
1280 2825 1409 2860 mendax,
1418 2829 1446 2853 et
1461 2828 1538 2860 pater
1545 2823 1614 2859 ejus,
1628 2822 1681 2851 hoc
1692 2825 1745 2856 est,
1764 2819 1900 2848 mendacii
