4198 6446
441 443 501 497 31
1482 443 1998 502 THEOPHYLACTI
2035 442 2392 499 BULGARLE
2430 443 2745 499 ARCHIEP.
3679 446 3745 500 32

441 568 553 641 ipse
582 575 667 625 est
688 575 863 640 pater.
919 570 1076 627 Dixit
1100 572 1246 628 enim
1271 570 1340 629 ad
1362 570 1614 629 Evam":
1650 594 1674 619 α
1707 573 2028 642 Ωιιαοιωῳιι

2158 592 2246 627 ται
2286 572 2362 650 τῷ
2404 568 2607 651 ψεύδει·
2641 572 2801 628 αὐτοῦ
2855 568 2957 647 γάρ
3004 569 3116 627 ἐστι
3161 566 3436 647 γέννημα,
3471 567 3562 626 καὶ
3594 567 3747 636 αὐτός

439 657 528 713 die
550 658 929 735 .comederitis,
974 661 1123 717 eritis
1153 661 1297 718 sicut
1336 660 1436 718 dii.
1471 685 1496 709 ι
1562 667 1634 716 At
1678 660 1735 715 hi
1792 668 2033 717 mortem

438 747 617 817 magis
670 748 1101 806 vindemiarunt.
1146 772 1171 798 α
1226 753 1343 822 Ego
1390 758 1597 819 autem,
1652 750 1854 822 inquit,
1906 749 2034 821 quia

435 835 727 892 veritatem
783 837 927 907 dico,
982 855 1099 895 non
1137 839 1362 895 creditis
1410 838 1570 895 mihi.
1619 862 1644 887 η
1690 839 1840 895 Nihil
1878 839 2033 895 enim

436 924 587 980 aliud
606 926 830 996 potestis
853 927 911 982 in
933 944 1019 986 me
1046 945 1291 1001 arguere,
1314 944 1483 1001 quam
1508 929 1685 985 solam
1710 929 2026 986 veritatem:

438 1022 493 1070 et
521 1014 651 1070 hinc
696 1025 778 1072 est
823 1017 910 1073 illa
957 1027 1134 1075 vestra
1187 1026 1382 1075 contra
1415 1034 1508 1075 me
1544 1018 1749 1089 rabies,
1779 1020 1908 1093 quia
1937 1017 2031 1074 ﬁlii

434 1104 609 1175 patris
625 1105 890 1163 mendacii
917 1108 1069 1164 estis.

507 1376 690 1433 Vnus.
738 1381 909 1432 46-50
958 1396 985 1426 α
1052 1378 1190 1449 Quis
1246 1394 1313 1435 ex
1367 1377 1520 1434 vobis
1569 1385 1761 1450 arguet
1831 1393 1925 1434 me
1961 1376 2031 1435 de

437 1468 692 1536 peccato?
748 1467 806 1521 Si
861 1466 1146 1523 veritarem
1202 1468 1326 1524 dico
1368 1468 1541 1536 vobis,
1570 1484 1741 1539 quare
1779 1483 1876 1524 vos
1916 1484 2031 1525 non

433 1554 653 1610 creditis
680 1554 859 1611 mihi?
886 1557 993 1629 Qui
1037 1573 1103 1612 ex
1152 1561 1268 1613 Deo
1315 1566 1418 1624 est,
1462 1558 1627 1614 verba
1676 1557 1776 1614 Dei
1822 1557 1977 1614 audit
2012 1577 2025 1613 :

434 1652 726 1715 propterea
756 1661 855 1701 vos
881 1662 994 1702 non
1024 1646 1249 1717 auditis,
1288 1648 1413 1720 quia
1462 1663 1529 1703 ex
1564 1650 1683 1704 Deo
1731 1663 1845 1704 non
1874 1648 2025 1703 estis.

431 1734 864 1804 Responderunt
902 1736 1070 1808 igitur
1094 1737 1294 1804 Judaei,
1326 1746 1381 1793 et
1410 1737 1673 1794 dixerunt
1699 1737 1747 1793 ei
1776 1756 1790 1794 :
1828 1741 2027 1795 Nonne

2144 660 2285 718 ἐστιν
2328 664 2355 718 ὁ
2386 660 2580 739 κυρίως
2634 660 2897 740 ψεύστης,
2942 659 3034 717 καὶ
3078 666 3106 716 ὸ
3145 657 3325 740 πατὴρ
3372 660 3568 730 αὐτοῦ,
3612 682 3741 717 του-

2139 748 2317 821 τέστι,
2372 755 2462 808 τοῦ
2493 738 2714 830 ψεύδους
2734 795 2749 822 ,
2781 747 2934 814 αὐτός
2975 749 3135 806 ἔστιν.
3178 738 3313 808 Eine
3344 746 3447 827 γὰρ
3477 750 3612 824 πρὸς
3642 748 3743 820 τὴν

2141 836 2317 912 Εὔαν,
2349 837 2428 896 ὅτι
2467 828 2605 924 31;]
2642 838 2703 896 ἂν
2736 837 2914 917 ἡμέρᾳ
2959 837 3189 918 φύγητε,
3223 837 3405 897 ἔσεσθε
3442 839 3513 905 ὡς
3542 836 3671 897 θεοί.
3704 861 3733 895 ι

2141 932 2213 988 Οἱ
2240 926 2293 988 δὲ
2317 927 2541 985 θάνατον
2567 928 2770 1003 μᾶλλον
2803 926 3124 1005 ἐτρύγησαν.
3172 948 3201 983 α
3229 926 3380 1006 Ἐγὼ
3418 926 3472 985 δὲ
3493 974 3507 1001 ,
3546 927 3733 1008 φησὶν,

2138 1017 2221 1076 ὅτι
2253 1017 2347 1088 τὴν
2375 1016 2634 1088 ἀλήθειαν
2660 1015 2817 1093 λέγω)
2859 1017 2916 1073 οὐ
2942 1015 3220 1075 πιστεύετέ
3251 1041 3360 1094 μοι.
3391 1045 3414 1069 υ
3443 1017 3613 1078 Οὐδὲν
3635 1016 3742 1097 γὰρ

2140 1108 2272 1166 ἄλλο
2302 1108 2508 1186 ἔχοντες
2539 1108 2781 1184 ἐγκαλεῖν
2801 1150 2816 1176 ,
2852 1107 2895 1161 εἰ
2930 1104 3006 1180 μὴ
3045 1105 3201 1179 μόνον
3224 1107 3317 1178 τὴν
3342 1105 3624 1179 ἀλήθειαν,
3650 1106 3740 1165 διὰ

2141 1202 2293 1257 τοῦτο
2335 1199 2563 1256 λυσσᾶτε
2612 1196 2941 1273 κατ’,ἐμοῦ,
2997 1196 3069 1261 ὥς
3101 1194 3203 1253 υἱοὶ
3260 1201 3354 1255 τοῦ
3389 1196 3590 1276 πατρὸς
3643 1204 3738 1258 τοῦ

2139 1286 2383 1368 ψεύδους.

2225 1399 2255 1431 (ι
2287 1375 2386 1443 Τίς
2429 1374 2481 1443 ἐξ
2512 1376 2657 1450 ὕμῶν
2693 1373 2901 1452 ἐλέγχει
2936 1374 3018 1449 ’με
3049 1372 3171 1453 περὶ
3219 1371 3522 1453 ἂμαρτίας;
3568 1376 3638 1435 Ei
3684 1374 3740 1434 δὲ

2139 1464 2391 1536 ἀλήθειαν
2413 1462 2584 1542 λέγω,
2618 1463 2706 1523 διὰ
2749 1464 2802 1521 τί
2829 1466 2980 1536 ὑμεῖς
3007 1466 3064 1522 οὗ
3094 1461 3375 1521 πιστεύετέ
3402 1485 3527 1539 μοι;
3556 1462 3624 1524 Ὀ
3663 1462 3737 1521 ὢν

2138 1559 2197 1614 ἐκ
2217 1556 2388 1625 Θεοῦ,
2415 1552 2482 1613 τὰ
2507 1553 2723 1630 ῥήματα
2751 1557 2842 1611 τοῦ
2860 1556 3001 1613 Θεοῦ
3028 1551 3229 1613 ἀκούει.
3262 1550 3368 1611 Διὰ
3399 1557 3559 1611 τοῦτο
3590 1555 3740 1631 ὑμεῖς

2137 1646 2231 1702 οὐκ
2261 1643 2508 1720 ἀκούετε,
2536 1642 2616 1702 ὅτι
2644 1643 2705 1701 ἐκ
2735 1646 2823 1699 τοῦ
2856 1645 2999 1701 Θεοῦ
3038 1643 3134 1699 οὐκ
3158 1642 3298 1703 ἐστέ.
3336 1641 3733 1722 Ἀπεκρίθησαν

2138 1736 2184 1791 οἱ
2214 1733 2484 1804 Ἰουδαῖοι,
2513 1730 2605 1790 καὶ
2630 1722 2776 1812 εἶπον
2807 1732 2972 1812 αὐτῷ·
2998 1731 3081 1791 Οὖ
3107 1732 3283 1795 καλῶς
3302 1729 3528 1809 λέγομεν
3559 1732 3735 1810 ἡμεῖς,

430 1822 569 1880 bene
622 1823 855 1881 dicimus
919 1841 1022 1882 nos
1079 1826 1228 1898 quod
1294 1827 1670 1884 Samaritanus
1723 1843 1781 1884 es
1841 1836 1916 1897 tu,
1972 1836 2027 1883 et

2138 1823 2217 1881 ὅτι
2249 1821 2593 1902 Σαμαρείτης
2618 1811 2667 1879 εἶ
2694 1819 2757 1879 σὺ
2776 1865 2790 1892 ,
2825 1811 3213 1895 καὶδαιμόνιον
3237 1820 3410 1899 ἔχεις,
3445 1821 3731 1902 Ἀπεκρίθη

427 1911 772 1970 daemonium
802 1914 1003 1971 habes?
1048 1917 1364 1988 Respondit
1400 1920 1566 1973 Jesus
1612 1936 1626 1973 :
1671 1918 2026 1973 Dmmonium

426 2017 543 2057 non
587 2001 797 2073 habeo,
845 2004 943 2060 sed
970 2004 1278 2061 cohonesto
1309 2008 1533 2061 Patrem
1570 2021 1761 2062 meum
1806 2027 1819 2062 :
1850 2015 1908 2063 et
1936 2022 2032 2063 vos

429 2090 739 2162 ignominia
791 2090 1058 2147 affecistis
1114 2109 1226 2150 me.
1288 2096 1405 2167 Ego
1454 2103 1639 2150 autem
1686 2111 1797 2151 non
1844 2111 2033 2168 quaero

428 2180 664 2252 gloriam
691 2196 915 2237 meam:
948 2190 1034 2237 est
1072 2183 1163 2253 qui
1205 2192 1421 2255 quaerat
1462 2191 1518 2240 et
1552 2182 1785 2256 judicet.
1823 2208 1849 2234 ν
1890 2186 2033 2255 Quia

430 2269 531 2326 Dei
563 2269 707 2324 ﬁlios
736 2269 945 2341 seipsos
973 2271 1358 2341 nominabant,
1395 2273 1599 2345 inquit,
1651 2274 1707 2330 Si
1755 2274 1857 2330 Dei
1904 2274 2035 2331 estis

431 2357 553 2427 ﬁlii,
582 2358 771 2430 utique
802 2368 1124 2430 peccantem
1153 2360 1362 2417 debetis
1392 2361 1520 2417 odio
1547 2362 1766 2418 habere.
1798 2362 1852 2419 Si
1869 2363 2037 2436 igitur

430 2455 487 2503 et
514 2463 605 2505 me
632 2464 798 2520 quem
821 2448 954 2506 odio
982 2450 1198 2506 habetis
1217 2492 1231 2519 ,
1261 2451 1492 2522 potestis
1523 2467 1756 2524 arguere
1794 2469 2031 2524 peccan-

427 2543 567 2604 tem,
600 2536 957 2594 manil‘estum
987 2540 1136 2611 quod
1153 2540 1305 2612 juste
1331 2539 1464 2597 odio
1484 2557 1576 2597 me
1602 2542 1997 2614 prosequimini
2014 2566 2028 2613 ;

428 2625 634 2699 quodsi
652 2643 917 2685 nemome
937 2637 1118 2700 potest
1149 2646 1399 2701 arguere,
1443 2631 1833 2688 manisfestum
1880 2632 2033 2706 quod

426 2724 653 2787 propter
675 2718 962 2774 veritatem
988 2735 1218 2775 exosum
1243 2720 1475 2777 habetis.
1506 2722 1689 2791 Quam
1720 2731 1908 2779 autem
1937 2740 2029 2780 ve-

428 2804 692 2861 ritatem?
736 2808 983 2863 Omnino
1022 2808 1145 2880 quia
1195 2808 1411 2865 dixerat
1455 2825 1514 2866 se
1550 2811 1656 2866 Dei
1705 2811 1928 2880 Filium,
1982 2813 2036 2870 id

428 2893 580 2965 quod
623 2894 971 2952 verissimum
1014 2906 1117 2951 est.
1147 2896 1299 2954 Sicut
1326 2906 1509 2953 autem
1536 2899 1584 2954 is
1624 2922 1648 2947 α
1677 2899 1768 2971 qui
1819 2916 1881 2956 ex
1916 2903 2034 2957 Deo

429 2990 544 3051 est,
584 2983 750 3039 verba
788 2985 893 3041 Dei
940 2985 1139 3043 audit:
1185 3009 1212 3036 ν
1260 2987 1336 3043 ita
1378 2988 1541 3043 etiam
1589 3003 1686 3044 vos
1721 2989 1766 3045 si
1797 2990 1900 3045 Dei
1942 2990 2039 3047 ﬁlii

2140 1912 2363 1983 Ἰησοῦς’
2396 1909 2540 1986 Ἐγὼ
2567 1910 2841 1987 δαιμόνιον
2866 1911 2961 1969 οὐκ
2982 1908 3120 1988 ἔχω,
3153 1908 3294 1968 ἀλλὰ
3324 1912 3467 1985 τιμῶ
3496 1909 3587 1969 τὸν
3620 1914 3741 1970 Πα-

2183 2001 2198 2023 ι
2540 2001 2553 2023 \
2690 2001 2716 2013 ου
2789 2002 2805 2022 τ
2930 2000 2976 2037 ιγ
3042 1998 3064 2031 _I
3214 1997 3229 2018 ³
3329 1997 3344 2021 \
3434 1997 3447 2020 \
3517 2000 3533 2022 3
3692 2004 3725 2019 συ

2138 2025 2267 2081 τερα
2301 2026 2437 2081 μου,
2470 2025 2560 2060 και
2591 2005 2739 2071 ὑμεις
2776 2023 3062 2075 ατιμαςετε
3096 2023 3181 2075 με.
3238 2001 3361 2077 Εγω
3398 2000 3453 2057 δε
3481 2023 3540 2057 ου
3587 2004 3731 2073 ζητω

2138 2092 2235 2162 τὴν
2262 2091 2414 2160 δόξαν
2449 2111 2573 2167 μου’
2615 2090 2756 2148 ἔστιν
2786 2092 2811 2147 ὁ
2842 2091 3013 2160 ζητῶν
3050 2089 3141 2147 καὶ
3173 2088 3387 2167 κρίνων.
3424 2112 3451 2147 )›
3486 2091 3719 2165 Ἐπειδὴ

2139 2187 2234 2240 τοῦ
2260 2184 2400 2243 Θεοῦ
2431 2179 2569 2246 υἱοὺς
2618 2177 2835 2247 ἑαυτοὺς
2872 2179 3172 2253 ὀνόμαζον,
3208 2177 3399 2259 φησὶν,
3434 2178 3515 2237 ὅτι
3550 2181 3615 2240 Εἰ
3645 2186 3740 2241 τοῦ

2140 2270 2280 2330 Θεοῦ
2313 2270 2417 2329 υἱοί
2465 2273 2613 2341 ἐστε,
2659 2267 2871 2334 πάντως
2927 2266 3014 2325 τὸν
3069 2266 3449 2347 ἁμαρτάνοντα
3497 2269 3736 2350 ὀφείλετε

2142 2368 2339 2436 μισεῖν.
2378 2361 2444 2419 Εἰ
2475 2357 2649 2416 τοίνυν
2680 2356 2772 2415 καὶ
2805 2355 2935 2432 ἐμὲ,
2967 2353 3023 2413 ὃν
3048 2363 3258 2431 μισεῖτε
3283 2402 3298 2427 ,
3333 2354 3555 2416 δύνασθε
3585 2358 3733 2437 ἐλέγ-

2140 2447 2224 2517 ξαι
2255 2448 2670 2527 ἁμαρτάνοντα,
2722 2445 2985 2527 πρόδηλον
3034 2444 3115 2504 ὅτι
3163 2443 3381 2511 δικαίως
3421 2448 3651 2523 μισεῖτεο
3686 2452 3735 2508 εἰ

2140 2539 2196 2598 δὲ
2225 2541 2321 2598 οὖκ
2350 2538 2463 2617 ἔχει
2491 2562 2570 2604 τις
2600 2534 2839 2613 ἐλέγξαι,
2877 2533 3098 2616 φανερὸν
3125 2534 3205 2617 ἔτι
3237 2532 3323 2593 διὰ
3351 2534 3448 2606 τὴν
3480 2536 3736 2606 ἀλήθειάν

2141 2650 2208 2706 με
2242 2613 2469 2705 μισεῖτε.
2508 2625 2677 2685 Ποίαν
2711 2624 2765 2683 δὲ
2805 2613 3097 2697 ἀλήθειάη
3132 2613 3215 2683 Ἦ
3247 2622 3460 2692 πάντως
3498 2622 3580 2683 ὅτι
3614 2625 3738 2686 ἔλε-

2140 2741 2227 2794 γεν
2259 2716 2445 2775 ἑαυτὸν
2469 2714 2597 2775 Υἱὸν
2628 2716 2799 2787 Θεοῦ,
2829 2712 2959 2792 ὅπερ
2990 2710 3293 2784 πανάληθές
3326 2714 3496 2775 ἐστιν.
3521 2740 3545 2765 α
3565 2713 3634 2774 Ὃ
3665 2713 3738 2773 ὢν

2139 2804 2195 2864 δὲ
2242 2807 2302 2865 ἐκ
2329 2809 2422 2864 τοῦ
2457 2805 2624 2877 Θεοῦ,
2657 2799 2726 2861 τά
2759 2802 2977 2883 ῥήματα
3004 2808 3099 2883 τοῦ
3122 2804 3263 2863 Θεοῦ
3288 2800 3492 2860 ἀκούει⁶
3542 2826 3568 2859 ι
3598 2804 3738 2865 ὥστε

2141 2894 2232 2954 καὶ
2267 2897 2447 2972 ὑμεῖς,
2495 2896 2541 2952 εἰ
2570 2898 2662 2951 τοῦ
2707 2881 2849 2953 Θεοῦ
2881 2891 3039 2949 τέκνα
3066 2881 3206 2966 λῆτε,
3244 2892 3333 2950 οὐκ
3379 2895 3441 2950 ἂν
3473 2893 3602 2969 ἐμοῦ
3634 2918 3741 2952 πα-

2145 2984 2428 3064 ρηκούετε,
2462 2984 2571 3042 οὐδ’
2604 2980 2669 3040 ἂν
2700 2983 2917 3063 ἐφονᾶτε
2959 2979 3100 3038 κατὰ
3128 2984 3217 3038 τοῦ
3261 2979 3460 3039 ἄνωθεν
3505 2981 3741 3050 ἐλθόντος

428 3072 642 3139 essetis,
685 3088 800 3128 non
844 3090 874 3129 a
913 3090 1005 3131 me
1033 3074 1310 3132 audiendo
1340 3076 1722 3147 declinaretis,
1760 3094 1937 3151 neque
1966 3079 2028 3136 ad

2141 3075 2275 3172 1305
2304 3080 2395 3132 τοῦ
2424 3074 2565 3132 Θεοῦ
2590 3117 2605 3146 ,
2634 3070 2727 3131 καὶ
2754 3071 2821 3129 τὰ
2850 3074 2943 3129 τοῦ
2966 3071 3107 3172 Θεοῦ
3139 3068 3520 3172 φθεηομένου.
3547 3069 3616 3131 Ὁ
3641 3073 3737 3149 μὲν

426 3169 671 3218 mortem
690 3164 1014 3235 quaereretis
1037 3180 1168 3220 eum
1192 3165 1282 3237 qui
1312 3181 1342 3222 e
1376 3166 1626 3239 supernis
1657 3168 1806 3224 venit
1837 3169 2034 3226 Filium

427 3250 555 3316 Dei,
574 3259 628 3307 et
643 3267 705 3308 ea
728 3268 853 3324 qua:
871 3254 972 3309 Dei
995 3262 1153 3310 erant
1174 3254 1509 3326 loquentem.
1547 3257 1717 3329 Igitur
1760 3259 2036 3316 Dominus

425 3339 650 3412 quidem
694 3342 770 3397 ita
816 3352 1102 3399 mansuete
1143 3359 1270 3399 cum
1319 3345 1399 3399 eis
1445 3344 1659 3402 locutus
1707 3347 1877 3418 627
1909 3357 2031 3404 est:

425 3437 481 3484 at
504 3430 582 3484 illi
610 3428 683 3485 ad
710 3432 956 3489 convicia
985 3441 1250 3505 pergunt:
1288 3457 1312 3481 α
1342 3437 1538 3491 Nonne
1565 3436 1723 3501 bene,
1754 3437 2033 3509 inquiunt,

426 3517 752 3576 dicebamus
779 3521 905 3592 quia
954 3523 1336 3578 Samaritanus
1382 3539 1441 3580 es
1468 3532 1552 3593 tu,
1592 3532 1649 3581 et
1694 3524 2033 3584 daemonium

426 3604 639 3664 habes?
660 3628 689 3658 ››
710 3609 1113 3666 Samaritanum
1128 3611 1312 3683 ipsum
1326 3611 1602 3681 dicebant,
1625 3614 1775 3687 quod
1819 3631 2031 3673 morem

426 3694 724 3752 Judaicum
752 3697 1080 3767 destrueret,
1098 3716 1298 3772 nempe
1328 3701 1629 3758 Sabbatum
1666 3724 1679 3759 :
1710 3705 2030 3762 Samaritan

424 3785 578 3840 enim
616 3801 727 3841 non
752 3789 969 3860 egregie
992 3789 1369 3860 judaizabant.
1400 3793 1820 3849 Daemoniacum
1848 3803 2032 3851 autem

423 3873 578 3930 illum
605 3885 827 3947 vocant,
878 3877 1126 3935 fortassis
1168 3880 1396 3954 quidem
1442 3891 1496 3938 et
1528 3881 1635 3939 hoc
1685 3883 1875 3951 modo,
1919 3900 2031 3957 quo

423 3979 549 4019 eum
586 3965 784 4037 ejicere
827 3966 1101 4024 dazmonia
1150 3969 1412 4027 dicebant
1438 3971 1493 4025 in
1520 3971 1767 4043 principe
1814 3971 2032 4030 daemo-

420 4052 646 4107 niorum
666 4055 737 4108 2ο.
765 4057 974 4110 Omnes
1015 4057 1166 4111 enim
1212 4059 1309 4129 qui
1333 4059 1816 4116 calumniabantur
1848 4062 2030 4132 ipsum

421 4140 477 4196 in
504 4141 789 4198 Beelzebul
828 4142 1109 4200 daemones
1134 4145 1346 4217 ejicere,
1380 4162 1511 4203 eum
1537 4147 1793 4205 dicebant
1815 4148 2029 4207 daemo-

422 4228 576 4284 nium
616 4231 905 4287 Beelzebul
954 4232 1182 4303 habere,
1231 4235 1287 4291 in
1336 4252 1445 4308 quo
1512 4237 1773 4295 miracula
1825 4238 2031 4297 faceret

422 4319 694 4375 Fortassis
721 4328 907 4377 autem
941 4323 1246 4380 secundum
1285 4325 1434 4397 quod
1473 4326 1729 4383 revelavit
1768 4328 2016 4401 ipsorum

422 4408 803 4481 cogitationes,
869 4410 1207 4470 daemonium
1254 4430 1383 4471 eum
1432 4413 1635 4473 habere
1677 4418 2015 4490 cogitabant,

421 4506 736 4570 putantesa
778 4499 1124 4558 daemonibus
1183 4503 1230 4558 ei
1275 4505 1510 4561 revelata
1557 4506 1737 4563 cordis
1791 4524 2013 4564 arcana.

419 4587 651 4658 Quando
680 4598 863 4646 autem
907 4591 1168 4649 dixerunt
1203 4609 1331 4650 eum
1369 4595 1785 4653 Samaritanum
1818 4601 1841 4653 Ρ
1882 4600 2021 4655 Nus-

421 4694 592 4751 quam
616 4679 765 4734 euim
781 4680 1115 4753 evangelista
1137 4683 1243 4739 hoc
1272 4683 1425 4740 dixit.
1448 4684 1831 4743 Manisl'estum
1851 4687 2022 4760 igitur

418 4766 567 4841 quod
606 4768 779 4823 multa
845 4771 1303 4841 praetermiserim
1351 4775 1727 4847 evangelista,
1783 4784 1838 4832 et
1910 4792 2023 4833 non

419 4857 604 4912 omnia
633 4857 968 4929 scripserint,
999 4860 1148 4917 sicut
1180 4863 1288 4918 alio
1317 4862 1438 4919 loco
1463 4864 1884 4937 assignavimus.
1917 4866 2024 4938 Igi-

417 4954 510 5001 tur
535 4946 608 5001 illi
637 4946 862 5019 quidem
892 4949 1016 5004 talia
1046 4965 1140 5019 per
1164 4950 1524 5022 ignominiam
1551 4952 1842 5025 proferunt
1866 4974 1879 5010 :
1906 4955 2024 5027 ipse

418 5044 604 5092 autem
638 5034 910 5107 patienter
950 5036 1008 5091 in
1050 5053 1107 5092 se
1136 5038 1366 5110 injurias
1405 5041 1651 5114 suscipit.
1713 5047 1859 5099 Nam
1895 5060 2023 5100 cum

417 5125 626 5195 seipsos
673 5125 818 5181 ﬁlios
844 5125 949 5181 Dei
979 5125 1249 5196 dicerent,
1276 5129 1637 5189 vehementer
1683 5148 1781 5190 eos
1818 5133 2020 5205 arguit,

420 5214 707 5269 veritatem
731 5214 1052 5285 vindicans:
1102 5217 1322 5289 quando
1360 5228 1550 5275 autem
1595 5220 1779 5292 ipsum
1826 5221 2023 5293 injuria

415 5300 679 5370 afﬁciunt,
722 5320 838 5360 non
887 5305 1195 5370 ulciscitur,
1241 5306 1447 5365 docens
1486 5309 1660 5365 etiam
1714 5326 1841 5380 nos,
1898 5326 2025 5383 qua:

417 5398 610 5446 contra
680 5394 855 5449 Deum
904 5402 1055 5461 sunt,
1097 5390 1394 5466 vindicare,
1446 5413 1569 5471 qum
1612 5407 1799 5455 autem
1828 5408 2023 5457 contra

417 5495 543 5550 nos,
582 5490 870 5538 mansuete
895 5482 1058 5554 ferre,
1090 5487 1231 5542 sicut
1263 5495 1321 5544 et
1352 5488 1469 5559 ipse
1513 5497 1801 5546 mansuete
1841 5489 2017 5547 dixit:

417 5590 444 5617 α
486 5571 624 5640 Ego,
670 5568 865 5641 inquit,
905 5570 1248 5632 daemonium
1299 5591 1411 5633 non
1438 5576 1640 5646 habeo,
1670 5576 1767 5634 sed
1812 5577 2023 5636 honoro

490 5718 532 5754 ¹⁹
560 5720 702 5777 Gen.
734 5736 830 5790 ιιι,
856 5727 909 5779 5.
935 5722 981 5758 ¹⁰
1007 5724 1201 5782 Matth.
1223 5742 1284 5795 ιι,
1318 5731 1404 5787 34.

2140 3153 2230 3222 οῦν
2287 3160 2482 3242 Κύριος
2510 3159 2650 3221 οὕτω
2699 3162 2902 3239 πράως·
2937 3162 2985 3217 οἱ
3022 3158 3077 3216 δὲ
3125 3161 3197 3225 εἷς
3232 3159 3413 3237 ὕϐρεις
3442 3165 3732 3240 χωροῦσιν.

2147 3276 2196 3342 σε.
2219 3252 2304 3311 Οὐ
2346 3254 2522 3342 καλῶς
2538 3250 2674 3342 Δγὰρ,
2699 3248 2893 3342 ¹φασὶν,
2942 3247 3224 3342 ἐλέγομεν,
3261 3246 3343 3306 ὅτι
3375 3250 3738 3342 ,Σαμαρείτης

2142 3330 2222 3414 εἶ,
2259 3340 2351 3399 καὶ
2385 3330 2656 3416 δαιμόνιον
2684 3330 2851 3416 ἔχειςς
2891 3361 2921 3393 ι)
2955 3336 3301 3415 Σαμαρείτην
3327 3334 3423 3414 μὲν
3455 3330 3545 3396 οῦν
3576 3338 3735 3397 αὐτὸν

2139 3430 2344 3506 ἔλεγον,
2378 3431 2448 3497 ὣς
2481 3429 2545 3487 τὰ
2580 3428 2852 3489 Ἰουδαῖκᾶ
2878 3426 2973 3499 ἔθη
3004 3425 3347 3507 παραλύοντα
3366 3472 3382 3501 ,
3419 3418 3528 3485 οἶον
3558 3426 3619 3487 τὸ
3641 3434 3735 3487 τοῦ

2144 3518 2455 3579 Σαϐϐάτου·
2507 3520 2555 3576 οἱ
2583 3517 2686 3596 γὰρ
2729 3519 3070 3596 Σαμαρεῖται
3115 3517 3210 3573 οὐκ
3241 3515 3475 3595 ἀκριϐῶς
3505 3516 3736 3578 Ἰουδάῖ-

2139 3612 2246 3678 ζον·
2303 3608 2657 3685 δαιμονιῶντα
2701 3607 2755 3664 δὲ
2797 3608 3049 3664 καλοῦσιν
3093 3602 3285 3682 αὐτὸν,
3325 3605 3468 3684 τάχα
3514 3604 3612 3682 μὲν
3643 3609 3736 3668 καὶ

2140 3701 2257 3756 κατ’
2288 3699 2484 3756 ἐκεῖνον
2513 3695 2602 3754 τὸν
2633 3698 2826 3776 τρόπον
2846 3741 2860 3768 ,
2890 3694 3025 3754 καθὸ
3053 3692 3143 3751 καὶ
3178 3694 3231 3751 ἐν
3259 3695 3334 3774 τῷ
3374 3697 3597 3775 ἄρχοντι
3629 3700 3734 3755 τῶν

2140 3786 2424 3862 δαιμονίων
2457 3783 2737 3845 ἐκϐάλλειν
2766 3784 2923 3843 αὐτὸν
2953 3782 3019 3840 τὰ
3050 3784 3299 3858 δαιμόνια
3324 3784 3526 3859 ἔλεγον.
3569 3784 3727 3844 Πάν-

2138 3901 2220 3942 τες
2256 3875 2357 3953 γὰρ
2403 3877 2451 3933 οἱ
2482 3879 2932 3954 συκοφαντοῦντες
2980 3870 3139 3930 αὐτὸν
3189 3873 3240 3929 ἐν
3289 3871 3617 3942 Βεελζεϐοὺλ
3644 3877 3732 3933 ἐκ-

2142 3966 2355 4025 ϐάλλειν
2382 3962 2502 4030 τοὺς
2530 3964 2788 4036 δαίμονας
2806 4007 2823 4035 ,
2874 3960 3147 4040 δαιμόνιον
3180 3960 3323 4039 ἔλειν
3352 3962 3412 4020 τὸ
3440 3968 3529 4021 τοῦ
3564 3966 3730 4023 Βεελ-

2139 4054 2345 4126 ζεϐοὺλ,
2368 4055 2421 4111 ἐν
2450 4044 2493 4133 ᾧ
2519 4052 2685 4111 ἐτέλει
2724 4051 2791 4109 τὰ
2824 4049 3095 4129 θαύματα,
3126 4048 3327 4128 ἔλεγον.
3362 4051 3526 4131 Τάχα
3558 4051 3613 4110 δὲ
3643 4052 3734 4111 καὶ

2138 4144 2268 4203 καθὸ
2297 4141 2657 4202 ἀνεκάλυπτεν
2691 4144 2863 4201 αὐτῶν
2892 4139 2958 4198 τὰ
2985 4138 3319 4215 διανοήματα
3354 4140 3444 4199 καὶ
3475 4139 3541 4199 τὰ
3576 4143 3729 4200 ἐνθυ-

2139 4233 2399 4310 μήματα,
2454 4229 2726 4309 δαιμόνιον
2770 4230 2927 4288 αὐτὸν
2979 4229 3118 4308 ἔχειν
3173 4227 3450 4305 ἐνόμιζον,
3505 4231 3735 4307 οἰόμενοι

2137 4322 2285 4402 παρὰ
2337 4322 2600 4396 δαιμόνων
2642 4322 2783 4400 αὐτῷ
2821 4318 2887 4377 τὰ
2920 4319 3131 4402 κρυπτὰ
3168 4320 3263 4387 τῆς
3307 4318 3527 4397 καρδίας
3560 4322 3731 4378 αὐτῶν

2127 4398 2587 4491 ἐπιλίινώσκεσθαι.
2636 4398 2779 4470 Πότε
2827 4408 2881 4467 δὲ
2925 4398 3072 4466 εἶπον
3125 4405 3281 4465 αὐτὸν
3337 4406 3730 4488 Σαμαρείτην;

2127 4504 2383 4575 Οὐδαμοῦ
2428 4502 2456 4557 6
2481 4499 2858 4576 εὖαγγελιστὴς
2906 4504 3063 4556 τοῦτο
3112 4497 3342 4575 εἴρηκεν.
3410 4496 3512 4557 Ἐκ
3543 4496 3731 4556 τούτου

2127 4582 2217 4651 οὖν
2245 4591 2405 4661 δῆλον
2428 4584 2510 4646 ὅτι
2543 4588 2720 4647 πολλὰ
2754 4586 3082 4666 παρέλειψαν
3115 4588 3160 4644 οἳ
3195 4585 3598 4663 εὖαγγελισταὶ,
3634 4586 3728 4645 καὶ

2129 4682 2231 4760 οὐχ
2262 4680 2472 4738 ἅπαντα
2512 4678 2957 4758 συνεγράψαντο,
3012 4675 3152 4735 καθὰ
3190 4673 3283 4732 καὶ
3328 4677 3567 4760 ἀλλαχοῦ
3607 4677 3734 4733 ἐπε-

2130 4753 2485 4847 σήμηνάαεθα
2533 4771 2689 4825 τοῦτο
2741 4765 2888 4826 αὐτό.
2936 4765 3168 4825 Ἐκεῖνοι
3216 4767 3312 4839 μὲν
3363 4753 3452 4823 οῦν
3505 4772 3725 4824 τοιαῦτα

2130 4861 2461 4937 ὑϐρίζουσιν,
2494 4856 2649 4922 αὐτὸς
2694 4854 2741 4914 δ’
2766 4853 3086 4923 ἀνεξικάκως
3111 4852 3205 4922 τὰς
3242 4855 3315 4920 εἷς
3361 4852 3518 4911 αὐτὸν
3550 4852 3725 4928 ὕϐρεις

2132 4948 2366 5028 δέχεται.
2420 4944 2561 5005 ’Ὅτε
2594 4945 2690 5019 μὲν
2723 4943 2826 5026 γὰρ
2875 4941 3096 5011 ἑαυτοὺς
3145 4942 3288 5010 υἱοὺς
3336 4943 3478 5001 Θεοῦ
3508 4942 3728 5019 ἔλεγον,

2131 5038 2368 5116 σφοδρῶς
2400 5033 2589 5102 αὐτοὺς
2630 5036 2878 5114 ἐλεγχει,
2926 5030 3023 5103 τὴν
3067 5032 3318 5103 ἀλήθειαν
3358 5032 3599 5090 ἐκδικῶν·
3650 5031 3734 5090 ὅτε

2132 5126 2187 5184 δὲ
2238 5124 2396 5183 αὐτὸν
2442 5124 2781 5203 ὑϐρίζουσιν,
2833 5125 2929 5182 οὐκ
2975 5122 3269 5197 ἀμύνεται,
3321 5119 3585 5178 διδάσκων
3641 5118 3735 5177 καὶ
3828 5128 3831 5133 ’

2130 5218 2307 5292 ἡμᾶς,
2339 5215 2406 5272 τὰ
2438 5216 2535 5291 μὲν
2568 5216 2641 5280 εἷς
2671 5211 2810 5273 Θεὸν
2862 5211 3121 5292 ἐκδικεῖν,
3178 5210 3246 5269 τὰ
3276 5207 3331 5267 δὲ
3363 5211 3434 5275 εἰς
3466 5214 3609 5283 ἡμᾶς
3641 5209 3734 5265 αὖ-

2130 5290 2249 5369 τοὺς
2295 5290 2479 5383 πράως
2534 5302 2726 5383 φέρειν·
2784 5300 2967 5381 ὥσπερ
3006 5290 3095 5358 οὖν
3146 5300 3238 5358 καὶ
3289 5298 3443 5363 αὐτὸς
3494 5296 3733 5377 ἡμέρως,

2131 5421 2155 5445 ιι
2178 5391 2349 5473 Ἐγὼ,
2380 5391 2529 5474 φησὶ,
2556 5393 2831 5466 δαιμονιον
2866 5390 2962 5449 οὐκ
2990 5389 3100 5469 ἔχω
3121 5432 3137 5460 ,
3166 5385 3307 5447 ἀλλὰ
3329 5389 3470 5462 τιμῶ
3499 5386 3590 5445 τὸν
3616 5389 3733 5445 Πα-

2128 5479 2258 5561 τέρα
2290 5505 2411 5559 μου.
2441 5505 2472 5536 ›)
2508 5482 2637 5546 Πῶς
2667 5479 2722 5537 δὲ
2747 5479 2907 5555 ἐτίμα
2930 5478 3020 5537 τὸν
3050 5477 3305 5557 Πατέρα,
3338 5474 3612 5535 Ἐκδικῶν
3639 5477 3734 5532 αὖ·

2128 5571 2216 5630 τὸν
2240 5615 2256 5645 ,
2284 5570 2376 5629 καὶ
2401 5573 2498 5630 οὐκ
2523 5568 2845 5649 ἀνεχόμενος
2886 5565 3101 5640 αὐτοὺς,
3135 5566 3255 5633 τοὺς
3298 5563 3608 5644 μιαιφόνους
3637 5563 3729 5621 καὶ
