2099 3230
224 195 261 223 33
618 193 816 222 ENARRATIO
834 193 868 220 IN
887 188 1105 219 EVANGELIUM
1123 190 1272 221 JOANNIS.
1293 209 1330 215 —
1349 195 1425 223 CAP.
1445 197 1511 224 Vlll.
1859 202 1893 228 3.5

225 254 361 297 ψεύστας,
446 257 580 298 ῨΣωῆρος
601 256 648 286 καὶ
672 257 787 292 ἀληθοῦς
807 255 879 289 υἱοὺς
902 254 1033 292 ὀνομάζε-

1091 256 1197 284 Patrem
1205 263 1309 284 meum.
1321 269 1333 282 ν
1342 258 1490 292 Quomodo
1501 263 1593 287 autem
1603 259 1756 289 honorabat
1762 263 1891 290 Patrem?

229 303 302 332 σθαι.
315 300 416 340 Ὑμεῖς
430 297 494 338 οὖν,
513 297 579 342 φησὶ
591 324 601 340 ,
623 300 691 331 διότι
709 301 753 330 τὸν
772 300 881 340 Πατέρα
901 311 952 337 μου
967 300 1038 336 τιμῶ

230 345 403 386 Mil-um
419 347 486 386 παρ’
501 347 593 384 ὖμῶν,
611 345 847 386 συκοφαντούντων
865 344 944 373 αὐτὸν
955 366 962 380 ,
984 355 1038 373 πει-

231 385 299 431 τίρσ
312 390 442 432 ὑμέτερον
457 385 527 421 sint.
537 413 546 427 ,
560 390 606 421 διὰ
619 385 699 421 τοῦτο
714 402 746 428 με
773 390 927 427 ἀτιμάζετε.
966 388 1038 417 Ἀλλ’

232 436 258 466 εἰ
271 435 348 474 κᾶγὲι
360 435 479 475 ἐμαυτὸν
495 436 545 465 οὔκ
559 436 657 465 ἐκδικῶ
669 458 677 472 ,
692 434 825 474 ἀνέχομαι
841 433 868 463 δὲ
893 432 1034 472 ὑϐριζόμεν

231 492 295 517 νος,
364 480 486 520 νομίζιτι
509 479 685 516 ἀνεκδίκητον
703 478 865 515 ἐαθήσεσθαι
888 477 937 513 τὴν
962 477 1038 517 ὕϐριν

233 524 346 563 ταύτην.
362 523 447 556 Ἔστι
461 525 514 565 γὰρ
526 526 540 554 6
556 525 664 564 Πατὴρ,
676 523 703 558 ὃς
718 524 765 562 ἐμὲ
780 523 917 559 ἐκδικήσει
933 522 977 552 τὸν
994 522 1037 551 διὰ

233 573 314 600 ton-to
326 569 498 611 ὑϐριζόμενον
509 592 518 609 ,
539 569 580 599 δτι
595 568 674 599 αὐτὸν
692 569 791 598 ἐκδικῶ
800 591 808 604 ,
821 568 867 597 καὶ
883 569 931 597 οὐκ
945 567 1038 606 ἀνέχο-

234 626 288 654 μαι
301 616 378 654 ὗμῧν
398 614 544 644 ποιούντων
570 613 679 647 ἑαυτοὺς
702 613 772 647 υἱοὺς
795 612 908 642 ἐκείνου.
939 611 1038 641 Ἔστιν

234 655 283 690 οδν
299 661 314 690 6
336 661 422 696 ζητῶν
443 658 492 695 τὴν
506 658 574 698 ἐμὴν
594 658 691 695 δόξαν,
715 657 760 688 καὶ
776 657 813 697 μὴ
830 657 908 696 μόνον
933 659 1036 693 ζητῶν,

237 704 310 734 ἀλλὰ
332 705 379 734 καὶ
411 703 556 743 δυνάμενος
581 707 671 743 κρῖναι
701 703 747 732 καὶ
776 702 958 732 καταδικάσαι
980 701 1039 735 τοὺς

237 748 341 788 ἀλόγως
355 748 511 789 ὑϐρίζοντάς
535 760 580 788 με.
596 747 733 781 Πολλάκις
760 747 810 786 γάρ
827 759 866 780 τις
894 748 969 782 ζητεῖ
992 746 1039 784 μὲν
1057 746 1067 760 κ

236 793 411 830 ὶκδικηθῆναι
433 793 484 829 τὴν
500 793 578 833 ὕϐριν
589 815 597 829 ,
622 794 652 822 οὗ
667 791 778 822 δύναται
798 791 825 821 δὲ
849 791 927 824 αὐτὸς
940 791 1037 831 κρῖναι⁶

236 839 253 868 6
276 837 460 878 γοῢνζΠιιτὴρ
480 837 528 867 καὶ
544 839 618 874 ζητεῖ
640 837 688 878 τὴν
713 839 759 878 τοῦ
784 837 850 867 Υἱοῢ
876 835 969 871 δόξαν,
994 836 1039 865 καὶ

236 877 461 923 ὂῦνστσιγκρῖναι.
490 881 544 912 Διὰ
560 884 638 913 τοῦτο
652 877 697 911 οὖν
714 877 798 911 εἶπεν*
816 892 830 910 ‹‹
848 880 946 910 1Ἔστιν
961 882 975 909 ὁ
989 883 1037 917 ζη-

237 928 294 957 τῦν
307 927 355 957 καὶ
374 926 484 967 κρίνων.
502 939 518 956 ι

281 1028 299 1045 ι
314 1015 399 1056 Ἀμὴν
409 1038 418 1054 ,
433 1014 504 1056 ἇμὴν
521 1015 594 1055 λέγω
612 1017 691 1055 ὑμῖν,
713 1015 758 1045 ἐάν
774 1027 814 1049 τις
834 1015 879 1044 τὸν
894 1014 970 1054 λόγον
995 1015 1038 1044 τὸν

238 1060 305 1100 ἰμδν
478 1060 610 1102 Πθάνατον
646 1062 675 1090 οὗ
702 1061 740 1099 μὴ
777 1060 899 1100 θεωρήσῃ
929 1061 965 1093 εἷς
993 1059 1038 1089 τὸν

237 1107 333 1136 diu.
360 1100 446 1137 Εἶπον
461 1101 507 1136 ὧν
523 1107 597 1145 αὖτῷ
619 1106 643 1135 οἱ
669 1105 804 1136 Ἰουδαῖοι·
832 1106 888 1135 Νῦν
916 1105 1037 1144 ἐγνώκα-

237 1161 306 1190 μεν,
327 1150 368 1180 δτι
383 1150 520 1190 δαιμόνιον
545 1150 625 1190 ἔχεις.
654 1150 778 1189 Ἀϐραὰμ
795 1149 928 1186 ἀπέθανε,
955 1150 1000 1178 καὶ
1015 1150 1039 1179 οἱ

236 1197 392 1236 προφῆται,
416 1195 463 1225 καὶ
492 1195 524 1224 σὺ
548 1195 645 1234 λέγεις·
675 1195 740 1225 Ἐάν
767 1207 807 1225 τις
833 1195 876 1224 τὸν
895 1195 972 1233 λόγον
988 1206 1038 1230 μου

236 1239 364 1280 τηρήσῃ,
387 1240 417 1269 οὗ
434 1239 472 1278 μὴ
488 1240 617 1280 γεύσηται
640 1239 757 1268 Θανάτου
783 1240 819 1273 εἷς
844 1239 889 1268 τὸν
905 1240 1004 1268 αἰῶνα.
1022 1251 1036 1266 n

234 1283 278 1314 Ὠ
312 1286 362 1320 τῆς
389 1283 606 1326 φιλανθρωπίαςι
638 1284 757 1314 Ἐκεῖνοι
788 1283 836 1322 μὲν
874 1283 1038 1324 ὑϐρίζουσιν,

237 1328 317 1363 αὐτὸς
341 1329 369 1359 δὲ
383 1328 432 1365 τὴν
446 1328 509 1369 πιρὶ
524 1331 572 1363 τῆς
588 1328 663 1365 δόξης
685 1329 765 1357 αὐτοῦ
792 1328 903 1364 ζήτησιν
926 1328 971 1357 καὶ
993 1330 1038 1357 ἔκ-

236 1373 342 1410 ὂίκησιν
355 1375 394 1413 τῷ
411 1373 500 1414 "arpi
522 1373 653 1406 ἀνατιθεὶς
664 1396 672 1410 ,
698 1374 735 1406 εἶς
754 1373 911 1412 παραίνεσιν
934 1373 979 1402 καὶ
995 1374 1035 1402 δι-

235 1417 387 1448 δασκαλίαν
414 1417 557 1457 τρέπεται,
595 1419 738 1459 εὐεργετῶν
769 1417 831 1451 τοὺς
867 1418 1035 1459 ὑϐρίζοντας.

236 1461 321 1493 οὕτω
336 1463 377 1492 δεῖ
392 1461 438 1492 καὶ
453 1464 526 1502 ἡμᾶς
548 1458 696 1502 ἀμύνεσθαι
711 1462 771 1496 τοὺς
791 1462 910 1502 ἐχθρούς.
943 1463 979 1492 Τί
994 1458 1038 1491 οὖν

237 1507 328 1541 αὐτοῖς
350 1509 443 1544 diu;
463 1518 478 1536 σ
498 1506 563 1537 Ἐάν
585 1519 626 1541 τις
648 1507 692 1536 τὸν
717 1508 795 1546 λόγον
812 1518 863 1545 μου
887 1507 1001 1547 τηρήσῃ·
1018 1518 1031 1535 n

1091 301 1236 329 Ulciscens
1247 301 1336 336 illum,
1348 306 1376 330 et
1384 311 1441 330 non
1451 303 1542 331 sinens
1549 312 1596 332 eos
1604 305 1651 340 qui
1660 305 1806 334 homicidm
1815 311 1893 335 erant

1091 353 1124 373 ac
1139 346 1293 380 mendaces,
1311 347 1458 375 Salvatoris
1477 353 1504 376 et
1519 349 1639 377 veritatis
1662 350 1730 377 ﬁlios
1744 352 1889 379 nominari.

1090 391 1146 418 Vos
1161 391 1254 427 igitur,
1280 392 1378 427 inquit,
1390 400 1423 420 eo
1445 393 1518 429 quod
1533 393 1640 421 honoro
1655 395 1764 422 Patrem
1781 404 1890 431 meum,

1092 443 1176 471 quem
1188 444 1235 463 vos
1246 436 1345 472 injuria
1356 436 1472 471 afﬁcitis,
1483 437 1550 466 dum
1562 438 1629 466 falso
1644 438 1790 467 afﬁrmatis
1801 440 1891 476 ipsum

1092 488 1152 508 esse
1184 482 1294 509 Patrem
1320 486 1459 516 vestrum,
1491 487 1633 519 propterea
1668 492 1714 512 me
1744 485 1892 521 ignominia

1092 523 1215 559 efﬁcitis;
1232 526 1279 554 sed
1294 527 1419 562 quamvis
1442 534 1492 563 ego
1519 528 1656 563 meipsum
1678 537 1736 557 non
1772 530 1891 565 vindico,

1093 569 1140 597 sed
1160 578 1224 598 cum
1246 570 1343 606 injuria
1365 571 1480 605 afﬁcior,
1504 573 1646 601 sustineo:
1676 581 1712 601 ne
1727 574 1892 603 existimetis

1091 615 1206 643 inultam
1226 615 1284 643 fore
1306 616 1435 652 injuriam
1459 616 1540 645 hanc.
1564 618 1614 645 Est
1635 618 1708 646 enim
1731 620 1821 652 Pater,
1847 621 1893 655 qui

1092 667 1138 688 me
1159 660 1308 694 ulciscitur,
1329 661 1394 697 quia
1419 666 1561 697 propterea
1576 663 1674 698 injuria
1686 663 1804 698 afﬁcior,
1818 665 1893 700 quod

1092 705 1181 739 ipsum
1209 706 1336 739 ulciscor,
1359 710 1462 734 etnon
1478 707 1566 742 patior
1581 715 1640 741 vos,
1665 708 1711 743 qui
1747 716 1796 736 vos
1820 710 1894 737 illius

1093 749 1164 777 ﬁlios
1174 750 1304 778 asseritis.
1320 752 1368 778 Est
1380 751 1462 787 igitur
1481 752 1527 787 qui
1542 752 1640 787 qumrit
1654 753 1771 788 gloriam
1784 761 1891 789 meam,

1093 794 1139 830 qui
1154 799 1179 822 et
1190 799 1281 830 potest
1297 795 1429 831 judicare,
1451 800 1478 824 et
1501 796 1685 825 condemnare
1700 806 1758 830 eos,
1777 799 1824 834 qui
1848 807 1893 826 me

1093 838 1194 875 injuria
1208 839 1340 867 afﬁciunt.
1365 841 1442 875 Saepe
1456 841 1530 868 enim
1559 841 1618 877 quis
1632 843 1733 878 quaerit
1747 843 1851 877 ulcisci,
1865 848 1894 871 et

1093 884 1190 919 nequit
1203 885 1259 919 ipse
1267 884 1399 920 judicare.
1411 886 1497 921 Igitur
1510 888 1588 914 Pater
1601 890 1628 914 et
1642 887 1741 922 quaarit
1760 888 1821 915 Filii
1836 888 1891 923 glo-

1094 928 1174 962 riam,
1190 932 1217 956 et
1230 933 1320 964 potest
1339 929 1462 965 judicare
1480 940 1486 957 :
1500 934 1644 966 propterea
1659 931 1745 959 dixit:
1761 943 1772 955 α
1786 933 1834 960 Est
1844 933 1891 968 qui

1094 974 1194 1009 quaerit
1208 973 1352 1009 etjudicat.
1369 986 1381 998 ι

1129 1020 1216 1046 Vens.
1231 1022 1276 1052 5|,
1291 1022 1335 1046 52.
1354 1030 1366 1043 ει
1383 1020 1483 1052 Amen,
1499 1028 1579 1048 amen
1604 1020 1666 1048 dico
1680 1021 1767 1054 vobis,
1784 1021 1806 1049 si
1831 1023 1892 1058 quis

1092 1071 1251 1091 sermonem
1271 1071 1365 1091 meum
1378 1065 1536 1098 servaverit,
1548 1069 1667 1092 mortem
1683 1074 1737 1092 non
1751 1066 1853 1094 videbit
1866 1068 1892 1094 in

1093 1111 1239 1136 aeternum.
1255 1109 1392 1136 Dixerunt
1405 1117 1469 1145 ergo
1493 1109 1530 1137 illi
1544 1109 1633 1138 Judaei
1651 1118 1656 1135 :
1669 1112 1749 1138 Nunc
1763 1112 1891 1147 cognovi-

1093 1161 1156 1180 mus
1180 1153 1252 1189 quod
1276 1153 1446 1182 daemonium
1468 1153 1576 1183 habeas.
1604 1155 1743 1183 Abraham
1766 1160 1892 1184 mortuus

1093 1202 1145 1231 est,
1168 1202 1196 1225 et
1218 1198 1359 1233 prophetae
1379 1207 1385 1224 :
1403 1202 1430 1225 et
1453 1203 1482 1226 tu
1501 1199 1589 1227 dicis:
1613 1200 1640 1227 Si
1662 1200 1722 1235 quis
1735 1208 1891 1228 sermonem

1094 1250 1187 1270 meum
1208 1243 1368 1276 servaverit,
1397 1251 1453 1270 non
1467 1243 1589 1279 gustabit
1613 1247 1732 1271 mortem
1756 1245 1786 1272 in
1809 1250 1891 1273 aeter-

1093 1295 1170 1314 num.
1189 1299 1201 1311 ν
1227 1288 1251 1314 Ο
1277 1287 1508 1314 misericordiam!
1526 1288 1566 1315 Illi
1588 1288 1700 1323 quidem
1720 1288 1819 1324 injuria
1833 1289 1892 1317 afﬁ-

1094 1332 1179 1365 ciunt,
1192 1332 1250 1367 ipse
1265 1336 1359 1359 autem
1379 1331 1558 1367 quaestionem
1584 1332 1618 1360 de
1630 1333 1715 1367 gloria
1730 1342 1789 1365 sua,
1806 1338 1833 1361 et
1845 1334 1892 1362 de—

1092 1375 1246 1404 fensionem
1268 1377 1341 1403 Patri
1367 1376 1538 1411 permittens,
1564 1376 1599 1404 ad
1628 1377 1844 1405 admonitionem
1865 1383 1892 1406 et

1093 1421 1245 1449 doctrinam
1278 1421 1404 1455 vertitur,
1441 1421 1612 1449 benefaciens
1642 1422 1701 1457 his,
1731 1423 1777 1457 qui
1794 1423 1892 1458 injuria

1092 1470 1302 1501 persequuntur.
1318 1467 1357 1493 Ita
1372 1470 1482 1501 oportet
1505 1466 1589 1493 etiam
1612 1475 1665 1494 nos
1686 1467 1779 1494 ulcisci
1795 1467 1891 1495 inimi-

1092 1519 1148 1538 cos.
1166 1510 1240 1545 Quid
1265 1511 1347 1546 igitur
1365 1511 1418 1538 illis
1445 1510 1530 1538 dixit?
1547 1522 1559 1534 α
1590 1511 1618 1538 Si
1644 1511 1705 1546 quis
1735 1519 1891 1540 sermonem

235 1551 391 1589 τωτίστιν,
412 1551 458 1582 ἐὰν
486 1551 555 1590 μετὰ
579 1554 627 1582 τοῦ
648 1554 808 1588 πιστεῦσαι,
835 1552 882 1580 καὶ
910 1553 965 1591 βίον
987 1552 1036 1591 ἔχῃ

1091 1563 1186 1583 meum
1199 1555 1330 1588 servabit,
1346 1567 1357 1579 ν
1373 1555 1424 1583 hoc
1443 1559 1495 1589 est,
1510 1555 1648 1583 credendo
1663 1556 1745 1583 simul
1760 1561 1788 1584 et
1809 1558 1891 1585 vitam

236 1596 365 1638 καθαρόν·
383 1595 443 1626 τότι
465 1596 520 1637 γὰρ
539 1601 616 1636 τηριῖ
638 1608 678 1630 τις
703 1597 809 1632 ἀληθῶς
832 1595 880 1631 τὴν
905 1599 951 1625 τοῦ
977 1598 1037 1626 Κυ-

238 1639 298 1682 ρίου
325 1641 521 1682 διδασκαλίαν,
551 1640 595 1670 ὅτε
625 1641 671 1670 καὶ
696 1641 812 1681 καθαρὸν
843 1641 898 1679 ἔχει
928 1641 994 1681 βίον·
1023 1642 1036 1670 ὁ

235 1679 354 1720 Δξιποῧτιδιῖ
373 1679 419 1714 οὖν
439 1686 488 1715 οὐκ
510 1685 604 1726 ὄψεται
621 1685 752 1722 θάνατον,
771 1679 808 1714 Ἲὸν
831 1686 855 1714 οἱ
881 1679 1037 1725 ἆμὰρτωλοὶ

236 1729 395 1766 θνήσκουσιν
405 1751 414 1769 ,
428 1731 466 1764 εἰς
481 1730 526 1760 τὸν
541 1730 625 1759 αἰῶνα
639 1729 685 1759 τὸν
701 1729 834 1768 μέλλοντα
852 1730 977 1770 ἀθανάτῷ
992 1742 1037 1760 κο-

235 1773 315 1804 λάσει
335 1774 560 1815 παρσδιόόμινοι,
587 1773 633 1803 καὶ
658 1775 706 1810 τῆς
735 1774 817 1808 ὅντως
842 1776 909 1810 ζωῆς
936 1774 1037 1803 ἀποπί-

234 1830 357 1854 me.
379 1818 453 1859 Ἅμα
476 1820 505 1850 δὲ
520 1818 566 1849 καὶ
591 1818 734 1848 αἰνίττεται
760 1820 861 1856 αὐτοῖς,
888 1818 928 1848 ὅτι
944 1819 1009 1849 Ἐὰν
1024 1822 1038 1848 ὁ

234 1864 282 1894 ’ὢν
295 1864 372 1904 λόγον
387 1876 440 1903 μου
451 1866 540 1904 τηρῶν
549 1886 558 1901 ,
571 1865 618 1894 οὐκ
640 1863 803 1899 ἀποθνήσκει
813 1886 820 1900 ,
843 1865 943 1893 πολλοῦ
959 1876 988 1903 γε
1005 1864 1036 1900 δὴ

237 1907 302 1947 ἰγιίο.
314 1908 353 1938 Τί
371 1905 417 1940 οὖν
430 1913 529 1950 φονᾶτι
544 1910 604 1938 κατ’
620 1910 704 1947 ἕμοῧ,
720 1911 767 1938 τοῦ
778 1911 903 1939 τοσοῦτον
927 1909 965 1948 μὴ
987 1910 1035 1938 δυ-

236 1953 357 1993 ναμένου
366 1956 535 1995 κρατηθῆναι
547 1953 669 1994 θανάτῳ,
686 1952 755 1983 ὥστε
770 1954 815 1983 καὶ
831 1953 920 1987 ἄλλοις
934 1954 1036 1992 μᾶλλον

235 1997 394 2039 χαρίζεσθαι
415 1998 465 2036 τὴν
489 1998 573 2032 ὅντως
599 1998 691 2036 ζωήνς
719 2000 755 2029 Οἱ
780 1999 831 2038 γὰρ
848 1998 1035 2034 πιστεύοντες,

235 2042 288 2072 κᾶν
303 2043 456 2073 ἀποθάνωσι
470 2045 606 2084 φυσικῶς,
621 2043 694 2082 ὅμως
709 2044 736 2073 ἐν
754 2044 817 2083 Θεῷ
834 2046 924 2078 ζῶσιν,
964 2042 1037 2072 Ἀλλ’

235 2088 262 2118 οἱ
286 2086 411 2118 Ἰουδαῖοι
424 2087 454 2118 τί
478 2088 544 2129 πρὸς
568 2088 652 2118 ταῦτά
679 2099 763 2129 φασι;
793 2091 930 2128 Δαιμονᾷν
956 2087 1035 2117 αὐτὸν

235 2131 354 2170 οἴονται,
366 2135 402 2167 ὥς
418 2132 552 2163 ἀλλόκοτά
564 2144 622 2162 τινα
642 2134 672 2162 ἐκ
687 2132 896 2173 φρενοϐλαϐείας
910 2132 1034 2170 λέγοντα.

234 2178 272 2209 οι
287 2175 340 2218 γὰρ
354 2177 414 2212 τοὺς
433 2177 527 2216 λόγους
548 2179 596 2208 τοῦ
620 2178 693 2208 θεοῦ
721 2178 911 2216 ἔνωτισάμενοι
935 2177 1035 2207 ἀπέθα-

1092 1600 1176 1628 habct
1190 1608 1287 1636 puram
1305 1610 1311 1627 :
1325 1604 1392 1627 tunc
1404 1600 1478 1627 enim
1494 1601 1556 1636 quis
1574 1609 1636 1628 vere
1652 1605 1727 1629 tenet
1740 1602 1826 1637 628
1843 1602 1892 1630 do-

1092 1645 1208 1673 ctrinam
1233 1645 1358 1679 Domini,
1379 1644 1491 1681 quando
1507 1649 1533 1672 et
1550 1653 1646 1680 puram
1676 1646 1760 1674 habet
1781 1648 1865 1674 vitam
1883 1655 1889 1673 :

1092 1690 1153 1718 talis
1178 1690 1260 1726 igitur
1295 1698 1353 1717 non
1377 1690 1481 1717 videbit
1504 1695 1634 1725 mortem,
1658 1699 1712 1726 qua
1736 1696 1892 1727 peccatores

1092 1735 1257 1769 moriuntur,
1272 1739 1299 1762 et
1324 1735 1353 1762 in
1367 1734 1461 1762 futuro
1475 1735 1577 1762 swculo
1590 1735 1737 1763 immortali
1757 1737 1889 1771 supplicio

1092 1780 1247 1812 traduntur,
1271 1784 1298 1807 et
1312 1788 1373 1807 vera
1387 1779 1441 1807 vita
1461 1779 1599 1808 excidunt.
1628 1782 1744 1816 Insuper
1758 1782 1843 1809 etiam
1858 1781 1892 1809 si-

1091 1824 1203 1860 gniﬁcat
1229 1824 1279 1858 eis,
1302 1823 1376 1860 quod
1389 1824 1416 1852 Si
1431 1824 1478 1859 qui
1503 1832 1659 1853 sermonem
1673 1833 1769 1853 meum
1784 1830 1890 1859 servat,

1092 1877 1149 1897 non
1173 1869 1301 1902 moritur,
1318 1873 1419 1904 quanto
1435 1869 1527 1896 minus
1539 1871 1612 1904 ego?
1628 1869 1700 1903 Quid
1714 1870 1797 1905 igitur
1811 1870 1891 1897 saevi-

1091 1914 1128 1941 tis
1151 1917 1246 1940 contra
1260 1914 1324 1940 me?
1338 1921 1353 1940 a
1377 1920 1431 1947 quo
1451 1917 1510 1940 tam
1524 1914 1617 1948 procul
1632 1913 1709 1941 abest
1724 1918 1756 1941 ut
1766 1914 1891 1942 detinear

1091 1966 1106 1985 a
1121 1962 1220 1992 morte,
1236 1962 1267 1986 ut
1281 1961 1307 1985 et
1320 1957 1380 1985 aliis
1398 1957 1485 1992 magis
1509 1965 1601 1984 veram
1632 1957 1774 1986 conferam
1794 1958 1891 1992 vitam,

1091 2005 1163 2031 Nam
1186 2002 1231 2038 qui
1259 2002 1384 2034 credunt,
1403 2002 1529 2037 quamvis
1548 2002 1702 2030 moriantur
1716 2004 1889 2038 naturaliter,

1092 2052 1212 2076 attamen
1226 2047 1254 2074 in
1270 2048 1328 2074 Deo
1354 2047 1459 2074 vivunt.
1482 2046 1534 2074 Sed
1547 2046 1636 2075 Judaei
1650 2047 1718 2083 quid
1732 2048 1766 2076 ad
1778 2048 1837 2076 haec
1849 2048 1892 2075 di-

1091 2095 1175 2121 cunt?
1202 2092 1347 2120 Dzemonio
1380 2092 1470 2127 ipsum
1495 2091 1539 2127 agi
1561 2096 1670 2127 putant,
1700 2093 1773 2128 quod
1801 2093 1891 2121 aliena

1091 2137 1219 2174 quaedam
1243 2137 1321 2173 quasi
1335 2140 1427 2163 mente
1442 2141 1538 2171 captus
1561 2136 1671 2164 diceret.
1693 2139 1763 2165 Nam
1779 2138 1824 2174 qui
1836 2146 1890 2166 ser—

1092 2190 1190 2210 mones
1222 2181 1273 2209 Dei
1307 2181 1420 2208 auribus
1454 2186 1644 2218 perceperunt,
1679 2183 1782 2210 mortui
1813 2187 1890 2216 sunt,

233 2233 296 2259 νον,
319 2220 442 2263 Ἀϐραὰμ
467 2223 514 2252 καὶ
538 2223 562 2252 οἱ
588 2224 742 2262 προφῆται,
767 2222 814 2251 καὶ
841 2224 866 2252 οἱ
889 2222 948 2256 τοὺς
975 2222 1035 2255 σοὺς

1093 2228 1234 2255 Abraham
1255 2230 1281 2253 et
1296 2225 1448 2261 prophetae,
1462 2229 1488 2252 et
1513 2226 1560 2261 qui
1578 2229 1641 2254 tuos
1655 2227 1818 2261 auscultant,
1833 2235 1891 2255 non

235 2267 435 2307 ἕνατιζόμινοι,
459 2269 491 2298 οὖ
521 2269 678 2304 θανοῦνται;
700 2266 808 2300 Ὄντως
840 2269 902 2303 νῦν,
936 2268 1034 2308 φασὶν,

235 2310 391 2351 εγνῶχσμεν
415 2312 694 2352 πεπληροφορημένως
709 2311 756 2342 καὶ
773 2311 907 2351 βεϐαίως,
925 2312 964 2341 ὅτι
982 2313 1038 2341 δαι-

236 2359 340 2396 μονᾳς,
352 2358 465 2387 τοιαῦτα
481 2356 579 2396 λέγων.

278 2411 295 2430 σ
325 2401 376 2439 κὴ
395 2401 428 2431 σὺ
445 2401 542 2441 μείζων
556 2397 581 2431 εἷ
594 2403 642 2432 τοῦ
658 2401 758 2442 πατρὸς
784 2403 864 2439 ἡμῶν
893 2401 1036 2441 Ἀϐραὰμ,

235 2446 312 2480 ὅστις
341 2446 470 2483 ἀπέθανε,
495 2446 542 2476 καὶ
569 2447 595 2476 οἱ
628 2448 764 2487 προφῆται
792 2447 942 2483 ἀπέθανον;
970 2446 1037 2477 Τίνα

234 2490 351 2523 σεαυτὸν
379 2495 480 2529 ποιεῖς
513 2491 657 2532 Ἀπεκρίθη
697 2493 711 2520 ὁ
742 2491 856 2527 Ἰησοῦς·
885 2491 953 2521 Ἐὰν
985 2490 1038 2531 ἐγὼ

233 2536 339 2572 δοξάζω
363 2536 496 2576 haud”,
516 2538 534 2572 ἡ
556 2535 619 2570 δόξα
646 2548 696 2574 μου
725 2536 800 2565 οὐδέν
820 2538 903 2566 ἐστιν.
942 2534 1038 2566 Ἔστιν

233 2582 249 2611 6
267 2580 369 2622 Πατήρ
392 2591 447 2620 μου
463 2582 479 2610 6
501 2579 616 2615 δοξάζων
641 2592 695 2620 με,
716 2580 745 2610 ὃν
770 2582 846 2619 ὑμεῖς
863 2581 971 2620 λέγετε,
997 2580 1037 2611 ὅτι

232 2625 304 2660 Θσδς
325 2626 403 2665 ὗμῧν
416 2626 491 2666 ἐστι,
514 2624 561 2655 καὶ
583 2626 632 2655 οὐκ
655 2625 790 2665 ἐγνώκατε
814 2626 903 2656 αὐτόν·
934 2626 987 2665 ἐγὼ
1010 2626 1038 2655 δὲ

232 2665 294 2701 οἶδα
329 2669 431 2707 αὐτὸν,
454 2669 501 2701 καὶ
522 2669 569 2700 ἐὰν
591 2669 674 2708 εἴπω,
701 2668 742 2699 ὅτι
779 2671 827 2699 οὐκ
853 2665 911 2700 οἶδα
940 2670 1037 2710 αὐτὸν,

230 2715 331 2756 (caput
373 2713 467 2754 ὅμοιος
499 2716 564 2753 ὖμῖν
594 2714 722 2755 ψεύστης
755 2714 814 2744 ἀλλ’
848 2710 907 2745 οἶδα
939 2716 1035 2753 αὐτὸν,

227 2761 276 2791 καὶ
296 2761 345 2792 τὸν
357 2759 439 2799 λόγον
459 2759 543 2790 αὐτοῦ
556 2761 642 2800 τηρῶ.
667 2773 679 2786 I
696 2759 744 2794 Μὴ
759 2759 890 2793 συνιέντες
911 2761 936 2789 οἱ
953 2759 1036 2790 ἀσύν-

225 2817 280 2837 ετοι
308 2805 393 2836 ποῖον
420 2802 537 2834 θάνατον
571 2804 587 2833 6
615 2803 712 2844 Κύριος
741 2803 817 2843 ἔλεγε
842 2803 879 2843 μὴ
909 2804 1038 2834 ἅπτεσθαι

220 2853 276 2883 νῦν
304 2850 348 2885 εἷς
371 2847 455 2880 ιῧτῦν
478 2847 676 2885 πιστευόντων,
708 2848 869 2890 φθέγγονται
895 2850 960 2889 πρὸς
984 2851 1036 2879 αὖ-

1094 2271 1264 2300 morientur?
1279 2269 1405 2298 Proiecto
1419 2278 1501 2304 nunc,
1521 2270 1608 2303 aiunt,
1623 2271 1805 2306 cognovimus
1819 2272 1890 2299 mul-

1090 2317 1126 2344 tis
1152 2320 1179 2344 et
1208 2315 1323 2352 copiosis
1347 2315 1517 2351 argumentis
1547 2315 1621 2350 quod
1647 2315 1791 2343 dmmouiis
1814 2320 1892 2344 actus

1091 2361 1151 2390 haec
1166 2360 1253 2388 dicas.

1126 2407 1216 2434 Vens.
1227 2407 1319 2432 53—55.
1334 2416 1347 2429 ει
1359 2404 1492 2440 Nunquid
1506 2409 1536 2432 tu
1551 2404 1640 2441 major
1654 2413 1682 2434 es
1707 2409 1784 2441 patre
1796 2410 1891 2434 nostro

1091 2450 1244 2484 Abraham,
1270 2449 1315 2485 qui
1338 2453 1467 2477 mortuus
1488 2454 1539 2482 est,
1566 2454 1593 2477 et
1618 2451 1759 2486 propheta:
1788 2451 1891 2479 mortui

1090 2496 1173 2524 sunt?
1198 2496 1288 2531 Quem
1308 2498 1337 2522 tu
1357 2494 1477 2529 teipsum
1488 2493 1571 2522 facis?
1585 2495 1826 2530 ResponditJesus
1841 2504 1848 2523 :
1862 2495 1891 2523 Si

1091 2548 1142 2577 ego
1169 2539 1291 2576 gloriﬁco
1313 2539 1461 2574 meipsum,
1486 2539 1572 2575 gloria
1597 2547 1659 2567 mea
1681 2540 1748 2567 nihil
1769 2543 1819 2567 est.
1843 2541 1892 2567 Est

1090 2586 1173 2613 Pater
1183 2592 1262 2612 meus
1271 2583 1317 2619 qui
1330 2583 1467 2619 gloriﬁcat
1476 2591 1532 2618 me,
1546 2591 1627 2619 quem
1639 2592 1687 2612 vos
1698 2583 1786 2612 dicitis
1801 2585 1891 2612 Deum

1091 2634 1212 2658 vestrum
1235 2637 1304 2663 esse,
1318 2633 1346 2656 et
1359 2632 1454 2656 tamen
1467 2636 1524 2656 non
1543 2628 1711 2664 cognovistis
1731 2636 1796 2656 eum
1817 2639 1823 2656 :
1840 2637 1892 2665 ego

1090 2679 1183 2702 autem
1206 2674 1272 2702 novi
1295 2681 1370 2706 eum,
1392 2677 1420 2701 et
1442 2673 1466 2701 si
1481 2673 1574 2701 dixero
1594 2672 1670 2709 quod
1694 2680 1751 2700 non
1765 2675 1892 2702 noverim

1091 2727 1165 2753 eum,
1181 2727 1228 2747 ero
1250 2718 1349 2746 similis
1361 2717 1439 2745 vobis
1464 2717 1581 2745 mendax
1598 2726 1604 2744 :
1622 2717 1671 2745 sed
1686 2718 1752 2746 novi
1775 2726 1851 2753 eum,
1864 2723 1891 2747 et

1091 2771 1249 2793 sermonem
1274 2763 1333 2798 ejus
1355 2769 1444 2790 servo.
1471 2773 1484 2786 ιι
1506 2762 1669 2798 lnsipientes
1691 2762 1729 2790 illi
1748 2771 1813 2791 cum
1834 2771 1890 2791 non

1091 2809 1273 2845 intelligerent
1287 2807 1321 2835 de
1335 2814 1389 2842 qua
1414 2810 1504 2834 morte
1528 2807 1666 2836 Dominus
1686 2808 1799 2842 diceret,
1830 2816 1892 2844 qua!

1091 2854 1233 2883 credentes
1258 2852 1287 2880 in
1312 2859 1342 2879 se
1365 2851 1463 2880 laesura
1490 2860 1547 2880 non
1575 2857 1663 2885 esset,
1680 2852 1832 2889 loquuntur
1858 2853 1893 2881 ad
