4198 6450
417 365 485 416 35
630 413 636 418 ,
1419 355 1506 408 ΤΗ
1519 352 1948 410 EOPHYLACTI
1988 349 2348 407 BULGARLE
2385 349 2699 406 ARCHIEP.
3662 349 3730 401 36

417 501 546 540 eum
593 481 920 539 stultissima
957 479 1211 553 quaedam
1249 487 1304 535 et
1345 477 1788 551 insipientissima
1831 477 2013 533 verba.

2133 477 2222 536 τὸν
2280 475 2538 554 ἀλόγιστά
2594 497 2712 533 τινα
2765 471 2858 532 καὶ
2914 470 3133 544 ἀνόητα.

416 574 552 631 Vide
579 572 730 627 enim
757 569 1042 643 quomodo
1073 568 1410 641 respondent
1436 587 1451 624 :
1486 591 1511 616 ‹‹
1564 571 1710 625 Num
1747 576 1808 624 tu
1838 567 2019 640 major

416 679 476 720 es
513 670 664 734 patre
711 671 901 716 nostro
941 659 1256 716 Abraham?
1321 680 1348 710 »
1387 661 1454 714 Et
1477 659 1664 729 utique
1699 658 1777 713 sic
1801 667 2022 730 oporte-

416 752 512 808 bat
538 751 749 819 dicere,
776 753 924 806 Num
955 759 1013 805 tu
1045 751 1224 821 major
1252 764 1311 805 es
1337 753 1492 806 Deo?
1526 749 1600 802 Hi
1630 764 1887 805 sermone
1917 747 2020 803 Dei

418 841 609 898 audito
647 839 854 896 mortui
883 848 1051 896 sunt:
1080 847 1134 895 et
1162 839 1252 910 qui
1281 847 1442 894 tuum
1470 838 1721 901 audiunt,
1753 854 1869 893 non
1896 853 2018 892 mo-

416 932 672 987 riuntur?
728 929 825 987 sed
870 946 982 985 non
1015 929 1093 984 sic
1142 948 1155 984 :
1201 936 1256 983 et
1294 927 1425 1000 quid
1467 927 1704 983 dicunt?
1755 926 2020 983 Volentes

417 1037 546 1077 eum
589 1019 878 1076 ostendere
910 1028 966 1075 et
1005 1017 1326 1074 Abrahamo
1367 1018 1641 1072 minorem
1672 1035 1684 1069 :
1719 1040 1745 1066 ‹ι
1785 1019 1934 1073 Num
1959 1023 2021 1071 tu

420 1110 597 1182 major
624 1126 716 1179 es,
747 1110 920 1175 aiunt,
972 1117 1124 1180 patre
1166 1116 1363 1163 nostro
1406 1106 1724 1164 Abraham?
1759 1129 1783 1155 ao
1818 1106 1909 1161 ille
1936 1121 2025 1161 au-

424 1208 538 1256 tem
573 1200 846 1256 Dominus
876 1215 992 1254 non
1020 1197 1222 1253 revelat
1241 1197 1320 1253 eis
1349 1197 1416 1253 de
1441 1213 1546 1268 qua
1576 1205 1752 1253 morte
1777 1195 1982 1252 dixerit
2008 1211 2020 1248 :

413 1288 562 1362 quod
609 1297 798 1346 autem
844 1288 1158 1345 Abrahamo
1205 1287 1541 1358 prestantior
1587 1287 1684 1354 sit,
1726 1286 2020 1358 persuadet

415 1395 511 1436 eos
535 1379 692 1452 paulo
722 1386 866 1450 post.
894 1384 969 1433 At
992 1377 1140 1451 quod
1159 1377 1353 1434 dicunt
1386 1397 1398 1432 :
1433 1400 1458 1425 «
1487 1379 1668 1449 Quem
1691 1384 1756 1433 tu
1780 1377 2024 1448 teipsum

416 1468 584 1524 facis?
599 1490 624 1519 ››
651 1467 1053 1524 contumeliose
1068 1467 1263 1524 dicunt
1284 1485 1296 1520 :
1317 1468 1400 1522 Tu
1422 1468 1516 1538 qui
1537 1466 1745 1522 nullius
1761 1463 2026 1522 momenti

415 1574 496 1626 es,
520 1559 614 1629 qui
644 1557 786 1614 fabri
815 1558 977 1626 tilius,
1013 1557 1105 1629 qui
1135 1573 1199 1613 ex
1233 1557 1496 1626 Galilaea,
1532 1580 1556 1606 α
1593 1571 1761 1629 quem
1794 1556 2025 1627 teipsum

412 1646 579 1704 facis?
605 1671 630 1698 ι
662 1650 790 1704 Non
817 1663 1000 1720 opera,
1031 1663 1208 1719 neque
1246 1649 1462 1712 veritas,
1515 1662 1697 1717 neque
1725 1646 2028 1720 Scriptura,

415 1736 520 1794 sed
565 1746 648 1807 tu,
688 1761 714 1786 α
747 1753 912 1810 quem
961 1737 1204 1809 teipsum
1241 1736 1410 1793 facis?
1441 1760 1466 1786 ιο
1517 1736 1667 1808 rapis
1707 1736 1858 1793 enim
1907 1736 2026 1808 glo-

3237 471 3386 551 ’Ὀρα
3444 469 3549 551 γὰρ
3602 471 3732 538 ’πῶς

2128 566 2525 645 ἀποκρίνονταιο
2562 591 2585 618 α
2621 561 2714 634 Μὴ
2747 562 2810 622 σὺ
2859 563 3054 640 μείζων
3112 552 3160 620 εἶ
3197 567 3288 620 τοῦ
3340 562 3542 639 πατρὸς
3573 564 3731 635 ἡμῶν

2126 655 2402 736 Ἀϐραάμ;
2439 683 2465 707 ν
2516 652 2622 736 Καὶ
2657 652 2762 728 μὴν
2808 653 2972 716 οὕτως
3025 651 3130 710 ἔδει
3185 649 3373 718 αὐτοὺς
3405 653 3593 708 εἰπεῖν·
3637 649 3730 720 Μὴ

2128 745 2190 804 σὺ
2245 746 2438 821 μείζων
2493 735 2542 804 εἷ
2589 749 2681 802 τοῦ
2733 745 2916 818 Θεοῦς
2974 745 3045 803 Οἱ
3096 741 3184 800 τὸν
3244 742 3398 820 λόγον
3449 745 3541 798 τοῦ
3588 741 3733 799 Θεοῦ

2128 833 2481 906 ἀκούσαντες,
2541 834 2822 891 ἀπέθανον⁹
2870 833 2963 892 καὶ
3011 832 3060 890 οῖ
3111 829 3200 890 τὸν
3252 831 3343 889 σὸν
3407 828 3726 900 ἀκούοντες,

2127 928 2224 984 οὐκ
2253 927 2675 996 ἀποθανοῦνται,
2731 921 2870 981 Ἀλλ’
2913 923 3014 1000 οὐχ
3052 919 3248 992 οὕτως,
3276 918 3416 978 ἀλλὰ
3456 919 3508 978 τί
3557 919 3728 999 φασιῇ

2131 1012 2455 1088 Βουλόμενοι
2482 1011 2644 1080 δεῖξαι
2682 1011 2842 1070 αὐτὸν
2892 1011 2982 1069 καὶ
3015 1015 3110 1069 τοῦ
3145 1007 3394 1087 Ἀϐραὰμ
3426 1009 3686 1068 ἐλάττονα
3714 1053 3730 1081 ,

2130 1131 2155 1158 α
2208 1103 2299 1174 Μὴ
2346 1104 2408 1162 σὺ
2468 1105 2659 1180 μείζων
2719 1091 2800 1171 εἷ,
2873 1100 3119 1176 λέγουσι,
3179 1103 3268 1157 τοῦ
3328 1096 3526 1178 πατρὸς
3576 1102 3734 1175 ἡμῶν

2131 1192 2413 1271 Ἀϐραάας
2452 1192 2669 1258 »Αὐτὸς
2700 1190 2767 1265 [δὲ
2809 1194 2836 1248 6
2879 1191 3110 1267 Κύριος,
3149 1188 3271 1266 περὶ
3317 1189 3413 1262 μὲν
3447 1186 3601 1246 ποίου
3635 1193 3731 1246 θα·

2132 1283 2298 1341 νάτου
2343 1281 2583 1364 εἴρηκεν,
2627 1282 2722 1340 οὐκ
2757 1280 3126 1338 ἀποκαλύπτει
3173 1279 3373 1344 αὐτοῖς’
3425 1276 3506 1335 ὅτι
3537 1278 3592 1335 δὲ
3634 1284 3737 1337 τοῦ

2134 1371 2382 1452 Ἀϐραὰμ
2430 1370 2683 1452 κρείττων
2736 1369 2879 1443 ἐστὶ,
2924 1370 3091 1428 πείθει
3136 1367 3323 1434 αὐτοὺς
3361 1365 3548 1446 μικρὸν
3597 1369 3732 1428 ὓπο-

2135 1463 2356 1522 κατιών.
2391 1463 2470 1522 Τὸ
2516 1461 2604 1537 δὲ,
2655 1489 2679 1514 α
2714 1460 2855 1521 Τίνα
2888 1459 2952 1518 σὺ
2995 1458 3216 1518 σεαυτὸν
3268 1458 3472 1530 ποιεῖς;
3515 1483 3539 1508 υ
3581 1457 3732 1536 ὓϐρι-

2136 1556 2330 1618 στικῶς
2376 1550 2612 1628 λέγουσι’
2682 1549 2760 1611 Σὺ
2810 1553 2838 1608 6
2887 1549 3110 1624 μηδενὸς
3168 1546 3308 1616 ἄξιος
3357 1545 3548 1622 λόγου,
3583 1549 3610 1605 6
3641 1553 3734 1606 103

2134 1641 2375 1708 τέκτονος
2441 1640 2584 1714 υἱὸς,
2643 1645 2669 1700 ὁ
2723 1641 2781 1698 ἐκ
2852 1637 3178 1706 Γαλιλαίας,
3237 1664 3262 1691 σι
3331 1635 3449 1694 τίνα
3513 1636 3731 1695 σεαυτὸν

2137 1739 2331 1804 ποιεῖς,
2364 1759 2389 1783 υ
2414 1731 2494 1791 O6
2525 1728 2591 1788 τὰ
2617 1728 2776 1808 ἔργα,
2822 1727 2936 1788 οὐδὲ
2964 1731 2996 1798 ἡ
3041 1725 3261 1796 ἀλήθεια
3281 1771 3298 1798 ,
3332 1725 3451 1783 οὐδὲ
3488 1729 3544 1784 αἱ
3582 1729 3732 1806 Γρα-

414 1827 575 1883 riam.
631 1829 705 1883 At
761 1826 1031 1883 Dominus
1070 1846 1082 1882 :
1119 1849 1145 1875 κ
1194 1827 1250 1882 Si
1290 1843 1391 1899 ego
1440 1826 1684 1898 gloriﬁco
1726 1826 2013 1896 meipsum.

2137 1821 2266 1901 φαὶ,
2322 1819 2495 1896 ἀλλὰ,
2548 1847 2571 1874 οι
2638 1818 2700 1877 σὺ
2757 1817 2874 1876 τίνα
2937 1820 3103 1883 ποιεῖς
3160 1815 3414 1889 σεαυτόν;
3479 1816 3736 1892 ἁρπάζεις

413 1917 583 1990 gloria
629 1932 748 1972 mea
775 1917 914 1972 nihil
961 1924 1062 1985 est,
1095 1938 1122 1966 η
1158 1915 1298 1971 sicut
1322 1931 1416 1970 vos
1440 1915 1646 1986 putatis
1677 1933 1691 1969 :
1725 1930 1878 1970 nunc
1923 1929 2024 1969 au-

417 2013 534 2062 tem
568 2014 653 2062 est
676 2006 817 2062 alius
856 2006 951 2077 qui
975 2004 1246 2076 gloriﬁcat
1271 2020 1388 2071 me,
1435 2006 1600 2060 Pater
1638 2019 1817 2059 meus.
1849 2003 2028 2059 Glori-

413 2096 543 2152 iicat
585 2096 730 2151 enim
777 2095 964 2167 ipsum
1010 2109 1246 2165 semper,
1277 2103 1441 2164 atque
1483 2091 1541 2148 id
1581 2109 1679 2164 per
1709 2091 2026 2164 prophetias

412 2183 482 2240 de
505 2184 620 2251 illo,
669 2191 723 2239 et
752 2199 848 2255 per
873 2183 1187 2238 testimonia
1217 2182 1288 2238 de
1324 2181 1502 2247 cmlis,
1532 2189 1588 2236 et
1613 2197 1709 2253 per
1737 2181 2026 2237 innumera

411 2281 470 2330 et
508 2273 782 2328 immensa
807 2272 1086 2328 miracula.
1121 2275 1284 2328 Hunc
1325 2279 1515 2327 autem
1539 2287 1637 2326 vos
1668 2273 1915 2340 Patrem,
1941 2271 2022 2325 in-

408 2363 547 2434 quit,
597 2363 776 2419 dicitis
821 2361 972 2436 quod
1020 2363 1091 2417 sit
1147 2366 1294 2418 Deus
1343 2373 1538 2418 vester.
1591 2360 1696 2416 Sed
1740 2375 1919 2432 neque
1962 2371 2026 2418 ut

411 2468 599 2508 meum
627 2454 846 2508 Patrem
892 2451 1076 2523 ipsum
1127 2449 1444 2522 agnoscitis,
1500 2465 1681 2522 neque
1725 2458 1791 2504 ut
1836 2454 2014 2505 Deum

412 2550 675 2598 vestrum.
712 2543 856 2598 Nam
901 2541 946 2597 si
979 2549 1042 2596 ut
1079 2543 1302 2596 Patrem
1352 2556 1544 2596 meum
1573 2540 1728 2595 illum
1759 2555 2021 2611 agnosce-

410 2632 567 2698 retis,
613 2631 824 2688 honore
867 2631 1057 2702 utique
1087 2631 1286 2687 Filium
1328 2629 1450 2703 ejus
1490 2628 1960 2702 prosequeremini
1993 2647 2008 2686 :

413 2737 565 2776 nunc
605 2729 795 2776 autem
834 2719 972 2776 dum
1029 2720 1230 2776 Filium
1257 2736 1369 2775 non
1415 2720 1618 2789 colitis,
1652 2719 2021 2775 manifestum

415 2809 564 2882 quod
592 2826 708 2865 non
737 2809 1065 2881 cognoscitis
1107 2809 1263 2865 illum
1293 2819 1358 2865 ut
1401 2812 1625 2865 Patrem
1673 2824 1888 2864 meum.
1915 2808 2048 2866 Sed.

411 2915 592 2971 neque
622 2907 685 2954 ut
708 2902 886 2953 Deum
917 2899 1090 2970 629
1116 2899 1452 2970 cognoscitis
1477 2898 1664 2967 illum;
1712 2898 1912 2970 alioqui
1951 2897 2023 2952 ti-

407 2987 635 3045 meretis
679 3004 962 3044 sermones
1000 2989 1117 3060 ejus
1144 2996 1206 3044 ut
1234 2989 1342 3044 Dei
1371 3007 1387 3042 :
1415 3004 1563 3043 nunc
1609 2996 1793 3042 autem
1839 3002 2011 3058 usque

410 3077 548 3134 adeo
606 3078 967 3134 contemnitis
1023 3094 1175 3145 eum,
1222 3086 1285 3134 ut
1342 3094 1471 3133 cum
1534 3077 1624 3132 ille
1675 3076 1994 3148 praeceperit

414 3191 438 3216 α
479 3170 557 3224 Ne
586 3167 804 3224 occidas
829 3169 900 3236 εί,
932 3187 960 3220 »
1007 3183 1104 3223 vos
1135 3167 1483 3223 meditemini
1537 3175 1774 3222 mortem
1804 3182 2008 3234 meam,

409 3256 576 3329 idque
605 3273 738 3314 cum
768 3273 882 3314 non
906 3257 1124 3328 possitis
1149 3273 1238 3313 me
1280 3273 1512 3329 arguere
1545 3256 1617 3312 de
1648 3264 1890 3328 peccato.
1929 3259 2006 3312 Ex

409 3345 499 3402 his
537 3347 704 3419 igitur
753 3345 1111 3403 manifestum
1160 3346 1308 3419 quod
1365 3362 1492 3402 eum
1530 3345 1710 3402 modis
1749 3346 2012 3402 omnibus

408 3436 695 3508 ignoretis.
729 3439 846 3508 Ego
891 3452 1020 3493 vero
1051 3436 1168 3492 scio
1212 3452 1343 3492 eum
1396 3437 1742 3504 naturaliter,
1783 3451 2011 3491 omnem

408 3524 527 3596 ejus
555 3525 820 3581 notitiam
867 3525 1093 3582 habens.
1139 3526 1324 3596 Qualis
1370 3525 1522 3582 enim
1565 3541 1688 3581 sum
1733 3541 1854 3597 ego,
1887 3525 2011 3581 talis

406 3621 461 3670 et
505 3617 686 3670 Pater.
745 3617 922 3687 Igitur
963 3615 1092 3687 quia
1119 3617 1234 3671 scio
1262 3615 1560 3686 meipsum,
1594 3623 1649 3671 et
1675 3614 1831 3670 illum
1873 3615 2005 3670 scio.

409 3725 435 3752 ι
494 3704 552 3759 Si
580 3712 767 3760 autem
797 3705 986 3762 dixero
1017 3705 1167 3777 quod
1196 3705 1444 3760 nesciam
1488 3720 1637 3773 eum,
1687 3720 1780 3760 ero
1810 3703 2008 3760 similis

403 3793 562 3848 vobis
604 3795 860 3850 mendax.
896 3818 922 3844 ιι
965 3797 1104 3850 Nam
1137 3810 1232 3851 vos
1253 3795 1474 3867 quidem
1503 3810 1598 3866 per
1627 3793 2006 3866 arrogantiam

404 3880 638 3940 dicendo
668 3883 817 3955 quod
857 3901 984 3940 eum
1041 3884 1249 3952 sciatis,
1301 3883 1618 3940 mentimini
1653 3902 1666 3939 :
1711 3883 1865 3956 atqui
1905 3898 2006 3954 ego

403 3987 530 4028 cum
556 3975 725 4028 sciam
754 3989 904 4042 eum,
941 3975 984 4029 si
1015 3973 1204 4030 dixero
1233 3990 1325 4030 me
1350 3975 1576 4043 nescire,
1613 3973 1825 4046 negabo
1871 3972 2006 4028 veri-

402 4069 600 4117 tatem.
655 4064 835 4132 Quam
883 4063 1054 4133 igitur
1080 4063 1452 4134 conjecturam
1478 4061 1649 4118 affers
1695 4062 1846 4133 quod
1869 4062 2006 4118 scias

403 4155 566 4207 eum?
596 4151 755 4222 Quia,
782 4150 977 4223 inquit,
1007 4167 1318 4208 sermonem
1339 4153 1455 4224 ejus
1475 4168 1665 4208 servo:
1689 4167 2005 4208 sermonem

402 4239 648 4296 vocando
699 4240 984 4296 mandata.
1042 4242 1232 4313 Neque
1279 4241 1426 4298 enim
1475 4241 1820 4298 adversarius
1878 4257 2005 4297 sum

403 4328 501 4398 illi,
557 4345 736 4400 neque
801 4329 1147 4386 adversarius
1215 4334 1333 4387 Deo
1401 4340 1729 4403 arroganter
1787 4331 2001 4403 loquor,

401 4434 581 4492 neque
631 4419 891 4476 mandata
935 4419 1052 4492 ejus
1080 4419 1250 4477 solvo.
1291 4421 1404 4476 Vos
1431 4431 1618 4477 autem
1663 4421 1757 4493 qui
1788 4437 2002 4477 sermo-

1997 3117 2014 3146 ’
2053 3123 2098 3188 C

2134 1909 2236 1990 γὰρ
2273 1909 2366 1982 τὴν
2401 1909 2573 1978 δόξαν.
2629 1907 2693 1969 Ὁ
2740 1907 2794 1966 δὲ
2836 1907 3054 1987 Κύριοςο
3115 1932 3140 1960 ιι
3198 1903 3330 1963 Ἐὰν
3382 1904 3488 1985 ἐγὼ
3535 1905 3735 1975 δοξάζω

2133 1999 2397 2077 ἐμαυτὸν,
2453 2003 2487 2070 ἡ
2524 1998 2647 2068 δόξα
2695 2023 2796 2076 μου
2837 1997 2985 2056 οὐδέν
3041 1999 3217 2072 ἐστιν,
3261 2023 3285 2048 ιι
3336 2001 3409 2065 ὡς
3457 1999 3607 2072 ὑμεῖς
3639 1998 3734 2056 δο-

2132 2099 2289 2148 κεῖτε·
2341 2094 2430 2147 νῦν
2468 2088 2521 2147 δὲ
2570 2088 2710 2147 ἔστιν
2755 2088 2912 2154 ἄλλος
2968 2089 2995 2144 6
3045 2085 3274 2154 δοξάζων
3331 2109 3434 2163 με,
3472 2091 3500 2146 6
3539 2085 3732 2166 Πατήρ

2281 2177 2634 2238 Ἐ’“”’ν·ὰ
2767 2175 3006 2236 "se.
3207 2174 3219 2194 ‘
3380 2179 3410 2193 ν
3557 2174 3718 2234 ’δ’

2133 2202 2256 2255 μου.
2351 2195 2599 2256 οοςαςεγ
2642 2202 2668 2256 ρ
2724 2201 2884 2235 αυτον
2955 2201 2969 2233 ι
3060 2198 3289 2252 παντος,
3320 2197 3474 2233 τουτο
3509 2199 3605 2248 μεν
3680 2199 3734 2234 ια

2131 2272 2235 2328 τῶν
2267 2269 2387 2346 περὶ
2428 2269 2589 2327 αὐτοῦ
2627 2269 2961 2348 προφητειῶν
2983 2311 3000 2343 ,
3028 2270 3185 2324 τοῦτο
3218 2263 3271 2322 δὲ
3315 2263 3406 2322 καὶ
3436 2262 3525 2322 διὰ
3555 2269 3650 2336 τῆς

2131 2359 2364 2436 οὐρανῶν
2422 2357 2752 2438 μαρτυρίας,
2795 2360 2953 2414 τοῦτο
2997 2355 3052 2414 δὲ
3087 2352 3174 2412 διὰ
3223 2356 3326 2412 τῶν
3379 2354 3585 2433 μυρίων
3639 2354 3732 2414 καὶ

2132 2447 2362 2524 ἀπείρων
2419 2447 2732 2523 θαυμάτων.
2791 2449 2992 2506 Τοῦτον
3048 2444 3102 2502 δὲ
3147 2443 3236 2502 τὸν
3286 2441 3510 2523 Πατέρα
3542 2446 3731 2519 ὑμεῖς,

2130 2535 2300 2616 φησὶ,
2355 2535 2569 2612 λέγετε,
2623 2535 2704 2592 ὅτι
2739 2534 2876 2600 Θεὸς
2933 2536 3081 2611 ὑμῶν
3127 2535 3293 2592 ἐστιν·
3332 2531 3454 2592 ἀλλ’
3505 2532 3627 2592 οὔτε
3661 2537 3733 2600 ὥς

2132 2627 2353 2703 Πατέρα
2383 2627 2509 2701 ἐμὸν
2541 2623 2699 2683 αὐτὸν
2729 2623 3127 2702 ἐπιγινώσκετε,
3145 2623 3262 2683 οὔτε
3294 2626 3363 2688 ὡς
3390 2621 3528 2682 Θεὸν
3553 2626 3719 2700 ὑμῶν.

2130 2717 2198 2775 Εἰ
2229 2713 2333 2793 γὰρ
2375 2719 2445 2782 ὣς
2495 2714 2742 2794 Πατέραδ
2769 2712 2896 2791 ἐμὸν
2943 2713 3098 2772 αὐτὸν
3151 2711 3570 2792 ἐπεγινώσκετε,
3622 2715 3728 2772 ἐτι-

2130 2804 2341 2881 μήσατε
2377 2803 2444 2862 ἂν
2473 2804 2563 2862 τὸν
2609 2805 2738 2866 Υἱὸν
2785 2805 2971 2862 αὐτοῦ’
3001 2806 3093 2860 νῦν
3135 2801 3190 2861 δὲ
3231 2803 3320 2861 τὸν
3369 2801 3499 2863 Υἱὸν
3541 2801 3616 2878 μὴ
3649 2826 3727 2860 τι-

2131 2897 2370 2970 μῶντες,
2405 2893 2643 2969 εὔδηλον,
2685 2894 2768 2955 ὅτι
2796 2895 2853 2953 o6
2883 2891 3172 2971 γινώσκετε
3205 2893 3366 2952 αὐτὸν
3403 2896 3473 2959 ὡς
3506 2891 3729 2972 Πατέρα

2131 2985 2280 3060 ἐμόν.
2328 2983 2468 3044 Ἀλλ’
2509 2983 2628 3044 οὐδὲ
2665 2987 2736 3052 ὡς
2785 2983 2924 3047 Θεὸν
2971 2983 3155 3050 ἁπλῶς
3204 2983 3585 3062 ἐπιγινώσκετε
3635 2985 3728 3041 016-

2127 3073 2241 3131 16v°
2275 3064 2309 3146 ἦ
2339 3072 2441 3153 γὰρ
2474 3072 2538 3132 ἂν
2585 3073 2832 3156 ἐτρέμετε
2865 3072 2980 3140 τοὺς
3021 3072 3205 3151 λόγους
3238 3075 3397 3131 αὐτοῦ
3441 3077 3510 3138 ὡς
3558 3077 3724 3134 Θεοῦ.

2127 3169 2215 3221 νῦν
2250 3165 2303 3223 δὲ
2367 3170 2619 3224 τοσοῦτον
2667 3163 3050 3245 καταφρονεῖτε
3107 3164 3296 3236 016103,
3349 3160 3521 3234 ὥστε,
3570 3191 3592 3214 ει
3628 3162 3725 3229 Μὴ

2126 3253 2413 3332 φονεύσῃς,
2466 3280 2490 3305 υ
2530 3253 2730 3312 ἐκείνου
2780 3251 3261 3329 νομοθετήσαντος,
3330 3256 3481 3327 ὕμεῖς
3532 3261 3728 3332 φονᾶτε

2123 3345 2242 3400 κατ’
2277 3344 2443 3421 ἐμοῦ,
2476 3343 2568 3402 καὶ
2615 3348 2785 3402 ταῦτα
2832 3340 2908 3421 μὴ
2960 3340 3170 3420 ἔχοντές
3219 3365 3285 3419 με
3325 3339 3564 3420 ἐλέγχειν
3604 3341 3730 3421 περὶ

2123 3432 2409 3513 ἁμαρτίας.
2442 3432 2543 3494 Ἐκ
2590 3431 2791 3492 τούτων
2825 3425 2918 3490 06v
2949 3433 3128 3505 δῆλον,
3166 3429 3248 3488 ὅτι
3301 3432 3534 3508 ἀγνοεῖτε
3570 3430 3728 3489 αὐτὸν

2121 3523 2484 3584 παντάπασιν.
2533 3521 2680 3600 Ἐγὼ
2711 3523 2765 3580 δὲ
2809 3511 2927 3580 οἶδα
2991 3521 3146 3580 αὐτὸν
3203 3523 3469 3600 φυσικῶς,
3515 3522 3728 3587 πάντως

2121 3609 2216 3682 τὴν
2249 3615 2410 3670 αὐτοῦ
2459 3615 2654 3691 γνῶσιν
2699 3610 2856 3690 ἔχων⁸
2890 3601 2995 3678 οἶος
3026 3610 3128 3690 γάρ
3158 3612 3268 3687 εἶμι
3317 3607 3454 3688 ἐγὼ,
3498 3615 3726 3677 τοιοῦτος

2121 3700 2214 3759 καὶ
2257 3705 2284 3759 6
2318 3701 2536 3779 Πατήρ·
2568 3701 2682 3759 ἐπεὶ
2717 3692 2806 3760 06v
2836 3691 2956 3759 οἶδα
2992 3699 3258 3776 ἐμαυτὸν,
3287 3703 3544 3759 κάκεῖνον
3579 3691 3722 3759 οῖδα.

2120 3816 2144 3843 α
2179 3788 2311 3850 Ἐὰν
2357 3790 2410 3848 δὲ
2457 3789 2746 3862 ein-03,611
2785 3792 2880 3850 οὐκ
2932 3780 3048 3848 οἶδα
3084 3790 3264 3861 αὐτὸν,
3309 3788 3498 3866 ἔσομαι
3551 3788 3726 3865 ὅμοιος

2120 3881 2268 3956 ὑμῶν
2301 3877 2552 3960 ψεύστης.
2590 3909 2613 3933 υ
2649 3879 2839 3956 ⁶Υμεῖς
2874 3879 2969 3955 μὲν
2997 3879 3124 3959 γὰρ,
3159 3877 3353 3938 εἰδέναι
3404 3876 3563 3937 αὐτὸν
3589 3881 3726 3937 ἀλά-

2119 3969 2488 4044 ζονευόμενοι,
2530 3968 2800 4050 ψεύδεσθε·
2837 3967 2940 4047 ἐγὼ
2989 3970 3044 4028 δὲ
3076 3969 3226 4036 εἰδὼς
3265 3967 3423 4027 αὐτὸν
3452 4014 3468 4041 ,
3511 3970 3556 4026 εἷ
3587 3966 3722 4028 εἴπω

2119 4057 2195 4133 μὴ
2229 4056 2453 4130 εἰδέναι,
2491 4061 2754 4138 ἀρνοῦμαι
2794 4057 2890 4130 τὴν
2923 4058 3198 4130 ἀλήθειαν.
3272 4056 3342 4118 Τί
3373 4048 3463 4116 06v
3521 4057 3724 4135 τεκμή-

2120 4171 2226 4227 ριον
2259 4147 2414 4214 δίδως
2442 4154 2534 4207 τοῦ
2573 4149 2766 4207 εἰδέναι
2807 4147 3000 4218 αὖτόν;
3031 4147 3198 4222 ⁰Οτι,
3241 4147 3371 4227 φησὶ
3392 4193 3408 4222 ,
3445 4147 3534 4207 τὸν
3567 4148 3722 4225 λόγον

2116 4239 2277 4296 αὐτοῦ
2308 4242 2484 4317 τηρῶ,
2519 4263 2548 4295 ι)
2584 4240 2739 4316 λόγον
2768 4236 2934 4316 λέγων
2973 4239 3070 4306 τὰς
3111 4235 3328 4304 ἐντολὰς
3351 4238 3534 4299 αὐτοῦ.
3569 4235 3716 4296 Οὔτε

2114 4325 2216 4406 γὰρ
2249 4330 2590 4404 ἐναντιοῦμαι
2624 4328 2833 4409 ἐκείνῳ,
2860 4327 2894 4400 ἢ
2919 4331 2989 4396 ὡς
3020 4329 3250 4395 ἀντίθεος
3283 4326 3673 4402 ἀλαζονεύομαι
3699 4374 3716 4402 ,

2114 4414 2234 4476 οὔτε
2295 4417 2390 4484 τὰς
2436 4417 2650 4486 ἐντολὰς
2701 4419 2862 4478 αὐτοῦ
2915 4419 3197 4498 παραλύω.
3253 4415 3446 4493 ⁶Υμεῖς
3489 4415 3546 4475 δὲ
3599 4415 3716 4475 ἐπεὶ

401 4523 535 4563 num
564 4508 680 4580 ejus
728 4517 1165 4582 transgressores
1192 4509 1347 4577 estis,
1397 4511 1650 4583 captique
1681 4492 1834 4566 malis
1863 4527 1994 4567 con-

2123 4511 2218 4565 τῶν
2252 4509 2477 4566 ἐντολῶν
2509 4509 2671 4566 αὐτοῦ
2723 4507 3034 4587 παραϐάται
3069 4507 3381 4579 ἁλίσκεσθε,
3414 4507 3720 4584 ἐπιθυμίαις

401 4596 748 4667 cupiscentiis
776 4599 1245 4671 constringimini,
1296 4608 1353 4654 et
1373 4601 1550 4656 cades
1587 4601 1767 4668 sititis,
1813 4609 1870 4656 et
1895 4600 2004 4657 alia

401 4688 579 4741 multa
626 4689 746 4757 lege
814 4688 1098 4744 interdicta
1135 4689 1578 4761 concupiscendo
1631 4689 1830 4759 facitis,
1882 4707 2003 4746 ma-

400 4773 595 4831 nifeste
617 4775 900 4832 declaratis
946 4793 1043 4834 vos
1071 4778 1324 4849 ignorare
1362 4779 1541 4834 illum.
1565 4782 1706 4836 Nam
1735 4779 1779 4836 si
1799 4796 2003 4853 cogno-

402 4864 638 4933 vissetis,
688 4866 972 4923 servaretis
1035 4869 1220 4940 utique
1261 4884 1577 4925 sermonem
1628 4871 1768 4940 ejus,
1812 4870 1866 4926 id
1921 4879 2004 4927 est

400 4954 684 5010 mandata.
735 4954 972 5025 Quidam
1027 4965 1216 5013 autem
1255 4957 1334 5013 sic
1382 4958 1731 5032 intelligunt:
1772 4983 1797 5009 σι
1831 4962 2003 5016 Servo

400 5058 716 5100 sermonem
757 5045 896 5116 ejus,
924 5069 949 5095 ιο
1004 5045 1062 5100 id
1091 5055 1172 5102 est
1217 5057 1510 5119 propterea
1539 5049 1655 5105 scio
1685 5065 1811 5105 eum
1831 5091 1846 5118 ,
1874 5050 2003 5120 quia

399 5130 578 5190 baheo
626 5134 685 5190 in
714 5136 927 5206 meipso
970 5135 1238 5192 rationem
1279 5139 1532 5194 essentia
1584 5138 1700 5211 ejus
1740 5137 1813 5194 nil
1839 5137 2002 5196 diffe-

401 5232 634 5289 rentem,
666 5224 722 5281 id
751 5233 835 5280 est
862 5219 1243 5282 deﬁnitionem
1277 5246 1292 5281 :
1320 5235 1376 5282 et
1427 5227 1621 5284 eadem
1653 5236 1850 5283 natura
1881 5244 2003 5284 ser-

400 5325 625 5367 monem
648 5352 663 5380 ,
692 5329 855 5385 quem
881 5319 1041 5371 Pater
1074 5316 1260 5385 habet,
1293 5316 1440 5372 hunc
1470 5333 1571 5389 ego
1597 5333 1916 5374 sermonem
1947 5319 2001 5374 in

398 5399 550 5455 nullo
600 5401 874 5460 minorem
915 5413 971 5460 et
1021 5406 1137 5477 ipse
1189 5405 1395 5472 habeo;
1470 5423 1601 5462 nam
1659 5407 1851 5464 eadem
1917 5417 2001 5465 est

398 5496 592 5546 natura
619 5497 674 5546 et
710 5491 856 5548 idem
879 5509 1064 5550 sermo
1102 5495 1422 5552 substantia:
1449 5497 1598 5553 Patri
1637 5505 1694 5554 et
1726 5497 1866 5555 Filio
1902 5519 1914 5557 :
1943 5506 2001 5556 et

472 5631 511 5666 ²¹
537 5633 711 5690 Exod.
737 5651 841 5708 xx,
876 5643 968 5706 13;
1003 5642 1167 5695 Deut.
1202 5655 1258 5708 ν,
1299 5646 1382 5695 16.

2110 4621 2167 4655 τε
2202 4605 2465 4676 πονηραῖς
2503 4596 2852 4676 ἐνεχόμενοι,
2905 4597 2997 4657 καὶ
3053 4597 3205 4678 φόνον
3278 4597 3566 4677 διψῶντες,
3625 4596 3719 4655 καὶ

2110 4687 2283 4746 τᾶλλα
2320 4688 2713 4762 ἐπιθυμητικῶς
2757 4686 2824 4744 τὰ
2856 4687 2909 4744 ἐν
2950 4689 3028 4768 τῷ
3057 4685 3203 4767 νόμῳ
3245 4685 3579 4765 ἀπειρημένα
3623 4708 3718 4743 τε-

2109 4777 2356 4848 λοῦντες,
2399 4779 2636 4857 φανερῶς
2684 4775 3000 4855 γνωρίζεσθε
3055 4780 3364 4854 ἀγνοοῦντες
3419 4774 3602 4834 αὐτόν.
3647 4777 3710 4834 Εἰ

2109 4865 2211 4944 γὰρ
2239 4864 2588 4942 ἐγινώσκετε,
2641 4867 2878 4944 ἐτηρεῖτε
2923 4864 2985 4924 ἂν
3019 4867 3106 4925 τὸν
3158 4865 3310 4943 λόγον
3351 4865 3550 4939 αὐτοῦ),
3591 4887 3714 4923 του-

2109 4954 2280 5031 τέστι,
2314 4953 2406 5022 τὰς
2447 4954 2682 5022 ἐντολάς.
2715 4955 2868 5022 Τινὲς
2899 4955 2952 5014 δὲ
2985 4953 3124 5013 οὕτω
3167 4960 3347 5013 νοοῦσι
3378 4953 3455 5034 τὸ,
3490 4981 3512 5006 α
3545 4956 3714 5034 Τηρῶ

2109 5043 2200 5102 τὸν
2239 5044 2392 5123 λόγον
2447 5046 2626 5102 αὐτοῦ·
2656 5074 2678 5095 ο
2724 5047 2996 5118 τουτέστι,
3041 5043 3146 5104 Διὰ
3174 5049 3329 5104 τοῦτο
3373 5031 3490 5102 οἶδα
3519 5043 3707 5115 αὐτὸν,

2110 5132 2189 5191 ὅτι
2237 5131 2348 5214 ἔχω
2403 5136 2454 5193 ἐν
2508 5136 2724 5215 ἐμαυτῷ
2773 5135 3189 5214 ἀπαράλλακτον
3255 5133 3343 5192 τὸν
3411 5132 3567 5211 λόγον
3624 5136 3718 5204 τῆς

2109 5223 2289 5291 οὐσίας
2340 5225 2534 5296 016103,
2588 5223 2868 5298 τουτέστι,
2939 5223 3030 5284 τὸν
3091 5223 3329 5304 ὁρισμόν·
3388 5222 3480 5281 καὶ
3529 5221 3585 5281 ὃν
3646 5220 3712 5279 ἂν

2107 5313 2265 5391 λόγον
2311 5313 2516 5394 φύσεως
2555 5317 2582 5373 6
2621 5316 2812 5394 Πατὴρ
2861 5314 2990 5395 ἔχῃ,
3031 5319 3268 5374 τοιοῦτον
3312 5312 3400 5372 τὸν
3433 5311 3590 5390 λόγον
3621 5309 3713 5370 καὶ

2111 5402 2268 5470 αὐτὸς
2320 5402 2447 5482 ἔχω·
2505 5408 2536 5475 ἡ
2596 5403 2730 5476 αὐτὴ
2784 5403 2886 5484 γάρ
2933 5406 3044 5463 ἐστι
3098 5403 3280 5483 φύσις,
3342 5400 3435 5461 καὶ
3485 5405 3514 5460 6
3562 5399 3717 5466 αὐτὸς

2107 5491 2264 5572 λόγος
2296 5497 2387 5565 τῆς
2432 5493 2612 5561 οὐσίας
2654 5493 2832 5573 Πατρί
2879 5517 2936 5552 τε
2981 5493 3072 5552 καὶ
3116 5495 3253 5574 Υἱῷ·
3290 5490 3430 5551 ὥστε
3475 5492 3592 5551 οἰδα
3625 5490 3714 5550 τὸν
