4198 6450
438 346 504 399 37
1212 345 1602 402 ENARRATIO
1641 344 1707 398 IN
1745 341 2180 398 EVANGELIUM
2214 343 2521 403 JOANNIS.
2561 378 2634 391 -—
2661 350 2817 406 CAP.
2863 352 2994 406 νηί.
3696 359 3765 411 38

445 469 694 549 Πατέρα’
751 469 851 530 καὶ
880 469 989 550 γὰρ
1019 469 1109 530 τὸν
1159 471 1314 551 λόγον
1356 473 1516 530 αὐτοῦ
1565 475 1662 542 τῆς
1712 468 1893 536 οὐσίας
1923 471 2057 527 ἀπο·

2174 473 2251 529 ita
2272 471 2386 530 scio
2403 476 2627 531 Patrem
2661 495 2673 531 :
2703 492 2839 532 nam
2863 485 2918 532 et
2937 493 3256 534 sermonem
3293 479 3409 550 ejus
3435 479 3764 538 substantias

453 559 604 629 σώζω
633 561 1085 640 ἀπαράλλακτον.
1132 563 1214 622 Τὸ
1253 561 1308 620 δὲ
1338 566 1528 641 σχῆμα
1577 565 1730 619 τοῦτο
1773 564 1864 617 τοῦ
1901 559 2057 636 λόγου

454 649 673 721 σύνηθες
703 650 857 731 παρὰ
987 655 1211 734 Γραφῇ,
1241 653 1312 720 ὡς
1340 651 1430 724 τὸ,
1457 678 1482 704 «ι
1508 649 1629 718 Διὸς
1660 654 1788 727 ἡμῖν
1815 648 2061 728 βοήθειαν

457 743 518 799 ἐκ
547 741 810 822 θλίψεως,
845 742 939 801 καὶ
985 741 1190 820 ματαία
1242 741 1482 822 σωτηρία
1533 739 1834 821 ἀνθρώπου.
1880 767 1902 791 ιι
1939 738 2063 799 Ἐν-

457 836 625 912 ⁴ιίοιῦθα
656 834 758 912 γὰρ
788 833 851 892 τὸ
873 877 888 905 ,
913 859 939 886 α
966 831 1058 890 καὶ
1075 878 1092 906 ,
1116 860 1141 884 υ
1166 832 1406 908 ἄντὶητοῦ
1427 876 1441 908 ,
1469 857 1492 884 α
1518 831 1640 910 γὰρ,
1664 857 1684 882 ι
1706 838 1900 888 κεῖται·
1925 826 2063 888 ὥστε

459 909 692 980 εἶναιτὸ
743 922 1029 1001 λεγόμενον
1076 925 1325 981 τοιοῦτον·
1377 949 1400 975 ι
1451 919 1555 986 Δὸς
1596 923 1728 996 ἡμῖν
1775 919 2060 998 βοήθειαν,

463 1010 673 1090 ματαία
711 1009 814 1090 γὰρ
869 1010 1107 1090 σωτηρία
1139 1009 1438 1090 ἀνθρώπου.
1486 1037 1510 1064 »
1565 1012 1729 1070 Οὕτω
1771 1010 2064 1067 κάνταῦθω

464 1127 487 1150 ιι
527 1088 671 1159 οῖδα
701 1088 894 1178 αὐτὸν,
919 1088 1131 1159 καὶ-τὸν
1171 1088 1326 1178 λόγον
1363 1100 1527 1159 αὐτοῦ
1574 1102 1740 1179 τηρῶ.
1781 1124 1806 1151 ιι
1849 1097 2061 1179 τὸγὰρ,

465 1216 489 1239 ι
519 1189 616 1246 καὶ
635 1235 653 1262 ,
677 1219 700 1242 ι
722 1190 840 1248 ἀντὶ
867 1195 959 1249 τοῦ
979 1234 996 1263 ,
1027 1217 1051 1243 ι
1071 1189 1192 1271 γὰρ,
1216 1217 1240 1242 ιο
1263 1190 1454 1250 κεῖταιο
1481 1216 1506 1241 α
1531 1188 1638 1250 Τὸν
1661 1189 1763 1269 γὰρ
1790 1187 1943 1265 λόγον
1971 1190 2065 1247 αὐ-

463 1283 594 1353 τοῦ,
624 1280 781 1360 φησὶ,
811 1283 978 1358 τηρῶ.
1017 1306 1042 1332 ι

549 1396 575 1420 ιι
604 1368 850 1449 Ἀϐραὰμ
875 1374 903 1428 6
933 1367 1117 1448 πατὴρ
1149 1370 1294 1443 ὑμῶν
1321 1367 1713 1446 ἠγαλλιάσατο,
1743 1366 1830 1427 ἵνα
1856 1367 1940 1447 ἴδῃ
1959 1365 2063 1449 ,τὴν

463 1457 677 1537 ἡμέραν
707 1448 804 1531 τὴν
845 1458 1002 1536 ἐμήνσ
1043 1458 1134 1518 καὶ
1161 1449 1300 1531 εἶδε,
1345 1458 1436 1518 καὶ
1466 1460 1658 1538 ἐχάρη.
1706 1449 1874 1518 Εἶπον
1905 1448 1993 1516 οὖν
2019 1459 2068 1517 οἱ

469 1545 718 1608 Ἰουδαῖοι
771 1549 900 1628 πρὸς
950 1548 1134 1608 αὐτόν’
1174 1548 1520 1622 Πεντήκοντα
1567 1547 1716 1608 οὔπω
1749 1547 1888 1629 ἔχεις
1934 1546 2063 1621 ἔτη,

467 1639 564 1696 καὶ
616 1637 860 1717 Ἀϐραὰμ
911 1637 1180 1716 ἑώρακας;
1248 1629 1412 1699 Εἶπεν
1464 1629 1553 1698 οῦν
1607 1638 1801 1705 αὐτοῖς·
1866 1636 2064 1716 Ἀμὴν,

467 1726 613 1804 ἀμὴν
653 1729 807 1808 ,λέγω
879 1733 1030 1804 ὑμῖν,
1092 1729 1216 1808 πρὶν
1279 1727 1528 1808 Ἀϐραὰμ
1600 1729 1876 1808 γενέσθαι,

468 1820 607 1894 εἰμι.
646 1807 830 1896 1'Hpav
860 1810 948 1876 οὖν
973 1807 1182 1888 λίθους,
1213 1819 1300 1876 ἵνα
1339 1807 1577 1898 βάλωσιν
1613 1816 1696 1876 ἐπ’
1729 1817 1909 1878 αὐτόν.
1944 1816 2064 1889 Ἰη-

467 1911 595 1973 σοῦς
639 1909 695 1966 δὲ
726 1905 959 1988 ἐκρύϐη,
998 1907 1088 1966 καὶ
1131 1907 1342 1980 ἐξῆλθεν
1395 1910 1454 1966 ἐκ
1484 1912 1576 1967 τοῦ
1629 1908 1805 1986 ἱεροῦ,
1845 1906 2066 1966 διελθὼν

466 1995 557 2053 διὰ
612 1998 776 2073 μέσου
827 1999 1022 2056 αὐτῶν·
1067 1997 1156 2056 καὶ
1212 2002 1452 2077 παρῆγεν
1507 1997 1689 2063 οὕτως.
1722 2024 1747 2050 ιι
1799 1996 2066 2058 Ἐνταῦθα

466 2088 886 2158 κατασκευάζει,
921 2084 1002 2145 ὅτι
1054 2087 1249 2163 μείζων
1300 2088 1414 2146 ἐστὶ
1455 2093 1549 2148 τοῦ
1599 2086 1866 2168 Ἀϐραάμ,
1905 2085 2065 2168 Ἐπεὶ

465 2175 570 2256 γὰρ
621 2179 808 2236 ἐκεῖνοι
866 2175 1153 2257 προέφερον
1206 2179 1371 2258 αὐτῷ·
1419 2205 1444 2229 κ
1499 2177 1593 2247 Μὴ
1647 2166 1711 2236 οὗ
1765 2179 1957 2254 μείζων
2018 2166 2069 2234 εἶ

463 2271 559 2324 τοῦ
608 2267 807 2345 πατρὸς
849 2269 1004 2342 ἡμῶν
1054 2265 1339 2346 Ἀϐραὰμ;
1379 2295 1404 2320 ι
1449 2266 1608 2348 φησὶν
1656 2269 1922 2342 ἐνταῦθα,
1984 2265 2065 2325 ὅτι

464 2356 578 2415 Ναὶ
617 2357 808 2431 μείζων
853 2355 984 2433 εἰμί.
1040 2384 1065 2411 ι
1103 2357 1335 2426 Ἐκεῖνος
1381 2358 1484 2439 γάρ
1529 2380 1612 2417 τοι
1661 2357 2063 2435 ἠγαλλιάσατο,

459 2444 552 2504 ⁴ἵνα
609 2446 696 2525 ἴδῃ
760 2444 859 2517 τὴν
913 2445 1122 2525 ἡμέραν
1170 2446 1267 2520 τὴν
1313 2448 1521 2522 ἐμήνί
1585 2447 1858 2518 τουτέστι,
1915 2468 2063 2526 περι-

462 2535 798 2594 σπούδαστον
859 2539 952 2594 καὶ
1006 2535 1256 2596 εὐκταίαν
1311 2527 1423 2616 εἶχε
1488 2537 1687 2610 ταύτην
1747 2534 1846 2595 καὶ
1891 2545 2064 2614 χαρᾶς

459 2623 744 2704 πρόξενον,
803 2625 1048 2695 δηλονότι
1095 2625 1309 2693 πάντως
1370 2624 1453 2686 ἐπ’
1501 2623 1778 2708 εὐεργεσίᾳ
1829 2626 2062 2708 γενομέ-

458 2737 593 2785 νην,
640 2718 711 2781 ὡς
751 2713 843 2773 καὶ
876 2715 936 2773 οὖ
970 2720 1165 2792 μικροῦ
1216 2739 1389 2792 τινος,
1437 2713 1553 2775 οὐδὲ
1602 2706 1857 2795 τυχόντος
1899 2706 2062 2774 οὖσαν

460 2804 700 2884 ἡμραν,
746 2803 888 2862 ἀλλὰ
936 2805 1193 2881 μείζονος.
1228 2805 1469 2886 Ἡμέραν
1503 2805 1556 2863 δὲ
1585 2806 1730 2884 λέγει
1775 2805 1864 2864 σὸν
1897 2828 2062 2865 σταυ-

460 2893 574 2972 ρόν.
629 2896 830 2953 Τοῦτον
877 2893 982 2972 γὰρ
1023 2895 1322 2974 προετύπου
1370 2900 1398 2954 6
1445 2894 1693 2975 Ἀϐραὰμ
1741 2897 1794 2954 ἐν
1850 2899 1917 2974 τῇ
1967 2901 2061 2954 τοῦ

461 2981 662 3042 Ἰσαὰκ
714 2989 1080 3064 προσαγωγῇ,
1131 2985 1220 3043 καὶ
1273 2988 1338 3064 τῇ
1383 2991 1477 3044 τοῦ
1527 2989 1678 3064 κριοῦ
1731 2983 1907 3064 θυσίᾳ.
1965 2984 2060 3053 Ὡς

457 3074 561 3151 γὰρ
595 3075 788 3141 ἐκεῖνος
836 3074 904 3132 τὰ
955 3072 1118 3146 ξύλα,
1176 3073 1340 3142 οὕτως
1386 3077 1414 3132 6
1460 3074 1651 3154 Κύριος
1708 3072 1795 3132 τὸν
1831 3075 2059 3153 σταυρὸν

456 3161 750 3221 ἐϐάστασεο
800 3164 893 3222 καὶ
944 3167 1014 3230 ὡς
1072 3163 1260 3244 ἀφείθη
1315 3164 1410 3241 μὲν
1471 3162 1692 3236 Ἰσαὰκ,
1751 3163 1906 3235 ἐτύθη
1941 3164 1993 3222 δὲ
2031 3167 2060 3222 6

455 3252 624 3330 κριός
677 3251 844 3320 οὕτως
887 3255 915 3310 6
959 3252 1054 3329 μὲν
1103 3254 1237 3320 Θεὸς
1287 3254 1434 3320 ἐκτὸς
1490 3253 1707 3325 πάθους,
1752 3255 1826 3331 τῷ
1873 3255 1928 3311 δὲ
1965 3255 2058 3312 ἄν·

456 3340 710 3420 θρωπίνῳ
755 3342 846 3400 καὶ
890 3347 956 3420 τῇ
1002 3342 1164 3421 σαρκὶ
1217 3341 1398 3403 ἔπαθε.
1445 3343 1666 3413 Ταύτην
1700 3341 1796 3415 τὴν
1846 3340 2056 3422 ἡμέραν

453 3429 552 3501 τὴν
598 3436 691 3490 τοῦ
740 3436 968 3512 σταυροῦ
1012 3429 1263 3510 Ἀϐραὰμ
1308 3431 1541 3511 προϊδὼν
1580 3431 1787 3511 ἐχάρη,
1837 3435 1907 3498 ὡς
1958 3455 2055 3490 κο-

453 3525 656 3594 σμικῆς
706 3521 1063 3598 γενησομένης
1115 3519 1401 3600 σωτηρίας.
1470 3518 1618 3596 Ἅμα
1674 3522 1729 3580 δὲ
1789 3521 2054 3581 δείκνυσιν

451 3613 685 3690 ἐνταῦθα
729 3609 913 3679 αὖτοὺς
963 3610 1270 3690 ἀλλοτρίους
1320 3614 1406 3669 τοῦ
1453 3609 1736 3688 Ἀϐραὰμ,
1785 3609 1833 3668 εἴ
1864 3633 1922 3687 γε
1974 3612 2053 3687 ἐφ’

448 3689 529 3764 οἷς
577 3701 772 3766 ἐκεῖνος
825 3699 1076 3779 ἔχαιρεν,
1129 3691 1272 3759 οὗτοι
1325 3701 1554 3760 λυττῶσι
1600 3700 1692 3758 καὶ
1745 3701 2049 3778 μαίνονται,

449 3791 626 3860 Δηλοῐ
656 3791 709 3849 δὲ
734 3834 750 3861 ,
778 3789 856 3848 ὅτι
889 3792 985 3848 οὐκ
1019 3789 1159 3847 ἄκων
1190 3789 1278 3848 ἐπὶ
1321 3789 1382 3847 τὸ
1414 3790 1577 3856 πάθος
1608 3789 1823 3870 ἔρχεται
1853 3835 1869 3862 ,
1913 3789 1963 3848 εἴ
1993 3813 2054 3866 γε

451 3879 665 3937 ἐπαινεῖ
692 3879 779 3937 τὸν
813 3878 1042 3950 ἡσθέντα
1091 3879 1180 3937 ἐπὶ
1221 3882 1298 3959 τῷ
1329 3883 1561 3958 σταυρίζγ
1597 3885 1756 3938 τοῦτο
1799 3879 1946 3960 γὰρτ,
1981 3882 2054 3946 ὡς

451 3968 700 4047 εἴρηται,
749 3969 986 4048 σωτηρία
1016 3972 1111 4039 τῆς
1145 3969 1483 4046 οἰκουμένης.
1530 3967 1710 4028 Ἄλλοι
1759 3968 1810 4026 δὲ
1841 3969 2051 4047 ἡμέραν

449 4057 543 4116 τὸν
574 4057 789 4116 ἅπαντα
819 4059 998 4138 καιρὸν
1044 4062 1220 4118 νοοῦσι
1266 4062 1359 4129 τῆς
1404 4064 1495 4117 τοῦ
1552 4059 1792 4137 Χριστοῦ
1841 4082 2049 4136 παρου-

448 4147 612 4216 σίας,
647 4147 713 4218 ἣν
745 4150 771 4204 6
817 4145 1059 4226 Ἀϐραὰμ
1101 4145 1357 4225 προειδὼς
1405 4147 1610 4227 ἐχάρη,
1660 4145 1740 4205 ὅτι
1785 4145 1840 4216 ἐξ
1890 4149 2051 4207 αὐτοῦ

451 4238 550 4294 καὶ
594 4241 687 4294 τοῦ
752 4236 1054 4315 σπέρματος
1107 4238 1269 4294 αὐτοῦ
1333 4236 1698 4308 ἀναστήσεται
1753 4241 1781 4295 6
1837 4236 2050 4316 Σωτήρ.

451 4325 569 4384 Καὶ
599 4326 746 4404 τάχα
767 4327 825 4384 οὗ
857 4324 1010 4402 μόνος
1041 4330 1070 4385 6
1103 4323 1352 4404 Ἀϐραὰμ
1384 4324 1552 4406 ἐχάρη
1573 4373 1590 4403 ,
1620 4324 1764 4384 ἀλλὰ
1799 4325 1890 4385 καὶ
1916 4327 2050 4384 πάν-

1963 1725 2067 1804 ἐγώ

2169 578 2438 621 conservo
2469 566 2528 622 in
2556 566 2710 622 nullo
2746 567 3050 624 minorem.
3100 570 3199 624 Est
3227 577 3416 625 autem
3447 569 3566 627 haec
3595 570 3774 646 ﬁgura

2168 663 2431 711 consueta
2457 655 2516 710 in
2569 656 2868 728 Scriptura,
2898 665 2962 713 ut
2989 674 3119 713 cum
3143 657 3346 714 dicitur
3374 677 3389 713 :
3425 682 3451 708 α
3484 663 3570 716 Da
3617 662 3778 720 nobis

2167 743 2444 800 auxilium
2489 744 2560 801 de
2589 746 2964 816 tribulatione,
2995 755 3053 802 et
3084 763 3224 803 vana
3255 749 3401 804 salus
3429 748 3688 807 hominis.
3744 775 3769 800 υ

2171 835 2295 889 Hoc
2348 833 2468 890 loco
2505 834 2655 892 enim
2683 837 2999 908 coujunctio
3053 855 3082 890 «
3119 845 3195 904 et,
3246 861 3271 886 υ
3305 853 3425 909 pro,
3478 861 3503 886 α
3537 841 3710 910 enim,
3747 865 3774 891 ιο

2171 923 2399 994 ponitur
2443 942 2456 980 :
2510 933 2574 980 ut
2626 925 2777 998 quod
2813 926 3034 994 dicitur,
3093 926 3240 983 hunc
3269 927 3463 983 habeat
3496 943 3724 986 sensum
3760 949 3776 988 :

2179 1030 2213 1064 ι
2243 1015 2322 1068 Da
2353 1013 2510 1070 nobis
2535 1015 2822 1084 auxilium,
2849 1033 2990 1072 vana
3019 1020 3162 1072 enim
3186 1017 3336 1073 salus
3375 1017 3618 1074 hominis
3648 1021 3714 1072 ³³.
3750 1044 3775 1070 υ

2173 1104 2254 1158 lta
2283 1102 2452 1159 etiam
2479 1104 2586 1160 hoc
2609 1105 2730 1162 loco
2763 1124 2778 1162 :
2813 1124 2843 1159 (ι
2874 1107 2996 1162 Scio
3020 1107 3198 1177 illum,
3233 1116 3288 1164 et
3315 1123 3632 1164 sermonem
3657 1110 3778 1181 ejus

2174 1207 2351 1260 servo,
2382 1217 2409 1244 ι
2441 1194 2760 1267 conjunctio
2795 1218 2820 1245 α
2867 1200 2942 1264 et,
2977 1219 3001 1244 ι»
3033 1212 3134 1268 pro
3168 1220 3195 1246 «ι
3241 1197 3407 1268 enim,
3436 1221 3462 1248 υ
3504 1200 3772 1270 ponitur:

2177 1303 2203 1332 α
2224 1283 2550 1340 Sermonem
2585 1288 2728 1340 enim
2746 1286 2880 1358 ejus,
2914 1286 3119 1358 inquit,
3145 1302 3326 1343 servo.
3359 1308 3388 1338 ››

2245 1375 2418 1430 Vens.
2448 1380 2641 1431 56-59.
2688 1398 2714 1424 (ι
2755 1374 3040 1432 Abraham
3071 1385 3229 1448 pater
3275 1387 3458 1434 vester
3480 1379 3778 1437 exsultavit

2176 1470 2240 1518 ut
2262 1463 2470 1520 videret
2493 1465 2641 1521 diem
2668 1481 2856 1521 meum
2894 1483 2909 1521 :
2943 1474 2999 1522 et
3027 1466 3184 1534 vidit,
3214 1475 3377 1540 atque
3406 1469 3624 1541 gavisus
3671 1479 3774 1526 est.

2175 1553 2450 1609 Dixerunt
2474 1570 2606 1627 ergo
2639 1555 2819 1612 Judaei
2851 1555 2921 1611 ad
2948 1572 3078 1612 eum
3112 1575 3125 1612 :
3158 1558 3576 1630 Quinquaginta
3604 1575 3778 1616 annos

2175 1641 2424 1698 nondum
2441 1643 2628 1713 habes,
2662 1653 2718 1700 et
2741 1645 3029 1702 Abraham
3061 1645 3281 1702 vidisti?
3313 1648 3467 1704 Dixit
3487 1649 3567 1705 eis
3594 1652 3774 1721 Jesus,

2098 1777 2148 1841 Β
2177 1733 2360 1788 Amen
2389 1749 2553 1789 amen
2581 1733 2706 1790 dico
2732 1735 2909 1802 vobis,
2939 1743 3241 1806 antequam
3282 1737 3569 1794 Abraham
3601 1739 3778 1808 ﬁeret,

2177 1837 2280 1893 ego
2323 1837 2468 1878 sum.
2514 1824 2804 1880 Tollebant
2860 1839 2992 1896 ergo
3052 1825 3276 1896 lapides,
3319 1834 3382 1882 ut
3429 1827 3682 1900 jacerent
3720 1829 3777 1884 in

2174 1926 2329 1967 eum.
2353 1913 2515 1968 Jesus
2541 1921 2729 1970 autem
2771 1913 3060 1970 abscondit
3086 1930 3165 1983 se,
3199 1923 3255 1970 et
3290 1915 3457 1971 exivit
3483 1933 3513 1972 e
3549 1918 3776 1988 templo,

2173 2001 2445 2058 transiens
2471 2019 2567 2075 per
2581 2003 2825 2060 medium
2845 2004 3116 2076 ipsorum,
3136 2006 3466 2076 etprmteriit
3485 2007 3576 2061 sic.
3610 2026 3639 2060 »
3655 2009 3779 2063 Hoc

2171 2089 2297 2147 loco
2344 2091 2507 2148 docet
2533 2093 2681 2165 quod
2706 2094 2886 2165 major
2937 2094 3010 2150 sit
3063 2093 3381 2152 Abrahamo
3421 2136 3433 2150 .
3458 2096 3599 2169 Quia
3628 2097 3778 2153 enim

2174 2179 2250 2236 illi
2275 2181 2534 2237 dicebant
2563 2183 2654 2239 ei:
2701 2204 2727 2232 ‹‹
2773 2186 2919 2240 Num
2965 2191 3023 2239 tu
3072 2199 3133 2240 es
3159 2183 3335 2257 major
3387 2193 3544 2258 patre
3584 2195 3778 2242 nostro

2174 2271 2496 2328 Abraham?
2552 2295 2576 2321 »ι
2625 2271 2764 2329 dicit
2807 2273 2913 2329 hoc
2956 2273 3076 2329 loco
3121 2292 3135 2328 :
3181 2274 3360 2330 Etiam
3409 2275 3589 2348 major
3630 2292 3774 2332 sum.

2181 2381 2208 2411 «
2240 2361 2462 2417 Etenim
2492 2361 2581 2418 ille
2613 2362 2926 2431 exsultavit,
2959 2371 3020 2418 ut
3061 2363 3273 2420 videret
3304 2364 3455 2421 diem
3505 2381 3715 2434 meum,
3748 2389 3775 2418 ιο

2172 2448 2278 2506 hoc
2300 2459 2406 2518 est,
2453 2450 2820 2508 desideratum
2865 2459 2920 2507 et
2950 2459 3210 2523 Optatum
3257 2453 3449 2510 habuit
3495 2454 3669 2522 illum,
3724 2464 3782 2512 et

2173 2539 2356 2611 gaudii
2402 2549 2708 2610 auctorem,
2761 2540 2988 2607 scilicet,
3036 2557 3102 2597 eo
3149 2542 3296 2612 quod
3343 2543 3400 2597 in
3445 2543 3778 2600 beneﬁcium

2172 2628 2411 2698 cederet,
2441 2638 2495 2686 et
2519 2645 2628 2685 non
2662 2631 2818 2702 parvi
2859 2631 3096 2702 alicujus
3125 2647 3308 2703 neque
3359 2631 3595 2705 vulgaris
3626 2642 3774 2690 esset

2171 2718 2306 2787 dies,
2355 2719 2452 2776 sed
2494 2719 2702 2792 magni.
2731 2720 2886 2775 Diem
2933 2729 3118 2776 autem
3157 2721 3286 2776 dicit
3321 2737 3565 2778 crucem.
3605 2723 3779 2795 630

2171 2812 2314 2866 Nam
2388 2809 2779 2882 praeﬁgurabat
2826 2811 2982 2866 illam
3037 2809 3320 2866 Abraham
3378 2811 3440 2867 in
3502 2812 3779 2870 oblatione

2172 2901 2345 2966 Isaac,
2393 2909 2447 2956 et
2475 2899 2660 2955 arietis
2692 2899 2965 2957 saerilicio
3000 2898 3067 2956 ’3.
3099 2900 3259 2956 Sicut
3286 2901 3438 2957 enim
3483 2901 3593 2958 illic.
3624 2905 3776 2959 Isaac

2170 2987 2337 3060 ligna,
2370 2989 2443 3045 ita
2470 2990 2752 3044 Dominus
2781 3005 3004 3066 crucem
3045 2990 3288 3060 portavit
3321 3009 3332 3045 :
3387 2999 3444 3046 et
3481 2990 3628 3046 sicut
3656 2991 3780 3047 reli-

2167 3085 2288 3133 ctus
2314 3077 2536 3151 quidem
2573 3087 2658 3134 est
2685 3081 2856 3148 Isaac,
2909 3079 3229 3135 immolatus
3275 3087 3464 3136 autem
3505 3080 3670 3147 aries,
3699 3080 3776 3138 ita

2168 3176 2222 3223 et
2261 3170 2412 3224 Deus
2447 3167 2672 3240 quidem
2717 3169 2925 3224 alienus
2953 3177 3034 3224 est
3067 3185 3098 3224 a
3131 3169 3402 3241 passione,
3440 3169 3498 3224 in
3525 3169 3772 3227 humana

2165 3265 2353 3313 autem
2383 3266 2580 3312 natura
2609 3267 2664 3312 et
2686 3274 2847 3314 carne
2895 3274 3084 3329 passus
3132 3266 3234 3313 est.
3269 3259 3432 3314 Hunc
3471 3258 3619 3315 diem
3649 3275 3773 3316 cru-

2164 3346 2244 3402 cis
2263 3363 2394 3403 cum
2424 3347 2768 3420 praevidisset
2809 3347 3112 3416 Abraham,
3152 3347 3372 3420 gavisus
3401 3355 3505 3415 est,
3537 3357 3592 3404 et
3619 3349 3774 3420 quod

2163 3435 2382 3493 futurus
2433 3446 2573 3494 esset
2603 3437 2659 3492 in
2687 3437 2926 3493 salutem
2970 3437 3180 3493 mundi.
3226 3440 3457 3509 Insuper
3502 3438 3610 3494 hoc
3649 3439 3770 3494 loco

2164 3527 2407 3583 ostendit
2431 3542 2526 3583 eos
2555 3527 2766 3583 alienos
2801 3543 2924 3583 esse
2960 3527 3030 3582 ab
3072 3526 3372 3595 Abraham,
3404 3527 3675 3600 siquidem
3703 3527 3772 3584 de

2164 3615 2364 3687 quibus
2401 3617 2490 3672 ille
2514 3616 2810 3689 gaudebat,
2857 3615 2917 3671 hi
2944 3616 3315 3673 insaniebant.
3361 3617 3643 3689 Signiﬁcat
3669 3633 3772 3674 au-

2162 3712 2277 3761 tem
2309 3705 2460 3777 quod
2507 3720 2618 3761 non
2658 3705 2858 3761 invitus
2894 3706 3206 3776 passionem
3256 3705 3655 3778 aggrediatur:
3700 3707 3771 3762 si-

2162 3794 2387 3866 quidem
2432 3794 2615 3850 laudat
2650 3810 2780 3848 eum
2824 3794 2919 3864 qui
2947 3794 3248 3849 exsultavit
3276 3802 3501 3865 propter
3525 3810 3766 3851 crucem.

2161 3885 2304 3938 Nam
2347 3881 2475 3938 inde
2505 3884 2591 3952 (ut
2633 3882 2844 3938 dictum
2885 3886 2988 3949 est)
3031 3880 3180 3937 salus
3210 3881 3376 3936 orbis.
3427 3881 3536 3936 Alii
3574 3890 3766 3940 autem

2163 3972 2476 4045 intelligunt
2499 3989 2598 4044 per
2626 3972 2776 4027 diem
2807 3986 2974 4027 omne
2995 3981 3218 4042 tempus
3244 3970 3511 4027 adventus
3540 3971 3766 4041 Christi,

2160 4061 2310 4135 quod
2356 4078 2484 4118 cum
2515 4061 2799 4118 Abraham
2847 4061 3208 4133 praevidisset,
3239 4059 3458 4133 gavisus
3486 4067 3589 4129 est,
3620 4062 3769 4134 quod

2158 4167 2224 4208 ex
2271 4151 2390 4223 ipso
2433 4159 2489 4208 et
2513 4151 2722 4208 semine
2769 4150 2888 4223 ejus
2922 4159 3274 4208 surrecturus
3317 4157 3464 4207 esset
3492 4151 3764 4209 Salvator.

2161 4243 2232 4296 Et
2269 4240 2520 4298 fortassis
2563 4258 2678 4298 non
2715 4241 2868 4297 solus
2918 4241 3203 4297 Abraham
3248 4241 3464 4312 gavisus
3518 4249 3621 4308 est,
3672 4242 3772 4300 sed

2162 4340 2218 4387 et
2246 4347 2462 4400 omnes,
2495 4331 2642 4387 sicut
2662 4330 2835 4386 David
2865 4330 3003 4386 dicit
3029 4329 3104 4387 "z
3142 4352 3167 4379 ε
3187 4332 3325 4387 Haec
3352 4341 3436 4388 est
3463 4329 3580 4387 dies
3598 4346 3770 4402 quam

447 4437 560 4485 τες,
593 4417 666 4480 ὡς
698 4412 867 4475 Δαυῒδ
898 4414 1060 4493 λέγει·
1094 4443 1117 4468 ι
1143 4415 1299 4486 Αὕτη
1333 4420 1366 4487 ἡ
1404 4414 1617 4494 ἡμέρα,
1655 4415 1720 4487 ἣν
1751 4414 1996 4486 ἐποίησεν
2023 4420 2051 4474 6

2168 4419 2300 4477 fecit
2329 4420 2622 4488 Dominus,
2655 4419 2994 4476 exsultemus
3021 4428 3076 4475 et
3109 4419 3364 4476 laetemur
3419 4419 3479 4475 in
3507 4437 3587 4475 ea.
3639 4444 3664 4469 ι»
3697 4423 3771 4476 Et

451 4506 674 4584 Κύριοςο
705 4504 1184 4586 ἀγαλλιασώμεθα,
1205 4504 1297 4564 καὶ
1331 4506 1705 4586 εὐφρανθῶμεν
1738 4507 1792 4565 ἐν
1824 4507 1980 4586 αὐτῇ.
2024 4533 2048 4560 ιι

450 4595 631 4662 Αὐτὸς
658 4594 754 4670 μὲν
780 4585 867 4654 οὖν
909 4602 1102 4654 ταῦτα.
1139 4596 1210 4656 Οἱ
1250 4594 1346 4668 δὲ,
1516 4595 1798 4673 δυνάμενοι
1847 4585 2048 4675 φθάσαι

431 4689 522 4752 εἷς
563 4685 627 4743 τὸ
674 4684 806 4764 ὕψος
844 4687 947 4742 τῶν
992 4683 1324 4763 λεγομένων,
1358 4683 1478 4744 οὔτε
1529 4684 1811 4765 ἀνέχονται
1854 4687 2050 4765 ἐρωτῆ-

446 4801 541 4836 σαι
575 4780 590 4842 Ξ
625 4762 731 4833 καὶν
773 4780 996 4853 μαθεῖν,
1056 4774 1174 4833 τίνα
1245 4762 1401 4855 φησὶν
1484 4762 1726 4854 ἡμέραν,
1788 4774 1854 4846 ἣν
1885 4762 2047 4834 ἐἶδεν

436 4865 711 4945 Ἀϐραάμο
745 4865 887 4924 ἀλλὰ
915 4864 1008 4924 καὶ
1041 4865 1242 4941 μᾶλλον
1291 4864 1727 4943 διαχλευάζουσιν
1751 4911 1768 4942 ,
1822 4866 1893 4930 ὡς
1938 4888 2050 4940 μα-

441 4957 607 5028 νιώδη
652 4955 771 5014 τινὰ
821 4953 1202 5037 φθεγγόμενον.
1237 4981 1262 5008 α
1296 4955 1646 5027 Πεντήκοντα
1673 4954 1776 5033 γὰρ
1800 4997 1816 5026 ,
1855 4952 2048 5034 φησὶν,

438 5046 532 5121 ἔτη
565 5049 714 5106 οὔπω
762 5044 910 5126 ἔχεις
933 5088 950 5116 ,
983 5043 1073 5102 καὶ
1104 5041 1352 5122 Ἀϐραὰμ
1393 5041 1666 5126 ἑώρακας-ς
1703 5071 1727 5096 υ
1777 5045 1952 5102 Τοῦτο
1994 5042 2049 5101 δὲ

434 5130 610 5214 εἶπον,
660 5122 976 5216 νομίζοντες
1023 5133 1086 5192 τὸ
1143 5133 1338 5211 Κύριον
1389 5132 1542 5211 ἔγγὺς
1592 5122 1732 5191 εἶναι
1779 5137 1884 5192 τῶν
1917 5156 2047 5192 πεν-

428 5229 687 5305 τήκοντα,
744 5225 938 5289 καίτοι
989 5223 1217 5304 περίπου
1269 5221 1588 5305 τριάκοντα*
1629 5223 1721 5281 καὶ
1777 5221 1899 5303 τρία
1954 5223 2047 5296 ἔτη

414 5302 523 5388 τότε
561 5302 853 5406 γεγονότα.
892 5302 1073 5380 Τίνος
1101 5314 1156 5373 δὲ
1197 5311 1368 5372 ἔνεκεν
1407 5313 1503 5371 οὐκ
1539 5302 1708 5371 εἷπον.
1753 5313 2048 5392 Τεσσαρά-

395 5402 578 5481 κοντα-
601 5414 703 5490 ἔτη
742 5409 916 5474 οὔπω
951 5404 1126 5483 ἔχεις,
1172 5402 1344 5475 ἀλλὰ,
1396 5429 1421 5457 ι
1462 5403 1842 5479 Πεντήκοντα;
1877 5430 1899 5456 ι
1933 5405 2050 5463 Πε-

376 5515 555 5597 pri-16v
608 5509 719 5591 μὲν
757 5501 828 5562 τὸ
882 5499 1136 5557 τοιοῦτον
1180 5490 1460 5572 ἐρώτημα,
1489 5491 1695 5560 Ἁπλῶς
1737 5491 1840 5572 γὰρ
1883 5490 2051 5559 οὕτως

2159 4511 2276 4582 ipse
2307 4510 2536 4582 quidem
2574 4509 2691 4567 haec
2726 4509 2893 4574 dixit;
2925 4517 2982 4564 at
3009 4509 3088 4564 illi
3117 4525 3231 4564 non
3269 4517 3525 4581 poterant
3568 4510 3768 4580 pertin-

2157 4616 2286 4673 gere
2323 4600 2391 4657 ad
2427 4599 2830 4656 sublimitatem
2857 4599 3157 4666 dictorum,
3188 4615 3366 4671 neque
3402 4597 3770 4670 dignabantur

2157 4690 2496 4762 interrogare
2546 4689 2629 4746 vel
2673 4690 2886 4746 discere
2915 4690 3036 4760 quis
3083 4697 3228 4745 esset
3258 4689 3377 4745 dies
3421 4689 3532 4756 ille,
3581 4697 3768 4762 {quem

2160 4779 2384 4836 vidisset
2401 4779 2684 4836 Abraham
2717 4797 2732 4836 :
2758 4779 2873 4835 imo
2893 4777 3125 4834 irrident
3152 4795 3279 4834 cum
3304 4787 3369 4836 ut
3396 4779 3589 4836 insana
3619 4797 3770 4852 qua:-

2157 4869 2292 4926 dam
2339 4871 2676 4940 loquentem.
2729 4891 2756 4918 α
2813 4869 3229 4940 Quinquaginta
3281 4869 3454 4938 enim,
3485 4869 3765 4942 inquiunt,

2158 4975 2333 5016 annos
2378 4959 2636 5015 nondum
2686 4957 2877 5026 habes,
2906 4967 2962 5014 et
2998 4958 3280 5015 Abraham
3318 4958 3542 5014 vidisti?
3579 4981 3605 5007 ιθ
3649 4961 3769 5014 Hoc

2158 5057 2347 5106 autem
2373 5049 2648 5118 dicebant,
2669 5049 3048 5104 existimantes
3067 5049 3373 5104 Dominum
3401 5048 3579 5104 femie
3607 5048 3764 5118 quina

2159 5139 2418 5213 quaginta
2461 5155 2736 5195 annorum
2779 5153 2898 5194 esse
2937 5157 2949 5194 :
3004 5138 3220 5194 tametsi
3267 5146 3400 5193 tunc
3454 5135 3676 5206 triginta
3711 5144 3766 5192 et

2159 5239 2270 5286 tres
2293 5237 2512 5285 tantum
2543 5244 2722 5286 annos
2747 5227 2989 5284 haberet.
3046 5231 3228 5297 Quare
3251 5234 3436 5282 autem
3462 5241 3574 5280 non
3613 5225 3767 5283 dixe-

2158 5328 2311 5386 runt,
2323 5319 2700 5392 Quadraginta
2712 5333 2890 5375 annos
2904 5319 3158 5374 nondum
3173 5315 3362 5380 habes,
3376 5315 3469 5371 sed
3495 5314 3768 5388 quinqua-

2159 5411 2349 5484 ginta?
2377 5409 2660 5467 Curiosior
2707 5423 2842 5466 sane
2889 5406 3012 5463 haec
3045 5405 3429 5477 interrogatio.
3458 5407 3601 5462 Nam
3629 5406 3761 5462 sim-

2156 5500 2372 5573 pliciter
2399 5499 2481 5557 sic
2504 5498 2705 5557 incidit
2729 5498 2836 5566 eis,
2863 5505 2928 5554 ut
2972 5510 3250 5554 memores
3279 5503 3466 5553 essent
3494 5496 3768 5568 quinquaa

422 5688 473 5723 η
499 5677 668 5744 psal.
706 5681 863 5734 LIX,
908 5664 1007 5717 13.
1087 5652 1136 5690 ³³
1165 5654 1309 5711 Gen.
1340 5669 1492 5724 XXII,
1521 5662 1546 5713 1
1571 5669 1726 5728 seqq.
1804 5651 1850 5688 ³⁸
1873 5653 2018 5711 Psal.
2061 5667 2252 5723 cxvu,
2275 5658 2367 5710 24.
