4198 6442
481 378 550 430 39
1468 364 1999 422 'THEOPHYLACTI
2037 362 2399 419 BULGARIE
2435 362 2754 419 ARCHIEP.
3721 361 3788 416 40

477 496 627 568 ginta
694 508 988 550 annorum.
1070 493 1472 548 Verumtamen
1556 490 1744 547 dicunt
1821 488 2075 563 quidam,

2193 487 2408 549 ἐπελθὸν
2451 490 2624 556 αὐτοῖς
2646 534 2661 564 ,
2703 487 3045 567 ἐμνήσθησαν
3097 490 3202 546 τῶν
3251 486 3580 560 πεντήκοντα
3628 486 3782 545 ἐτῶν.

477 582 992 656 quinquagesimum
1007 581 1084 637 eis
1102 597 1309 638 annum
1329 580 1399 638 ad
1420 580 1688 654 honorem
1708 581 1834 636 anni
1861 579 2080 636 Jubilazi

475 673 686 731 dictum
706 712 723 739 ,
753 688 864 744 quo
899 680 956 727 et
983 686 1169 727 servos
1196 670 1399 727 liberos
1437 669 1826 739 dimittebant,
1863 677 1919 724 et
1948 685 2078 741 pos-

475 761 748 819 sessiones
788 769 994 833 emptze
1024 760 1428 829 reddebantur,
1471 767 1527 816 et
1559 759 1745 816 omnia
1783 760 1886 815 alia
1914 758 2079 830 perﬁ-

474 851 787 918 ciebantur,
831 866 957 923 quae
985 849 1057 906 ad
1100 849 1373 905 honorem
1407 848 1510 905 Dei
1559 848 1858 905 constituta
1893 847 1959 904 ’⁸.
2006 854 2081 905 At

474 940 758 997 Dominus
782 940 913 1012 quid
942 939 1117 995 dicit?
1170 962 1196 988 α
1218 945 1534 1011 Antequam
1573 938 1861 995 Abraham
1898 938 2076 1005 ﬁeret,

474 1046 579 1103 ego
608 1045 753 1087 sum.
793 1052 819 1078 ιι
863 1028 1034 1098 Vide,
1079 1044 1193 1086 non
1241 1028 1402 1098 dicit,
1435 1029 1775 1101 Antequam]
1795 1027 2078 1084 Abraham

475 1119 633 1175 ﬁeret
652 1162 666 1188 ,
697 1134 797 1191 ego
819 1135 971 1175 eram
998 1135 1013 1171 :
1042 1118 1166 1189 sed,
1194 1140 1219 1168 α
1251 1133 1395 1174 sum.
1422 1140 1448 1167 η
1478 1116 1635 1174 Istud
1657 1117 1804 1173 enim
1823 1118 2072 1185 verbum,

481 1232 508 1259 ιι
537 1209 670 1265 Sum
690 1250 706 1277 ,
742 1231 764 1255 ν
787 1212 908 1264 Deo
936 1207 1158 1280 proprie
1187 1207 1479 1276 convenit,
1503 1222 1569 1263 eo
1604 1206 1752 1278 quod
1784 1215 2077 1279 perpetuus

476 1298 548 1355 sit
581 1306 636 1354 et
665 1298 1063 1370 sempiternus,
1094 1296 1149 1353 id
1193 1296 1342 1369 quod
1376 1296 1483 1352 hoc
1508 1295 1741 1352 verbum
1781 1295 2072 1369 signiﬁcat.

475 1390 671 1459 Itaque
700 1388 865 1443 Pater
905 1386 1025 1459 ejus
1060 1387 1121 1441 in
1149 1386 1316 1441 veteri
1366 1387 1484 1456 lege
1522 1385 1626 1442 hoc
1666 1385 1834 1442 verbo
1881 1385 2074 1453 utitur,

481 1499 508 1526 «ι
540 1479 652 1548 Ego
697 1492 823 1533 sum
851 1475 945 1548 qui
989 1492 1115 1531 sum
1146 1475 1208 1529 ³⁸.
1250 1498 1273 1523 υ
1314 1478 1399 1531 De
1447 1474 1723 1531 Abraham
1764 1491 1893 1531 vero
1935 1473 2078 1530 dixit

472 1566 666 1635 ﬁeret,
703 1564 939 1631 merito,
978 1572 1241 1636 tanquam
1289 1563 1357 1620 de
1392 1564 1756 1636 corruptibili.
1800 1567 1945 1620 Nam
1983 1565 2076 1636 qui

474 1654 655 1711 factus
702 1663 813 1720 est,
844 1662 900 1710 et
939 1654 1334 1726 corrumpitur.
1368 1653 1629 1709 .Verbum
1672 1662 1858 1710 autem
1898 1656 2076 1725 Sum,

474 1743 715 1801 divinam
770 1751 827 1799 et
872 1743 941 1798 ab
984 1743 1134 1799 omni
1181 1742 1534 1815 corruptione
1590 1743 1825 1800 alienam
1875 1743 2077 1817 sempi-

2190 577 2346 648 Πλήν
2375 577 2506 658 φασί
2533 601 2699 649 τινες,
2748 578 2830 637 ὅτι
2855 578 2938 637 διὰ
2969 578 3029 637 τὸ
3066 577 3427 649 πεντηκοστὸν
3467 574 3581 642 ἔτος
3611 576 3788 643 αὐτοῖς

2189 666 2275 725 διὰ
2303 671 2457 744 τιμῆς
2480 666 2728 745 ἄγεσθαι,
2759 667 2849 726 τὸν
2886 666 3175 740 ἰωϐηλαῖόν
3200 690 3339 749 φημι
3375 664 3645 738 ἐνιαυτὸν,
3667 665 3785 723 καθ’

2186 755 2244 815 ὃν
2274 757 2364 816 καὶ
2390 757 2600 824 δούλους
2638 757 2983 836 ἠλευθέρουν,
3019 756 3112 815 καὶ
3156 757 3395 828 κτήσεως
3427 758 3644 827 ὠνητῶν
3685 778 3788 813 πα·

2188 845 2454 926 ρεχώρουν
2474 893 2490 923 ,
2534 846 2625 904 καὶ
2666 849 2713 905 τ’
2745 846 2885 905 ἄλλα
2923 847 3103 905 πάντα
3134 846 3374 918 ἐτέλουν,
3399 844 3498 906 ὅσα
3529 849 3603 912 εἰς
3640 844 3784 903 Θεοῦ

2184 933 2345 1013 τιμὴν
2375 935 2580 1014 ἔφερεν.
2617 934 2685 995 Ὁ
2728 935 2783 994 δὲ
2806 935 3002 1015 Κύριος
3037 934 3091 995 τί
3120 958 3285 1017 φησις
3322 962 3346 987 α
3378 935 3515 1014 Πρὶν
3541 931 3787 1014 Ἀϐραὰμ

2185 1024 2426 1103 γενέσθαι
2448 1070 2461 1096 ,
2492 1022 2596 1101 ἐγώ
2621 1026 2752 1101 εἰμι.
2782 1055 2806 1077 ιο
2836 1025 2985 1106 Ὅρα
3006 1069 3023 1098 ,
3069 1016 3164 1085 οὐκ
3204 1016 3336 1084 εἶπε·
3367 1026 3507 1104 Πρὶν
3532 1022 3784 1104 Ἀϐραὰμ

2183 1113 2453 1193 γενέσθαι,
2505 1113 2683 1191 ἤμην,
2724 1114 2845 1173 ἀλλ’
2901 1142 2923 1167 α
2965 1114 3122 1193 Εἰμί.
3162 1141 3184 1167 ι
3236 1114 3386 1186 Αὕτη
3437 1113 3539 1194 γὰρ
3575 1118 3603 1185 ἡ
3647 1111 3783 1182 λέξις

2185 1204 2246 1285 τὸ
2265 1249 2281 1277 ,
2310 1231 2332 1257 κ
2361 1203 2490 1279 Εἰμὶ
2509 1248 2524 1275 ,
2559 1229 2582 1255 ι
2613 1202 2700 1261 ἐπὶ
2729 1205 2873 1263 Θεοῦ
2902 1202 3197 1285 κυριωτέρα
3216 1249 3232 1278 ,
3276 1204 3371 1285 ᾅτε
3403 1208 3494 1262 τοῦ
3525 1204 3781 1274 διηνεκῶς

2185 1284 2316 1352 εἶναι
2364 1294 2454 1352 καὶ
2510 1292 2593 1352 ἀεὶ
2638 1292 2965 1370 σημαντικήσ
3012 1283 3193 1373 ὥσπερ
3241 1283 3330 1352 οῦν
3383 1292 3473 1352 καὶ
3518 1295 3547 1351 δ
3588 1290 3782 1371 Πατὴρ

2185 1385 2345 1442 αὐτοῦ
2393 1387 2444 1443 ἐν
2477 1386 2544 1460 τῇ
2589 1383 2844 1464 [Ιαλαιᾷ,
2896 1382 3065 1460 ταύτῃ
3109 1383 3387 1464 κέχρηται·
3439 1409 3464 1435 ι
3494 1380 3642 1461 Ἐγώ
3671 1383 3782 1457 εἰμι

2184 1475 2213 1530 ὁ
2253 1471 2349 1532 ὤν.
2377 1498 2402 1523 ι
2445 1469 2576 1530 Ἐπὶ
2608 1469 2662 1529 δὲ
2687 1462 2797 1529 τοῦ
2817 1470 3065 1549 Ἀϐραὰμ
3096 1462 3295 1531 εἶπεντὸ
3315 1517 3331 1545 ,
3363 1500 3388 1524 σι
3414 1471 3669 1532 Γενέσθαι
3697 1519 3710 1541 ,
3745 1492 3777 1526 ιι

2186 1562 2431 1633 εἰκότως,
2478 1563 2548 1627 ὡς
2592 1564 2846 1641 φθαρτοῦ.
2881 1562 2961 1621 Τὸ
2999 1560 3103 1640 γὰρ
3135 1562 3375 1639 γεγονὸς,
3423 1561 3515 1620 καὶ
3561 1560 3776 1641 φθείρε-

2187 1675 2293 1709 ταν
2335 1651 2396 1709 τὸ
2429 1650 2515 1723 δὲ,
2568 1678 2593 1705 σι
2627 1650 2790 1724 Εἰμὶ,
2830 1679 2852 1703 ι
2904 1651 3085 1722 πάσης
3131 1655 3325 1732 φθορᾶς
3361 1649 3642 1729 ἀμεθεξίαν
3687 1647 3777 1708 καὶ

2187 1739 2457 1811 ἀϊδιότητα
2485 1738 2628 1798 θείαν
2672 1738 2936 1821 ἐμφαίνει.
2993 1741 3089 1800 Διὸ
3121 1739 3212 1798 καὶ
3256 1740 3405 1799 αὐτοὶ
3459 1739 3780 1821 βλάσφημον

470 1833 790 1888 ternitatem
834 1832 1123 1906 signiﬁcat.
1170 1834 1517 1905 Quapropter
1573 1841 1627 1889 et
1668 1832 1844 1890 Judaei
1898 1815 2075 1890 existi-

2188 1829 2247 1888 τὸ
2320 1835 2467 1910 ῥῆμα
2533 1815 2839 1906 νομίσαντες
2900 1830 3057 1908 (Θεῷ
3111 1827 3214 1907 γὰρ
3283 1831 3428 1910 μόνῳ
3460 1815 3468 1819 ’
3497 1815 3780 1908 ἁρμόζει),

474 1930 691 1979 mantes
731 1921 838 1978 hoc
879 1922 1269 1993 blasphemum
1310 1922 1545 1978 verbum
1599 1922 1732 1994 (soli
1768 1923 1916 1979 enim
1954 1925 2075 1979 Deo

473 2011 768 2078 convenit)
803 2034 829 2060 «ι
851 2011 1099 2067 tulerunt
1137 2009 1343 2082 lapides
1373 2034 1399 2059 ν
1437 2019 1631 2067 contra
1668 2026 1816 2068 eum.
1857 2015 1931 2067 At
1960 2013 2077 2083 ipse

472 2099 670 2156 iterum
690 2100 963 2156 delitescit
981 2141 997 2167 ,
1026 2115 1084 2155 e
1110 2099 1437 2169 humilians,
1460 2116 1532 2155 ne
1557 2108 1682 2156 ante
1714 2108 1934 2173 tempus
1959 2117 2078 2157 m0-

474 2189 665 2246 riatur.
695 2188 995 2260 Quomodo
1024 2197 1210 2244 autem
1239 2204 1299 2245 se
1343 2189 1620 2245 occultat?
1648 2193 1777 2245 Non
1816 2189 1876 2245 in
1899 2206 2077 2264 angu-

477 2278 597 2334 lum
635 2277 826 2349 templi
888 2293 946 2333 se
993 2277 1260 2350 conjecit,
1323 2293 1499 2350 neque
1564 2278 1621 2335 in
1679 2280 2076 2336 domunculam

477 2366 773 2440 quamdam
802 2366 964 2440 fugit,
990 2383 1167 2439 neque
1196 2375 1322 2440 post
1354 2370 1620 2439 parietem
1648 2370 1729 2425 vel
1759 2370 2074 2425 columnam

475 2471 535 2512 se
576 2455 906 2523 incurvavit,
949 2454 1045 2512 sed
1073 2470 1173 2511 sua
1199 2472 1404 2528 magna
1444 2465 1719 2529 potestate
1751 2457 2079 2514 invisibilem

473 2544 639 2616 63],
684 2560 743 2601 se
771 2542 900 2600 fecit
938 2543 1381 2617 insidiatoribus,
1413 2546 1662 2618 quamvis
1694 2562 1793 2619 per
1820 2546 2075 2604 medium

474 2632 697 2689 illorum
722 2633 914 2691 exiret.
950 2634 1020 2689 Et
1046 2655 1071 2681 α
1097 2634 1397 2705 ριἐειθτὶνὶῐ
1422 2635 1500 2691 sic
1524 2678 1537 2705 ,
1575 2659 1601 2684 π
1629 2634 1685 2691 id
1709 2643 1792 2692 est
1820 2636 2079 2692 transivit

474 2722 794 2794 simpliciter
819 2731 878 2778 et
903 2722 1106 2794 absque
1137 2724 1343 2779 labore.
1388 2722 1530 2780 Vide
1568 2734 1755 2781 autem
1790 2726 2076 2798 quomodo

473 2809 591 2882 ipse
621 2811 844 2883 quidem
874 2811 1059 2867 omnia
1103 2827 1227 2883 qua:
1267 2812 1542 2881 debebat,
1588 2814 1855 2887 implevit.
1932 2817 2077 2870 Nam

474 2900 593 2972 ipse
620 2899 851 2971 quidem
875 2899 1010 2956 satis
1030 2916 1127 2955 eos
1154 2901 1344 2957 docuit
1380 2910 1435 2957 et
1468 2903 1537 2958 de
1565 2919 1625 2958 se
1645 2945 1661 2971 ,
1693 2911 1750 2958 et
1776 2902 1845 2959 de
1877 2906 2037 2960 Patre
2054 2943 2070 2971 ,

475 2997 533 3045 et
561 2989 886 3045 monstravit
928 2987 1008 3044 eis
1037 2989 1380 3046 nobilitatem
1416 2998 1473 3046 et
1505 2991 1810 3047 libertatem
1848 3007 2071 3062 veram,

473 3092 598 3149 quae
643 3094 675 3133 a
722 3077 957 3150 peccatis
1003 3078 1179 3134 libera
1229 3087 1349 3148 est,
1388 3088 1444 3135 et
1485 3081 1634 3151 quod
1680 3081 1796 3138 sola
1840 3082 2075 3139 servitus

2191 1946 2214 1973 κ
2247 1911 2382 2000 ἦραν
2433 1920 2607 1986 λίθους
2642 1945 2667 1972 ι
2717 1921 2801 1978 ἐπ’
2834 1918 2990 1977 αὐτόν
3012 1941 3027 1955 ⁸
3077 1919 3230 1986 αὐτὸς
3265 1918 3320 1978 δὲ
3352 1918 3643 1998 κρύπτεται
3677 1918 3783 1977 ποί-

2186 2012 2266 2068 λιν
2300 2008 2714 2085 συστελλόμενος
2734 2052 2750 2082 ,
2783 2006 2870 2066 ἵνα
2904 2005 2978 2085 μὴ
3013 2007 3117 2089 πρὸ
3151 2016 3335 2088 καιροῦ
3366 2008 3627 2088 ἀποθάνῃ.
3662 2011 3785 2074 Πῶς

2187 2098 2241 2157 δὲ
2275 2097 2378 2179 ἄρα
2424 2097 2756 2176 κρύπτεταις
2816 2101 2935 2157 Οὐκ
2966 2099 3039 2165 εἷς
3072 2098 3267 2174 γωνίαν
3311 2105 3401 2159 τοῦ
3447 2101 3586 2178 ἱεροῦ
3634 2098 3781 2156 δεδυ-

2187 2186 2325 2264 κὼς,
2375 2188 2481 2246 οὐδ’
2519 2189 2590 2254 εἰς
2633 2188 2861 2246 οἰκίσκον
2899 2189 3221 2266 καταφυγὼν
3245 2232 3261 2261 ,
3307 2187 3341 2258 ἢ
3390 2187 3565 2245 ὀπίσω
3603 2187 3782 2265 τοίχου

2186 2278 2275 2336 καὶ
2320 2276 2512 2336 στόλου
2563 2276 2939 2355 περικάμψας,
2988 2278 3107 2335 ἀλλ’
3153 2276 3363 2356 ἐξουσίᾳ
3414 2280 3564 2356 θεῖκῇ
3620 2274 3781 2355 ἀόρα·

2184 2390 2272 2425 τον
2319 2367 2504 2425 ἑαυτὸν
2560 2372 2670 2432 τοῖς
2723 2364 3121 2425 ἐπιϐουλεύουσι
3184 2365 3556 2438 καταστήσας,
3610 2364 3784 2424 καίτοι

2185 2457 2271 2515 διὰ
2325 2454 2487 2535 μέσου
2539 2456 2711 2513 αὐτῶν
2786 2454 2959 2523 ἐξιών.
3016 2484 3038 2508 α
3100 2456 3209 2516 Καὶ
3266 2460 3505 2535 παρῆγεν
3550 2454 3706 2514 οὕτω·
3756 2484 3781 2507 υ

2183 2546 2460 2622 τουτέστι,
2516 2544 2767 2624 διήρχετο
2815 2546 2997 2611 ἁπλῶς
3061 2545 3199 2605 οὕτω
3251 2544 3342 2604 καὶ
3398 2545 3688 2623 ἀπράκτως
3729 2548 3780 2604 ἐν

2183 2639 2260 2714 τῷ
2307 2639 2450 2701 τέως.
2549 2631 2699 2714 Ὅρα
2741 2633 2798 2692 δέ
2829 2657 2947 2710 μοι,
2990 2637 3101 2701 πῶς
3146 2633 3300 2700 αὐτὸς
3343 2634 3438 2711 μὲν
3490 2637 3668 2692 πάντα
3715 2632 3784 2693 τὰ

2185 2727 2372 2783 ἑαυτοῦ
2399 2723 2769 2802 πεπλήρωκεν.
2816 2721 3036 2790 Ἱκανῶς
3074 2747 3131 2782 τε
3175 2723 3278 2805 γὰρ
3321 2721 3509 2790 αὖτοὺς
3547 2721 3780 2796 ἐδίδαξε,

2186 2815 2277 2874 καὶ
2333 2813 2456 2893 περὶ
2500 2818 2688 2874 ἑαυτοῦ
2733 2814 2824 2872 καὶ
2873 2820 2968 2872 τοῦ
3024 2815 3262 2895 Πατρὸς,
3327 2814 3421 2874 καὶ
3479 2812 3574 2885 τὴν
3626 2813 3787 2881 ὄντως

2185 2904 2447 2981 εὐγένειαν
2506 2904 2595 2963 καὶ
2653 2903 2950 2983 ἐλευθερίαν
3010 2903 3107 2976 τὴν
3165 2906 3273 2963 ἀπὸ
3332 2908 3436 2963 τῶν
3507 2902 3786 2984 ἁμαρτιῶν

2183 2992 2450 3067 ὑπέδειξε,
2496 2994 2585 3053 καὶ
2616 2993 2695 3053 ὅτι
2743 2994 2879 3070 μόνη
2926 2993 3135 3053 δουλεία
3181 2994 3381 3075 αἰσχρὰ
3412 2996 3446 3064 ἡ
3476 2997 3570 3064 τῆς
3602 2992 3785 3072 ἆμαρ-

2181 3083 2296 3151 τίας
2318 3129 2333 3156 ,
2369 3084 2461 3142 καὶ
2493 3082 2674 3150 ἅπλῶς
2697 3130 2709 3153 ,
2760 3080 2908 3141 οὐδὲν
2955 3088 3060 3143 τῶν
3091 3080 3313 3142 δεόντων
3359 3081 3640 3163 ἐνέλειψεν·
3690 3084 3783 3141 αὖ·

473 3168 678 3238 peccati
709 3166 855 3223 fmda
891 3185 906 3223 :
937 3176 992 3223 et
1014 3167 1068 3223 in
1095 3184 1313 3225 summa
1333 3212 1348 3236 ,
1370 3169 1504 3224 nihil
1533 3186 1724 3226 eorum
1754 3186 1876 3242 qua:
1900 3188 2072 3244 opor-

2184 3172 2260 3232 τοὶ
2318 3172 2374 3233 δὲ
2439 3171 2530 3231 καὶ
2584 3171 2948 3231 λιθοϐολοῦσιν
3024 3171 3201 3234 αὐτόν.
3272 3174 3369 3232 Διὸ
3423 3172 3515 3231 καὶ
3569 3171 3784 3253 ἀφίησιν

471 3255 650 3324 tebat,
686 3257 905 3329 reliquit
943 3274 957 3313 :
998 3257 1076 3312 illi
1118 3267 1307 3314 autem
1349 3259 1594 3330 lapidant
1623 3276 1774 3316 eum.
1808 3261 1942 3317 Ideo
1983 3277 2072 3317 re-

472 3344 673 3417 linquit
700 3345 841 3412 illos,
864 3346 992 3418 quia
1021 3362 1133 3402 non
1151 3348 1286 3403 ultra
1308 3348 1707 3407 correctionem
1726 3349 2070 3421 recipiebant.

479 3433 700 3490 Adnota
750 3442 938 3491 autem
994 3436 1148 3507 quod
1205 3436 1512 3508 Iapidantes
1565 3438 1755 3507 illum,
1813 3438 1868 3495 hi
1921 3448 2077 3496 erant

473 3520 547 3578 de
597 3523 799 3595 quibus
852 3524 989 3581 dixit
1040 3525 1373 3598 evangelista
1430 3528 1577 3599 quod
1637 3529 1969 3585 crediderint
2017 3531 2077 3586 in

472 3626 639 3680 eum,
688 3612 766 3668 ita
813 3613 950 3670 ﬁdes
993 3613 1216 3670 illorum
1250 3631 1363 3671 non
1410 3627 1529 3672 erat
1575 3618 1743 3688 ﬁdes,
1797 3619 1893 3675 sed
1939 3628 2079 3675 tem-

470 3702 686 3772 poraria
733 3702 986 3774 quaedam
1047 3712 1103 3761 et
1154 3702 1355 3777 frigida
1418 3705 1640 3764 affectio
1692 3710 1751 3764 iu
1805 3708 1889 3766 his
1954 3726 2078 3782 quae

479 3788 701 3847 Christo
733 3791 1073 3851 dicebantur.

1079 3904 1323 3961 CAPUT
1359 3906 1467 3962 IX.

985 3991 1058 4033 De
1084 4003 1202 4034 ceco
1221 4004 1252 4035 a
1273 3992 1548 4038 nativitate.

539 4062 720 4117 Vsus.
759 4066 820 4131 1,
851 4066 904 4117 2.
937 4085 962 4109 ‹‹
989 4065 1060 4117 Et
1081 4063 1399 4133 praeteriens
1435 4069 1596 4121 Jesus
1621 4066 1760 4121 vidit
1791 4067 2080 4127 hominem

471 4164 680 4205 caecum
717 4166 747 4205 a
785 4151 1101 4218 nativitate,
1140 4159 1198 4207 et
1241 4152 1723 4225 interrogaverunt
1765 4172 1892 4212 eum
1922 4160 2082 4215 disci.

472 4238 585 4310 puli
619 4238 771 4310 ejus,
805 4239 1051 4295 dicentes
1083 4259 1095 4295 :
1129 4240 1341 4309 Rabbi,
1380 4242 1502 4313 quis
1537 4244 1817 4314 peccavit,
1851 4246 1971 4316 hic,
2006 4265 2080 4305 an

468 4335 724 4398 parentes
770 4327 917 4399 ejus,
955 4337 1021 4385 ut
1061 4344 1243 4387 cazcus
1285 4338 1642 4390 nasceretur?
1673 4356 1698 4382 ι
1732 4335 1915 4392 Exivit
1943 4339 2075 4410 qui-

467 4415 596 4473 dem
622 4415 692 4472 de
719 4420 928 4489 templo
956 4420 1229 4476 Dominus
1246 4460 1264 4491 ,
1298 4429 1362 4477 ut
1386 4421 1545 4477 furor
1570 4422 1891 4481 Judaeorum
1920 4427 2071 4484 miti-

470 4514 694 4578 garetur
725 4528 737 4564 :
783 4506 855 4564 ad
890 4509 1201 4565 sanandum
1239 4518 1427 4566 autem
1460 4526 1669 4567 caecum
1710 4516 2068 4587 convertitur,

469 4594 635 4650 etiam
678 4611 774 4667 per
815 4596 922 4653 hoc
963 4598 1185 4670 signum
1232 4599 1494 4656 duritiam
1539 4609 1595 4657 et
1640 4602 2075 4674 impersuasibili-

466 4691 640 4739 tatem
688 4700 883 4741 eorum
925 4685 1180 4760 frangere
1219 4704 1456 4760 conans,
1514 4692 1737 4748 tametsi
1781 4694 1916 4750 nihil
1966 4696 2073 4755 illis

468 4773 772 4845 prodesset.
823 4776 1056 4848 Insuper
1084 4785 1137 4832 et
1188 4777 1433 4834 ostendit
1477 4779 1555 4835 eis
1593 4780 1746 4853 quod
1798 4799 1913 4839 non
1954 4786 2073 4843 sine

468 4877 631 4918 causa
660 4878 841 4934 neque
866 4874 1191 4937 arroganter
1216 4865 1411 4924 dixerit
1444 4887 1458 4926 :
1496 4890 1523 4921 «
1549 4870 1875 4943 Priusquam
1899 4876 2071 4932 Abra-

470 4950 602 5007 ham
648 4950 832 5020 ﬁeret,
878 4969 980 5025 ego
1036 4970 1161 5011 sum
1188 4955 1252 5012 ’7.
1304 4981 1329 5007 ››
1387 4961 1528 5015 Ecce
1557 4960 1706 5015 enim
1740 4963 2070 5022 miraculum

464 5038 630 5109 facit,
675 5042 833 5113 quale
880 5043 1065 5099 nullus
1107 5061 1352 5118 unquam
1399 5049 1567 5120 prius.
1618 5051 1753 5106 Nam
1804 5053 1905 5110 etsi
1952 5056 2073 5127 quis

467 5131 746 5200 aperuerit
776 5132 965 5189 oculos
1003 5134 1170 5203 caeci,
1210 5152 1319 5191 non
1345 5146 1534 5194 tamen
1565 5139 1700 5196 caeci
1727 5142 1861 5197 nati.
1899 5146 2074 5201 Mani-

463 5216 673 5306 festum
704 5219 872 5292 igitur
895 5222 1045 5293 quod
1078 5227 1224 5281 Deus
1250 5226 1355 5294 sit,
1386 5235 1441 5282 et
1474 5237 1603 5284 ante
1634 5230 1918 5288 Abraham
1940 5276 1956 5303 ,
1980 5235 2073 5306 qui

468 5303 598 5361 fecit
638 5309 745 5365 hoc
788 5311 940 5382 quod
977 5328 1009 5369 a
1055 5314 1263 5370 saeculo
1309 5331 1423 5372 non
1467 5316 1678 5375 factum
1718 5330 1822 5377 est.
1876 5303 2074 5380 Dedita

467 5402 657 5453 autem
697 5412 857 5469 Opera
904 5403 974 5458 ad
1014 5418 1226 5460 caecum
1271 5405 1450 5475 venit,
1489 5423 1604 5463 non
1646 5409 1733 5467 ille
1762 5410 1832 5467 ad
1872 5412 2075 5483 ipum.

473 5483 711 5540 Proinde
740 5494 796 5541 et
821 5487 1073 5562 discipuli
1109 5510 1241 5550 cum
1279 5494 1540 5553 vidissent
1567 5513 1697 5554 eum
1722 5507 1836 5556 tam
1869 5500 2079 5560 intente

2183 3259 2400 3336 αὐτοὺς,
2448 3267 2519 3329 ὡς
2568 3262 2760 3342 μηκέτι
2817 3262 3131 3341 δεχομένους
3188 3261 3483 3342 διόρθωσιν.
3540 3261 3784 3332 Ἐπεσή-

2183 3374 2317 3429 μηνε
2371 3352 2456 3424 δὲ,
2509 3351 2590 3408 ὅτι
2645 3341 2786 3408 οῦτοι
2824 3353 2871 3409 οἱ
2920 3351 3312 3419 λιθοϐολοῦντες
3376 3350 3569 3423 αὐτὸν,
3633 3350 3785 3410 αὐτοὶ

2181 3433 2316 3512 ἦσαν
2366 3439 2453 3507 οὓς
2505 3430 2649 3498 εἶπεν
2690 3443 2718 3497 ὃ
2762 3439 3169 3519 εὐαγγελιστὴς,
3222 3440 3322 3503 ὅτι.
3368 3468 3390 3494 α
3423 3439 3782 3501 Ἐπίστευσαν

2182 3534 2254 3598 εἷς
2300 3530 2475 3588 αὐτόν·
2527 3557 2550 3581 ιο
2597 3529 2759 3595 οὕτως
2807 3530 2911 3610 ἄρα
2959 3534 2993 3601 ἡ
3040 3535 3212 3597 πίστις
3267 3532 3440 3589 αὐτῶν
3488 3531 3548 3589 οὗ
3606 3528 3785 3598 πίστις

2184 3612 2286 3695 ἦν,
2323 3618 2461 3677 ἀλλὰ
2507 3616 2826 3699 πρόσκαιρός
2871 3642 2948 3684 τις
2988 3618 3079 3678 καὶ
3111 3618 3294 3700 ψυχρὰ
3336 3621 3663 3686 συνδιάθεσις
3694 3618 3782 3678 ἐπὶ

2181 3712 2291 3777 τοῖς
2323 3707 2426 3768 ὑπὸ
2455 3710 2685 3789 Χριστοῦ
2728 3708 3050 3788 λεγομένοις.

2773 3890 3067 3951 ΚΕΦΑΛ.
3115 3888 3208 3950 9'.

2608 3987 2721 4049 Περὶ
2752 3992 2837 4036 τοῦ
2870 3988 2925 4036 ἐκ
2948 3994 3143 4048 γενετῆς
3169 3989 3362 4049 τυφλοῦ.

2269 4092 2292 4119 ιι
2320 4067 2431 4124 Καὶ
2461 4071 2744 4146 παράγων,
2772 4058 2908 4127 εἶδεν
2941 4069 3214 4149 ἄνθρωπον
3235 4067 3427 4148 τυφλὸν
3460 4071 3519 4128 ἐκ
3545 4073 3779 4146 γενετῆς.

2188 4154 2280 4214 καὶ
2336 4154 2622 4233 ἠρώτησαν
2673 4158 2828 4216 αὐτὸν
2903 4160 2950 4217 οἳ
3005 4159 3241 4236 μαθηταὶ
3310 4159 3470 4217 αὐτοῦ
3528 4159 3783 4236 λέγοντεςο

2187 4242 2422 4316 Ῥαϐϐὶ,
2473 4244 2555 4312 τίς
2602 4245 2872 4327 ἥμαρτεν,
2908 4238 3054 4315 οὗτος
3180 4250 3228 4306 οἱ
3262 4256 3431 4326 γονεῖς
3471 4251 3663 4321 αὐτοῦ,
3694 4247 3783 4306 ἵνα

2183 4332 2373 4414 τυφλὸς
2401 4340 2630 4415 γενηθῇς
2665 4364 2689 4388 ιο
2720 4335 2925 4405 Ἔξεισι
2956 4337 3050 4415 μὲν
3095 4340 3154 4396 ἐκ
3183 4342 3273 4396 τοῦ
3310 4341 3450 4418 ἱεροῦ
3478 4339 3505 4394 ὁ
3559 4337 3779 4416 Κύριος,

2182 4427 2262 4503 τῷ
2288 4428 2438 4503 θυμῷ
2470 4428 2573 4482 τῶν
2621 4425 2889 4486 Ἰουδαίων
2924 4428 3252 4507 παραψυχήν
3286 4451 3404 4485 τινα
3448 4425 3780 4504 μηχανώμε-

2181 4536 2283 4577 νος·
2333 4512 2420 4571 ἐπὶ
2444 4515 2728 4592 θεραπείαν
2768 4514 2823 4573 δὲ
2866 4521 2955 4574 τοῦ
3003 4518 3201 4597 τυφλοῦ
3244 4514 3525 4596 τρέπεται,
3569 4514 3656 4572 διὰ
3689 4520 3782 4575 τοῦ

2183 4602 2404 4676 σημείου
2453 4602 2640 4661 τούτου
2688 4604 2748 4661 τὸ
2803 4604 3032 4683 σκληρὸν
3092 4606 3267 4664 αὐτῶν
3314 4603 3406 4663 καὶ
3438 4604 3645 4671 ἀπειθὲς
3677 4627 3783 4681 μα-

2184 4691 2396 4750 λάσσων
2417 4735 2434 4765 ,
2470 4696 2515 4752 εἰ
2553 4695 2643 4752 καὶ
2677 4693 2842 4771 μηδὲν
2891 4695 3208 4774 ὠφελοῦντο·
3243 4694 3436 4774 ἅμαλδὲ
3468 4694 3670 4760 δεικνὺς
3697 4696 3787 4752 αὖ·

2180 4789 2287 4847 τοῖς
2309 4826 2325 4856 ,
2358 4782 2437 4840 ὅτι
2482 4784 2539 4840 οὖ
2567 4782 2742 4858 μάτην
2762 4828 2778 4860 ,
2807 4784 2925 4842 οὐδὲ
2952 4772 3251 4859 κομπάζων
3270 4772 3289 4853 ,ν
3329 4772 3444 4841 εἶπε
3482 4783 3560 4842 τόν
3590 4812 3611 4834 «ι
3643 4781 3783 4858 Πρὶν

2180 4869 2449 4953 Ἀϐραὰμμ
2484 4871 2762 4950 γενέσθαι,
2820 4871 2927 4950 ἐγώ
2986 4875 3119 4950 εἰμι.
3176 4902 3201 4927 ιο
3253 4871 3390 4933 Ἰδοὺ
3439 4872 3542 4953 γὰρ
3600 4876 3783 4948 θαῦμα

2179 4961 2345 5032 τελεῖ,
2394 4950 2498 5019 οἶον
2532 4960 2699 5028 οὐδεὶς
2736 4961 2954 5022 πώποτε
3003 4962 3285 5044 πρότερον.
3324 4965 3393 5022 Εἰ
3431 4962 3534 5042 γὰρ
3563 4961 3654 5021 καὶ
3685 4985 3780 5020 τυ-

2180 5053 2315 5127 φλοῦ
2367 5050 2668 5131 ὀφθαλμοὺς
2722 5051 2917 5133 ἀνέῳξέ
2957 5075 3074 5131 τις,
3124 5050 3242 5111 ἀλλ’
3294 5055 3351 5112 οὗ
3397 5051 3783 5130 γεγεννημένου

2178 5130 2415 5217 τυφλοῦ-ν
2440 5140 2704 5221 προφανὲς
2753 5130 2875 5211 οὖν,
2933 5141 3015 5200 ὅτι
3074 5146 3147 5210 ὡς
3203 5140 3339 5208 Θεὸς
3392 5139 3484 5200 καὶ
3535 5140 3638 5220 πρὸ
3690 5147 3785 5199 τοῦ

2178 5226 2423 5306 Ἀϐραὰμ
2465 5227 2573 5304 ὢν,
2621 5232 2760 5289 τελεῖ
2817 5237 2971 5289 τοῦτο
3024 5230 3084 5291 τὸ
3142 5231 3311 5310 μήπω
3366 5229 3417 5299 ἐξ
3468 5231 3657 5295 αἰῶνος
3703 5253 3786 5289 τε-

2189 5317 2391 5377 λεσθέν.
2444 5317 2727 5393 Ἐπίτηδες
2784 5321 2874 5380 καὶ
2938 5322 3026 5379 ἐπὶ
3071 5322 3160 5382 τὸν
3206 5320 3401 5401 τυφλὸν
3446 5311 3633 5393 ἦλθεν,
3689 5321 3785 5379 οὐκ

2188 5411 2379 5477 ἐκεῖνος
2411 5407 2538 5490 πρὸς
2570 5410 2749 5472 αὐτόν.
2797 5409 2959 5471 Οὕτω
2991 5416 3117 5489 γοῦν
3148 5410 3239 5470 καὶ
3282 5414 3329 5470 οἱ
3369 5407 3606 5487 μαθηταὶ
3636 5408 3781 5468 ἰδόν-

2185 5521 2269 5565 τες
2307 5497 2464 5558 αύτὸν
2512 5503 2874 5582 προσεκτικῶς
2913 5500 3259 5581 ἐμϐλέψαντα
3298 5503 3375 5581 τῷ
3411 5501 3624 5581 τυφλῷ,
3656 5502 3785 5580 ἐρω-

542 5635 586 5667 ²⁵
622 5636 795 5692 Levit.
818 5654 1028 5710 xxvn,
1058 5651 1151 5715 24,
1175 5661 1330 5719 seqq.
1366 5648 1412 5683 ²⁶
1438 5649 1615 5707 Exod.
1652 5665 1752 5720 III,
1791 5657 1874 5708 14.
1898 5654 1942 5688 ²⁷
1967 5657 2131 5713 Joan.
2168 5673 2305 5729 vui,
2338 5666 2426 5716 58.
