4198 6510
415 443 484 498 Η
1218 443 1609 500 ENARRATIO
1650 446 1717 500 IN
1755 445 2185 504 EVANGELIUM
2219 449 2519 507 JOANNIS.
2560 482 2632 492 —
2669 452 2819 509 CAP.
2865 453 2948 507 IX.
3664 456 3733 511 42

414 569 573 627 τῶσι·
625 565 720 634 Τίς
773 565 1054 645 ἥμαρτεν,
1103 558 1250 636 οὗτος
1294 565 1329 638 ἢ
1376 571 1437 650 οῖ,
1468 578 1634 646 γονεῖς
1693 571 1881 646 αὐτοῦ,
1931 571 2016 632 ἵνα

2132 583 2478 646 spectantem
2506 592 2738 646 cacum,
2767 577 3114 649 interrogant
3142 595 3155 632 :
3191 597 3220 630 (ι
3253 577 3391 647 Quis
3435 579 3723 650 peccavit?

421 657 618 735 τυφλὸς
637 661 861 736 γεννηθῇ
885 676 904 733 ;
923 685 948 708 ι
964 657 1231 716 Φαίνεται
1254 649 1466 745 μὲν-οὗν
1485 661 1518 729 ἡ
1542 657 1800 738 ἐρώτησις
1830 664 2029 745 ἔσφαλ-

421 747 580 823 μένη,
639 749 759 813 Πῶς
788 745 892 827 γὰρ
939 748 1005 804 ἂν
1052 744 1290 823 ἥμαρτεν
1322 739 1468 814 οὗτος
1513 748 1636 826 πρὶν
1684 739 2030 831 γεννηθῆναη

426 839 510 896 Οὐ
561 835 665 915 γὰρ
699 835 868 906 δήπου
899 834 1253 915 παρεδέξαντο
1297 838 1345 894 οἱ
1376 836 1664 896 ἀπόστολοι
1695 839 1791 906 τὰς
1824 839 2028 918 Ἕλλη-

421 926 573 993 vna“
605 926 892 1006 φλυαρίας,
918 924 999 983 ὅτι
1029 931 1062 996 ἡ
1092 925 1238 1005 ψυχὴ
1266 926 1368 1005 πρὸ
1384 931 1486 1015 ζτοῦ
1519 926 1766 1003 σώματος
1797 931 1849 988 ἐν
1881 932 2029 1015 ἄλλῳ

421 1013 616 1096 κόσμῳ
657 1015 912 1092 διάγουσαι
935 1061 950 1092 ,
993 1014 1326 1092 ἁμαρτάνει,
1364 1005 1458 1073 εἶθ’
1486 1014 1623 1074 οὕτω
1652 1015 1874 1078 κόλασίν
1906 1005 2025 1083 τινα

421 1105 625 1177 ταύτην
653 1104 954 1163 ἂποτιννύει
983 1103 1079 1176 τὴν
1109 1104 1195 1162 ἐπὶ
1227 1105 1287 1162 τὸ
1319 1107 1482 1179 σῶμα
1531 1105 1774 1167 κάθοδον.
1835 1108 2026 1182 Ἁλιεῖς

425 1193 533 1272 γὰρ
591 1193 737 1260 ὄντες
811 1193 929 1253 οὐδὲ
981 1193 1218 1266 ἤκουσαν
1263 1193 1326 1252 ἂν
1381 1193 1616 1254 τοιοῦτόν
1665 1220 1754 1270 τι,
1825 1201 2026 1261 ἐπείτοι

422 1289 599 1341 ταῦτα
629 1287 735 1341 τῶν
773 1285 1072 1364 φιλοσόφων
1120 1281 1190 1340 τὰ
1219 1283 1482 1362 δόγματα.
1550 1284 1816 1346 Φαίνεται
1847 1290 2024 1351 τοίνυν

425 1372 648 1446 ἀνόητος
669 1378 701 1444 ἡ
733 1374 1006 1450 ἐρώτησις,
1039 1374 1156 1431 ἀλλ’
1184 1375 1241 1432 οὗ
1263 1379 1338 1455 τῷ
1374 1397 1434 1451 γε
1455 1375 1798 1454 προσέχοντι.
1867 1381 2024 1440 Μάν-

423 1466 549 1521 θανε
579 1463 701 1542 γάρ·
750 1465 798 1521 οἱ
835 1463 1121 1522 ἀπόστολοι
1167 1463 1447 1532 ἀκούοντες
1489 1471 1579 1523 τοῦ
1629 1468 1862 1544 Χριστοῦ
1895 1471 2026 1551 πρὸς

423 1551 516 1610 τὸν
549 1554 855 1630 παράλυτον
889 1553 1159 1624 εἰπόντος,
1200 1581 1225 1606 αι
1267 1553 1382 1614 Ἴδε
1432 1553 1578 1632 ὑγιὴς
1621 1555 1874 1636 γέγονας,
1918 1585 2025 1636 μη-

426 1642 544 1699 κέτι
572 1642 882 1720 ἁμάρτανε,
925 1640 1014 1700 ἴνα
1046 1641 1122 1718 μὴ
1154 1642 1331 1723 χεῖρόν
1364 1642 1412 1702 τί
1443 1666 1526 1702 σοι
1559 1643 1821 1724 γένηται,
1856 1675 1880 1699 ν
1906 1650 2021 1710 ἐπεὶ

423 1730 514 1790 τὸν
559 1733 752 1811 τυφλὸν
801 1723 975 1807 εἶδον,
1027 1736 1322 1811 ἀποροῦσι,
1381 1733 1470 1792 καὶ
1517 1734 1746 1813 ὡσπερεὶ
1799 1741 2020 1798 τοιαῦτά

424 1845 608 1902 φασιν
638 1817 826 1882 Ἔστω
859 1826 1056 1890 ἐκεῖνος
1083 1824 1146 1880 δι’
1178 1822 1543 1902 ἁμαρτήματα
1576 1825 1873 1902 παρελύθη·
1900 1829 2020 1907 περὶ

421 1911 614 1970 τούτου
648 1912 701 1970 τί
731 1912 794 1970 ἂν
839 1911 1042 1984 εἴποις;
1083 1913 1250 1979 Αὐτὸς
1291 1911 1578 1991 ἥμαρτενς
1611 1915 1734 1972 ἀλλ’
1755 1917 1852 1974 οὐκ
1878 1917 2020 1976 ἔστιν

421 2002 610 2060 εἰπεῖν·
660 2003 720 2060 ἐκ
749 2006 962 2080 γενετῆς
992 2003 1095 2081 γάρ
1139 2005 1253 2063 ἐστι
1303 2003 1515 2081 τυφλός.
1567 2002 1716 2062 Ἀλλ’
1765 2009 1812 2064 οἱ
1854 2009 2022 2084 γονεῖς

420 2093 620 2163 αὖτοῦ;
653 2093 776 2150 ἀλλ’
806 2093 922 2150 οὐδὲ
955 2096 1130 2150 τοῦτο·
1196 2100 1320 2159 παῖς
1370 2094 1472 2170 γὰρ
1530 2091 1662 2174 ὑπὲρ
1719 2096 1919 2177 πατρὸς
1948 2099 2020 2175 οὗ

422 2181 729 2248 κολάζεται.
763 2183 844 2240 Οὐ
872 2186 1122 2240 τοσοῦτον
1173 2172 1260 2241 οὖν
1295 2185 1622 2262 ἐρωτῶντες,
1667 2184 1787 2242 ὅσον
1821 2187 2017 2245 διαπο-

422 2274 637 2350 ροῦντες
661 2315 678 2343 ,
711 2275 882 2329 ταῦτα
913 2269 1179 2349 λέγουσιν.
1209 2269 1278 2331 Ὀ
1309 2271 1482 2330 τοίνυν
1527 2271 1722 2351 Κύριος
1747 2273 1887 2332 λύων
1917 2278 2018 2334 αὖ·

416 2368 528 2426 τοῖς
579 2358 674 2430 τὴν
723 2360 984 2439 ἀπορίαν,
1033 2359 1213 2441 φησίν·
1268 2388 1292 2410 α
1325 2359 1468 2420 Οὔτε
1520 2353 1958 2443 οἷτοςῆμαρτε,
1996 2393 2019 2419 ιο

424 2449 583 2524 (πῶς
612 2448 714 2530 γὰρ
747 2450 871 2528 πρὶν
920 2449 955 2520 ἢ
983 2453 1333 2526 γεννηθῆναι,
1360 2454 1376 2526 )
1420 2479 1443 2504 α
1475 2449 1594 2510 οὔτε
1624 2452 1672 2510 οἱ
1710 2461 1877 2530 γονεῖς
1916 2457 2014 2513 αὐ-

415 2544 535 2598 τοῦ.
562 2541 683 2599 Οὖκ
709 2538 1068 2598 ἀπαλλάττων
1097 2538 1150 2597 δὲ
1188 2539 1376 2606 αὐτοὺς
1406 2540 1834 2620 ἁμαρτημάτων,
1861 2544 2017 2603 τοῦτό

416 2651 600 2708 φησιν.
650 2630 732 2689 Οὖ
781 2632 885 2709 γὰρ
937 2630 1121 2695 ἅπλῶς
1173 2621 1352 2707 εἶπεν,
1399 2629 1480 2689 ὅτι
1529 2635 1651 2710 Οὐχ
1702 2630 1943 2710 ἥμαρτον
1974 2635 2021 2692 οἱ

416 2721 624 2794 γονεῖς,
659 2718 797 2777 ἀλλὰ
840 2719 1193 2797 προσέθηκενο
1225 2748 1249 2774 α
1296 2719 1416 2780 Ἵνα
1464 2721 1660 2799 τυφλὸς
1690 2727 1942 2802 γεννηθῇ.
1995 2749 2020 2775 ››

413 2802 706 2887 Ἥμαρτον
733 2809 828 2885 μὲν
855 2807 958 2889 γὰρ
997 2813 1045 2868 οἱ
1080 2810 1246 2886 γονεῖς
1287 2811 1474 2882 αὐτοῦ,
1505 2812 1624 2867 ἀλλ’
1651 2813 1744 2868 οὐκ
1784 2812 2018 2870 ἐντεῦθεν

419 2901 455 2966 ἡ
487 2897 727 2977 πήρωσις
758 2896 949 2976 τούτῳ.
991 2899 1074 2957 Οὐ
1104 2897 1206 2978 γὰρ
1234 2899 1506 2978 ἁμαρτίας
1537 2898 1786 2980 πατέρων
1815 2900 2019 2960 δίκαιόν

419 2987 536 3045 ἐστι
587 2988 742 3046 παισὶ
790 2987 954 3062 μηδὲν
995 2989 1264 3046 ἀδικοῦσιν
1315 2988 1662 3048 ἐπιτίθεσθαι.
1715 2989 1822 3048 Καὶ
1864 2996 2022 3049 τοῦτο

418 3081 449 3135 ὁ
479 3077 619 3142 Θεὸς
646 3076 878 3134 διδάσκει
912 3076 1007 3152 μὲν
1030 3077 1115 3135 διὰ
1140 3077 1422 3150 Ἰεζεκιὴλ,
1451 3079 1591 3137 οὕτω
1630 3079 1820 3157 λέγων’
1855 3108 1879 3132 κ
1903 3083 2022 3140 Οὔκ

419 3166 575 3224 ἔσται
605 3169 639 3236 ἡ
675 3164 958 3244 παραϐολὴ
1008 3165 1142 3238 αὕτη
1180 3165 1257 3225 ἔτι
1287 3172 1320 3239 ἡ
1363 3167 1647 3246 λεγομένη·
1691 3171 1763 3229 Οἱ
1797 3171 2024 3250 πατέρες

419 3257 622 3336 ἔφαγον
653 3255 908 3336 ὄμφακα,
953 3255 1044 3314 καὶ
1082 3261 1131 3315 οἱ
1163 3256 1368 3325 ὀδόντες
1399 3262 1505 3317 τῶν
1542 3258 1739 3318 τέκνων
1783 3260 2024 3339 ᾑμωδία-

422 3368 542 3404 σαν·
585 3373 613 3396 ι
641 3351 908 3421 νομοθετεῖ
940 3345 996 3406 δὲ
1035 3346 1127 3404 καὶ
1178 3347 1264 3404 διὰ
1308 3346 1570 3414 Μωσέωςο
1601 3377 1626 3402 α
1657 3351 1777 3409 Οὐκ
1819 3353 2023 3410 ἀποθα-

417 3443 593 3494 νεῖται
617 3433 797 3514 πατὴρ
829 3433 963 3514 ὕπὲρ
999 3435 1204 3497 τέκνου.
1243 3463 1268 3488 υ
1300 3435 1494 3509 Ἀλλὰ,
1526 3438 1633 3498 Καὶ
1666 3442 1783 3504 πῶς
1803 3485 1818 3510 ,
1849 3441 2019 3521 φησὶ,

416 3522 744 3604 γέγραπταιο
776 3551 800 3577 α
830 3521 1151 3592 Ἀποδιδοὺς
1181 3525 1449 3605 ἁμαρτίας
1492 3527 1688 3605 γονέων
1722 3529 1811 3588 ἐπὶ
1857 3529 2020 3588 τέκνα

421 3613 514 3674 ἐπὶ
543 3614 730 3693 τρίτην
766 3613 858 3671 καὶ
886 3614 1144 3690 τετάρτην
1175 3615 1390 3690 γενεάν;
1422 3644 1448 3668 ι»
1479 3613 1672 3675 Ἔστιν
1713 3607 1800 3675 οὖν
1831 3621 2022 3698 εἰπεῖν,

419 3704 506 3762 ὅτι
534 3705 748 3782 πρῶτον
777 3703 902 3778 μὲν,
931 3702 1047 3762 οὐδὲ
1090 3705 1343 3778 καθολική
1392 3708 1535 3764 ἐστιν
1569 3704 1704 3776 αὕτη
1740 3711 1774 3778 ἡ
1795 3707 2024 3788 εάπόςρα-

419 3819 542 3866 σις,
575 3791 693 3850 οὐδὲ
725 3792 862 3851 κατὰ
895 3793 1114 3852 πάντων
1156 3797 1374 3873 ῥηθεῖσα
1394 3838 1411 3867 ,
1451 3793 1592 3854 ἀλλὰ
1633 3795 1808 3873 μόνων
1839 3801 1945 3857 τῶν
1970 3797 2023 3866 ἐξ

420 3883 700 3960 Αἰγύπτου
750 3882 1080 3950 ἐξελθόντων.
1131 3879 1366 3944 Ἔπειτα
1417 3885 1609 3944 σκόπει
1655 3909 1748 3964 μοι
1800 3886 1890 3944 καὶ
1931 3888 2020 3946 τὸν

420 3978 545 4056 νοεῖν
572 3977 668 4042 τῆς
699 3973 1043 4053 ἀποφάσεως.
1077 3977 1160 4034 Οὐ
1189 3973 1290 4053 γὰρ
1321 3973 1478 4033 τοῦτό
1510 3998 1668 4054 φησιν
1689 4022 1705 4053 ,
1738 3975 1818 4034 ὅτι
1855 3975 2026 4056 Ὑπὲρ

421 4053 500 4121 ὧν
537 4061 778 4136 ἥμαρτον
807 4067 856 4122 οἱ
904 4063 1159 4143 πατέρες,
1211 4063 1525 4133 κολάζονται
1555 4068 1604 4124 οἱ
1636 4066 1821 4131 παῖδες
1843 4112 1859 4139 ,
1906 4068 2026 4124 ἀλλ’

422 4151 510 4210 ὅτι
540 4153 609 4210 Αἱ
654 4151 910 4229 ἁμαρτίαι
959 4155 1064 4210 τῶν
1093 4152 1374 4232 πατέρων,
1431 4153 1737 4229 τουτέστιν,
1785 4157 1838 4214 αἱ
1892 4156 2028 4228 ὖπὲρ

420 4245 532 4300 τῶν
574 4239 984 4319 ἁμαρτημάτων
1019 4243 1268 4310 κολάσεις
1315 4244 1738 4315 ἀποδοθήσονται
1786 4245 1878 4303 καὶ
1921 4253 2028 4312 τοῖς

422 4329 613 4389 παισὶν
659 4331 829 4389 αὐτῶν
856 4378 870 4405 ,
916 4334 986 4398 ὡς
1012 4331 1082 4390 τὰ
1112 4332 1273 4410 ὅμοια
1315 4333 1857 4411 πεπλημμεληκόσιν.
1905 4332 2028 4395 Ἵνα

421 4421 532 4499 γὰρ
564 4418 642 4495 μὴ
679 4420 961 4495 νομίζωσιν
991 4423 1036 4480 οἱ
1084 4420 1134 4490 ἐξ
1183 4423 1456 4502 Αἰγύπτου
1504 4422 1824 4497 ἐξελθόντες,
1870 4422 1950 4482 ὅτι
1984 4425 2029 4482 εἷ

2143 663 2256 731 hic,
2284 665 2366 720 vel
2398 674 2648 738 parentes
2675 666 2813 738 ejus,
2843 675 2907 721 ut
2942 681 3121 722 caicus
3146 670 3496 722 nasceretur?
3527 690 3552 715 ι
3584 667 3732 724 Nam

2137 763 2360 825 apparet
2408 755 2630 826 quidem
2682 756 3038 828 interrogatio
3107 754 3379 827 frigidior.
3435 756 3734 825 Quomodo

2137 845 2287 900 enim
2316 854 2596 916 peccasset
2620 846 2948 918 priusquam
2981 850 3332 902 nasceretur?
3361 848 3551 916 Neque
3581 846 3734 902 enim

2135 935 2367 1006 apostoli
2405 936 2640 1005 gentiles
2716 951 2888 1008 nugas
2950 945 3294 1006 receperunt,
3347 933 3498 1006 quod
3553 936 3735 990 anima

2134 1033 2260 1080 ante
2289 1040 2488 1096 corpus
2511 1024 2568 1080 in
2588 1025 2692 1080 alio
2721 1024 2936 1080 mundo
2962 1041 3187 1081 versans
3210 1031 3420 1095 peccet,
3451 1040 3516 1079 ac
3536 1023 3735 1080 deinde

2133 1129 2358 1184 poenam
2411 1113 2710 1186 quamdam
2754 1109 2985 1186 recipiat
3028 1114 3084 1169 in
3123 1130 3328 1184 corpus
3367 1111 3728 1170 descendens.

2134 1203 2445 1259 Piscatores
2473 1203 2617 1259 enim
2645 1219 2774 1259 cum
2798 1211 3002 1272 essent,
3037 1219 3216 1274 neque
3244 1202 3574 1259 audiverant
3623 1202 3731 1259 tale

2133 1291 2433 1364 quiddam,
2468 1293 2596 1364 quia
2620 1293 2737 1350 hazc
2781 1292 3238 1364 philosophorum
3262 1291 3526 1364 dogmata
3551 1299 3727 1347 erant.

2134 1381 2362 1438 Videtur
2408 1383 2576 1453 igitur
2631 1381 2892 1454 insipiens
2947 1383 3196 1454 quaestio,
3242 1382 3337 1438 sed
3386 1397 3502 1437 non
3558 1380 3608 1436 ei
3634 1380 3732 1452 qui

2129 1471 2383 1527 attendit.
2409 1473 2572 1528 Disce
2616 1471 2760 1528 enim
2791 1471 2939 1544 quod
2975 1471 3231 1543 apostoli,
3264 1470 3481 1526 dicente
3520 1469 3734 1526 Christo

2130 1561 2200 1617 ad
2229 1562 2610 1634 paralyticum,
2641 1585 2663 1610 α
2716 1565 2857 1618 Ecce
2896 1578 3065 1618 sanus
3093 1561 3274 1618 factus
3303 1577 3381 1629 es,
3431 1578 3545 1617 non
3588 1562 3733 1619 ultra

2131 1666 2341 1722 pecces,
2390 1659 2454 1706 ut
2508 1667 2577 1706 ne
2621 1651 2866 1706 deterius
2926 1651 3188 1723 quiddam
3231 1651 3328 1707 tibi
3379 1650 3498 1718 ﬁat,
3560 1673 3586 1699 ι
3642 1651 3733 1707 ubi

2127 1755 2337 1795 caecum
2384 1740 2656 1808 viderunt,
2690 1740 3035 1806 dubitabant,
3068 1749 3124 1796 et
3149 1741 3304 1811 quasi
3333 1740 3465 1796 talia
3490 1739 3683 1795 dicunt
3714 1759 3730 1796 :

2132 1832 2268 1885 Esto
2316 1830 2407 1884 ille
2465 1837 2688 1901 propter
2747 1837 2970 1901 peccata
3038 1830 3372 1902 paralyticus
3427 1828 3626 1895 fuerit;
3665 1828 3734 1884 de

2131 1918 2238 1975 hoc
2268 1935 2398 1974 vero
2436 1919 2568 1991 quid
2595 1919 2841 1974 dixeris?
2869 1918 3132 1990 Nunquid
3163 1918 3278 1988 ipse
3308 1918 3583 1989 peccavit?
3626 1917 3735 1974 Sed

2131 2007 2237 2064 hoc
2282 2008 2462 2064 dicere
2491 2025 2606 2063 non
2645 2016 2820 2079 potes,
2854 2024 2984 2064 nam
3013 2024 3043 2063 a
3075 2007 3369 2063 nativitate
3409 2022 3587 2063 caicus
3629 2014 3729 2062 est.

2131 2101 2279 2154 Num
2333 2106 2583 2170 parentes
2621 2097 2774 2169 ejus?
2830 2097 2936 2153 Sed
2988 2113 3167 2168 neque
3215 2095 3350 2164 hoc;
3406 2112 3522 2151 non
3578 2095 3734 2152 enim

2129 2188 2270 2244 ﬁlius
2295 2203 2396 2258 pro
2418 2195 2569 2257 patre
2597 2188 2841 2258 punitur.
2875 2186 3048 2256 Igitur
3076 2202 3188 2241 non
3212 2193 3329 2240 tam
3363 2187 3729 2254 interrogant,

2129 2294 2298 2350 quam
2325 2277 2494 2349 632
2516 2276 2820 2332 dubitando
2841 2275 2961 2333 haec
2987 2275 3198 2332 dicunt.
3225 2280 3300 2332 At
3319 2274 3592 2331 Dominus
3618 2274 3734 2330 sol-

2129 2383 2258 2424 vens
2283 2367 2513 2424 dubium
2534 2366 2780 2431 illorum,
2808 2365 2940 2421 dicit
2967 2385 2979 2420 :
3012 2389 3038 2413 α
3069 2367 3259 2436 Neque
3283 2364 3375 2420 hic
3399 2364 3666 2437 peccavit,
3701 2386 3728 2413 ι»

2131 2461 2283 2524 (nam
2317 2455 2602 2527 quomodo
2648 2463 2925 2526 peccasset
2967 2455 3287 2526 priusquam
3337 2456 3732 2521 nascereturP),

2135 2568 2160 2595 α
2189 2561 2368 2617 neque
2398 2552 2653 2615 parentes
2681 2544 2818 2615 ejus.
2855 2566 2881 2592 ιι
2914 2546 3038 2600 Nan
3072 2542 3202 2598 dicit
3229 2549 3420 2597 autem
3451 2541 3556 2597 hoc
3585 2541 3735 2612 quod

2129 2634 2442 2691 liberaverit
2479 2649 2574 2689 eos
2633 2649 2664 2688 a
2708 2630 2950 2704 peccatis
3001 2649 3015 2686 :
3062 2647 3179 2687 non
3225 2630 3370 2686 enim
3402 2630 3728 2701 simpliciter

2130 2725 2268 2781 dixit
2295 2723 2445 2795 quod
2484 2725 2611 2779 Non
2652 2730 3022 2794 peccaverunt
3063 2728 3343 2791 parentes,
3377 2719 3472 2775 sed
3501 2718 3734 2788 addidit,

2135 2839 2160 2864 κ
2188 2817 2268 2871 Ut
2293 2829 2472 2870 caecus
2515 2820 2850 2868 nasceretur.
2897 2834 2923 2860 ι»
2957 2813 3093 2866 Nam
3125 2817 3487 2882 peccaverant
3513 2809 3734 2880 quidem

2129 2911 2384 2977 parentes
2408 2903 2548 2974 ejus,
2566 2902 2663 2957 sed
2685 2918 2794 2957 non
2815 2900 3086 2956 indebuic
3110 2899 3347 2956 caecitas.
3373 2901 3561 2970 Neque
3582 2897 3732 2953 enim

2122 2994 2336 3066 justum
2390 3000 2475 3049 est
2501 3000 2725 3063 propter
2769 2998 3062 3062 parentum
3107 2997 3332 3060 peccata
3361 2986 3533 3059 afﬂigi
3561 2987 3724 3054 ﬁlios,

2131 3083 2221 3155 qui
2252 3098 2367 3137 non
2393 3081 2592 3153 injuste
2621 3088 2791 3152 agunt
2822 3097 2836 3135 :
2867 3089 2921 3135 et
2957 3079 3062 3135 hoc
3089 3081 3238 3134 Deus
3277 3077 3440 3133 docet
3471 3092 3565 3145 per
3593 3079 3728 3132 Eze-

2132 3171 2392 3236 chielem,
2423 3171 2648 3226 dicens:
2686 3192 2711 3217 ιι
2740 3171 2867 3225 Non
2892 3169 2994 3224 erit
3023 3166 3259 3238 amplius
3292 3165 3411 3222 haec
3448 3165 3732 3236 parabola,

2053 3233 2099 3298 Ο
2134 3278 2239 3333 qua
2258 3233 2459 3318 dicitur
2489 3279 2502 3315 :
2535 3263 2729 3315 Patres
2757 3233 3314 3314 comederunt'uvam
3356 3233 3632 3317 acerbam,
3678 3261 3734 3310 et

2129 3351 2316 3407 dentes
2343 3351 2581 3406 ﬁliorum
2603 3349 3002 3420 obstupescunt
3029 3347 3098 3402 ’3.
3132 3369 3158 3394 ιο
3184 3349 3389 3417 Legem
3419 3344 3554 3399 item
3579 3342 3736 3414 ponit

2130 3450 2187 3497 et
2215 3457 2312 3512 per
2340 3442 2532 3495 Mosen
2563 3459 2575 3494 :
2632 3463 2657 3487 «
2690 3441 2816 3495 Non
2844 3437 3115 3493 morietur
3150 3443 3304 3507 pater
3333 3450 3430 3506 pro
3462 3433 3570 3488 ﬁlio
3596 3432 3658 3488 ³³.
3698 3455 3725 3482 ιο

2131 3530 2263 3595 Sed,
2303 3529 2502 3586 dixerit
2537 3529 2679 3601 quis,
2727 3525 3011 3599 quomodo
3049 3527 3317 3596 scriptum
3350 3522 3500 3595 quod
3533 3521 3729 3578 reddat

2136 3642 2162 3669 «
2214 3628 2436 3692 peccata
2491 3627 2711 3690 patrum
2758 3619 2813 3671 in
2844 3615 2985 3672 ﬁlios
3031 3615 3091 3669 in
3122 3614 3342 3669 tertiam
3382 3621 3437 3668 et
3478 3621 3733 3684 quartam

2131 3709 2540 3780 generationem
2575 3706 2655 3762 3°?
2702 3729 2725 3754 ιι
2760 3705 3069 3759 Dicendum
3097 3703 3265 3774 igitur
3294 3701 3443 3773 quod
3488 3700 3735 3772 primum

2131 3797 2353 3869 quidem
2394 3811 2510 3850 non
2559 3795 2633 3849 sit
2702 3793 2969 3865 generalis
3017 3790 3136 3845 hac
3190 3788 3484 3852 sententia,
3553 3803 3736 3858 neque

2132 3893 2323 3941 contra
2375 3897 2564 3938 omnes
2619 3880 2785 3949 dicta,
2831 3878 2927 3934 sed
2997 3878 3177 3932 solum
3234 3883 3426 3931 contra
3481 3889 3576 3930 eos
3635 3874 3731 3945 qui

2132 3973 2336 4047 egressi
2368 3979 2498 4028 sunt
2539 3969 2608 4026 de
2631 3973 2883 4040 Egypto.
2927 3969 3163 4037 Insuper
3209 3962 3434 4020 attende
3477 3969 3734 4018 mentem

2131 4063 2442 4121 sententiae.
2494 4062 2620 4116 Non
2648 4058 2798 4114 enim
2844 4057 2951 4112 hoc
2975 4055 3129 4122 dixit,
3171 4053 3320 4126 quod
3346 4055 3454 4109 Pro
3495 4052 3736 4124 peccatis

2133 4162 2354 4227 patrum
2400 4152 2699 4223 puniuntur
2744 4147 2859 4215 ﬁlii,
2889 4146 2986 4202 sed
3029 4144 3179 4218 quod
3207 4148 3438 4201 Peccata
3486 4151 3736 4214 patrum,

2134 4245 2244 4300 hoc
2267 4251 2350 4299 est
2380 4256 2558 4313 poenae
2593 4255 2692 4312 pro
2736 4236 2974 4310 peccatis
3026 4233 3332 4306 irrogandaa
3384 4239 3518 4289 sunt
3563 4231 3735 4287 etiam

2135 4333 2262 4389 ﬁliis
2313 4333 2580 4403 ipsorum,
2627 4335 2817 4398 utpote
2882 4324 2968 4380 his
2997 4323 3089 4395 qui
3146 4321 3344 4377 similia
3383 4319 3736 4391 deliquerint.

2136 4425 2276 4479 Nam
2316 4429 2378 4476 ut
2421 4434 2489 4474 ne
2511 4425 2703 4489 putent
2756 4414 2814 4470 hi
2845 4413 2936 4486 qui
2967 4429 3030 4468 ex
3057 4414 3292 4484 Egypto
3322 4409 3528 4481 egressi
3586 4415 3739 4478 sunt,

423 4511 520 4568 καὶ
556 4507 722 4589 χείρω
753 4513 854 4568 τῶν
907 4509 1156 4590 πατέριον
1202 4513 1634 4594 ἁμαρτήσουσιν,
1672 4515 1730 4572 οὗ
1764 4518 1870 4582 τοῖς
1923 4515 2023 4572 αὖ-

2140 4509 2288 4585 quod
2322 4507 2578 4580 quamvis
2620 4503 2838 4577 gravius
2880 4499 3226 4574 peccaverint
3251 4513 3417 4570 quam
3465 4503 3740 4594 parentes,

423 4606 540 4663 τοῖς
578 4599 1061 4678 τιμωρηθήσονται·
1105 4602 1302 4683 φησὶν,
1337 4601 1418 4662 ὅτι
1470 4605 1596 4682 Οὐχ
1640 4602 1807 4670 οὕτως
1846 4603 2029 4677 ἔσται,

426 4688 554 4745 ἀλλ’
589 4692 649 4746 αἱ
692 4688 954 4769 ἁμαρτίαι
999 4693 1103 4748 τῶν
1135 4696 1412 4770 πατέρων,
1461 4693 1582 4763 ἤτοι
1615 4695 1668 4749 αἱ
1702 4693 1905 4771 ποιναὶ,
1940 4693 2031 4752 καὶ

429 4776 516 4856 ἐρ’
547 4779 687 4852 ὑμᾶς
717 4779 1054 4853 ἐλεύσονται,
1080 4778 1159 4838 ὅτι
1197 4781 1272 4857 μὴ
1317 4781 1553 4860 βελτίους
1593 4782 1864 4860 ἐγένεσθε,
1894 4782 2033 4842 ἀλλὰ

427 4867 498 4925 τὰ
527 4866 662 4925 αὐτὰ
683 4914 700 4941 ,
731 4868 767 4938 ἢ
796 4870 886 4927 καὶ
929 4869 1096 4950 χείρω
1134 4871 1658 4948 πεπλημμελήκατε.
1711 4875 1779 4932 Εἰ
1811 4873 1865 4932 δὲ
1901 4871 2030 4952 βλέ-

428 4978 550 5022 πεις
577 4957 837 5025 πολλάκις
884 4960 978 5016 καὶ
1024 4958 1190 5030 νήπια
1235 4960 1618 5042 ἁρπαζόμενα,
1656 4961 1742 5020 διὰ
1771 4961 2032 5042 τιμωρίαν

428 5047 584 5116 ἥθεν
616 5045 809 5123 γονέων
828 5093 843 5119 ,
890 5050 1010 5107 ἀλλ’
1051 5041 1109 5108 εὖ
1140 5041 1285 5121 ἴσθι,
1317 5051 1399 5108 ὅτι
1451 5051 1537 5109 διὰ
1569 5051 1971 5130 φιλανθρωπίαν
2007 5053 2035 5107 ὃ

427 5135 568 5203 Θεὸς
600 5139 932 5218 προαρπάζει
980 5146 1149 5199 ταῦτα
1192 5145 1283 5199 τοῦ
1331 5140 1465 5221 βίου·
1492 5144 1581 5199 ἳνα
1631 5140 1706 5219 μὴ
1761 5141 2031 5213 ζήσαντα)

421 5227 592 5306 χείρω
625 5231 729 5285 τῶν
758 5227 953 5305 γονέων
984 5227 1282 5308 γένωνται,
1318 5230 1411 5288 καὶ
1459 5230 1546 5290 ἐπὶ
1588 5235 1740 5310 κακῷ
1769 5235 1865 5302 τῆς
1897 5234 2028 5289 ἑαυ-

425 5320 532 5375 τῶν
581 5321 760 5399 ψυχῆς
807 5316 842 5388 ἢ
879 5318 970 5375 καὶ
1019 5318 1195 5377 ἄλλων
1246 5321 1463 5379 πολλῶν
1517 5319 1807 5400 βιώσωσιν.
1871 5318 2035 5380 Ἀλλὰ

421 5411 600 5466 ταῦτα
649 5406 747 5483 ‘uév
813 5411 848 5478 ἡ
909 5410 1012 5465 τῶν
1061 5409 1212 5467 θείων
1275 5409 1555 5489 κριμάτων
1615 5409 1846 5477 ἄϐυσσος
1904 5412 2034 5490 παρ’

421 5499 592 5577 ἑαυτῇ
625 5497 737 5576 ἔχει
765 5497 1076 5577 καλύψασα·
1115 5502 1271 5575 ἡμεῖς
1304 5500 1359 5558 δὲ
1390 5499 1479 5558 ἐπὶ
1509 5499 1580 5559 τὰ
1614 5499 1730 5571 ἑξῆς
1762 5499 1949 5578 ἴωμεν.

509 5615 532 5638 ει
571 5587 857 5669 Ἀπεκρίθη
909 5592 938 5647 ὁ
963 5587 1192 5660 Ἰησοῦςο
1231 5587 1373 5648 Ούτε
1407 5580 1558 5657 οὗτος
1602 5588 1875 5670 ἥμαρτεν,
1916 5588 2037 5649 οὔτε

495 5779 547 5816 ’⁸
574 5777 775 5838 Ezech.
811 5791 1002 5843 xviri,
1024 5781 1078 5832 2.
1155 5775 1202 5811 ²⁹
1223 5780 1382 5834 Deut.
1413 5793 1597 5850 xxxv,
1624 5785 1708 5837 16.

707 5872 960 5927 PATROL.
1002 5867 1100 5923 Gn.
1143 5866 1358 5923 CXXIV.

2140 4583 2249 4657 non
2289 4598 2484 4654 iisdem
2520 4593 2802 4666 suppliciis
2849 4591 3168 4662 puniantur,
3228 4586 3438 4658 inquit,
3493 4587 3620 4640 Non
3664 4583 3743 4639 sic

2139 4689 2262 4756 erit,
2308 4686 2404 4742 sed
2446 4691 2669 4756 peccata
2699 4689 2942 4754 patrum,
2973 4678 3080 4734 hoc
3122 4687 3204 4732 est
3230 4690 3430 4748 paenae,
3480 4674 3649 4728 etiam
3671 4671 3744 4728 ad

2140 4793 2239 4835 vos
2276 4774 2623 4848 pervenient,
2673 4771 2801 4843 quia
2853 4784 2967 4823 non
3003 4765 3132 4822 facti
3157 4766 3292 4821 estis
3322 4764 3599 4829 meliores,
3639 4760 3739 4817 sed

2142 4866 2338 4924 eadem
2385 4879 2448 4919 ac
2500 4860 2775 4918 deteriora
2812 4856 3089 4929 peccastis.
3138 4854 3299 4927 Quod
3362 4861 3550 4908 autem
3598 4865 3746 4921 sape

2145 4956 2293 5012 vides
2317 4969 2515 5026 pueros
2543 4949 2704 5018 mori,
2739 4947 2906 5016 idque
2932 4953 3158 5017 propter
3186 4950 3472 5015 parentum
3502 4953 3744 5012 poenam,

2143 5046 2284 5102 scias
2330 5039 2478 5115 quod
2510 5044 2661 5096 Deus
2709 5044 2933 5111 propter
2981 5033 3418 5090 misericordiam
3467 5026 3750 5115 praeripiat

2139 5113 2364 5191 illorum
2418 5130 2607 5197 vitam,
2651 5137 2715 5183 ut
2746 5142 2819 5182 ne
2849 5139 2977 5181 cum
3029 5120 3448 5194 supervixerint,
3498 5113 3747 5171 deterio-

2141 5240 2230 5282 res
2281 5220 2598 5296 parentibus
2637 5218 2790 5286 ﬁant,
2841 5223 2896 5270 et
2927 5214 2984 5268 in
3033 5213 3242 5268 malum
3271 5222 3501 5266 suarum
3536 5203 3751 5296 anima-

2141 5292 2350 5370 rum—et
2375 5310 2608 5366 aliorum
2632 5307 2942 5362 multorum
2968 5301 3171 5356 vivant.
3188 5303 3596 5357 Verumtamen
3627 5292 3748 5348 haec

2143 5403 2374 5476 abyssus
2431 5399 2751 5455 divinorum
2808 5391 3140 5466 judiciorum
3178 5384 3328 5459 apud
3364 5401 3422 5442 se
3477 5382 3748 5439 continet.

2142 5495 2261 5550 Nos
2301 5489 2371 5546 ad
2393 5486 2674 5560 sequentia
2709 5496 3002 5556 pergamus
3033 5498 3046 5534 :

2218 5597 2394 5651 νεεδ.
2446 5595 2567 5648 3-5.
2628 5611 2656 5638 «ι
2687 5583 2996 5656 Respondit
3019 5582 3222 5638 Jesus:
3255 5581 3446 5652 Neque
3489 5575 3580 5634 hic
3629 5589 3752 5647 pec-

1787 5777 1840 5818 3°
1860 5777 2037 5840 Exod.
2073 5792 2180 5846 xx,
2223 5781 2274 5831 5.
