4198 6458
531 459 598 526 47
1553 458 2066 516 THEOPHYLACTI
2105 457 2462 514 BULGARI/E
2497 457 2810 516 ARCHIEP.
3765 457 3835 513 48

529 599 673 653 Nam
719 608 846 648 cum
874 591 959 647 illa
982 604 1096 645 non
1125 595 1404 659 operatur,
1437 585 1650 642 etiamsi
1672 585 1862 641 oculus
1889 583 1978 651 sit,
2009 599 2121 638 non

2235 584 2579 665 μιούργησεν.
2617 587 2735 646 Οὐκ
2782 585 2982 644 ἔπλασε
3025 582 3081 644 δὲ
3130 582 3287 660 μόνον
3331 580 3450 648 τοὺς
3488 579 3830 658 ὀφθαλμοὺς,

526 684 690 740 videt.
724 685 900 738 Porro
950 687 1112 749 sputo
1159 677 1375 746 inungit
1419 676 1628 741 oculos,
1685 675 1814 745 quia
1860 673 2126 728 missurus

525 781 646 829 erat
695 787 821 826 eum
852 769 920 824 ad
969 768 1193 833 Siloam,
1222 775 1282 821 ut
1310 782 1377 820 ne
1420 781 1576 836 aqua
1629 763 1796 819 fontis
1823 762 2126 818 ascribatur

529 859 890 922 miraculum;
920 857 1016 912 sed
1065 857 1348 911 discamus
1386 855 1532 925 quod
1581 854 1754 908 virtus
1795 869 2007 924 egressa
2061 868 2122 906 ex

528 966 623 1006 ore
669 948 807 1020 ejus,
838 947 952 1018 ipsa
980 945 1302 1001 formaverit
1341 952 1396 999 et
1439 944 1718 1014 aperuerit
1743 943 1932 998 oculos
1961 941 2077 1012 ejus
2107 958 2120 993 :

528 1046 815 1112 propterea
849 1060 873 1084 ιι
908 1035 1129 1106 exspuit
1158 1035 1214 1088 in
1243 1043 1472 1099 terram,
1519 1056 1544 1080 ι)
1577 1042 1633 1088 et
1659 1049 1720 1087 ex
1754 1049 1850 1087 ore
1882 1031 2012 1086 fecit
2041 1031 2126 1085 ln-

527 1137 668 1185 tum.
716 1125 926 1182 Deinde
951 1133 1014 1180 ut
1050 1141 1118 1181 ne
1146 1132 1298 1196 putes
1329 1123 1477 1195 quod
1501 1132 1662 1178 terrae
1687 1121 1856 1177 fuerit
1883 1120 2122 1176 miracu-

526 1218 667 1287 lum,
702 1216 864 1290 jubet
900 1214 1062 1270 lavari
1093 1222 1155 1270 ut
1182 1229 1344 1270 omne
1386 1212 1698 1282 deponatur
1742 1212 1941 1267 lutum.
1994 1209 2126 1279 Qui-

530 1308 659 1365 dam
684 1315 868 1363 autem
898 1303 1093 1360 dicunt
1111 1303 1258 1375 quod
1279 1311 1334 1358 et
1359 1303 1537 1357 lutum
1560 1318 1675 1357 non
1698 1302 1770 1357 sit
1791 1300 2123 1371 depositum,

531 1396 629 1454 sed
659 1395 962 1453 formatum
991 1394 1046 1449 in
1079 1394 1322 1449 oculum.
1363 1393 1662 1458 Caeterum,
1694 1391 1852 1463 jubet
1890 1405 2018 1444 eum
2059 1389 2126 1444 ad

529 1487 735 1543 Siloam
759 1486 856 1553 ire,
887 1482 1090 1555 partim
1119 1491 1180 1538 ut
1207 1481 1480 1538 discamus
1503 1481 1632 1536 caeci
1664 1479 1854 1547 ﬁdem,
1880 1488 1931 1535 et
1959 1494 2126 1551 quam

529 1575 790 1633 obediens
837 1573 1022 1629 fuerit.
1050 1574 1172 1627 Non
1203 1570 1346 1626 enim
1371 1569 1669 1642 cogitavit:
1697 1572 1837 1625 Cum
1865 1570 2042 1624 lutum
2073 1575 2130 1622 et

528 1673 756 1737 sputum
784 1679 973 1719 curare
993 1662 1207 1717 valeant
1229 1661 1439 1727 oculos,
1464 1659 1593 1731 quid
1623 1675 1765 1730 opus
1791 1658 1922 1713 mihi
1957 1658 2127 1714 Siloa?

533 1753 672 1827 quid
699 1751 868 1824 635
893 1759 956 1807 ut
992 1751 1172 1806 laver?
1202 1750 1299 1805 sed
1328 1749 1730 1820 obtemperavit
1763 1747 2123 1820 praecipienti.

533 1846 763 1914 Insuper
789 1849 852 1895 ut
879 1847 936 1896 et
961 1838 1262 1896 confundat
1297 1837 1618 1894 Iudaeorum
1653 1837 2124 1909 ingratitudinem.

2235 673 2352 732 οὐδὲ
2380 673 2571 754 ἀνέῳξε
2605 673 2758 751 μόνον
2777 721 2793 749 ,
2822 674 2959 733 ἀλλὰ
2990 672 3081 732 καὶ
3108 673 3167 731 τὸ
3197 676 3324 753 ὁρᾷν
3359 671 3670 751 ἐχαρίσατο·
3697 670 3831 751 ὅπερ

2233 763 2517 842 τεκμήριόν
2567 765 2678 822 ἐστι
2711 769 2800 822 105
2840 763 2930 821 καὶ
2972 761 3067 834 τὴν
3107 761 3281 842 ψυχὴν
3329 761 3483 820 αὐτὸν
3523 763 3834 838 ἐμφυσῆσαι

2236 855 2312 930 τῷ
2374 851 2579 928 Ἀδοίμ’
2629 852 2831 922 ἐκείνης
2880 851 2983 930 γὰρ
3037 859 3110 927 μή
3172 851 3512 931 ἐνεργούσης,
3563 851 3837 930 ὀφθαλμὸς

2236 940 2335 999 κᾶν
2358 942 2750 1020 ἀπηρτισμένος
2797 933 2864 1020 ᾗ,
2911 944 3004 999 οὐκ
3030 941 3092 999 ἂν
3135 941 3259 998 εἴδοι
3289 941 3436 1002 ποτέ.
3467 940 3756 1016 Πτύσματι
3779 938 3834 998 δὲ

2235 1029 2493 1110 κέχρηται
2525 1033 2596 1097 εἷς
2631 1030 2724 1101 τὴν
2748 1030 3062 1110 ἀνάϐλεψιν.
3100 1029 3258 1090 Ἐπεὶ
3306 1029 3410 1108 γὰρ
3454 1028 3611 1087 αὐτὸν
3644 1027 3836 1105 ἔμελλε

2236 1120 2468 1196 πέμπειν
2505 1120 2593 1177 ἐπὶ
2631 1121 2719 1178 τὸν
2744 1120 3008 1196 Σιλωὰμ,
3041 1118 3126 1177 ἵνα
3153 1119 3226 1194 μὴ
3251 1123 3326 1199 τῷ
3353 1119 3510 1177 ὕδατι
3541 1121 3634 1188 τῆς
3663 1123 3838 1196 πηγῆς

2238 1210 2513 1291 ἐπιγραφῇ
2549 1209 2610 1267 τὸ
2659 1214 2877 1284 θαῦμα,
2917 1207 3055 1266 ἀλλὰ
3107 1208 3400 1286 μάθωμεν,
3450 1209 3531 1268 ὅτι
3571 1211 3602 1278 ἡ
3655 1212 3714 1268 ἐκ
3741 1213 3836 1266 105

2236 1298 2496 1374 στόματος
2546 1301 2707 1358 αὐτοῦ
2758 1299 3035 1367 ἐξελθοῦσα
3079 1297 3330 1375 δύναμις,
3373 1296 3508 1370 αὐτὴ
3565 1294 3660 1356 καὶ
3721 1297 3838 1357 διέ-

2236 1391 2408 1447 πλασε
2443 1386 2532 1445 καὶ
2559 1386 2749 1468 ἀνέῳξε
2789 1387 2908 1455 τοὺς
2957 1387 3262 1468 ὀφθαλμοὺς
3308 1389 3494 1445 αὐτοῦ·
3545 1385 3632 1444 διὰ
3681 1393 3838 1446 τοῦτο

2242 1501 2272 1532 ιι
2307 1476 2498 1535 ἔπτυσε
2529 1476 2739 1557 χαμαὶ,
2773 1503 2796 1530 ιο
2819 1475 2908 1534 καὶ
2938 1478 2997 1536 ἐκ
3038 1482 3130 1535 105
3161 1475 3426 1554 στόματος
3471 1475 3688 1545 ἐποίησε
3718 1499 3832 1549 πη-

2235 1565 2346 1628 λόν.
2385 1556 2628 1626 Ιίἷτανῖνα
2660 1566 2733 1640 μὴ
2765 1566 2984 1646 νομίσῃς
3008 1614 3024 1640 ,
3059 1563 3140 1624 ὅτι
3171 1570 3262 1636 τ’ἤς
3291 1570 3387 1644 γῆς
3416 1556 3479 1637 ἧν
3512 1565 3572 1624 τὸ
3605 1570 3794 1642 θαῦμα
3814 1611 3831 1640 ,

2237 1653 2440 1714 κελεύει
2487 1656 2774 1736 νίψασθαι,
2805 1654 2894 1714 ἵνα
2941 1656 3149 1722 πάντως
3203 1657 3472 1726 ἀπόθηται
3501 1653 3590 1713 τὸν
3638 1654 3832 1726 πηλόν.

2236 1744 2391 1813 Τινὲς
2422 1744 2479 1803 δέ
2529 1767 2718 1826 φασιν,
2751 1743 2831 1804 ὅτι
2877 1749 2904 1802 6
2934 1746 3100 1816 πηλὸς
3152 1747 3249 1804 οὐκ
3296 1745 3556 1816 ἀπετέθη,
3600 1745 3718 1803 ἀλλ’
3765 1747 3838 1812 εἷς

2237 1833 2536 1915 ὀφθαλμοὺς
2585 1834 2994 1914 ἐδημιουργήθη’
3058 1834 3258 1894 κελεύει
3307 1833 3360 1892 δὲ
3408 1833 3564 1892 αὐτὸν
3619 1833 3706 1893 ἐπὶ
3748 1836 3837 1893 τὸν

527 1931 836 1988 Verisimile
857 1929 1007 1985 enim
1045 1937 1165 1986 erat
1187 1929 1388 1983 multos
1411 1927 1566 1982 illum
1597 1927 1713 1983 luto
1745 1942 1908 1998 super
1934 1926 2121 1982 oculos

2238 1923 2466 2000 Σιλωὰμ
2497 1926 2776 1997 ἀπελθεῖν,
2811 1924 2924 2000 ἅμα
2959 1923 3054 2001 μὲν
3083 1923 3170 1982 ἵνα
3217 1923 3473 2002 μάθωμεν
3501 1930 3593 1983 105
3637 1925 3838 2006 τυφλοῦ

529 2029 758 2078 unctum
813 2019 1030 2086 vidisse,
1080 2025 1137 2074 et
1181 2033 1309 2072 eum
1354 2016 1647 2088 diligenter
1686 2017 2025 2084 observasse,
2073 2022 2127 2071 et

528 2111 609 2165 ita
637 2125 752 2165 non
781 2107 1025 2179 potuisse
1063 2114 1255 2176 postea
1285 2105 1484 2173 dicere,
1511 2083 1741 2172 Hic'est,
1771 2105 1862 2159 hic
1888 2083 2122 2160 nonest.

529 2201 598 2254 Et
625 2197 789 2254 tertio
818 2196 1111 2252 ostendens
1136 2211 1194 2250 se
1217 2211 1334 2250 non
1360 2210 1479 2250 esse
1519 2194 1777 2266 iniquum
1801 2193 1901 2266 legi
1933 2194 2125 2260 veteri,

531 2287 702 2343 mittit
754 2285 827 2341 ad
873 2285 1098 2341 Siloam.
1134 2286 1431 2356 Propterea
1477 2290 1533 2339 et
1586 2283 1912 2355 evangelista
1956 2283 2128 2338 inter-

529 2376 898 2449 pretationem
943 2373 1102 2430 Siloa:
1157 2373 1340 2445 ponit,
1386 2381 1449 2428 ut
1497 2372 1676 2428 discas
1728 2373 1874 2444 quod
1913 2381 1969 2427 et
2019 2372 2128 2427 illic

526 2466 779 2523 Christus
799 2480 926 2520 eum
957 2463 1183 2530 sanarit,
1209 2471 1263 2518 et
1301 2461 1447 2533 quod
1473 2462 1617 2517 Siloa
1650 2462 1823 2532 figura
1864 2462 1936 2517 sit
1963 2461 2125 2518 Chri-

525 2556 620 2611 sti.
661 2556 816 2610 Sicut
835 2553 985 2609 enim
1013 2552 1308 2624 spiritualis
1348 2561 1498 2624 petra
1538 2560 1621 2607 est
1665 2551 1937 2621 Christus,
1970 2552 2046 2606 ita
2074 2559 2127 2607 et

521 2644 822 2716 spiritualis
875 2651 958 2699 est
1025 2643 1188 2698 Siloa.
1241 2643 1314 2696 Et
1359 2641 1501 2697 sicut
1551 2650 1767 2696 torrens
1828 2641 1918 2697 ille
1965 2640 2126 2696 Siloa:

519 2734 860 2804 repentinus,
888 2740 946 2787 et
985 2731 1366 2787 vehementior
1386 2731 1684 2801 apparebat
1728 2729 1956 2784 terribili
1983 2745 2124 2800 quo-

523 2821 653 2878 dam
709 2821 883 2886 iluxu,
935 2820 1010 2875 ita
1056 2827 1110 2874 et
1151 2818 1421 2874 adventus
1475 2819 1700 2874 Domini
1751 2821 2021 2886 occultus,
2072 2826 2127 2872 et

522 2910 728 2982 angelis
751 2909 1074 2981 incognitus,
1094 2924 1261 2964 omne
1291 2915 1578 2978 peccatum
1605 2909 1806 2962 virtute
1832 2908 2017 2962 diluit.

2235 2013 2330 2085 τὴν
2362 2012 2537 2072 πίστιν
2558 2061 2574 2089 ,
2606 2014 2693 2072 καὶ
2727 2016 2838 2080 πῶς
2868 2014 3097 2085 ὑπήκοος
3127 2005 3214 2084 ἦν·
3244 2015 3301 2072 οὐ
3335 2011 3436 2094 γὰρ
3478 2011 3833 2090 διελογίσατο⁶

2238 2105 2303 2162 Εἰ
2339 2101 2529 2172 ὅλωςὸ
2567 2103 2735 2174 πηλός
2768 2105 2919 2178 ἐστι,
2963 2104 3055 2161 καὶ
3106 2102 3167 2161 τὸ
3211 2101 3433 2179 πτύσμα
3483 2101 3542 2160 τὸ
3595 2101 3837 2181 παρέχον

2237 2215 2327 2269 μοι
2357 2191 2474 2261 τοὺς
2500 2191 2830 2270 ὀφθαλμοὺς,
2862 2192 2939 2257 τίς
2967 2215 3056 2268 μοι
3080 2191 3235 2272 χρεία
3262 2197 3352 2251 105
3386 2189 3615 2268 Σιλωὰμ
3633 2237 3648 2262 ,
3741 2195 3838 2250 105

2235 2283 2517 2362 νίψασθαι;
2560 2283 2679 2339 ἀλλ’
2716 2282 2934 2352 ἐπείσθη
2967 2285 3040 2361 τῷ
3071 2283 3360 2341 κελεύοντι.
3453 2278 3615 2356 "Auct
3659 2278 3713 2338 δὲ
3740 2279 3839 2340 καὶ

2236 2371 2321 2430 ἵνα
2353 2371 2670 2450 ἐπιστομίσῃ
2710 2375 2816 2429 τῶν
2849 2370 3121 2429 Ἰουδαίων
3151 2372 3247 2443 τὴν
3273 2369 3680 2446 ἀγνωμοσύνην.
3737 2371 3839 2431 Εἰ-

2236 2461 2324 2530 κὸς
2359 2462 2461 2542 γὰρ
2515 2452 2579 2532 ἧν
2623 2460 2849 2527 πολλοὺς
2891 2460 3181 2519 θεάσασθαι
3218 2461 3376 2520 αὐτὸν
3409 2461 3498 2518 τὸν
3541 2457 3713 2532 πηλὸν
3745 2460 3839 2519 ἐπὶ

2235 2549 2353 2617 τοὺς
2390 2549 2693 2630 ὀφθαλμοὺς
2725 2551 3074 2630 κεχρισμένον
3098 2593 3114 2622 ,
3163 2552 3254 2608 καὶ
3291 2549 3595 2629 προσέσχον
3630 2548 3693 2607 ἂν
3737 2552 3841 2608 αὖ·

2239 2645 2311 2719 τῷ
2352 2640 2487 2717 μετὰ
2523 2638 2829 2717 ἀκριϐείας,
2864 2637 3003 2698 ὥστε
3041 2639 3116 2715 μὴ
3171 2639 3312 2718 ἔχειν
3360 2637 3532 2714 λέγειν
3581 2637 3838 2716 ὕστερον,

2237 2723 2407 2796 Οὗτός
2447 2733 2621 2804 ἐστιν,
2667 2733 2761 2787 οὐκ
2795 2728 2935 2787 ἔστιν
2969 2727 3136 2795 οὗτος.
3200 2728 3310 2788 Καὶ
3359 2728 3532 2807 τρίτον
3582 2728 3838 2788 δεικνύων

2238 2821 2454 2891 ἑαυτὸν,
2502 2819 2582 2877 ὅτι
2615 2821 2710 2876 οὐκ
2762 2818 3037 2897 ἀλλότριος
3081 2819 3196 2878 ἐστι
3245 2823 3338 2877 105
3383 2818 3542 2895 νόμου
3591 2819 3686 2877 καὶ
3733 2822 3838 2891 τῆς

2243 2911 2517 2981 ΙΙαλαιᾶς,
2542 2908 2770 2986 πέμπων
2816 2911 2886 2974 εἷς
2915 2907 3005 2966 τὸν
3042 2907 3298 2984 Σιλωάμ.
3332 2908 3488 2968 Διατί
3521 2907 3575 2965 δὲ
3605 2911 3633 2967 6
3667 2909 3838 2986 εὐαγ-

525 2999 772 3077 γελιστὴς
806 3001 897 3058 καὶ
940 2996 1036 3068 τὴν
1083 2996 1370 3076 ἑρμήνειαν
1411 3002 1506 3054 τοῦ
1556 2995 1784 3072 Σιλωὰμ
1830 2997 2189 3074 προσέθηκεν;
2219 2999 2340 3060 Ἵνα
2383 2998 2582 3076 μάθῃς,
2627 2997 2706 3056 ὅτι
2746 2998 2901 3056 κάκεῖ
2945 2997 3097 3055 αὐτὸν
3141 3001 3168 3055 6
3207 2997 3436 3076 Χριστὸς
3483 2997 3836 3076 ἐθεράπευσε,

522 3091 614 3148 καὶ
664 3089 744 3148 ὅτι
798 3092 825 3146 6
874 3086 1136 3165 Σιλωὰμ,
1190 3085 1352 3154 τύπος
1396 3091 1488 3144 105
1529 3089 1782 3166 Χριστοῦ.
1832 3087 2053 3168 Ἵὶσπερ
2099 3088 2200 3168 γὰρ
2253 3087 2585 3165 πνευματικὴ
2636 3085 2806 3166 πέτρα
2861 3090 2888 3145 6
2947 3090 3210 3167 Χριστὸς,
3279 3087 3414 3145 οὕτω
3465 3087 3554 3146 καὶ
3607 3087 3843 3166 Σιλωὰμ

519 3177 878 3254 πνευματικός
924 3179 1054 3236 ἐστι·
1109 3174 1201 3235 καὶ
1249 3175 1431 3256 ὥσπερ
1476 3180 1504 3236 6
1553 3175 1839 3256 χείμαρρος
1889 3167 2035 3242 οἶτος
2083 3167 2183 3237 105
2233 3177 2494 3254 Σιλωὰμ,
2546 3177 2730 3257 ἀθρόον
2772 3175 2864 3235 καὶ
2916 3177 3404 3256 ἐκπληκτικώτερον
3450 3176 3688 3257 ἐφαίνετο
3736 3200 3840 3256 φο-

521 3268 662 3346 ϐερῷ
701 3291 802 3325 τινι
847 3265 1091 3347 ῥεύματι·
1131 3263 1269 3324 οὕτω
1307 3264 1398 3323 καὶ
1430 3268 1464 3336 ἡ
1502 3271 1596 3323 105
1648 3265 1847 3345 Κυρίου
1893 3265 2157 3344 παρουσία
2181 3312 2196 3341 ,
2232 3267 2427 3348 κρυφία
2461 3265 2551 3324 καὶ
2585 3266 2824 3346 ἀγγέλοις
2881 3266 3178 3345 ἄγνωστος,
3220 3275 3399 3324 πᾶσαν
3439 3265 3534 3336 τὴν
3565 3267 3840 3346 ἁμαρτίαν

519 3361 584 3435 τῇ
623 3356 842 3433 δυνάμει
873 3354 1299 3422 κατακλύζουσα.

586 3457 770 3510 Vens.
803 3459 951 3510 8-11.
985 3475 1010 3500 ι
1051 3455 1246 3523 Itaque
1275 3451 1456 3518 vicini,
1487 3459 1541 3507 et
1574 3451 1663 3522 qui
1691 3451 1947 3508 viderant
1985 3469 2113 3509 eum
2156 3453 2200 3516 C

517 3543 666 3615 prius
706 3543 856 3615 quod
901 3557 1081 3597 caecus
1118 3550 1283 3608 esset,
1323 3540 1580 3596 dicebant
1624 3559 1636 3595 :
1671 3544 1865 3597 Nonne
1905 3542 1990 3598 hic
2039 3553 2121 3599 cst

515 3633 610 3704 qui
657 3631 879 3687 sedebat
929 3639 984 3686 et
1011 3630 1106 3702 qui
1138 3629 1522 3686 mendicabat?
1549 3630 1661 3684 Alii
1693 3630 1986 3686 dicebant:
2016 3633 2117 3688 Hic

511 3731 612 3778 est.
650 3721 750 3778 Alii
791 3737 982 3776 rursus
1034 3741 1045 3776 :
1080 3720 1295 3775 Similis
1327 3728 1408 3775 est
1463 3721 1534 3775 ei.
1570 3721 1668 3776 Ille
1697 3719 1954 3777 dicebat:
2002 3725 2117 3793 Ego

510 3826 655 3867 sum.
711 3810 983 3866 Dicebant
1007 3825 1138 3881 ergo
1189 3810 1235 3864 ei
1269 3827 1282 3864 :
1318 3810 1613 3880 Quomodo
1657 3811 1832 3882 aperti
1864 3819 1992 3866 sunt
2022 3812 2118 3866 tibi

511 3901 691 3957 oculi?
715 3899 1017 3970 Respondit
1058 3899 1166 3966 ille,
1197 3907 1250 3954 et
1296 3898 1432 3954 dixit
1467 3919 1478 3954 ε
1543 3900 1642 3954 llle
1672 3900 1842 3955 homo
1873 3901 1962 3971 qui
1989 3901 2121 3956 dici-

511 3998 604 4046 tur
655 3991 834 4056 Jesus,
876 3989 1053 4044 lutum
1092 3986 1242 4054 fecit,
1308 3997 1364 4042 et
1393 3988 1610 4043 inunxit
1638 3989 1829 4044 oculos
1857 4005 2038 4056 meos,
2070 3997 2124 4044 et

510 4077 650 4134 dixit
689 4077 822 4132 mihi
853 4096 865 4130 :
899 4076 1050 4131 Vade
1080 4075 1150 4130 ad
1195 4075 1464 4145 piscinam
1508 4077 1693 4145 Siloa},
1751 4084 1807 4131 et
1850 4077 1993 4132 lava.
2041 4081 2124 4134 Ut

510 4175 697 4221 autem
741 4165 846 4220 abii
873 4173 927 4219 et
951 4164 1077 4231 lavi,
1121 4165 1298 4219 visum
1341 4164 1537 4235 recepi.
1578 4188 1602 4211 π
1660 4164 1897 4220 Perculsi
1939 4165 2124 4222 admi-

511 4255 673 4310 rabili
715 4253 979 4309 miraculo
1010 4253 1190 4319 vicini,
1229 4253 1491 4308 increduli
1523 4258 1725 4309 erant:
1761 4262 1817 4309 et
1865 4257 2121 4326 quamvis

510 4343 682 4400 abitio
716 4343 781 4399 ad
829 4345 1037 4398 Siloam
1084 4342 1259 4398 oculis
1302 4342 1421 4413 ejus
1461 4342 1577 4398 luto
1607 4343 1868 4398 inunctis
1894 4343 1963 4400 ad
2018 4345 2124 4401 hoc

513 4441 653 4498 erat,
687 4440 746 4487 ut
789 4433 944 4488 multi
973 4448 1102 4488 eum
1149 4430 1419 4500 viderent,
1463 4441 1517 4487 et
1557 4448 1670 4487 non
1719 4441 1911 4503 postea
1954 4450 2124 4506 nega-

511 4531 653 4591 rent,
704 4522 864 4593 qnasi
918 4522 1241 4589 nescientes,
1312 4529 1564 4576 attamen
1622 4521 1806 4577 adhuc
1852 4523 2124 4586 increduli

511 4619 660 4667 sunt.
690 4613 816 4666 Non
845 4620 1050 4665 temere
1081 4619 1264 4665 autem
1301 4609 1409 4665 hoc
1454 4610 1734 4666 adnotavit
1762 4613 2114 4684 evangelista,

513 4699 662 4770 quod
705 4699 992 4755 mendicus
1020 4698 1208 4765 fuerit,
1251 4697 1350 4754 sed
1391 4708 1454 4754 ut
1499 4699 1755 4755 ostendat
1781 4701 2112 4758 ineffabilem

2313 3473 2336 3499 α
2374 3449 2444 3506 Οἳ
2494 3437 2584 3504 οὐν
2616 3445 2842 3526 γείτονες
2885 3446 2932 3503 οἳ
2983 3451 3296 3526 θεωροῦντες
3329 3443 3488 3504 αὐτὸν
3530 3443 3589 3503 τὸ
3638 3445 3839 3524 πρότεο

2231 3558 2337 3614 ρον,
2369 3535 2448 3593 ὅτι
2478 3535 2668 3615 τυφλὸς
2693 3527 2777 3607 ἦν,
2817 3533 3012 3612 ἔλεγον·
3044 3539 3166 3614 Οὐχ
3186 3525 3333 3600 οἷτός
3370 3535 3567 3615 ἐστινὸ
3599 3535 3840 3611 καθήμε-

2225 3648 2345 3700 νος,
2392 3626 2483 3684 καὶ
2518 3614 2858 3704 προσαιτῶη
2902 3622 3082 3683 Ἄλλοι
3129 3627 3308 3702 ἔλεγον
3343 3622 3423 3680 ὅτι
3458 3614 3631 3688 Οὗτός
3667 3625 3837 3682 ἐστιν·

2224 3711 2375 3772 ἄλλοι
2408 3713 2463 3771 δὲ
2487 3759 2500 3785 ,
2537 3712 2621 3771 ὅτι
2649 3711 2880 3790 ”()μοιος
2910 3715 3052 3790 αὐτῷ
3075 3715 3236 3773 ἐστιν.
3280 3711 3520 3778 Ἐκεῖνος
3546 3711 3598 3770 δὲ
3630 3711 3836 3790 ἔλεγεν,

2225 3799 2304 3859 ὅτι
2336 3801 2484 3879 Ἐγώ
2536 3805 2668 3879 εἰμι.
2705 3801 2928 3880 Ἔλεγον
2975 3775 3062 3862 05v
3095 3803 3260 3883 αὐτῷ·
3313 3805 3438 3868 Πῶς
3486 3799 3839 3880 ἀνεῴχθησαν

2227 3915 2319 3949 σου
2383 3895 2428 3949 οἱ
2481 3890 2776 3972 ὀφθαλμοί,
2852 3891 3134 3971 Ἀπεκρίθη
3205 3894 3440 3969 ἐκεῖνος,
3520 3890 3612 3948 καὶ
3666 3883 3836 3948 εἶπενο

2229 3977 2533 4058 Ἀνθρωπος
2599 3981 2880 4058 λεγόμενος
2909 3981 3153 4053 Ἰησοῦς,
3203 3981 3374 4052 πηλὸν
3432 3979 3680 4052 ἐποίησε,
3741 3981 3837 4040 καὶ

2230 4068 2480 4148 ἐπέχρισέ
2510 4093 2608 4145 μου
2640 4070 2760 4137 τούς
2788 4069 3120 4150 ὀφθαλμοὺς,
3168 4069 3259 4129 καὶ
3293 4060 3406 4128 εἶπέ
3440 4087 3551 4146 μοι·
3613 4067 3835 4147 εὝπαγε

2231 4159 2302 4224 εἷς
2329 4159 2424 4228 τὴν
2468 4159 2848 4237 κολυμϐήθραν
2878 4168 2968 4219 τοῦ
3000 4159 3260 4234 Σιλωὰμ,
3300 4159 3394 4218 καὶ
3422 4159 3594 4240 νίψαι.
3638 4157 3833 4218 Ἀπελ-

2230 4247 2332 4305 θὼν
2368 4247 2420 4306 δὲ
2461 4247 2552 4306 καὶ
2591 4249 2940 4329 νιψάμενοος,
2983 4248 3274 4329 ἀνέϐλεψα.
3307 4275 3330 4300 u
3366 4248 3500 4307 Ἐπὶ
3530 4251 3607 4329 τῷ
3640 4271 3832 4328 παρα-

2227 4336 2362 4416 δόξῳ
2404 4345 2495 4398 105
2532 4336 2802 4414 θαύματος
2851 4338 3272 4416 ἐκπληττόμενοι
3320 4339 3368 4397 οἱ
3414 4336 3669 4416 γείτονες,
3697 4339 3835 4396 ’δια-

2229 4435 2534 4494 πιστοῦντες
2584 4419 2745 4498 ἦσαν·
2783 4427 2959 4486 καίτοι
3003 4431 3036 4498 ἡ
3090 4428 3178 4486 ἐπὶ
3230 4426 3317 4486 τὸν
3375 4425 3606 4502 Σιλωὰμ
3659 4426 3833 4507 ἄφιξις

2231 4518 2387 4575 αὐτοῦ
2421 4515 2850 4597 κεχρισμένου[ς]
2880 4516 2997 4583 τοὺς
3028 4515 3331 4597 ὀφθαλμοὺς
3361 4518 3520 4597 πηλῷ
3548 4515 3637 4574 ἐπὶ
3661 4517 3832 4596 τούτῳ

2230 4606 2469 4683 ἐγένετο,
2515 4605 2604 4664 ἵνα
2646 4606 2832 4664 πολλοὶ
2882 4606 3042 4666 αὐτὸν
3088 4606 3278 4678 ἴδωσι,
3337 4606 3428 4664 καὶ
3476 4603 3551 4681 μὴ
3601 4603 3825 4685 ὕστερον

2229 4695 2524 4772 ἀρνῶνται,
2575 4697 2644 4760 ὡς
2682 4699 2989 4774 ἀγνοοῦντες
3037 4697 3214 4766 δῆθεν·
3262 4695 3381 4754 ἀλλ’
3429 4694 3573 4771 ὅμως
3614 4692 3705 4752 καὶ
3749 4693 3832 4754 ἔτι

511 4788 740 4843 Domini
788 4787 1246 4854 misericordiam,
1294 4804 1418 4859 qua:
1459 4805 1517 4844 se
1549 4788 1619 4844 ad
1664 4789 1881 4846 infimos
1938 4807 2111 4863 usque

2230 4785 2558 4845 ἀπιστοῦσιν.
2596 4785 2720 4862 Οὐχ
2759 4784 2943 4851 ἅπλῶς
2986 4784 3039 4842 δὲ
3084 4783 3555 4860 ἐπισημαίνεταιὸ
3600 4785 3830 4862 εὐαγγε-

511 4875 787 4943 demittat,
834 4877 903 4931 ita
959 4885 1021 4931 ut
1090 4886 1145 4932 et
1192 4877 1512 4932 mendicum
1562 4893 1776 4935 summa
1827 4879 2112 4953 diligentia

511 4975 746 5035 curaret,
779 4973 833 5020 et
860 4973 923 5020 ut
973 4965 1099 5020 inde
1137 4967 1302 5020 etiam
1337 4966 1439 5038 ipsi
1469 4966 1803 5024 disceremus
1848 4985 1916 5025 ne
1980 4987 2112 5027 con-

509 5065 825 5112 temnamus
863 5055 1138 5110 minimos.
1177 5056 1453 5111 Caeterum
1504 5065 1685 5111 autem
1735 5074 1914 5130 neque
1959 5061 2109 5131 prio-

509 5162 628 5202 rem
669 5147 992 5201 erubescens
1015 5145 1341 5211 caecitatem,
1377 5161 1554 5216 neque
1584 5147 1847 5217 populum
1882 5149 2108 5218 timens,

510 5236 828 5300 conﬁtetur,
857 5258 879 5281 «
909 5237 1023 5306 Ego
1053 5249 1196 5297 sum,
1245 5255 1270 5282 »
1318 5234 1618 5305 praadicans
1661 5236 2104 5295 benefactorem:

514 5331 572 5380 et
598 5323 749 5391 dicit,
783 5343 810 5374 «
841 5326 1028 5379 Homo
1048 5322 1270 5394 quidam
1311 5323 1402 5394 qui
1432 5322 1632 5380 dicitur
1651 5328 1828 5382 Jesus.
1859 5350 1883 5375 υ
1912 5329 2108 5384 Homi-

511 5427 640 5466 nem
669 5413 968 5467 Dominum
1007 5421 1182 5479 vocat,
1231 5427 1295 5467 eo
1327 5412 1471 5482 quod
1500 5413 1566 5468 de
1609 5413 1700 5469 illo
1753 5416 1884 5471 nihil
1929 5417 2107 5474 adhuc

511 5501 702 5571 magni
727 5509 1088 5571 cognoverat;
1113 5500 1318 5558 fatetur
1345 5511 1528 5558 autem
1559 5512 1824 5574 quantum
1856 5513 1988 5561 tunc
2015 5524 2106 5562 co-

508 5589 714 5659 gnovit.
739 5589 899 5645 Unde
922 5599 1103 5645 autem
1129 5592 1390 5662 cognovit
1412 5593 1567 5646 illum
1585 5594 1731 5665 quod
1752 5596 1911 5650 Jesus
1928 5600 2105 5651 esset?

510 5693 575 5733 ex
634 5678 906 5750 colloquio
960 5679 1027 5734 ad
1080 5679 1400 5751 discipulos.
1458 5684 1599 5736 Nam
1669 5683 1793 5754 quia
1847 5684 2100 5757 discipuli

507 5766 735 5838 quidam
765 5783 890 5823 eum
922 5767 1386 5840 interrogaverant
1419 5769 1488 5826 de
1523 5770 1638 5840 illo,
1681 5780 1738 5828 et
1765 5773 1878 5844 ipse
1925 5776 2100 5831 multa

2222 4872 2406 4942 λιστῆς
2429 4919 2443 4948 ,
2493 4873 2572 4932 ὅτι
2607 4874 2898 4952 προσαίτης
2928 4865 2990 4944 ἦν
3012 4918 3026 4945 ,
3075 4876 3191 4932 ἀλλ’
3219 4871 3308 4931 ἵνα
3345 4871 3486 4953 δείξῃ
3521 4871 3582 4931 τὸ
3617 4873 3825 4954 ἄφατον

2221 4966 2315 5033 τῆς
2364 4964 2760 5043 φιλανθρωπίας
2793 4969 2885 5022 105
2937 4963 3161 5042 Κυρίου,
3215 4962 3355 5030 ὅπως
3396 4961 3490 5022 καὶ
3536 4961 3663 5042 ἄχρι
3717 4965 3826 5020 τῶν

2221 5054 2446 5110 εὐτελῶν
2480 5052 2916 5130 συγκατέϐαινεν,
2948 5056 3018 5120 ὡς
3049 5053 3140 5111 καὶ
3170 5051 3468 5133 προσαίτας
3507 5049 3823 5131 θεραπεύειν

2223 5142 2360 5212 μετὰ
2403 5143 2603 5213 πολλῆς
2635 5145 2730 5213 τῆς
2774 5142 3127 5220 κηδεμονίας,
3181 5143 3272 5200 καὶ
3303 5139 3391 5200 ἵνα
3424 5143 3483 5199 ἐκ
3513 5140 3701 5199 τούτου
3731 5141 3827 5201 καὶ

2221 5231 2369 5288 αὐτοὶ
2411 5230 2702 5310 μαθόντες,
2753 5237 2828 5308 μὴ
2877 5236 3293 5314 καταφρονῶμεν
3343 5234 3447 5288 τῶν
3494 5229 3820 5311 ἐλαχίστων.

2219 5319 2286 5380 Ὁ
2317 5319 2370 5378 δὲ
2422 5319 2623 5402 τυφλὸς
2672 5322 2807 5397 μήτε
2855 5321 2950 5394 τὴν
2996 5322 3256 5401 προτέραν
3307 5322 3690 5402 αἰσχυνόμενος
3718 5320 3825 5391 τινά-

2218 5434 2412 5489 ρωσιν,
2462 5409 2598 5486 μήτε
2637 5410 2726 5469 τὸν
2762 5413 2926 5488 δῆμον
2971 5411 3326 5490 φοϐούμενος,
3378 5412 3659 5488 ὁμολογεῖ,
3704 5406 3822 5482 ὅτι,

2215 5526 2237 5552 α
2289 5498 2433 5576 Ἐγώ
2477 5502 2621 5573 εἰμι,
2668 5526 2692 5551 υ
2737 5501 3114 5579 ἀνακηρύττων
3187 5500 3275 5559 τὸν
3347 5499 3661 5580 εὐεργέτην,
3727 5497 3824 5557 καί

2212 5607 2393 5669 φησιν’
2436 5611 2463 5645 α
2520 5589 2830 5669 Ἄνθρωπός
2884 5614 2960 5656 τις
2994 5591 3205 5662 Ἰησοῦς
3253 5589 3557 5667 λεγόμενος.
3605 5616 3628 5641 ι
3688 5584 3821 5646 Ἄν-

2213 5683 2420 5756 θρωπον
2459 5679 2547 5738 τὸν
2584 5679 2779 5759 Κύριον
2826 5682 3013 5752 καλεῖ,
3049 5680 3231 5750 ἐπειδὴ
3271 5680 3418 5739 οὐδὲν
3449 5678 3658 5738 οὐδέπω
3690 5678 3812 5756 περὶ

2213 5770 2374 5826 αὐτοῦ
2423 5770 2723 5847 ἐγίνωσκεν
2769 5767 2796 5828 ὃ
2855 5770 2910 5828 δὲ
2966 5769 3094 5836 τέως
3152 5769 3437 5849 ἐγίνωσκε,
3489 5773 3645 5828 τοῦτο
3697 5769 3820 5842 ὁμο-
