4198 6448
490 476 552 556 Si
1517 493 2034 550 THEOPHYLACTI
2072 492 2430 550 BULGARUE
2467 489 2784 548 ARCHIEP.
3740 478 3808 531 52

490 624 692 694 oritur,
738 632 795 681 et
836 622 1001 680 multi
1048 637 1117 680 ex
1166 619 1458 679 Pharisaeis
1505 618 1664 677 divisi
1690 619 1761 677 ab
1802 619 1927 677 aliis
1951 627 2098 689 sunt,

2219 621 2260 679 ἰν
2293 621 2469 688 αὗτοῖς
2501 618 2654 698 (29).
2703 641 2729 671 an
2764 616 2940 676 Τοῦτο
2969 610 3031 671 τὸ
3077 607 3285 691 σχίσμα
3324 590 3576 698 πρότερον
3621 600 3717 680 μὶν
3749 604 3805 698 ἐν

493 722 551 774 et
594 713 1018 787 patrocinantur
1071 711 1361 769 miraculo.
1411 713 1807 767 Verumtamen
1849 709 2106 783 quamvis

495 803 656 862 divisi
686 802 909 871 fuerint,
939 801 1304 875 negligentius
1348 808 1539 857 tamen
1566 800 1779 857 instant
1818 816 1917 873 pro
1946 799 2104 856 Chri-

498 901 608 959 sto,
659 900 717 949 et
756 891 1070 949 dubitanter
1129 900 1187 948 et
1235 890 1438 962 duplici
1473 890 1664 947 animo
1715 889 1894 962 magis
1935 905 2106 962 quam

495 981 752 1039 ﬁrmiter.
779 981 927 1039 Audi
958 982 1106 1038 enim
1129 980 1260 1054 quid
1280 979 1466 1037 dicant
1495 1000 1508 1037 :
1542 1002 1568 1029 α
1600 978 1897 1050 Quomodo
1925 986 2107 1052 potest

500 1071 674 1129 homo
720 1080 976 1143 peccator
1016 1072 1147 1128 talia
1188 1070 1404 1127 facere?
1451 1093 1477 1118 ω
1509 1069 1678 1127 Vides
1718 1086 1886 1143 quam
1914 1069 2107 1127 le'viter

501 1166 765 1235 urgeant?
793 1160 930 1218 Vide
957 1169 1142 1217 autem
1186 1168 1240 1216 et
1268 1159 1539 1216 malitiam
1568 1175 1764 1216 eorum
1794 1159 1889 1232 qui
1919 1159 2107 1215 crimi-

500 1259 723 1309 nantur.
775 1254 898 1307 Non
949 1249 1104 1307 enim
1150 1250 1342 1307 dicunt
1392 1250 1544 1307 :Hic
1584 1265 1699 1305 non
1733 1257 1817 1305 est
1844 1265 1910 1305 ex
1960 1252 2103 1318 Deo,

501 1341 631 1414 quia
660 1340 716 1396 in
761 1339 1004 1397 Sabbato
1048 1346 1229 1408 sanat;
1262 1338 1379 1409 sed,
1428 1362 1454 1389 α
1501 1339 1639 1410 Quia
1667 1338 1964 1395 Sabbatum
1993 1354 2106 1394 non

501 1439 684 1488 servat
715 1449 728 1486 :
770 1449 798 1484 »
829 1445 1050 1486 sursum
1091 1430 1458 1501 deorsumque
1480 1445 1590 1485 non
1623 1427 1977 1498 beneﬁcium,
2008 1427 2107 1485 sed

503 1519 611 1576 diei
654 1519 1011 1575 violationem
1062 1519 1501 1591 pronuntiantes.
1552 1520 1776 1574 Annota
1821 1526 2009 1575 autem
2051 1525 2107 1574 et

503 1608 631 1677 hoc,
655 1608 823 1681 637
846 1607 1128 1681 quomodo
1154 1607 1426 1680 principes
1449 1608 1729 1679 segniores
1752 1623 1922 1680 quam
1942 1607 2105 1664 turba

504 1697 613 1755 sint
652 1698 713 1753 in
751 1697 918 1754 bono.
957 1699 1101 1753 Nam
1152 1696 1312 1753 turba
1342 1695 1566 1769 quidem
1598 1696 1751 1769 prius
1789 1696 1958 1753 divisa
1987 1704 2106 1753 erat

505 1786 811 1856 sententiis,
857 1795 911 1843 et
947 1802 1064 1843 non
1093 1802 1285 1842 omnes
1331 1785 1466 1843 dura
1496 1785 1866 1859 loquebantur
1906 1793 2102 1843 contra

504 1875 784 1933 Christum
816 1893 831 1931 :
868 1876 1146 1948 Principes
1189 1883 1378 1932 autem
1407 1876 1675 1948 posterius
1701 1876 1758 1931 in
1795 1875 1937 1932 hanc
1980 1875 2097 1931 lau-

503 1963 743 2021 dabilem
784 1964 1178 2022 dissensionem
1224 1973 1518 2021 venerunt.
1593 1964 1880 2037 Contingit
1955 1964 2103 2020 enim

505 2054 670 2110 etiam
738 2052 878 2110 bene
925 2053 1239 2121 dissentire,
1285 2052 1430 2110 sicut
1477 2060 1533 2108 et
1598 2053 1881 2110 Dominus
1926 2052 2104 2110 dicit:

509 2162 537 2192 α
589 2141 852 2199 Gladium
914 2142 1036 2199 veni
1089 2143 1309 2199 mittere
1356 2156 1522 2214 super
1566 2149 1777 2199 terram
1804 2142 1871 2210 ω,
1920 2165 1946 2192 ››
1996 2158 2107 2215 quo

507 2231 799 2289 sententia:
862 2231 1089 2289 omnino
1136 2231 1208 2289 ob
1273 2230 1486 2289 bonum
1532 2239 1590 2289 et
1638 2231 1902 2306 pietatem
1968 2232 2108 2289 divi-

507 2318 735 2377 duntur.

497 2646 503 2653 .
579 2600 758 2657 Vnus.
795 2604 984 2656 17-19.
1038 2621 1065 2650 α
1110 2598 1319 2656 Dicunt
1359 2614 1506 2658 caeco
1552 2599 1755 2657 iterum
1795 2618 1808 2655 :
1841 2602 1949 2671 Tu,
1979 2599 2109 2674 quid

509 2687 646 2746 dicis
660 2688 729 2746 de
746 2688 843 2745 illo
865 2688 994 2761 quia
1032 2690 1245 2761 aperuit
1267 2689 1366 2746 tibi
1389 2690 1577 2747 oculos
1597 2692 1763 2746 tuos?
1791 2690 1887 2746 Ille
1922 2698 2109 2747 autem

511 2776 654 2834 dixit
688 2796 701 2832 :
742 2777 1021 2849 Propheta
1062 2786 1165 2835 est.
1204 2781 1329 2835 Non
1370 2778 1717 2836 crediderunt
1765 2793 1894 2852 ergo
1931 2779 2109 2836 Judaei

512 2866 583 2923 de
627 2865 722 2923 illo
767 2866 918 2939 quod
979 2881 1159 2925 caecus
1216 2866 1426 2937 fuisset,
1480 2876 1536 2924 et
1578 2868 1759 2924 visum
1798 2869 2110 2940 recepisset,

513 2953 694 3012 donec
734 2964 1068 3012 vocaverunt
1110 2965 1361 3029 parentes
1384 2956 1505 3030 ejus
1541 2957 1637 3030 qui
1674 2957 1851 3013 visum
1890 2973 2115 3029 recepe-

512 3052 622 3113 rat,
646 3052 701 3101 et
723 3046 1203 3118 interrogaverunt
1235 3063 1352 3117 eos,
1389 3046 1641 3104 dicentes
1674 3047 1821 3104 :Hic
1858 3056 1942 3103 est
1972 3048 2114 3105 ﬁlius

511 3142 714 3205 vester,
744 3151 915 3208 quem
937 3151 1035 3193 vos
1061 3135 1326 3193 dicebatis
1345 3152 1552 3194 caecum
1569 3145 1759 3193 natum
1789 3141 1943 3194 esse?
1970 3153 2114 3209 quo-

2132 1930 2180 1992 B

2212 716 2288 791 τῷ
2317 710 2463 792 ὄχλῳ
2491 690 2641 792 ἐφύη*
2672 711 2722 768 οἱ
2762 704 2857 783 μὲν
2899 701 3003 783 γὰρ
3041 697 3378 792 ἔλεγον,ιὸτι
3411 719 3442 753 α
3477 696 3673 792 ΠλανΙᾷ
3720 690 3810 752 τὸν

2213 782 2391 881 ὄχλονἰ
2423 782 2471 859 οἱ
2519 782 2573 860 ἑὲ
2595 847 2610 872 ,
2639 799 2718 859 ὅτι
2761 782 2864 856 Οὔ.
2896 782 2921 847 ἦ
2962 795 3075 855 Νῦν
3112 791 3167 849 δὲ
3198 787 3290 849 xui
3319 782 3774 881 ἄρχουσι-φύεται
3789 826 3809 860 ,

2212 874 2305 951 καὶ
2352 889 2462 950 ἰδοὺ
2493 888 2680 949 πολλοὶ
2731 890 2837 946 τῶν
2885 881 3207 964 Φαρισαίων
3263 876 3676 964 ἀποσχισθέντες
3702 874 3811 932 τῶν

2214 980 2426 1055 ἄλλων,
2460 982 2812 1058 συνηγοροῦσι
2856 976 2934 1055 τῷ
2983 962 3241 1049 θαύματι.
3297 967 3452 1037 Πλὴν
3485 969 3530 1025 εἰ
3577 962 3670 1058 xui
3711 963 3815 1058 ἄπ-

2212 1052 2567 1151 εσχίσθησαν,
2609 1052 2751 1127 οἷλλὰ
2788 1052 3169 1143 μαλακώτερον
3214 1058 3486 1118 ἐνίσταντο
3538 1052 3673 1134 ὑπὲρ
3718 1056 3810 1151 ἰόἰύ⁹

2215 1141 2483 1241 Χριστοῦ,
2541 1141 2631 1219 xui
2681 1141 2991 1237 ἀμφιϐόλως
3051 1147 3399 1230 μᾶλλονκαὶ
3444 1141 3808 1241 Ῐδιψύχωςκῆ

2216 1231 2475 1331 βεϐαίως.-
2533 1231 2729 1309 Ἄκουε
2774 1231 2878 1325 γὰρ
2930 1241 2979 1301 τί
3039 1258 3219 1331 φασι(
3255 1240 3402 1331 ΠίῖὺςΔ
3440 1236 3661 1331 δύναται
3723 1231 3812 1291 ἄν·

2212 1323 2414 1420 θρωπος
2461 1323 2797 1418 ἁμαρτωλὸς
2823 1323 3044 1393 τοιαῦτα
3092 1329 3293 1420 ποιεῖν;
3326 1325 3553 1420 ιιι-Ὁρᾷς
3602 1323 3662 1383 τὸ
3702 1347 3812 1420 μα-

2213 1412 2374 1489 λακὸν
2429 1412 2523 1500 τῆς
2575 1412 2898 1497 ἐνστάσεως
2979 1421 3129 1503 Ὅρα
3178 1417 3271 1479 xui
3324 1418 3420 1491 τὴν
3482 1412 3813 1503 καίουργίαν

2212 1523 2316 1579 τῶν
2364 1519 2779 1579 διαϐαλλόντων.
2830 1516 2912 1574 Οὐ
2950 1512 3054 1591 γὰρ
3086 1510 3329 1591 λέγουσιν
3351 1553 3367 1581 ,
3399 1506 3480 1567 ὅτι
3518 1497 3692 1572 Οὗτος
3716 1505 3815 1563 οὐκ

2213 1609 2353 1670 ἔστιν
2380 1611 2437 1668 ἐκ
2466 1610 2608 1669 Θεοῦ
2626 1653 2643 1684 ,
2675 1606 2756 1665 ὅτι
2787 1607 2839 1664 ἐν
2870 1601 3147 1682 Σαϐϐάτῳ
3176 1595 3485 1679 θεραπεύει,
3514 1594 3707 1672 am}
3731 1591 3813 1684 ὅτι

2214 1700 2274 1759 τὸ
2324 1697 2611 1759 Σάϐϐατον
2661 1697 2720 1754 οὗ
2776 1702 2961 1775 τηρεῖ,
3015 1719 3041 1745 ιι
3095 1690 3203 1749 ἄνω
3254 1688 3345 1748 xui
3400 1686 3548 1746 κάτω
3597 1686 3657 1743 οὗ
3712 1682 3810 1756 τὴν

2214 1787 2546 1869 εὐεργεσίαν,
2601 1782 2740 1845 ἀλλὰ
2794 1784 2889 1857 τὴν
2936 1780 3237 1859 παράλυσιν
3295 1782 3389 1849 τ’ἧς
3419 1776 3625 1869 ἡμέρας
3672 1796 3812 1854 προ-

2212 1864 2481 1960 φέροντες.
2522 1874 2839 1953 Σημείωσαι
2872 1872 2927 1933 δὲ
2956 1870 3049 1932 xui
3078 1875 3266 1942 τοῦτο,
3303 1867 3443 1934 ὅπως
3469 1870 3517 1926 οἱ
3547 1864 3812 1960 Δἄρχοντες

2217 1949 2526 2048 νιοίθρότεροι
2574 1949 2666 2024 τοῦ
2701 1964 2862 2044 ὄχλου
2905 1960 3006 2021 εἰσὶ
3051 1962 3173 2039 περὶ
3197 1957 3257 2016 τὸ
3300 1956 3499 2048 καλόν.-
3547 1951 3684 2015 Ἰδοὺ
3712 1949 3817 2048 γὰρ

2217 2060 2245 2116 6
2276 2041 2372 2135 μέν
2402 2041 2559 2137 ὄχλος
2600 2041 2853 2136 πρότερον
2898 2050 3222 2130 ἐσχίσθησαν
3256 2050 3374 2114 ταῖς
3401 2044 3674 2125 γνώμαις,
3723 2041 3817 2137 xui

2216 2149 2336 2228 οὐχὶ
2390 2129 2582 2213 πάντες
2639 2129 2959 2225 ὧμοςρώνουν
3008 2138 3148 2199 κατὰ
3195 2144 3286 2198 τοῦ
3342 2140 3599 2217 Χριστοῦ
3661 2136 3710 2193 οἱ
3734 2129 3819 2228 ’δὲ

2218 2220 2468 2318 ἄρχοντες
2497 2220 2715 2315 ὕστερον
2760 2220 2914 2292 τοῦτο
2951 2229 3014 2290 τὸ
3053 2226 3326 2288 ἐπαινετὸν
3367 2226 3577 2307 σχίσμα
3602 2220 3817 2283 πεπόν-

2218 2310 2390 2388 θασιν.
2439 2323 2601 2386 ³Ἐστι
2630 2310 2751 2403 ’γὰρ
2802 2320 2893 2381 xui
2934 2323 3112 2403 καλῶς
3143 2322 3451 2398 σχισθῆναιο
3485 2313 3623 2374 καθὰ
3670 2310 3761 2372 xui
3790 2315 3821 2371 6

2221 2415 2414 2496 Κύριός
2444 2433 2594 2497 φησιο
2628 2400 2670 2473 «τ
2694 2400 2986 2493 Μάχαιραν
3010 2400 3170 2483 ἦλθον
3207 2409 3391 2487 βαλεῖν
3416 2405 3503 2464 ἐπὶ
3526 2403 3622 2477 τὴν
3644 2405 3768 2497 γῆν,
3792 2428 3818 2455 ι

2217 2491 2427 2580 τήν-ἐπὶ
2456 2491 2610 2586 iam
2651 2491 2863 2569 πάντως
2907 2500 3001 2561 xui
3043 2497 3284 2578 εὐσεϐείᾳ
3328 2491 3815 2578 διχογνωμοσύνην.

2297 2625 2324 2653 ι
2380 2581 2612 2671 Λέγουσι
2665 2597 2743 2673 τῷ
2784 2594 2967 2673 τυφλῷ
3007 2589 3187 2649 πάλιν·
3237 2587 3317 2648 Σὺ
3368 2586 3420 2647 τί
3469 2581 3821 2673 λέγειςηπερὶ

2219 2687 2416 2761 αὐτοῦ,
2465 2664 2546 2745 ϐτι
2577 2664 2749 2757 ἤνοιέέ
2799 2664 2894 2742 σου
2925 2664 3046 2749 τοὺς
3087 2676 3389 2760 ὀφθαλμούς
3402 2697 3432 2761 ξ.
3454 2674 3523 2737 Ὁ
3554 2674 3608 2733 δὲ
3638 2664 3817 2747 εἶπεν,

2221 2776 2303 2836 ὅτι
2334 2758 2627 2857 Προφήτης
2659 2770 2825 2834 ἐστίν.
2865 2773 2985 2857 06x
3016 2758 3337 2857 ἐπίστευσαν
3373 2758 3462 2828 οὖν
3488 2767 3536 2825 οἳ
3568 2764 3822 2857 Ἰουδαῖοι

2218 2864 2340 2946 περὶ
2385 2852 2574 2938 αὐτοῦ,
2604 2862 2683 2921 ὅτι
2712 2860 2905 2943 τυφλὸς
2947 2852 3011 2933 ἧν
3034 2906 3051 2931 ,
3088 2859 3181 2918 xui
3216 2855 3537 2938 ἀνέϐλεψεν,
3567 2852 3666 2923 ἕως
3699 2852 3822 2946 ὅτου

2222 2941 2499 3035 ἔφῶνησαν
2545 2951 2667 3020 τοὺς
2694 2941 2861 3029 γονεῖς
2897 2951 3059 3010 αὐτοῦ
3103 2953 3197 3008 τοῦ
3246 2946 3687 3035 έναϐλέψαντος,
3729 2941 3825 3035 xui

2220 3029 2508 3124 ἠρώτησαν
2567 3040 2783 3115 αὐτοὺς,
2848 3039 3109 3121 λέγοντες·
3193 3029 3368 3104 Οὗτός
3434 3038 3576 3124 ἐστιν
3631 3037 3660 3093 6
3715 3030 3825 3099 υἱὸς

2222 3123 2399 3208 ὑμῶν,
2444 3130 2500 3192 ὃν
2540 3134 2691 3210 ὑμεῖς
2729 3129 2977 3210 ἐλέγετε,
3008 3126 3103 3210 ὅτι
3135 3126 3328 3209 τυφλὸς
3378 3123 3663 3205 ἐγεννήθης
3707 3124 3826 3210 πῶς

512 3223 683 3281 modo
710 3240 841 3297 ergo
876 3240 1025 3281 nunc
1050 3225 1217 3283 videt.
1252 3248 1281 3275 ν
1323 3227 1431 3298 Qui
1465 3224 1691 3284 fuerunt
1716 3226 2110 3300 interrogantes

2223 3214 2313 3283 οῦν
2373 3222 2494 3303 ἄρτι
2545 3221 2762 3311 βλέπεις
2798 3209 2839 3278 »ί
2878 3219 3031 3286 Τίνες
3073 3209 3225 3311 ’ἦσαν
3270 3218 3325 3311 οἱ
3375 3218 3675 3311 ἐρωτῶντες
3729 3209 3821 3311 τθν

514 3327 746 3383 caecum,
795 3336 822 3365 ιι
873 3316 958 3370 Tu
1003 3313 1137 3387 quid
1172 3314 1312 3372 dicis
1340 3315 1412 3372 de
1434 3316 1563 3373 illo?
1594 3337 1623 3366 ιι
1663 3319 1838 3373 Erant
1865 3316 2023 3389 plane
2048 3332 2115 3373 ex

514 3402 911 3460 benevolorum
933 3412 1099 3461 sorte.
1121 3407 1266 3461 Nam
1294 3414 1589 3478 postquam
1614 3404 1891 3475 dixerunt,
1924 3426 1949 3456 σ
1974 3407 2117 3476 Quo-

513 3491 685 3549 modo
736 3500 918 3565 potest
959 3503 1212 3565 peccator
1255 3495 1387 3551 talia
1430 3495 1580 3568 signa
1625 3493 1836 3552 facere?
1885 3519 1911 3546 π
1955 3503 2019 3553 ut
2043 3510 2115 3552 ne

515 3579 814 3637 videantur
842 3581 945 3654 ipsi
970 3581 1177 3640 frustra
1206 3584 1558 3655 patrocinari,
1592 3600 1720 3641 eum
1766 3585 1859 3659 qui
1903 3585 2113 3642 beneﬁ-

516 3669 665 3727 cium
708 3680 1007 3744 acceperat,
1050 3673 1111 3728 in
1150 3680 1351 3732 testem
1388 3673 1693 3745 adducunt,
1739 3683 1802 3731 ut
1839 3691 1935 3747 per
1984 3690 2114 3732 eum

515 3759 611 3833 qui
660 3759 921 3819 virtutem
959 3771 1227 3831 senserat,
1286 3762 1634 3821 confutarent
1676 3765 2112 3821 calumniatores.

515 3849 655 3906 Vide
716 3850 866 3907 enim
928 3851 1209 3925 quomodo
1256 3851 1518 3910 benevole
1566 3854 1925 3926 interrogant.
1988 3858 2115 3912 Non

517 3939 670 3995 enim
697 3939 981 4011 dixerunt,
1032 3964 1059 3991 α
1090 3944 1176 3997 Tu
1206 3942 1339 4014 quid
1364 3942 1502 3999 dicis
1526 3942 1598 3999 de
1626 3943 1744 4012 illo,
1777 3966 1804 3994 ι
1849 3944 1980 4016 quia
2025 3944 2115 4000 lu-

516 4034 643 4085 tum
669 4027 821 4096 fecit,
850 4028 977 4101 quia
1023 4030 1329 4086 Sabbatum
1356 4047 1471 4088 non
1506 4032 1779 4088 servavit?
1823 4032 1920 4089 sed
1947 4033 2113 4089 mira-

519 4114 629 4171 culi
688 4117 1031 4173 mentionem
1089 4116 1323 4188 faciunt,
1374 4142 1401 4169 α
1452 4120 1595 4190 Quia
1655 4121 1870 4192 aperuit
1927 4124 2116 4180 oculos

517 4211 651 4262 tuos
695 4224 712 4261 :
749 4223 780 4259 π
822 4206 979 4278 quasi
1022 4215 1351 4264 exacuentes
1377 4216 1633 4264 curatum
1674 4217 1738 4265 ut
1765 4226 1864 4281 pro
1895 4209 2114 4268 Christo

518 4307 646 4366 quae
694 4293 856 4365 digna
908 4303 1084 4365 erant,
1113 4295 1337 4354 diceret.
1384 4298 1452 4353 In
1503 4300 1836 4356 memoriam
1882 4301 2026 4357 enim
2064 4302 2113 4358 ei

515 4381 790 4439 reducunt
833 4402 849 4441 :
882 4407 908 4435 α
952 4386 1091 4454 Quia
1128 4387 1341 4458 aperuit
1380 4387 1570 4444 oculos
1598 4397 1742 4445 tuos.
1779 4412 1804 4439 π
1838 4391 2116 4449 Beneﬁcio

515 4479 572 4528 te
602 4481 925 4545 prosecutus
951 4483 1055 4542 est,
1082 4475 1271 4532 dicunt
1306 4494 1321 4532 :
1358 4485 1417 4534 et
1443 4479 1517 4534 ita
1543 4476 1710 4535 debes
1734 4479 1888 4536 illum
1918 4481 2117 4553 praedi-

2221 3301 2454 3393 τυφλὸν,
2487 3337 2514 3366 ι
2548 3301 2652 3372 *Σὺ
2680 3309 2732 3369 τί
2761 3312 2931 3390 λέγεις
2973 3307 3093 3387 περὶ
3137 3309 3332 3380 udi-ob;
3369 3332 3395 3359 ιι
3425 3307 3541 3377 Τῆς
3584 3304 3690 3362 τῶν
3732 3301 3821 3359 εὖ-

2221 3391 2506 3481 γνωμόνων
2542 3399 2727 3482 μοίρας
2765 3391 2902 3473 ἦσαν
2924 3417 2939 3433 ⁸
3000 3396 3159 3458 Ἐπεὶ
3188 3394 3291 3478 γὰρ
3321 3399 3498 3467 εἶπον,
3524 3392 3606 3454 ὅτι
3635 3417 3662 3482 ιι
3695 3392 3829 3482 Πῶς

2226 3478 2445 3552 δύναται
2482 3478 2798 3570 ἁμαρτωλὸς
2828 3492 3049 3548 τοιαῦτα
3087 3494 3286 3565 σημεῖα
3314 3488 3523 3558 ποιεῖνς
3555 3510 3581 3536 ιο
3619 3478 3710 3541 ἵνα
3745 3479 3821 3570 μὴ

2224 3581 2442 3650 δόξωσιν
2487 3568 2638 3639 αὐτοὶ
2686 3579 2858 3656 μάτην
2906 3586 3248 3657 συνηγορεῖν,
3310 3574 3399 3634 τὸν
3450 3571 3686 3634 λαϐόντα
3722 3568 3822 3643 τὴν

2222 3671 2558 3752 εὐεργεσίαν,
2612 3668 2768 3728 αὐτὸν
2819 3668 3123 3749 παράγουσι
3184 3666 3470 3747 μάρτυρα,
3512 3667 3586 3730 ὡς
3637 3660 3824 3721 αἰσθό-

2225 3750 2380 3838 μενον
2427 3764 2524 3831 τῆς
2574 3758 2877 3834 δυνάμεως,
2926 3760 2995 3825 ὡς
3025 3755 3088 3815 ἂν
3120 3754 3507 3833 ἐπιστομίσωσι
3551 3750 3670 3820 τοὺς
3706 3753 3825 3810 δια-

2224 3849 2420 3918 ϐολεῖς.
2472 3846 2624 3929 δορα
2673 3847 2776 3929 γὰρ
2822 3850 2939 3916 πῶς
2988 3844 3334 3925 εὐγνωμόνως
3391 3844 3681 3924 ἐρωτῶσιν.
3739 3840 3823 3929 Οὔ

2223 3939 2327 4021 γὰρ
2389 3928 2568 4003 εἶπον,
2622 3928 2701 3997 Eii
2753 3936 2807 3997 τί
2862 3935 3033 4014 λέγεις
3090 3938 3212 4016 περὶ
3272 3935 3435 3993 αὐτοῦ
3457 3978 3475 4012 ,
3536 3931 3617 3992 ὅτι
3646 3928 3825 4021 ξπηλὸν

2223 4018 2506 4105 ineius-sv;
2547 4026 2629 4087 ὅτι
2678 4026 2739 4086 τὸ
2771 4025 3058 4087 Σάϐϐατον
3094 4026 3189 4085 οὐκ
3241 4023 3529 4103 ἐτήρησεν;
3556 4018 3695 4081 ἀλλὰ
3731 4026 3828 4080 τοῦ

2223 4117 2497 4195 θαύματος
2556 4115 3010 4196 μνημονεύουσιν,
3064 4141 3087 4168 α
3137 4111 3267 4173 ⁶Οτι
3325 4112 3500 4185 ἤνοιξέ
3558 4135 3651 4171 σου
3706 4107 3833 4179 τοὺς

2223 4206 2543 4288 ὀφθαλμούς·
2574 4233 2599 4258 ιι
2632 4205 2913 4285 μονονουχὶ
2961 4203 3052 4264 xui
3082 4203 3171 4263 τὸν
3217 4201 3611 4284 θεραπευθέντα
3648 4222 3832 4280 παρα-

2226 4297 2471 4374 θήγοντες
2527 4298 2599 4365 εἷς
2668 4295 2730 4356 τὸ
2782 4294 2915 4375 ὑπὲρ
2963 4296 3201 4373 Χριστοῦ
3268 4291 3338 4352 τὰ
3397 4290 3578 4351 εἰκότα
3639 4291 3830 4352 εἰπεῖν.

2225 4385 2715 4465 Ἀναμιμνήσκουσι
2764 4384 2870 4465 γὰρ
2922 4384 3115 4457 αὐτὸν,
3177 4383 3270 4443 καὶ
3321 4380 3593 4442 νύττουσιν
3649 4378 3829 4440 αὐτόν·

2238 4503 2263 4528 ι
2284 4473 2417 4537 Ὅτι
2447 4473 2618 4549 ἤνοιξέ
2648 4497 2742 4534 σου
2774 4472 2894 4542 τοὺς
2922 4471 3248 4554 ὀφθαλμούς.
3278 4494 3308 4531 ›)
3361 4468 3715 4552 Εὖηργέτησε
3745 4469 3829 4544 σὲ,

512 4576 661 4619 care.
695 4562 826 4619 Ideo
869 4571 925 4619 et
952 4579 1129 4620 caecus
1171 4565 1464 4623 conﬁtetur
1490 4575 1624 4625 tunc
1648 4567 1708 4624 id
1738 4570 1884 4642 quod
1914 4571 2110 4642 potuit,

2225 4566 2419 4647 φασὶν,
2453 4563 2593 4624 ὥστε
2625 4564 2849 4646 ὀφείλεις
2900 4561 3227 4644 ἀνακηρύξαι
3274 4560 3452 4622 αὐτόν.
3521 4559 3619 4621 Διὸ
3674 4557 3768 4620 xui
3800 4563 3831 4619 6

513 4651 668 4722 quod
692 4668 807 4707 non
829 4652 900 4708 sit
927 4662 1201 4725 peccator,
1232 4655 1329 4712 sed
1355 4672 1421 4712 ex
1449 4660 1588 4713 Deo.
1625 4676 1653 4710 α
1676 4658 1948 4732 Propheta
1970 4660 2119 4717 enim

518 4747 625 4808 est,
659 4762 687 4789 ιο
719 4739 851 4796 dicit
885 4760 898 4797 :
932 4743 1185 4814 quamvis
1210 4764 1238 4794 α
1270 4745 1358 4801 alii
1387 4745 1632 4822 dicerent
1658 4747 1810 4820 quod
1836 4765 1949 4805 non
1977 4759 2121 4807 esset

514 4843 582 4885 ex
606 4831 744 4899 Deo,
781 4844 846 4886 eo
884 4832 1035 4903 quod
1060 4832 1368 4892 Sabbatum
1395 4851 1507 4892 non
1530 4846 1775 4894 servaret
1800 4858 1813 4894 :
1844 4861 1873 4888 η
1902 4840 2119 4897 tametsi

514 4917 762 4975 Christus
791 4935 905 4976 uno
948 4919 1118 4995 digito
1156 4923 1338 4981 lutum
1382 4925 1653 4999 inungens
1683 4927 1979 4984 Sabbatum
2009 4930 2117 4986 sol-

514 5023 646 5064 vere
678 5006 966 5065 videbatur
998 5028 1013 5067 :
1046 5011 1151 5084 ipsi
1184 5022 1373 5071 autem
1408 5022 1524 5073 tota
1552 5032 1727 5073 manu
1756 5017 2031 5075 solventes
2061 5021 2117 5076 in

511 5096 756 5155 Sabbato
794 5099 1054 5156 animalia
1114 5110 1178 5158 ut
1220 5111 1418 5176 potum
1462 5104 1612 5176 dent,
1636 5105 1987 5179 [videbantur
2039 5108 2115 5180 pii

583 5222 634 5268 4°
659 5224 858 5282 Matth.
890 5240 965 5295 Χ,
996 5231 1086 5283 34.

2225 4655 2423 4737 τυφλὸς
2460 4655 2711 4731 ὁμολογεῖ
2745 4652 2876 4722 τέως
2917 4652 3048 4732 ὅπερ
3092 4650 3363 4726 ἠδύνατο,
3409 4650 3491 4713 ὅτι
3521 4650 3640 4711 Οὔκ
3683 4648 3831 4710 ἔστιν

2227 4744 2570 4825 ἁμαρτωλὸς,
2596 4744 2714 4803 ἀλλ’
2741 4745 2803 4803 ἐκ
2833 4750 2926 4803 τοῦ
2949 4746 3117 4805 Θεοῦ.
3152 4769 3177 4796 α
3204 4740 3495 4821 Προφήτης
3514 4740 3617 4819 γάρ
3638 4740 3774 4818 ἐστι,
3804 4766 3831 4793 ιο

2226 4833 2325 4893 κᾶν
2355 4833 2527 4914 ἕτεροι
2575 4831 2842 4912 λέγωσιν,
2895 4832 2977 4891 ὅτι
3014 4853 3047 4888 α
3091 4833 3209 4892 Οὐκ
3252 4830 3396 4890 ἔστιν
3428 4832 3489 4889 ἐκ
3515 4836 3610 4889 τοῦ
3653 4830 3826 4889 Θεοῦ’

2226 4924 2358 4983 διότι
2386 4922 2447 4981 τὸ
2490 4922 2781 4983 Σάϐϐατον
2806 4925 2863 4981 οὗ
2906 4930 3080 5004 τηρεῖ.
3117 4945 3150 4980 ao
3191 4919 3382 4981 Καίτοι
3413 4922 3440 4979 6
3470 4918 3565 4997 μὲν
3597 4916 3833 4999 Χριστὸς

2225 5011 2302 5072 ἐνὶ
2332 5011 2580 5093 δακτύλῳ
2622 5010 2710 5071 τὸν
2750 5011 2924 5086 πηλὸν
2973 5011 3283 5094 ἐπιχρίσας,
3331 5008 3623 5091 παραλύειν
3657 5008 3831 5068 ἐδόκει

2225 5102 2286 5164 τὸ
2331 5101 2642 5163 Σάϐϐατον·
2679 5100 2830 5163 αὐτοὶ
2881 5100 2934 5161 δὲ
2980 5101 3078 5182 ὅλῃ
3124 5100 3266 5184 χειρὶ
3316 5101 3526 5168 λύοντες
3568 5101 3647 5180 τῷ
3677 5096 3832 5159 Σαϐ-

1591 5330 1681 5390 Ex
1711 5280 2030 5394 collatione
2056 5332 2237 5397 codd.
2267 5335 2463 5397 Venet
2494 5335 2554 5397 S.
2583 5334 2756 5398 Mari.

586 5452 722 5591 (292.
762 5454 939 5513 Codd.
987 5461 1058 5513 26
1109 5466 1165 5515 et
1209 5465 1308 5528 32,
1352 5459 1447 5512 Καὶ
1493 5460 1687 5533 σχίσμα
1734 5457 1795 5531 ἦν
1834 5462 1885 5517 ἐν
1915 5464 2102 5529 αὐτοῖς.

586 5525 689 5578 πειδ
774 5525 803 5577 6
868 5528 1147 5591 θεραπεύων
1219 5532 1305 5585 xui
1364 5532 1743 5591 θαυματοποιῶν
1815 5533 1963 5591 εἰώθη
2026 5538 2102 5591 διὰ

518 5521 722 5606 Ἐπειδὴ
774 5525 803 5577 6
868 5528 1147 5606 θεραπεύων
1219 5521 1306 5585 xui
1364 5521 1766 5606 θαυματοποιῷν’
1815 5533 1963 5606 εἰώθη
2026 5521 2107 5591 διᾶ

509 5594 571 5674 τὸ
626 5594 955 5674 ἀκύμπαστον
969 5600 1288 5674 ,ἐκνεύεινπ
1327 5594 1618 5674 ἐρωτησθεὶς
1679 5604 1708 5658 6
1766 5594 1963 5674 τυφλοί
2002 5610 2107 5663 Ποῦ

513 5625 571 5649 w
626 5625 947 5667 ουιυμποιυτυν
1003 5625 1250 5668 εκνευειν,
1327 5625 1618 5674 ερωτησυεις
1679 5625 1708 5658 0
1860 5625 1948 5672 Αος
2002 5625 2106 5663 11οῡ

513 5664 652 5754 icit;
706 5666 880 5754 λέγειζ
922 5669 1025 5725 Οὖκ
1070 5671 1224 5754 οἶδα,
1266 5672 1520 5754 ἀληθεύων
1550 5678 1744 5754 πάντως
1766 5625 1887 5733 Ἓν
1924 5682 2106 5754 τούτῳ.

511 5736 1012 5827 Ξοῦτορτδσχίσμα,
1043 5764 1097 5827 x1
1123 5764 1171 5800 τ.
1290 5768 1317 5795 α
1348 5736 1422 5804 Εἰ
1456 5736 1742 5805 dissensio
1766 5760 1886 5827 erat
1920 5753 1979 5808 in
2006 5736 2105 5809 eis.

510 5810 787 5880 Quoniam
821 5810 1012 5872 autem
1051 5816 1330 5874 Dominus
1348 5857 1365 5887 ,
1415 5834 1545 5877 cum
1591 5823 1912 5895 quempiam
1948 5839 2107 5882 sana-

2213 5467 2330 5550 bat,
2393 5467 2477 5524 vel
2523 5467 2671 5550 aliud
2700 5467 3029 5550 miraculum
3076 5464 3667 5550 patrabattsolebate
3703 5462 3831 5550 loco

2215 5538 2437 5609 cedere,
2490 5540 2621 5611 quia
2653 5549 2774 5596 erat
2820 5542 2891 5596 ab
2934 5536 3190 5595 omnium
3218 5536 3830 5611 ambitioneqalienissi-

2217 5627 2341 5689 mus
2355 5609 2602 5689 ;_i_dcirco
2632 5627 2811 5689 caecus
2844 5611 3234 5689 interrogatus,
3263 5609 3501 5689 Quinam
3531 5609 3826 5689 illenesset,

2216 5685 2312 5750 ait,
2364 5686 2592 5740 Nescio:
2638 5683 2805 5739 etiam
2848 5683 2903 5739 in
2946 5678 3309 5739 hoc'verum'
3342 5680 3572 5739 omnino
3610 5678 3822 5737 dicens.

2218 5755 2355 5810 Haec
2381 5754 2674 5822 dissensio,
2705 5775 2733 5804 »
2766 5762 2869 5810 etc.
