4198 6460
429 470 500 525 53
1249 471 1640 527 ENARRATIO
1681 471 1744 526 IN
1783 469 2213 527 EVANGELIUM
2246 469 2548 528 JOANNIS.
2582 500 2656 514 —
2692 471 2840 528 CAP.
2885 473 2968 528 IX.
3697 480 3766 534 54

441 594 593 676 ϐάτῳ
620 593 830 678 ταγζῶα
862 597 996 678 πρὸς
1023 595 1283 674 ποτισμὸν
1304 643 1320 672 ,
1353 595 1564 657 ἐδόκουν
1597 596 1854 658 εὐσεϐεῖν.
1920 598 2035 658 Φωι

2157 612 2300 654 esse.
2331 599 2545 654 Vocant
2567 597 2735 670 igitur
2773 597 2896 655 duri
2920 605 2976 655 et
3002 596 3463 672 impersuasibiles
3508 611 3762 674 parentes

441 692 619 748 νοῦσιν
650 677 739 747 οὖν
784 688 834 747 οἷ
891 687 1116 766 σκληροὶ
1166 686 1256 747 καὶ
1311 689 1542 755 ἀπειθεῖς
1585 687 1702 755 τοὺς
1757 691 1925 766 γονεῖς
1955 689 2053 746 αὖ-

442 781 578 850 τοῦ,
617 779 691 844 εἷς
737 775 971 857 ἀγωνίαν
1022 775 1212 844 αὐτοὺς
1255 776 1510 855 ἐμϐαλεῖν
1565 776 1916 856 βουλόμενοι,
1962 779 2052 837 καὶ

445 867 535 926 διὰ
582 866 780 940 ταύτης
831 869 904 935 εἷς
948 865 1170 946 ἄρνησιν
1204 871 1298 940 τῆς
1347 865 1638 945 πηρώσεως
1689 873 1781 927 τοῦ
1829 867 2042 936 παιδός·

445 955 608 1018 Ἐπεὶ
676 956 782 1036 γὰρ
859 959 1051 1015 ἐκεῖνοι
1103 958 1198 1015 οὐκ
1252 957 1588 1029 ἠδυνήθησαν
1654 955 1716 1016 τὸ
1780 961 2048 1036 εὖγνῶμον

447 1045 627 1124 στόμα
675 1046 974 1128 ἐμφράξαι,
1015 1045 1135 1113 τοὺς
1173 1049 1340 1125 γονεῖς
1393 1045 1812 1120 ἐκδεδίττονται,
1861 1046 2050 1128 τιτρώ-

446 1160 594 1196 σκειν
647 1135 786 1196 οὕτω
834 1136 895 1196 τὸ
949 1141 1133 1214 θαῦμα
1181 1137 1598 1216 προσδοκῶντες.
1659 1135 1906 1198 Ἱστῶσιν
1959 1128 2048 1197 οὖν

446 1224 636 1294 αὐτοὺς
689 1229 742 1286 ἐν
793 1229 870 1307 τῷ
929 1225 1110 1307 μέσῳ,
1153 1226 1244 1285 καὶ
1295 1225 1430 1303 μετὰ
1459 1228 1674 1303 ξπολλοῦ
1726 1233 1892 1304 θυμοῦ
1950 1225 2047 1300 τὴν

445 1315 707 1398 ἐρώτησιν
733 1321 1047 1398 ποιοῦνται,
1089 1317 1290 1398 μᾶλλον
1319 1316 1374 1376 δὲ
1406 1315 1545 1394 μετὰ
1575 1318 1776 1386 πολλῆς
1809 1339 2043 1396 κακουρ-

444 1407 582 1484 γίας.
615 1408 698 1467 Οὔ
751 1405 853 1486 γὰρ
907 1397 1085 1481 εἶπον,
1133 1397 1306 1473 Οὗτός
1359 1407 1502 1466 ἐστιν
1566 1410 1594 1466 6
1649 1404 1762 1474 υίὸς
1817 1410 1965 1485 ὑμῶν
2020 1411 2048 1468 6

445 1496 576 1555 ποτὲ
611 1497 841 1578 τυφλὸς,
893 1495 1039 1569 ἀλλ’,
1100 1523 1125 1548 σι
1155 1495 1259 1557 ⁸ον
1310 1497 1460 1572 ἱμεῖς
1519 1495 1752 1572 ἐλέγετε⁸
1787 1523 1812 1549 ιο
1859 1520 2046 1574 μονον-

443 1586 569 1666 ουχὶ
628 1591 782 1646 τοῦτο
825 1585 1088 1666 λέγοντες.
1152 1584 1256 1647 ‘Ov
1295 1589 1446 1663 ὑμεῖς
1496 1587 1782 1659 ἐποιήσατε
1809 1585 2004 1666 τυφλὸν
2026 1631 2043 1660 ,

443 1676 538 1736 καὶ
583 1682 859 1756 πανταχοῦ
915 1675 1279 1756 διεφημήσατε
1326 1676 1414 1735 τὸν
1468 1675 1660 1756 λόγον,
1708 1677 2046 1753 πλασάμενοι

437 1767 655 1834 πάντως
688 1755 780 1824 καὶ
813 1755 1296 1845 καταψευσάμενοι.
1345 1763 1507 1838 Ἀλλ’,
1546 1755 1590 1825 ὦ
1637 1768 1820 1846 μιαροὶ
1861 1768 2043 1848 Φαρι-

437 1865 614 1932 σαῖοι,
659 1856 736 1923 τίς
774 1855 836 1914 ἂν
873 1855 1058 1936 πατὴρ
1109 1856 1398 1937 ἀνάσχοιτο
1423 1861 1642 1915 τοιαῦτα
1686 1855 2034 1938 καταψεύσα·

2159 685 2296 760 ejus,
2344 687 2589 744 volentes
2617 688 2739 744 illos
2768 688 3052 760 perplexos
3082 687 3328 758 reddere,
3360 699 3416 747 et
3442 691 3518 748 ita
3557 709 3763 766 negare

2159 777 2464 834 caecitatem
2493 777 2612 834 ﬁlii.
2642 780 2786 835 Nam
2812 777 2942 851 quia
2964 778 3108 834 illius
3137 787 3357 851 gratum
3386 796 3449 836 os
3473 781 3760 842 obstruere

2159 882 2272 923 non
2331 876 2610 939 poterant,
2671 876 2921 940 parentes
2980 868 3100 941 ejus
3151 868 3444 942 ambiguos
3495 872 3756 942 reddunt,

2162 972 2305 1030 quos
2333 964 2583 1013 statuunt
2611 957 2668 1013 in
2693 957 2899 1023 medio,
2931 966 2988 1014 et
3015 973 3145 1014 cum
3173 959 3354 1015 multo
3383 958 3572 1018 furore
3601 962 3766 1020 inter-

2157 1055 2372 1120 rogant,
2399 1046 2513 1103 imo
2548 1063 2677 1103 cum
2699 1047 2873 1104 multa
2892 1048 3120 1105 malitia.
3148 1051 3273 1106 Non
3301 1049 3451 1106 enim
3471 1050 3756 1123 dixerunt,

2156 1136 2262 1193 llic
2312 1145 2397 1193 est
2451 1137 2602 1193 ﬁlius
2659 1145 2860 1206 vester,
2916 1138 3012 1210 qui
3079 1137 3292 1195 dudum
3363 1155 3566 1211 caecus,
3635 1141 3754 1212 sed,

2161 1247 2187 1274 ιι
2227 1227 2405 1298 Quem
2458 1242 2555 1283 vos
2593 1225 2796 1295 dicitis,
2852 1249 2879 1277 ν
2927 1228 3084 1300 quasi
3129 1227 3394 1299 dicentes,
3445 1245 3611 1302 quem
3656 1248 3755 1290 vos

2155 1331 2367 1373 caecum
2395 1315 2620 1382 fecistis,
2649 1317 2850 1390 ubique
2879 1333 3195 1374 sermonem
3213 1318 3369 1374 illum
3395 1321 3753 1391 seminantes,

2154 1404 2424 1478 ﬁngentes
2451 1414 2505 1463 et
2532 1407 2879 1464 mentientes.
2909 1410 3140 1476 Verum,
3167 1423 3200 1463 o
3229 1409 3437 1466 scelesti
3466 1411 3753 1478 Pharisaei,

2155 1495 2282 1568 quis
2327 1503 2480 1568 pater
2535 1496 2666 1553 talia
2710 1505 2902 1554 contra
2957 1497 3136 1553 ﬁlium
3174 1513 3338 1554 suum
3387 1499 3752 1556 mentiretur?

2155 1586 2390 1642 Duobus
2412 1594 2598 1642 autem
2625 1586 2746 1643 illos
2774 1587 3020 1660 angustis
3052 1587 3189 1644 locis
3216 1597 3436 1661 urgent,
3467 1597 3524 1646 et
3548 1598 3755 1662 cogunt

2153 1690 2351 1747 negare
2394 1675 2593 1744 ﬁlium,
2624 1675 2877 1745 dicendo,
2907 1698 2934 1726 «
2965 1678 3144 1747 Quem
3178 1694 3274 1734 vos
3303 1678 3585 1749 dicebatis,
3616 1697 3647 1733 »
3675 1688 3752 1750 et,

2155 1785 2182 1814 α
2223 1764 2519 1838 Quomodo
2548 1764 2714 1837 igitur
2739 1781 2888 1821 nunc
2917 1765 3098 1842 videt?
3131 1789 3156 1816 ››
3199 1766 3366 1824 Vides
3407 1768 3560 1824 enim
3600 1767 3754 1842 quod

2150 1853 2368 1927 signum
2413 1855 2539 1923 hoc,
2583 1853 2735 1926 quod
2765 1862 2950 1926 postea
2986 1854 3074 1910 ille
3119 1854 3342 1922 viderit,
3390 1857 3462 1912 ita
3504 1865 3749 1927 narrant,

436 1951 563 2005 σθαι
607 1946 794 2014 παιδὸς
826 1945 1057 2019 οἷκείου;
1111 1944 1246 2006 Δυσὶ
1285 1947 1339 2005 δὲ
1368 1944 1570 2013 τούτοις
1618 1953 2032 2027 στενοχωροῦσιν

2149 1942 2306 2018 quasi
2349 1944 2502 2016 prius
2547 1959 2677 1999 eum
2719 1959 2928 2001 caecum
2968 1942 3133 2000 fuisse
3173 1943 3390 2000 mentiti
3427 1945 3508 2000 illi
3547 1955 3750 2003 essent.

434 2035 660 2112 αὖτοὺς,
707 2039 797 2094 καὶ
846 2035 1116 2115 βιάζονται
1171 2033 1505 2117 ἀρνήσασθαι
1535 2034 1625 2095 τὸν
1665 2035 1815 2110 υἱὸν,
1865 2040 1942 2117 τῷ
1980 2061 2038 2097 τε

434 2127 634 2199 εἰπεῖν,
668 2155 691 2179 ι
715 2124 820 2186 ⁸ον
869 2128 1022 2201 ὓμεῖς
1065 2125 1300 2204 ἐλέγετε,
1354 2151 1381 2179 ιι
1432 2125 1523 2184 καὶ
1556 2128 1667 2207 τῷ,
1721 2153 1747 2181 ι
1782 2129 1913 2193 Πῶς
1943 2117 2033 2186 οῦν

436 2216 561 2296 ἄρτι
605 2213 789 2296 βλέπει
802 2239 818 2289 ;
852 2240 876 2268 ιο
907 2211 1114 2297 Ὁρᾷς,
1164 2214 1244 2274 ὅτι
1285 2219 1356 2282 ὡς
1398 2216 1736 2296 ψευδομένων
1769 2217 1942 2274 αὖτῶν
1975 2215 2035 2276 τὸ

432 2305 689 2387 πρότερον
711 2349 727 2378 ,
758 2305 896 2382 φημὶ
928 2296 1038 2380 δὴ,
1070 2304 1130 2363 τὸ
1158 2305 1354 2386 τυφλὸν
1385 2296 1520 2364 εἶναι
1557 2304 1649 2365 τὸν
1695 2308 1893 2377 παῖδα,
1933 2329 2033 2379 ση-

2145 2037 2288 2091 Nam
2319 2033 2667 2089 mendacium
2696 2041 2798 2102 est,
2825 2033 3002 2102 aiunt,
3033 2032 3119 2089 vel
3141 2033 3274 2090 illud
3304 2033 3450 2106 quod
3472 2035 3586 2107 ipse
3605 2052 3751 2094 nunc

2144 2123 2309 2191 videt,
2341 2123 2425 2178 vel
2455 2123 2588 2180 illud
2615 2121 2765 2194 quod
2791 2138 2973 2180 cacus
3013 2131 3153 2180 esset
3181 2140 3195 2179 :
3229 2123 3323 2180 sed
3352 2123 3488 2180 illud
3525 2124 3746 2196 veritas,

2141 2214 2290 2270 videt
2317 2214 2489 2286 638
2514 2213 2664 2269 enim
2692 2231 2708 2270 :
2731 2214 3084 2271 mendacium
3109 2213 3278 2286 igitur
3303 2213 3455 2288 quod
3477 2230 3576 2272 vos
3603 2230 3750 2288 prae-

2141 2303 2387 2374 dicastis,
2419 2319 2628 2360 caecum
2659 2303 2815 2360 illum
2845 2301 3014 2360 fuisse
3040 2304 3207 2376 prius.

433 2406 586 2472 μεῖον
633 2398 955 2477 προφέρουσι
1003 2399 1190 2477 τοῦτο,
1242 2395 1302 2455 τὸ
1353 2397 1568 2477 ὕστερον
1608 2395 1766 2456 αὐτὸν
1807 2394 2046 2476 βλέπειν.
2090 2393 2168 2455 Ἢ
2223 2394 2327 2475 γὰρ
2355 2393 2541 2469 τοῦτὸ,
2589 2393 2754 2473 φασὶ,
2785 2391 3006 2476 ψευδὲς,
3048 2395 3110 2454 τὸ
3161 2392 3374 2474 βλέπειν
3415 2393 3576 2456 αὐτὸν
3619 2399 3740 2473 νῦν,

430 2485 468 2559 ἢ
502 2473 708 2559 ἐκεῖνο,
739 2473 817 2544 10V
837 2483 1032 2566 τυφλὸν
1063 2473 1224 2546 εἶναι.
1284 2484 1449 2546 Ἀλλὰ
1485 2473 1603 2564 ’μὴν
1641 2473 1816 2546 τοῦτο*
1845 2484 2067 2560 ἀληθὲς,
2125 2473 2311 2565 βλέπει
2353 2483 2476 2564 γάρ’
2506 2485 2694 2566 ψεῦδος
2737 2473 2844 2564 ἄρα
2899 2482 2943 2562 ὃ.
2981 2483 3131 2562 ὖμεῖς
3164 2473 3498 2564 γέκηρύξατε,
3549 2483 3610 2544 τὸ
3651 2509 3744 2544 τυ-

431 2575 565 2659 φλὸν
596 2565 730 2634 εἶναι
759 2575 818 2634 τὸ
855 2565 1136 2655 πρότερον.

518 2691 552 2723 α
583 2665 970 2746 Ἀπεκρίθησαν
1017 2668 1196 2732 αὐτοῖς
1224 2666 1273 2724 οἱ
1300 2673 1470 2743 γονεῖς
1505 2667 1700 2742 αὐτοῦ,
1743 2663 1837 2724 καὶ
1861 2656 2030 2724 εἶπονο

429 2757 676 2834 Οἴδαμεν
706 2754 786 2815 ὅτι
817 2747 966 2822 οὗτός
1019 2755 1163 2813 ἐστιν
1215 2758 1244 2814 6
1290 2754 1398 2823 υἱὸς
1428 2758 1614 2833 ἡμῶν,
1667 2753 1759 2814 καὶ
1804 2753 1886 2814 ὅτι
1931 2779 2030 2814 τυ-

429 2846 562 2928 φλὸς
602 2845 876 2925 ἐγεννήθη·
915 2849 1028 2912 πῶς
1076 2845 1129 2902 δὲ
1169 2850 1260 2904 νῦν
1296 2844 1520 2924 βλέπει,
1569 2846 1666 2904 οὐκ
1716 2842 2028 2923 οἴδαμεν·ἢ

427 2937 509 3002 τίς
559 2935 760 3009 ἤνοιξεν
811 2938 972 2995 αὐτοῦ
1002 2932 1120 3002 τοὺς
1167 2932 1512 3016 ὀφθαλμοὺς,
1559 2938 1715 3013 ἡμεῖς
1747 2935 1844 2993 οὐκ
1881 2935 2032 2994 οἴδα-

429 3050 549 3103 μεν·
604 3026 757 3094 αὐτὸς
822 3024 1029 3095 ἡλικίαν
1092 3021 1221 3102 ἔχει,
1268 3024 1421 3105 αὐτὸν
1475 3023 1819 3105 ἐρωτήσατε,
1875 3023 2030 3093 αὐτὸς

427 3116 555 3195 περὶ
588 3118 776 3175 ἑαυτοῦ
806 3115 1052 3187 λαλήσει.
1114 3116 1304 3174 Ταῦτα
1343 3104 1584 3174 εἶπονοἱ
1615 3117 1784 3193 γονεῖς
1825 3115 2028 3189 αὐτοῦ,

426 3205 512 3266 ὅτι
556 3205 840 3284 ἐφοϐοῦντο
888 3203 1008 3272 τοὺς
1044 3203 1348 3272 Ἰουδαίους.
1399 3201 1547 3276 Ἤδη
1601 3203 1702 3284 γὰρ
1755 3204 2031 3264 συνέθεντο

429 3299 479 3355 οἱ
531 3296 799 3368 Ἰουδαῖοι,
847 3293 933 3355 ἵνα
962 3294 1055 3354 ἐάν
1102 3319 1180 3362 τις
1210 3293 1365 3354 αὐτὸν
1415 3295 1725 3374 ὁμολογήσῃ
1758 3294 2028 3376 Χριστὸν,

2211 2666 2395 2721 Vens.
2427 2667 2616 2720 20-23.
2651 2684 2676 2712 α
2707 2661 3137 2734 Responderunt
3173 2668 3357 2718 autem
3386 2661 3466 2718 eis
3495 2669 3746 2734 parentes

2139 2751 2279 2823 ejus,
2309 2760 2364 2808 et
2385 2752 2644 2809 dixerunt
2675 2769 2689 2807 :
2719 2752 2940 2808 Scimus
2965 2751 3115 2822 quod
3141 2750 3231 2806 hic
3257 2759 3342 2807 est
3365 2751 3506 2808 ﬁlius
3533 2760 3743 2823 noster,

2139 2851 2195 2900 et
2239 2858 2417 2900 caecus
2444 2850 2610 2899 natus
2646 2851 2747 2899 est.
2785 2841 3081 2915 Quomodo
3133 2849 3317 2896 autem
3361 2857 3512 2898 nunc
3541 2841 3743 2912 videat,

2139 2933 2444 3001 nescimus;
2513 2940 2614 2988 aut
2665 2931 2788 3004 quis
2842 2931 2960 3004 ejus
3015 2931 3204 2987 oculos
3280 2931 3582 3002 aperuerit,
3640 2947 3745 2989 nos

2137 3024 2449 3090 nescimus;
2480 3022 2594 3094 ipse
2639 3029 2862 3078 aetatem
2915 3021 3101 3090 habet,
3156 3021 3336 3092 ipsum
3381 3021 3737 3094 interrogate,

2138 3111 2257 3185 ipse
2302 3111 2370 3168 de
2407 3127 2466 3167 se
2504 3111 2787 3184 loquatur.
2835 3112 2968 3167 Haac
3003 3109 3260 3166 dixerunt
3307 3118 3562 3181 parentes
3599 3111 3738 3182 ejus,

2137 3201 2284 3278 quod
2332 3202 2597 3257 timerent
2637 3201 2880 3257 Iudaeos.
2929 3201 3055 3256 Jam
3102 3199 3251 3255 enim
3297 3199 3742 3270 conspiraverant

2139 3291 2342 3360 Judaei,
2387 3299 2448 3347 ut
2492 3291 2538 3347 si
2566 3291 2690 3363 quis
2718 3306 2846 3346 eum
2876 3290 3236 3346 conﬁteretur
3275 3304 3396 3346 esse
3435 3289 3736 3357 Christum,

429 3386 843 3463 ἀποσυνάγωγος
887 3384 1129 3463 γένηται,
1181 3381 1286 3446 Διὰ
1338 3388 1496 3444 τοῦτο
1555 3385 1604 3442 οἱ
1650 3391 1818 3462 γονεῖς
1867 3386 2029 3444 αὐτοῦ

2145 3397 2170 3438 e
2226 3383 2513 3455 Synagoga
2584 3381 2892 3454 ejiceretur:
2953 3381 3244 3452 Propterea
3311 3386 3568 3450 parentes
3620 3379 3742 3452 ejus

426 3467 614 3546 εἷπον,
663 3475 743 3534 ὅτι
775 3474 1022 3536 Ἡλικίαν
1079 3475 1222 3556 ἔχει,
1266 3474 1420 3533 αὐτὸν
1459 3474 1783 3555 ἐρωτήσατε.
1826 3477 2035 3556 ’Τρεῖς

424 3565 712 3647 ἐρωτήσεις
736 3567 786 3626 οἱ
817 3567 1111 3646 Φαρισαῖοι
1141 3563 1517 3647 προσήνεγκαν
1547 3572 1655 3631 τοῖς
1686 3568 1896 3642 γονεῦσι
1936 3570 2032 3624 τοῦ

425 3645 662 3736 τυφλοῦ,
711 3659 757 3715 εἶ
783 3657 892 3724 υἱὸς
925 3657 1102 3715 αὐτῶν
1135 3645 1196 3727 ἧν
1220 3700 1236 3728 ,
1288 3657 1334 3713 εἰ
1377 3654 1571 3737 τυφλὸς
1612 3653 1895 3733 ἐγεννήθη,
1939 3654 2031 3714 καὶ

426 3749 544 3813 πῶς
592 3746 901 3826 ἀνέϐλεψεν.
949 3747 1021 3806 Οἱ
1054 3744 1142 3817 δὲ,
1190 3744 1282 3813 τὰς
1320 3745 1414 3820 μὲν
1447 3743 1572 3817 δύο,
1602 3742 1682 3802 ὅτι
1713 3767 1770 3803 τε
1800 3744 1909 3812 υἱὸς
1941 3746 2034 3804 αὖ-

427 3840 537 3895 τῶν
589 3836 736 3911 ἐστι,
776 3837 868 3895 καὶ
923 3835 1004 3893 ὅτι
1050 3835 1244 3916 τυφλὸς
1287 3826 1390 3907 ἦν,
1444 3838 1782 3914 ὁμολογοῦσι·
1835 3835 1925 3894 τὸν
1974 3836 2029 3895 δὲ

428 3924 626 4007 τρόπον
681 3930 776 3998 τῆς
827 3924 1111 4006 θεραπείας
1151 3928 1498 4002 ἀγνοοῦντες,
1547 3927 1606 3984 οὖ
1657 3924 2028 4003 προστιθέασι.

435 4016 543 4077 Καὶ
572 4021 727 4075 τοῦτο
770 4015 823 4075 δὲ
873 4016 1088 4083 πάντως
1137 4014 1268 4096 ὑπὲρ
1322 4019 1412 4074 τοῦ
1455 4014 1553 4086 τὴν
1588 4015 1840 4087 ἀλήθειαν
1895 4017 2030 4092 δμο-

426 4109 723 4185 λογηθῆναι
777 4104 1152 4187 βεϐαιότερον,
1202 4105 1444 4183 γίνεται,
1517 4103 1658 4163 ὥστε
1721 4103 1880 4163 αὐτὸν
1940 4104 2030 4163 τὸν

426 4200 525 4267 τῆς
556 4194 854 4276 εὐεργεσίας
899 4195 1314 4269 ἀπολαύσαντα,
1357 4194 1447 4254 τὸν
1479 4193 1571 4253 καὶ
1603 4192 2030 4276 ἀξιοπιστότερον

427 4286 594 4359 ὄντα,
629 4288 967 4367 μαρτυρῆσαι
1019 4293 1211 4346 ταῦτα·
1270 4283 1410 4344 καθὰ
1443 4283 1532 4342 καὶ
1568 4287 1616 4343 οἱ
1658 4291 1824 4362 γονεῖς
1871 4285 2030 4342 αὐτοῦ

427 4395 617 4456 φασινο
675 4404 702 4430 ι
752 4377 923 4444 Αὐτὸς
982 4375 1198 4446 ἡλικίαν
1270 4378 1404 4454 ἔχει.
1454 4401 1477 4426 υ
1541 4374 1632 4444 Μὴ
1686 4371 1790 4452 γὰρ
1845 4371 2032 4445 νήπιός

429 4469 609 4538 ἐστιν,
741 4464 960 4540 ἀτελὴς,
996 4465 1134 4523 ὥστε
1164 4465 1238 4541 μὴ
1280 4462 1515 4522 συνιέναι
1557 4465 1670 4529 πῶς
1708 4461 2030 4542 τεθεράπευ-

427 4579 554 4629 ται;
587 4584 608 4607 ι
628 4555 866 4615 Τοιαῦτα
888 4551 942 4613 δὲ
973 4545 1120 4612 εἶπον
1151 4558 1200 4614 οἱ
1219 4562 1386 4631 γονεῖς
1420 4555 1584 4612 αὐτοῦ
1604 4597 1622 4627 ,
1656 4579 1678 4604 υ
1711 4551 2030 4632 φοϐούμενοι

429 4649 523 4703 τοῦ
567 4645 922 4726 Φαρισαίους
976 4642 1142 4711 οὕτως
1193 4642 1272 4702 ἔτι
1322 4634 1459 4715 ἦσαν
1515 4642 1718 4710 ἀτελεῖς
1763 4642 1856 4700 καὶ
1907 4643 2032 4719 ἀγε-

428 4735 667 4814 νέστεροι
695 4739 788 4793 τοῦ
832 4732 1046 4800 παιδός.

428 4827 669 4897 πληκτος
711 4823 928 4882 ἵσταται
979 4826 1076 4895 τῆς
1123 4819 1393 4896 ἀληθείας
1429 4821 1596 4889 οὕτως
1640 4819 1908 4902 ἐφωτίσθη
1941 4821 2035 4880 καὶ

428 4913 551 4981 τοὺς
584 4911 787 4994 νοεροὺς
830 4909 1147 4994 ὀφθαλμούς.

519 5026 548 5059 ε
586 5001 901 5083 Ἐφώνησαν
933 4993 1022 5083 οὖν
1075 5005 1134 5062 ἐκ
1175 5000 1419 5083 δευτέρου
1461 4998 1551 5059 τὸν
1597 4998 1871 5081 ἄνθρωπον
1901 5047 1918 5077 ,
1978 4999 2033 5069 ὃς

429 5084 494 5164 ἦν
546 5094 774 5174 τυγλὸς,
828 5092 922 5152 καὶ
969 5080 1118 5151 εἶπον
1166 5080 1339 5171 αὐτῷ(
1380 5089 1485 5156 Δὸς
1541 5080 1706 5158 δόξαν
1743 5094 1820 5171 τῷ
1884 5091 2034 5170 Θεῷο

429 5171 637 5259 Ἡμεῖς
702 5181 919 5260 οἴδαμεν
966 5183 1049 5263 ὅτι
1095 5186 1122 5241 6
1173 5181 1446 5263 ἅνθρωπος
1504 5171 1652 5263 οὗτος
1713 5179 2032 5259 ἁμαρτωλός

431 5274 601 5333 ἐστιν.
648 5259 928 5354 Ἀπεκρίθη
975 5261 1064 5354 οὖν
1113 5259 1336 5354 ἐκεῖνος,
1380 5269 1473 5329 καὶ
1497 5259 1666 5330 εἶπεν.
1721 5273 1788 5330 Εἰ
1845 5270 2034 5349 ἆμαρ-

427 5362 599 5429 τωλός
644 5365 785 5421 ἐστιν
871 5365 968 5421 οὐκ
1013 5352 1150 5419 οἷδαο
1188 5361 1243 5420 ἓν
1274 5351 1420 5430 οἶδα,
1450 5359 1530 5419 ὅτι
1560 5359 1752 5441 τυφλὸς
1783 5357 1884 5433 ὢν,
1915 5359 2034 5439 ἄρτι

430 5452 635 5531 βλέπω.
686 5442 858 5512 Εἶπον
906 5451 960 5512 δὲ
1010 5453 1156 5530 αὐτῷ
1195 5451 1374 5509 πάλιν
1411 5449 1485 5512 Τί
1511 5449 1726 5520 ἐποίησέ
1754 5473 1874 5524 σοι;
1920 5453 2034 5516 πῶς

423 5542 599 5614 ἤνοιξέ
683 5565 780 5602 σου
834 5541 955 5609 τοὺς
1031 5541 1368 5621 ὀφθαλμούςς
1476 5540 1762 5621 Ἀπεκρίθη
1837 5545 2030 5606 αὐτοῖς·

427 5625 594 5695 Εἶπον
635 5635 763 5711 ὑμῖν
814 5632 919 5706 ἤδη
943 5677 960 5705 ,
990 5631 1080 5690 καὶ
1112 5632 1206 5689 οὐκ
1235 5631 1536 5704 ἠκούσατε,
1570 5629 1623 5688 τί
1661 5631 1823 5690 πάλιν
1857 5632 2033 5691 θέλετε

419 5725 662 5798 iamiam;
711 5723 813 5795 Μὴ
857 5722 952 5782 καὶ
1004 5723 1154 5798 ὓμεῖς
1196 5721 1430 5798 μαθηταὶ
1473 5723 1633 5780 αὐτοῦ
1685 5721 1862 5782 θέλετε
1891 5719 2032 5801 γενέ-

416 5822 574 5894 σθαι;
627 5813 1034 5894 Ἐλοιδόρησαν
1060 5801 1152 5870 οὖν
1184 5809 1371 5885 αὐτὸν,
1416 5812 1507 5872 καὶ
1534 5801 1702 5871 εἷπονο
1734 5809 1814 5872 Σὺ
1847 5802 1898 5870 εἷ
1931 5835 2034 5890 μα-

1155 4732 1389 4800 Ἐκεῖνος
1428 4731 1618 4810 γάρτοι
1647 4731 1849 4811 μάρτυς
1878 4705 2031 4790 ἀνέκ-
2057 4705 2108 4768 D
2142 4727 2424 4800 perculsus
2473 4725 2631 4783 testis
2680 4743 2694 4782 :

2142 3470 2401 3528 dixerunt
2467 3489 2481 3527 :
2540 3473 2783 3526 ditatem
2825 3468 3011 3538 habet,
3076 3469 3257 3541 ipsum
3299 3468 3652 3541 interrogate.
3707 3493 3733 3518 ι»

2139 3564 2276 3618 Tres
2317 3561 2772 3633 interrogationes
2815 3559 3127 3615 obtulerant
3192 3557 3453 3614 Pharisaei
3500 3559 3739 3630 parenti-

2139 3651 2242 3706 bus
2267 3651 2419 3720 cazci;
2476 3667 2608 3706 num
2631 3651 2771 3706 ﬁlius
2797 3666 2992 3706 eorum
3013 3656 3175 3718 esset,
3202 3665 3339 3704 num
3377 3664 3556 3705 caecus
3575 3658 3740 3705 natus

2139 3749 2301 3804 esset,
2332 3749 2386 3795 et
2431 3740 2712 3812 quomodo
2753 3739 2930 3794 visum
2971 3739 3284 3808 recepisset.
3311 3740 3384 3792 Et
3408 3737 3483 3792 illi
3513 3737 3736 3810 quidem

2137 3829 2248 3886 duo
2295 3827 2556 3898 fatentur,
2610 3827 2764 3900 quod
2814 3827 2960 3882 ﬁlius
3001 3841 3218 3894 eorum,
3269 3833 3325 3880 et
3369 3826 3520 3897 quod
3561 3841 3739 3883 caecus

2137 3918 2332 3988 fuerit;
2365 3917 2596 3974 modum
2625 3924 2814 3972 autem
2857 3914 3158 3972 sanationis
3187 3914 3444 3986 ignorant
3491 3931 3506 3969 :
3537 3922 3591 3969 et
3629 3914 3735 3971 hoc

2139 4009 2369 4064 omnino
2418 4006 2770 4080 contingebat
2806 4013 2867 4063 ut
2911 4003 3188 4061 confessio
3235 4003 3478 4060 veritatis
3523 4002 3738 4060 ﬁrmior

2139 4099 2312 4169 ﬁeret,
2351 4106 2406 4155 et
2442 4097 2521 4154 ita
2546 4097 2662 4169 ipse
2705 4096 2800 4169 qui
2848 4094 3174 4152 beneﬁcium
3215 4093 3408 4160 sensit,
3440 4102 3496 4149 et
3525 4093 3630 4150 ﬁde
3655 4091 3738 4149 di-

2139 4189 2298 4262 gnior
2337 4196 2474 4257 erat,
2524 4193 2819 4243 testaretur
2868 4185 2980 4253 illa,
3028 4184 3170 4241 sicut
3213 4191 3271 4240 et
3322 4191 3570 4256 parentes
3620 4183 3737 4256 ejus

2139 4277 2352 4346 dicunt,
2385 4301 2410 4326 ιι
2451 4279 2572 4350 Ipse
2601 4284 2827 4334 aetatem
2853 4274 3036 4331 habet.
3074 4298 3099 4324 ιι
3132 4274 3397 4347 Nunquid
3427 4273 3603 4330 infans
3631 4281 3733 4341 est,

2139 4367 2221 4424 vel
2267 4366 2534 4439 stupidus,
2585 4375 2650 4422 ut
2679 4382 2797 4422 non
2835 4364 3161 4422 intellexerit
3204 4363 3486 4435 quomodo
3517 4371 3739 4420 sanatus

2140 4457 2244 4514 sit?
2276 4480 2302 4506 «
2341 4459 2476 4514 Haac
2497 4464 2689 4513 autem
2718 4453 2975 4512 dixerunt
3017 4459 3271 4526 parentes
3299 4452 3436 4525 ejus,
3472 4475 3497 4501 ιο
3534 4453 3733 4508 timen-

2140 4555 2224 4603 tes
2271 4546 2578 4602 Pharisaeos
2632 4563 2646 4600 :
2703 4545 2776 4601 ita
2825 4543 3006 4599 adhuc
3073 4550 3230 4598 erant
3283 4538 3627 4597 inexercitati
3683 4547 3740 4595 et

2140 4637 2490 4710 ignobiliores
2549 4635 2676 4692 ﬁlio.
2735 4636 2881 4692 Nam
2936 4633 3027 4689 ille
3082 4631 3323 4688 veritatis
3373 4630 3578 4687 mansit
3627 4629 3735 4685 im-

2740 4725 2815 4781 ita
2855 4731 2913 4780 et
2961 4722 3214 4780 illustrati
3262 4730 3420 4779 erant
3472 4719 3738 4778 mentales

2141 4817 2263 4890 ejus
2291 4815 2456 4873 oculi.

2214 5008 2392 5061 Vens.
2443 5008 2638 5060 24-29.
2692 5026 2718 5053 (ι
2751 5004 3099 5059 Vocaverunt
3134 5015 3266 5073 ergo
3303 5014 3528 5057 rursum
3555 4997 3737 5054 homi-

2141 5111 2272 5151 nem
2300 5095 2393 5168 qui
2443 5093 2621 5151 fuerat
2646 5107 2845 5161 caecus,
2879 5099 2936 5148 et
2982 5091 3238 5148 dixerunt
3265 5089 3314 5145 ei
3347 5107 3361 5144 :
3396 5092 3481 5143 Da
3511 5087 3742 5158 gloriam

2141 5188 2285 5242 Deo.
2347 5186 2459 5242 Nos
2511 5183 2714 5239 scimus
2765 5181 2914 5254 quod
2968 5180 3058 5237 hic
3103 5179 3272 5235 homo
3329 5184 3584 5249 peccator
3633 5184 3739 5234 est.

2142 5273 2452 5347 Respondit
2507 5289 2636 5345 ergo
2689 5271 2798 5338 ille,
2855 5279 2909 5328 et
2949 5270 3086 5327 dixit
3137 5288 3152 5324 :
3200 5271 3290 5323 An
3343 5273 3604 5338 peccator
3648 5265 3738 5334 sit,

2143 5365 2330 5421 nescio
2357 5380 2372 5420 :
2404 5379 2580 5420 unum
2608 5361 2742 5429 scio,
2771 5359 2919 5433 quod
2967 5374 3147 5416 cmcus
3189 5371 3317 5412 cum
3361 5371 3564 5421 essem,
3591 5370 3742 5412 nunc

2145 5454 2378 5510 videam.
2422 5453 2695 5509 Dixerunt
2737 5466 2866 5521 ergo
2891 5448 2967 5504 illi
2997 5448 3200 5504 iterum
3232 5461 3246 5498 :
3275 5444 3422 5515 Quid
3455 5443 3581 5501 fecit
3607 5445 3738 5501 tibi?

2145 5542 2432 5618 quomodo
2460 5541 2674 5614 aperuit
2699 5540 2824 5594 tibit
2858 5537 3084 5594 oculos?
3121 5534 3426 5606 Respondit
3456 5534 3532 5590 eis
3565 5552 3580 5590 :
3613 5533 3741 5590 Dixi

2144 5634 2298 5690 vobis
2334 5633 2475 5706 jam,
2505 5647 2609 5688 nec
2651 5627 2900 5694 audistis,
2939 5642 3041 5683 cur
3072 5625 3271 5682 iterum
3319 5625 3486 5681 vultis
3514 5623 3741 5680 audire?

2145 5726 2290 5780 Num
2321 5724 2485 5780 etiam
2509 5737 2608 5778 vos
2637 5718 2801 5775 vultis
2825 5715 3076 5788 discipuli
3116 5715 3237 5788 ejus
3267 5715 3379 5771 ﬁeri
3398 5717 3422 5769 Ρ
3444 5711 3744 5770 Conviciati

2145 5822 2276 5871 sunt
2303 5828 2437 5888 ergo
2465 5811 2537 5881 ei,
2562 5819 2618 5868 et
2643 5808 2903 5867 dixerunt
2949 5823 2964 5861 :
2996 5809 3079 5862 Tu
3103 5805 3402 5878 discipulus
3427 5802 3571 5859 illius
3598 5807 3742 5865 esto,
