4198 6452
463 485 530 537 55
1488 469 2002 528 THEOPHYLACTI
2039 466 2396 523 BULGARL‘E
2433 463 2748 520 ARCHIEP.
3697 457 3763 511 56

458 621 560 663 nos
605 612 788 661 autem
827 603 971 658 Mosi
997 601 1246 673 discipuli
1274 616 1485 657 sumus.
1518 603 1634 656 Nos
1670 598 1875 655 scimus
1904 593 2050 668 quod

2168 591 2324 664 θητὴς
2366 591 2603 668 ἐκείνου,
2655 593 2811 666 ἡμεῖς
2866 586 2921 646 δὲ
2983 583 3224 651 Μωσέως
3281 581 3438 660 ἐσμὲν
3495 580 3759 673 μαθηταί.

456 694 596 752 Mosi
626 695 843 750 locutus
889 700 969 748 est
997 694 1169 758 Deus,
1215 690 1360 746 hunc
1389 698 1570 745 autem
1602 687 1874 743 nescimus
1903 683 2049 740 unde

457 786 544 842 sit.
596 808 621 833 ιο
665 789 965 854 Postquam
1014 789 1266 853 parentes
1307 781 1596 835 incitarant
1637 787 1698 833 ut
1738 777 1883 832 ﬁlius
1919 790 2049 830 suus

455 875 900 946 interrogaretur,
939 871 1044 925 hoc
1084 868 1290 924 faciunt
1319 868 1638 940 importuni,
1680 875 1735 921 et
1767 865 2052 920 adducunt

454 963 616 1018 illum
640 978 750 1016 non
781 969 840 1015 ut
868 961 1232 1029 interrogent,
1263 957 1362 1012 sed
1390 966 1451 1012 ut
1479 954 1848 1011 calumniandi
1878 952 2052 1008 medi-

457 1068 584 1108 cum
611 1050 894 1107 materiam
923 1049 1022 1121 ipsi
1053 1047 1418 1120 suppeditent.
1477 1071 1502 1095 «ε
1538 1049 1619 1101 Da
1641 1047 1791 1101 enim
1821 1043 2052 1116 gloriam

456 1144 598 1209 Deo,
626 1163 651 1188 ιι
675 1139 969 1211 signiﬁcat:
993 1137 1268 1193 Conﬁtere
1289 1135 1437 1208 quod
1457 1138 1620 1191 Jesus
1647 1133 1776 1189 nihil
1793 1141 2054 1205 operatus

458 1238 543 1286 est
578 1231 639 1285 in
667 1244 780 1284 me.
825 1227 1073 1284 Gloriam
1099 1226 1248 1282 enim
1278 1240 1394 1281 esse
1420 1225 1520 1280 Dei
1559 1231 1774 1296 putant,
1814 1221 1885 1278 de
1923 1224 2054 1276 Jesu

456 1318 588 1374 nihil
619 1318 826 1374 bonum
856 1314 1118 1372 attestari.
1146 1338 1170 1362 «ι
1196 1318 1309 1370 Nos
1337 1314 1483 1369 enim
1513 1314 1740 1384 scimus,
1772 1310 2050 1382 inquiunt,

458 1407 608 1478 quod
637 1407 705 1462 sit
742 1414 1011 1478 peccator.
1060 1428 1085 1452 ι
1126 1403 1422 1476 Quomodo
1455 1403 1615 1474 igitur
1640 1418 1754 1458 non
1802 1397 2055 1472 arguistis

458 1512 586 1552 eum
632 1496 851 1568 quando
897 1493 1209 1566 provocavit
1256 1509 1373 1560 vos,
1427 1492 1615 1547 dicens
1666 1510 1679 1546 :
1731 1514 1753 1536 σε
1807 1489 1944 1559 Quis
1988 1503 2053 1542 ex

458 1585 617 1641 vobis
658 1591 852 1656 arguet
887 1599 978 1639 me
1006 1582 1074 1638 de
1119 1591 1342 1654 peccato
1366 1585 1448 1639 4*?
1477 1605 1502 1631 π
1530 1585 1604 1637 At
1641 1595 1820 1637 caecus
1852 1577 2052 1650 inquit,

461 1695 490 1723 α
531 1675 585 1730 Si
627 1675 847 1745 quidem
893 1682 1141 1744 peccator
1182 1681 1290 1741 est,
1324 1673 1538 1740 nescio;
1592 1695 1617 1720 ν
1664 1670 1772 1726 hoc
1814 1678 1914 1733 est,
1946 1683 2057 1722 non

456 1778 603 1819 nunc
631 1763 883 1819 examino
915 1762 1040 1829 hoc,
1073 1778 1248 1834 neque
1280 1760 1494 1818 afﬁrmo
1542 1780 1556 1817 :
1610 1782 1636 1809 ιι
1665 1759 1798 1815 illud
1830 1757 2054 1830 quidem

456 1852 747 1908 manifeste
767 1853 900 1920 scio,
926 1875 950 1900 υ
979 1851 1130 1925 quod
1153 1852 1478 1907 miraculum
1495 1850 1548 1905 in
1573 1865 1662 1906 me
1684 1848 1909 1921 perfecit
1936 1867 1947 1900 ε
1972 1860 2060 1902 res

455 1941 571 2013 ipsa
616 1958 764 1997 nunc
804 1958 901 2013 per
944 1943 1176 2012 seipsam
1215 1940 1614 2008 consideretur,
1651 1948 1704 1994 et
1726 1936 2054 1992 sententiam
2085 1918 2133 1980 Β

455 2029 528 2087 de
571 2047 629 2086 se
659 2029 821 2086 ferat.
867 2030 1080 2085 Deinde
1121 2030 1246 2101 quia
1277 2044 1420 2099 saepe
1451 2029 1848 2098 interrogantes
1879 2025 2052 2092 illum,

457 2117 604 2188 Quid
650 2119 779 2174 fecit
806 2118 947 2173 tibi?
984 2127 1209 2189 pr0pter
1238 2117 1559 2172 unctionem
1591 2117 1722 2182 luti,
1755 2130 1878 2187 quae
1910 2113 2055 2169 facta

459 2216 576 2263 erat
599 2208 771 2278 639
790 2208 845 2261 in
873 2206 1134 2273 Sabbato,
1158 2205 1558 2261 insidiabantur
1582 2204 1868 2267 Salvatori,
1890 2203 2060 2258 sensit

460 2305 648 2352 autem
677 2296 844 2351 homo
867 2311 977 2350 non
999 2295 1066 2351 ad
1085 2294 1430 2362 discendum,
1454 2295 1551 2350 sed
1571 2295 1638 2349 ad
1657 2292 2056 2360 insidiandum,

459 2385 941 2458 interrogationem
989 2384 1356 2456 proposuisse,
1399 2385 1670 2440 austerius
1717 2384 1791 2439 eis
1837 2398 2060 2453 respon-

460 2473 540 2531 dit
571 2477 798 2546 :Neque
824 2474 990 2542 enim,
1023 2473 1216 2545 inquit,
1257 2489 1512 2529 sermone
1543 2475 1683 2529 ultra
1717 2488 1813 2528 vos
1840 2470 2055 2542 dignor.

459 2567 600 2620 Nam
631 2564 848 2636 quoties
879 2564 1030 2619 vobis
1059 2564 1192 2631 dixi,
1235 2571 1292 2619 et
1323 2579 1434 2618 non
1465 2561 1810 2618 attendistis?
1837 2558 2056 2615 Deinde

459 2653 608 2725 quod
642 2653 879 2708 maxime
904 2653 1027 2708 illos
1051 2653 1353 2720 cruciabat,
1379 2651 1564 2707 subdit
1588 2669 1601 2706 :
1638 2675 1663 2700 α
1690 2655 1844 2708 Num
1877 2659 1933 2705 et
1960 2665 2057 2704 vos

466 2741 630 2797 vultis
667 2741 914 2812 discipuli
958 2742 1074 2813 ejus
1121 2741 1275 2796 ﬁeri?
1318 2765 1344 2791 η
1395 2742 1649 2796 Declarat
1675 2749 1856 2795 autem
1907 2737 2059 2809 quod

459 2829 578 2901 ipse
624 2831 850 2900 quidem
893 2830 1190 2900 discipulus
1235 2831 1354 2901 ejus
1405 2846 1521 2885 esse
1571 2829 1712 2884 velit.
1763 2830 2056 2895 Cmterum,
2103 2828 2113 2832 ’

461 2918 737 2973 incessens
799 2933 894 2973 eos
937 2919 1147 2989 placide
1200 2920 1317 2974 haec
1371 2919 1528 2986 dicit,
1577 2916 1726 2988 quod
1772 2933 1902 2973 sane
1955 2916 2060 2972 fuit

460 3007 660 3062 animae
711 3007 896 3063 liberae
945 3015 1000 3062 et
1044 3007 1347 3078 intrepidae,
1394 3015 1448 3061 et
1484 3023 1596 3061 non
1636 3006 1876 3062 curantis
1907 3006 2058 3060 insa-

459 3095 605 3150 niam
640 3096 882 3151 illorum.
915 3095 1006 3151 Ad
1033 3096 1190 3168 cujus
1231 3096 1531 3150 convitium
1579 3095 1673 3160 illi,
1727 3119 1750 3144 ιι
1779 3099 1864 3151 Tu
1905 3094 2060 3149 disci-

2163 683 2356 759 Ἡμεῖς
2402 681 2619 756 οἴδαμεν
2641 724 2656 755 ,
2690 675 2768 736 δ’τι
2808 681 2995 736 Μωσεῖ
3021 675 3277 747 ἐλάλησεν
3325 677 3352 730 6
3393 670 3546 738 Θεόςσ
3575 674 3761 759 τοῦτον

2160 772 2213 832 δὲ
2246 775 2342 830 οὐκ
2366 770 2617 845 οἴδαμεν,
2667 765 2824 825 πόθεν
2865 765 3028 826 ἐστίν.
3065 791 3085 817 ιο
3119 761 3343 833 Ἐπειδὴ
3388 767 3438 822 οἳ
3470 763 3639 840 γονεῖς
3669 757 3759 816 τὸν

2159 863 2268 920 υἱὸν
2301 863 2474 919 αὐτῶν
2503 861 2606 916 δεῖν
2635 860 2961 936 ἐρωτηθῆναι
2992 853 3340 925 διανέστησαν
3361 900 3375 927 ,
3403 858 3556 910 τοῦτο
3577 853 3763 909 ποιοῦ·

2161 977 2243 1011 σιν
2295 953 2340 1010 οἱ
2395 947 2742 1029 ἐπηρεασταί·
2803 947 2893 1004 καὶ
2941 946 3004 1013 δὴ
3051 944 3382 1021 παράγουσιν
3441 941 3630 1016 αὐτὸν,
3663 940 3766 1018 οὐχ

2161 1042 2298 1100 ὥστε
2329 1043 2628 1120 ἐρωτῆσαι,
2666 1039 2785 1094 ἀλλ’
2817 1034 2956 1094 ὥστε
2990 1033 3279 1092 ὑποϐαλεῖν
3330 1035 3474 1110 αὐτῷ
3526 1051 3760 1108 κατηγο-

2163 1136 2323 1209 ρῆσαι
2362 1119 2461 1187 τοῦ
2514 1129 2862 1206 θεραπευτοῦ.
2922 1123 3001 1184 Τὸ
3055 1126 3195 1202 γὰρ,
3257 1150 3279 1174 α
3328 1120 3427 1188 Δὸς
3477 1119 3630 1188 δόξαν
3684 1120 3763 1209 τῷ

2162 1207 2312 1300 Θεῷ,
2373 1245 2398 1271 υ
2452 1225 2606 1277 τοῦτο
2653 1215 2928 1291 σημαίνει·
2978 1213 3367 1292 (Ομλόγησον,
3428 1210 3618 1300 φησὶν,
3648 1207 3764 1300 ..ὅτι

2165 1287 2372 1382 Ἰησοῦς
2421 1306 2569 1366 οὐδὲν
2633 1287 2918 1388 εἰργάσατο
2967 1287 3182 1379 εἷς-ἐμέ
3244 1287 3451 1376 (τοῦτο
3480 1297 3586 1380 γὰρ
3630 1287 3765 1357 εἶναι

2167 1399 2317 1468 δόξαν
2345 1400 2521 1470 Θεοῦ,
2544 1396 2604 1454 τὸ
2643 1399 2720 1474 τῷ
2755 1395 2930 1464 Ἰησοῦ
2963 1392 3128 1469 μηδὲν
3170 1391 3365 1470 ἀγαθὸν
3417 1410 3764 1471 προσμαρτυ-

2167 1495 2390 1569 ρεῖσθαι.
2413 1488 2435 1566 )
2461 1513 2483 1539 ι
2511 1489 2702 1559 Ίτιμεῖς
2725 1483 2827 1562 γὰρ
2857 1485 3075 1558 οἴδαμεν
3095 1527 3109 1555 ,
3153 1481 3312 1560 φασὶν
3334 1525 3351 1553 ,
3389 1478 3469 1539 ὅτι
3503 1479 3765 1557 ἁμαρτω-

2162 1564 2251 1644 λός
2281 1564 2423 1637 ἐστι,
2457 1598 2483 1633 ι)
2525 1577 2650 1639 Πῶς
2682 1564 2768 1630 οὖν
2802 1575 2898 1631 οὐκ
2928 1571 3186 1650 ἡλέγχετε
3223 1569 3413 1644 αὐτὸν,
3453 1567 3579 1627 ὅταν
3619 1589 3762 1645 προ-

2165 1667 2405 1726 εκαλεῖτο
2459 1669 2596 1741 ὑμᾶς
2648 1663 2847 1739 λέγων·
2899 1689 2923 1715 α
2981 1661 3080 1726 Τίς
3132 1661 3184 1728 ἐξ
3231 1663 3380 1736 ὑμῶν
3446 1656 3657 1736 ἐλέγχει
3697 1679 3767 1733 με

2267 1755 2279 1774 ι
2327 1757 2343 1778 ε
2507 1753 2519 1773 Ι
2722 1751 2738 1772 ‹
3076 1749 3089 1768 \
3303 1751 3343 1772 ς,
3422 1748 3436 1782 3
3530 1747 3548 1770 ς

2164 1779 2286 1836 περι
2318 1774 2618 1833 αμαρτιαςς
2657 1777 2686 1812 ι)
2742 1757 2792 1812 Ο
2838 1751 2892 1810 δὲ
2937 1753 3160 1830 τυφλος,
3203 1772 3231 1803 (ι
3280 1752 3345 1809 ιιι
3377 1771 3470 1823 μιν
3522 1769 3773 1826 αμαρτω-

2167 1832 2284 1917 λὸς,
2332 1832 2520 1924 φησὶν,
2569 1841 2744 1916 ἔστιν,
2799 1845 2892 1902 οὐκ
2929 1832 3068 1899 οἷδαο
3123 1864 3149 1892 ι
3190 1839 3492 1909 τουτέστιν,
3548 1839 3630 1896 Οὐ
3675 1839 3768 1893 νῦν

2168 1933 2391 2002 εξετάζω
2462 1937 2642 2005 τοῦτο,
2709 1929 2828 1991 οὐδὲ
2901 1928 3284 2010 ἀποφαίνομαιο
3358 1929 3528 1985 ἐκεῖνο
3587 1922 3771 2002 μέντοι

2164 2025 2281 2081 οἰδα
2314 2025 2526 2103 σαφῶς,
2581 2021 2660 2080 ὅτι
2699 2027 2881 2098 θαῦμα
2923 2021 3004 2079 ἐπ’
3034 2019 3152 2095 ἐμοὶ
3189 2017 3419 2077 ἐτέλεσε.
3477 2017 3559 2076 Τὸ
3596 2013 3768 2074 τοίνυν

2164 2123 2390 2192 πρᾶγμα
2433 2111 2563 2171 αὐτὸ
2610 2110 2727 2170 καθ’
2758 2109 2887 2169 αὑτὸ
2930 2107 3261 2192 σκοπείσθω,
3319 2107 3413 2165 καὶ
3445 2103 3541 2176 τὴν
3587 2107 3767 2185 ψῆφον

2166 2190 2298 2282 περὶή
2337 2203 2498 2259 αὐτοῦ
2568 2199 2852 2281 ἐκφερέτω.
2909 2190 3046 2260 Εἶτα
3096 2199 3280 2268 ἐπειδὴ
3328 2197 3488 2255 πάλιν
3546 2192 3772 2272 ἠρώτων

2167 2291 2342 2350 αὐτόν·
2393 2313 2423 2349 (ι
2453 2290 2525 2350 Τί
2557 2289 2776 2361 ἐποίησέ
2824 2313 2944 2361 σοι,
2977 2317 2999 2341 ι
3050 2287 3138 2345 διὰ
3177 2286 3272 2358 τὴν
3305 2289 3359 2345 ἐν
3385 2288 3460 2366 τῷ
3495 2282 3773 2363 Σαϐϐάτῳ

2165 2382 2373 2447 πάντως
2415 2379 2703 2458 γενομένην
2744 2379 3010 2458 ἐπέχρισιν
3054 2382 3148 2436 τοῦ
3189 2379 3361 2447 πηλοῦ
3396 2375 3776 2453 ἐπηρεάζοντες

2165 2474 2241 2552 τῷ
2273 2473 2519 2548 Σωτῆρι,
2552 2471 2745 2550 ᾔσθετο
2789 2469 2843 2527 δὲ
2877 2473 2903 2527 6
2936 2469 3210 2547 ἅνθρωπος
3241 2463 3468 2538 αὐτοὺς,
3502 2465 3600 2543 οὖχ
3631 2462 3772 2522 ὥστε

2166 2567 2387 2639 μαθεῖν,
2441 2562 2560 2616 ἀλλ’
2615 2559 2751 2616 ὥστε
2784 2558 3108 2638 ἐπηρεάσαι,
3140 2555 3234 2628 τὴν
3293 2555 3548 2633 ἐρώτησιν
3581 2575 3773 2610 ποιου-

2168 2648 2389 2727 μένους,
2457 2649 2890 2726 πληκτικώτερον
2967 2649 3140 2712 αὐτοῖς
3197 2644 3564 2724 ἀποκρίνεται·
3627 2639 3773 2702 Οὐδὲ

2164 2741 2354 2817 λόγου,
2387 2738 2583 2820 φησὶν,
2636 2739 2714 2796 ἔτι
2747 2742 2885 2810 ὑμᾶς
2930 2737 3076 2804 ἀξιῶο
3107 2734 3366 2801 πολλάκις
3415 2733 3518 2813 γὰρ
3569 2732 3773 2792 εἰπόντι

2167 2831 2224 2888 οὗ
2255 2819 2684 2906 προσεσχήκατε.
2724 2819 2863 2886 Εἶτα
2892 2827 2952 2886 τὸ
2989 2828 3225 2905 μάλιστα
3257 2823 3545 2900 δυνάμενον
3581 2819 3773 2888 αὐτοὺς

2165 2918 2388 2990 πλῆξαι,
2436 2916 2641 2994 ἐπάγειο
2695 2946 2720 2972 ιι
2754 2917 2847 2989 Μὴ
2886 2917 2976 2977 καὶ
3020 2919 3168 2991 ὑμεῖς
3216 2912 3466 2994 βούλεσθε
3525 2909 3770 2987 μαθηταὶ

2167 3011 2326 3068 αὐτοῦ
2370 3005 2656 3084 γενέσθαι;
2692 3033 2714 3058 ι
2769 3005 3056 3087 Ἔμφαίνει
3113 3011 3268 3082 γοῦν,
3319 3001 3399 3060 ὅτι
3447 3002 3600 3068 αὐτὸς
3655 3023 3763 3077 μα-

2168 3097 2328 3168 θητὴς
2375 3099 2536 3154 αὐτοῦ
2582 3089 2717 3154 εἶναι
2765 3096 3031 3174 βούλεται·
3083 3095 3286 3163 παίζων
3340 3091 3396 3150 δὲ
3440 3090 3627 3158 αὐτοὺς
3677 3088 3768 3147 καὶ

462 3185 622 3257 pulus
663 3185 804 3240 illius
841 3185 938 3253 sis,
965 3201 1067 3240 nos
1101 3193 1286 3240 autem
1337 3185 1475 3240 Mosi
1499 3184 1744 3256 discipuli
1779 3200 1992 3239 sumus.
2023 3203 2051 3237 ››

2168 3187 2440 3266 κωμῳδῶν
2460 3230 2477 3258 ,
2512 3185 2690 3265 ἡρέμα
2717 3185 2890 3244 ταῦτά
2922 3207 3110 3264 φησιν,
3143 3183 3170 3242 ὃ
3201 3185 3374 3263 ψυχῆς
3421 3183 3533 3239 ἐστι
3569 3181 3774 3258 πεπαῤ-

461 3274 726 3330 Videntur
750 3284 935 3329 autem
952 3283 1008 3329 et
1034 3274 1092 3329 in
1116 3274 1222 3329 hoc
1252 3274 1571 3341 mendaces;
1601 3290 1728 3329 nam
1755 3274 1800 3328 si
1822 3273 2060 3329 fuissent

461 3362 708 3433 discipuli
740 3364 928 3430 Mosis,
959 3372 1013 3419 et
1039 3364 1242 3420 Christi
1269 3363 1499 3418 fuissent
1523 3363 1792 3433 discipuli,
1825 3364 1973 3418 sicut
2004 3371 2058 3418 et

462 3451 579 3522 ipse
607 3451 823 3507 dicebat
871 3452 969 3515 eis,
1024 3475 1049 3501 ι
1099 3453 1153 3508 Si
1205 3451 1502 3508 crederetis
1544 3452 1708 3519 Mosi,
1760 3451 2060 3507 crederetis

463 3540 652 3611 utique
679 3541 835 3595 mihi.
865 3565 888 3588 ιο
912 3544 1034 3597 Non
1063 3541 1323 3596 dixerunt
1345 3549 1548 3609 autem,
1576 3544 1689 3596 Nos
1714 3541 2054 3597 audivimus:

469 3628 592 3694 sed,
624 3652 649 3677 α
681 3632 795 3685 Nos
825 3630 1034 3685 scimus
1057 3630 1206 3702 quod
1230 3631 1378 3686 Mosi
1409 3631 1624 3686 locutus
1653 3631 1722 3686 sit
1748 3633 1898 3686 Deus
1921 3633 1994 3696 4',
2025 3650 2052 3683 »

467 3718 719 3789 quamvis
774 3736 804 3773 a
845 3720 1160 3790 parentibus
1202 3720 1313 3775 suis
1359 3719 1658 3788 audissent,
1707 3729 1952 3776 exactam
2001 3735 2060 3775 se

463 3806 662 3863 habere
703 3808 986 3864 scientiam
1017 3808 1271 3865 dicebant
1315 3808 1381 3865 de
1410 3809 1478 3864 iis
1507 3825 1629 3881 qua
1678 3825 1772 3880 per
1813 3809 2060 3865 auditum

465 3907 785 3969 receperant
814 3917 827 3954 :
852 3915 981 3955 eum
1009 3908 1195 3956 autem
1220 3915 1390 3970 quem
1417 3899 1586 3954 oculis
1613 3899 1864 3954 viderant
1891 3899 2056 3954 mira-

465 3987 587 4041 cula
614 3985 919 4055 facientem,
952 3996 1009 4042 et
1026 4003 1189 4058 quem
1225 3987 1511 4042 audierant
1539 3987 1717 4042 divina
1747 3995 1803 4041 et
1827 4003 2059 4058 superna

465 4074 809 4144 loquentem,
858 4076 1220 4147 impostorem
1262 4075 1549 4131 vocabant.
1594 4075 1764 4132 Vides
1802 4076 2058 4147 insipien-

465 4166 601 4221 tiam
625 4183 653 4221 a
681 4167 882 4222 malitia
909 4167 1245 4238 profectam?

2172 3272 2535 3356 ῥησιασμένης
2565 3277 2654 3332 καὶ
2695 3275 3148 3345 ἀκαταπλήκτου,
3194 3275 3286 3331 καὶ
3321 3270 3395 3347 μὴ
3435 3267 3769 3345 πτοουμένης

2170 3364 2264 3436 τὴν
2317 3363 2510 3441 μανίαν
2559 3366 2758 3425 αὐτῶν.
2848 3364 3084 3423 Ἐκεῖνοι
3134 3363 3187 3422 δὲ
3238 3360 3369 3440 πρὸς
3416 3358 3571 3439 ὕϐριν
3607 3359 3770 3415 αὐτοῦ

2170 3472 2321 3534 φασι⁶
2361 3476 2391 3508 (ι
2437 3451 2515 3511 Σὺ
2548 3442 2598 3510 εἷ
2643 3453 2886 3528 μαθητὴς
2935 3455 3166 3521 ἐκείνου,
3202 3454 3357 3524 ἡμεῖς
3403 3447 3459 3507 δὲ
3507 3452 3598 3506 τοῦ
3641 3450 3774 3506 Μω-

2170 3543 2302 3609 σέως
2350 3543 2509 3618 ἐσμὲν
2542 3543 2800 3617 μαθηταί.
2849 3570 2872 3594 ιι
2909 3541 3207 3602 Φαίνονται
3244 3539 3296 3598 δὲ
3329 3541 3383 3597 ἐν
3429 3537 3602 3616 τούτῳ
3645 3539 3774 3616 ψευ-

2169 3632 2401 3708 δόμενοι.
2521 3633 2587 3690 Εἰ
2617 3631 2717 3709 γὰρ
2760 3625 2896 3705 ἦσαν
2954 3635 3044 3689 τοῦ
3089 3629 3331 3696 Μωσέως
3374 3627 3648 3705 μαθηταὶ,
3685 3627 3776 3685 καὶ

2167 3727 2260 3780 τοῦ
2314 3721 2545 3801 Χριστοῦ
2601 3719 2663 3778 ἂν
2700 3713 2859 3794 ἦσαν·
2916 3719 3056 3779 καθὰ
3116 3720 3208 3780 καὶ
3259 3717 3414 3785 αὐτὸς
3457 3717 3638 3795 ἔλεγεν
3679 3717 3775 3774 αὖ·

2169 3820 2293 3879 τοῖς·
2330 3839 2354 3865 α
2389 3811 2454 3869 Εἰ
2499 3810 2803 3870 ἐπιστεύετε
2840 3815 3026 3870 Μωσεῖ
3048 3855 3064 3882 ,
3113 3807 3419 3868 ἐπιστεύετε
3470 3807 3533 3863 ἂν
3564 3804 3710 3881 ἐμοί.
3747 3833 3771 3861 α

2171 3905 2288 3961 Οὐκ
2313 3892 2455 3958 εἶπον
2479 3897 2556 3971 δὲ,
2591 3899 2670 3958 ὅτι
2697 3900 2886 3978 Ἡμεῖς
2917 3898 3240 3972 ἠκούσαμεν,
3267 3898 3386 3954 ἀλλ’
3416 3895 3498 3954 ὅτι
3528 3921 3553 3950 ιι
3587 3893 3779 3971 Ἡμεῖς

2171 3990 2410 4066 οἴδαμεν,
2443 3987 2521 4044 ὅτι
2558 3992 2747 4048 Μωσεῖ
2777 3991 3073 4060 λελάληκεν
3114 3993 3139 4047 6
3177 3987 3334 4053 Θεός.
3373 4011 3403 4040 ι)
3444 3987 3640 4044 Καίτοι
3669 3987 3776 4044 τῶν

2170 4079 2440 4159 προγόνων
2513 4079 2688 4145 αὐτοῖς
2775 4078 3246 4157 ἀπαγγειλάντων,
3324 4075 3520 4155 ἀκριϐῆ
3585 4079 3778 4153 γνῶσιν

2172 4171 2311 4248 ἔχειν
2360 4170 2641 4248 λέγουσιν,
2695 4160 2768 4227 ὧν
2817 4169 2871 4237 ἐξ
2917 4172 3078 4239 ἀκοῆς
3126 4166 3563 4247 παρειλήφεισανο
3610 4164 3666 4224 ὃν
3720 4164 3778 4222 δὲ

465 4259 572 4321 τοῖς
620 4259 906 4337 ὀφθαλμοῖς
961 4256 1184 4316 ἔϐλεπον
1245 4262 1781 4336 θαυματουργοῦντα,
1835 4258 1927 4316 καὶ
1999 4252 2058 4319 οὗ
2101 4259 2296 4332 ἤκουον
2348 4261 2461 4319 θεῖα
2510 4259 2602 4320 καὶ
2659 4257 2855 4318 ἄνωθεν
2904 4257 3300 4340 φθεγγομένου,
3344 4259 3528 4315 τοῦτον
3579 4253 3782 4313 πλάνον

469 4345 712 4403 ἐκάλουν.
747 4343 914 4425 εΟρᾷς
945 4347 1197 4418 ἀνοησίαν
1237 4347 1344 4404 ἀπὸ
1374 4348 1565 4414 κακίας
1597 4349 2161 4428 δεδημιουργημένηνς

544 4444 724 4499 Vnus.
753 4446 937 4499 30-33.
983 4467 1008 4492 α
1043 4445 1348 4516 Respondit
1367 4445 1453 4500 ille
1491 4445 1680 4514 homo,
1713 4454 1768 4500 et
1795 4446 1930 4501 dixit
1951 4447 2026 4504 eis
2054 4465 2066 4502 :
2098 4444 2152 4507 D

467 4535 532 4587 In
554 4532 659 4587 hoc
691 4533 837 4588 enim
865 4533 1111 4589 mirabile
1136 4535 1416 4606 quoddam
1444 4544 1543 4604 est,
1571 4533 1716 4607 quod
1740 4551 1836 4591 vos
1860 4537 2066 4592 nescia-

464 4621 536 4676 tis
576 4622 720 4678 unde
749 4622 838 4688 sit,
871 4631 925 4676 et
971 4632 1156 4678 tamen
1197 4624 1407 4695 aperuit
1434 4625 1624 4680 oculos
1655 4641 1824 4681 meos.
1853 4626 2067 4682 Scimus

467 4718 655 4765 autem
698 4710 849 4781 quod
879 4720 1187 4782 peccatores
1220 4717 1365 4768 Deus
1399 4729 1511 4768 non
1545 4713 1718 4781 audit,
1749 4715 1843 4770 sed
1881 4716 1924 4770 si
1949 4716 2067 4787 quis

468 4799 568 4853 Dei
614 4798 792 4853 cultor
837 4809 939 4865 est,
983 4809 1036 4856 et
1075 4801 1333 4858 voluntati
1368 4803 1486 4874 ejus
1510 4803 1889 4875 obtemperat,
1923 4804 2069 4861 hunc

468 4887 636 4944 audit.
663 4891 713 4941 A
740 4889 941 4944 saeculo
970 4905 1081 4944 non
1118 4899 1200 4946 est
1239 4891 1491 4946 auditum
1521 4893 1669 4964 quod
1700 4893 1824 4964 quis
1851 4895 2068 4965 aperuit

469 4977 661 5031 oculos
687 4977 816 5033 caeci
840 4976 971 5032 nati.
1004 4978 1117 5033 Nisi
1157 4989 1302 5035 esset
1325 4979 1413 5035 hic
1435 4995 1465 5035 a
1493 4983 1630 5049 Deo,
1660 4997 1772 5036 non
1802 4983 2067 5053 potuisset

469 5064 648 5121 facere
678 5065 1000 5138 quidquam.
1037 5089 1060 5115 η
1094 5069 1226 5134 Vos,
1264 5069 1464 5141 inquit,
1516 5085 1549 5124 ο
1578 5069 1774 5139 Judaei,
1807 5071 2067 5143 rejecistis

468 5170 597 5210 eum
627 5156 717 5226 qui
769 5171 857 5210 me
884 5155 1112 5221 sanavit,
1158 5158 1313 5227 quasi
1352 5158 1656 5215 nescientes
1685 5177 1813 5216 eum
1850 5179 1878 5213 ι(
1920 5160 2068 5216 unde

469 5242 539 5297 sit
571 5261 583 5296 :
617 5266 643 5292 ι
691 5259 792 5316 ego
833 5253 1020 5299 autem
1063 5244 1189 5300 dico
1219 5246 1370 5317 quod
1408 5256 1626 5319 propter
1650 5248 1754 5305 hoc
1784 5251 1957 5322 magis
1985 5259 2068 5307 est

467 5331 752 5398 mirabilis,
776 5333 898 5404 quia
930 5333 1102 5389 homo
1122 5350 1235 5389 non
1264 5344 1348 5391 est
1385 5351 1452 5391 ex
1478 5337 1754 5394 nobilibus
1781 5341 1926 5410 apud
1949 5357 2064 5410 vos,

468 5434 644 5489 neque
685 5435 750 5474 ex
786 5421 997 5478 honore
1045 5423 1309 5493 praeditis,
1342 5427 1433 5497 qui
1466 5427 1591 5481 talia
1642 5437 1841 5498 potest.
1881 5433 1951 5485 Et
1995 5431 2068 5486 ita

467 5507 707 5578 undique
735 5511 1087 5566 manifestum
1117 5521 1200 5568 est
1227 5514 1375 5586 quod
1417 5515 1492 5571 sit
1520 5517 1744 5588 majoris
1781 5518 2066 5590 cujusdam

467 5596 748 5667 potentiae,
785 5613 958 5669 neque
1001 5600 1242 5657 humano
1285 5603 1529 5675 indigeat
1566 5607 1790 5663 auxilio.
1833 5610 2066 5679 Insuper

569 5788 585 5814 ι
612 5777 772 5830 Joan.
806 5791 945 5842 vm,
971 5785 1060 5833 46.
1140 5783 1188 5826 4²
1218 5783 1376 5836 Joan.
1411 5798 1470 5851 v,
1494 5789 1585 5838 46.

2261 4465 2285 4491 α
2331 4437 2612 4519 Ἀπεκρίθη
2667 4441 2694 4496 6
2742 4437 3051 4517 ἅνθρωπος,
3111 4434 3204 4495 καὶ
3235 4423 3378 4494 εἶπεν
3413 4434 3607 4501 αὐτοῖς’
3684 4432 3781 4494 Ἔν

2174 4527 2276 4608 γὰρ
2321 4529 2490 4608 τούτῳ
2534 4525 2840 4604 θαυμαστόν
2892 4529 3062 4600 ἐστιν,
3125 4527 3206 4582 ὅτι
3254 4527 3404 4599 ὓμεῖς
3451 4523 3549 4581 οὐκ
3599 4523 3778 4582 οἴδατε

2234 4619 2244 4635 1
2471 4619 2483 4640 ι
2636 4618 2648 4634 ι
2702 4619 2716 4638 3
2766 4615 2778 4633 ι
2829 4615 2882 4636 γι
3094 4613 3109 4638 \
3439 4612 3452 4632 I
3657 4611 3708 4634 να

2175 4626 2332 4676 ποθεν
2377 4620 2489 4677 ἐστι
2510 4663 2526 4692 ,
2564 4641 2655 4676 και
2689 4639 2880 4694 ανεῳςε
2906 4640 3004 4690 μου
3031 4639 3148 4681 τους
3178 4615 3506 4694 ὀφθαλμους.
3603 4617 3778 4673 Οιοα-

2180 4731 2274 4785 μεν
2305 4709 2390 4780 δὲ,
2427 4705 2506 4765 ὅτι
2553 4708 2892 4786 ἁμαρτωλῶν
2923 4710 2950 4764 6
2975 4706 3108 4772 Θεὸς
3154 4706 3250 4763 οὐκ
3291 4701 3496 4762 ἀκούειο
3538 4703 3657 4759 ἀλλ’
3689 4702 3781 4762 ἐάν

2176 4821 2256 4865 τις
2304 4796 2556 4868 θεοσεϐὴς
2599 4789 2666 4876 ᾗ,
2709 4796 2800 4854 καὶ
2843 4795 2902 4853 τὸ
2937 4795 3147 4870 θέλημα
3192 4795 3354 4852 αὐτοῦ
3394 4797 3554 4872 ποιῇ,
3591 4790 3780 4852 τούτου

2179 4886 2383 4946 ἀκούει.
2454 4886 2554 4946 Ἐκ
2595 4891 2684 4944 τοῦ
2718 4888 2907 4952 αἰῶνος
2934 4886 3029 4943 οὐκ
3057 4882 3292 4956 ἠκούσθη
3314 4928 3330 4959 ,
3373 4881 3454 4941 ὅτι
3501 4880 3673 4952 ἤνοιξέ
3701 4904 3782 4949 τις

2176 4974 2486 5056 ὀφθαλμοὺς
2532 4977 2732 5056 τυφλοῦ
2781 4973 3191 5051 γεγεννημένου.
3282 4975 3350 5032 Εἰ
3400 4968 3475 5047 μὴ
3523 4961 3587 5041 ῆν
3633 4960 3782 5038 οἶτος

2179 5063 2325 5146 παρὰ
2367 5068 2549 5138 Θεοῦ,
2604 5067 2699 5123 οὐκ
2741 5065 2969 5135 ἠδύνατο
3012 5065 3180 5121 ποιεῖν
3220 5059 3390 5121 οὐδέν.
3427 5083 3458 5116 δ)
3548 5058 3776 5135 Ὑμεῖς,

2178 5143 2364 5235 φησὶν,
2405 5143 2448 5212 ὦ
2480 5154 2760 5229 Ἰουδαῖοι,
2811 5152 3181 5212 ἀποϐάλλεσθε
3229 5152 3315 5210 τὸν
3376 5147 3782 5228 θεραπεύσαντά

2179 5267 2275 5321 με,
2322 5247 2394 5311 ὡς
2429 5243 2503 5320 μὴ
2556 5243 2752 5309 εἰδότες
2803 5242 2989 5312 αὐτὸν,
3053 5268 3079 5296 α
3129 5241 3288 5301 πόθεν
3323 5239 3483 5298 ἐστίν·
3514 5266 3535 5290 υ
3573 5236 3677 5318 ἐγὼ
3724 5239 3781 5296 δέ

2177 5355 2346 5412 φημι,
2399 5331 2480 5392 ὅτι
2528 5331 2614 5391 διὰ
2665 5337 2822 5390 τοῦτο
2871 5329 3075 5398 μᾶλλόν
3125 5331 3236 5389 ἐστι
3295 5327 3634 5400 θαυμαστὸς,
3697 5325 3780 5386 ὅτι

2177 5423 2453 5501 ἄνθρωπος
2485 5424 2544 5479 οὗ
2572 5424 2678 5479 τῶν
2712 5420 2992 5498 ἐπισήμων
3049 5420 3176 5500 παρ’
3204 5423 3351 5494 ὓμῶν
3388 5414 3494 5490 ὢν,
3529 5415 3644 5476 οὐδὲ
3674 5419 3780 5473 τῶν

2177 5510 2605 5588 δεδοξασμένων,
2662 5515 2882 5569 τοιαῦτα
2933 5509 3196 5582 δύναται,
3247 5506 3385 5568 ὥστε
3431 5506 3566 5565 εἶναι
3618 5508 3776 5576 δῆλον

2176 5601 2468 5676 πάντοθεν,
2513 5604 2582 5669 ὡς
2632 5600 2743 5659 ἔστι
2791 5599 3088 5679 κρείττονός
3123 5622 3262 5664 τινος
3314 5597 3626 5674 δυνάμεως,
3679 5595 3773 5652 οὖ-
