4198 6468
585 467 649 521 57
1387 459 1784 517 ENARRATIO
1823 462 1888 517 IN
1929 460 2204 517 EVANGE‘

2311 460 2365 516 M
2399 459 2699 516 JOANNIS.
2743 491 2808 501 —
2845 459 2998 517 CAP.
3040 462 3123 516 IX.
3843 466 3915 521 58

586 593 775 667 δεμιᾶς
825 583 1189 667 ,ἀνθρωπίνης
1268 584 1512 670 βοηθείας
1567 584 1833 663 δεόμενος.
1899 576 2035 646 Εἶτα
2111 586 2202 646 καὶ

2313 595 2439 668 quia
2463 595 2617 667 prius
2641 593 2898 652 dixerant
2920 594 3149 667 quidam
3178 609 3245 651 ex
3273 594 3375 662 eis,
3417 616 3444 647 «
3481 597 3779 669 Quomodo
3809 613 3915 670 po-

590 665 779 748 ἒπειδὴ
826 665 1242 757 προλαϐόντες,
1272 665 1275 666 ν
1300 665 1447 734 εἶπόν
1493 699 1630 743 τινες
1687 674 1739 744 ἐξ
1764 677 1956 735 αὐτῶν*
2002 702 2025 728 ι
2075 679 2205 743 Πῶς

591 770 813 829 δύναται
913 765 1196 845 ἄνθρωπος
1281 764 1598 845 ἁμαρτωλὸς
1699 768 1899 841 σημεῖα
1982 772 2201 826 τοιαῦτα

593 859 795 931 ποιεῖν;
833 886 858 910 ι
888 856 1071 917 λοιπὸν
1115 853 1208 914 καὶ
1242 855 1339 927 τὴν
1376 854 1586 913 ἐκείνων
1616 853 2034 935 παραλαμϐάνει
2080 854 2201 935 κρί-

593 973 715 1022 σιν,
754 946 850 1007 καὶ
889 949 993 1005 τῶν
1023 944 1232 1004 οἰκείων
1265 943 1452 1012 αὐτοὺς
1494 944 1893 1021 ὖπομιμνήσκει
1923 944 2199 1025 ῥημάτων.

593 1066 621 1091 ι
667 1036 916 1113 Οἴδαμεν
949 1062 975 1089 ιι
1000 1033 1128 1115 γὰρ,
1160 1033 1329 1115 φησὶ,
1358 1033 1574 1108 πάντες,
1605 1060 1629 1088 α
1675 1032 1756 1092 ὅτι
1785 1033 2126 1112 ἁμαρτωλῶν
2175 1038 2203 1094 ὃ

590 1128 734 1194 Θεὸς
782 1130 881 1186 οὐκ
932 1122 1134 1184 ἄκούεν
1180 1125 1298 1183 ἀλλ’
1351 1122 1443 1182 ἐάν
1482 1147 1562 1191 τις
1606 1121 1853 1194 θεοσεϐὴς
1901 1115 1958 1203 ᾗ,
2003 1123 2096 1182 καὶ
2142 1123 2203 1184 τὸ

591 1219 807 1293 θέλημα
863 1216 1023 1274 αὐτοῦ
1073 1216 1230 1293 ποιῇ,
1284 1210 1473 1272 τούτου
1532 1212 1732 1272 ἀκούει.
1782 1240 1806 1267 ιι
1866 1212 2070 1273 Σκόπει
2111 1237 2202 1291 μοι

593 1308 853 1378 ἐντεῦθεν,
925 1306 1039 1369 πῶς
1099 1306 1159 1362 οὗ
1222 1300 1383 1379 μόνον
1450 1302 1731 1383 ἁμαρτιῶν
1790 1302 2066 1374 ἀπήλλαξε
2115 1304 2201 1361 τὸν

596 1396 829 1475 Κύριον,
860 1393 999 1453 ἀλλὰ
1042 1390 1135 1451 καὶ
1165 1392 1370 1473 σφόδρα
1415 1391 1573 1450 αὐτὸν
1619 1390 1916 1472 ἀρέσκοντα
1963 1396 2039 1472 τῷ
2076 1395 2202 1472 Θεῷ

590 1486 850 1557 δείκνυσι,
901 1482 991 1543 καὶ
1038 1483 1105 1542 τὰ
1164 1482 1366 1542 ἐκείνου
1416 1480 1593 1541 πάντα
1640 1481 1965 1562 πράττοντα,
2017 1484 2070 1542 ἐν
2125 1485 2203 1562 τῷ

590 1577 783 1635 εἰπεῖν’
832 1600 861 1628 ιι
909 1572 1050 1640 Ἀλλ’
1091 1570 1183 1630 ἐάν
1229 1595 1307 1638 τις
1349 1570 1597 1638 θεοσεϐὴς
1637 1563 1706 1650 ᾗ,
1743 1570 1835 1631 καὶ
1876 1571 1937 1630 τὸ
1993 1572 2201 1649 θέλημα

591 1666 760 1724 αὐτοῦ
782 1667 928 1743 ποιῇ.
962 1688 984 1715 υ
1027 1651 1167 1723 Εἶτα
1202 1663 1322 1720 ἐπεὶ
1353 1660 1637 1739 ἐγίνωσκεν
1678 1659 1866 1729 αὐτοὺς
1901 1663 2202 1731 συσκιάζειν

590 1752 947 1835 βουλομένους
986 1752 1048 1812 τὸ
1096 1757 1303 1827 θαῦμα,
1344 1752 1498 1818 αὐτὸς
1544 1753 1747 1824 πολλῆς
1797 1751 2054 1819 συνέσεως
2112 1751 2203 1830 γέ-

588 1833 729 1922 μων,
759 1844 857 1915 τὴν
903 1841 1206 1922 εὐεργεσίαν
1253 1838 1627 1920 ἀνακηρύττει·
1688 1868 1712 1894 ιι
1750 1843 1814 1901 Εἰ
1866 1840 1942 1919 μὴ
1998 1840 2102 1921 γὰρ
2133 1833 2198 1914 ἧν

2308 692 2419 741 test
2446 685 2618 741 homo
2646 693 2907 757 peccator
2931 685 3086 757 signa
3115 683 3293 741 facere
3317 685 3480 741 talia?
3509 708 3535 734 ν
3569 686 3692 759 jam
3718 695 3776 743 et
3792 687 3916 743 illo-

2308 791 2436 831 rum
2475 775 2706 831 assumit
2744 773 3040 846 judicium,
3092 775 3150 829 in
3180 775 3515 831 memoriam
3547 776 3628 832 eis
3660 776 3907 848 ipsorum

2308 864 2473 920 verba
2499 863 2794 920 reducens.
2841 886 2867 912 α
2914 865 3129 920 Scimus
3178 887 3203 913 υ
3235 864 3409 934 enim,
3443 865 3645 937 inquit,
3686 882 3905 935 omnes,

2311 975 2339 1003 α
2370 952 2521 1026 quod
2545 955 2696 1010 Deus
2726 962 3039 1025 peccatores
3079 970 3195 1009 non
3221 954 3395 1022 audit,
3421 955 3516 1011 sed
3561 955 3608 1011 si
3639 955 3764 1028 quis
3804 954 3909 1011 Dei

2308 1043 2490 1100 cultor
2517 1042 2702 1111 fuerit,
2745 1051 2805 1099 et
2842 1043 3188 1100 voluntatem
3225 1042 3343 1115 ejus
3373 1042 3585 1112 fecerit,
3616 1043 3767 1099 hunc
3805 1060 3909 1101 au-

2307 1132 2408 1190 dit.
2443 1155 2470 1183 ao
2500 1131 2801 1190 Considera
2829 1132 2935 1189 hoc
2968 1132 3092 1189 loco
3121 1132 3405 1205 quomodo
3436 1149 3551 1189 non
3588 1134 3769 1190 solum
3798 1138 3912 1191 Do-

2307 1223 2528 1279 minum
2559 1222 2799 1278 alienum
2828 1219 2995 1278 faciat
3024 1237 3057 1278 a
3110 1222 3369 1293 peccatis,
3413 1221 3510 1279 sed
3548 1232 3603 1279 et
3648 1222 3911 1280 ostendat

2309 1327 2441 1369 eum
2468 1311 2625 1368 valde
2655 1312 2869 1383 placere
2898 1314 3036 1378 Deo,
3071 1319 3128 1368 et
3149 1310 3446 1368 facientem
3471 1311 3662 1368 omnia
3687 1327 3812 1384 qua;
3839 1311 3911 1369 ad

2308 1402 2467 1459 illum
2497 1400 2828 1474 pertineant,
2860 1400 3092 1458 dicendo
3120 1421 3133 1457 :
3166 1421 3195 1455 »
3229 1402 3337 1458 Sed
3372 1402 3422 1457 si
3445 1403 3571 1475 quis
3594 1402 3700 1457 Dei
3727 1402 3910 1458 cultor

2308 1490 2492 1560 fuerit,
2540 1500 2595 1548 et
2634 1492 2973 1548 voluntatem
2999 1489 3115 1560 ejus
3155 1489 3377 1549 fecerit.
3427 1511 3455 1544 »
3502 1495 3735 1563 Insuper
3776 1490 3907 1563 quia

2306 1580 2668 1652 cognoscebat
2708 1595 2803 1636 eos
2838 1579 3167 1636 adumbrare
3209 1580 3345 1636 velle
3387 1579 3744 1644 miraculum,
3791 1580 3911 1651 ipse

2310 1668 2601 1738 prudentia
2631 1670 2843 1742 plenus,
2886 1668 3306 1725 beneﬁcentiam
3340 1669 3603 1740 praedicat
3642 1688 3657 1725 :
3717 1692 3743 1718 α
3787 1669 3911 1725 Nisi

2308 1760 2457 1815 enim
2484 1759 2574 1815 hic
2600 1775 2632 1815 a
2663 1763 2780 1814 Deo
2826 1757 3044 1826 fuisset,
3078 1777 3107 1810 ι)
3140 1775 3256 1814 non
3280 1757 3502 1815 fecisset
3540 1760 3650 1814 tale
3677 1758 3913 1814 miracu-

2308 1849 2450 1918 lum,
2497 1848 2657 1922 quale
2701 1848 2883 1904 nullus
2923 1864 2954 1902 a
3000 1848 3224 1904 saeculo.
3280 1851 3427 1904 Nam
3474 1848 3649 1918 aperti
3693 1847 3915 1904 luerunt

588 1925 743 2000 οὗτος
786 1932 894 1991 ἀπὸ
924 1934 1099 2006 Θεοῦ,
1141 1957 1167 1984 ι
1216 1931 1315 1990 οὐκ
1359 1928 1423 1990 ἂν
1476 1935 1656 2008 θαῦμα
1696 1934 1982 2002 τηλικοῦτο
2025 1931 2203 2009 εἰργά-

2311 1938 2556 1995 fortassis
2584 1953 2859 1995 amcorum
2887 1936 3054 2005 oculi,
3102 1936 3198 1993 sed
3241 1936 3315 1992 illi
3345 1951 3461 1992 non
3504 1934 3731 1992 fuerunt
3756 1952 3787 1991 a
3815 1951 3912 1991 na-

592 2046 768 2096 σατο,
824 2013 931 2082 οἷον
984 2021 1150 2088 οὐδεὶς
1182 2023 1289 2079 τῶν
1323 2021 1419 2079 ἀπ’
1453 2021 1664 2088 αἰῶνος.
1725 2018 2058 2095 Ἦνοίγησαν
2101 2020 2196 2096 μὲν

590 2111 700 2192 γὰρ
750 2110 1012 2193 ὀφθαλμοὶ
1057 2112 1272 2191 τυφλῶν
1306 2110 1502 2190 τυχὸν,
1558 2111 1676 2167 ἀλλ’
1710 2111 1807 2169 οὖκ
1851 2108 1958 2167 ἀπὸ
1987 2113 2201 2187 γενετῆς

600 2200 1005 2281 πεπηρωμένοι,
1042 2201 1149 2260 ἀπό
1198 2221 1338 2267 τινος
1384 2199 1439 2258 δὲ
1493 2199 1710 2266 πάθους·
1766 2203 1924 2258 τοῦτο
1971 2197 2027 2256 δέ
2084 2200 2200 2259 ἐστι

590 2291 657 2352 τὸ
690 2291 856 2365 ξένον,
899 2289 929 2350 8
958 2294 1052 2348 νῦν
1098 2289 1333 2369 ἐγένετο.
1423 2287 1704 2369 Πρόδηλον
1737 2278 1858 2361 οἷν,
1897 2285 1979 2346 ὅτι
2008 2287 2199 2362 μείζων

590 2378 629 2452 ἢ
662 2380 805 2439 κατὰ
849 2378 1124 2460 ἄνθρωπόν
1153 2381 1300 2440 ἐστιν
1348 2382 1378 2437 ὁ
1420 2379 1705 2451 τηλικοῦτο
1737 2382 1917 2455 θαῦμα
1957 2377 2195 2444 τελέσας.

592 2469 743 2531 Ἀλλ’
784 2468 1045 2550 ἀποροῦσί
1093 2466 1494 2550 τινεςρψυχρὰν
1543 2466 1634 2526 καὶ
1692 2465 2005 2547 σοφιστικὴν
2066 2470 2199 2526 ἀπο-

594 2558 736 2637 ρίαν.
790 2562 952 2635 Πῶς,
988 2558 1168 2641 φασὶν,
1217 2549 1387 2634 εἶπεν,
1421 2556 1501 2617 ὅτι
1533 2585 1559 2610 ιι
1593 2555 1953 2636 Ἁμαρτωλῶν
1988 2560 2017 2615 δ
2065 2559 2202 2624 Θεὸς

595 2651 695 2709 οὔκ
750 2649 963 2722 ἀκούεις
1025 2675 1051 2703 ι
1113 2648 1220 2708 Καὶ
1279 2647 1389 2725 μὴν
1446 2647 1748 2726 εὐχομένων
1783 2650 2200 2727 συγχωρηθῆναι

592 2738 691 2805 τὰς
741 2737 1016 2819 ἁμαρτίας
1068 2736 1341 2797 ἐπακούειο
1388 2738 1757 2818 φιλάνθρωπος
1798 2736 1900 2815 γάρ
1950 2738 2086 2794 ἐστι.
2130 2735 2202 2796 Τί

592 2819 684 2889 οῦν
733 2832 873 2905 ἐστι,
904 2828 1083 2908 φασὶν,
1126 2825 1156 2886 8
1184 2830 1410 2886 ἐνταῦθα
1439 2827 1607 2905 λέγει,
1650 2827 1733 2886 ὅτι
1783 2852 1808 2879 α
1841 2824 2200 2904 Ἄμαρτωλῶν

590 2922 623 2978 ὃ
662 2918 803 2985 Θεὸς
849 2921 943 2977 οὐκ
993 2915 1207 2991 ἆκοόει;
1248 2942 1273 2968 ι
1320 2913 1478 2977 Ἔδει
1533 2914 1630 2991 μὲν
1684 2915 1815 2996 πρὸς
1865 2916 1933 2975 τὰ
1977 2920 2202 2974 τοιαῦτα

593 3007 735 3085 μηδὲ
793 3005 1189 3087 ἄποκρίνεσθαυ
1242 3001 1386 3083 ὅμως
1431 3004 1616 3085 ῥητέον
1641 3004 1722 3064 ὅτι
1768 3004 1828 3064 τὸ
1862 3006 2201 3083 ἁμαρτωλῶν

593 3096 675 3175 μὴ
705 3094 919 3155 ἀκούειν
990 3095 1079 3154 τὸν
1131 3094 1296 3171 Θεὸν,
1346 3099 1504 3154 τοῦτο
1546 3093 1817 3172 σημαίνει,
1871 3093 1952 3153 ὅτι
1996 3097 2024 3152 ὁ
2068 3094 2205 3161 Θεὸς

594 3188 798 3262 σημεῖα
833 3186 1145 3264 ἐργάζεσθαι
1199 3187 1307 3252 τοῖς
1338 3184 1678 3264 ἁμαρτωλοῖς
1728 3185 1787 3242 οὗ
1831 3182 2070 3244 δίδωσιν.
2119 3183 2201 3243 Οὐ

591 3274 701 3355 γὰρ
734 3274 999 3346 ἐνοικήσει
1042 3275 1104 3333 τὸ
1129 3277 1357 3351 Πνεῦμα
1402 3278 1494 3334 τοῦ
1520 3279 1663 3335 Θεοῦ
1691 3276 1744 3332 ἐν
1795 3273 2010 3351 σώματι
2037 3295 2202 3331 κατα·

592 3362 745 3445 χρέῳ
786 3363 1095 3442 ἁμαρτίαις,
1144 3362 1485 3439 Αἷτουμένων
1541 3362 1725 3442 μέντοι
1781 3361 1969 3440 ἄφεσιν
2030 3361 2208 3442 ἆμαρ-

589 3456 723 3513 τιῶν
769 3454 978 3525 ἀληθῶς
1025 3452 1119 3511 καὶ
1167 3450 1277 3510 ἀπὸ
1329 3451 1576 3531 καρδίας,
1627 3450 1931 3528 εἶσακούει,
1994 3455 2094 3531 οὐχ
2136 3453 2206 3519 ὣς

592 3543 961 3622 ἁμαρτωλῶν,
1015 3541 1133 3601 ἀλλ’
1179 3544 1249 3608 ὥς
1308 3541 1722 3619 μετανοούντων.
1771 3538 1950 3618 Ὁμοῦ
1997 3564 2057 3601 τε
2102 3537 2206 3619 γὰρ

596 3636 877 3692 αἰτοῦνται
918 3631 1014 3704 τὴν
1060 3630 1271 3711 ἄφεσιν,
1306 3629 1397 3689 καὶ
1433 3630 1766 3707 μετέστησαν
1798 3629 1906 3689 ἀπὸ
1948 3634 2044 3702 τῆς
2098 3634 2203 3689 τῶν

595 3721 945 3801 ἇμαρτωλῶν
996 3720 1192 3790 τάξεως
1232 3720 1305 3788 εἷς
1334 3719 1432 3791 τὴν
1475 3722 1580 3777 τῶν
1632 3717 2054 3796 μετανοούντων.
2108 3722 2207 3779 Εἶ-

596 3813 767 3877 κότως
816 3801 908 3870 οὖν
950 3810 1159 3891 εἴρηται
1213 3807 1296 3868 ὅτι
1345 3835 1370 3863 ι
1417 3807 1796 3889 Ἀμαρτωλῶν
1838 3813 1867 3868 ὁ
1924 3808 2059 3876 Θεὸς
2111 3810 2208 3869 οὐκ

598 3899 801 3962 ἀκούει.
855 3928 881 3953 ι
927 3900 1072 3961 Οὔτε
1115 3897 1221 3979 γὰρ
1284 3898 1622 3980 ἁμαρτωλοῖς
1673 3897 1857 3958 δίδωσι
1899 3896 1996 3971 τὴν
2046 3898 2204 3979 χάριν

594 3996 703 4050 τῶν
756 3989 1018 4064 σημείων.
1080 3993 1208 4056 Πῶς
1235 3991 1365 4070 γὰρ,
1410 3988 1659 4067 οὓς,καὶ
1721 3987 1811 4049 ἐὰν
1871 3986 2208 4061 αἰτήσωνταί

600 4103 733 4139 ποτε
765 4080 890 4160 περί
923 4102 1063 4147 τινος
1094 4075 1361 4156 τοιούτου,
1406 4087 1583 4156 μισεῖ,
1621 4082 1691 4146 ὡς
1719 4075 1787 4136 τὰ
1820 4078 1984 4155 μηδὲν
2031 4077 2206 4144 αὐτοῖς

598 4168 945 4249 προσήκοντα
991 4167 1491 4250 σφετεριζομένους
1538 4167 1630 4227 καὶ
1682 4165 1773 4226 ἐὰν
1823 4165 1991 4245 ἀκούῃ
2024 4166 2080 4227 δὲ
2122 4168 2206 4226 αἱ·

598 4260 875 4336 τουμένων
923 4258 1134 4340 ἄφεσιν,
1183 4261 1287 4336 οὐχ
1332 4261 1402 4326 ὡς
1440 4257 1775 4338 ἁμαρτωλῶν
1799 4301 1816 4330 ,
1848 4259 1967 4317 ἀλλ’
1999 4259 2070 4324 ὡς
2109 4280 2205 4333 με-

599 4347 929 4407 τανοούντων
961 4337 1162 4407 ἆκούει.
1196 4347 1402 4409 Σκόπει
1447 4346 1502 4406 δὲ
1532 4337 1647 4415 πῶς
1695 4337 1862 4419 εἶπεν,
1892 4345 1974 4405 ὅτι
2010 4373 2035 4400 α
2071 4345 2204 4407 Ἐάν

601 4461 684 4506 τις
733 4436 984 4510 θεοσεϐὴς
1017 4428 1074 4518 ᾗ,
1112 4464 1137 4491 ι
1188 4437 1282 4498 καὶ
1311 4437 1610 4519 προσέθηκε
1633 4481 1651 4513 ,
1682 4464 1706 4490 κ
1746 4436 1841 4497 καὶ
1887 4435 1948 4495 τὸ
1997 4436 2204 4512 θέλημα

2304 2028 2518 2085 tivitate
2545 2026 2719 2100 650
2743 2026 2899 2095 caci,
2930 2026 3026 2083 sed
3057 2028 3164 2083 alio
3211 2025 3453 2098 quodam
3498 2034 3704 2082 eventu
3744 2044 3759 2081 :
3805 2025 3913 2081 hoc

2305 2126 2493 2174 autem
2533 2132 2743 2185 rarum,
2788 2115 2937 2188 quod
2963 2131 3115 2172 nunc
3145 2114 3358 2172 factum
3398 2123 3502 2171 est.
3550 2112 3912 2172 Manifestum

2304 2207 2474 2280 igitur
2500 2206 2649 2279 quod
2674 2205 2851 2279 major
2879 2221 3046 2278 quam
3076 2204 3332 2261 homines
3359 2212 3511 2274 sunt,
3534 2204 3661 2261 talis
3683 2213 3786 2272 est,
3812 2205 3914 2277 qui

2308 2296 2638 2354 miraculum
2666 2294 2815 2352 fecit.
2845 2295 2952 2353 Sed
2998 2303 3259 2368 quaerunt
3286 2295 3508 2367 quidam
3541 2293 3807 2366 frigidam
3851 2302 3907 2351 et

2306 2386 2666 2458 sophisticam
2695 2386 3052 2457 quaestionem
3081 2404 3093 2440 :
3129 2384 3421 2455 Quomodo
3448 2385 3604 2449 dixit,
3636 2382 3913 2456 inquiunt,

2309 2476 2456 2549 quod
2502 2483 2816 2547 peccatores
2844 2478 2999 2531 Deus
3029 2490 3141 2529 non
3178 2473 3386 2541 audiat,
3429 2489 3559 2529 cum
3601 2473 3793 2530 audiat
3820 2487 3916 2528 eos

2309 2573 2589 2639 precantes
2631 2573 2693 2619 ut
2720 2564 3078 2619 remittantur
3108 2564 3368 2633 peccata?
3419 2564 3563 2617 Nam
3598 2561 3916 2618 misericors

2312 2663 2395 2712 est
2422 2653 2492 2710 ‘3.
2526 2653 2671 2723 Quid
2701 2653 2870 2725 igitur
2916 2661 3018 2717 est,
3050 2651 3259 2722 dicunt,
3295 2651 3443 2723 quod
3475 2651 3580 2708 hoc
3606 2652 3727 2707 loco
3763 2650 3917 2719 dicit,

2313 2767 2340 2794 α
2382 2745 2704 2801 Peccatores
2730 2759 2842 2798 non
2863 2741 3051 2798 audit?
3085 2765 3111 2790 ν
3143 2741 3447 2814 Oportebat
3474 2749 3663 2797 autem
3691 2739 3761 2796 ad
3785 2739 3918 2796 talia

2304 2849 2377 2891 ne
2430 2832 2763 2905 respondere
2822 2831 3079 2904 quidem;
3139 2830 3586 2903 respondendum
3635 2837 3832 2885 tamen
3897 2846 3911 2884 :

2307 2923 2469 2996 Quod
2497 2946 2522 2972 ιι
2546 2925 2696 2978 Deus
2726 2930 3039 2993 peccatores
3069 2937 3182 2978 non
3211 2920 3385 2989 audit,
3420 2943 3444 2969 ››
3476 2919 3583 2975 hoc
3610 2918 3908 2991 signiﬁcat,

2310 3012 2459 3087 quod
2504 3017 2656 3069 Deus
2712 3027 2825 3068 non
2870 3011 3124 3067 concedit
3188 3008 3566 3082 peccatoribus
3631 3010 3918 3082 signorum

2311 3103 2714 3175 operationem.
2749 3124 2773 3150 ε(
2825 3103 2953 3157 Non
2994 3101 3145 3156 enim
3172 3099 3385 3155 habitat
3428 3098 3660 3171 Spiritus
3704 3097 3810 3152 Dei
3856 3097 3915 3152 in

2311 3208 2542 3265 corpore
2577 3191 2801 3248 subdito
2830 3190 3064 3262 peccatis
3103 3188 3169 3245 “.
3206 3212 3232 3238 ν
3264 3188 3438 3245 Audit
3464 3186 3634 3260 igitur
3663 3195 3916 3258 petentes

2262 3276 2283 3323 ³
2313 3282 2705 3339 remissionem
2752 3289 3108 3353 peccatorum
3152 3294 3278 3335 vere
3305 3288 3361 3334 et
3388 3294 3456 3333 ex
3494 3276 3686 3345 corde,
3714 3291 3826 3332 non
3855 3283 3919 3331 ut

2316 3380 2650 3445 peccatores,
2681 3370 2779 3428 sed
2825 3379 2886 3426 ut
2934 3370 3286 3441 poeniteutes.
3336 3370 3481 3424 Nam
3532 3365 3700 3423 simul
3748 3373 3914 3437 atque

2316 3463 2611 3536 petiverint
2672 3461 3081 3528 remissionem,
3129 3457 3542 3515 transferuntur
3591 3456 3660 3512 ab
3718 3454 3914 3511 ordine

2317 3560 2671 3625 peccatorum
2700 3551 2756 3606 in
2787 3549 3039 3606 ordinem
3087 3549 3494 3620 poenitentium.
3544 3543 3924 3601 Verisimiliter

2315 3641 2485 3714 igitur
2534 3640 2748 3696 dictum
2791 3647 2875 3695 est
2914 3638 3064 3711 quod
3117 3640 3270 3694 Deus
3311 3643 3621 3709 peccatores
3665 3650 3780 3690 non
3818 3648 3924 3689 au-

2313 3730 2445 3788 diat.
2487 3732 2680 3800 Neque
2709 3727 2857 3783 enim
2907 3726 3283 3798 peccatoribus
3328 3724 3424 3780 dat
3465 3723 3706 3795 gratiam
3733 3722 3918 3794 signo-

2314 3835 2463 3876 rum.
2531 3815 2828 3887 Quomodo
2876 3815 3030 3871 enim
3074 3814 3290 3870 audiret
3338 3827 3478 3884 quos
3546 3811 3677 3867 odio
3730 3810 3918 3877 habet,

2314 3907 2528 3965 etiamsi
2571 3905 2863 3979 petiverint
2906 3902 3204 3976 aliquando
3250 3901 3318 3958 de
3350 3916 3408 3956 re
3451 3899 3713 3973 quapiam
3738 3898 3922 3954 istius-

2314 3996 2491 4066 modi,
2521 4005 2786 4066 tanquam
2813 4010 2877 4049 ea
2913 3993 3014 4049 sibi
3038 4007 3164 4064 quae
3201 3991 3436 4047 minime
3465 3987 3804 4044 conveniunt
3829 3994 3916 4042 at-

2314 4087 2663 4144 tribuentesi’
2708 4086 2780 4140 Et
2826 4082 3076 4156 quamvis
3117 4080 3310 4137 audiat
3352 4087 3596 4152 petentes
3626 4077 3916 4133 remissio-

2312 4192 2466 4246 nem,
2494 4192 2605 4232 non
2643 4183 2833 4231 tamen
2880 4180 2942 4230 ut
2987 4179 3322 4243 peccatores,
3353 4168 3451 4225 sed
3479 4176 3541 4225 ut
3584 4167 3923 4239 poenitentes

2314 4266 2485 4323 audit.
2554 4263 2854 4322 Considera
2917 4269 3104 4319 autem
3158 4259 3440 4333 quomodo
3491 4256 3712 4326 dixerit,
3769 4274 3799 4308 ι(
3850 4256 3910 4311 Si

2311 4356 2434 4428 quis
2460 4355 2563 4412 Dei
2591 4355 2770 4410 cultor
2796 4352 2975 4419 luerit,
3005 4370 3032 4404 ι)
3063 4359 3122 4407 et
3147 4366 3271 4406 mox
3306 4348 3644 4421 apposuerit,
3679 4369 3705 4396 α
3738 4354 3794 4402 et
3819 4361 3921 4401 vo-

2314 4446 2581 4502 luntatem
2601 4443 2719 4516 ejus
2742 4441 2930 4499 fecerit
2957 4460 2971 4498 :
3001 4460 3030 4494 ››
3062 4440 3218 4495 multi
3241 4439 3386 4494 enim
3413 4437 3510 4493 Dei
3537 4436 3778 4492 cultores
3797 4434 3916 4506 qui-

604 4530 770 4586 αὖτοῦ
797 4532 947 4607 ποιῇ.
988 4553 1012 4581 ιι
1047 4526 1249 4588 Πολλοὶ
1278 4526 1405 4607 γὰρ,
1434 4526 1695 4593 θεοσεϐεῖς
1728 4526 1824 4603 μὲν
1856 4526 1978 4601 εἰσὶ,
2010 4525 2071 4585 τὸ
2118 4524 2204 4585 θέ-

2317 4535 2443 4591 dem
2462 4541 2616 4602 sunt,
2639 4533 2975 4589 voluntatem
2989 4538 3176 4586 autem
3191 4528 3289 4584 Dei
3306 4543 3417 4582 non
3433 4525 3662 4582 faciunt.
3683 4525 3924 4594 Oportet

604 4618 762 4695 λημα
792 4615 849 4676 δὲ
881 4622 976 4676 τοῦ
1003 4618 1145 4676 Θεοῦ
1175 4620 1234 4677 οὐ
1264 4623 1497 4676 ποιοῦσι.
1532 4619 1630 4677 Δεῖ
1656 4615 1711 4677 δὲ
1738 4615 2015 4697 ἀμφότερα
2043 4639 2206 4694 προσ-

609 4714 783 4780 εῖναι,
823 4705 918 4768 καὶ
964 4705 1291 4781 θεοσέϐειαν,
1339 4707 1431 4766 καὶ
1470 4705 1768 4780 θελήματος
1813 4706 1955 4765 Θεοῦ
2012 4703 2210 4775 ἐκπλή-

611 4819 806 4877 ρωσιν,
862 4795 983 4868 ἤτοι
1041 4794 1221 4855 πίστιν
1287 4796 1377 4856 καὶ
1433 4795 1583 4876 ἔργα,
1632 4794 1704 4868 ἢ,
1760 4797 1831 4861 ὣς
1897 4797 1925 4853 ὁ
1997 4796 2215 4862 Παῦλος

605 4886 877 4963 ὀνομάζει,
906 4912 931 4939 α
957 4885 1137 4945 πίστιν
1164 4885 1256 4945 καὶ
1282 4885 1486 4964 ἀγαθὴν
1511 4884 1828 4958 συνείδησιν·
1862 4910 1885 4937 ιο
1912 4887 2214 4965 κεφαλαιω-

606 4977 853 5056 δέστερον
897 4974 952 5035 δὲ
1004 4977 1195 5049 εἰπεῖν,
1244 4974 1472 5055 θεωρίαν
1509 4974 1604 5035 καὶ
1649 4974 1866 5054 πρᾶξιν.
1922 4974 2062 5035 Τότε
2109 4973 2213 5054 γὰρ

604 5064 772 5133 ὄντως
809 5068 875 5147 ζῇ
1002 5065 1205 5140 πίστις,
1253 5064 1341 5124 ὅτε
1378 5063 1470 5124 καὶ
1517 5063 1586 5124 τὰ
1631 5064 1763 5145 ἔργα
1808 5063 1924 5144 ἔχει
1963 5061 2031 5121 τὰ
2083 5063 2209 5121 θεά-

606 5178 807 5235 ρεστα,
837 5144 894 5224 ἐξ
920 5144 995 5214 ὧν
1026 5157 1061 5227 ἡ
1105 5153 1282 5231 ἀγαθὴ
1313 5155 1613 5228 συνείδησις
1642 5152 2002 5236 περιγίνεται,
2031 5150 2214 5233 ὥσπερ

604 5245 715 5304 ἀπὸ
745 5248 851 5304 τῶν
881 5248 1132 5323 πονηρῶν
1191 5243 1360 5324 ἔργων
1411 5248 1448 5316 ἡ
1494 5242 1703 5324 πονηρὰ
1760 5242 2079 5317 συνείδησιςσ
2120 5242 2215 5301 καὶ

602 5324 676 5393 αὖ
710 5335 780 5394 τὰ
817 5334 951 5414 ἔργα
978 5334 1102 5393 τότε
1150 5337 1234 5412 ζῇ,
1263 5332 1351 5392 ὅτε
1391 5333 1482 5393 καὶ
1513 5332 1691 5392 πίστιν
1724 5331 1853 5413 ἔχει’
1883 5334 2215 5413 χωρισθέντα

603 5423 659 5484 δὲ
694 5426 792 5483 ἀπ’
823 5424 1101 5497 ἀλλήλων,
1137 5422 1302 5501 νεκρά
1342 5425 1469 5484 ἐστι·
1501 5422 1640 5482 καθὰ
1688 5421 1913 5504 εἴρηται·
1958 5449 1982 5473 α
2024 5420 2217 5489 Πίστις

596 5515 766 5596 χωρὶς
790 5514 990 5597 ἔργων,
1023 5512 1209 5594 νεκρά·
1259 5536 1285 5564 ι
1311 5513 1406 5571 καὶ
1445 5512 1595 5593 ἔργα,
1629 5510 1754 5591 δίχα
1790 5512 2036 5579 πίστεως.
2064 5507 2215 5592 Ὅρα

596 5604 659 5665 δέ
684 5627 778 5685 μοι
803 5606 900 5667 καὶ
938 5606 1061 5672 πῶς
1090 5605 1126 5674 ἡ
1163 5600 1389 5673 ἀλήθεια
1412 5603 1877 5684 παρρησιάζεσθαι
1906 5602 2093 5661 δίδωσι
2137 5604 2212 5682 τῷ

659 5795 854 5855 “Jac.
895 5808 965 5863 ν,
1000 5796 1099 5849 11.

2319 4632 2506 4680 autem
2538 4631 2768 4696 utraque
2795 4621 3003 4690 adesse,
3030 4619 3133 4675 Dei
3171 4618 3404 4684 cultum,
3431 4624 3487 4672 et
3511 4614 3806 4671 voluntatis
3834 4613 3919 4669 di-

2319 4715 2463 4770 vina:
2489 4712 2961 4784 adimpletionem,
2990 4708 3050 4766 id
3070 4717 3153 4765 est
3187 4707 3352 4764 ﬁdem
3380 4715 3436 4763 et
3460 4721 3627 4777 opera
3658 4725 3670 4761 :
3704 4704 3785 4759 vel
3832 4704 3926 4774 [ut

2321 4804 2524 4860 Paulus
2590 4802 2872 4870 nominat]
2921 4820 2950 4854 ››
3018 4797 3209 4865 ﬁdem,
3256 4805 3312 4853 et
3357 4797 3566 4853 bonam
3626 4793 3918 4851 conscien-

2319 4894 2458 4950 tiam
2481 4891 2525 4927 ⁴⁵
2560 4911 2574 4950 :
2610 4915 2637 4942 ιο
2669 4891 2752 4948 vel
2778 4890 2999 4947 brevius
3027 4887 3281 4957 dicendo,
3311 4886 3593 4944 theoriam
3622 4893 3677 4941 et
3702 4883 3914 4957 praxin.

2320 4988 2476 5041 Tunc
2527 4982 2678 5039 enim
2722 4997 2902 5037 revera
2942 4978 3075 5036 vivit
3111 4977 3272 5047 ﬁdes,
3303 4976 3524 5050 quando
3555 4990 3720 5047 opera
3763 4971 3929 5027 habet

2323 5078 2441 5130 Deo
2485 5071 2772 5146 placentia,
2803 5069 3050 5143 equibus
3091 5067 3235 5124 bona
3265 5065 3605 5123 conscientia
3658 5061 3928 5130 nascitur,

2321 5163 2460 5220 sicut
2500 5178 2533 5219 a
2567 5162 2731 5218 malis
2759 5160 3014 5232 operibus
3043 5159 3190 5215 mala
3221 5154 3589 5223 conscientia;
3636 5160 3691 5208 et
3734 5165 3927 5206 rursus

2322 5269 2492 5327 opera
2512 5259 2643 5308 tunc
2662 5250 2870 5319 vivunt,
2891 5247 3115 5321 quando
3137 5246 3306 5302 ﬁdem
3330 5243 3640 5310 habuerint,
3666 5247 3916 5327 separata

2323 5326 2512 5400 autem
2554 5341 2624 5397 ab
2669 5340 2901 5397 invicem
2948 5345 3169 5394 mortua
3212 5343 3363 5391 sunt.
3411 5332 3564 5388 Sicut
3590 5326 3814 5403 quando
3844 5335 3934 5384 est

2328 5454 2355 5481 «ι
2395 5429 2536 5487 ﬁdes
2558 5431 2679 5487 sine
2707 5427 2986 5501 operibus,
3017 5433 3238 5481 mortua
3266 5430 3351 5478 est
3377 5419 3443 5487 ⁸⁸,
3474 5440 3501 5471 ››
3532 5428 3589 5476 et
3615 5434 3784 5490 opera
3805 5416 3927 5473 sine

2324 5519 2434 5577 ﬁde
2489 5525 2713 5575 mortua
2767 5524 2916 5573 sunt.
2968 5513 3109 5570 Vide
3155 5519 3344 5568 autem
3392 5507 3677 5582 quomodo
3731 5505 3928 5562 veritas

2323 5607 2579 5665 mendico
2628 5606 2834 5664 nullius
2879 5600 3149 5659 momenti
3190 5596 3442 5656 conferat
3490 5597 3799 5654 libertatem
3847 5593 3929 5648 di-

1179 5788 1223 5823 “
1254 5789 1380 5861 S=p.
1416 5802 1470 5858 ι,
1500 5798 1552 5844 4.
1627 5787 1673 5825 “
1699 5790 1757 5845 ΙΙ
1785 5788 1933 5846 Tim.
1965 5805 2020 5860 1,
2052 5794 2106 5845 3.
2184 5789 2229 5825 ⁸⁸
2254 5791 2375 5848 Jac.
2406 5804 2488 5857 ιι,
2524 5793 2614 5844 20.
