4198 6472
624 449 685 501 61
1448 449 1836 506 ENARRATIO
1873 452 1940 507 IN
1978 453 2411 511 EVANGELIUM
2445 457 2742 518 JOANNIS.
2785 493 2854 505 —
2894 466 3043 524 CAP.
3083 471 3167 526 IX.
3887 481 3951 535 62

627 576 708 641 ζει
761 571 942 631 αὐτόν·
995 572 1146 655 μόνῳ
1197 572 1303 653 γὰρ
1353 573 1521 648 δήπου
1553 578 1681 657 Θεῷ
1731 575 1830 651 τὴν
1882 579 2220 658 προσκύνησιπ

642 664 659 684 9
782 663 794 680 ⁸
968 661 1031 685 ΓΡ
1114 666 1130 685 3
1255 664 1270 685 Ι
1405 668 1424 685 'I
1574 667 1588 685 I
1879 672 1892 685 ι
1933 670 1947 685 Ι
2001 669 2029 685 Δ
2190 672 2213 685 κ

2352 591 2440 648 nis
2469 592 2641 685 homo
2670 612 2698 652 a
2750 600 3059 668 nativitate,
3109 604 3164 660 id
3195 613 3280 662 est
3307 622 3374 663 ex
3412 615 3532 666 toto
3558 617 3808 682 tempore
3837 627 3949 685 quo

629 663 914 739 ἀπονέμων
1101 664 1424 746 ἀπονέμειν]
1475 667 1802 741 νενόμισται.
1861 669 2122 747 Λάμϐανε
2184 671 2243 729 δέ

631 776 725 829 μοι
775 751 837 812 τὸ
884 757 1068 830 θαῦμα
1117 759 1308 829 τοῦτο,
1350 756 1441 815 καὶ
1483 760 1684 830 νοητῶς
1729 759 2080 818 ἐπιτελεσθέν.
2127 763 2238 820 Τυ-

630 842 774 923 φλὸς
810 842 907 921 μὲν
939 845 1044 924 γὰρ
1082 835 1172 918 ἧν,
1215 845 1320 904 εἴτε
1369 846 1548 915 ἅπλῶς
1590 857 1695 916 πᾶς
1736 847 2110 930 ἄνθρωπος-ἐκ
2148 874 2238 930 γε-

629 938 805 1006 νετῆς,
873 937 1016 993 τοῦτ’
1078 935 1250 1012 ἔστιν,
1308 936 1368 994 ἐκ
1419 944 1511 998 τοῦ
1565 936 1667 996 ὑπὸ
1723 938 1926 1016 γένεσιν
1997 928 2150 1014 εἶναι,

629 1025 848 1092 πάντως
888 1023 980 1082 καὶ
1010 1030 1043 1098 ἡ
1099 1023 1266 1104 φθορὰ
1317 1025 1656 1096 συνέζευκται
1704 1027 1817 1110 (ἀφ’
1850 1021 1910 1087 οἷ
1964 1027 2068 1109 γὰρ
2114 1035 2236 1102 θνη-

629 1113 856 1185 τότητος
892 1115 1388 1192 κατεδικάσθημεν,
1443 1117 1536 1176 καὶ
1583 1117 1669 1176 διὰ
1699 1123 1794 1189 τῆς
1834 1120 2104 1196 ἐμπαθοῖὶς
2149 1143 2237 1198 γε-

622 1205 825 1272 νέσεως
895 1204 1212 1275 αὐξάνεσθαι
1280 1206 1689 1286 κατεκρίθημεν,
1739 1207 1918 1268 ἔκτοτε
1981 1210 2130 1288 παχύ
2182 1235 2234 1269 τι

629 1294 782 1375 νέςδος
815 1295 907 1355 καὶ
950 1295 1262 1376 δερμάτινος
1305 1296 1446 1377 τάχα
1485 1297 1672 1378 χιτὼν,
1709 1297 1780 1365 ὥς
1829 1321 1960 1378 φασι
1997 1297 2064 1357 τὰ
2116 1299 2232 1380 ἱερὰ

631 1385 825 1463 Λόγια,
876 1386 1105 1465 ἐπεχύθη
1150 1388 1260 1452 τοῖς
1307 1391 1505 1467 νοεροῖς
1538 1391 1691 1464 ἡμῶν
1743 1386 2072 1469 ὀφθαλμοῖς)·
2127 1391 2231 1449 εἴτε

628 1474 721 1532 καὶ
774 1479 803 1533 ὁ
853 1478 958 1559 τῶν
1009 1477 1168 1534 ἐθνῶν
1222 1475 1363 1542 λαός.
1411 1477 1520 1538 Καὶ
1573 1469 1720 1545 οἶτος
1758 1478 1861 1559 γὰρ
1909 1480 1968 1537 ἐκ
2018 1485 2234 1555 γενετῆς

626 1564 841 1641 τυφλὸς,
891 1556 991 1624 οἶοι
1020 1567 1068 1624 οἳ
1105 1563 1391 1639 ἽΞλληνες·
1423 1569 1482 1626 ἐκ
1511 1573 1601 1626 τοῦ
1649 1567 1715 1626 τὰ
1746 1568 1848 1626 ὑπὸ
1899 1567 2104 1648 γένεσιν
2140 1571 2230 1630 καὶ

627 1653 826 1735 φθορὰν
879 1657 1222 1727 θεοποιῆσαι,
1277 1655 1650 1735 τυφλωθέντες,
1681 1657 1820 1717 κατὰ
1869 1659 1948 1730 τὸ,
1986 1685 2010 1710 σι
2041 1658 2232 1719 Ἔσκο-

626 1744 783 1814 τίσθη
817 1751 850 1817 ἡ
906 1745 1156 1812 ἀσύνετος
1208 1749 1383 1804 αὐτῶν
1419 1747 1632 1827 καρδία.
1681 1771 1705 1800 ι
1734 1750 1980 1808 Τοιοῦτοι
2030 1750 2122 1806 καὶ
2179 1753 2227 1810 οἱ

2351 690 2468 737 erat
2504 683 2608 740 sub
2636 690 2988 758 generatione
3019 693 3104 748 cui
3136 696 3361 752 omnino
3388 697 3680 770 conjuncta
3709 709 3792 756 est
3823 683 3951 758 cor-

2348 772 2554 842 ruptio,
2590 790 2621 830 a
2659 791 2763 848 qua
2795 781 3119 838 mortalitati
3151 783 3504 843 condemnati
3534 804 3730 844 sumus
3769 797 3824 846 et
3848 790 3952 847 ad-

2341 858 2597 949 judicati,
2629 865 2760 922 dum
2790 870 3086 927 crescimus
3116 888 3147 928 a
3168 874 3450 932 nativitate
3476 877 3572 933 illa
3602 879 3951 949 passionibus

2347 948 2604 1010 obnoxia.
2647 957 2788 1012 Nam
2834 974 2902 1014 ex
2938 968 3068 1016 tunc
3109 978 3291 1020 crassa
3334 948 3848 1037 quaedaminehula,
3895 976 3950 1025 et

2345 1040 2566 1110 pellicea
2604 1042 2853 1102 fortassis
2901 1049 3082 1106 tunica
3115 1055 3196 1118 (ut
3258 1052 3451 1109 dicunt
3494 1071 3646 1112 sacra
3672 1057 3945 1128 'Eloquia)

2343 1128 2520 1187 effusa
2563 1141 2645 1188 est
2675 1151 2838 1208 super
2878 1140 3080 1196 mentis
3106 1151 3315 1199 nostrae
3363 1143 3572 1201 oculos.
3626 1147 3723 1202 Vel
3774 1147 3942 1203 etiam

2341 1234 2522 1276 caecus
2567 1232 2685 1279 erat
2726 1227 3010 1297 gentilium
3059 1231 3312 1302 populus.
3354 1235 3499 1289 Nam
3538 1241 3592 1290 et
3619 1233 3710 1290 hic
3738 1251 3768 1290 a
3797 1237 3946 1291 nati-

2342 1309 2510 1366 vitate
2545 1321 2661 1368 erat
2696 1330 2894 1385 caecus,
2938 1332 3004 1373 eo
3033 1319 3181 1390 quod
3211 1321 3484 1390 excaacati,
3516 1339 3579 1379 ea
3610 1340 3732 1396 quze
3762 1325 3945 1396 genita

2341 1407 2395 1454 et
2439 1404 2832 1475 corruptibilia,
2867 1405 3222 1479 deiﬁcabant,
3247 1410 3418 1484 juxta
3467 1411 3599 1469 illud
3648 1431 3724 1469 :«
3773 1415 3943 1472 Obte-

2340 1489 2630 1548 nebratum
2661 1503 2745 1550 est
2773 1494 3033 1568 insipiens
3063 1515 3160 1554 cor
3184 1515 3380 1558 eorum
3410 1500 3480 1558 η.
3533 1526 3558 1552 ι
3599 1503 3759 1559 Tales
3790 1513 3945 1560 erant

2339 1582 2625 1637 Persarum
2673 1585 2843 1656 magi,
2882 1586 3050 1642 vitam
3091 1604 3255 1645 suam
3289 1591 3665 1648 nativitatibus
3696 1601 3752 1649 et
3793 1592 3944 1649 futu-

2336 1685 2528 1726 rorum
2567 1673 2907 1755 praedictioni
2953 1675 3122 1748 642
3159 1678 3520 1737 insumentes.
3567 1683 3730 1738 Hunc
3772 1683 3943 1755 igitur

2337 1766 2566 1821 cereum,
2615 1753 2734 1809 sive
2788 1755 3110 1827 simpliciter
3159 1775 3383 1815 omnem
3446 1761 3756 1831 hominem,
3799 1753 3942 1820 isive

624 1833 776 1912 παρὰ
841 1834 1075 1915 Πέρσαις
1149 1835 1313 1914 μάγοι
1391 1837 1592 1914 γενέσει
1667 1837 1758 1896 καὶ
1830 1840 2220 1948 γενεθλιαλογίᾳ

632 1947 720 1948 καί
775 1927 799 1948 δ
966 1925 981 1946 Ι
1245 1925 1259 1948 κ
1396 1929 1412 1946 Ἰ
1459 1931 1492 1945 συ
1555 1931 1582 1948 ν
1650 1927 1665 1948 Ι
1753 1932 1866 1948 νηκ-
2174 1931 2186 1948 \

2338 1841 2506 1897 etiam
2554 1843 2814 1914 gentilem
2859 1847 3147 1917 populum,
3190 1848 3326 1904 vidit
3363 1851 3544 1906 Jesus.
3595 1851 3736 1920 Quia
3785 1853 3939 1909 enim

625 1925 1170 2003 προσδαπανήσαντες
1203 1925 1301 1998 τὴν
1354 1929 1526 1986 αὐτῶν
1555 1927 1718 1999 ζωήν.
1753 1932 1960 1990 Τοῦτον
2005 1919 2094 1988 οὖν
2137 1931 2227 1991 τὸν

729 2014 779 2036 εἴ
922 2016 944 2038 1
1055 2016 1074 2038 τ
1166 2019 1199 2033 ευ
1333 2015 1347 2036 Ῑ
1491 2017 1513 2039 ν
1841 2018 1862 2040 ν
1993 2020 2007 2038 \

621 2037 821 2095 τυφιιον
864 2016 998 2096 (ει-τε
1047 2019 1234 2084 απλως
1269 2041 1447 2075 πάντα
1479 2023 1774 2097 ανθρωπον,
1816 2043 1920 2077 ειτε
1959 2043 2047 2079 τον
2094 2022 2227 2080 ἐθνι-

625 2103 717 2162 κὸν
758 2105 919 2185 λαὸν)
977 2098 1112 2164 εἶδεν
1158 2109 1186 2164 δ
1229 2105 1460 2177 Ἰησοῦς.
1519 2107 1674 2168 Ἐπεὶ
1727 2107 1832 2188 γὰρ
1884 2111 2079 2176 ἐκεῖνος
2131 2113 2226 2170 οὖκ

624 2194 858 2265 ἠδύνατο
896 2196 985 2255 τὸν
1013 2195 1350 2276 Δημιουργὸν
1385 2197 1534 2271 ἰδεῖν,
1581 2197 1735 2265 αὐτὸς
1767 2227 1790 2251 σι
1822 2197 1908 2257 διὰ
1940 2199 2224 2281 σπλάγχνα

624 2285 800 2371 ἐλέους
827 2286 1160 2368 ἐπεσκέψατο
1197 2290 1342 2364 ἡμᾶς
1371 2286 1603 2359 ἀνατολὴ
1634 2288 1686 2358 ἐξ
1734 2289 1914 2371 ὕψους.
1962 2315 1984 2340 ι
2021 2292 2145 2357 Πῶς
2170 2292 2226 2351 δὲ

622 2364 770 2448 εἶδες
806 2403 830 2427 α
866 2377 1158 2456 Παράγων,
1211 2403 1237 2428 π
1268 2376 1531 2450 τουτέστι,
1569 2378 1645 2454 μὴ
1693 2383 1745 2439 ἐν
1769 2383 1846 2459 τῷ
1886 2381 2093 2461 οὐρανῷ
2123 2378 2222 2460 ὢν,

623 2465 765 2522 ἀλλὰ
809 2467 1088 2547 παρελθὼν
1137 2465 1411 2535 κενώσεως
1446 2466 1640 2546 λόγοις,
1700 2469 1793 2528 καὶ
1833 2473 1891 2528 ἐκ
1932 2474 2026 2528 τοῦ
2065 2472 2224 2550 οὐρα-

621 2559 748 2629 νοῦ,
778 2556 920 2614 κατὰ
950 2557 1037 2616 τὸν
1073 2556 1374 2638 προφήτην,
1414 2557 1696 2640 διακύψας,
1738 2559 1830 2617 καὶ
1859 2557 1985 2617 ἰδὼν
2017 2559 2226 2629 πάντας

620 2643 745 2711 τοὺς
776 2645 916 2713 υἱοὺς
958 2651 1062 2706 τῶν
1094 2646 1410 2728 ἀνθρώπων
1464 2648 1558 2707 καὶ
1597 2649 1772 2716 ἄλλως
1814 2649 1892 2707 δέ’
1929 2651 2224 2729 Παράγων,

619 2734 700 2795 ἴδε
746 2736 835 2795 τὸν
880 2739 1080 2797 iam?»
1125 2737 1292 2810 λαὸν,
1348 2739 1640 2812 τουτέστιν,
1702 2742 1762 2799 οὗ
1813 2740 2224 2820 προηγουμένως

618 2825 704 2883 ἐπ’
750 2825 907 2886 αὐτὸν
956 2826 1140 2911 ἐλθών.
1195 2829 1290 2895 Εἷς
1327 2826 1432 2911 γᾷρ
1483 2828 1549 2888 τὰ
1599 2828 1920 2890 ἀπολωλότα
1973 2829 2221 2911 πρόϐατα

617 2913 766 2974 οἴκου
819 2916 1045 2997 Ἰσραὴλ
1105 2909 1290 2989 ἦλθεν·
1349 2909 1465 2978 εἶτα
1517 2917 1699 2999 ὥσπερ
1764 2921 1889 2978 ὁδοῦ
1956 2909 2220 3000 πάρεργον

619 3006 912 3078 ἐποιήσατο
943 3007 1040 3080 τὴν
1073 3007 1353 3089 ἐπίσκεψιν
1383 3013 1475 3070 τοῦ
1516 3011 1568 3067 ἐν
1600 3013 1678 3088 τῷ
1711 3011 1888 3071 σκότει
1920 3010 2221 3087 καθημένου

617 3100 713 3166 τῆς
769 3100 1061 3166 παντελοῦς
1113 3098 1382 3176 ἀγνωσίας
1437 3103 1592 3162 λαοῦ.
1648 3103 1776 3169 Πῶς
1833 3099 1885 3160 δὲ
1941 3099 2223 3181 θεραπεύει

2338 1947 2454 1986 non
2477 1933 2655 2002 potuit
2674 1933 3034 1991 Conditorem
3055 1935 3267 2007 videre,
3295 1937 3410 2010 ipse
3442 1961 3467 1987 σι
3497 1955 3592 2010 per
3612 1940 3815 2012 viscera
3838 1941 3940 1997 mi-

2336 2020 2650 2078 sericordiae
2673 2023 2911 2080 visitavit
2929 2041 3032 2080 nos
3052 2025 3235 2082 oriens
3255 2043 3321 2082 ex
3345 2028 3456 2084 alto
3478 2028 3545 2082 49.
3581 2051 3608 2078 ν)
3640 2030 3938 2101 Quomodo

2337 2119 2524 2168 autem
2552 2111 2720 2170 vidit?
2754 2135 2779 2162 α
2826 2116 3174 2182 Praeteriens,
3215 2136 3241 2167 »
3287 2117 3393 2174 hoc
3431 2127 3536 2187 est,
3563 2135 3677 2175 non
3707 2119 3764 2175 in
3796 2120 3937 2177 coelo

2333 2202 2618 2270 exsistens,
2649 2202 2747 2258 sed
2778 2205 3130 2277 progrediens
3158 2208 3514 2264 sermonibus
3539 2210 3934 2280 evacuationis,

2335 2298 2390 2347 et
2413 2292 2750 2364 prospiciens
2771 2309 2800 2349 e
2826 2296 2967 2352 cmlo
2983 2295 3143 2368 juxta
3171 2298 3520 2370 pr0phetiam
3548 2299 3619 2367 5°,
3642 2300 3938 2372 vidensque

2336 2396 2530 2437 omnes
2572 2382 2718 2439 ﬁlios
2759 2383 3069 2441 hominum.
3118 2389 3187 2442 Et
3213 2389 3370 2444 aliter
3399 2408 3412 2444 :
3445 2389 3772 2446 Praeterieris
3807 2389 3938 2447 vidit

2333 2471 2598 2543 p0pulum
2628 2473 2913 2545 gentilem,
2942 2475 3000 2530 id
3029 2485 3132 2542 est,
3158 2492 3270 2532 non
3301 2478 3540 2548 primum
3567 2479 3635 2536 ad
3661 2479 3821 2534 illum
3847 2493 3935 2536 ve-

2333 2561 2495 2617 niens
2530 2581 2544 2618 :
2580 2563 2730 2618 venit
2758 2563 2908 2619 enim
2945 2565 3010 2619 ad
3044 2580 3172 2620 oves
3201 2581 3324 2637 quae
3355 2567 3636 2639 perierant
3672 2567 3739 2624 de
3765 2569 3935 2626 domo

2332 2651 2498 2707 Israel
2548 2652 2619 2707 ει.
2656 2653 2868 2710 Deinde
2909 2654 3064 2727 quasi
3100 2655 3280 2710 obiter
3307 2657 3362 2711 in
3393 2655 3476 2712 via
3505 2655 3637 2713 fecit
3663 2657 3934 2714 visitatio-

2331 2757 2460 2797 nem
2510 2742 2628 2814 ejus
2674 2743 2882 2815 populi,
2931 2744 3024 2816 qui
3059 2745 3290 2801 omnino
3342 2745 3569 2802 sedebat
3596 2747 3652 2802 in
3695 2748 3934 2804 tenebris

2333 2832 2514 2888 omnis
2553 2831 2891 2904 ignorantiae.
2947 2834 3244 2904 Quomodo
3292 2843 3475 2892 autem
3514 2845 3676 2894 sanat
3713 2838 3932 2894 caecita-

2332 2924 2474 2977 tem?
2502 2923 2646 2978 Cum
2685 2923 2963 2994 expuisset
2991 2924 3050 2979 in
3093 2931 3325 2994 terram,
3373 2934 3427 2981 et
3468 2926 3646 2982 lutum
3691 2926 3930 2984 fecisset.

2333 3012 2660 3083 Quicunque
2687 3013 2838 3069 enim
2866 3012 3161 3070 crediderit
3187 3013 3336 3086 quod
3378 3015 3521 3071 sicut
3563 3015 3833 3072 distillans
3877 3017 3933 3072 in

2331 3109 2558 3172 terram,
2585 3102 2828 3157 Verbum
2859 3102 3041 3174 ipsum
3066 3102 3417 3160 descenderit
3445 3104 3503 3160 in
3533 3113 3781 3161 sanctam
3811 3105 3932 3162 Vir-

619 3188 718 3261 τὴν
765 3189 1064 3268 τύφλωσινς
1102 3189 1322 3257 Πτύσας
1369 3191 1572 3270 χαμαὶ,
1609 3193 1702 3251 καὶ
1756 3192 1927 3264 πηλὸν
1974 3192 2218 3264 ποιήσας.

2335 3193 2540 3266 ginem,
2581 3191 2742 3264 hujus
2778 3201 3054 3265 ungentur
3090 3193 3402 3265 Spirituales
3443 3195 3589 3250 oculi
3626 3195 3745 3252 luto
3783 3194 3928 3254 facto

615 3277 720 3346 ⁸ος
749 3279 849 3358 γὰρ
876 3280 940 3338 ἂν
973 3279 1324 3353 πιστεύσειεν,
1357 3282 1440 3340 ὅτι
1480 3281 1607 3341 ὡσεὶ
1634 3280 1849 3361 σταγὼν
1887 3286 1921 3356 ἡ
1952 3283 2218 3352 στάζουσα

617 3368 705 3427 ἐπὶ
747 3369 841 3442 τὴν
884 3374 1004 3449 γῆν,
1039 3371 1415 3444 καταϐέϐηκεν
1475 3371 1564 3432 ἐπὶ
1594 3371 1690 3443 τὴν
1731 3372 1887 3451 ἁγίαν
1946 3373 2218 3454 Παρθένον

612 3462 641 3517 ὁ
667 3459 873 3536 Λόγος,
911 3451 1061 3528 οἶτος
1104 3462 1352 3540 χρίσεται
1395 3460 1518 3528 τοὺς
1543 3461 1751 3542 νοεροὺς
1792 3451 2092 3542 ὀφθαλμοῦς
2142 3469 2217 3543 τῷ

611 3551 672 3609 ἐκ
705 3555 801 3607 τοῦ
848 3549 1156 3628 πτύσματος
1201 3552 1292 3611 καὶ
1339 3557 1436 3623 τῆς
1463 3556 1562 3630 γῆς
1593 3555 1774 3632 πηλῷ,
1817 3551 1981 3632 ἤγουν
2012 3557 2090 3634 τῷ
2140 3554 2216 3613 ἑνὶ

612 3641 838 3720 Χριστῷ
865 3644 942 3720 τῷ
986 3643 1045 3700 ἐκ
1075 3641 1319 3714 θεότητος
1357 3634 1444 3722 (ἧς
1490 3641 1758 3720 σύμϐολον
1797 3647 1831 3714 ἡ
1881 3643 2094 3720 σταγὼν
2126 3643 2217 3704 καὶ

613 3729 1008 3812 τὸ-πτύσμαδ
1051 3730 1143 3788 καὶ
1181 3731 1583 3812 ἀνθρωπότητος
1610 3724 1707 3805 (ἧς
1740 3731 2009 3809 σύμϐολον
2044 3737 2076 3807 ἡ
2122 3737 2214 3812 γ’ἤ,

611 3817 664 3887 ἐξ
691 3810 757 3890 ἧς
790 3818 853 3878 τὸ
881 3825 974 3878 τοῦ
1016 3819 1219 3900 Κυρίου
1251 3810 1462 3901 σῶμα).
1548 3821 1658 3902 Ἆρ’
1692 3812 1781 3881 οὖν
1821 3821 1949 3902 ἄχρι
1986 3828 2078 3882 τοῦ
2126 3847 2216 3880 πι-

611 3913 831 3968 στεῦσαι
866 3910 961 3981 τὴν
996 3910 1285 3990 θεραπείαν
1315 3911 1598 3983 στήσεται;
1638 3910 1937 3989 Οὔμενουν,
1971 3911 2111 3970 ἀλλὰ
2140 3914 2218 3972 δεῖ

609 3998 703 4056 καὶ
736 3997 824 4058 ἐπὶ
863 3999 950 4057 τὸν
1001 3998 1235 4078 Σιλωὰμ
1278 4001 1468 4076 ἐλθεῖν,
1522 3999 1619 4074 τὴν
1651 4000 1838 4082 πηγὴν
1875 4005 1968 4062 τοῦ
2010 4001 2217 4081 βαπτί-

611 4110 847 4166 σματος,
902 4089 995 4148 καὶ
1067 4094 1428 4169 βαπτισθῆναι
1497 4093 1571 4159 εἷς
1619 4091 1708 4150 τὸν
1765 4093 2171 4170 ἀπεσταλμένον
2199 4139 2216 4169 ,

607 4180 754 4236 τοῦτ’
782 4177 918 4255 ἔστι,
948 4177 1218 4256 Χριστόν.
1301 4176 1466 4240 ⁶Οσοι
1496 4179 1600 4262 γὰρ
1635 4179 2036 4258 ἐϐαπτίσθημεν
2065 4206 2216 4243 πνευ-

611 4270 879 4344 ματικῶς,
919 4270 988 4336 εἷς
1019 4267 1257 4348 Χριστὸν
1295 4269 1723 4348 ἐϐαπτίσθημεν.
1811 4270 1948 4331 Μεθ’
1981 4270 2010 4330 ὃ
2042 4270 2215 4332 δὲκαὶ

610 4357 930 4434 βαπτισθείη
1023 4382 1130 4432 τις,
1224 4358 1314 4419 καὶ
1407 4369 1726 4440 πειρασμοῖς
1817 4370 2208 4442 περιπεσεῖται.

610 4445 931 4525 Ἀχθήσεται
977 4447 1080 4528 γὰρ
1135 4447 1281 4528 τάχα
1332 4448 1421 4509 ἐπὶ
1476 4452 1711 4529 βασιλεῖς
1770 4449 1864 4509 καὶ
1922 4450 2210 4530 ἡγεμόνας,

2332 3299 2362 3340 e
2411 3291 2574 3355 sputo
2628 3291 2683 3339 et
2725 3291 2891 3352 terra,
2946 3283 3052 3340 hoc
3088 3292 3172 3339 est
3212 3285 3376 3340 unico
3425 3283 3666 3342 Christo.
3711 3285 3816 3358 Qui
3860 3302 3926 3343 ex

2324 3371 2547 3442 deitate,
2573 3372 2730 3445 cujus
2759 3371 3077 3445 symbolum
3115 3374 3254 3430 stilla
3283 3383 3339 3431 et
3365 3384 3614 3447 sputum,
3645 3383 3699 3431 et
3727 3375 3929 3434 huma-

2324 3463 2516 3532 nitate,
2565 3463 2723 3536 cujus
2769 3463 3082 3536 symbolum
3111 3471 3280 3533 terra,
3323 3481 3387 3520 ex
3417 3482 3524 3536 qua
3554 3465 3778 3522 Domini
3806 3483 3930 3523 cor~

2325 3569 2446 3624 pus.
2489 3557 2644 3610 Num
2690 3553 2855 3626 igitur
2907 3553 3032 3610 ﬁnis
3072 3553 3366 3610 sanationis
3409 3555 3466 3610 in
3507 3555 3783 3612 credendo
3813 3559 3927 3613 est?

2323 3643 2683 3715 Neutiquam,
2725 3643 2821 3699 sed
2857 3652 3077 3714 oportet
3101 3653 3155 3699 et
3180 3644 3249 3700 ad
3278 3646 3482 3700 Siloam
3513 3645 3684 3714 abire,
3714 3645 3927 3703 fontem

2323 3732 2684 3803 baptismatis,
2743 3740 2799 3788 et
2852 3732 3112 3803 baptizari
3161 3733 3220 3788 iu
3284 3734 3476 3802 misso,
3531 3735 3638 3791 hoc
3693 3744 3796 3804 est,
3867 3736 3926 3792 in

2325 3822 2563 3880 Christo.
2603 3844 2628 3870 κ
2675 3823 2962 3892 Quotquot
3004 3822 3150 3876 enim
3183 3821 3443 3893 baptizati
3490 3839 3683 3879 sumus
3713 3848 3739 3872 ιο
3770 3824 3926 3895 spiri-

2322 3911 2568 3979 tualiter,
2603 3934 2626 3959 ‹‹
2661 3911 2716 3965 in
2762 3909 2978 3965 Christo
3022 3909 3279 3981 baptizati
3324 3926 3520 3967 sumus
3551 3911 3620 3966 ⁵³.
3658 3935 3684 3960 υ
3716 3915 3924 3970 Verum

2323 4001 2414 4058 ubi
2485 4001 2797 4072 baptizatus
2855 3999 2977 4072 quis
3022 3999 3210 4069 fuerit,
3260 4009 3390 4056 tunc
3434 4009 3490 4057 et
3534 4002 3925 4058 tentationibus

2320 4090 2646 4164 subjacebit.
2688 4094 2938 4147 Ducetur
2977 4090 3121 4146 enim
3151 4089 3382 4147 fortasse
3409 4091 3475 4147 ad
3506 4108 3662 4165 reges
3702 4101 3925 4165 propter

2323 4181 2628 4249 Christum,
2657 4181 2750 4253 qui
2779 4179 2993 4235 sanavit
3021 4180 3180 4236 illum
3209 4177 3276 4236 53.
3304 4182 3540 4252 Oportet
3560 4181 3726 4253 igitur
3745 4182 3922 4239 ﬁrmi-

2321 4279 2404 4328 ter
2454 4287 2514 4328 se
2563 4285 2772 4343 gerere,
2821 4277 2878 4325 et
2915 4277 3062 4326 stare
3093 4270 3150 4325 in
3191 4268 3536 4328 confessione
3581 4280 3920 4341 constanter,

2319 4377 2424 4416 nec
2454 4367 2677 4432 propter
2697 4366 2911 4415 metum
2932 4375 3154 4432 negare,
3187 4359 3283 4415 sed
3308 4367 3362 4415 et
3390 4361 3435 4414 si
3461 4377 3600 4432 opus
3630 4359 3818 4428 fuerit,
3837 4378 3923 4418 ex-

2325 4450 2446 4522 pelli
2476 4458 2531 4506 et
2559 4448 3099 4506 excommunicatum
3127 4448 3266 4514 ﬁeri,
3288 4448 3448 4520 juxta
3479 4449 3613 4504 illud
3645 4468 3659 4504 ε
3694 4473 3720 4499 οι
3753 4453 3918 4508 Exosi

608 4536 785 4595 ἕνεκεν
814 4544 906 4597 τοῦ
939 4535 1369 4618 θεραπεύσαντος
1419 4539 1580 4599 αὐτὸν
1621 4541 1886 4621 Χριστοῦ.
1916 4541 2012 4601 Δεῖ
2039 4542 2212 4602 τοίνυν

2328 4541 2474 4597 eritis
2521 4539 2782 4595 omnibus
2833 4547 3057 4610 propter
3107 4553 3314 4594 nomen
3357 4555 3548 4594 meum
3581 4538 3652 4608 54,
3682 4547 3738 4595 et
3765 4549 3920 4598 extra

611 4626 843 4706 βεϐαίως
882 4626 1043 4708 ἔχειν,
1085 4627 1176 4686 καὶ
1204 4625 1458 4687 ἵστασθαι
1489 4630 1579 4687 ἐπὶ
1610 4635 1703 4702 τῆς
1739 4631 2023 4708 ὁμολογίας
2056 4634 2208 4691 ἀκλι-

608 4721 744 4789 νῶς,
792 4717 869 4793 μὴ
914 4715 1001 4776 διὰ
1053 4717 1216 4798 φόϐον
1268 4718 1630 4798 ἀρνούμενον,
1663 4720 1822 4793 ἀλλὰ,
1867 4719 1966 4779 κᾶν
2012 4722 2204 4801 δεήσῃ,

607 4806 936 4886 ἐκκήρυκτον
982 4807 1076 4866 καὶ
1136 4806 1552 4887 ἀποσυνάγωγον
1607 4809 1901 4889 γινόμενον,
1936 4810 2075 4870 κατὰ
2126 4813 2208 4888 τὸ,

605 4924 628 4949 α
675 4896 913 4957 Ἐσεσθε
947 4897 1258 4976 μισούμενοι
1299 4896 1400 4956 ὑπὸ
1428 4899 1644 4958 πάντων
1677 4900 1764 4959 διὰ
1793 4900 1855 4960 τὸ
1880 4899 2046 4978 ὄνομά
2080 4925 2204 4979 μου,

604 4986 696 5046 καὶ
728 4986 1178 5066 ἀποσυναγώγους
1208 4988 1519 5060 ποιήσουσιν
1551 4993 1773 5066 ὓμᾶςω·
1860 4991 1978 5051 Κᾶν
2011 4991 2208 5050 ἐκϐάλ-

601 5078 739 5137 λωσι
778 5075 836 5135 δὲ
893 5077 981 5138 τὸν
1025 5076 1361 5156 ὁμολογητὴν
1417 5079 1464 5136 οἱ
1521 5077 1816 5158 ἅνθρωποι,
1873 5084 1944 5160 τῇ
1985 5081 2206 5163 ἀληθεία

600 5167 994 5248 ἐχθραίνοντες,
1047 5165 1140 5225 καὶ
1196 5167 1452 5237 διώξωσιν
1513 5169 1621 5229 ἀπὸ
1674 5171 1780 5228 τῶν
1853 5173 1981 5250 παρ’
2031 5174 2208 5240 αὐτοῖς

595 5258 755 5338 ἱερῶν
786 5257 881 5316 καὶ
927 5258 1140 5335 τιμίων,
1188 5258 1447 5336 πλούτου,
1494 5257 1654 5333 λέγω,
1702 5257 1796 5318 καὶ
1838 5259 2012 5333 δόξης·
2046 5259 2208 5341 εὑρή-

596 5371 680 5407 σει
712 5347 874 5408 αὐτὸν
907 5350 935 5407 ὁ
963 5347 1189 5422 Ἰησοῦς,
1221 5347 1314 5406 καὶ
1342 5348 1461 5409 τότε
1503 5350 1741 5426 μᾶλλον,
1779 5346 1866 5408 ὅτε
1915 5349 2064 5431 παρὰ
2101 5354 2205 5410 τῶν

593 5440 806 5520 ἐχθρῶν
843 5438 1189 5516 ἀτιμασθείη,
1233 5437 1382 5516 παρὰ
1432 5441 1669 5520 Χριστοῦ
1719 5439 2092 5518 τιμηθήσεται,
2139 5445 2205 5523 τῇ

588 5529 880 5610 ἐπιγνώσει
927 5529 1021 5588 καὶ
1180 5529 1534 5610 ἀκριϐεστέρα
1585 5527 1786 5589 πίστει.
1837 5531 2208 5610 Προσκυνήσει

581 5621 688 5704 γὰρ
721 5622 846 5682 τότε
879 5621 1091 5698 μᾶλλον
1122 5618 1211 5677 τὸν
1245 5618 1499 5700 Χριστὸν,
1534 5624 1605 5689 ὡς
1652 5619 1928 5700 ἄνθρωπον
1961 5619 2056 5699 μὲν
2087 5645 2206 5704 φαι-

646 5741 692 5776 ”
721 5744 902 5800 Rom.
933 5754 978 5806 ι,
1010 5743 1102 5794 21.
1218 5735 1263 5770 ⁸³
1291 5740 1428 5794 Luc.
1452 5753 1497 5805 I,
1525 5745 1614 5794 78.

569 5831 631 5887 ι,
669 5821 760 5873 18.
867 5811 916 5847 ⁸⁵
949 5810 1094 5868 Ibid.
1133 5814 1224 5864 22.
1327 5810 1370 5844 ⁸³
1394 5811 1556 5867 Joau.
1588 5825 1723 5880 xvr,
1753 5817 1810 5871 2.

1709 5737 1755 5771 ³ο
1782 5739 1928 5798 Psal.
1953 5754 2097 5811 xm,
2130 5748 2196 5817 2;
2230 5760 2338 5816 ιιι,
2370 5751 2420 5800 3.

2317 4646 2623 4704 synagogas
2651 4628 2860 4685 facient
2888 4645 2984 4686 vos
3021 4628 3092 4685 ⁵⁵.
3141 4652 3166 4677 ››
3206 4631 3413 4685 Verum
3443 4628 3662 4685 etiamsi
3699 4629 3920 4701 ejiciant

2316 4721 2674 4778 conﬁtentem
2717 4718 2974 4776 homines
3022 4718 3302 4775 veritatem
3353 4719 3484 4775 odio
3530 4718 3818 4789 habentes,
3865 4729 3921 4778 et

2315 4817 2709 4884 persequantur
2749 4817 2974 4881 pr0pter
3018 4809 3136 4865 illas
3182 4824 3308 4881 qua:
3355 4809 3434 4865 eis
3495 4824 3663 4866 sacrae
3699 4819 3831 4867 sunt
3863 4819 3921 4867 et

2315 4900 2671 4968 venerabiles,
2705 4898 2927 4955 divitias
2955 4897 3081 4954 dico
3134 4907 3189 4955 et
3233 4899 3469 4972 gloriam
3516 4915 3640 4956 eum
3680 4900 3922 4956 inveniet

2311 4992 2494 5059 Jesus,
2542 4997 2600 5046 et
2641 4996 2772 5044 tunc
2801 4991 2976 5059 magis
3007 4987 3230 5061 quando
3260 4989 3328 5044 ab
3353 4989 3588 5045 inimicis
3614 4988 3916 5062 ignominia

2316 5087 2540 5136 notatus
2580 5077 2762 5146 fuerit,
2803 5095 2835 5134 a
2871 5078 3090 5134 Christo
3121 5077 3488 5135 honorabitur
3528 5077 3826 5150 agnitione,
3859 5085 3918 5133 et

2314 5170 2550 5226 certiore
2589 5167 2713 5225 ﬁde.
2758 5169 2898 5224 Nam
2945 5176 3078 5223 tunc
3107 5168 3283 5240 magis
3309 5167 3561 5223 adorabit
3603 5165 3910 5236 Christum,

2313 5260 2406 5333 qui
2435 5267 2660 5332 apparet
2688 5267 2752 5313 ut
2790 5257 2978 5327 homo,
3012 5266 3096 5313 est
3123 5267 3312 5314 autem
3341 5266 3396 5313 et
3431 5257 3602 5312 Filius
3636 5255 3757 5312 Dei.
3791 5258 3919 5314 Non

2315 5351 2466 5408 enim
2503 5349 2641 5405 alius
2669 5357 2752 5405 est
2780 5349 2952 5405 Filius
2982 5347 3104 5416 Dei,
3135 5356 3189 5403 et
3217 5347 3358 5404 alius
3387 5346 3580 5402 Maria:
3610 5350 3764 5412 (nam
3795 5345 3918 5403 hac

2316 5439 2555 5497 Nestorii
2585 5439 2879 5511 impietas),
2930 5437 3027 5494 scd
3056 5453 3196 5493 unus
3225 5441 3279 5491 et
3322 5434 3469 5491 idem
3499 5444 3580 5491 est
3617 5436 3714 5492 Dei
3742 5437 3917 5494 Filius

2314 5538 2370 5587 et
2409 5529 2668 5586 hominis.
2699 5528 2838 5585 Vide
2877 5528 3027 5583 enim
3057 5525 3336 5598 quomodo
3366 5525 3666 5594 Dominus,
3698 5526 3917 5582 dicente

2313 5637 2460 5678 σαξοο
2503 5638 2518 5678 :
2555 5643 2578 5668 ιι
2611 5619 2747 5690 Quis
2774 5625 2859 5674 est
2891 5617 3060 5674 Filius
3090 5616 3216 5686 Dei,
3251 5624 3309 5672 ut
3337 5615 3563 5672 credam
3604 5617 3663 5671 in
3695 5621 3856 5673 eum?
3879 5636 3906 5669 ι)

2516 5739 2558 5775 ⁵¹
2587 5735 2786 5796 Matth.
2817 5754 2872 5810 x,
2905 5743 2959 5794 6.
3053 5735 3098 5772 ⁸³
3127 5734 3304 5794 Galat.
3341 5753 3431 5806 III,
3461 5743 3554 5794 27.
3640 5735 3685 5769 ⁸³
3708 5734 3912 5792 Matth.
