4198 6476
439 461 505 514 63
1458 455 1972 513 THEOPHYLACTI
2011 453 2365 510 BULGARle
2401 452 2717 510 ARCHIEP.
3673 444 3742 499 64

434 615 506 625 —
544 606 569 633 οι
603 585 676 640 Et
701 583 910 654 vidisti,
936 585 1136 657 inquit,
1165 600 1317 652 eum,
1350 591 1404 640 et
1429 585 1523 656 qui
1553 582 1795 654 loquitur
1820 589 2028 651 tecum,
2057 586 2092 650 Α

2087 591 2111 650 L
2141 578 2390 657 νόμενον,
2419 579 2546 640 ὄντα
2578 578 2632 638 δὲ
2664 578 2756 639 καὶ
2797 578 2929 640 Υἱὸν
2959 581 3053 637 τοῦ
3093 579 3254 638 Θεοῦ.
3341 575 3422 636 Οὔ
3453 571 3556 652 γὰρ
3587 571 3745 639 ἄλλος

435 673 528 729 ille
553 682 656 730 est.
691 696 716 722 ιι
752 675 886 744 Quis
912 675 1076 747 igitur
1105 683 1221 730 erat
1251 675 1517 745 loquens?
1547 672 1794 728 Omnino
1827 670 1914 726 ille
1941 671 2032 744 qui

2142 673 2170 728 6
2203 671 2332 738 Υἱὸς
2363 677 2454 730 τοῦ
2481 671 2654 742 Θεοῦ,
2703 668 2793 729 καὶ
2825 670 2980 737 ἄλλος
3008 671 3035 726 6
3075 669 3132 726 ἐκ
3179 665 3396 746 Μαρίας
3427 662 3614 742 (τοῦτο
3642 660 3744 740 γὰρ

436 777 504 818 ex
528 762 704 817 Maria
735 771 896 818 natus
925 762 1146 834 quidem
1178 771 1231 817 et
1259 762 1430 817 Filius
1458 761 1580 828 Dei,
1605 777 1717 816 non
1746 759 1881 816 alius
1905 774 2034 831 ergo

2143 759 2434 838 Νεστορίου
2468 759 2527 818 τὸ
2582 758 2901 839 ἀσέϐημα),
2939 757 3060 817 ἀλλ’
3106 747 3177 825 εἷς
3211 756 3302 814 καὶ
3356 758 3383 813 6
3432 752 3588 820 αὐτὸς
3621 750 3745 818 Υἱὸς

433 859 487 906 et
512 851 648 905 alius
683 871 698 905 :
729 851 876 906 unde
901 852 1117 922 proprie
1159 852 1384 913 Οεοτόκος
1410 859 1592 906 sancta
1623 849 1818 916 Maria,
1847 857 2036 919 utpote

2144 853 2285 911 Θεοῦ
2315 849 2406 907 καὶ
2458 848 2752 928 ἀνθρώπου,
2778 845 2925 928 "Ope:
2961 846 3063 925 γὰρ
3094 849 3206 912 πῶς
3239 851 3267 905 6
3300 844 3517 926 Κύριος,
3571 843 3745 900 εἶπόν-

434 954 559 1010 qua:
590 939 791 995 Filium
817 941 918 995 Dei
947 956 1167 996 carnem
1202 939 1406 995 factum
1435 939 1703 1009 genuerit,
1737 937 2037 994 indivisibi-

2143 961 2230 1005 τος
2260 945 2352 997 τοῦ
2399 963 2527 998 ποτε
2573 942 2794 1020 τυφλοῦ,
2847 967 2869 990 σι
2905 938 3015 998 Καὶ
3046 936 3124 1004 τίς
3160 938 3305 994 ἐστιν
3343 963 3364 987 ι
3417 937 3445 992 6
3477 933 3604 999 Υἱὸς
3653 935 3745 990 τοῦ

436 1026 546 1082 lem
595 1028 968 1098 exsistentem,
1011 1037 1066 1085 et
1095 1045 1272 1085 unum
1302 1028 1596 1099 duplicem,
1628 1027 1722 1100 qui
1769 1035 1850 1083 est
1876 1027 2037 1082 Jesus

2145 1030 2306 1104 Θεοῦ,
2347 1056 2369 1080 α
2415 1027 2505 1086 ἵνα
2552 1029 2822 1087 πιστεύσω
2853 1030 2924 1095 εἷς
2957 1026 3149 1104 αὖτόνς
3185 1051 3210 1079 ν
3249 1061 3331 1069 -
3377 1053 3403 1076 α
3439 1023 3548 1084 Καὶ
3579 1021 3748 1100 ἑώρα-

439 1114 709 1172 Christus.
879 1198 902 1199 η
1402 1198 1414 1199 7

2149 1141 2267 1195 καις,
2302 1118 2492 1199 φησὶν,
2545 1118 2728 1191 αὐτὸν,
2782 1117 2874 1176 καὶ
2905 1122 2932 1177 6
2979 1119 3156 1176 λαλῶν
3209 1114 3346 1192 μετὰ
3393 1118 3509 1186 σοῦ,
3553 1109 3747 1178 ἐκεῖνός

438 1207 598 1266 ἐστιν.
633 1234 658 1260 ι
695 1207 794 1274 Τίς
844 1198 932 1267 οὖν
985 1201 1047 1280 ἦν
1079 1212 1107 1267 6
1149 1210 1365 1281 λαλῶν;
1398 1198 1480 1268 ὟΗ
1515 1208 1726 1274 πάντως
1764 1208 1792 1265 6
1833 1208 1889 1265 ἐκ
1921 1203 2140 1286 Μαρίας
2169 1198 2471 1284 γεννηθείς;
2529 1211 2558 1266 6
2608 1207 2764 1275 αὐτὸς
2823 1205 2877 1265 δὲ
2929 1207 3020 1266 καὶ
3071 1205 3198 1272 Υἱὸς
3245 1207 3410 1281 Θεοῦ,
3446 1205 3543 1262 οὐκ
3596 1201 3755 1268 ἄλλος

438 1295 544 1375 ἄρα
589 1296 682 1356 καὶ
730 1298 905 1365 ἄλλος.
940 1297 1104 1358 ⁶Όθεν
1144 1298 1235 1358 καὶ
1279 1297 1471 1378 κυρίως
1515 1297 1777 1364 Θεοτόκος
1824 1301 1857 1368 ἡ
1905 1295 2033 1374 ἁγία
2082 1296 2308 1376 Μαρία,
2346 1302 2417 1364 ὡς
2454 1298 2545 1358 τὸν
2593 1299 2722 1358 Υῖὸν
2766 1303 2856 1358 τοῦ
2895 1298 3038 1357 Θεοῦ
3085 1294 3260 1376 σάρκα
3289 1292 3540 1374 γεγονότα
3568 1290 3754 1371 γεννή-

439 1407 605 1457 σασα,
662 1387 954 1468 ἀδιαίρετον
1014 1389 1166 1462 ὄντα,
1220 1387 1312 1447 καὶ
1372 1387 1465 1446 ἕνα
1515 1390 1605 1446 τὸν
1659 1389 1902 1459 διπλοῦν,
1961 1384 2015 1453 ὅς
2051 1387 2164 1444 ἐστι
2193 1389 2427 1467 Χριστὸς
2465 1387 2681 1468 Κύριος.

505 1486 687 1542 Vsus.
723 1493 912 1543 39-41.
965 1509 992 1535 α
1024 1491 1094 1542 Et
1129 1486 1268 1542 dixit
1300 1487 1460 1542 Jesus
1492 1507 1505 1542 :
1538 1489 1600 1541 ln
1639 1485 1908 1558 judicium
1941 1499 2042 1556 ego

2233 1504 2257 1531 α
2307 1477 2416 1538 Καὶ
2467 1467 2612 1536 εἶπεν
2662 1481 2690 1537 6
2721 1476 2945 1549 Ἰησοῦς·
2997 1479 3091 1542 Εἰς
3144 1482 3313 1554 κρῖμα
3378 1473 3484 1554 ἐγὼ
3533 1475 3604 1540 εἷς
3660 1469 3751 1530 τὸν

439 1575 497 1630 in
527 1574 672 1632 hunc
698 1575 970 1632 mundum
1001 1577 1146 1642 veni,
1185 1585 1245 1632 ut
1281 1577 1379 1647 qui
1406 1592 1518 1631 non
1544 1575 1747 1644 vident,
1782 1575 2039 1630 videant:

2151 1566 2354 1643 κόσμον
2389 1575 2570 1627 τοῦτον
2615 1559 2775 1640 ἦλθον
2796 1614 2810 1640 ,
2845 1565 2935 1625 ἵνα
2979 1569 3028 1627 οἳ
3061 1565 3136 1641 μὴ
3172 1566 3456 1646 βλέποντες
3490 1562 3749 1643 βλέπωσι,

440 1663 609 1736 643
642 1673 698 1721 et
725 1667 817 1738 qui
836 1667 1042 1735 vident,
1067 1666 1196 1724 caeci
1221 1667 1378 1723 ﬂant.
1401 1669 1469 1722 Et
1489 1665 1792 1722 audierunt
1819 1664 2044 1736 quidam

2153 1656 2244 1715 καὶ
2275 1662 2323 1716 οἳ
2355 1657 2639 1737 βλέποντες
2674 1657 2863 1739 τυφλοὶ
2909 1655 3189 1734 γένωνται.
3282 1653 3392 1715 Καὶ
3426 1653 3661 1739 ἤκουσαν
3695 1652 3753 1711 ἐκ

448 1769 513 1809 ex
556 1754 844 1811 Pharisaais
872 1756 1012 1824 haac,
1057 1757 1149 1827 qui
1193 1773 1320 1812 cum
1353 1758 1468 1826 ipso
1500 1764 1674 1824 erant,
1708 1766 1764 1811 et
1789 1755 2046 1811 dixerunt

2153 1749 2257 1804 τῶν
2287 1745 2605 1825 Φαρισαίων
2637 1752 2830 1824 ταῦτα,
2867 1748 2914 1804 οἱ
2941 1746 3084 1812 ὄντες
3116 1743 3233 1823 μετ’
3264 1745 3449 1836 αὐτοῦ,
3485 1741 3576 1800 καὶ
3606 1731 3750 1800 εἶπον

440 1843 490 1897 ei
541 1860 554 1897 :
583 1847 734 1900 Num
765 1853 821 1900 et
849 1862 951 1900 nos
981 1846 1111 1902 caeci
1156 1848 1390 1902 sumus?
1420 1845 1572 1900 Dixit
1618 1845 1698 1900 eis
1735 1846 1895 1900 Jesus
1939 1861 1954 1899 :
1987 1839 2047 1898 Si
2079 1914 2098 1917 _

2097 1915 2107 1917 ἓ
2156 1838 2336 1916 αὐτῷ·
2374 1835 2468 1907 Μὴ
2501 1836 2592 1896 καὶ
2624 1841 2780 1914 ἡμεῖς
2831 1835 3020 1917 τυφλοί
3072 1837 3266 1908 ἐσμεν;
3321 1832 3486 1892 Εἶπεν
3519 1832 3697 1897 αὐτοῖς
3726 1833 3755 1889 6

439 1932 572 1988 (ιωοί
617 1933 831 2002 essetis,
879 1950 992 1989 non
1037 1935 1311 1991 haberetis
1339 1942 1624 2006 peccatum
1659 1953 1673 1990 :
1719 1949 1867 1989 nunc
1908 1947 2037 1987 vero
2073 1914 2097 1976 Ῑ

2089 1914 2120 1976 Β
2151 1914 2381 1996 Ἰησοῦς·
2444 1929 2509 1986 Εἰ
2561 1925 2748 2006 τυφλοὶ
2792 1914 2920 1998 ἦτε,
2964 1926 3061 1982 οὐκ
3109 1923 3387 2006 ἂνΔεῖχετε
3457 1920 3747 2001 ἁμαρτίαν·

438 2019 636 2090 dicitis,
661 2022 947 2090 Videmus,
974 2023 1174 2078 idcirco
1201 2031 1489 2094 peccatum
1512 2030 1755 2078 vestrum
1785 2029 1988 2076 manet.
2018 2042 2044 2069 ››

2153 2020 2244 2073 νῦν
2296 2013 2349 2073 δὲ
2377 2014 2582 2095 λέγετε,
2626 2016 2709 2077 δ’τι
2742 2017 3044 2091 Βλέπομεν·
3091 2019 3124 2086 ἡ
3164 2003 3254 2074 οῦν
3304 2011 3546 2092 ἁμαρτία
3599 2012 3748 2087 ὑμῶν

438 2112 738 2182 Postquam
787 2111 928 2167 vidit
973 2114 1244 2167 Dominus
1307 2112 1620 2168 Pharisaaos
1667 2127 1737 2167 ex
1781 2109 2049 2166 miraculo

2157 2104 2321 2182 μένει.
2373 2133 2398 2156 υ
2444 2105 2667 2177 Ἐπειδὴ
2719 2095 2853 2164 εἶδεν
2910 2107 2937 2162 6
2997 2102 3192 2184 Κύριος
3245 2101 3367 2169 τοὺς
3421 2099 3756 2181 Φαρισαίους

439 2200 616 2270 magis
641 2198 871 2268 offendi,
895 2215 1061 2267 quam
1084 2201 1381 2256 utilitatem
1403 2200 1703 2272 percipere,
1726 2207 1779 2255 et
1800 2208 2050 2272 propter-

2158 2193 2460 2275 βλαϐέντας
2495 2197 2720 2273 μᾶλλον,
2766 2198 2862 2255 οὐκ
2911 2193 3285 2275 ὠφεληθέντας
3335 2193 3395 2250 ἐκ
3423 2195 3514 2249 τοῦ
3549 2189 3757 2265 θαύμα-

444 2303 506 2343 ea
549 2288 748 2359 majori
775 2288 1246 2345 condemnatione
1277 2290 1492 2362 dignos,
1526 2289 1676 2358 dicit,
1705 2289 1849 2345 sicut
1891 2289 2050 2345 vide-

2155 2309 2266 2356 τος,
2302 2284 2396 2344 καὶ
2434 2284 2521 2344 διὰ
2550 2291 2709 2344 τοῦτο
2754 2285 2847 2344 καὶ
2881 2286 3116 2361 μείζονος
3167 2279 3532 2362 κατακρίσεως
3564 2279 3755 2355 ἀξίους,

441 2384 534 2432 tur
562 2383 618 2432 et
645 2378 822 2433 evenit
853 2395 866 2433 :
899 2401 924 2426 α
957 2382 1025 2434 In
1047 2378 1320 2451 judicium
1357 2396 1456 2451 ego
1489 2379 1634 2449 veni,
1664 2404 1688 2428 υ
1723 2378 1829 2435 hoc
1855 2387 1960 2446 est,
1992 2379 2050 2434 in

2155 2374 2314 2455 φησὶν
2337 2420 2354 2450 ,
2383 2373 2494 2448 ὅτι,
2524 2377 2595 2441 ὡς
2625 2375 2792 2449 ἔοικε,
2815 2374 2907 2433 καὶ
2935 2377 3006 2440 ὡς
3038 2370 3316 2433 ἀποϐαίνει
3339 2371 3405 2428 τὰ
3433 2369 3753 2450 πράγματα,

442 2466 708 2538 majorem
737 2466 1262 2524 condemnationem
1293 2477 1347 2524 et
1383 2470 1438 2524 in
1487 2484 1735 2540 pmuam,
1783 2492 1809 2517 α
1846 2472 1924 2525 Ut
1952 2467 2045 2541 qui

2153 2491 2178 2516 ει
2226 2465 2320 2530 Εἷς
2346 2467 2515 2544 κρῖμα
2551 2456 2712 2536 ἦλθον
2741 2462 2868 2544 ἐγὼ,
2905 2493 2927 2517 ››
2961 2464 3079 2522 ἀντὶ
3123 2468 3253 2536 τοῦ,
3303 2464 3376 2528 εἷς
3428 2458 3641 2538 μείζονα
3672 2457 3759 2518 κό-

439 2571 554 2611 non
598 2555 808 2624 vident,
841 2557 1081 2626 videant,
1112 2567 1166 2614 et
1194 2559 1291 2630 qui
1336 2557 1548 2626 vident,
1584 2581 1610 2608 ιι
1645 2557 1907 2614 Pharisaei
1936 2558 2047 2613 sci-

2151 2555 2304 2613 λασιν
2359 2553 2452 2613 καὶ
2483 2555 2834 2634 κατάκρισιν,
2877 2582 2903 2607 σι
2955 2552 3053 2634 ἵνα,
3087 2555 3135 2612 οἱ
3180 2551 3258 2630 μὴ
3313 2548 3596 2630 βλέποντες
3633 2547 3756 2628 βλέ-

442 2645 588 2712 licet,
635 2664 664 2698 ‹‹
693 2647 824 2703 caeci
875 2649 1042 2704 oculis
1095 2651 1293 2703 animae
1334 2647 1490 2704 ﬁant.
1527 2671 1554 2698 »
1588 2651 1728 2704 Ecce
1766 2647 1914 2704 enim
1943 2647 2047 2714 ille

2151 2667 2322 2717 πωσι,
2355 2643 2446 2702 καὶ
2493 2646 2540 2702 οἱ
2573 2632 2885 2723 βλέποντες,
2919 2672 2943 2698 υ
3003 2632 3102 2702 οἶοι
3138 2644 3185 2701 οἱ
3225 2643 3550 2722 Φαρισαῖοι,
3606 2666 3627 2691 ‹ι
3667 2663 3757 2698 τυ-

439 2735 661 2806 quidem
694 2752 725 2791 a
746 2735 1025 2792 nativitate
1049 2754 1164 2792 non
1186 2737 1427 2802 videbat,
1456 2747 1510 2793 et
1527 2754 1673 2793 nunc
1695 2737 1841 2793 videt
1867 2737 2046 2792 anima

2153 2733 2275 2814 φλοὶ
2307 2761 2330 2785 υ
2359 2731 2478 2800 τοὺς
2506 2737 2601 2804 τῆς
2626 2736 2799 2812 ψυχῆς
2831 2731 3138 2814 ὀφθαλμοὺς
3169 2756 3194 2782 α
3227 2729 3506 2810 γένωνται.
3548 2753 3572 2780 υ
3618 2725 3756 2788 Ἰδοὺ

441 2831 497 2880 et
519 2840 764 2896 corpore.
795 2826 901 2894 Qui
930 2835 1119 2882 autem
1149 2826 1402 2881 videntur
1432 2827 1639 2898 videre,
1666 2835 1852 2882 mente
1879 2841 2050 2882 excec-

2152 2821 2256 2901 γὰρ
2287 2824 2315 2880 ὁ
2349 2819 2444 2898 μὲν
2493 2824 2555 2880 ἐκ
2601 2827 2817 2901 γενετῆς
2849 2821 2923 2899 μὴ
2977 2820 3188 2902 βλέπων
3225 2819 3433 2900 βλέπει,
3490 2819 3580 2878 καὶ
3609 2821 3756 2899 ψυχῇ

439 2912 544 2968 cati
586 2923 730 2969 sunt.
783 2917 937 2969 Duos
979 2915 1130 2970 enim
1159 2916 1328 2982 visus,
1361 2924 1416 2971 et
1458 2916 1595 2972 duas
1636 2916 1919 2971 caacitates
1946 2915 2048 2970 hoc

2155 2911 2246 2970 καὶ
2287 2909 2524 2986 σώματι’
2558 2914 2606 2970 οἱ
2654 2912 2708 2972 δὲ
2750 2913 3021 2978 δοκοῦντες
3071 2910 3323 2990 βλέπειν,
3378 2906 3758 2989 ἐτυφλώθησαν

442 3002 564 3057 loco
590 3001 739 3057 dicit.
777 3003 1040 3059 Pharisaei
1069 3013 1275 3074 autem,
1303 3004 1392 3076 qui
1422 3020 1640 3076 semper
1668 3005 1736 3061 ad
1765 3005 2047 3060 sensibilia

2155 2998 2292 3059 κατὰ
2321 3005 2462 3059 νοῦν.
2522 2999 2629 3061 Δύο
2676 3001 2778 3082 γὰρ
2835 3001 3154 3082 ἀναϐλέψεις
3217 3003 3444 3059 ἐνταῦθα
3492 2996 3757 3076 λέγεικαὶ

442 3099 572 3147 sunt
611 3091 804 3147 intenti
847 3093 1229 3150 existimantes
1274 3109 1403 3149 eum
1441 3094 1508 3150 de
1536 3094 1777 3150 sensibili
1804 3094 2049 3150 caecitate

2155 3087 2246 3148 δύο
2275 3090 2632 3172 τυφλότητας.
2683 3094 2756 3152 Οἱ
2791 3092 2844 3151 δὲ
2877 3092 3007 3172 πρὸς
3036 3092 3104 3150 τὰ
3149 3089 3379 3161 αἰσθητὰ
3413 3088 3496 3147 ἀεὶ
3525 3086 3757 3167 κεχηνό-

444 3181 620 3253 loqui,
670 3205 695 3230 α
745 3185 898 3238 Num
927 3192 984 3238 et
1010 3199 1134 3250 nos,
1173 3183 1452 3255 inquiunt,
1485 3184 1614 3240 caeci
1649 3188 1878 3240 sumus?
1915 3205 1942 3237 »
1979 3187 2050 3240 Et
2081 3228 2102 3291 ί

2101 3227 2124 3251 .,
2157 3203 2240 3246 τες
2276 3183 2592 3260 Φαρισαῖοι,
2646 3182 2963 3258 νομίσαντες
3003 3181 3124 3261 περὶ
3156 3184 3410 3253 αἰσθητῆς
3458 3177 3628 3256 λέγειν
3663 3179 3759 3236 αὖ·

2101 3267 2127 3291 ,Δ
2195 3272 2206 3288 ι
2406 3269 2418 3288 I
2687 3269 2771 3291 ll‘
2880 3272 2892 3291 \
2931 3279 2945 3291 ι
3028 3275 3054 3288 κ
3231 3269 3244 3291 \
3406 3270 3426 3291 κ
3476 3267 3490 3289 Ι
3529 3271 3543 3291 3

443 3269 585 3325 hanc
627 3272 804 3326 solam
852 3272 1194 3343 corporalem
1237 3273 1569 3328 erubescunt
1612 3275 1933 3330 cmcitatem.
1979 3279 2051 3330 At
2081 3267 2101 3291 ‘

2102 3267 2127 3291 “⁴
2158 3272 2247 3328 τὸν
2273 3269 2563 3352 πηρώσεως
2583 3317 2598 3347 ,
2629 3297 2652 3326 α
2686 3269 2782 3344 Μὴ
2808 3272 2899 3330 καὶ
2921 3275 3095 3349 ἡμεῖς,
3118 3269 3274 3351 φασὶ,
3305 3267 3490 3349 τυφλοί
3521 3271 3712 3344 ἐσμεν,
3736 3294 3760 3321 ιο

445 3360 721 3415 Dominus
751 3361 1038 3416 ostendere
1064 3363 1142 3417 eis
1179 3363 1367 3418 volens
1395 3363 1543 3433 quod
1573 3364 1768 3419 melius
1797 3371 1938 3419 esset
1975 3363 2051 3419 eis

2157 3358 2355 3431 ταύτην
2411 3359 2574 3436 μόνην
2620 3359 2715 3432 τὴν
2761 3361 3074 3437 σωματικὴν
3133 3359 3506 3440 αἰσχυνόμενοι
3551 3356 3762 3436 τύφλω-

446 3463 565 3504 esse
589 3464 763 3506 caecos
786 3466 1038 3521 corpore,
1083 3460 1137 3506 et
1164 3468 1277 3506 non
1306 3452 1639 3519 incredulos,
1669 3453 1846 3524 inquit
1875 3473 1892 3507 :
1935 3475 1961 3501 «
1996 3454 2050 3509 Si

2159 3473 2265 3510 σιν.
2317 3447 2386 3508 Ὀ
2436 3449 2490 3507 δὲ
2546 3449 2768 3528 Κύριος,
2823 3450 2989 3520 δεῖξαι
3049 3451 3226 3516 αὐτοῖς
3276 3446 3616 3528 βουλόμενος,
3681 3445 3760 3506 ὅτι

447 3537 578 3592 caeci
607 3539 818 3608 essetis,
864 3556 976 3595 non
1005 3539 1278 3596 haberetis
1305 3552 1612 3614 pec-ratum.
1647 3565 1672 3590 ιι
1703 3544 1845 3597 Nam
1874 3542 1919 3597 si
1959 3558 2052 3612 per

2161 3538 2366 3617 βέλτιον
2422 3538 2649 3620 τυφλοὺς
2702 3529 2837 3598 εἶναι
2904 3539 3117 3612 σώματι
3190 3540 3282 3597 καὶ
3336 3536 3411 3614 μὴ
3479 3535 3755 3612 ἀπίστους,

445 3627 827 3682 necessitatem
856 3637 1068 3685 natura:
1097 3631 1352 3686 excaecati
1387 3633 1603 3701 essetis,
1647 3632 1800 3687 venia
1829 3631 2053 3687 daretur

2160 3626 2336 3707 φησίνο
2386 3655 2409 3682 α
2453 3632 2523 3688 Εἰ
2565 3628 2756 3709 τυφλοὶ
2793 3621 2886 3701 ἧτε
2941 3632 3034 3688 οὐκ
3077 3627 3138 3686 ἂν
3187 3626 3357 3708 εἴχετε
3388 3625 3683 3707 ἁμαρτίαν.
3735 3651 3760 3681 υ

449 3714 604 3770 vobis
645 3716 1028 3774 incredulitate
1061 3719 1432 3777 laborantibus
1479 3742 1491 3777 :
1520 3738 1668 3777 nunc
1707 3729 1893 3777 autem
1925 3722 2051 3792 quia

2161 3719 2225 3776 Εἰ
2253 3716 2358 3798 γὰρ
2411 3721 2532 3779 κατ’
2583 3719 2822 3796 ἀνάγκην
2871 3721 2930 3778 ἐκ
2980 3719 3184 3800 φύσεως
3218 3717 3589 3798 ἐπεπήρωσθε,
3643 3716 3758 3775 ἐδί-

448 3803 625 3860 dicitis
655 3823 752 3862 vos
785 3808 983 3876 videre,
1017 3817 1073 3864 et
1099 3810 1256 3882 plane
1288 3812 1455 3867 etiam
1484 3811 1587 3883 ipsi
1616 3811 1744 3867 facti
1772 3819 2051 3882 spectato-

2161 3807 2284 3866 δοτο
2348 3807 2412 3865 ἄν
2473 3833 2552 3876 τις
2597 3809 2891 3888 συγγνώμη
2951 3807 3203 3867 ἀπιστίαν
3265 3812 3500 3866 νοσοῦσι⁹
3556 3811 3650 3866 νῦν
3701 3807 3755 3866 δὲ

447 3909 537 3950 res
575 3893 744 3967 hujus
781 3897 1034 3954 miraculi
1065 3899 1121 3954 in
1161 3915 1332 3970 caeco,
1379 3901 1755 3958 incredulitate
1785 3900 2052 3956 laboratis

2159 3895 2396 3974 λέγοντες
2431 3897 2669 3977 βλέπειν,
2705 3898 2797 3956 καὶ
2844 3899 2940 3974 μέν
2986 3920 3068 3956 τοι
3116 3897 3207 3956 καὶ
3254 3896 3513 3956 αὐτόπται
3547 3902 3640 3956 τοῦ
3673 3896 3759 3956 ἐπὶ

447 3983 646 4047 adhuc,
677 4002 786 4040 non
815 3987 967 4057 digni
987 3989 1116 4044 estis
1139 3991 1315 4044 venia.
1340 3993 1480 4045 Nam
1503 3999 1789 4060 peccatum
1812 3999 2054 4045 vestrum

2160 3988 2237 4066 τῷ
2267 3989 2446 4066 τυφλῷ
2479 3987 2749 4064 γενόμενοι
2777 3987 3063 4064 θαύματος,
3106 3977 3221 4045 εἶτα
3253 3985 3504 4044 ἀπιστίαν
3547 3990 3762 4044 νοσοῦν-

451 4071 741 4130 indelebile
765 4085 984 4143 manet;
1013 4084 1067 4130 et
1105 4077 1279 4147 magis
1319 4078 1646 4148 puniemini,
1687 4094 1753 4133 eo
1794 4078 1943 4149 quod
1987 4095 2053 4133 ex

2161 4097 2244 4142 τες
2281 4075 2402 4155 ,ἔτι,
2433 4077 2529 4134 οὐκ
2559 4075 2692 4143 ἄξιοί
2745 4079 2862 4136 ἐστε
2893 4074 3229 4156 συγγνώμης.
3317 4075 3388 4135 ⁶Η
3419 4073 3522 4156 γὰρ
3573 4075 3763 4154 ἁμαρ-

453 4161 737 4217 miraculis
805 4179 927 4234 quae
964 4164 1180 4230 videtis,
1231 4165 1298 4220 ad
1363 4166 1532 4221 [idem
1584 4182 1696 4222 non
1745 4167 2049 4224 trahimini.

2162 4163 2251 4222 τία
2339 4168 2487 4240 ὑμῶν
2595 4167 2964 4234 ἀνεξάλειπτος
3039 4168 3221 4242 μένει,
3316 4164 3408 4224 καὶ
3511 4163 3761 4241 μειζόνως

329 4234 332 4237 ’
364 4328 366 4331 λ
451 4252 616 4306 Forte
645 4259 830 4306 autem
860 4253 981 4324 quis
1011 4253 1181 4308 etiam
1211 4254 1290 4308 sic
1316 4255 1647 4310 intellexerit
1689 4274 1700 4310 :
1752 4278 1776 4304 α
1824 4256 1877 4312 Si
1923 4272 1987 4312 ca

2161 4234 2584 4331 κολασθῆσεσθε,
2639 4255 2730 4316 ἅτε
2790 4256 2866 4334 μὴ
2908 4256 2960 4325 ἐξ
3003 4234 3074 4315 δέν
3121 4234 3279 4336 ὁράτε
3331 4234 3643 4332 θαυμασίων
3689 4256 3761 4324 εἷς

453 4339 663 4405 essetis,
687 4357 803 4396 non
841 4341 1117 4398 haberetis
1142 4352 1439 4413 peccatum.
1474 4367 1502 4393 υ
1529 4347 1671 4400 Nam
1693 4361 1787 4401 vos
1807 4346 2052 4418 quidem,

2162 4344 2344 4404 πίστιν
2388 4345 2691 4427 ἐρχόμενοι.
2728 4347 2890 4428 Τάχα
2924 4349 2970 4406 δ’
3018 4346 3081 4404 ἄν
3111 4370 3190 4414 τις
3229 4346 3320 4406 καὶ
3371 4344 3511 4404 οὕτω
3555 4343 3761 4418 νοήσειε

453 4428 655 4500 inquit,
682 4429 750 4485 de
778 4433 1048 4502 corporali
1074 4433 1320 4490 caecitate
1343 4433 1712 4506 interrogatis,
1735 4451 1836 4507 ego
1867 4445 2053 4492 autem

2161 4434 2242 4509 τὸ,
2300 4462 2323 4488 α
2383 4437 2453 4496 Εἰ
2501 4436 2690 4514 τυφλοὶ
2736 4427 2857 4513 ἦτε,
2915 4438 3011 4495 οὐκ
3063 4435 3126 4493 ἂν
3179 4434 3353 4515 εἴχετε
3397 4435 3683 4514 ἁμαρτίαν·
3735 4463 3762 4488 υ

453 4516 526 4572 de
569 4519 774 4576 animae
801 4521 1047 4577 caecitate
1083 4521 1231 4590 dico,
1273 4523 1421 4595 quod
1463 4524 1505 4579 si
1535 4526 1724 4580 essetis
1760 4527 1914 4593 caeci,
1948 4525 2054 4582 hoc
2082 4575 2111 4606 τ

2104 4576 2132 4606 Χ
2164 4522 2350 4600 ⁶Υμεῖς
2400 4523 2496 4602 μὲν
2551 4525 2689 4606 γὰρ,
2744 4524 2914 4605 φησὶ,
2979 4524 3102 4606 περὶ
3161 4528 3476 4602 σωματικῆς
3527 4526 3762 4606 ἐρωτᾶτε

455 4615 539 4663 est
585 4607 816 4681 imperiti
860 4611 1284 4684 Scripturarum,
1325 4629 1440 4668 non
1479 4613 1748 4670 haberetis
1786 4615 1891 4671 tale
1930 4631 2052 4688 pec-
2083 4607 2113 4638 ι

2104 4607 2132 4638 ’⁷
2160 4614 2509 4694 τυφλότητος,
2555 4619 2627 4684 ὡς
2674 4615 2837 4692 μόνην
2885 4614 3086 4688 ταύτην
3139 4614 3610 4694 ἐπαισχυνόμενοι·
3657 4613 3762 4693 ἐγὼ

454 4705 662 4764 catum,
695 4701 823 4770 quia
868 4716 963 4770 per
1000 4701 1367 4772 ignorantiam
1405 4705 1701 4774 peccaretis
1731 4723 1744 4759 :
1787 4722 1930 4761 nunc
1959 4722 2061 4761 au—

2170 4703 2223 4761 δὲ
2273 4704 2396 4784 περὶ
2450 4708 2541 4775 τῆς
2602 4706 2840 4785 ψυχικῆς
2890 4707 3041 4780 ὓμῶν
3094 4703 3234 4781 λέγω
3281 4703 3619 4784 τυφλώσεως,
3682 4703 3763 4763 ὅτι

454 4794 572 4841 tem
601 4787 784 4843 dicitis
818 4789 966 4860 quod
998 4791 1246 4860 videatis,
1295 4801 1350 4847 et
1395 4793 1689 4863 prudentes
1731 4795 1978 4868 vosipsos
2007 4804 2062 4851 et

2169 4819 2193 4845 α
2239 4792 2328 4850 ἐὰν
2359 4786 2453 4865 ἦτε
2482 4795 2690 4873 τυφλοὶ,
2726 4820 2748 4847 ν
2781 4794 3068 4868 τουτέστιν,
3103 4794 3325 4872 ἀμαθεῖς
3350 4796 3457 4851 τῶν
3509 4795 3761 4873 Γραφῶν,

454 4873 791 4947 legisperitos
819 4879 1016 4944 facitis,
1059 4888 1114 4936 et
1152 4880 1226 4938 ita
1268 4898 1366 4952 per
1395 4899 1490 4937 vos
1529 4884 1676 4956 ipsos
1712 4885 2061 4942 condemnati

2169 4909 2195 4932 ι
2237 4884 2332 4940 οὐκ
2365 4882 2426 4940 ἂν
2459 4882 2723 4963 ἁμαρτίαν
2757 4882 2928 4962 εἴχετε
2951 4911 2973 4933 ιι
3001 4883 3358 4955 τηλικαύτην,
3388 4885 3456 4948 ὡς
3498 4883 3549 4939 ἐν
3577 4882 3762 4964 ἀγνοίᾳ

459 4964 610 5036 estis,
644 4976 700 5023 et
731 4969 906 5040 majus
936 4969 1151 5027 habetis
1176 4982 1482 5044 peccatum,
1518 4974 1648 5046 quia
1674 4975 1905 5032 scienter
1928 4991 2060 5048 pec-

2169 4971 2583 5049 ἁμαρτοίνοντες·
2634 4980 2721 5032 νῦν
2788 4972 2842 5030 δὲ
2910 4970 3124 5049 λέγετε,
3197 4972 3279 5030 ὅτι
3323 4971 3600 5051 βλέπετε,
3671 4975 3761 5030 καὶ

455 5054 609 5112 catis.
2168 5061 2451 5140 φρονίμους
2514 5060 2734 5130 ἑαυτοὺς
2780 5060 2875 5120 καὶ
2928 5066 3247 5139 νομομαθεῖς
3306 5066 3566 5134 ποιεῖσθε,
3622 5059 3763 5120 ὥστε

2168 5150 2607 5230 αὖτοκατάκριτοί
2672 5154 2830 5228 ἐστε,
2897 5152 2987 5209 καὶ
3045 5152 3262 5230 μείζονα
3335 5151 3428 5224 τὴν
3489 5149 3764 5230 ἁμαρτίαν

2167 5238 2342 5320 ἔχετε,
2373 5242 2444 5310 ὡς
2475 5243 2528 5300 ἐν
2560 5241 2756 5322 γνώσει
2790 5241 3207 5322 ἁμαρτάνοντες.

1060 5376 1305 5433 CAPUT
1376 5379 1455 5434 X.

2773 5388 3064 5447 ΚΕΦΑΛ.
3101 5383 3163 5444 1'.

461 5503 528 5544 De
554 5501 670 5545 bono
694 5511 884 5554 pastore
907 5511 950 5547 et
973 5508 1288 5550 mercenario.
1308 5509 1551 5564 Quomodo
1569 5511 1605 5551 ,1
1609 5520 1712 5552 esus
1738 5511 2058 5563 interrogatus

2165 5501 2283 5565 Περί
2325 5507 2410 5553 τοῦ
2446 5504 2595 5552 καλοῦ
2631 5505 2854 5567 ποιμένος
2875 5543 2886 5563 ,
2922 5504 3003 5552 καὶ
3039 5504 3303 5566 μισθωτοῦ.
3348 5501 3463 5563 Περὶ
3492 5504 3578 5549 τοῦ
3606 5499 3765 5559 Ἰησοῦ

832 5578 892 5618 sit
925 5577 972 5617 in
995 5579 1203 5629 porticu,
1229 5578 1343 5621 dum
1368 5578 1655 5624 ambularet.
2416 5575 2490 5638 ἐρα

2416 5575 2728 5638 ἐρωτηθέντος
2756 5576 2803 5623 ἐν
2820 5581 2878 5638 τῇ
2902 5580 3040 5637 στοᾷ,
3068 5576 3117 5623 ἐν
3132 5579 3202 5637 τῷ
3214 5578 3508 5636 περιπατεῖν.

529 5692 702 5746 Vens.
742 5697 844 5745 l-5.
869 5714 893 5738 «ι
914 5695 1118 5760 Amen,
1145 5709 1304 5749 amen
1331 5693 1456 5752 dico
1486 5695 1642 5753 vobis
1673 5716 1684 5750 :
1714 5698 1807 5770 qui
1838 5715 1950 5754 non
1971 5700 2054 5754 in-

2248 5715 2273 5745 α
2318 5690 2508 5769 Ἀμὴν,
2554 5691 2700 5770 ἀμὴν
2732 5691 2874 5770 λέγω
2921 5695 3066 5769 ὑμῖν,
3104 5694 3132 5749 6
3169 5690 3245 5768 μὴ
3277 5690 3647 5771 εἰσερχόμενος
3679 5686 3763 5746 διὰ

456 5787 568 5835 ttat
627 5794 724 5851 per
767 5780 954 5836 ostiun
1000 5781 1055 5837 in
1113 5783 1391 5839 stabulum
1437 5785 1645 5856 ovium,
1693 5787 1790 5844 sed
1839 5789 2056 5846 aliunde

2166 5785 2260 5853 τῆς
2301 5781 2460 5861 θύρας
2496 5785 2568 5849 εἷς
2607 5780 2703 5854 τὴν
2737 5780 2904 5852 αὐλὴν
2949 5784 3054 5840 τῶν
3084 5779 3390 5862 προϐάτων,
3443 5777 3582 5838 ἀλλὰ
3632 5781 3767 5837 ἀνα-
