2099 3230
202 219 236 247 85
618 214 814 245 ENARRATIO
834 215 867 243 IN
885 213 1103 243 EVANGELIUM
1121 212 1269 240 JOANNIS.
1290 225 1326 232 —
1344 210 1422 239 CAP.
1442 211 1473 238 X.
1837 212 1871 239 66

205 281 308 312 ϐαίνων
327 279 504 323 ἀλλαχόθεν,
524 281 622 314 ἐκεῖνος
637 279 754 316 κλέπτης
769 278 825 308 ἐστὶ
844 277 890 308 καὶ
905 277 1013 318 λῃστής.

1071 279 1203 314 ascendit,
1229 279 1276 307 ille
1299 278 1344 306 {ur
1367 281 1409 306 est
1432 281 1459 306 et
1485 277 1566 305 latro.
1591 277 1645 312 Qui
1668 281 1762 305 autem
1786 277 1873 306 intrat

206 326 244 359 ’0
264 325 295 357 δὶ
316 325 509 368 εἰσερχόμενος
525 325 570 355 διὰ
583 327 631 362 τῆς
654 324 746 365 θύρας,
769 324 869 362 ποιμήν
885 325 941 353 ἐστι
961 324 1013 353 τῶν

209 371 366 414 προϐάτων.
379 367 494 412 γΤούτιρ
519 371 534 400 6
554 369 670 411 θυρωρὸς
688 369 801 414 ἀνοίγει,
817 368 873 414 ,καὶ
898 367 1015 414 τὰ-πρό-

213 412 284 448 ϐατα
296 419 346 454 τῆς
366 417 459 458 φωνῆς
478 417 560 446 αὐτοῦ
574 413 680 445 ἀκούει·
696 414 742 443 καὶ
762 413 796 444 τὰ
810 413 865 442 ἴδια
888 412 1014 458 πρόϐατα

213 463 292 493 mh"
374 457 383 472 ⁵
407 460 423 491 ὅ
567 460 577 488 ὶ
601 460 613 488 ἐ
637 458 644 470 ¹
733 459 741 469 ’
773 457 779 468 ¹
864 458 870 470 ‘
896 457 922 477 ’⁷η
1001 457 1008 468 ‘

282 473 292 492 ι
321 472 376 492 κατ
422 472 506 500 νομα,
531 472 566 490 κα
614 459 686 498 ξαγει
712 470 792 489 αυτα.
822 460 874 488 Και
893 469 956 487 ο.αν
982 469 1015 486 τα

212 506 270 538 ἴδια
285 505 413 548 πρόϐατα
437 504 557 544 ἐκϐάλῃ,
578 504 726 544 ἔμπροσθεν
750 504 838 548 αὐτῶν
857 501 1013 548 πορεύεται,

214 547 317 591 τὶ
327 549 454 591 πρόϐατα
471 550 545 590 αὐτῷ
561 549 715 584 ἀκολουθεῖ,
731 547 772 577 ὅτι
789 547 876 577 οἴδασι
891 547 940 583 τὴν
956 559 1014 587 φω-

213 596 264 634 νὴν
276 597 366 627 αὓτοῧ.
381 594 526 636 Ἀλλοτρίφ
547 593 575 624 δὲ
597 594 626 623 οὖ
640 593 678 632 μὴ
702 592 929 628 ἄκολουθήσωσιν,
946 592 1015 621 ἀλλὰ

213 640 355 682 φεύξονται
370 640 418 670 ἀπ’
433 640 531 676 αὐτοῦ,
557 637 598 668 ὅτι
617 639 666 668 οὐκ
687 637 775 668 οἴδασι
792 640 845 667 τῶν
868 638 1015 677 ἀλλοτρίων

213 681 266 724 τὴν
274 683 376 727 φωνήν.
391 683 529 720 »Ἐπειδὴ
541 682 667 713 ἆπιστίαν
677 683 765 716 αὐτοῖς
776 682 908 712 ὠνείδισεν
920 681 1014 720 εἰπὼν,

214 731 256 761 δτι
270 726 375 772 Tum
388 728 471 764 ὅντως
490 728 551 759 ἐστὲ
571 727 641 758 κατὰ
661 728 767 772 ψυχὴν,
793 726 835 772 sit
855 729 934 772 τοῦτο
950 726 1015 756 αὐτὸ

213 775 305 811 τὸτῆς
319 770 443 809 ἂπιστίας
459 773 562 810 πάθος,
579 772 623 802 ἵνα
638 771 676 811 μὴ
692 771 776 813 ἔχωσι
797 771 896 810 λέγειν,
915 770 955 800 ὅτι
973 771 1014 801 Οὐ

213 819 261 851 διὰ
277 820 308 850 τὸ
324 815 393 850 εἶναι
410 818 518 860 τυφλοὶ,
542 818 602 848 ἀλλ’
620 819 656 851 ὡς
675 817 774 847 πλάνον
793 816 931 857 φεύγοντες
948 818 1015 845 ἀπο-

214 863 398 906 ατριφόμεθα,
424 863 492 904 ῧπὲρ
510 862 603 893 τούτου
617 862 710 892 λοιπὸν
730 861 813 891 πολὺν
830 862 949 890 ποιεῖται
970 860 1014 889 τὸν

213 908 310 950 λόγου·
326 908 373 939 καὶ
390 907 416 938 τί
437 911 526 947 ποιεῖ,
550 907 595 937 Τὰ
613 906 788 948 γνωρίσματα
812 906 899 942 τίθησι
918 907 965 935 τοῦ
986 917 1015 934 τε

215 954 344 991 ἆληθινοΰ
367 953 512 992 ποιμένος,
537 952 584 981 καὶ
611 955 657 981 τοῦ
681 951 762 981 λύκου
795 951 841 981 καὶ
864 952 1014 989 λυμεῶνος,

214 998 264 1029 καὶ
284 998 368 1032 οὕτως
382 996 476 1029 Ξαυτὸν
493 996 664 1027 ἀποδείκνυσι
678 998 726 1032 τῆς
744 997 845 1036 ἀγαθῆς
867 995 932 1025 ὄντα
949 994 1013 1033 μοί-

215 1055 283 1084 ρας,
301 1043 355 1074 ἀπὸ
373 1043 427 1073 τῶν
449 1041 618 1083 πραγμάτων
641 1040 690 1077 τὴν
715 1040 865 1081 μαρτυρίαν
885 1039 1015 1078 ποιούμε-

214 1098 273 1123 νος·
286 1087 334 1118 καὶ
352 1087 480 1128 πρότερον
503 1086 538 1117 τὰ
560 1085 794 1127 χαρακτηριστικὰ
813 1087 859 1114 τοῦ
880 1086 1015 1124 λυμεῶνας

215 1132 331 1170 sane“.
359 1132 479 1166 Ἐκεῖνος
507 1131 575 1172 γὰρ,
597 1131 693 1172 φησιν,
722 1132 770 1161 οὐκ
795 1129 946 1170 εἰσέρχεται
973 1129 1015 1159 διὰ

214 1179 265 1215 τῆς
276 1177 365 1218 θύρας,
377 1177 511 1214 τουτέστι,
529 1176 573 1206 διὰ
588 1178 640 1206 τῶν
654 1177 781 1217 Γραφῶν·
799 1175 829 1204 οὖ
846 1174 898 1215 γὰρ
916 1179 1015 1215 χρᾶται

213 1227 276 1257 ταῖς
299 1223 421 1263 Γραφαῖς
442 1222 591 1263 μάρτυσιν,
622 1221 680 1251 οὐδὲ
705 1225 758 1254 τοῖς
779 1220 937 1261 προφήταις.
967 1221 1015 1259 Τῷ

214 1267 272 1298 ὄντι
292 1267 345 1308 γὰρ
357 1267 423 1307 θύρα
443 1267 619 1308 αἰνΓραφαί·
646 1266 678 1295 δι’
700 1266 787 1295 αὐτῶν
806 1265 857 1305 γὰρ
881 1265 1015 1304 προσαγό-

216 1314 288 1352 μιθα
362 1313 436 1353 Θεῷ.
455 1307 544 1342 Ᾱῖται
559 1311 620 1345 τοὺς
633 1310 728 1344 λύκους
747 1312 795 1340 οὐκ
808 1311 915 1350 ἀφιᾶσιν
930 1310 1015 1338 εἰσελ-

214 1360 285 1388 θεῖν·
307 1356 462 1398 ἂπείργουσι
483 1356 536 1397 γὰρ
557 1355 616 1390 τοὺς
641 1355 811 1395 αῖρετικοὺς,
836 1356 862 1383 ἐν
884 1353 1016 1398 ἀσφαλείᾳ

216 1404 293 1442 ἦμες
310 1403 490 1439 καθιστῶσαι,
508 1401 554 1431 καὶ
579 1400 688 1440 γνώμας
708 1401 827 1430 διδοῦσαι
846 1399 906 1439 περὶ
931 1394 967 1428 ὧν
985 1398 1016 1427 ἂν

217 1445 380 1487 βουλοίμεθα
391 1447 509 1476 πάντων.
530 1445 653 1481 κλέπτης
671 1441 714 1475 οὖν
728 1446 742 1474 6
758 1444 795 1483 μὴ
812 1444 855 1473 διὰ
872 1446 922 1473 τῶν
946 1445 1017 1483 Γρα-

216 1493 275 1533 φῧν
301 1492 486 1532 εἰσερχόμενος
516 1492 554 1525 εἰς
580 1490 628 1527 τὴν
659 1489 744 1526 αὐλὴν
771 1491 824 1518 τῶν
854 1488 1016 1527 προϐάτων,

215 1534 290 1567 ὅστε
313 1538 482 1577 προνοεῖσθαι
507 1537 612 1574 αὖτῶνῖ,
632 1535 691 1565 ἀλλ’
715 1533 867 1565 ἀναϐαίνων
890 1533 1015 1568 ἄλλοθεν,

215 1580 370 1618 τουτέστιν,
387 1580 480 1621 ἑτέραν
496 1581 583 1621 ἑαυτῷ
605 1580 665 1610 ὁδὸν
685 1580 787 1618 τέμνων
809 1579 855 1608 καὶ
879 1579 1014 1614 ἀσυνήθη·

216 1624 310 1667 ὅσπερ
329 1627 344 1656 6
361 1626 470 1660 Θευδᾶς
495 1626 542 1655 καὶ
562 1624 685 1663 Ἰούδας,
710 1623 736 1654 οἳ
759 1623 811 1664 πρὸ
832 1626 878 1653 τοῦ
900 1625 1016 1662 Χριστοῦ

217 1670 403 1707 Meam:
425 1669 471 1700 τὸν
492 1670 572 1708 λαὸν,
593 1669 740 1710 διέφθειράν
761 1680 789 1698 τε
807 1668 852 1698 καὶ
873 1668 1016 1708 διεφθάρη-

215 1726 282 1746 σαν
301 1710 353 1749 οἶος
367 1714 444 1745 ἔσται
463 1714 510 1745 καὶ
528 1717 543 1744 6
565 1714 659 1754 μιαρὸς
678 1714 869 1754 Ἀντίχριστος.
891 1715 933 1743 Οὐ
960 1713 1013 1752 γὰρ

215 1762 248 1791 ὰ
267 1761 321 1791 τῶν
334 1761 450 1802 Γραφῶν
466 1759 567 1794 τούτοις
587 1761 605 1795 ἡ
627 1759 772 1800 μαρτυρία.
800 1757 883 1788 Ἀλλὰ
898 1757 950 1797 γὰρ
971 1757 1017 1787 καὶ

215 1803 278 1840 τοδε
306 1807 482 1846 Γραμματεῑς
507 1804 666 1842 αἰνίττεται,
697 1803 723 1834 οἳ
749 1805 801 1833 τῶν
828 1802 876 1841 μὲν
901 1804 1017 1840 νομικῶν

217 1850 392 1890 ἰνταλμάτων
422 1850 519 1880 οὐδένα
547 1849 625 1888 λόγον
656 1849 780 1886 ἐποίουν,
806 1848 961 1885 ἐντάλματα
990 1848 1017 1877 δὲ

216 1894 364 1936 {Mm
387 1895 436 1925 καὶ
454 1895 615 1935 παραδόσεις
640 1893 788 1924 ἐδίδασκον.
819 1893 965 1933 Προσφυῶς
990 1892 1018 1921 δὲ

217 1934 278 1970 εἶπε
297 1939 344 1977 τὸ,
361 1953 374 1968 ιι
398 1934 577 1978 Ἀναϐαίνων,
601 1952 613 1966 ι
638 1937 652 1968 ὃ
678 1938 795 1968 κλέπτου
815 1938 872 1967 ἐστὶ
895 1936 1017 1977 φραγμὸν

217 1985 441 2024 (cupit-nm,
467 1984 514 2014 καὶ
533 1984 622 2014 πάντα
650 1982 820 2016 ἐπικινδύνως
843 1982 1017 2022 πράττοντος.

218 2024 298 2064 Εἶδες
317 2028 352 2060 τὰ
366 2029 541 2070 γνωρίσματα
555 2032 602 2058 τοῦ
619 2030 735 2069 λῃστοῦ,
756 2027 833 2068 Ὀρα
855 2027 901 2057 καὶ
921 2026 954 2056 τὰ
972 2030 1019 2056 τοῦ

216 2073 352 2114 ποιμένος.
370 2073 406 2105 Ὁ
429 2074 482 2114 γὰρ
505 2073 606 2114 ποιμὴν
624 2073 668 2103 διὰ
690 2075 742 2103 τῶν
764 2075 786 2104 Γ
790 2075 879 2114 ραφῶν
900 2072 1017 2112 εἰσέρχε-

217 2131 283 2159 ται,
293 2117 342 2149 καὶ
355 2118 442 2159 τούτῳ
456 2120 472 2149 ὃ
491 2118 607 2160 θυρωρὸς
628 2118 737 2157 ἀνοίγει.
751 2117 881 2158 Θυρωρὸν
899 2117 926 2146 δὲ
941 2117 958 2153 ἢ
974 2117 1018 2146 τὸν

217 2162 326 2196 Iuda
342 2175 388 2203 μοι
401 2163 455 2194 νόει
472 2159 564 2203 (οὗτος
583 2164 636 2204 γὰρ
651 2165 697 2193 τοῦ
719 2164 791 2193 Θεοῦ
814 2162 956 2197 ἐπιστεύθη
972 2161 1018 2191 λό-

216 2219 282 2249 για’
295 2208 384 2246 ἤνοιξε
403 2209 433 2239 δὲ
446 2210 461 2238 6
477 2209 580 2244 Μωσῆς
593 2210 632 2249 τῷ
645 2207 738 2248 Κυρίῳ
749 2231 758 2248 ,
776 2207 837 2247 περὶ
857 2207 937 2236 αὐτοῦ
951 2205 1018 2235 πάν-

1068 333 1118 362 per
1138 325 1253 359 ostium,
1275 327 1370 360 pastor
1391 327 1433 351 est
1452 322 1555 351 ovium.
1572 323 1645 350 Huic
1660 322 1791 350 ostiarius
1805 330 1872 359 ape-

1068 370 1113 405 rit,
1139 373 1167 398 et
1190 377 1253 397 oves
1279 376 1375 397 vocem
1391 368 1449 403 ejus
1472 367 1595 395 audiunt.
1613 369 1649 395 Et
1664 367 1787 403 proprias
1808 375 1873 395 oves

1068 419 1149 443 vocat
1158 414 1337 447 nominatim,
1349 418 1375 441 et
1385 413 1476 440 educit
1488 420 1543 440 eas.
1556 413 1665 440 Etcum
1676 412 1800 448 proprias
1811 420 1873 439 oves

1069 460 1202 494 emiserit,
1228 464 1290 487 ante
1302 467 1347 487 eas
1363 458 1448 491 vadit,
1474 462 1501 485 et
1521 466 1586 486 oves
1608 458 1685 485 illum
1709 461 1872 493 sequuntur,

1069 505 1133 541 quia
1148 508 1286 532 noverunt
1307 511 1404 531 vocem
1419 502 1489 538 ejus.
1505 503 1634 530 Alienum
1650 506 1743 530 autem
1758 510 1814 529 non
1830 510 1873 529 se-

1069 553 1201 585 quentur,
1221 548 1269 576 sed
1284 547 1391 584 fugient
1406 547 1441 575 ab
1455 555 1499 581 eo,
1515 547 1579 582 quia
1602 555 1659 575 non
1672 550 1810 574 noverunt
1824 554 1873 574 vo-

1069 602 1131 622 cem
1141 593 1304 622 alienorum.
1320 603 1333 618 »
1349 590 1435 628 644
1455 592 1606 628 Postquam
1620 591 1674 620 illis
1695 591 1874 619 incredulita—

1068 642 1126 666 tem
1140 638 1251 675 objecit,
1268 638 1363 666 dicens
1382 646 1389 665 :
1406 640 1475 666 Vere
1487 638 1552 666 caeci
1567 637 1633 665 estis
1645 638 1799 664 secundum
1815 636 1876 663 ani-

1069 690 1147 710 mam
1162 687 1275 718 propter
1294 682 1495 711 incredulitatis
1516 682 1656 715 morbum,
1673 685 1704 709 ut
1717 689 1751 708 ne
1766 681 1875 716 possint

1068 727 1161 755 dicere
1175 736 1182 754 :
1204 728 1267 755 Non
1281 735 1439 755 aversamur
1453 727 1531 764 quasi
1544 727 1619 761 caeci,
1633 726 1681 754 sed
1702 729 1731 753 ut
1745 725 1873 753 seducto-

1069 780 1129 800 rem
1142 775 1169 800 te
1184 771 1318 808 fugimus,
1334 772 1368 800 de
1383 772 1434 800 hoc
1449 781 1522 800 nunc
1537 772 1602 800 facit
1617 771 1754 806 prolixum
1768 778 1873 798 sermo-

1069 824 1135 845 nem
1152 826 1159 844 :
1182 819 1210 844 et
1229 817 1296 852 quid
1311 816 1398 845 facit?
1414 817 1518 845 Iudicia
1533 816 1609 853 ponit
1624 816 1682 844 veri
1697 815 1824 851 pastoris,
1846 818 1875 842 et

1069 861 1125 897 lupi
1151 865 1178 888 et
1202 861 1358 897 perniciosi,
1374 865 1403 889 et
1418 862 1457 889 sic
1472 862 1597 897 seipsum
1620 861 1741 889 ostendit
1756 868 1772 888 a
1797 863 1874 896 parte

1070 906 1209 933 bonorum
1230 914 1301 939 esse,
1325 906 1515 934 testimonium
1536 906 1570 933 ab
1594 906 1723 941 operibus
1744 912 1870 932 sumens.

1070 952 1106 979 Et
1127 951 1204 987 prius
1224 951 1323 978 indicia
1349 951 1426 987 ponit
1440 951 1594 987 perniciosi.
1610 951 1657 978 Ille
1671 949 1754 984 enim,
1771 949 1873 985 inquit,

1070 1004 1127 1023 non
1142 996 1298 1032 ingreditur
1316 1004 1364 1032 per
1385 996 1500 1029 ostium,
1516 996 1570 1024 hoc
1583 999 1625 1023 est
1644 1003 1692 1030 per
1711 995 1872 1030 Scripturas.

1070 1042 1132 1069 Non
1147 1041 1220 1068 enim
1241 1041 1330 1069 utitur
1351 1041 1497 1077 Scripturis
1512 1041 1637 1074 testibus,
1652 1048 1741 1075 neque
1755 1039 1874 1075 prophe-

1070 1086 1114 1114 tis.
1142 1087 1213 1114 Nam
1235 1086 1358 1121 profecto
1380 1087 1526 1122 Scriptura:
1547 1086 1651 1113 ostium
1665 1088 1730 1112 sunt
1745 1092 1792 1120 per
1806 1092 1875 1119 quas

1071 1130 1236 1158 adducimur
1250 1131 1284 1158 ad
1299 1132 1405 1165 Deum;
1421 1131 1474 1159 illa:
1489 1131 1569 1166 lupos
1583 1139 1641 1158 non
1657 1130 1820 1166 permittunt
1831 1129 1874 1156 in-

1070 1179 1145 1203 trare
1160 1184 1167 1203 :
1185 1176 1330 1211 prohibent
1350 1176 1424 1204 enim
1440 1176 1594 1210 haareticos,
1618 1179 1649 1202 ut
1662 1183 1713 1203 nos
1734 1174 1821 1202 securi
1836 1173 1874 1201 si-

1070 1229 1133 1249 mus
1148 1228 1155 1247 :
1179 1224 1207 1248 et
1220 1220 1255 1249 de
1270 1221 1400 1249 omnibus
1414 1222 1550 1248 rationem
1565 1221 1643 1253 dant,
1660 1220 1694 1247 de
1709 1220 1809 1255 quibus
1824 1227 1875 1246 vo~

1070 1265 1214 1293 lucrimus.
1231 1267 1286 1293 Fur
1301 1265 1384 1301 igitur
1399 1270 1440 1293 est
1454 1266 1501 1302 qui
1523 1273 1580 1293 non
1596 1273 1644 1301 per
1657 1265 1811 1300 Scripturas
1830 1264 1875 1291 in-

1072 1310 1197 1346 greditur
1220 1310 1247 1337 in
1274 1310 1415 1338 stabulum
1432 1310 1538 1344 ovium,
1565 1314 1597 1338 ut
1614 1309 1666 1337 illis
1696 1308 1841 1344 prospiciat
1866 1317 1872 1334 :

1072 1354 1121 1382 sed
1142 1354 1266 1383 ascendit
1296 1355 1417 1389 aliunde,
1444 1355 1496 1382 hoc
1518 1358 1560 1382 est
1582 1354 1663 1382 aliam
1679 1354 1729 1381 sibi
1753 1353 1826 1381 viam
1849 1356 1876 1380 et

1072 1399 1210 1427 insolitam
1224 1404 1312 1436 parat,
1336 1399 1574 1435 quemadmodum
1589 1397 1717 1427 Tlieudas
1737 1402 1764 1425 et
1778 1397 1874 1431 Judas,

1073 1444 1117 1480 qui
1144 1453 1209 1472 cum
1231 1448 1293 1472 ante
1318 1444 1418 1472 Christi
1440 1449 1564 1480 tempora
1592 1443 1723 1479 populum
1747 1442 1875 1470 seduxis—

1073 1493 1144 1524 sent,
1170 1489 1261 1524 ipsum
1286 1489 1464 1524 perdiderunt
1489 1493 1517 1517 et
1540 1489 1621 1516 simul
1651 1488 1702 1524 ipsi
1726 1488 1874 1523 perierunt.

1073 1534 1145 1562 Talis
1170 1538 1198 1561 et
1212 1534 1400 1562 Anticliristus
1423 1534 1484 1561 erit.
1507 1535 1570 1561 Non
1590 1533 1664 1560 enim
1678 1541 1715 1560 ex
1730 1531 1877 1567 Scripturis

1071 1579 1122 1607 illis
1145 1579 1312 1607 testimonia.
1336 1580 1451 1614 Insuper
1472 1583 1499 1606 et
1514 1578 1623 1606 Scribas
1644 1581 1732 1605 notat.
1756 1578 1829 1604 Nam
1849 1577 1876 1604 hi

1070 1624 1183 1660 quidem
1198 1623 1331 1652 mandata
1348 1624 1413 1660 legis
1427 1623 1649 1659 parvifaciebant,
1671 1622 1804 1650 mandata
1824 1630 1875 1649 au-

1071 1672 1129 1696 tem
1153 1669 1299 1697 hominum
1324 1673 1351 1697 et
1374 1669 1539 1696 traditiones
1564 1668 1701 1696 docebant
1719 1667 1873 1703 diligenter.

1072 1713 1205 1749 Apposite
1217 1719 1310 1742 autem
1323 1713 1390 1741 dicit
1406 1725 1419 1738 ιι
1436 1714 1489 1749 Qui
1502 1713 1635 1745 ascendit,
1653 1724 1662 1737 η
1679 1712 1706 1739 id
1719 1711 1793 1747 quod
1808 1711 1876 1738 l'uris

1071 1763 1114 1787 est
1123 1767 1216 1794 sepem
1227 1759 1415 1792 transilientis,
1427 1763 1453 1786 et
1464 1758 1556 1786 omnia
1569 1766 1634 1786 cum
1647 1757 1768 1793 periculo
1778 1756 1877 1784 facien-

1071 1804 1116 1831 tis.
1131 1804 1228 1831 Vidisti
1242 1804 1342 1831 indicia
1356 1803 1490 1831 latronis?
1503 1803 1572 1831 Vide
1587 1807 1615 1831 et
1628 1810 1690 1839 qua:
1705 1802 1763 1829 sint
1777 1805 1875 1837 pasto-

1071 1848 1119 1876 ris.
1146 1849 1243 1876 Pastor
1267 1849 1341 1876 enim
1371 1857 1419 1884 per
1440 1848 1596 1884 Scripturas
1610 1847 1773 1883 ingreditur,
1800 1850 1826 1874 et
1851 1847 1877 1874 ei

1074 1893 1202 1921 ostiarius
1216 1893 1312 1928 aperit.
1334 1893 1486 1920 Ostiarium
1500 1896 1592 1920 autem
1606 1892 1648 1919 vel
1669 1893 1766 1919 Mosen
1779 1890 1877 1918 intelli-

1073 1946 1116 1974 ge,
1141 1938 1186 1965 cui
1210 1937 1301 1965 divina
1325 1937 1441 1973 Eloquia
1463 1936 1622 1965 concredita
1635 1935 1758 1964 fuerunt.
1782 1935 1878 1970 Aperit

1073 1988 1168 2011 autem
1184 1985 1274 2010 Moses
1295 1982 1425 2016 Domino,
1439 1982 1472 2010 de
1489 1982 1546 2017 ipso
1561 1981 1675 2008 omnino
1688 1980 1789 2015 dicens,
1804 1980 1878 2007 sicut

1074 2032 1102 2056 et
1116 2027 1255 2055 Dominus
1270 2027 1326 2062 ipse
1340 2026 1427 2054 dicit:
1445 2038 1457 2051 ‹ι
1472 2027 1501 2055 Si
1514 2026 1659 2054 crederetis
1680 2025 1762 2059 Mosi,
1781 2025 1877 2053 crede—

1073 2073 1139 2101 retis
1154 2073 1250 2108 utique
1268 2072 1336 2100 mihi
1352 2072 1387 2099 ⁵⁵.
1411 2084 1424 2097 ι)
1441 2072 1490 2100 Vel
1511 2071 1629 2107 Spiritus
1652 2075 1761 2099 sanctus
1776 2074 1817 2098 est
1829 2078 1878 2098 οδω

1074 2117 1179 2146 tiarius.
1196 2118 1268 2145 Nam
1282 2117 1343 2153 quia
1365 2118 1393 2144 in
1418 2117 1522 2153 Spiritu
1538 2121 1632 2144 sancto
1647 2116 1835 2152 intelliguntur
1850 2119 1878 2142 et

1075 2163 1235 2198 aperiuntur
1245 2162 1393 2198 Scripturae
1406 2170 1467 2198 qua:
1477 2161 1626 2189 ostendunt
1635 2161 1715 2188 nobis
1725 2161 1877 2193 Christum,

1077 2207 1177 2235 merito
1192 2207 1320 2235 ostiarius
1335 2206 1435 2234 dicitur
1455 2206 1572 2242 Spiritus
1585 2211 1706 2239 sanctus,
1726 2205 1753 2232 in
1768 2213 1822 2241 quo
1848 2209 1880 2232 ut

218 2253 370 2288 ωςεῑκὼν
391 2253 470 2295 (30],
487 2254 523 2287 ὣς
542 2253 588 2283 καὶ
608 2254 622 2283 ὁ
646 2253 742 2293 Κύριος
765 2251 844 2286 αὐτός
864 2263 958 2292 φησιν,
980 2251 1016 2281 ὅτι

1077 2253 1180 2288 Spiritu
1202 2252 1342 2288 sapientiae
1363 2255 1391 2280 et
1403 2251 1524 2279 scientim
1535 2251 1686 2286 Scriptura
1703 2249 1874 2285 aperiuntur,

218 2311 232 2326 ι
249 2299 286 2330 Εἴ
299 2297 451 2329 ἐπιστεύσατε
465 2299 555 2338 Μωσῇ
566 2320 575 2335 ,
588 2298 739 2328 ἐπιστεύετε
756 2297 787 2327 ἂν
807 2296 866 2334 ἐμοί
883 2298 923 2335 ν)’
941 2296 958 2332 ἢ
974 2296 1019 2326 καὶ

218 2343 252 2375 τὺ
274 2344 386 2383 Πνεῦμα
408 2343 440 2373 τὸ
462 2343 539 2383 ἅγιόν
561 2344 630 2373 ἔστιν
653 2344 667 2372 6
681 2342 807 2383 θυρωρός.
823 2341 902 2372 Ἐπεὶ
922 2341 973 2381 γὰρ
993 2343 1019 2371 ἐν

220 2388 364 2426 “velim
377 2387 446 2429 ἁγίῳ
468 2387 609 2427 νοούμεναι
629 2388 677 2418 καὶ
700 2387 870 2428 ἀνοιγόμεναι
895 2388 922 2416 αἱ
948 2388 1019 2426 Γρα-

218 2433 283 2475 ναὶ,
296 2433 461 2464 δεικνύουσιν
476 2433 542 2472 ἡμῖν
555 2433 600 2462 τὸν
618 2431 756 2475 Χριστὸν,
778 2432 885 2465 εἰκότως
906 2431 1020 2472 θυρωρὸς

216 2472 250 2509 τὺ
266 2479 383 2518 Πνεῦμα
403 2477 434 2508 τὸ
447 2477 542 2518 ἅγιον,
567 2478 594 2508 ἐν
614 2472 637 2519 ᾧ
657 2479 693 2512 ὡς
709 2477 849 2519 Πνεύματι
866 2476 959 2517 σοφίας
974 2476 1020 2506 καὶ

214 2523 339 2564 τνῶσευς
349 2523 381 2553 αἱ
398 2517 506 2564 Γραιραὶ
527 2517 720 2562 διανοίὴονται,
745 2522 780 2552 δι’
803 2517 840 2552 ὧν
867 2522 1018 2564 εἰσέρχεται

216 2562 233 2599 6
255 2568 355 2609 Κύριος
369 2568 407 2602 εἷς
419 2562 469 2604 τὴν
489 2568 568 2607 ἡμῶν
583 2566 744 2607 κηδεμονίαν
754 2589 763 2605 ,
779 2566 826 2596 καὶ
847 2567 881 2596 δι’
896 2562 933 2596 ὧν
950 2569 1017 2597 ἀπο‹

1075 2306 1124 2334 per
1146 2305 1213 2333 quas
1234 2297 1386 2333 ingreditur
1408 2296 1547 2324 Dominus
1571 2295 1606 2323 ad
1621 2295 1709 2323 nostri
1725 2302 1832 2328 curam,
1849 2298 1878 2322 et

1075 2351 1124 2378 per
1138 2350 1207 2378 quas
1221 2342 1379 2370 ostenditur
1394 2346 1497 2377 pastor.
1512 2342 1615 2368 Vocem
1637 2344 1729 2368 autem
1754 2340 1814 2376 ejus
1829 2347 1877 2375 pa-

1075 2387 1157 2415 storis
1179 2387 1297 2415 audiunt
1320 2394 1394 2414 oves.
1411 2388 1481 2414 Nam
1498 2386 1560 2421 quia
1581 2386 1616 2413 illi
1631 2393 1703 2421 saape
1726 2393 1790 2412 eum
1804 2384 1880 2412 dice-

1074 2432 1141 2460 bant
1154 2432 1340 2467 deceptorem,
1362 2435 1390 2459 et
1405 2431 1458 2459 hoc
1479 2439 1512 2459 ex
1526 2439 1574 2459 sua
1590 2431 1713 2467 ipsorum
1728 2429 1880 2458 increduli-

1075 2481 1132 2506 tate
1146 2477 1360 2510 conﬁrmabant,
1374 2476 1496 2505 dicentes
1512 2486 1519 2502 :
1535 2487 1547 2500 ι(
1562 2478 1635 2504 Num
1648 2476 1711 2511 quis
1723 2474 1880 2510 principum

1074 2525 1190 2554 credidit
1211 2525 1239 2553 in
1261 2526 1339 2553 illum
1359 2525 1398 2553 57?
1430 2524 1552 2554 ostendit
1578 2524 1705 2553 Christus
1731 2523 1806 2559 quod
1825 2531 1881 2551 non

1073 2575 1199 2607 oporteat
1221 2570 1316 2600 haberi
1339 2579 1369 2600 se
1394 2579 1443 2607 pro
1457 2571 1592 2600 damnoso
1619 2577 1653 2598 eo
1676 2567 1750 2604 quod
1766 2568 1803 2595 illi
1824 2576 1881 2595 non

255 2639 281 2658 “
291 2641 375 2670 Joan.
390 2646 425 2675 v,
441 2641 487 2669 46.
538 2637 562 2656 ⁵⁷
573 2640 655 2668 Joan.
671 2647 731 2675 νιι⁷
745 2642 771 2668 4.

741 2712 785 2743 Ex
801 2711 962 2742 collatione
977 2711 1068 2743 codd.
1085 2711 1193 2742 Venet.
1211 2712 1243 2743 S.
1259 2711 1363 2743 Marci.

265 2781 323 2820 (ιο)
333 2779 426 2820 ,ω
434 2783 494 2820 δι,
518 2777 583 2820 Περὶ
603 2777 679 2820 αἰετοῦ
705 2778 812 2820 πάντωε
830 2778 917 2820 simini:
950 2779 1016 2820 [lpo-

1079 2780 1154 2820 vobt's
1168 2779 1314 2820 suscitabit
1332 2779 1462 2820 Dominus
1476 2779 1557 2820 Deus,
1574 2779 1705 2820 tauquam
1718 2785 1775 2820 ple,-
1783 2778 1880 2820 ipsum

214 2812 738 2854 pit-1|;fust’v‘lvdgnfaudiﬁpto;
756 2815 771 2842 ὁ
793 2815 886 2854 θεὸς,
901 2815 942 2854 ᾡς

1081 2816 1202 2843 audietis
1211 2816 1299 2850 juxta
1317 2816 1409 2842 omnia
1424 2814 1495 2848 (Act.
1511 2821 1560 2848 Ill,
1577 2816 1631 2847 22).
1648 2812 1727 2848 Quod
1742 2816 1769 2841 et
1783 2812 1881 2840 Domi-

213 2850 310 2882 ἁδτόῦ
337 2850 529 2881 ἲκοᾶσεσοε
551 2851 635 2879 κατὰ
659 2850 773 2879 πάντα.
798 2851 831 2877 '0
855 2851 912 2878 καὶ
932 2851 946 2877 ὁ
969 2851 1016 2877 Κύι

1081 2859 1146 2886 nus,
1164 2862 1176 2876 ν
1193 2856 1246 2880 etc.

213 2899 295 2926 ριος,
306 2899 334 2920 ι.
349 2898 379 2918 τ.
392 2889 425 2920 λ.
439 2898 453 2915 ι
468 2888 516 2918 De
528 2886 590 2924 ipso
603 2887 720 2917 omnino
733 2887 829 2917 dicens
845 2897 851 2916 :
867 2888 1028 2923 Prophetam

159 3183 163 3185 _
190 3158 235 3181 ν*
275 3139 317 3166 τί
334 3139 458 3184 ἔτ’-ιη’

72 3151 479 3230 ,ιι-ωειλ
