4198 6446
485 391 552 443 67
1504 394 2018 450 THEOPHYLACTI
2059 391 2417 449 BULGARLE
2453 389 2768 447 ARCHIEP.
3727 389 3794 442 68

481 513 728 582 credant,
753 512 849 570 sed
878 513 1026 586 ipsos
1045 515 1381 588 abjiciendos
1408 533 1526 574 esse
1553 536 1619 575 ex
1648 520 1835 576 ovium
1865 536 2078 592 genere.

2197 519 2466 578 δείκνυται
2497 515 2718 594 ποιμήν.
2773 512 2880 576 Καὶ
2926 513 3026 586 τὴν
3067 511 3248 594 φωνὴν
3298 509 3353 570 δὲ
3405 514 3499 570 τοῦ
3547 509 3795 588 ποιμένος

481 606 622 660 Nam
659 603 704 658 si
737 619 840 675 ego
870 604 1116 676 quidem,
1147 607 1344 678 inquit,
1378 624 1472 680 per
1517 608 1739 681 januam
1791 610 2084 681 ingredior,

481 691 836 748 manifestum
870 695 1020 765 quod
1053 711 1174 751 vere
1203 713 1328 752 sum
1373 707 1585 770 pastor;
1643 717 1738 755 vos
1768 709 1953 756 autem
1990 700 2082 771 qui

479 798 592 838 non
610 783 780 839 secuti
806 783 958 854 estis,
986 784 1239 841 videmini
1260 802 1370 842 non
1397 804 1515 844 esse
1539 805 1683 846 oves.
1709 791 1871 846 Unde
1897 799 2082 846 autem

479 873 663 930 educit
721 889 850 929 oves
913 875 1183 946 proprias,
1235 876 1334 932 nisi
1382 892 1449 933 ex
1521 879 1708 936 medio
1756 880 2082 948 inﬁdelium,

480 965 622 1020 sicut
667 971 722 1019 et
767 979 973 1020 caecum
1015 965 1083 1022 de
1126 965 1312 1022 medio
1342 968 1669 1026 Iudaeorum
1719 979 1772 1026 et
1799 971 1889 1042 qui
1919 970 2082 1026 audi-

480 1055 558 1110 vit
585 1072 730 1120 eum,
752 1067 810 1114 et
829 1055 1052 1128 agnovit
1077 1059 1245 1111 eum?
1279 1060 1347 1112 Et
1374 1066 1501 1114 ante
1521 1075 1651 1116 oves
1670 1076 1887 1132 quoque
1912 1060 2078 1128 vadit,

481 1150 737 1220 quamvis
761 1164 916 1206 secus
941 1147 1110 1224 645
1153 1146 1225 1201 sit
1292 1163 1418 1202 cum
1459 1149 1836 1221 corporalibus
1867 1150 2082 1218 ovibus,

482 1248 609 1312 post
634 1241 750 1296 illas
779 1239 929 1296 enim
971 1235 1185 1291 vadunt
1229 1245 1496 1306 pastores.
1529 1238 1634 1295 Sed
1662 1239 1772 1294 isto
1819 1239 1941 1296 loco
1985 1255 2080 1295 os-

480 1328 662 1386 tendit
691 1329 844 1404 quod
877 1342 1071 1384 omnes
1099 1325 1262 1380 ducet
1289 1326 1357 1383 ad
1389 1328 1672 1384 veritatem
1707 1348 1721 1386 :
1753 1330 1881 1401 quia
1911 1329 2079 1386 disci-

477 1420 638 1490 pulos
659 1419 818 1492 quasi
843 1432 988 1493 {oves
1035 1416 1093 1472 in
1155 1413 1398 1471 medium
1430 1417 1687 1490 luporum
1735 1419 1908 1475 mittit
1954 1419 2081 1475 :sic

475 1508 647 1582 igitur
687 1523 831 1566 nova
877 1514 960 1564 est
999 1504 1290 1578 pastoralis
1317 1522 1445 1562 cura
1487 1507 1713 1564 Christi.
1761 1532 1786 1557 (ι
1817 1508 2079 1564 Alienum

479 1606 668 1656 autem
709 1614 821 1655 non
866 1602 1190 1670 sequentur;
1224 1610 1338 1650 non
1380 1595 1526 1652 enim
1579 1607 1920 1671 cognoscunt
1947 1598 2080 1654 alie-

403 1735 406 1740 .
477 1704 685 1745 norum
729 1703 945 1744 vocem.
992 1709 1017 1736 ι
1053 1688 1260 1740 lterum
1292 1684 1397 1740 hoc
1438 1687 1558 1742 loco
1584 1688 1870 1745 Theudam
1900 1696 1956 1745 et
1982 1691 2080 1745 Ju-

477 1777 608 1834 dam
636 1786 810 1847 notat,
843 1792 984 1850 quos
1012 1790 1129 1831 non
1157 1782 1358 1831 secuta:
1388 1785 1515 1832 sunt
1537 1793 1684 1833 oves.
1715 1781 1858 1834 Nam
1879 1794 2082 1850 paucos

476 1867 750 1940 quosdam
777 1867 1030 1924 suffurati
1068 1872 1197 1920 sunt
1226 1883 1240 1933 ;
1275 1873 1332 1921 et
1362 1865 1416 1921 hi
1441 1876 1566 1939 post
1593 1876 1830 1924 mortem
1861 1868 2086 1924 illorum

475 1957 866 2015 discesserunt.
901 1957 1183 2015 Christum
1203 1968 1394 2016 autem
1419 1959 1694 2014 viventem
1719 1968 1777 2015 et
1795 1967 2085 2014 mortuum

476 2048 718 2104 maxime
759 2055 910 2105 totus
937 2047 1181 2105 mundus
1223 2056 1309 2104 est
1335 2055 1582 2104 secutus.
1611 2050 1782 2103 Notat
1809 2056 1998 2104 autem
2027 2056 2084 2104 6t

478 2137 904 2195 Antichristum.
950 2137 1056 2194 Bic
1101 2136 1251 2194 enim
1279 2153 1410 2194 cum
1451 2137 1726 2193 seduxerit
1753 2137 1822 2194 ad
1851 2153 2082 2210 parvum

475 2235 715 2300 tempus,
743 2243 859 2284 non
894 2225 1118 2284 habebit
1161 2243 1256 2284 eos
1285 2228 1377 2300 qui
1408 2236 1731 2299 sequantur,
1770 2236 1894 2299 post
1921 2243 2082 2284 suam

478 2316 862 2389 perditionem.
916 2320 1058 2374 Nam
1106 2316 1249 2375 istud
1295 2337 1323 2370 ‹‹
1367 2333 1481 2374 non
1524 2326 1841 2388 sequentur,
1897 2342 1922 2368 ιι
1979 2317 2083 2375 hoc

477 2405 815 2476 manifestat,
876 2407 1004 2480 quia
1051 2416 1176 2479 post
1243 2415 1482 2464 mortem
1526 2407 1907 2464 seducentium
1972 2425 2083 2464 non

473 2497 579 2553 erit
622 2497 716 2570 qui
757 2497 1007 2553 attendat
1035 2498 1114 2553 vel
1144 2506 1426 2570 sequatur.
1460 2499 1637 2553 Janua
1668 2498 1894 2570 quidem
1935 2499 2081 2554 Scri-

474 2595 633 2659 ptura
675 2595 777 2644 est.
819 2586 1019 2643 Educit
1059 2595 1246 2644 autem
1299 2588 1368 2644 ad
1411 2604 1616 2660 pascua
1649 2589 1925 2644 Dominus
1955 2605 2084 2645 oves

474 2691 570 2749 per
604 2677 832 2748 januam
873 2676 1027 2733 hanc.
1083 2677 1232 2750 Quid
1281 2687 1470 2734 autem
1502 2677 1800 2750 pabulum?
1852 2679 1948 2734 Vel
1999 2677 2083 2733 fu-

474 2774 617 2822 turae
653 2767 890 2835 deliciae,
933 2766 1016 2822 vel
1065 2767 1282 2838 requies
1323 2767 1378 2822 in
1422 2783 1591 2839 quam
1632 2783 1735 2823 nos
1779 2767 2085 2825 introducit

475 2855 772 2910 Dominus.
817 2855 1081 2924 Quamvis
1125 2864 1314 2912 autem
1344 2865 1398 2912 et
1435 2857 1542 2912 alio
1572 2857 1693 2912 loco
1722 2857 1964 2928 seipsum
1998 2874 2085 2914 os-

473 2943 620 3000 tium
649 2945 922 3012 nominat,
953 2960 1065 2999 non
1092 2953 1176 3000 est
1200 2945 1538 3001 mirandum.
1562 2947 1702 3002 Cum
1726 2947 1875 3002 enim
1895 2963 2082 3003 curam

474 3049 633 3092 suam
664 3035 779 3090 vult
815 3034 1204 3091 demonstrare
1241 3051 1367 3108 erga
1397 3051 1517 3104 nos,
1568 3044 1846 3106 pastorem
1891 3053 1950 3094 se
1979 3054 2080 3094 no-

2198 610 2380 668 ἀκούει
2408 607 2476 667 τὰ
2508 605 2770 687 πρόϐατα.
2809 603 2971 664 Ἐπεὶ
3007 602 3110 683 γὰρ
3141 604 3328 662 ἐκεῖνοι
3363 600 3475 660 ἄνω
3520 601 3612 661 καὶ
3643 601 3793 661 κάτω

2199 699 2382 778 ἔλεγον
2421 698 2576 756 αὐτὸν
2632 699 2950 768 ἀπατεῶνα,
3006 695 3098 752 καὶ
3149 697 3303 751 τοῦτο
3344 694 3404 750 ἐκ
3448 697 3542 764 τῆς
3591 694 3793 752 ἑαυτῶν

2195 790 2444 855 ἀπιστίας
2493 787 2770 845 ἐϐεϐαίουν
2819 785 3085 863 λέγοντεςο
3136 810 3160 837 ιι
3227 781 3321 854 Μὴ
3377 785 3481 840 τῶν
3523 782 3791 862 ἀρχόντων

2192 903 2270 948 τις
2296 877 2600 938 ἐπίστευσεν
2645 880 2717 944 εἰς
2761 875 2944 948 αὖτόν;
2991 903 3014 926 ο
3064 873 3324 932 δείκνυσιν
3368 875 3396 931 6
3453 872 3676 952 Κύριος,
3713 871 3794 931 ὅτι

2193 973 2289 1028 οὐκ
2327 968 2483 1026 αὐτὸν
2527 967 2631 1046 χρὴ
2673 965 2901 1042 νομίζειν
2933 967 3215 1040 λυμεῶνα,
3267 961 3400 1020 διότι
3445 965 3632 1020 ἐκεῖνοι
3663 967 3794 1022 ἀπι-

2193 1063 2439 1131 στοῦσιν,
2488 1059 2608 1116 ἀλλ’
2642 1053 2828 1122 αὐτοὺς
2877 1054 3203 1127 ἐκϐληθῆναι
3239 1058 3333 1124 τῆς
3365 1055 3470 1110 τῶν
3506 1050 3793 1132 προϐάτων

2192 1147 2407 1217 τάξεως.
2444 1145 2591 1224 Ἐγὼ
2630 1146 2726 1222 μὲν
2777 1143 2916 1224 γὰρ,
2970 1143 3132 1224 φησὶ,
3169 1141 3255 1201 διὰ
3287 1147 3382 1214 τῆς
3433 1142 3590 1222 θύρας
3625 1143 3794 1222 εἰσερ-

2189 1238 2452 1319 χόμενος,
2502 1237 2800 1319 πρόδηλον,
2841 1238 2913 1302 ὡς
2959 1237 3168 1305 ἀληθῶς
3217 1235 3328 1310 εἰμι
3359 1231 3594 1326 ποιμήν
3639 1234 3791 1310 ὑμεῖς

2192 1329 2246 1386 δὲ
2293 1333 2340 1388 οἱ
2373 1327 2448 1404 μὴ
2480 1324 2959 1398 ἀκολουθήσαντες,
3000 1323 3208 1382 ἐοίκατε
3243 1321 3317 1400 μὴ
3355 1320 3491 1380 εἶναι
3519 1320 3789 1402 πρόϐατα.

2190 1419 2364 1478 Πόθεν
2405 1415 2459 1476 δὲ
2490 1415 2664 1496 ἐξάγει
2706 1415 2773 1475 τὰ
2809 1413 2920 1472 ἴδια
2963 1412 3244 1493 πρόϐατα,
3285 1411 3319 1484 ἢ
3366 1413 3426 1470 ἐκ
3465 1411 3629 1490 μέσου
3682 1416 3790 1471 τῶν

2191 1505 2690 1586 ἀπίστων,”ξῶσπερ
2721 1504 2812 1564 καὶ
2853 1505 2940 1564 τὸν
2986 1502 3183 1584 τυφλὸν
3217 1505 3276 1561 ἐκ
3312 1501 3476 1577 μέσου
3519 1505 3625 1560 τῶν
3659 1501 3798 1562 Ἰου-

2191 1598 2351 1656 δαίων
2371 1643 2388 1670 ,
2420 1595 2472 1664 ὃς
2502 1596 2593 1656 καὶ
2623 1595 2848 1667 ἤκουσεν
2872 1596 3028 1651 αὐτοῦ
3047 1639 3062 1667 ,
3094 1593 3186 1652 καὶ
3217 1593 3422 1670 ἐπέγνω
3454 1592 3643 1666 αὐτόν,
3679 1592 3794 1652 Καὶ

2190 1687 2492 1767 ἔμπροσθεν
2528 1685 2582 1746 δὲ
2623 1689 2728 1744 τῶν
2778 1683 3062 1764 προϐάτων
3101 1683 3418 1762 πορεύεται,
3464 1681 3637 1740 καίτοι
3669 1683 3791 1741 τοῦ-

2189 1777 2393 1836 ναντίον
2423 1776 2511 1836 ἐπὶ
2556 1780 2661 1834 τῶν
2703 1776 3023 1852 σωματικῶν
3070 1772 3336 1848 ποιμένων
3378 1769 3606 1849 γίνεται·
3659 1771 3790 1830 ὄπι-

2195 1874 2312 1927 σθεν
2355 1867 2458 1946 γὰρ
2505 1863 2838 1946 πορεύονται.
2892 1863 3035 1922 Ἀλλ’
3084 1864 3308 1922 ἐνταῦθα
3355 1860 3652 1934 δείκνυσιν,
3712 1860 3796 1921 ὅτι

2194 1958 2396 2025 πάντας
2426 1957 2680 2035 ὁδηγήσει
2704 1955 2834 2036 πρὸς
2853 1951 2947 2025 τὴν
2967 1952 3242 2030 ἀλήθειαν,
3268 1950 3384 2010 ἐπεὶ
3416 1951 3510 2011 καὶ
3535 1949 3654 2020 τοὺς
3679 1976 3796 2030 μα·-

2195 2046 2356 2120 θητὰς
2408 2051 2480 2114 ὡς
2525 2045 2772 2127 πρόϐατα
2817 2047 2868 2103 ἐν
2928 2042 3077 2124 μέσῳ
3123 2041 3301 2102 λύκων
3350 2041 3583 2119 πέμπειο
3626 2041 3796 2111 οὕτως

2193 2137 2297 2216 ἄρα
2340 2135 2620 2216 καινοτέρα
2653 2139 2686 2207 ἡ
2737 2138 2830 2193 τοῦ
2879 2135 3118 2212 Χριστοῦ
3149 2131 3503 2209 ποιμαντική.
3557 2161 3581 2184 κ
3613 2131 3797 2192 Ἄλλο-

2190 2227 2322 2308 τρίῳ
2375 2226 2429 2285 δὲ
2467 2228 2526 2284 οὗ
2574 2225 2649 2302 μὴ
2700 2223 3166 2301 ἀκολουθήσωσιν,
3213 2225 3270 2280 οὖ
3317 2222 3422 2303 γὰρ
3468 2222 3642 2281 οἴδασι
3687 2225 3798 2282 τῶν

2195 2315 2490 2396 ἀλλοτρίων
2541 2313 2636 2387 τὴν
2669 2313 2871 2394 φωνήν.
2906 2341 2932 2365 ν
2983 2315 3270 2372 Κάνταῦθα
3311 2311 3379 2404 δὲ
3410 2310 3623 2380 πάντως
3664 2310 3788 2380 τοὺς

2192 2407 2314 2485 περὶ
2343 2408 2552 2466 Θευδᾶν
2585 2405 2676 2465 καὶ
2709 2404 2916 2464 Ἰούδαν
2954 2402 3274 2476 αἰνίττεται,
3324 2401 3398 2469 οἷς
3428 2403 3524 2461 οὐκ
3566 2401 3796 2473 ἠκολού-

2193 2503 2360 2571 θησαν
2409 2495 2476 2555 τὰ
2507 2495 2770 2576 πρόϐατα.
2808 2493 3020 2572 Ὀλίγοι
3049 2493 3151 2572 γάρ
3185 2516 3319 2559 τινες
3354 2491 3790 2568 ὖποκλαπέντες,

2192 2587 2283 2646 καὶ
2326 2577 2468 2647 οὗτοι
2517 2585 2655 2664 μετὰ
2687 2584 2911 2644 θάνατον
2957 2585 3130 2641 αὐτῶν
3175 2582 3524 2654 ἀπέστησανο
3573 2584 3798 2662 Χριστῷ

2192 2675 2284 2750 δὲ,
2331 2677 2423 2736 καὶ
2457 2681 2610 2745 ζῶντι
2640 2674 2734 2734 καὶ
2775 2673 3152 2744 τελευτήσαντι
3203 2673 3439 2750 μάλιστα
3464 2719 3480 2747 ,
3523 2675 3550 2732 6
3595 2672 3798 2750 κόσμος

2192 2768 2309 2834 ὅλος
2361 2768 2535 2827 ὀπίσω
2581 2768 2812 2836 ἀπῆλθεν
2858 2768 3038 2824 αὐτοῦ.
3091 2764 3391 2823 Αἷνίττεται
3450 2761 3506 2822 δὲ
3555 2763 3648 2822 καὶ
3700 2761 3794 2822 τὸν

2192 2857 2582 2937 Ἀντίχριστον·
2627 2857 2717 2914 καὶ
2749 2853 2900 2922 αὐτὸς
2944 2853 3049 2933 γὰρ
3084 2853 3215 2933 πρὸς
3255 2854 3434 2931 ὀλίγον
3476 2851 3789 2927 πλανήσας,

2191 2949 2292 3026 οὐχ
2321 2947 2425 3015 ἕξει
2461 2945 2578 3014 τοὺς
2622 2943 3089 3016 ἀκολουθήσαντας
3120 2944 3257 3022 μετὰ
3297 2942 3394 3016 τήν
3446 2946 3608 3002 αὑτοῦ
3641 2942 3794 3002 ἀπώο

2189 3039 2360 3099 λειαν.
2393 3037 2475 3096 Τὸ
2511 3035 2616 3117 γὰρ
2659 3062 2682 3089 ι
2708 3037 2790 3095 Οὐ
2819 3035 2893 3111 μὴ
2929 3033 3349 3108 ἀκολουθήσωσι,
3383 3059 3408 3086 ››
3437 3039 3593 3092 τοῦτο
3623 3034 3797 3107 δηλοῖ,

473 3124 652 3181 minat
691 3143 702 3180 :
734 3125 955 3197 quando
983 3133 1169 3181 autem
1198 3125 1489 3181 ostendere
1532 3125 1647 3180 vult
1671 3126 1819 3198 quod
1851 3127 1965 3199 ipse
2007 3129 2078 3184 sit

2189 3127 2270 3186 ὅτι
2313 3125 2450 3207 μετὰ
2493 3127 2591 3199 τήν
2637 3125 2888 3195 τελευτὴν
2935 3128 3042 3183 τῶν
3090 3122 3449 3200 πλανώντων,
3501 3123 3598 3181 οὐκ
3643 3121 3797 3212 ἔσται

473 3213 564 3270 ille
590 3214 682 3287 qui
709 3213 874 3272 ducat
901 3215 968 3271 ad
990 3217 1232 3282 Patrem,
1255 3223 1388 3270 tunc
1408 3215 1635 3287 januam
1665 3231 1723 3272 se
1749 3216 1880 3272 dicit
1911 3235 1925 3273 :
1953 3219 2081 3290 quia

472 3303 591 3376 ipse
611 3303 772 3376 juxta
799 3304 975 3359 alium
1001 3312 1055 3359 et
1077 3304 1248 3359 alium
1273 3320 1498 3360 sensum
1525 3305 1644 3359 ovis
1685 3313 1768 3360 est
1797 3314 1852 3361 et
1877 3315 2080 3378 pastor.

473 3395 703 3465 Insuper
748 3394 790 3449 si
830 3393 1057 3464 quidem
1097 3410 1384 3450 sermones
1418 3395 1728 3450 divinarum
1779 3397 2080 3468 Scriptura-

471 3499 600 3538 rum
629 3491 756 3539 sunt
779 3484 1005 3550 ostium,
1035 3492 1090 3539 et
1118 3485 1392 3539 Dominus
1422 3483 1535 3556 ipse
1567 3500 1688 3540 esse
1721 3484 1925 3542 dicitur
1954 3491 2082 3544 Ver-

473 3571 634 3643 bum,
670 3573 874 3629 merito
905 3583 1132 3630 vocatur
1158 3581 1214 3629 et
1243 3573 1467 3629 ostium.

2190 3243 2268 3286 τις
2312 3202 2490 3285 αὐτοῖς
2521 3215 2803 3296 προσέχων
2821 3260 2837 3288 ,
2870 3213 2906 3286 ἢ
2941 3215 3265 3276 ἀκολουθῶν.
3312 3216 3470 3293 Θύρα
3497 3211 3594 3289 μὲν
3622 3202 3710 3272 οῦν
3737 3214 3796 3272 αἱ

2191 3308 2430 3388 Γραφαὶ,
2468 3306 2644 3384 ἐξάγει
2683 3305 2737 3364 δὲ
2785 3303 2874 3364 ἐπὶ
2904 3303 3070 3380 νομὴν
3117 3304 3184 3362 τὰ
3235 3302 3484 3384 πρόϐατα
3517 3305 3545 3360 6
3601 3302 3794 3384 Κύριος

2193 3400 2280 3460 διὰ
2310 3403 2404 3470 τῆς
2451 3397 2612 3476 θύρας
2645 3392 2866 3466 ταύτης.
2902 3394 3001 3461 Τίς
3036 3393 3152 3466 δὲὴ
3194 3393 3364 3469 νομή;
3418 3391 3485 3452 Ἡ
3519 3391 3793 3470 μέλλουσα

2190 3487 2361 3568 τρυφὴ
2393 3485 2489 3546 καὶ
2531 3485 2857 3556 ἀνάπαυσις,
2903 3485 2975 3550 εἷς
3001 3483 3066 3555 ἢν
3109 3487 3257 3560 ἡμᾶς
3285 3482 3485 3559 εἰσάγει
3521 3485 3548 3541 6
3577 3482 3792 3564 Κύριος.

2191 3581 2262 3641 Εἰ
2310 3577 2364 3636 δὲ
2409 3578 2654 3656 ἀλλαχοῦ
2705 3574 2795 3633 καὶ
2831 3571 2993 3654 θύραν
3041 3573 3223 3632 ἑαυτὸν
3267 3574 3544 3649 ὀνομάζει,
3591 3575 3650 3630 οὖ
3688 3571 3796 3652 χρὴ

476 3664 788 3742 θαυμάζειν.
838 3661 1015 3724 εὈταν
1068 3663 1164 3743 μὲν
1207 3664 1310 3743 γὰρ
1361 3663 1457 3735 τὴν
1499 3666 1815 3742 κηδεμονίαν
1874 3668 2106 3748 ἐμφῆναι
2161 3667 2419 3751 βούληται
2464 3665 2559 3738 τὴν
2616 3664 2740 3746 περὶ
2784 3668 2960 3742 ἡμᾶς,
3002 3665 3230 3740 ποιμένα
3287 3662 3472 3722 ἑαυτὸν
3518 3663 3797 3740 ὁνομάζεν

472 3750 597 3812 ὅταν
627 3751 679 3812 δὲ
713 3753 837 3834 θέλῃ
883 3753 1067 3827 δεῖξαι,
1116 3753 1197 3812 ὅτι
1232 3755 1386 3822 αὐτός
1422 3756 1561 3813 ἐστιν
1613 3759 1640 3813 6
1684 3756 1969 3838 προσάγων
2009 3764 2083 3841 τῷ
2134 3750 2347 3840 Πατρὶ,
2377 3757 2493 3817 τότε
2526 3755 2689 3837 θύραν
2727 3754 2914 3814 ἑαυτὸν
2958 3753 3103 3832 λέγει
3124 3777 3137 3790 ·
3169 3753 3282 3812 ἐπεὶ
3309 3757 3337 3812 6
3370 3753 3524 3820 αὐτὸς
3555 3753 3648 3813 καὶ
3675 3778 3778 3813 κατ

3781 3757 3796 3781 9

473 3843 639 3918 ἄλλην
695 3845 786 3903 καὶ
837 3843 1004 3918 ἀλλην
1052 3843 1251 3904 ἔννοιαν
1300 3845 1391 3903 καὶ
1444 3845 1711 3926 πρόϐατόν
1766 3849 1878 3906 ἐστι
1919 3849 2010 3907 καὶ
2062 3852 2280 3930 ποιμήν.
2327 3846 2559 3906 Ἔπειτα
2624 3846 2772 3925 εἴπερ
2825 3843 2928 3903 εἰσὶ
2984 3843 3116 3925 θύρα
3168 3847 3215 3906 οἱ
3265 3843 3412 3923 λόγοι
3470 3846 3575 3903 τῶν
3629 3843 3788 3903 θείων

473 3937 724 4014 Γραφῶν,
755 3933 848 3994 καὶ
887 3935 1044 4001 αὐτὸς
1076 3935 1131 3994 δὲ
1165 3939 1193 3992 6
1226 3937 1419 4015 Κύριος
1452 3936 1619 4013 Λόγος
1652 3937 1794 4011 ἐστὶ,
1822 3939 1914 3996 καὶ
1941 3943 2213 4015 καλεῖται,
2250 3939 2463 4005 εἰκότως
2494 3939 2555 3995 ἂν
2589 3935 2810 4008 κληθείη
2841 3933 2996 4014 θύρα.

543 4033 724 4088 Vens.
768 4038 887 4088 6-8.
935 4056 960 4082 ιι
1005 4035 1162 4088 Hanc
1213 4033 1535 4102 parmmiam
1581 4034 1721 4089 dixit
1768 4033 1846 4090 eis
1891 4037 2076 4093 Jesus.

471 4121 555 4176 Illi
587 4129 774 4176 autem
803 4138 914 4176 non
941 4129 1320 4192 cognoverunt
1357 4136 1481 4192 qua:
1509 4131 1695 4177 essent
1723 4139 1849 4196 quae
1886 4124 2076 4196 loque-

472 4218 628 4266 retur
652 4211 748 4266 eis.
781 4210 935 4266 Dixit
957 4210 1125 4281 igitur
1144 4209 1346 4265 iterum
1367 4211 1445 4266 eis
1468 4212 1628 4267 Jesus
1654 4232 1666 4268 :
1694 4216 1890 4282 Amen,
1913 4230 2079 4271 amen

471 4299 594 4357 dico
638 4299 811 4370 vobis,
854 4303 970 4371 Ego
1013 4316 1138 4355 sum
1185 4300 1388 4355 ostium
1429 4301 1634 4356 ovium.
1666 4304 1877 4360 Omnes
1919 4313 2080 4376 quot-

473 4399 606 4462 quot
624 4398 750 4446 ante
771 4406 857 4446 me
878 4397 1167 4459 venerunt,
1188 4387 1336 4445 fures
1349 4399 1478 4447 sunt
1493 4400 1546 4446 et
1567 4391 1805 4448 latrones
1825 4395 1946 4451 :sed
1963 4411 2079 4450 non

2269 4057 2295 4084 α
2339 4027 2554 4099 Ταύτην
2594 4024 2691 4098 τὴν
2736 4012 3032 4104 παροιμίαν
3063 4012 3208 4082 εἶπεν
3262 4023 3436 4090 αὐτοῖς
3477 4023 3506 4081 6
3544 4020 3783 4095 Ἰησοῦς.

2188 4122 2375 4179 ἐκεῖνοι
2420 4116 2474 4175 δὲ
2507 4119 2604 4175 οὖκ
2653 4116 2922 4194 ἔγνωσαν,
2975 4115 3094 4173 τίνα
3137 4104 3202 4186 ἧν
3262 4111 3294 4170 ἃ
3346 4111 3529 4172 ἐλάλει
3581 4114 3784 4180 αὐτοῖς.

2189 4198 2356 4270 Εἶπεν
2389 4197 2478 4266 οὖν
2509 4207 2670 4266 πάλιν
2698 4206 2874 4270 αὐτοῖς
2904 4209 2932 4264 6
2959 4204 3212 4276 ;Ἰησοῦς’
3241 4200 3408 4278 Ἀμὴν
3429 4248 3446 4280 ,
3478 4202 3621 4281 ἀμὴν
3650 4201 3794 4282 λέγω

2188 4301 2332 4378 ὑμῖν,
2373 4294 2453 4356 ὅτι
2503 4295 2608 4376 ἐγώ
2649 4300 2760 4373 εἶμι
2793 4299 2826 4366 ἡ
2868 4293 3001 4374 θύρα
3032 4297 3136 4353 τῶν
3176 4291 3484 4374 προϐάτων.
3538 4293 3787 4369 Πάντες,

2187 4388 2301 4450 ὅσοι
2341 4379 2520 4461 ἦλθον,
2558 4387 2784 4446 κλέπται
2820 4384 2920 4444 εἶσὶ
2959 4385 3050 4444 καὶ
3080 4383 3307 4464 λῃσταὶ,
3339 4381 3456 4441 ἀλλ’
3488 4385 3584 4442 οὐκ
3620 4383 3789 4456 ἤκου-

472 4479 771 4538 audierunt
795 4497 890 4537 eos
909 4496 1056 4538 oves.
1087 4503 1191 4530 ιν-
1209 4503 1233 4529 α
1251 4483 1429 4551 Hanc,
1457 4481 1656 4553 inquit,
1671 4483 2020 4554 paroemiam,
2052 4509 2078 4536 η

2192 4502 2289 4536 σαν
2331 4480 2504 4537 αὐτῶν
2551 4475 2620 4535 τὰ
2658 4475 2928 4553 πρόϐατα.
2969 4502 2991 4528 υ
3023 4509 3101 4517 --
3135 4501 3158 4525 α
3187 4475 3430 4566 Ταύτην,
3479 4471 3640 4553 φησὶ,
3685 4471 3786 4546 τὴν

473 4569 581 4626 hoc
608 4579 690 4626 est
719 4571 1056 4642 parabolam,
1091 4593 1118 4619 ι
1148 4571 1288 4626 dixit
1325 4571 1404 4626 eis
1441 4574 1623 4640 Jesus,
1659 4596 1684 4622 »
1718 4573 1947 4630 obscure
1995 4575 2076 4632 eis

469 4658 720 4732 loquens,
748 4668 810 4715 ut
837 4660 1164 4716 attentiores
1188 4659 1309 4715 illos
1333 4658 1555 4716 faceret.
1583 4663 1881 4734 Postquam
1909 4663 2076 4735 igitur

468 4747 578 4804 hoc
620 4748 832 4818 docuit,
878 4750 1039 4805 solvit
1079 4765 1230 4806 nunc
1270 4749 1688 4818 obscuritatem,
1733 4753 1812 4807 sic
1841 4754 2024 4810 dicens
2058 4773 2071 4810 :

474 4862 500 4887 ‹‹
526 4841 644 4910 Ego
667 4854 792 4894 sum
822 4839 1048 4895 ostium.
1073 4859 1102 4893 »
1129 4839 1288 4909 Quod
1311 4848 1499 4896 autem
1521 4829 1678 4910 dicit,
1707 4865 1732 4889 ιι
1761 4844 1965 4899 Omnes
1981 4844 2074 4915 qui

467 4935 758 4997 venerunt,
795 4951 815 4979 »
848 4945 962 4984 non
990 4929 1058 4985 de
1099 4929 1381 5001 prophetis
1413 4929 1559 4997 dicit,
1610 4930 1753 4986 sicut
1782 4933 2074 4990 Manichzci

467 5018 721 5075 delirant.
771 5021 916 5074 Nam
948 5018 1023 5074 illi
1077 5019 1322 5074 volentes
1353 5019 1646 5075 ostendere
1679 5023 1846 5077 Vetus
1875 5025 2070 5079 Testa-

466 5117 717 5164 mentum
764 5124 879 5163 non
928 5123 1046 5164 esse
1085 5124 1114 5163 a
1165 5111 1300 5175 Deo,
1351 5117 1408 5164 et
1439 5107 1730 5181 prophetas
1780 5127 1896 5167 non
1952 5128 2071 5170 esse

467 5199 664 5254 missos
687 5215 718 5254 a
741 5201 884 5266 Deo,
913 5205 1146 5254 utuntur
1171 5196 1276 5252 hoc
1303 5197 1452 5253 dicto
1480 5217 1492 5252 :
1523 5221 1549 5246 ει
1575 5201 1778 5255 Omnes
1801 5203 1893 5273 qui
1917 5218 2072 5258 vene-

465 5296 599 5342 runt
625 5296 748 5343 ante
775 5304 886 5357 me,
915 5287 1060 5343 fures
1084 5295 1213 5343 sunt
1237 5295 1292 5342 et
1317 5287 1574 5343 latrones.
1608 5311 1631 5336 υ
1661 5292 1785 5344 Non
1814 5290 1978 5363 igitur
2002 5292 2070 5349 de

465 5375 747 5446 prophetis
789 5377 895 5433 hoc
935 5378 1086 5442 dicit,
1111 5376 1208 5433 sed
1252 5376 1320 5433 de
1347 5375 1571 5433 Thcuda
1605 5387 1659 5434 et
1705 5379 1843 5436 Juda
1874 5389 1928 5436 et
1953 5381 2072 5440 aliis

465 5463 758 5520 seditiosis.
793 5467 951 5534 Quod
986 5476 1174 5524 autem
1219 5465 1289 5522 de
1347 5465 1429 5521 his
1475 5466 1638 5533 dicat,
1681 5469 2063 5529 manifestum.

469 5575 494 5603 α
523 5557 644 5610 Non
670 5554 994 5612 audiverunt
1017 5558 1189 5624 enim,
1218 5556 1419 5628 inquit,
1446 5557 1568 5613 illos
1616 5573 1764 5614 oves.
1792 5582 1818 5607 ν
1843 5561 2070 5618 Seditio-

464 5659 558 5702 sos
585 5642 732 5700 enim
766 5644 890 5701 illos
918 5661 1030 5700 non
1059 5647 1352 5702 audierunt
1377 5663 1525 5714 oves,
1561 5648 1856 5719 prophetas
1885 5659 2068 5710 autem

463 5731 810 5804 audiverunt,
846 5742 902 5790 et
939 5750 1036 5805 per
1071 5734 1213 5804 illos,
1241 5735 1334 5806 qui
1373 5736 1660 5792 Christum
1684 5737 1920 5798 confessi
1942 5752 2070 5799 sunt

2183 4569 2504 4649 παροιμίαν,
2548 4593 2571 4619 >ι
2604 4565 2725 4637 ἤτοι
2752 4565 2850 4636 τὴν
2879 4562 3229 4644 παραϐολὴν,
3274 4589 3298 4616 α
3343 4562 3492 4621 εἶπεν
3530 4564 3710 4630 αὐτοῖς
3761 4567 3792 4622 6

2184 4657 2391 4730 Ἰησοῦς
2412 4703 2428 4730 ,
2479 4659 2694 4735 ἀσαφῶς
2724 4656 2901 4719 αὐτοῖς
2927 4653 3278 4735 φθεγγόμενος
3299 4698 3317 4727 ,
3366 4651 3456 4711 ἵνα
3495 4674 3784 4734 προσεκτι-

2183 4747 2442 4828 κωτέρους
2472 4745 2694 4826 ποιήσῃ.
2726 4744 2884 4804 Ἐπεὶ
2916 4733 3004 4802 οῦν
3036 4749 3192 4803 τοῦτο
3234 4741 3626 4815 κατεσκεύασε,
3662 4742 3780 4802 λύει

2181 4837 2366 4898 λοιπὸν
2417 4836 2514 4908 τὴν
2557 4836 2849 4916 ἀσάφειαν,
2905 4834 3042 4892 οὕτω
3079 4833 3276 4912 λέγων’
3322 4859 3348 4884 οι
3399 4830 3546 4910 Ἐγώ
3597 4835 3705 4910 εἰμι
3751 4837 3786 4904 ἡ

2183 4929 2336 5008 θύρα.
2385 4955 2406 4980 υ
2441 4927 2522 4988 Τὸ
2553 4925 2642 5004 δὲ,
2676 4915 2701 4980 ξι
2727 4925 2960 4995 Πάντες,
2997 4923 3109 4983 ὅσοι
3153 4915 3310 4996 ἦλθον
3332 4966 3348 4996 ,
3383 4949 3407 4976 ››
3437 4923 3496 4981 οὐ
3527 4922 3651 5004 περὶ
3681 4926 3788 4982 τῶν

2182 5021 2468 5100 προφητῶν
2495 5017 2678 5095 λέγει,
2713 5019 2782 5081 ὡς
2812 5019 2859 5075 οἱ
2885 5014 3178 5094 Μανιχαῖοι
3206 5017 3580 5094 παρανοοῦσιν.
3613 5013 3790 5072 Ἐκεῖ-

2181 5130 2260 5166 νοι
2324 5109 2428 5188 γὰρ
2477 5106 2640 5188 δεῖξαι
2692 5106 3006 5186 βουλόμενοι
3054 5103 3151 5176 τὴν
3209 5104 3462 5163 Παλαιὰν
3510 5102 3788 5177 Διαθήκην

2183 5187 2462 5277 ἀλλοτρίαν
2507 5187 2668 5257 οὖσαν
2718 5202 2808 5254 τοῦ
2855 5199 3042 5273 Θεοῦ,
3083 5193 3176 5253 καὶ
3227 5191 3346 5258 τοὺς
3384 5191 3658 5274 προφήτας
3707 5191 3784 5271 μὴ

2182 5289 2241 5346 ἐκ
2270 5290 2411 5349 Θεοῦ
2449 5287 2816 5360 ἀπεστάλθαι,
2861 5290 3099 5365 χρῶνται
3131 5285 3206 5364 τῷ
3239 5285 3384 5364 ῥητῷ
3413 5281 3606 5363 τούτῳ.
3645 5282 3784 5365 Ἰδοὺ

2178 5378 2309 5458 γὰρ,
2347 5379 2544 5459 φησὶν,
2576 5380 2602 5434 6
2643 5377 2833 5458 Κύριος
2867 5364 3047 5448 εἶπεν,
3078 5373 3159 5433 ὅτι
3189 5399 3212 5426 α
3249 5372 3488 5445 Πάντες,
3531 5374 3643 5432 ὅσοι
3679 5364 3786 5445 ἦλ-

2179 5473 2266 5527 θον
2288 5514 2302 5539 ,
2324 5469 2550 5528 κλέπται
2581 5467 2683 5525 εἰσὶ
2711 5468 2803 5526 καὶ
2832 5465 3052 5546 λῃσταί.
3087 5493 3110 5516 ι
3135 5460 3344 5523 Οὔκουν
3369 5461 3493 5544 περὶ
3523 5466 3627 5520 τῶν
3649 5487 3784 5543 προ-

2178 5561 2362 5639 φητῶν
2395 5558 2553 5618 τοῦτό
2588 5581 2754 5637 φησι,
2788 5556 2928 5615 ἀλλὰ
2955 5555 3078 5635 περὶ
3105 5553 3289 5614 Θευδᾶ
3335 5552 3427 5612 καὶ
3458 5552 3658 5629 Ἰούδα,
3692 5553 3784 5611 καὶ

2176 5651 2282 5707 τῶν
2322 5648 2497 5708 ἄλλων
2528 5650 2888 5707 στασιαστῶν.
2932 5643 3067 5704 "On
3105 5643 3158 5703 δὲ
3194 5641 3314 5724 περὶ
3359 5643 3558 5702 τούτων
3596 5641 3780 5721 λέγει,

2178 5737 2365 5817 δῆλον·
2408 5765 2432 5793 ιι
2465 5738 2586 5800 Οὐκ
2631 5737 2869 5812 ἤκουσαν
2921 5734 3058 5815 γὰρ,
3100 5732 3293 5814 φησὶν,
3342 5733 3518 5792 αὐτῶν
3547 5731 3616 5794 τὰ
3657 5733 3784 5816 πρό-
