4198 6516
419 434 498 486 ὃίό

1328 433 1720 492 ENARRATIO
1758 435 1823 490 IN
1863 431 2296 488 EVANGELIUM
2330 430 2633 488 JOANNIS.
2669 460 2737 470 -—
2777 431 2928 488 CAP.
2967 433 3030 487 X.
3758 438 3827 490 70

459 562 638 626 ἱατα.
692 590 721 617 δ
753 567 902 626 Τῶν
960 565 1072 645 γὰρ
1114 564 1444 623 στασιαστῶν
1497 559 1697 620 τούτων
1741 561 1834 618 οὐκ
1880 558 2114 632 ἤκουσαν

2238 555 2597 614 εεθὰἰάθτιωῐ.
2645 559 2920 614 Caeterum
2963 555 3119 625 illud,
3152 579 3177 605 «
3209 559 3333 614 Non
3358 558 3681 616 audiverunt
3706 560 3830 618 illos

480 657 549 718 τὸ.
571 654 837 736 πρόϐατα
862 700 882 727 ,
914 660 1032 715 τῶν
1067 653 1124 713 δὲ
1168 656 1450 735 προφητῶν
1487 651 1580 709 xui
1612 651 1846 722 ἤκουσαν
1869 695 1885 722 ,
1923 647 2014 706 xui
2045 648 2110 706 δι’

494 746 704 807 ἐκείνων
740 746 1109 818 ἐπίστευσαν,
1135 743 1246 803 ὅσοι
1275 741 1366 800 xui
1403 741 1720 800 ἐπίστευσαν
1747 743 1824 819 τῷ
1867 739 2110 819 Χριστῷ.

500 837 706 904 Ἄλλως
740 860 799 897 τε
840 836 904 894 τὸ
928 881 947 913 ,
979 864 1005 888 α
1051 837 1170 895 Οὐκ
1197 832 1435 904 ἤκουσαν
1470 833 1641 889 αὐτῶν
1672 827 1740 888 τὰ
1773 827 2018 908 πρόϐατα
2041 875 2056 900 ,
2092 855 2114 879 υ

509 932 739 990 ἐπαινῶν
791 917 978 1003 εἶπεν,
1029 927 1271 1001 οὐδαμοῦ
1315 921 1369 980 δὲ
1425 923 1656 979 ἐπαινῶν
1708 919 1955 1000 φαίνεται
2000 914 2118 984 τοὺς

505 1016 959 1100 παρακούσαντας
1007 1017 1113 1073 τῶν
1146 1014 1432 1092 προφητῶν
1454 1055 1470 1083 ,
1504 1008 1643 1068 ἀλλὰ
1685 1007 1984 1068 τούναντίον
2013 1029 2117 1064 κα-

503 1094 663 1178 κίζων
693 1107 786 1167 καὶ
829 1105 1135 1165 διαϐάλλων
1183 1103 1442 1184 σφοδρῶς.
1481 1097 1718 1184 Ἔτι-εἷτα
1751 1097 1987 1179 πρόοχες
2028 1094 2119 1154 xui

508 1205 585 1278 τῇ
649 1196 902 1278 ἀκριϐείᾳ
946 1199 1038 1266 τῆς
1089 1181 1299 1261 λέξεως.
1326 1181 1329 1182 ν
1355 1219 1379 1244 α
1431 1186 1596 1250 ε³Ὀεποι
1633 1181 1812 1261 ἦλθον,
1858 1215 1881 1241 υ
1915 1185 2072 1267 φησὶν
2098 1231 2115 1263 ,

513 1277 634 1348 ἀλλ’
669 1277 802 1366 οὐχ,
829 1281 992 1346 Ὅσοι
1023 1282 1432 1352 ἀπεστάλησαν.
1467 1281 1538 1340 Οἱ
1582 1277 1678 1357 μὲν
1715 1277 1816 1358 γὰρ
1847 1281 2121 1359 προφῆται

513 1376 904 1442 ἀποσταλέντες
968 1372 1358 1452 παρεγένοντο·
1429 1372 1477 1430 οἱ
1536 1367 1593 1428 δὲ
1645 1368 2118 1450 ψευδοπροφῆται,

2223 662 2377 714 oves,
2401 669 2428 695 ι
2447 645 2674 702 laudans
2693 646 2852 703 dixit.
2872 649 3156 718 Nusquam
3173 654 3358 703 autem
3376 648 3592 705 videtur
3607 649 3830 708 laudare

2225 735 2600 793 inobedientes
2648 736 2954 810 prophetis,
2999 736 3096 793 sed
3145 753 3176 793 e
3217 735 3436 794 diverso
3479 739 3831 797 vehementer

2223 835 2444 883 accusat
2487 835 2544 882 et
2571 827 2934 900 persequitur.
2992 829 3222 898 Insuper
3264 827 3555 900 diligenter
3607 829 3831 888 attende

2225 917 2458 972 verbum
2479 917 2682 989 ipsum:
2710 941 2735 967 ιο
2761 916 3084 990 Quicunque
3110 926 3394 987 venerunt,
3425 941 3450 967 ι
3476 918 3671 990 inquit,
3694 935 3830 988 non,

2227 1007 2551 1078 Quicunque
2576 1008 2735 1065 missi
2761 1015 2906 1064 sunt.
2935 1011 3074 1064 Nam
3101 1007 3382 1080 prophetae
3407 1008 3633 1080 quidem
3657 1008 3832 1081 646

2226 1095 2379 1152 missi
2428 1095 2770 1154 advenerunt
2821 1117 2832 1153 :
2866 1097 3355 1170 pseudoprophetae
3391 1107 3597 1164 autem,
3641 1099 3833 1171 quales

2229 1192 2287 1240 et
2332 1185 2576 1242 seditiosi
2605 1187 2684 1243 illi
2731 1187 2886 1253 dicti,
2933 1203 2964 1243 a
3009 1187 3162 1244 nullo
3191 1188 3340 1244 missi
3370 1196 3662 1256 venerunt,
3692 1189 3836 1245 sicut

2229 1283 2282 1332 et
2299 1277 2570 1334 Dominus
2589 1277 2733 1334 dixit
2760 1297 2773 1334 :
2799 1301 2824 1327 α
2850 1277 3179 1348 Currebant,
3199 1276 3379 1352 etlego
3399 1295 3515 1336 non
3540 1279 3833 1336 mittebam

2231 1380 2328 1422 eos
2357 1365 2428 1423 ⁵⁸.
2466 1390 2493 1418 ι»

511 1459 616 1528 οἶοι
680 1467 772 1526 καὶ
833 1467 882 1524 οἱ
952 1463 1197 1545 ῥηθέντες
1259 1458 1624 1531 στασιασταὶ,
1693 1455 1917 1534 μηδενὸς
1977 1453 2386 1525 ἀποστείλαντος
2413 1503 2429 1531 ,
2483 1457 2714 1539 ἤρχοντο
2769 1458 2859 1518 ἐπὶ
2918 1460 3211 1542 διαστροφῇ
3276 1462 3380 1520 τῶν
3437 1457 3834 1540 ἀπατωμένων·

508 1559 695 1637 ὥσπερ
717 1555 809 1616 xui
836 1559 865 1614 6
891 1543 1025 1621 Θεός
1049 1575 1209 1634 φησιν
1228 1576 1244 1592 ο
1284 1576 1312 1611 α
1344 1547 1493 1630 Ἐγὼ
1521 1552 1615 1609 οὐκ
1646 1546 1972 1608 ἀπέστελλον
2002 1543 2194 1613 αὐτοὺς
2216 1589 2231 1619 ,
2267 1551 2506 1608 κάκεῖνοι
2530 1552 2766 1632 ἔτρεχον.
2800 1579 2825 1604 ι

595 1676 623 1702 ι
670 1635 828 1725 -Ἒγὼ
879 1646 986 1721 εἰμι
1038 1647 1073 1715 ἡ
1117 1641 1278 1723 θύρα·
1331 1643 1397 1700 δι’
1454 1642 1580 1717 ἐμοῦ
1627 1637 1716 1697 ἐάν
1759 1661 1839 1704 τις
1869 1635 2120 1715 εἰσέλθῃ,

515 1738 856 1809 σωθήσεται,
898 1733 992 1794 xui
1037 1731 1432 1804 εἰσελεύσεται,
1485 1729 1576 1788 καὶ
1627 1726 1990 1798 ἐξελεύσεται,
2031 1725 2123 1785 xui

2304 1649 2488 1704 Vens.
2517 1653 2571 1704 9.
2609 1671 2633 1697 ‹‹
2665 1652 2781 1722 Ego
2804 1665 2926 1706 sum
2949 1649 3182 1706 ostium:
3212 1665 3311 1722 per
3332 1665 3425 1707 me
3454 1649 3496 1706 si
3517 1649 3639 1723 quis
3662 1650 3836 1708 intra-

2235 1736 2390 1805 verit,
2442 1737 2764 1808 servabitur,
2804 1747 2862 1796 et
2909 1739 3245 1812 ingredietur
3295 1749 3350 1796 et
3399 1740 3730 1813 egredietur,
3780 1747 3839 1797 et

514 1828 688 1905 νομὴν
751 1824 982 1904 εὑρήσει.
1031 1850 1057 1876 ι
1110 1821 1182 1883 ⁸0
1214 1820 1501 1893 εἰσελθὼν,
1552 1817 1722 1900 φησὶ,
1775 1815 1840 1875 δι’
1868 1817 1997 1894 ἐμοῦ
2030 1819 2124 1888 τῆς

2238 1842 2436 1897 pascua
2477 1827 2738 1884 inveniet.
2772 1850 2800 1879 α
2860 1830 2967 1898 Qui
3015 1830 3314 1902 ingressus,
3367 1830 3564 1903 inquit,
3621 1847 3718 1902 per
3743 1847 3836 1888 me

514 1904 709 1998 θύρας,
760 1915 852 1976 καὶ
901 1912 1224 1994 προσαχθεὶς
1289 1915 1364 1991 τῷ
1415 1909 1633 1990 Πατρὶ,
1699 1908 1792 1998 xui
1845 1904 2118 1998 πρόϐατον

518 1995 723 2068 ἐκείνου
770 2003 1032 2085 γεγονὼς,
1082 2001 1416 2073 σωθήσεται·
1469 1999 1562 2059 xui
1597 1999 1654 2058 οὖ
1681 1995 1837 2074 μόνον
1884 1995 2120 2068 σωθήσε-

515 2123 625 2171 ται,
659 2084 797 2155 ἀλλὰ
829 2095 956 2166 xui,
991 2097 1062 2160 ὡς
1097 2092 1287 2171 Κύριος
1318 2091 1409 2150 καὶ
1439 2087 1717 2160 Δεσπότης
1737 2133 1754 2162 ,
1781 2084 1990 2158 πολλὴν
2019 2085 2123 2154 ἔξει

517 2191 617 2259 τὴν
666 2187 925 2266 ἀφοϐίαν⁸
975 2193 1130 2245 τοῦτο
1185 2183 1289 2264 γὰρ
1340 2181 1591 2259 σημαίνει
1648 2178 1738 2238 διὰ
1786 2183 1883 2238 τοῦ
1923 2179 2120 2237 εἰπεῖν·

521 2309 548 2334 κ
596 2281 710 2340 Καὶ
760 2276 1160 2348 εἰσελεύσεται,
1199 2272 1293 2334 καὶ
1325 2272 1688 2342 ἐξελεύσεται·
1735 2296 1761 2323 n
1811 2267 1994 2350 ὥσπερ
2034 2267 2124 2328 xui

524 2373 575 2428 οἱ
615 2370 906 2428 ἀπόστολοι
939 2365 1209 2444 εἰσῄεσαν,
1257 2363 1348 2423 xui
1391 2361 1613 2443 ἐξῄεσαν
1644 2358 1884 2419 ἐναντίον
1932 2357 2126 2439 τυράν-

519 2484 624 2518 νων
684 2455 1176 2539 παῤῥησιαζόμενοι
1204 2501 1221 2528 ,
1277 2452 1370 2512 xui
1423 2451 1642 2521 ἐξιόντες
1697 2449 1977 2531 χαίροντες
2033 2447 2126 2507 xui

522 2549 805 2621 ἀήττητοι.
846 2574 871 2601 ιι
907 2545 1016 2606 Καὶ
1047 2543 1239 2622 νομὴν,
1272 2541 1450 2623 φησὶν,
1496 2541 1744 2623 εὑρήσειο
1776 2566 1800 2593 ι
1849 2536 2124 2611 τουτέστι,

519 2639 721 2720 τροφὴν
753 2635 978 2708 πολλήν.
1031 2636 1136 2696 Καὶ
1189 2632 1364 2699 ἄλλως
1416 2629 1690 2692 δέ·Ἐπεὶ
1735 2629 1953 2720 διπλοῦς
1982 2629 2124 2720 ἐστιν

519 2717 654 2804 ἡμῖν
703 2730 730 2786 6
767 2728 1081 2806 ἄνθρωπος,
1135 2723 1244 2783 ἔσω
1290 2745 1348 2781 τε
1397 2723 1488 2782 καὶ
1522 2721 1622 2791 ἔξω
1665 2719 1946 2798 λεγόμενος
1978 2717 2126 2799 παρὰ

519 2823 618 2878 τοῦ
673 2817 919 2890 Παύλου,
976 2814 1314 2896 εἰσέρχεσθαι
1368 2811 1465 2890 μὲν
1517 2815 1709 2879 ἐκεῖνος
1759 2807 1822 2867 ἂν
1865 2807 2070 2888 λέγοιτο
2101 2811 2128 2866 6

522 2908 836 2985 ἐπιμέλειαν
885 2905 1196 2983 ποιούμενος
1245 2909 1337 2963 τοῦ
1406 2901 1512 2962 ἔσω
1561 2900 1869 2981 ἀνθρώπου·
1921 2896 2128 2978 ἐξέρχε-

522 3004 645 3057 σθαι
683 2995 736 3056 δὲ
763 2998 951 3069 πάλιν,
991 2998 1018 3054 6
1040 2997 1244 3074 νεκρῶν
1284 2993 1350 3052 τὰ
1381 2993 1516 3071 μέλη
1546 2991 1614 3050 τὰ
1643 2991 1729 3050 ἐπὶ
1759 2995 1854 3062 τῆς
1882 2992 2004 3066 γῆς,
2037 2987 2128 3046 xui

525 3087 620 3156 τὰς
668 3085 886 3167 πράξεις
926 3090 1021 3145 τοῦ
1070 3083 1320 3161 σώματος
1366 3085 1418 3142 ἐν
1468 3083 1690 3163 Χριστῷ
1740 3082 2004 3140 θανατῶν.
2055 3077 2126 3137 (Ο

519 3165 750 3244 τοιοῦτος
792 3165 882 3236 οὖν
917 3203 943 3231 α
992 3173 1086 3236 xui
1113 3173 1284 3250 νομὴν
1334 3171 1550 3253 εὑρήσει
1606 3199 1630 3224 υ
1675 3173 1728 3230 ἐν
1759 3173 1836 3250 τῷ
1887 3169 2130 3246 μέλλοντι

526 3271 706 3340 αἰῶνι,
737 3266 879 3326 κατὰ
902 3265 988 3344 τὸ,
1025 3292 1049 3316 σι
1091 3260 1286 3344 Κύριος
1317 3263 1590 3340 ποιμαίνει
1629 3284 1719 3340 με,
1753 3260 1844 3319 xui
1877 3258 2023 3317 οὐδέν
2063 3281 2130 3336 με

524 3357 834 3438 ὑστερήσει,
868 3383 894 3408 ι
924 3354 1020 3415 καὶ
1048 3352 1117 3413 τὰ
1150 3351 1290 3424 ἑξῆς.

605 3475 631 3498 ιι
661 3436 755 3508 ῨὉ
803 3446 1036 3518 κλέπτης
1078 3445 1176 3503 οὐκ
1207 3443 1442 3522 ἔρχεται,
1471 3443 1517 3501 εἰ
1552 3436 1628 3517 μὴ
1656 3436 1744 3498 ἵνα
1774 3437 1947 3519 κλέψῃ
1971 3481 1992 3513 ,
2035 3436 2130 3496 xui

523 3536 694 3617 θύσῃ,
724 3535 818 3594 xui
842 3533 1105 3614 ἀπολέσῃ.
1143 3530 1289 3611 Ἐγὼ
1311 3523 1494 3607 ἦλθον,
1527 3528 1615 3588 ἵνα
1646 3528 1786 3600 ζωὴν
1815 3528 2008 3608 ἔχωσι,
2037 3526 2130 3586 xui

525 3615 778 3708 περίσσὸν
828 3625 1048 3705 ἔχωσιν.
1102 3622 1253 3702 Ἐγώ
1304 3624 1414 3699 εἶμι
1456 3624 1483 3680 6
1527 3620 1728 3697 ποιμὴν
1778 3621 1806 3676 6
1852 3620 2028 3708 καλός.
2055 3615 2126 3678 (Ο

525 3707 728 3794 ποίμὴν
779 3718 810 3774 6
845 3716 1009 3782 καλὸς
1038 3713 1136 3785 τὴν
1175 3712 1354 3794 ψυχὴν
1384 3713 1543 3771 αὐτοῦ
1593 3709 1797 3782 τίθησιν
1831 3707 1970 3787 ὑπὲρ
2026 3711 2132 3794 τῶν

525 3786 846 3889 προϐάτων
886 3809 914 3865 6
947 3786 1211 3882 μισθωτὸς
1251 3786 1344 3879 δὲ,
1379 3801 1471 3860 xui
1521 3801 1628 3889 οὔκ,
1676 3797 1767 3889 ὢν,
1795 3795 2037 3889 ποιμὴν,
2073 3786 2133 3856 οὗ

529 3885 625 3958 vix
654 3897 759 3957 eici
798 3895 867 3954 τὰ
895 3894 1145 3976 πρόϐατα
1176 3893 1311 3966 ἴδια,
1359 3891 1546 3971 θεωρεῖ
1588 3888 1677 3948 τὸν
1709 3888 1869 3948 λύκον
1912 3885 2136 3967 ἐρχόμε-

530 4012 639 4060 νον,
674 3986 766 4046 xui
797 3987 985 4068 ἀφίησι
1010 3984 1079 4044 τὰ
1109 3981 1392 4064 πρόϐατα,
1423 3983 1518 4041 xui
1549 3979 1767 4068 φεύγει,
1802 3976 1896 4037 xui
1923 3976 2136 4068 616mg

542 4077 776 4158 ἁρπάζει
838 4064 1017 4150 αὐτὰ,
1058 4072 1151 4134 xui
1195 4074 1469 4154 σκορπίζει
1517 4069 1584 4130 τὰ
1634 4067 1903 4158 πρόϐατα.
1957 4064 2136 4158 (Οῗδὲ

531 4157 797 4246 μίσθωτὸς
841 4164 1049 4247 φεύγει,
1093 4163 1177 4225 ὅτι
1228 4161 1492 4240 μισθωτός
1543 4163 1693 4237 ἐστι,
1749 4157 1842 4218 xui
1889 4158 1946 4217 οὗ
1987 4157 2136 4234 μέλει

530 4261 680 4336 αὐτῷ
715 4257 836 4334 περὶ
878 4259 984 4314 τῶν
1012 4253 1324 4335 προϐάτων.
1375 4279 1400 4305 ι»
1442 4248 1668 4321 Ἐπειδὴ
1719 4252 1768 4310 οἳ
1808 4251 1886 4328 τῷ
1911 4247 2136 4330 Θευδᾷ,

530 4349 625 4406 xui
658 4346 868 4426 Ἰούδα,
901 4343 993 4404 καὶ
1024 4353 1145 4410 τοῖς⁹
1161 4343 1372 4410 λοιποῖς
1399 4339 1726 4406 ἀποστάταις
1759 4337 2135 4416 συναπαχθέν-

531 4461 640 4515 τες,
686 4436 998 4517 ἐσφάγησαν
1046 4434 1141 4494 καὶ
1189 4431 1495 4506 ἀπώλοντο,
1543 4428 1630 4489 διὰ
1689 4433 1846 4488 τοῦτο
1897 4427 2135 4506 ἐπήγαγε

533 4528 740 4607 ET.“-
764 4515 808 4578 Vu
833 4523 905 4588 Ὀ
949 4524 1184 4594 κλέπτης
1213 4523 1309 4582 οὐκ
1341 4521 1581 4602 ἔρχεται,
1616 4521 1660 4578 εἷ
1706 4517 1782 4598 μὴ
1811 4515 1898 4575 ἵνα
1937 4518 2134 4598 κλέψῃ,

535 4617 630 4676 xui
673 4616 810 4695 θύσῃ
840 4615 933 4678 καὶ
979 4614 1252 4693 ἀπολέσῃ,
1305 4641 1330 4666 ιι
1373 4611 1599 4679 ἐκείνους
1643 4609 1738 4668 καὶ
1769 4607 1890 4695 τοὲς
1927 4607 2138 4683 ὁμοίους

536 4709 716 4774 αὐτοῖς
743 4689 976 4772 κλέπτας
998 4689 1201 4766 καλῶν.
1237 4730 1260 4755 α
1287 4699 1435 4782 Ἐγὼ
1469 4702 1523 4762 δὲ
1549 4748 1565 4778 ,
1594 4699 1787 4781 φησὶν,
1825 4689 2008 4772 ἦλθον,
2033 4695 2126 4754 ἵνα

539 4798 680 4868 ζωὴν
730 4796 949 4877 ἔχωσιν.
1015 4821 1041 4848 n
1091 4793 1321 4854 Ἐκεῖνοι
1383 4792 1640 4877 ἔσφαττον
1708 4789 1800 4850 xui
1857 4785 2138 4848 ἀπώλλυον

537 4888 656 4955 τσὺς
687 4891 1098 4952 ἀκολουθοῦντας
1120 4887 1324 4957 αὐτοῖς,
1357 4911 1379 4934 α
1406 4880 1554 4960 Ἐγὼ
1589 4873 1773 4957 ἦλθον,
1796 4877 1887 4937 ἵνα
1920 4877 2141 4952 ζήσωσι,

541 4978 632 5038 καί
662 5004 688 5030 ι
719 5002 769 5037 τι
799 4976 890 5035 xui
912 4977 1167 5054 περισσὸν
1199 4972 1390 5053 ἔχωσι,
1418 4995 1445 5029 ›)
1471 4971 1566 5044 τὴν
1593 4975 1685 5030 τοῦ
1708 4969 1862 5047 ἁγίου
1893 4967 2147 5043 Πνεύμα-

543 5091 628 5135 τος
677 5067 946 5147 μετοχήνο
976 5066 1045 5139 ἣν
1091 5065 1185 5125 καὶ
1238 5062 1516 5144 βασιλείαν
1565 5063 1800 5141 οὐρανῶν
1846 5057 1954 5139 χρὴ
1992 5057 2144 5118 νοεῖν.

540 5146 816 5240 Ἐχουσινν
836 5146 924 5215 οὖν
957 5156 1190 5222 ἅπαντες
1218 5154 1314 5226 τὴν
1346 5152 1483 5225 ζωὴν
1513 5154 1565 5210 ἐν
1601 5152 1842 5232 Χριστῷ.
1881 5177 1906 5200 α
1940 5147 2146 5240 Πάντες

538 5239 641 5331 γὰρ
685 5249 1111 5324 ἀναστήσονται,
1145 5271 1171 5298 ν
1215 5244 1308 5306 xui
1356 5244 1641 5316 ζήσουσιν,
1687 5243 1804 5299 ἀλλ’
1851 5242 1898 5299 οἱ
1946 5239 2144 5300 δίκαιοι

538 5341 725 5418 ἔχουσι
767 5341 860 5398 καί
887 5364 938 5399 τι
971 5337 1253 5418 περισσὸν,
1303 5332 1398 5404 τὴν
1435 5332 1716 5414 βασιλείαν
1753 5334 1856 5390 τῶν
1888 5331 2142 5411 οὐρανῶν.

539 5422 679 5489 Εἶτα
727 5431 818 5490 xui
867 5430 995 5509 περὶ
1039 5433 1132 5489 τοῦ
1181 5426 1386 5494 πάθους
1431 5423 1758 5503 διαλέγεται,
1807 5421 1898 5480 καί
1948 5443 2146 5503 φησιν,

535 5522 618 5580 ὅτι
647 5551 672 5574 α
707 5521 823 5593 Τὴν
851 5521 1034 5604 ψυχήν
1068 5541 1174 5593 μου
1218 5516 1404 5594 τίθημι
1444 5513 1578 5595 ὑπὲρ
1623 5517 1729 5604 τῶν
1766 5513 2079 5604 προϐάτων·
2113 5535 2144 5567 ιο

537 5611 835 5696 ἐμφαίνων,
865 5601 964 5672 *ὅτι
1007 5610 1112 5670 οὐκ
1159 5606 1340 5681 ἄκων,
1392 5607 1508 5665 ἀλλ’
1563 5603 1699 5663 ἑκὼν
1753 5603 1842 5661 ἐπὶ
1871 5601 1932 5660 τὸ
1981 5601 2150 5668 πάθος

605 5728 655 5767 ³⁸
675 5729 790 5785 Jer.
819 5742 1011 5796 xxul,
1042 5729 1136 5780 2|.
1217 5719 1262 5754 ³⁸
1282 5723 1406 5777 Act.
1429 5734 1493 5789 v,
1521 5725 1613 5776 4t.

536 5817 642 5872 xv,
673 5805 758 5858 51.

2165 3157 2212 3224 C
2242 3175 2392 3247 quod
2419 3175 2554 3232 dicit
2584 3176 2849 3248 propheta
2895 3197 2907 3234 :

1693 5718 1743 5758 ⁶⁰
1760 5722 1928 5777 Rom.
1958 5732 2072 5787 vn,
2099 5722 2166 5789 4;
2196 5718 2410 5777 Coloss.
2437 5733 2534 5785 ιιι,
2561 5723 2624 5786 5;
2651 5717 2779 5774 Cor.
2805 5725 2874 5783 ιι,
2903 5717 2982 5770 10.

2229 1917 2456 1986 ostium,
2506 1926 2564 1974 et
2592 1919 2810 1975 oblatus
2836 1919 3009 1988 Patri,
3051 1927 3109 1976 et
3137 1921 3254 1976 ovis
3295 1919 3443 1974 illius
3486 1918 3664 1976 factus
3713 1919 3834 1976 fue-

2230 2005 2324 2074 rit,
2372 2007 2670 2064 salvabitur
2719 2029 2732 2065 :
2777 2017 2832 2065 et
2881 2024 3000 2065 non
3042 2008 3222 2065 solum
3263 2008 3586 2077 salvabitur,
3631 2008 3730 2066 sed
3780 2015 3838 2065 et

2228 2095 2372 2152 sicut
2413 2097 2708 2167 Dominus,
2738 2113 3002 2172 magnam
3028 2097 3259 2155 habebit
3286 2099 3659 2155 securitatem.
3718 2098 3836 2154 Hoc

2230 2185 2376 2242 enim
2421 2187 2693 2260 signiﬁcat
2722 2204 2819 2258 per
2846 2188 2951 2245 hoc
2979 2188 3130 2262 quod
3158 2187 3315 2256 dicit,
3351 2207 3381 2241 ι(
3411 2196 3466 2244 et
3491 2187 3838 2259 ingredietur

2233 2284 2291 2332 et
2317 2277 2627 2349 egredietur
2672 2297 2701 2330 »
2748 2279 2893 2334 sicut
2919 2286 2975 2335 et
3015 2279 3248 2350 apostoli
3291 2277 3738 2350 ingrediebantur
3782 2285 3840 2334 et

2231 2367 2671 2438 egrediebantur,
2733 2384 2924 2424 coram
2987 2369 3242 2441 tyrannis
3292 2367 3458 2424 libere
3526 2368 3832 2441 loquentes.

2235 2458 2376 2512 Nam
2406 2465 2461 2512 ct
2506 2465 2791 2523 exeuntes,
2826 2458 2936 2514 laeti
2969 2467 3148 2527 erant,
3179 2466 3235 2514 et
3262 2457 3445 2513 invicti
3472 2457 3541 2512 ‘9.
3581 2481 3607 2506 α
3642 2461 3706 2512 Et
3746 2473 3841 2530 pa-

2234 2561 2388 2614 scua,
2419 2547 2624 2618 inquit,
2656 2547 2916 2616 inveniet,
2972 2570 2998 2597 »
3045 2547 3152 2603 hoc
3197 2557 3282 2602 est
3310 2547 3596 2617 copiosum
3624 2546 3834 2603 cibum.

2237 2637 2306 2690 Et
2332 2635 2492 2692 aliter
2519 2655 2532 2690 :
2561 2637 2704 2707 Quia
2729 2636 2929 2709 duplex
2960 2645 3044 2693 est
3070 2644 3258 2692 noster
3286 2636 3474 2702 homo,
3513 2636 3766 2692 internus
3787 2643 3844 2692 et

2235 2733 2516 2793 externus,
2568 2734 2634 2781 ut
2678 2725 2887 2782 dicitur
2933 2742 2966 2782 a
3010 2726 3202 2794 Paulo,
3252 2726 3566 2797 Ingreditur
3614 2724 3839 2798 quidem

2236 2813 2345 2882 ille,
2377 2815 2573 2872 dixerit
2601 2815 2747 2889 quis,
2781 2815 2883 2889 qui
2926 2831 3117 2872 curam
3148 2816 3287 2888 gerit
3310 2815 3515 2872 interni
3548 2815 3790 2871 hominis
3822 2835 3835 2871 :

2236 2912 2292 2960 et
2315 2904 2597 2977 egreditur
2625 2905 2849 2974 iterum,
2879 2905 2970 2978 qui
3006 2929 3030 2955 α
3064 2905 3361 2962 mortiﬁcat
3387 2905 3642 2961 membra
3677 2920 3842 2976 super

2235 3001 2467 3063 terram,
2495 3004 2549 3052 et
2572 3011 2735 3068 opera
2760 2995 3009 3068 corporis
3033 2996 3088 3052 in
3107 2996 3327 3053 Christo
3345 2995 3412 3049 5°.
3443 3015 3470 3048 »
3501 2995 3650 3050 Talis
3675 2995 3845 3067 igitur

2238 3102 2267 3135 «
2306 3101 2503 3156 pascua
2535 3085 2781 3143 inveniet
2810 3110 2834 3136 υ
2869 3094 2929 3142 et
2974 3087 3029 3142 in
3060 3086 3248 3142 futuro
3279 3086 3502 3152 seculo,
3535 3083 3844 3141 secundum

2960 3200 2984 3225 σι
3036 3176 3308 3233 Dominus
3337 3175 3475 3248 regit
3503 3190 3616 3244 me,
3661 3182 3717 3230 et
3752 3173 3844 3230 ni-

2242 3265 2318 3322 hil
2349 3265 2502 3322 mihil
2531 3265 2710 3323 deerit
2737 3265 2814 3336 5',
2844 3286 2874 3321 ν»
2911 3274 3013 3322 etc.

2310 3454 2490 3509 Vnus.
2523 3457 2712 3510 10-13.
2749 3473 2775 3502 ι
2806 3453 2920 3508 Fur
2956 3467 3065 3508 non
3096 3450 3244 3508 venit
3286 3451 3388 3507 nisi
3417 3458 3485 3506 ut
3524 3449 3758 3519 furetur,
3789 3457 3846 3508 et

2237 3551 2448 3598 mactet
2491 3558 2555 3598 ac
2603 3541 2812 3614 perdat.
2863 3544 2976 3614 Ego
3021 3541 3143 3597 veni
3174 3550 3233 3597 ut
3265 3541 3434 3597 vitam
3480 3541 3741 3609 habeant,
3793 3548 3850 3596 et

2239 3631 2607 3688 abundantius
2648 3632 2907 3688 habeant.
2954 3635 3069 3704 Ego
3113 3647 3237 3688 sum
3285 3641 3472 3703 pastor
3509 3631 3598 3686 ille
3646 3631 3846 3686 bonus.

2242 3724 2428 3777 Bonus
2457 3729 2641 3792 pastor
2669 3722 2916 3777 animam
2955 3737 3110 3776 suam
3137 3719 3294 3793 ponit
3323 3737 3422 3792 pro
3460 3720 3668 3776 ovibus.
3704 3722 3849 3776 Mer-

2242 3811 2493 3867 cenarius
2535 3819 2724 3868 autem
2755 3818 2812 3866 et
2855 3810 2950 3882 qui
2991 3826 3106 3865 non
3153 3817 3235 3865 est
3282 3818 3490 3880 pastor,
3531 3809 3689 3880 cujus
3735 3825 3849 3865 non

2243 3908 2373 3956 sunt
2430 3915 2559 3957 oves
2625 3900 2883 3972 proprizn,
2953 3899 3100 3955 videt
3145 3898 3337 3968 lupum
3381 3897 3693 3953 venientem
3783 3913 3850 3954 ac

2245 3990 2446 4048 deserit
2473 4005 2624 4058 oves,
2671 3988 2940 4062 fugitque,
2985 3996 3042 4044 et
3069 3988 3232 4059 lupus
3277 3987 3442 4059 rapit,
3491 3995 3546 4042 et
3585 3985 3850 4059 diSpergit

2242 4096 2391 4138 oves.
2439 4080 2813 4137 Mercenarius
2859 4086 3044 4134 autem
3087 4077 3251 4151 fugit,
3295 4077 3425 4149 quia
3468 4076 3850 4134 mercenarius

2244 4181 2350 4240 est,
2378 4178 2432 4227 et
2453 4187 2584 4227 oves
2613 4186 2726 4226 non
2752 4176 2883 4226 sunt
2911 4168 2990 4224 illi
3030 4184 3194 4224 curae.
3228 4187 3256 4221 »
3287 4166 3569 4240 Quoniam
3593 4165 3850 4222 Thcudas

2245 4269 2302 4318 et
2339 4261 2512 4317 Judas
2539 4259 2705 4316 etiam
2735 4276 2859 4316 cum
2890 4261 3103 4315 caeteris
3132 4258 3402 4330 apostatis
3425 4256 3672 4324 abducti,
3705 4257 3850 4313 occi-

2244 4351 2291 4407 si
2338 4351 2557 4407 luerunt
2585 4359 2641 4406 et
2687 4350 2969 4421 perierunt
3000 4367 3014 4404 :
3049 4357 3334 4420 propterea
3381 4347 3570 4404 subdit
3611 4346 3798 4403 dicens
3831 4365 3845 4403 :

2164 4465 2222 4534 Β
2257 4463 2290 4534 «μ
2326 4442 2438 4496 Fur
2458 4457 2571 4534 non
2587 4439 2732 4534 venit
2746 4439 2850 4534 nisi
2868 4447 2932 4495 ut
2947 4435 3164 4494 furetur
3185 4446 3242 4494 et
3258 4445 3466 4493 mactet
3489 4453 3553 4492 ac
3578 4435 3791 4534 perdat,
3821 4459 3846 4485 η

2255 4530 2380 4586 illos
2409 4538 2466 4585 et
2492 4529 2699 4585 similes
2743 4528 2823 4584 eis
2851 4529 3001 4584 fures
3029 4542 3250 4583 vocans.
3301 4546 3330 4579 «
3376 4529 3494 4598 Ego
3522 4533 3730 4593 autem,
3760 4526 3850 4580 in-

2248 4618 2387 4692 quit,
2429 4617 2549 4675 veni
2595 4626 2657 4674 ut
2697 4617 2870 4673 vitam
2917 4617 3174 4673 habeant.
3218 4638 3244 4665 ι
3289 4615 3371 4670 Illi
3423 4612 3749 4670 occiderunt
3797 4621 3855 4670 et

2252 4708 2605 4781 perdiderunt
2631 4723 2727 4765 eos
2739 4707 2837 4779 qui
2856 4706 3029 4764 secuti
3058 4714 3205 4773 sunt,
3234 4728 3261 4755 α
3292 4709 3406 4779 Ego
3436 4703 3560 4759 veni
3589 4712 3653 4759 ut
3680 4703 3850 4759 vitam

2251 4798 2558 4868 habeant,»
2589 4806 2646 4855 et
2665 4797 2872 4871 aliquid
2895 4797 3060 4854 etiam
3089 4820 3114 4846 α
3143 4795 3515 4853 abundantius
3535 4793 3794 4863 habeant,
3827 4816 3852 4843 ιο

2251 4890 2428 4948 sancti
2455 4889 2692 4962 Spiritus
2719 4888 3169 4945 communionem
3195 4905 3209 4944 :
3237 4904 3332 4959 per
3359 4902 3529 4960 quam
3553 4893 3606 4941 et
3628 4900 3860 4958 regnum

2255 4981 2530 5038 cmlorum
2582 4979 2883 5052 intelligere
2925 4987 3162 5050 oportet.
3213 4978 3437 5034 Habent
3464 4977 3632 5049 igitur
3659 4989 3858 5031 omnes

2257 5070 2498 5128 vitamin
2516 5068 2754 5127 Christo.
2790 5094 2814 5119 α
2835 5071 3044 5126 Omnes
3060 5069 3206 5125 enim
3237 5075 3528 5140 resurgent
3555 5065 3601 5102 ⁶³
3628 5085 3655 5114 ››
3688 5073 3744 5120 et
3770 5063 3862 5117 vi-

2259 5169 2408 5229 vent,
2439 5161 2535 5218 sed
2566 5160 2702 5233 justi
2731 5159 2864 5233 quid
2910 5159 3146 5231 amplius
3176 5158 3405 5224 habent,
3449 5170 3680 5225 regnum
3709 5150 3859 5207 scili-

2257 5260 2345 5308 cet
2375 5251 2661 5308 caelorum.
2713 5253 2944 5322 Insuper
2991 5257 3045 5305 et
3084 5247 3157 5305 de
3203 5247 3456 5319 passione
3511 5243 3750 5308 disserit,
3798 5257 3864 5297 ac

2260 5341 2440 5414 inquit
2468 5361 2481 5397 :
2517 5359 2548 5394 (ι
2570 5340 2826 5397 Animam
2850 5354 3032 5395 meam
3056 5353 3201 5410 pono
3223 5352 3322 5409 pro
3347 5335 3562 5400 ovibus,
3593 5351 3622 5385 ν)
3653 5331 3749 5388 sed
3771 5330 3864 5388 de-

2261 5431 2474 5488 clarans
2502 5430 2652 5503 quod
2679 5446 2795 5486 non
2825 5427 3248 5492 involuntarius,
3278 5424 3376 5481 sed
3404 5421 3750 5479 voluntarius
3791 5420 3862 5477 ad

2261 5522 2572 5594 passionem
2595 5521 2839 5578 accedat.
2871 5543 2897 5569 σι
2926 5521 3080 5574 Pono
3108 5537 3136 5570 »
3162 5515 3311 5572 enim
3341 5512 3613 5586 signiﬁcat
3644 5533 3656 5568 :
3685 5515 3864 5569 Nemo

2259 5612 2408 5683 rapit
2437 5629 2504 5670 ex
2552 5627 2640 5668 me
2684 5611 2821 5678 8m,
2849 5608 2945 5665 sed
2973 5623 3074 5680 ego
3103 5622 3228 5662 eam
3261 5605 3502 5677 depono.
3559 5607 3726 5659 Notat
3765 5619 3867 5656 au-

3063 5712 3106 5746 “
3133 5712 3276 5770 Psal.
3303 5727 3457 5782 xxu,
3483 5716 3530 5768 1.
3608 5709 3662 5748 δ’
3690 5711 3714 5763 Ι
3737 5711 3864 5765 Cor.
