4198 6446
521 395 584 449 71
1534 387 2056 448 THEOPHYLACTI
2096 386 2456 447 BULGARIE
2493 388 2808 447 ARCHIEP.
3758 391 3836 444 72

519 525 637 574 tem
663 523 717 573 et
736 531 886 589 sape
913 524 1385 574 commemoratos
1421 515 1731 574 seditiosos.
1782 516 1888 586 Illi,
1918 516 2117 590 inquit,

2233 514 2468 597 ἔρχεται,
2522 515 2603 576 Τὸ
2630 514 2734 594 γὰρ
2764 541 2789 568 α
2832 512 3057 589 Τίθημι,
3108 531 3140 569 λ)
3196 514 3352 570 τοῦτο
3388 512 3541 583 δηλοῖ
3588 509 3669 569 ὅτι
3705 513 3838 591 Οὐχ

518 621 632 662 non
660 614 968 678 posuerunt
989 606 1234 663 animam
1262 622 1363 679 pro
1405 607 1622 675 ovibus,
1657 606 1753 663 sed
1782 606 2122 679 reliquerunt

518 710 616 753 eos
644 696 741 768 qui
767 697 915 767 ipsos
943 697 1115 752 secuti
1142 703 1269 752 sunt
1295 716 1308 752 :
1334 696 1661 752 mercenarii
1684 697 1834 752 enim
1863 695 2111 752 fuerunt.

518 787 641 858 lpse
684 794 874 842 autem
903 785 1179 841 Dominus
1208 802 1239 842 e
1273 784 1492 842 diverso
1520 801 1648 842 cum
1689 785 2120 857 comprehensus

519 883 625 942 est,
670 874 850 946 inquit
898 892 912 931 :
967 896 993 923 ‹‹
1035 875 1090 930 Si
1120 875 1288 946 igitur
1328 891 1422 930 me
1475 874 1742 947 quaeritis,
1784 874 1948 930 sinite
1996 874 2120 930 illos

520 964 691 1031 abire,
722 973 787 1021 ut
814 965 1102 1036 impleatur
1125 980 1334 1031 sermo,
1364 965 1512 1035 quod
1543 964 1727 1021 nullus
1764 981 1828 1020 ex
1858 964 1989 1036 ipsis
2019 980 2121 1037 pe-

530 1053 686 1109 rierit
707 1052 754 1122 ³,
794 1073 816 1105 ι
851 1054 1029 1125 idque
1060 1054 1141 1109 sic
1166 1053 1488 1126 urgentibus
1519 1053 1726 1110 Judaeis
1753 1062 1816 1109 ut
1839 1053 1975 1108 nulli
2007 1052 2118 1125 lupi

521 1142 577 1199 in
595 1132 726 1200 oves
746 1143 916 1217 magis
930 1142 1098 1215 647
1128 1145 1358 1200 saeviant
1381 1162 1395 1199 :
1431 1165 1455 1192 α
1471 1144 1611 1199 Cum
1636 1142 1826 1216 gladiis
1840 1143 2012 1213 enim,
2040 1143 2118 1198 in-

524 1233 666 1306 quit,
685 1242 741 1290 et
755 1233 914 1305 lignis
934 1241 1201 1290 venerunt
1219 1232 1683 1306 comprehendere
1696 1232 1851 1289 illum
1865 1233 1937 1288 54.
1960 1256 1983 1281 α
2009 1235 2118 1289 Ρο-

520 1330 609 1380 tes
636 1331 691 1379 et
724 1321 813 1378 hic
840 1322 1144 1395 intelligere
1170 1339 1268 1395 per
1308 1323 1525 1394 lupum,
1564 1322 1908 1395 spiritualum
1938 1322 2119 1378 inimi-

522 1428 671 1479 cum,
716 1428 886 1484 quem
930 1420 986 1469 et
1015 1412 1228 1468 leonem
1256 1412 1538 1484 Scriptura
1565 1411 1842 1482 nominat,
1873 1420 1928 1468 et
1968 1427 2117 1467 scor-

520 1500 698 1574 pium,
723 1509 779 1557 et
806 1509 1142 1573 serpentem,
1162 1501 1252 1573 qui
1273 1518 1463 1573 rapere
1488 1502 1709 1574 quidem
1739 1518 1870 1558 oves
1892 1500 2117 1566 dicitur,

522 1590 744 1662 quando
774 1607 870 1662 per
921 1591 1066 1646 mala
1106 1607 1270 1662 opera
1300 1590 1567 1663 quasdam
1597 1591 1852 1660 devorat;
1902 1589 2118 1663 disper-

522 1692 650 1752 gere
679 1689 883 1748 autem,
913 1680 1135 1753 quando
1164 1697 1260 1750 per
1289 1680 1461 1737 malas
1486 1681 1848 1752 cogitationes
1885 1680 2121 1737 confun-

522 1767 607 1825 dit
651 1770 924 1837 animam;
968 1770 1059 1842 qui
1091 1778 1147 1826 et
1191 1769 1283 1826 fur
1311 1770 1513 1827 merito
1545 1771 1770 1840 dicitur,
1812 1771 1999 1827 furans
2028 1787 2123 1843 per

519 1859 698 1916 malas
737 1860 1117 1932 cogitationes,
1168 1867 1419 1917 mactans
1460 1876 1560 1932 per
1602 1875 1954 1927 consensum,
1999 1876 2123 1933 per-

521 1946 659 2005 dens
670 1965 765 2021 per
781 1965 937 2021 opus.
953 1948 1246 2005 Confertur
1261 1949 1411 2005 enim
1428 1949 1660 2005 malitia:
1670 1949 1929 2021 cogitatio
1953 1950 2120 2019 furto,

518 2053 822 2095 consensus
833 2048 1017 2095 autem
1033 2039 1084 2094 in
1103 2040 1306 2094 malam
1322 2039 1823 2111 concupiscentiam
1840 2040 2124 2096 diabolicae

520 2128 869 2195 mactationi,
887 2143 1027 2199 Opus
1048 2136 1236 2183 autem
1258 2128 1465 2183 malum
1490 2128 1800 2200 perditioni.
1832 2131 1901 2185 Et
1921 2129 2025 2185 hoc
2044 2137 2127 2185 est

523 2215 667 2273 forte
681 2217 827 2288 quod
843 2216 1118 2289 signiﬁcat
1130 2217 1262 2273 illud
1282 2236 1294 2272 :
1312 2240 1337 2265 σι
1363 2219 1475 2274 Fur
1490 2234 1601 2273 non
1621 2219 1768 2274 venit
1782 2219 1885 2274 nisi
1901 2227 1964 2275 ut
1982 2218 2125 2275 fure-

522 2314 637 2375 tur,
665 2314 722 2362 et
748 2314 951 2362 mactet
978 2322 1043 2362 ac
1075 2306 1296 2378 perdat.
1352 2329 1378 2355 »
1410 2307 1686 2363 Dominus
1723 2308 1872 2364 enim
1898 2319 2124 2365 contra-

521 2394 605 2450 ria
634 2411 803 2468 quam
835 2393 923 2451 fur
959 2395 1049 2451 ille
1093 2395 1239 2452 facit.
1290 2399 1397 2452 Dat
1425 2396 1669 2453 divinam
1695 2397 1886 2466 vitam,
1918 2398 2121 2455 sancti-

525 2484 695 2541 ﬁcans
735 2501 837 2541 nos
867 2493 923 2541 et
967 2484 1324 2558 cogitationes
1364 2502 1460 2558 per
1502 2486 1801 2543 adventum
1844 2488 2121 2545 bonorum

521 2574 947 2639 desideriorum,
969 2584 1024 2631 et
1042 2591 1272 2648 corpora
1292 2592 1387 2647 per
1401 2577 1549 2633 bona
1569 2592 1759 2649 opera,
1782 2587 1837 2633 et
1861 2576 2122 2650 quiddam

519 2664 689 2720 etiam
707 2663 1083 2721 abundantius
1102 2666 1221 2735 dat,
1246 2675 1309 2722 ut
1324 2666 1493 2722 etiam
1513 2666 1638 2722 aliis
1664 2666 1927 2738 prodesse
1953 2667 2125 2739 possi-

519 2768 646 2809 mus
673 2753 907 2809 docendi
938 2754 1112 2825 gratia
1146 2772 1160 2809 :
1206 2752 1453 2827 profecto
1482 2763 1539 2810 et
1565 2771 1735 2827 regno
1764 2756 2034 2812 caelorum
2062 2764 2126 2812 ut

521 2842 909 2898 abundantiori
949 2843 1185 2914 quadam
1215 2845 1663 2900 remuneratione
1701 2861 1805 2901 nos
1840 2847 2114 2917 praemiat.

522 2931 628 2987 Hic
655 2931 824 3003 igitur
867 2939 951 2987 est
982 2939 1165 3003 pastor
1188 2932 1389 2998 bonus,
1420 2933 1518 2989 sed
1558 2949 1674 2989 non
1722 2934 2122 3002 mercenarius,

518 3029 585 3076 ut
601 3020 924 3078 Judaeorum
950 3021 1240 3093 principes,
1270 3022 1609 3095 negligentes
1627 3023 1837 3080 scilicet
1860 3024 2125 3096 populum

2149 1735 2198 1797 B

2228 605 2458 684 ἁρπάζει
2493 629 2565 674 τις
2612 605 2666 674 ἐξ
2715 607 2846 680 ἐμοῦ
2885 600 3117 673 ταύτην,
3161 602 3282 659 ἀλλ’
3338 600 3494 668 αὐτὸς
3534 599 3835 678 ἀποτίθημι

2229 695 2435 766 αὐτήν(
2477 694 2787 755 Αἶνίττεται
2841 689 2897 750 δὲ
2946 691 3038 750 καὶ
3096 688 3217 757 τοὺς
3263 689 3519 757 πολλάκις
3579 689 3836 769 ῥηθέντας

2229 784 2583 850 στασιαστάς.
2633 782 2864 840 Ἐκεῖνοι
2907 778 3003 857 μὲν
3058 778 3198 860 γὰρ,
3248 778 3442 859 φησὶν,
3488 782 3586 838 οὐκ
3631 778 3834 851 ἔθηκαν

2227 874 2322 946 τὴν
2348 873 2526 954 ψυχὴν
2550 869 2680 951 ὑπὲρ
2706 874 2809 929 τῶν
2831 868 3136 948 προϐάτων,
3174 869 3293 927 ἀλλ’
3320 870 3534 954 ἀξρῆκαν
3563 869 3682 935 τοὺς
3708 870 3837 928 οἶκοι

2227 949 2596 1035 λουθῆσαντας
2644 949 2848 1027 αὐτοῖς’
2900 958 3154 1036 μισθωτοὶ
3208 958 3312 1039 γὰρ
3345 949 3506 1029 ἦσαν.
3552 957 3727 1025 Αὗτὸς
3775 957 3835 1017 δὲ

2228 1058 2256 1114 ὁ
2307 1053 2501 1133 Κύριος
2568 1050 2895 1111 τοῦναντίον.
2962 1047 3159 1108 ἹΙνίκα
3237 1047 3572 1127 συνελήφθη,
3634 1046 3835 1128 φησίν·

2236 1171 2260 1196 α
2301 1145 2369 1203 Εἰ
2397 1134 2486 1202 οὖν
2539 1140 2632 1218 ἐμὲ
2683 1143 2925 1216 ζητεῖτε,
2980 1138 3142 1218 ἄφετε
3183 1136 3397 1203 τούτους
3440 1139 3665 1214 ὑπάγειν
3695 1185 3707 1207 ,
3742 1135 3835 1195 ἵνα

2228 1235 2484 1313 πληρωθῇ
2527 1234 2555 1289 6
2599 1229 2783 1309 λόγος,
2826 1228 2909 1289 ὅτι
2952 1227 3147 1296 Οὐδεὶς
3195 1225 3247 1294 ἐξ
3280 1228 3455 1285 αὐτῶν
3486 1225 3761 1285 ἀπώλετο·
3798 1255 3825 1280 ιν

2229 1322 2322 1383 καὶ
2364 1326 2536 1380 ταῦτα
2570 1318 2736 1385 οὕτως
2782 1316 3107 1395 ἐπιθεμένων
3153 1320 3258 1376 τῶν
3291 1315 3586 1388 Ἰουδαίων,
3618 1319 3690 1384 ὡς
3718 1316 3837 1375 οὔδ’

2231 1412 2292 1472 ἂν
2322 1411 2475 1472 λύκοι
2522 1408 2837 1488 προϐάτοις·
2886 1430 2916 1463 α
2950 1406 3103 1467 Μετὰ
3147 1409 3429 1487 μαχαιρῶν
3477 1403 3602 1484 γὰρ,
3657 1406 3831 1487 φησὶ,

2228 1502 2321 1561 καὶ
2348 1502 2512 1571 ξύλων
2541 1491 2698 1571 ἦλθον
2729 1497 3012 1557 συλλαϐεῖν
3047 1497 3228 1555 αὐτὸν.
3275 1518 3306 1554 ι)
3364 1495 3529 1556 Ἐστι
3578 1495 3633 1555 δὲ
3670 1495 3836 1554 λύκον

2228 1595 2453 1651 ἐνταῦθα
2498 1593 2687 1661 νοῆσαι
2735 1587 2826 1647 τὸν
2879 1585 3064 1661 νοητὸν
3111 1585 3330 1667 ἐχθρὸν,
3401 1584 3457 1644 δν
3501 1585 3594 1644 καὶ
3646 1584 3836 1643 λέοντα

2230 1682 2533 1760 ὀνομάζειὴ
2566 1678 2756 1758 Γραφὴ
2781 1724 2797 1755 ,
2824 1677 2916 1736 καὶ
2950 1676 3225 1756 σκορπίον,
3271 1676 3363 1735 καὶ
3402 1674 3544 1755 ὅφιν,
3574 1672 3628 1741 ὃς
3657 1675 3837 1753 ἁρπά-

2231 1777 2336 1842 ζειν
2371 1771 2466 1850 μὲν
2497 1768 2766 1849 πρόϐατον
2796 1766 3011 1843 λέγεται
3035 1811 3053 1842 ,
3097 1765 3224 1825 ὅταν
3265 1764 3387 1825 τινὰ
3412 1763 3500 1823 διὰ
3525 1768 3621 1835 τῆς
3659 1786 3836 1839 πονη-

2232 1871 2327 1943 ρᾶς
2352 1860 2590 1941 πράξεως
2618 1856 2958 1937 κατάϐρωμα
2979 1860 3200 1927 ποιῆται
3218 1878 3232 1891 ·
3257 1854 3565 1935 σκορπίζειν
3601 1851 3682 1943 δὲ,
3706 1854 3837 1943 ὅταν

2231 1941 2316 2012 διὰ
2348 1954 2452 2009 τῶν
2484 1952 2730 2029 πονηρῶν
2759 1949 3034 2028 λογισμῶν
3060 1944 3263 2023 συγχέῃ
3295 1944 3390 2016 τὴν
3423 1943 3631 2026 ψυχήν*
3661 1941 3716 2011 ὃς
3741 1942 3839 2004 καὶ

2229 2039 2460 2112 κλέπτης
2491 2038 2708 2105 εἰκότως
2763 2035 2826 2095 ἂν
2871 2035 3053 2119 ῥηθείη
3075 2080 3094 2112 ,
3127 2034 3371 2093 κλέπτων
3403 2035 3490 2093 διὰ
3527 2036 3630 2093 τῶν
3658 2056 3836 2104 πονη-

2233 2134 2335 2213 ρῶν
2373 2132 2679 2207 λογισμῶν,
2717 2126 2852 2185 θύων
2892 2125 2980 2184 διὰ
3019 2128 3113 2195 τῆς
3157 2122 3630 2213 συγκαταθέσεως,
3664 2124 3839 2182 ἀπολ-

2231 2211 2370 2280 λύων
2423 2218 2511 2277 διὰ
2554 2222 2650 2290 τῆς
2699 2215 2961 2297 πράξεως.
3020 2212 3363 2294 Προσϐάλλει
3418 2211 3514 2291 μὲν
3580 2212 3685 2292 γάρ
3731 2235 3840 2271 τινι

2229 2309 2390 2390 τυχὸν
2424 2312 2453 2367 6
2486 2312 2581 2379 τῆς
2628 2306 2888 2384 πονηρίας
2916 2305 3168 2383 λογισμὸς
3193 2345 3211 2376 ,
3259 2302 3415 2363 τοῦτό
3459 2304 3578 2360 ἐστι
3622 2300 3835 2375 κλοπ-τῖ’

2231 2399 2322 2458 ἐὰν
2365 2398 2542 2458 δὲκαὶ
2592 2395 3001 2475 συγκατάθηται
3048 2398 3124 2475 τῷ
3155 2396 3372 2473 πονηρῷ
3425 2392 3762 2470 ἐνθυμήματι
3807 2398 3839 2453 6

2233 2489 2535 2571 ἄνθρωπος,
2565 2486 2685 2546 τότε
2717 2484 2936 2544 θύεσθαι
2978 2482 3193 2564 λέγεται
3231 2482 3383 2563 παρὰ
3412 2488 3504 2541 τοῦ
3550 2480 3839 2541 διαϐόλου*

2230 2578 2356 2638 ὅταν
2403 2578 2457 2638 δὲ
2487 2577 2577 2636 καὶ
2606 2573 2782 2656 πράξῃ
2838 2573 2896 2633 τὸ
2930 2574 3130 2645 κακὸν,
3177 2572 3302 2631 τότε
3350 2572 3676 2633 ἀπόλλυται.
3720 2572 3841 2631 Καὶ

2232 2667 2385 2729 τοῦτό
2416 2671 2558 2727 ἐστιν
2582 2665 2713 2733 ἴσως
2755 2663 2841 2737 τὸ,
2886 2684 2913 2720 ιι
2941 2665 3011 2723 Ὁ
3037 2662 3269 2734 κλέπτης
3293 2662 3385 2721 οὐκ
3406 2660 3625 2740 ἔρχεται
3645 2706 3660 2733 ,
3688 2663 3734 2721 εἰ
3755 2659 3837 2740 μὴ

2230 2756 2317 2816 ἵνα
2358 2757 2554 2837 κλέψῃ,
2588 2757 2681 2815 καὶ
2713 2752 2882 2833 θύσῃ,
2919 2753 3011 2812 καὶ
3042 2751 3303 2832 ἀπολέσῃ.
3343 2772 3373 2809 ι)
3406 2753 3598 2833 Τούτῳ
3635 2740 3726 2809 οὖν
3755 2754 3841 2832 τῷ

2231 2847 2434 2926 κλέπτῃ
2471 2844 2725 2904 τάναντία
2772 2847 2800 2901 ὁ
2849 2842 3042 2923 Κύριος
3086 2842 3577 2922 διαπραττόμενος,
3632 2839 3729 2912 τήν
3776 2864 3841 2901 τε

2236 2937 2378 2996 θείαν
2422 2936 2561 3007 ζωὴν
2607 2934 2861 3011 δίδωσιν,
2902 2932 3137 3011 ἁγιάζων
3171 2935 3328 3006 ἡμῶν
3378 2930 3469 2989 καὶ
3512 2928 3632 2997 τοὺς
3681 2931 3839 3007 λογι-

2237 3025 2400 3105 σμοὺς
2441 3024 2528 3083 διὰ
2573 3027 2665 3096 τῆς
2694 3027 2799 3081 τῶν
2831 3025 3041 3101 ἀγαθῶν
3081 3018 3470 3098 ἐνθυμημάτων
3504 3017 3836 3101 παρουσίας,

521 3117 575 3166 et
603 3110 673 3166 ad
700 3111 882 3167 solani
904 3111 1214 3167 mercedem
1235 3112 1609 3183 recipiendam
1633 3121 1960 3185 spectantes.
1994 3116 2120 3170 Non

2231 3116 2414 3176 καὶτὰ
2436 3114 2662 3190 σώματα
2687 3112 2774 3171 διὰ
2804 3115 2909 3170 τῶν
2966 3114 3179 3190 ἀγαθῶν
3211 3108 3474 3190 πράξεων.
3514 3109 3629 3169 Καί
3659 3133 3711 3168 τι
3736 3111 3838 3169 καὶ

519 3199 667 3256 enim
695 3201 1015 3272 quaerebant
1055 3201 1241 3274 populi
1280 3201 1598 3271 utilitatem,
1629 3202 1725 3260 sed
1753 3219 1819 3259 ex
1865 3218 1930 3260 eo
1958 3211 2119 3276 turpe

521 3288 758 3346 lucrum.

2226 3204 2478 3285 περισσὸν
2526 3204 2738 3276 δίδωσι,
2794 3200 2855 3260 τὸ
2889 3201 2979 3259 καὶ
3012 3201 3201 3267 ἄλλους
3238 3196 3441 3270 δηλαδὴ
3480 3200 3704 3280 ὠφελεῖν
3736 3196 3836 3257 δύ-

2227 3302 2420 3356 νασθαι
2463 3293 2551 3353 διὰ
2595 3293 2973 3352 διδασκαλικοῦ
3015 3288 3382 3371 χαρίσματος,
3428 3288 3517 3347 ναὶ
3575 3288 3681 3365 μὴν
3735 3286 3838 3347 καὶ

519 3378 618 3450 τὴν
685 3378 958 3458 βασιλείαν
1020 3383 1124 3439 τῶν
1182 3383 1446 3461 οὐρανῶν,
1502 3386 1573 3449 ὡς
1628 3384 1882 3463 περιττήν
1936 3407 2056 3442 τινα
2120 3384 2426 3466 φιλοτιμίαν
2471 3380 2840 3461 ἐπιϐραϐεύων
2888 3370 3052 3456 ἡμῖν.
3098 3370 3270 3447 Οὗτος
3318 3379 3424 3461 ἄρα
3469 3379 3583 3437 ἐστὶ
3633 3376 3841 3455 ποιμὴν

522 3467 715 3547 καλὸς,
770 3469 888 3528 ἀλλ’
936 3472 993 3528 οὗ
1060 3472 1350 3548 μισθωτὸς,
1390 3477 1460 3539 ὡς
1511 3474 1555 3530 οἱ
1600 3476 1704 3530 τῶν
1749 3471 2015 3534 Ἰουδαίων
2066 3474 2349 3554 ἄρχοντες,
2402 3476 2717 3552 ἀμελοῦντες
2760 3471 2966 3544 δηλαδὴ
2997 3476 3092 3530 τοῦ
3139 3471 3309 3542 λαοῦ,
3362 3468 3454 3527 καὶ
3500 3468 3628 3548 πρὸς
3675 3467 3839 3546 μόνον

521 3556 582 3616 τὸ
610 3556 824 3634 μισθοὺς
859 3559 1042 3618 λαϐεῖν
1088 3560 1143 3629 ἐξ
1189 3562 1347 3620 αὖτοῦ
1395 3561 1695 3643 βλέποντες.
1742 3564 1823 3623 Οὖ
1854 3562 1957 3644 γὰρ
1987 3564 2202 3635 ἐζήτουν
2244 3573 2335 3626 τοῦ
2362 3565 2494 3623 λαοῦ
2540 3562 2637 3634 τὴν
2678 3562 2971 3642 ὠφέλειαν,
3017 3557 3156 3620 ἀλλὰ
3185 3558 3281 3632 τὴν
3322 3560 3382 3618 ἐκ
3419 3562 3510 3617 τοῦ
3539 3558 3671 3616 λαοῦ
3712 3559 3842 3615 αἶσ-

520 3646 883 3729 χροκέρδειαν.

589 3748 767 3804 Vsns.
805 3754 992 3804 ιιι-16.
1027 3771 1051 3797 α
1090 3751 1201 3822 Ego
1232 3765 1354 3806 sum
1379 3759 1568 3823 pastor
1596 3751 1684 3809 ille
1714 3752 1917 3819 bonus,
1949 3760 2003 3809 et
2030 3769 2121 3810 co-

518 3852 719 3911 gnosco
745 3853 873 3895 oves
904 3855 1072 3908 meas,
1101 3848 1153 3895 et
1180 3855 1485 3913 cognoscor
1512 3857 1543 3897 a
1583 3842 1738 3898 meis.
1781 3843 1935 3900 Sicut
1965 3842 2124 3899 novit

518 3943 611 3983 me
665 3930 846 3995 Pater,
900 3928 974 3984 ita
1026 3937 1082 3984 et
1128 3944 1228 4001 ego
1277 3930 1409 3985 novi
1462 3933 1710 3999 Patrem,
1761 3940 1817 3988 et
1872 3931 2121 3988 animam

519 4031 702 4071 meam
732 4030 883 4087 pono
922 4032 1022 4088 pro
1053 4017 1274 4072 ovibus.
1311 4021 1381 4074 Et
1422 4019 1556 4075 alias
1584 4036 1715 4077 oves
1768 4020 1969 4088 habeo,
2000 4035 2124 4092 quae

519 4120 633 4160 non
660 4113 791 4160 sunt
814 4122 880 4160 ex
904 4105 1010 4161 hoc
1048 4106 1177 4161 ovili
1210 4124 1225 4162 :
1256 4106 1373 4162 illas
1399 4117 1621 4178 oportet
1649 4125 1741 4165 me
1770 4126 1990 4182 quoque
2035 4108 2131 4165 ad-

2308 3770 2334 3798 α
2399 3743 2550 3821 Ἐγώ
2612 3745 2720 3819 εἰμι
2772 3744 2801 3800 6
2846 3738 3049 3817 ποιμὴν
3104 3741 3132 3798 6
3199 3738 3389 3812 καλὸς,
3442 3737 3534 3797 καὶ
3589 3734 3840 3815 γινώσκω

2227 3832 2294 3892 τὰ
2334 3832 2465 3911 ἐμὰ,
2497 3832 2588 3891 καὶ
2626 3830 2959 3909 γινώσκομαι
3000 3828 3105 3887 ὑπὸ
3157 3833 3261 3889 τῶν
3294 3830 3459 3905 ἐμῶν.
3510 3825 3704 3894 Καθὼς
3751 3851 3835 3906 γι-

2228 3922 2421 3982 νώσκει
2452 3946 2518 4000 με
2542 3925 2569 3981 6
2599 3920 2798 4000 Πατὴρ
2820 3966 2836 3992 ,
2862 3918 3013 3998 κάγὼ
3038 3918 3288 3998 γινώσκω
3315 3918 3406 3978 τὸν
3443 3916 3689 3996 Πατέρα.
3722 3916 3840 3977 Καὶ

2229 4012 2326 4083 τὴν
2366 4010 2544 4093 ψυχήν
2595 4035 2698 4089 μου
2747 4009 2934 4086 τίθημι
3003 4007 3136 4088 ὑπὲρ
3203 4012 3310 4066 τῶν
3367 4006 3687 4088 προϐάτων,
3739 4005 3838 4065 καὶ

2236 4101 2375 4160 ἄλλα
2404 4100 2650 4180 πρόϐατα
2681 4099 2811 4181 ἔχω,
2845 4100 2879 4158 ἃ
2908 4100 3005 4158 οὖκ
3031 4098 3173 4158 ἔστιν
3203 4100 3263 4157 ἐκ
3286 4101 3381 4169 τῆς
3412 4099 3579 4169 αὐλῆς
3597 4095 3794 4168 ταύτης
3817 4119 3833 4133 ·

521 4192 747 4259 ducere,
779 4201 835 4248 et
858 4209 1049 4250 vocem
1079 4210 1262 4249 meam
1283 4195 1530 4264 audient,
1558 4205 1610 4254 et
1633 4198 1726 4254 fiet
1753 4215 1931 4255 unum
1960 4198 2120 4265 ovile,

2236 4191 2457 4250 κάκεῖνά
2504 4214 2570 4267 με
2614 4193 2694 4250 δεῖ
2743 4193 2992 4269 ἀγαγεῖν*
3032 4188 3127 4247 καὶ
3171 4191 3265 4259 τῆς
3304 4191 3481 4269 φωνῇς
3531 4209 3633 4264 μου
3672 4184 3837 4244 ἀκού-

520 4298 665 4338 unus
690 4291 896 4355 pastor.
953 4307 979 4334 ι)
1018 4283 1202 4340 Etiam
1239 4283 1346 4341 hoc
1390 4286 1511 4342 loco
1554 4303 1821 4359 agnosces
1859 4288 2120 4345 differen-

2240 4303 2421 4341 σουσι·
2475 4283 2565 4340 καὶ
2621 4279 2900 4359 γενήσεται
2952 4276 3049 4356 μία
3101 4276 3335 4354 ποίμνη,
3391 4266 3467 4343 εἶς
3519 4274 3741 4353 ποιμήν.
3808 4302 3836 4327 »

520 4370 653 4427 tiam
683 4375 915 4444 pastoris
944 4382 1001 4430 et
1027 4375 1370 4431 mercenarii.
1405 4379 1545 4431 Nam
1588 4378 1960 4435 mercenarius
1994 4379 2118 4453 qui-

519 4460 648 4517 dem
677 4462 853 4518 nescit
875 4478 1023 4530 oves,
1053 4462 1205 4536 quod
1231 4464 1498 4538 contingit
1520 4467 1647 4538 quia
1682 4482 1795 4524 non
1827 4484 1972 4541 saepe
1998 4471 2120 4526 illas

518 4550 700 4607 invisit
748 4572 761 4608 :
813 4568 948 4609 nam
990 4554 1034 4609 si
1077 4569 1223 4626 saepe
1263 4554 1557 4626 inviseret,
1586 4568 1942 4630 cognosceret
1978 4559 2120 4616 illas.

520 4643 595 4696 At
624 4649 806 4712 pastor
833 4642 1012 4714 qualis
1042 4644 1338 4711 Dominus,
1364 4647 1647 4717 cognoscit
1673 4664 1803 4703 suas
1822 4664 1971 4717 oves,
1992 4650 2121 4721 quia

520 4745 711 4785 curam
740 4730 961 4788 illarum
1007 4734 1139 4805 agit,
1184 4741 1240 4789 et
1276 4750 1470 4790 rursus
1516 4738 1866 4810 cognoscitur
1908 4740 1978 4795 ab
2016 4740 2122 4796 illis

519 4834 661 4891 quos
707 4818 1015 4876 visitatione
1072 4820 1350 4894 dignatur,
1391 4821 1617 4896 propter
1656 4828 2119 4885 consuetudinem

517 4909 939 4979 agnoscentibus
983 4925 1145 4966 suum
1194 4923 1525 4971 curatorem.
1571 4915 1709 4972 Vide
1749 4926 1938 4974 autem
1973 4920 2120 4990 quod

516 4998 736 5071 primus
775 4998 866 5054 ille
902 5016 1006 5055 nos
1035 5003 1340 5073 cognoscit,
1370 5002 1575 5060 deinde
1601 5021 1704 5062 nos
1723 5006 1899 5063 illum.
1929 5012 2119 5082 Neque

518 5088 679 5144 aliter
704 5094 883 5160 potest
906 5091 1163 5162 cognosci
1195 5096 1360 5161 Deus,
1390 5093 1497 5149 nisi
1525 5096 1735 5167 cogniti
1761 5096 2026 5154 fuerimus
2048 5098 2119 5155 ab

517 5176 629 5233 illo.
673 5178 896 5234 Etenim
939 5179 1181 5251 primum
1228 5181 1343 5254 ipse
1368 5181 1656 5242 familiaris
1687 5184 1864 5244 factus
1900 5196 1984 5243 est
2012 5204 2118 5245 no-

515 5264 602 5321 bis
644 5282 804 5324 carne
848 5266 1025 5326 factus
1052 5268 1224 5327 homo
1279 5290 1291 5326 :
1334 5271 1531 5329 deinde
1562 5290 1663 5331 nos
1690 5276 1770 5332 illi
1817 5276 2120 5335 familiares

516 5351 653 5409 facti
699 5371 892 5414 sumus
939 5367 1182 5432 recepta,
1235 5376 1340 5432 qua
1381 5361 1621 5420 deiﬁcati
1649 5380 1864 5433 sumus,
1917 5367 2116 5439 gratia.

517 5443 727 5499 Volens
753 5456 938 5504 autem
967 5450 1258 5506 ostendere
1284 5451 1433 5523 quod
1461 5453 1728 5511 increduli
1767 5455 1976 5530 indigni
2006 5457 2119 5513 sint

518 5530 613 5604 qui
638 5545 1041 5606 cognoscantur
1068 5554 1100 5595 a
1127 5542 1269 5609 Deo,
1306 5542 1435 5614 quia
1459 5559 1646 5602 revera
1678 5560 1808 5603 oves
1836 5561 1949 5602 non
1981 5554 2115 5602 sunt

590 5706 638 5748 6³
667 5712 830 5771 Joan.
860 5729 1034 5789 xvm,
1061 5723 1116 5785 8,
1147 5725 1198 5776 9.
1305 5720 1358 5767 54
1389 5725 1411 5779 Ι
1449 5724 1596 5781 Petr.
1626 5739 1726 5794 IlI,
1758 5731 1841 5782 18.

2232 4373 2530 4431 Κάντεῦθεν
2579 4371 2643 4430 ἂν
2687 4370 2959 4450 ἐπιγνοίης
3007 4366 3070 4426 τὸ
3124 4367 3372 4447 διάφορον
3418 4369 3514 4425 τοῦ
3577 4361 3838 4442 ποιμένος

2229 4462 2321 4519 καὶ
2362 4466 2454 4520 τοῦ
2505 4465 2795 4538 μισθωτοῦ.
2834 4457 2900 4518 Ὁ
2944 4456 3041 4535 μὲν
3087 4456 3191 4537 γὰρ
3239 4455 3499 4533 μισθωτὸς
3544 4456 3725 4534 ἀγνοεῖ
3764 4453 3836 4513 τὰ

2227 4549 2505 4630 πρόϐατα⁸
2570 4549 2598 4608 ὃ
2651 4547 2934 4625 συμϐαίνει
2992 4548 3053 4605 ἐκ
3104 4552 3197 4604 τοῦ
3254 4546 3329 4625 μή
3392 4543 3646 4625 συχνάκις
3695 4542 3835 4602 αὗτὰ

2228 4640 2672 4700 ἐπισκέπτεσθαι·
2724 4641 2769 4697 εἰ
2812 4636 2915 4716 γὰρ
2970 4634 3224 4716 συχνάκις
3280 4638 3666 4716 ἐπεσκέπτετο,
3712 4631 3830 4710 ἐγί-

2228 4730 2426 4787 νώσκεν
2481 4729 2544 4787 ἂν
2595 4733 2784 4787 ταῦτα.
2826 4714 2914 4787 ίΟ
2961 4714 3301 4802 δὲηποιμήν,
3358 4714 3463 4790 οἶος
3514 4728 3542 4783 ὁ
3597 4721 3830 4801 Κύριος,

2226 4818 2475 4898 γινώσκει
2538 4818 2605 4876 τὰ
2680 4821 2840 4877 αὑτοῦ
2917 4813 3198 4897 πρόϐατα,
3267 4817 3338 4880 ὥς
3408 4808 3834 4888 ἐπιμελούμενος

2226 4897 2433 4982 αὐτῶν,
2465 4909 2557 4967 καὶ
2596 4897 2664 4965 αὖ
2696 4905 3019 4986 γινώσκεται
3066 4905 3153 4964 ὕπ’
3188 4905 3392 4981 αὐτῶν,
3433 4905 3503 4970 ὡς
3538 4903 3835 4971 ἐπισκοπῆς

2228 4999 2570 5076 ἀξιουμένων,
2601 4998 2695 5059 καὶ
2749 4995 2837 5056 διὰ
2880 5000 2977 5067 τῆς
3016 4994 3296 5066 συνηθείας
3344 4991 3702 5073 γνωριζόντων
3737 4988 3828 5048 τὸν

2227 5090 2398 5148 αὐτῶν
2443 5087 2734 5165 κηδεμόνα.
2783 5082 2935 5167 εὈρα
2969 5083 3048 5162 δὲ,
3080 5083 3159 5143 ὅτι
3212 5086 3422 5163 πρῶτον
3471 5085 3667 5147 ἐκεῖνος
3696 5087 3836 5156 γνω-

2228 5178 2354 5258 ρίζει
2384 5183 2557 5256 ἡμᾶς,
2592 5168 2685 5237 εἷθ’
2718 5175 2881 5243 οὕτως
2919 5175 3077 5252 ἡμεῖς
3121 5177 3357 5248 ἐκεῖνον,
3395 5172 3486 5234 καὶ
3531 5172 3627 5230 οὐκ
3656 5169 3835 5238 ἄλλως

2224 5269 2443 5328 δυνατόν
2479 5270 2593 5327 ἐστι
2638 5270 2838 5347 γνῶναι
2875 5264 3041 5342 Θεὸν,
3074 5266 3120 5324 εἷ
3167 5263 3245 5341 μὴ
3274 5261 3696 5343 γνωρισθείημεν
3728 5260 3823 5316 ὑπ’

2226 5358 2446 5417 ἐκείνου.
2515 5356 2628 5417 Καὶ
2702 5357 2806 5437 γὰρ
2880 5358 3091 5436 πρῶτον
3132 5353 3308 5437 -αὖτὸς
3382 5353 3628 5434 ᾠκειώθη
3696 5352 3831 5426 ἡμῖν

2225 5448 2406 5529 σαρκὶ,
2468 5432 3051 5527 γεγονὼςήᾶνθρωπος·
3109 5432 3208 5502 εἶθ’
3256 5432 3425 5511 οὕτως
3481 5442 3630 5521 αὐτῷ
3675 5440 3834 5529 ἡμεῖς

2223 5526 2602 5619 ᾠκειώθημεν,
2637 5534 2875 5604 θεώσεως
2911 5532 3184 5616 εἰληφότες
3237 5532 3505 5614 χάρισμα.
3558 5530 3746 5594 Θέλων
3774 5526 3831 5586 δὲ
