4198 6516
424 418 506 475 T3

1294 420 1695 484 ENARRATIO
1731 427 1801 483 IN
1840 421 2274 485 EVANGELIUM
2306 429 2610 489 JOANNIS.
2647 462 2721 475 —
2757 425 2906 489 CAP.
2947 434 3009 489 X.
3736 433 3806 496 74

468 547 679 625 δεῖξαι,
731 550 825 611 ὅτι
851 554 905 611 οἱ
956 552 1356 626 ἀπιστήσαντες
1402 551 1607 622 ἀνάξιοί
1651 555 1752 612 εἰσι
1794 556 1885 611 τοῦ
1935 549 2095 634 γινώ-

2206 555 2337 613 dixit
2356 574 2371 614 :
2398 578 2423 607 ι
2437 560 2511 615 Et
2527 572 2802 631 cognosco
2818 572 2971 615 meas
2985 573 3135 627 oves,
3153 568 3211 616 et
3222 574 3527 633 cognoscor
3542 579 3575 620 a
3590 564 3755 634 meis,
3774 588 3799 614 v-

483 647 705 702 σκεσθαι
745 642 858 702 ὕπὸ
886 651 985 705 τοῦ
1006 646 1181 718 Θεοῦ,
1221 641 1314 704 καὶ
1343 641 1463 703 οὐδὲ
1495 641 1745 723 πρόϐατά
1777 643 1926 717 εἰσιν,
1950 632 2098 702 εἷπε·

485 762 507 784 ι·
557 734 671 795 Καὶ
720 732 982 814 γινώσκω
1021 733 1092 794 τὰ
1143 734 1275 811 ἐμὰ,
1324 732 1415 792 καὶ
1455 732 1791 810 γινώσκομαι
1838 731 1942 791 ὑπὸ
1987 735 2093 792 τῶν

488 826 664 900 ἐμῶν,
722 850 747 877 ι
795 823 938 883 κατὰ
977 825 1075 899 τὸ,
1119 845 1147 881 ιι
1183 822 1368 903 Ἔγνω
1411 822 1606 904 Κύριος
1648 822 1771 890 τοὺς
1801 820 1957 890 ὄντας
1997 826 2095 880 αὕ-

488 918 605 977 τοῧ.
646 942 669 967 ι
703 912 829 976 Ἵνα
857 914 914 974 δὲ
945 913 1025 993 μή
1054 938 1135 981 τις
1161 914 1388 995 νομίσῃ,
1422 912 1505 971 ὅτι
1533 916 1604 979 ὡς
1632 912 1903 993 ἄνθρωπος
1933 910 2096 980 οὕτως

487 1004 815 1081 ἐγίνωσκεν,
857 1004 1098 1086 ἐπήγαγε
1134 1004 1331 1085 λέγων·
1362 1030 1390 1058 α
1432 1002 1627 1070 Καθὼς
1663 1000 1914 1081 γινώσκει
1959 1025 2026 1080 με
2065 1007 2093 1062 δ

488 1095 723 1176 Πατὴρ,
772 1093 926 1174 κάγὼ
973 1096 1223 1174 γινώσκω
1263 1093 1352 1155 τὸν
1396 1091 1641 1173 Πατέρα.
1690 1119 1716 1147 υ
1758 1090 1922 1153 Οὕτω
1952 1093 2087 1171 γὰρ,

488 1185 694 1266 φησὶν,
752 1184 1048 1264 ἐπίσταμαι
1102 1184 1258 1243 αὖτὸν
1314 1181 1579 1262 ἀκριϐῶς,
1629 1184 1701 1250 ὡς
1756 1180 1913 1250 αὐτὸς
1967 1180 2084 1259 ἐμέ.

490 1277 748 1356 Συνεχῶς
799 1276 856 1335 δὲ
905 1275 1084 1350 τίθησι
1133 1273 1233 1350 τὸ,
1282 1300 1305 1328 σι
1352 1272 1468 1345 Τὴν
1512 1271 1690 1353 ψυχήν
1746 1294 1847 1349 μου
1905 1275 2091 1348 τίθημι

489 1365 628 1447 imi?
671 1368 779 1424 τῶν
808 1364 1127 1446 προϐάτων,
1158 1389 1185 1416 ιι
1224 1365 1397 1436 δηλῶν
1420 1406 1438 1438 ,
1476 1361 1559 1424 ὅτι
1591 1364 1681 1421 οὐκ
1711 1360 1828 1421 ἔστι
1869 1360 2087 1429 πλάνος.

486 1455 574 1516 Τὸ
605 1453 706 1532 μὲν
725 1455 842 1537 -γὰρ
868 1454 1072 1533 λέγειν,
1104 1452 1186 1513 ὅτι
1220 1481 1246 1506 ι
1274 1454 1407 1521 Φῶς
1438 1455 1548 1530 εἰμι
1572 1451 1662 1511 καὶ
1693 1449 1840 1524 ζωὴ,
1876 1477 1902 1503 ιι
1927 1450 2092 1531 τύφου

485 1544 664 1604 ἐδόκει
704 1535 844 1603 εἶναι
880 1544 1030 1627 παρὰ
1069 1546 1180 1612 τοῖς
1226 1543 1501 1611 ἀνοήτοις·
1544 1540 1606 1601 τὸ
1650 1540 1704 1599 δὲ
1754 1540 1960 1619 λέγειν,
2010 1538 2093 1600 ὅτι

488 1660 516 1686 ι
537 1634 846 1694 Ἀποθανεῖν
871 1632 1149 1713 βούλομαι,
1170 1661 1195 1686 τι
1211 1632 1460 1711 οὐδεμίαν
1481 1630 1773 1711 βασκανίαν
1798 1629 1929 1710 ἔχει,
1954 1630 2093 1689 ἀλλὰ

488 1723 585 1782 καὶ
613 1722 821 1794 πολλὴν
863 1725 1067 1800 μᾶλλον
1109 1724 1430 1799 κηδεμονίαν
1462 1720 1750 1803 ἐμφαίνει,
1793 1719 1841 1778 εἴ
1869 1743 1930 1799 γε
1961 1719 2093 1799 ὗπὲρ

488 1817 597 1872 τῶν
645 1813 963 1882 λιθαζόντων
1013 1812 1202 1871 ἑαυτὸν
1234 1810 1521 1884 ’ἠϐούλετο
1570 1810 1864 1871 ἐπιδοῦναι.
1910 1809 2094 1869 Εἰπὼν

2197 645 2360 719 juxta
2394 646 2469 715 id,
2495 668 2524 699 α
2550 648 2819 720 Cognovit
2844 648 3117 705 Dominus
3141 665 3238 706 eos
3264 650 3358 722 qui
3382 659 3511 707 sunt
3534 652 3654 725 ejus
3681 652 3746 711 ⁸⁸.
3780 676 3806 703 υ

2206 737 2378 793 Porro
2422 753 2493 793 ne
2538 738 2661 810 quis
2703 745 2856 811 putet
2901 738 3051 811 quod
3098 739 3243 795 sicut
3272 739 3441 796 homo
3483 751 3805 813 cognoscat,

2202 826 2387 883 subdit
2413 825 2609 883 dicens
2640 844 2654 883 :
2710 850 2735 876 α
2767 828 2919 885 Sicut
2947 830 3233 900 cognoscit
3276 846 3367 885 me
3394 832 3579 899 Pater,
3619 841 3674 888 et
3702 850 3804 906 ego

2202 931 2476 988 cognosco
2523 919 2767 986 Patrem,
2797 937 2827 971 ››
2860 919 3016 989 quasi
3052 918 3280 988 diceret,
3312 922 3396 976 Ita
3441 921 3721 978 evidenter
3747 922 3808 978 il-

2201 1004 2319 1062 lum
2348 1005 2485 1077 scio,
2519 1006 2660 1062 sicut
2692 1007 2806 1078 ipse
2833 1023 2940 1063 me.
2972 1008 3129 1079 Saepe
3159 1017 3347 1064 autem
3378 1009 3533 1081 ponit
3566 1028 3581 1067 :
3611 1033 3637 1060 α
3667 1010 3806 1068 Ani-

2199 1111 2355 1151 mam
2384 1111 2567 1152 meam
2597 1112 2743 1168 pono
2766 1112 2865 1168 pro
2894 1097 3105 1166 ovibus,
3142 1121 3168 1148 ι
3200 1097 3485 1155 declarans
3513 1100 3666 1172 quod
3687 1116 3807 1158 non

2200 1184 2274 1241 sit
2302 1185 2591 1256 impostor.
2638 1185 2837 1242 Dicere
2874 1186 3045 1254 enim,
3090 1209 3116 1236 ‹‹
3143 1188 3265 1243 Lux
3294 1204 3419 1244 sum
3455 1197 3510 1245 et
3536 1189 3671 1259 vita,
3700 1189 3745 1224 ⁸⁸
3775 1213 3803 1241 ν

2198 1273 2346 1346 apud
2396 1273 2716 1347 insipientes
2757 1274 2931 1348 648
2976 1275 3271 1333 inﬂationis
3336 1293 3453 1334 esse
3498 1278 3804 1338 videbatur.

2198 1364 2397 1421 Dicere
2415 1373 2620 1433 autem,
2653 1387 2678 1413 «ι
2703 1365 2845 1421 Mori
2868 1364 3016 1435 volo,
3042 1388 3068 1414 ιο
3096 1368 3305 1422 nullam
3327 1367 3591 1425 invidiam
3616 1368 3805 1440 habet,

2198 1453 2297 1510 sed
2343 1469 2604 1526 magnam
2656 1454 2836 1525 potius
2864 1471 3055 1511 curam
3105 1455 3325 1525 indicat,
3354 1473 3519 1529 quam
3549 1458 3809 1516 exhibere

2199 1543 2418 1599 volebat
2447 1561 2543 1615 pro
2574 1543 2963 1616 lapidantibus.
2996 1546 3294 1614 Caeterum,
3325 1564 3453 1604 cum
3478 1548 3633 1617 dicit,
3682 1571 3709 1598 u
3735 1552 3807 1606 Et

2199 1632 2335 1689 alias
2363 1649 2490 1688 Oves
2516 1633 2715 1701 habeo,
2745 1656 2771 1683 ιο
2803 1634 2871 1690 de
2899 1635 3153 1706 gentibus
3181 1636 3336 1693 dicit.
3374 1661 3399 1687 α
3430 1640 3556 1694 Non
3583 1647 3715 1695 sunt
3741 1656 3809 1697 ex

2200 1721 2306 1778 hoc
2343 1722 2491 1790 ovili,
2524 1745 2549 1771 ι·
2581 1723 2732 1795 quod
2776 1731 2860 1778 est
2887 1725 2991 1779 sub
3021 1726 3136 1795 lege
3169 1743 3182 1780 :
3217 1742 3398 1798 neque
3426 1729 3568 1783 enim
3616 1739 3809 1801 gentes

2203 1811 2327 1885 lege
2377 1812 2801 1868 concluduntur.
2835 1835 2862 1862 α
2919 1816 2991 1867 Et
3032 1813 3153 1869 illas
3213 1829 3431 1887 quoque
3470 1826 3690 1889 Oportet
3718 1835 3809 1876 me

491 1902 582 1975 δὲ,
613 1930 639 1954 ε
674 1904 784 1963 Καὶ
807 1903 947 1962 ἄλλα
976 1901 1229 1982 πρόϐατα
1265 1900 1405 1981 ἔχω,
1439 1926 1464 1953 ι
1504 1900 1629 1980 περὶ
1657 1903 1763 1958 τῶν
1795 1902 1954 1958 ἐθνῶν
1997 1898 2091 1957 λέ-

2206 1917 2562 1974 congregare.
2587 1926 2612 1950 ι»
2644 1902 2921 1974 DiSpersaa
2940 1911 3070 1957 sunt
3099 1903 3248 1958 enim
3279 1913 3334 1959 et
3357 1905 3441 1961 hac
3467 1914 3522 1961 et
3544 1908 3672 1976 illae,
3698 1924 3812 1965 non

489 2015 605 2072 γεισ
632 2018 656 2045 ε
682 1994 803 2053 Οὖκ
820 1992 921 2051 εἰσὶ
945 1993 1002 2051 δὲ
1033 1993 1094 2051 ἐκ
1121 1998 1216 2063 τῆς
1245 1994 1409 2062 αὐλῆς
1440 1989 1639 2062 ταύτης
1676 2016 1701 2042 ι
1740 1992 1836 2061 τῆς
1867 1988 1967 2047 ὓπὸ
1999 1988 2090 2047 τὸν

490 2082 684 2160 νόμον
722 2086 783 2142 οὗ
824 2080 926 2161 γὰρ
974 2080 1039 2153 δὴ
1083 2080 1153 2139 τὰ
1197 2081 1317 2153 ἔθνη
1361 2083 1439 2161 τῷ
1478 2080 1626 2159 νόμῳ
1673 2078 2086 2159 περικλείονται.

492 2199 518 2225 ε
568 2173 806 2233 Κάκεῖνα
854 2168 942 2230 οὖν
972 2173 1051 2230 δεῖ
1082 2194 1151 2248 με
1195 2173 1445 2249 οἷγοιγεῐν⁸
1480 2196 1504 2223 n
1551 2168 1952 2249 ἐσκορπισμένα
1988 2171 2092 2249 γάρ

2186 1990 2467 2047 habentes
2498 2000 2793 2064 pastorem.
2834 1996 2966 2047 Nam
2990 2000 3047 2047 et
3074 1992 3167 2064 qui
3197 1993 3340 2048 inter
3361 1995 3585 2052 Judmos
3615 1999 3811 2058 melius

2199 2081 2504 2153 sapiebant,
2571 2089 2628 2137 et
2688 2081 2758 2137 ad
2809 2081 3152 2138 credendum
3201 2086 3578 2155 propensiores
3628 2097 3807 2160 erant,

2201 2181 2421 2244 pastore
2449 2170 2733 2240 carebant,
2781 2179 2837 2227 et
2865 2172 3041 2226 multo
3072 2172 3242 2245 magis
3286 2175 3539 2247 gentiles.
3577 2196 3605 2230 ‹‹
3632 2179 3810 2250 Opor-

492 2263 597 2320 εἰσι
617 2306 637 2334 ,
671 2260 767 2320 καὶ
804 2267 1001 2335 ταῦτα,
1035 2265 1288 2333 κάκεῖνα,
1321 2260 1396 2337 μὴ
1438 2257 1631 2338 ἔχοντα
1661 2258 1945 2336 ποιμένας.
1981 2260 2095 2320 Καὶ

2206 2267 2281 2317 tet
2308 2283 2335 2311 ι»
2367 2260 2536 2333 igitur
2557 2269 2614 2317 et
2633 2261 2751 2316 illas
2772 2275 2897 2333 quae
2926 2277 2994 2317 ex
3021 2262 3299 2334 gentibus,
3337 2282 3365 2317 ‹‹
3393 2281 3752 2339 congregare,
3781 2291 3809 2318 ι

489 2351 598 2433 γὰρ
637 2351 731 2410 καὶ
775 2350 1049 2412 Ἰουδαίων
1088 2352 1136 2411 οἱ
1181 2348 1543 2428 εὐγνώμονες,
1578 2348 1838 2433 καὶπρὸς
1888 2347 1949 2407 τὸ
1991 2372 2088 2407 πι-

489 2431 714 2501 στεῦσαι
747 2442 1179 2522 ἐπιτηδειότεροι,
1224 2439 1546 2522 ἄποίμαντοι
1572 2431 1732 2517 ἦσαν,
1785 2439 1878 2498 καὶ
1906 2440 2091 2521 πολλῷ

494 2534 704 2608 μᾶλλον
746 2535 795 2590 οἱ
840 2530 1054 2594 ἐθνικοί.
1082 2521 1205 2590 νΔεῖ
1241 2521 1330 2589 οὖν
1372 2530 1596 2589 κάκεῖνα
1624 2528 1693 2587 τὰ
1730 2533 1836 2587 τῶν
1877 2531 2095 2588 ἐθνικῶν

491 2622 833 2700 συναγαγεῖν,
853 2620 1037 2702 ὥσπερ
1058 2619 1152 2679 καὶ
1173 2623 1278 2679 τῶν
1300 2618 1367 2678 τὰ
1384 2618 1679 2681 Ἰουδαίων.
1708 2618 1789 2679 Τὸ
1816 2618 1893 2693 δὲ,
1923 2646 1949 2671 ι
1967 2619 2048 2677 δεῖ
2071 2647 2095 2672 ιο

492 2712 720 2770 ἐνταῦθα
751 2715 848 2771 οὐκ
887 2713 1122 2789 ἀνάγκης
1161 2708 1344 2786 ἐστὶν,
1377 2709 1516 2767 ἀλλὰ
1544 2712 1636 2767 τοῦ
1675 2707 1891 2775 πάντως
1933 2708 2098 2782 ἐκϐη-

492 2802 717 2877 σομένου
749 2800 1104 2881 σημαντικόν.
1156 2829 1183 2855 α
1236 2799 1349 2860 Καὶ
1391 2798 1672 2879 γενήσεται
1720 2797 1818 2874 μία
1862 2798 2097 2874 ποίμνη,

495 2883 567 2958 εἷς
588 2891 817 2970 ποιμήν.
856 2919 881 2944 ιι
905 2919 928 2945 ι
959 2891 1055 2952 Ἐν
1077 2891 1178 2971 γὰρ
1207 2892 1425 2970 Χριστῷ
1449 2889 1632 2971 Ἰησοῖξ
1655 2890 1749 2948 οὐκ
1781 2887 1856 2947 ἔνι
1887 2887 2099 2961 Ἕλλην

492 2981 583 3040 καὶ
614 2968 906 3054 Ἰουδαῖος,
942 3008 967 3035 ι
1000 2979 1120 3041 οὐδὲ
1152 2968 1404 3060 ’διαῲοράί
1429 3002 1535 3046 τις·
1579 2968 1653 3045 εἷς
1680 2976 1785 3059 γὰρ
1815 2978 2099 3060 χαρακτὴρ

495 3001 583 3040 και
614 3001 906 3054 Ἰουοαιος,
942 3008 967 3035 ι
1000 3001 1120 3041 οῡοε
1163 3001 1391 3060 οιαφορα
1429 3002 1535 3046 τις·
1579 3001 1653 3045 εις
1680 3001 1785 3059 γαρ
1815 3001 2098 3126 χαῖρακτηρ

495 3070 705 3149 ἅπασι,
756 3071 855 3149 μία
905 3071 1131 3154 σφραγὶς
1186 3076 1222 3145 ἡ
1268 3074 1361 3129 τοῦ
1410 3066 1813 3149 βαπτίσματος,
1856 3092 1879 3127 ε
1907 3093 1930 3135 ς
1979 3092 2098 3128 ποι-

493 3160 600 3236 μὴν
635 3167 667 3221 ὁ
703 3161 876 3240 Λόγος
903 3166 997 3221 τοῦ
1035 3164 1177 3222 Θεοῦ
1205 3159 1299 3219 καὶ
1338 3157 1492 3226 Θεός.
1532 3156 1645 3218 Καὶ
1688 3156 2093 3238 αἰσχυναίσθω-

2201 2350 2679 2424 quemadmodum
2707 2358 2764 2407 et
2783 2366 2876 2406 eas
2895 2365 3019 2422 quae
3043 2367 3110 2407 ex
3127 2352 3342 2410 Iudaeis
3360 2363 3538 2411 erant.
3566 2357 3815 2415 Verbum

2202 2447 2391 2498 autem
2446 2463 2472 2490 α
2523 2446 2746 2512 oportet
2776 2461 2803 2488 ιι
2854 2438 2963 2495 hoc
3004 2440 3127 2496 loco
3174 2458 3291 2498 non
3337 2453 3421 2500 est
3450 2446 3812 2518 necessitatis,

2203 2529 2299 2587 sed
2361 2528 2656 2585 indubitati
2723 2535 2956 2585 eventus
2992 2529 3439 2601 signiﬁcativum.
3501 2556 3528 2583 ι
3591 2538 3663 2591 Et
3710 2536 3817 2593 erit

2204 2634 2378 2675 unum
2420 2618 2588 2687 ovile,
2633 2633 2781 2674 unus
2810 2626 3015 2689 pastor.
3051 2641 3076 2668 ι
3113 2649 3186 2661 -
3235 2638 3264 2673 ‹‹
3292 2623 3357 2676 In
3388 2623 3609 2680 Christo
3658 2626 3815 2683 enim

2204 2710 2236 2765 J
2241 2724 2339 2764 esu
2360 2723 2475 2763 non
2496 2715 2579 2763 est
2599 2708 2848 2775 Graecus,
2874 2722 3052 2780 neque
3085 2708 3314 2767 Iudaeus
3343 2710 3409 2781 ⁸⁷,
3448 2736 3475 2762 ιο
3500 2730 3681 2786 neque
3706 2714 3817 2773 ulla

2204 2796 2540 2855 differentia.
2583 2799 2749 2855 Unus
2790 2797 2940 2853 enim
2992 2797 3274 2856 character
3327 2803 3607 2873 omnibus,
3642 2822 3817 2863 unum

2205 2886 2450 2960 sigillum
2487 2886 2860 2959 baptismatis,
2902 2902 3045 2942 unus
3082 2896 3289 2959 pastor,
3333 2892 3581 2949 Verbum
3622 2895 3720 2951 Dei
3762 2903 3820 2953 et

2206 2978 2381 3034 Deus.
2405 2975 2829 3034 Confundantur
2846 2976 3157 3046 Manichaei,
3178 2980 3274 3051 qui
3302 2983 3473 3040 Vetus
3500 2985 3819 3042 Testamen-

2205 3074 2328 3124 tum
2341 3066 2623 3148 abjiciunt.
2640 3065 2907 3134 Audrant,
2920 3066 3070 3138 quod
3085 3084 3255 3125 unum
3268 3071 3431 3140 ovile,
3444 3089 3583 3130 unus
3596 3082 3788 3147 pastor
3801 3097 3817 3136 :

2208 3157 2357 3213 idem
2388 3157 2536 3215 enim
2571 3160 2722 3213 Deus
2750 3156 2959 3212 Veteris
2988 3165 3044 3212 et
3076 3160 3212 3215 Novi
3242 3161 3597 3219 Testamenti.

492 3273 595 3309 σαν
647 3255 943 3333 Μωιχαίοι
992 3251 1089 3323 τὴν
1142 3248 1389 3311 Παλαιὰν
1436 3247 1712 3322 Διαθήκην
1766 3248 2190 3328 ἀποβάλλοντεςο
2236 3245 2601 3323 ἆκουέτωσαν,
2653 3247 2735 3307 ὅτι
2781 3244 2904 3309 Μία
2949 3245 3167 3325 ποίμνη,
3220 3239 3295 3320 εἶς
3352 3252 3586 3331 ποιμήν·
3637 3244 3820 3337 ὁγὰρ

493 3342 653 3409 αὖτὸς
675 3342 817 3407 Θεὸς
847 3342 1101 3409 Παλαιᾶς
1126 3364 1186 3399 τε
1216 3340 1309 3399 καὶ
1342 3337 1504 3405 Νέας.

574 3459 600 3485 ι
635 3431 743 3491 Διὰ
777 3438 937 3490 τοῦτο
971 3435 1002 3490 ὁ
1031 3430 1230 3510 Πατήρ
1271 3451 1339 3506 με
1385 3430 1605 3517 ἀγαπᾷ,
1640 3426 1723 3517 ὅτι
1771 3423 1893 3517 ἐγὼ,
1917 3424 2100 3517 τίθημι

2285 3438 2461 3493 Vens.
2517 3440 2706 3492 11-21.
2742 3457 2770 3485 α
2802 3440 3099 3510 Propterea
3127 3454 3218 3495 me
3260 3442 3420 3497 Pater
3455 3441 3656 3517 diligit,
3694 3445 3819 3517 quia

492 3520 587 3592 τὴν
619 3520 805 3603 ψυχήν
854 3545 990 3599 μου,
1034 3520 1124 3580 ἵνα
1171 3519 1336 3578 πάλιν
1380 3516 1535 3575 λάϐω
1572 3515 1755 3589 αὐτήν.
1792 3515 1983 3584 Οὐδεὶς
2015 3515 2101 3574 αἴ-

496 3634 572 3691 ρει
628 3611 800 3683 αὐτὴν
849 3614 945 3670 ἀπ’
977 3613 1140 3688 ἐμοῦ,
1194 3607 1317 3668 ἀλλ’
1376 3606 1483 3686 ἐγὼ
1538 3607 1727 3684 τίθημι
1780 3604 1947 3678 αὐτὴν
2008 3605 2102 3664 ἀπ’

495 3702 748 3779 ἐμαυτοῦ.
785 3700 1068 3771 Ἐξουσίαν
1125 3698 1234 3779 ἔχω
1275 3698 1438 3758 πάλιν
1483 3695 1667 3756 λαϐεῖν
1716 3693 1901 3766 αὐτήν.
1951 3695 2102 3755 Ταύ-

494 3813 591 3864 την
648 3789 750 3863 τὴν
815 3790 1031 3861 ἐντολὴν
1082 3788 1278 3849 ἔλαϐον
1345 3785 1497 3869 παρᾷ
1556 3790 1647 3845 τοῦ
1707 3784 1924 3865 Πατρός
1972 3808 2097 3862 μου.

498 3881 728 3960 Σχίσμα
784 3872 877 3940 οὖν
930 3879 1093 3939 πάλιν
1144 3879 1351 3956 ἐγένετο
1407 3879 1461 3936 ἐν
1522 3883 1630 3943 τοῖς
1686 3873 1966 3941 Ἰουδαίοις
2015 3872 2100 3933 διὰ

494 3969 617 4038 τοὺς
655 3969 844 4049 λόγους
887 3969 1125 4037 τούτους.
1176 3967 1412 4047 Ἔλεγον
1441 3964 1500 4024 δὲ
1551 3963 1743 4024 πολλοὶ
1793 3962 1849 4032 ἐξ
1887 3964 2102 4038 αὐτῶν,

496 4057 578 4117 ὅτι
606 4061 898 4138 Δαιμόνιον
946 4058 1061 4138 ἔχει
1101 4055 1195 4119 καὶ
1243 4056 1519 4135 μαίνεται·
1561 4053 1613 4112 τί
1657 4057 1819 4113 αὐτοῦ
1855 4053 2105 4128 ἀκούετε,

496 4144 681 4211 Ἀλλοι
711 4149 922 4228 ἔλεγον
967 4153 1021 4210 Τ
1025 4154 1161 4207 αὕτα
1204 4146 1269 4206 τὰ
1311 4145 1527 4227 ῥήματα
1558 4145 1654 4204 οὐκ
1700 4143 1814 4202 ἔστι
1859 4142 2104 4220 δαιμονι-

499 4241 745 4315 ζομένου.
807 4239 903 4313 Μὴ
952 4239 1225 4317 δαιμόνιον
1274 4236 1495 4296 δύναται
1544 4234 1758 4315 τυφλῶν
1801 4229 2105 4312 ὀφθαλμοὺς

498 4329 761 4406 ἀνοίγειν,
834 4328 1065 4400 Ἐπειδὴ
1137 4324 1412 4406 ἀλλότριον
1480 4323 1634 4384 αὐτὸν
1725 4326 1818 4383 τοῦ
1890 4323 2105 4402 Πατρὸς

499 4419 717 4496 ελεγον,
770 4419 864 4479 καὶ
925 4418 1130 4478 πλάνον
1156 4463 1173 4489 ,
1226 4418 1318 4476 καὶ
1367 4418 1652 4492 λυμεῶνα,
1689 4409 1810 4492 οὐχὶ
1869 4411 2104 4492 Σωτῆρα

498 4513 716 4590 ψυχῶν,
759 4509 991 4569 δείκνυσι
1032 4510 1100 4568 δι’
1149 4498 1225 4565 ὧν
1272 4529 1454 4587 φησιν,
1495 4501 1577 4563 ὅτι
1618 4503 1740 4564 Οὔκ
1793 4499 1899 4576 εἰμὶ
1953 4504 2102 4578 ὑμῶν

500 4598 737 4677 λυμεὼν,
768 4599 909 4659 ἀλλὰ
939 4599 1115 4658 πάντα
1157 4594 1289 4678 ὑπὲρ
1320 4599 1469 4673 ὑμῶν
1512 4593 1720 4669 ἕτοιμος
1751 4590 2027 4659 δέξασθαιο
2058 4591 2106 4649 εἷ

2209 3542 2312 3599 ego
2341 3540 2487 3598 pono
2533 3525 2783 3582 animam
2811 3543 3016 3596 meam,
3047 3536 3109 3584 ut
3148 3529 3346 3586 iterum
3394 3549 3612 3589 sumam
3671 3551 3817 3593 eam.

2207 3619 2386 3674 Nemo
2413 3614 2571 3671 tollet
2603 3631 2731 3672 eam
2754 3631 2785 3673 a
2816 3633 2927 3687 me,
2954 3618 3050 3674 sed
3076 3635 3175 3691 ego
3203 3636 3351 3691 pono
3379 3638 3502 3678 eam
3531 3640 3559 3678 a
3585 3624 3815 3698 meipso.

2208 3708 2546 3762 Potestatem
2572 3703 2751 3761 habeo
2777 3706 3011 3778 ponendi
3040 3723 3186 3776 eam,
3216 3716 3271 3764 et
3289 3718 3613 3781 potestatem
3642 3713 3821 3771 habeo

2208 3811 2399 3851 rursus
2427 3793 2681 3850 sumendi
2718 3810 2864 3850 eam.
2895 3797 3019 3851 Hoc
3045 3797 3371 3854 mandatum
3393 3801 3574 3872 accepi
3599 3818 3629 3857 a
3656 3805 3822 3861 Patre

2210 3901 2360 3941 meo.
2399 3883 2679 3939 Dissensio
2709 3883 2874 3957 igitur
2900 3884 3101 3941 iterum
3140 3884 3282 3943 facta
3318 3896 3402 3943 est
3429 3889 3571 3945 inter
3594 3892 3821 3950 Iudaeos

2210 3981 2434 4048 propter
2459 3989 2744 4029 sermones
2769 3973 2889 4030 hos.
2938 3974 3209 4032 Dicebant
3235 3985 3421 4034 autem
3450 3980 3609 4037 multi
3646 3998 3711 4039 ex
3737 3983 3818 4055 ip-

2209 4065 2284 4122 sis
2316 4082 2331 4120 :
2374 4063 2734 4120 Dmmonium
2760 4062 2929 4120 habet
2976 4072 3033 4121 et
3057 4065 3260 4122 insanit
3287 4085 3301 4123 :
3329 4067 3464 4141 quid
3492 4086 3625 4127 eum
3661 4073 3816 4129 audi-

2208 4154 2319 4211 tis?
2344 4153 2453 4209 Alii
2482 4152 2744 4209 dicebant
2773 4172 2786 4208 :
2820 4155 2955 4210 Haec
2994 4155 3158 4211 verba
3188 4172 3300 4213 non
3329 4167 3462 4214 sunt
3482 4159 3821 4220 daemonium

2210 4241 2487 4299 habentis.
2515 4243 2664 4299 Num
2693 4242 3037 4300 daemonium
3084 4254 3266 4317 potest
3315 4263 3590 4306 caecorum
3633 4254 3822 4309 oculos

2212 4331 2463 4405 aperire?
2490 4353 2513 4380 ι
2542 4333 2829 4403 Quoniam
2870 4333 3116 4389 alienum
3142 4351 3269 4391 eum
3301 4352 3331 4391 a
3352 4340 3515 4395 Patre
3541 4338 3820 4410 dicebant,

2211 4428 2266 4478 et
2293 4421 2660 4489 seductorem,
2690 4428 2749 4476 et
2781 4422 3169 4493 perniciosum,
3200 4441 3315 4480 non
3337 4427 3672 4485 Salvatorem
3698 4432 3822 4487 ani-

2213 4526 2459 4578 marum,
2502 4509 2739 4567 ostendit
2767 4527 2866 4583 per
2904 4527 2965 4567 ea
2997 4528 3120 4584 qua:
3154 4512 3311 4580 dicit,
3346 4518 3471 4571 Non
3500 4533 3625 4573 sum
3667 4520 3822 4577 vobis

2215 4600 2578 4673 perniciosus,
2607 4600 2703 4656 sed
2732 4599 2802 4656 ad
2840 4600 3167 4658 sustinenda
3202 4604 3387 4659 omnia
3419 4622 3518 4676 pro
3547 4607 3705 4664 vobis
3735 4625 3823 4681 pa-

502 4688 561 4749 δὲ
592 4690 690 4747 καὶ
734 4688 824 4750 διὰ
853 4687 1019 4766 μηδὲν
1058 4689 1218 4761 ἄλλο,
1248 4685 1367 4746 ἀλλ’
1403 4679 1492 4745 οὖν
1532 4682 1664 4742 διότι
1693 4687 1937 4741 τοσοῦτον
1966 4682 2100 4758 ὓμᾶς

2215 4700 2388 4757 ratus,
2428 4689 2678 4761 quamvis
2705 4698 2930 4762 pr0pter
2982 4690 3116 4746 nihil
3149 4692 3322 4762 aliud,
3353 4711 3521 4767 quam
3551 4696 3705 4771 quod
3726 4679 3827 4757 vos

505 4746 696 4860 ῖὶγαπᾷ
1047 4746 1218 4837 ῶστί
1247 4774 1388 4853 κάμὲ
1447 4772 1533 4833 διὰ
1585 4746 2100 4849 τοῦτοᾶγαπᾶσθαι

2215 4779 2274 4837 in
2302 4746 2525 4836 tantum
2564 4746 2743 4851 diligit
2789 4746 2964 4848 Deus,
2995 4787 3060 4835 ut
3100 4788 3157 4837 et
3197 4746 3826 4857 ἐδειξίἷιηῖιῆὲῗῖἷοὶ

504 4869 634 4948 παρ’
674 4859 876 4942 ίαῦτοῦ,
945 4867 1126 4941 ἐπειδὴ
1186 4864 1520 4948 ὖπὲρωῦμῶν
1573 4859 1917 4932 ἀποθνήσκω.
1983 4861 2110 4927 Πῶς

504 4945 599 5017 οὖν
640 4958 906 5031 πλανήσω
956 4961 1120 5035 ὓμᾶς,
1170 4954 1259 5022 οὓς
1294 4945 1424 5013 οἶδα
1472 4949 1781 5034 ἀγαπητοὺς
1824 4953 1903 5029 τῷ
1944 4950 2106 5029 Θεῷ,

505 5047 624 5107 ἀλλ’
666 5048 789 5129 οὐχὶ
829 5050 1031 5126 μᾶλλον
1070 5044 1361 5107 σπουδάσω
1402 5043 1536 5124 ὑπὲρ
1588 5043 1738 5120 ὑμῶν
1788 5038 2069 5097 ἀποθανεῖν
2088 5060 2107 5113 ,

503 5139 576 5204 ὥς
598 5140 646 5197 εἴ
675 5139 769 5197 καὶ
808 5138 897 5197 διὰ
933 5135 1099 5215 μηδὲν
1144 5135 1300 5208 ἄλλο,
1342 5132 1430 5193 διὰ
1457 5138 1616 5193 τοῦτο
1643 5134 1769 5210 γοῦν
1813 5130 2108 5208 ἀγαπηθη-

504 5228 728 5306 σόμενος
776 5226 941 5287 πλέον
977 5225 1083 5285 ὑπὸ
1110 5231 1203 5285 τοῦ
1237 5222 1450 5305 Πατρός
1502 5243 1634 5300 μους
1664 5223 1858 5282 Ταῦτα
1885 5216 1940 5278 δὲ
1968 5217 2111 5296 λέγει

497 5316 569 5377 τᾶ
627 5317 771 5378 οὕτω
843 5315 1108 5389 ταπεινὰ,
1167 5312 1616 5392 συγκαταϐαίνων
1643 5356 1661 5389 ,
1726 5308 1814 5367 διὰ
1866 5306 1929 5366 τὸ
1990 5306 2113 5374 τοὺς

499 5406 791 5478 ἀκούοντας
841 5407 922 5487 μὴ
972 5405 1379 5488 παραδὲχεσθαι
1433 5401 1593 5461 αὐτὸν
1647 5398 1717 5459 τὰ
1767 5396 1951 5479 ὕψηλὰ
1988 5396 2110 5488 περὶ

497 5502 693 5562 ἑαυτοῦ
765 5486 997 5577 λέγοντα
1021 5486 1070 5535 ’⁷
1112 5495 1231 5555 ἐπεὶ
1297 5494 1473 5562 ἄλλως
1515 5515 1577 5573 γε
1642 5487 2023 5577 σκοπούμενον⁸
2050 5486 2112 5545 τὸ

500 5590 655 5671 ῥητὸν
703 5573 912 5651 ἄτοπον
944 5585 1109 5656 δόξει.
1151 5583 1224 5645 Τί
1254 5583 1392 5665 γάρ,
1440 5581 1530 5642 τὸν
1573 5579 1874 5660 ἔμπροσθεν
1919 5573 2111 5658 χρόνον

559 5782 673 5842 “ll
699 5783 857 5843 Tim.
892 5793 969 5848 ιι,
1008 5782 1095 5833 t9.
1174 5774 1222 5810 ³⁸
1248 5774 1407 5830 Joan.
1442 5788 1486 5842 ι,
1513 5778 1568 5828 4.
1644 5767 1689 5805 ⁸⁷
1717 5767 1932 5828 Coloss.
1962 5780 2064 5837 tu,
2099 5770 2184 5823 tl.

770 5877 1026 5932 Ριιπιοι.
1059 5869 1171 5926 Gn.
1215 5864 1436 5921 CXXIV.

2218 4867 2338 4941 ipso
2367 4867 2584 4942 diligar,
2615 4868 2742 4942 quia
2783 4884 2883 4940 pro
2910 4869 3065 4926 vobis
3091 4872 3317 4928 moriar.
3345 4874 3638 4945 Quomodo
3666 4877 3831 4950 igitur

2217 4958 2475 5016 seducam
2507 4973 2603 5015 vos
2652 4973 2794 5031 quos
2826 4958 2942 5015 scio
2972 4957 3202 5016 dilectos
3232 4963 3374 5018 Dei?
3402 4969 3608 5021 Annon
3652 4967 3829 5040 magis

2219 5063 2321 5121 pro
2372 5047 2527 5103 vobis
2574 5047 2717 5104 mori
2763 5062 2982 5120 quaero,
3028 5056 3092 5104 ut
3132 5049 3181 5106 si
3214 5062 3438 5125 propter
3479 5054 3613 5110 nihil
3656 5054 3823 5121 aliud,

2220 5137 2415 5193 saltem
2441 5145 2665 5209 propter
2684 5136 2812 5206 hoc,
2838 5137 2989 5209 quod
3016 5138 3188 5211 magis
3213 5140 3407 5212 diligar
3429 5157 3460 5198 a
3480 5146 3638 5199 Patre
3664 5149 3828 5200 meo?

2218 5227 2356 5283 Haec
2395 5234 2581 5282 autem
2623 5242 2774 5283 nunc
2818 5235 2935 5283 tam
2964 5226 3189 5283 humilia
3218 5229 3375 5294 dicit,
3404 5246 3460 5286 se
3490 5231 3592 5286 illis
3622 5240 3829 5289 attem-

2219 5305 2448 5389 perhns,
2480 5331 2547 5372 eo
2573 5315 2721 5388 quod
2752 5316 2796 5372 si
2826 5315 3031 5372 diceret
3055 5316 3125 5373 de
3151 5332 3209 5373 se
3242 5318 3517 5388 sublimia,
3545 5319 3831 5382 auditores

2218 5406 2379 5464 illum
2405 5421 2517 5462 non
2542 5415 2840 5479 caperent:
2864 5405 2994 5477 quia
3013 5405 3060 5462 si
3086 5407 3240 5462 aliter
3261 5406 3471 5464 dictum
3508 5411 3828 5471 considere-

2219 5502 2333 5563 tur,
2362 5495 2667 5553 absurdum
2704 5494 2992 5551 videbitur.
3036 5497 3148 5551 Cur
3170 5495 3321 5553 enim
3365 5498 3531 5570 priori
3579 5507 3831 5576 tempore

2219 5600 2338 5644 non
2354 5584 2702 5659 diligebatur,
2723 5583 2819 5641 sed
2841 5598 2992 5640 nunc
3013 5582 3373 5645 dilectionem
3397 5589 3623 5663 coeperit
3645 5594 3825 5664 Pater,

3590 5867 3621 5921 3
