4198 6460
487 419 555 470 '75
1506 392 2026 454 THEOPHYLACTI
2061 388 2420 446 BULGARLE
2455 384 2775 443 ARCHIEP.
3725 375 3796 429 76

486 546 543 596 et
596 549 752 593 mors
800 546 902 606 pro
950 528 1137 598 nobis,
1186 525 1265 584 illi
1307 522 1615 581 dilectionis
1658 527 1853 589 auctor
1880 516 2086 574 fuerit?

2218 516 2290 606 ιῦκ
2329 516 2606 592 ἠγαπᾶτο,
2632 507 2772 571 ἀλλὰ
2792 510 2883 606 νῦν
2917 509 3011 578 τῆς
3041 502 3256 606 ἀγάπης
3283 501 3483 582 ἤρξατο
3516 498 3797 606 {nudas

467 621 615 685 Non
641 623 713 681 ita
745 586 850 689 est,
888 618 1007 689 sed,
1033 625 1096 675 ut
1117 586 1261 685 'dixi,
1288 629 1407 672 sese
1438 613 1547 670 illis
1573 586 1950 682 attemperans
1971 606 2090 663 haec

2218 603 2289 663 ιαὶ
2323 606 2352 661 ὁ
2380 586 2532 681 ’ὑπὲρ
2574 602 2728 678 ἡμῶν
2780 595 3001 662 θάνατος
3032 593 3258 689 γέγονεν’
3286 595 3433 672 αὐτῷ
3460 588 3662 661 ταύτης
3709 586 3797 646 αἴ-

486 714 649 774 dixit.
673 710 889 768 Dixerit
917 715 1107 765 autem
1149 705 1275 779 quis
1316 712 1374 761 et
1401 702 1527 773 hoc,
1560 699 1840 775 Quoniam
1867 695 2091 755 dilectio

2218 716 2338 767 τιος;
2367 671 2641 753 Οὔκ-ἔστι
2667 692 2851 779 τοῦτο,
2871 685 2999 779 ,ἀλλ’
3036 671 3171 763 ὅπερ
3210 671 3357 741 εἷπον
3374 725 3408 779 ,ι
3427 674 3800 779 συγκαταϐαί-

486 805 594 863 Dei
619 811 677 860 et
704 799 885 858 Patris
911 812 1042 871 erga
1065 810 1170 853 nos
1196 811 1263 851 ex
1288 793 1542 851 confesso
1573 798 1712 859 erat,
1738 788 1879 845 vidit
1905 794 2094 843 autem

488 897 644 952 Deus
670 899 727 948 et
754 893 918 948 Pater
944 888 1118 944 etiam
1143 884 1349 941 Filium
1372 897 1536 941 suum
1555 878 1809 937 eamdem
1836 891 1963 949 erga
1988 889 2095 931 nos

489 982 866 1042 declarantem
889 976 1220 1043 bonitatem,
1253 982 1416 1046 atque
1446 972 1522 1028 ita
1544 968 1777 1026 voluisse
1811 982 1910 1038 pro
1934 963 2094 1021 nobis

489 1070 660 1140 mori,
718 1077 776 1127 et
839 1066 1131 1139 diligenter
1183 1063 1475 1120 observare
1528 1058 1701 1133 649
1749 1056 2097 1113 characteres

490 1160 752 1219 bonitatis
792 1164 1059 1231 paternae,
1084 1153 1273 1210 dilexit
1298 1151 1526 1218 merito,
1553 1164 1669 1206 non
1696 1145 1855 1220 quasi
1882 1157 2096 1202 merce-

490 1250 624 1309 dem
654 1247 957 1323 quamdam
995 1243 1198 1301 mortis
1226 1257 1326 1315 pro
1370 1240 1531 1298 nobis
1567 1236 1919 1296 dilectionem
1957 1231 2099 1290 dans

491 1340 655 1411 Filio,
672 1321 799 1395 ised
842 1342 1103 1408 spectans
1142 1330 1571 1389 inadulteratam
1618 1324 1992 1385 substantiam
2041 1321 2098 1411 in

493 1429 656 1498 Filio,
702 1435 759 1484 et
797 1421 1213 1499 quodammodo
1242 1418 1580 1494 quibusdam
1627 1425 1843 1473 naturae
1872 1410 2101 1469 vinculis

493 1516 813 1576 necessariis
861 1524 917 1572 et
970 1510 1376 1570 inevitabilibus
1410 1509 1480 1567 ad
1537 1507 1645 1565 hoc
1685 1512 1931 1563 vocatus.
1980 1504 2101 1560 An-

496 1623 612 1665 non
657 1620 874 1679 magna:
901 1602 1213 1661 dilectionis
1241 1615 1371 1673 erga
1409 1614 1515 1655 nos
1544 1611 1684 1670 opus
1720 1593 1890 1652 Filius
1917 1605 2101 1648 susce-

495 1696 598 1771 pit,
637 1693 999 1770 ignominiose
1025 1690 1272 1749 moriens
1306 1704 1410 1763 pro
1436 1687 1633 1744 nobis?
1678 1693 1736 1741 et
1777 1698 1894 1740 non
1919 1680 2103 1738 solum

495 1769 767 1854 moriens,
799 1783 897 1841 sed
933 1790 992 1840 et
1019 1782 1220 1838 iterum
1257 1778 1532 1850 accipiens
1557 1775 1828 1844 animam,
1863 1780 1929 1829 ut
1955 1769 2103 1828 occi-

499 1875 596 1933 dat
621 1882 884 1944 mortem,
923 1880 979 1929 et
1004 1870 1168 1928 nobis
1212 1867 1684 1926 immortalitatem
1730 1879 1833 1936 per
1860 1875 2105 1918 resurre-

497 1967 743 2024 ctionem
786 1963 997 2037 pariat?
1040 1963 1165 2018 Hoc
1192 1960 1357 2033 igitur
1386 1956 1666 2030 signiﬁcat
1690 1951 1918 2026 quando
1946 1949 2107 2018 dicit,

502 2077 531 2107 α
559 2059 722 2114 Pater
768 2052 946 2125 diligit
988 2066 1105 2118 me,
1156 2070 1179 2100 ι
1228 2064 1295 2104 eo
1325 2046 1477 2120 quod
1515 2044 1730 2102 morior
1759 2058 1859 2115 pro
1908 2038 2106 2096 vobis:

498 2143 654 2216 quasi
680 2142 915 2199 exsultet
941 2147 999 2196 et
1034 2137 1267 2212 gaudeat
1288 2140 1451 2195 Pater
1471 2134 1621 2208 quod
1643 2132 1816 2190 Filius
1837 2129 1940 2187 sibi
1964 2127 2114 2185 simi-

497 2232 565 2290 lis
593 2233 688 2301 sit,
718 2239 775 2289 et
801 2237 985 2287 servet
1011 2228 1361 2285 characteres
1388 2240 1503 2282 suae
1532 2239 1663 2297 erga
1699 2220 1957 2278 homines
1980 2218 2110 2275 cha-

499 2321 700 2379 ritatis.
750 2322 928 2377 Porro
974 2316 1125 2392 quod
1171 2315 1330 2385 dicit,
1384 2332 1416 2368 ((
1444 2313 1642 2372 Nullus
1678 2311 1820 2368 tollit
1863 2309 2113 2366 animam

500 2426 685 2468 meam
715 2426 747 2467 a
774 2425 885 2479 me,
914 2431 941 2460 υ
969 2414 1195 2481 propter
1220 2421 1318 2462 eos
1338 2403 1432 2478 qui
1455 2411 1695 2459 mortem
1729 2400 1849 2474 ejus
1875 2396 2113 2455 medita-

498 2502 696 2559 bantur
744 2498 897 2556 dicit.
976 2520 1003 2548 α
1036 2498 1150 2555 Vos
1213 2495 1388 2564 enim,
1442 2492 1645 2566 inquit,
1696 2488 1861 2548 sititis
1915 2502 2111 2545 meum

499 2591 827 2665 sanguinem
847 2587 912 2658 ⁸⁸,
937 2611 961 2637 α
987 2586 1086 2644 sed
1102 2583 1438 2657 beneiseiatis
1453 2580 1606 2657 quod
1625 2597 1714 2637 me
1740 2576 2111 2636 involuntario

496 2664 681 2737 nullus
745 2676 1079 2752 praevalebit.
1130 2678 1364 2746 Insuper
1412 2681 1475 2729 ut
1518 2687 1590 2728 ne
1618 2670 1743 2744 quis
1773 2676 1931 2742 putet
1958 2664 2112 2739 quod

497 2778 764 2842 tanquam
805 2766 1055 2822 minister
1078 2771 1135 2821 et
1176 2762 1436 2820 subditus
1465 2761 1740 2818 moriatur
1764 2757 1835 2815 ab
1859 2757 1969 2814 alio
1989 2756 2113 2828 jus-

500 2875 616 2928 sus,
658 2856 812 2914 etilli
840 2854 1039 2912 cedens
1078 2871 1094 2910 :
1130 2854 1492 2919 Potestatem,
1520 2849 1720 2921 inquit,
1749 2846 1951 2903 mortis
1974 2859 2115 2901 mea:

504 2948 623 3021 ipse
672 2946 873 3014 habeo,
929 2951 991 3000 ut
1043 2942 1321 2998 Dominus
1353 2938 1571 2997 mortis.
1604 2941 1799 3010 Itaque
1826 2942 2120 3008 propterea

503 3036 635 3095 dicit
665 3053 679 3092 :
711 3057 738 3085 «
768 3037 1104 3092 Potestatem
1130 3030 1306 3087 habeo
1328 3027 1571 3102 ponendi
1595 3027 1839 3083 animam
1862 3039 2068 3092 meam,
2088 3045 2115 3073 ι

502 3124 755 3199 quamvis
782 3132 840 3181 et
869 3121 1248 3194 unusquisque
1273 3128 1520 3176 vestrum
1563 3124 1892 3190 potestatem
1919 3113 2120 3170 habeat

504 3214 741 3288 ponendi
765 3214 1011 3270 animam
1037 3227 1196 3268 suam
1238 3228 1252 3267 :
1282 3226 1415 3267 nam
1434 3208 1731 3280 unicuique
1758 3204 1960 3262 volenti
1989 3218 2114 3276 pos-

502 3304 662 3362 sibile
721 3311 804 3361 est
846 3319 906 3360 se
958 3300 1303 3369 interﬁcere;
1356 3298 1453 3356 sed
1497 3312 1620 3356 non
1666 3297 1735 3354 de
1786 3295 1892 3352 hoc
1941 3292 2112 3349 modo

506 3392 641 3449 dicit
664 3392 959 3460 Dominus,
985 3390 1082 3447 sed
1106 3389 1254 3463 quod
1273 3404 1365 3445 me
1386 3387 1561 3444 invito
1584 3386 1765 3442 nullus
1784 3382 1985 3457 poterit
2004 3382 2113 3439 hoc

504 3483 713 3554 facere;
758 3481 816 3538 id
842 3481 901 3536 in
927 3480 1251 3537 hominibus
1277 3494 1390 3534 non
1418 3476 1501 3533 ﬁt.
1532 3470 1675 3533 Nam
1704 3475 1875 3532 etiam
1915 3480 2114 3545 praeter

503 3573 847 3629 voluntatem
871 3578 1120 3627 nostram
1152 3570 1220 3625 ab
1250 3568 1375 3625 aliis
1402 3566 1777 3623 interﬁcimur.
1809 3566 1884 3620 At
1910 3562 2109 3619 Domi-

501 3678 610 3720 nus
646 3676 929 3734 nunquam
957 3658 1326 3717 involuntarie
1352 3673 1548 3731 passus
1574 3663 1679 3725 est,
1708 3670 1775 3712 eo
1818 3653 1966 3727 quod
1995 3667 2113 3708 non

502 3752 662 3808 aliter
702 3751 877 3809 morti
920 3748 1192 3807 obnoxius
1243 3756 1378 3818 erat,
1411 3746 1519 3804 nisi
1562 3754 1831 3818 quantum
1887 3741 2110 3799 libebat.

500 3842 689 3899 Habet
736 3849 794 3898 et
844 3840 1041 3914 majus,
1118 3838 1269 3912 quod
1321 3838 1565 3895 animam
1616 3835 1819 3892 iterum
1869 3832 2112 3906 accipiat.

499 3933 626 3989 Hoc
674 3940 861 3989 autem
904 3930 1234 3987 mandatum
1286 3928 1466 4001 inquit
1499 3942 1562 3984 se
1609 3924 1881 3997 accepisse
1926 3939 1960 3979 a
2006 3925 2113 3978 Pa-

502 4030 610 4091 tre,
677 4029 740 4077 ut
783 4027 1097 4076 moreretur
1143 4034 1243 4090 pro
1290 4016 1522 4072 mundo.
1569 4016 1763 4086 Usque
1813 4011 1976 4081 adeo,
2022 4010 2113 4066 iu-

508 4110 653 4184 quit,
695 4125 814 4166 non
861 4123 990 4164 sum
1017 4105 1360 4163 adversarius
1398 4108 1539 4172 Deo,
1584 4113 1646 4159 ut
1674 4110 1731 4159 et
1758 4102 1902 4157 istuc
1928 4100 2114 4172 ipsum

506 4197 651 4255 mori
691 4214 722 4253 a
762 4201 922 4253 Patre
945 4195 1084 4251 mihi
1111 4194 1508 4251 demandatum
1530 4192 1624 4248 sit.
1667 4193 1839 4247 Porro
1870 4188 2113 4262 primum

511 4286 661 4361 quod
689 4285 923 4343 sublime
947 4292 1051 4354 est,
1081 4284 1218 4341 dicit
1244 4303 1257 4339 :
1285 4301 1316 4337 ιι
1343 4285 1681 4339 Potestatem
1708 4279 1884 4336 habeo
1909 4278 2113 4351 accipe-

510 4393 573 4435 re
600 4376 848 4432 animam
870 4390 1084 4443 meam;
1121 4395 1147 4424 ο
1176 4373 1485 4431 Dominum
1513 4372 1664 4428 enim
1689 4369 1888 4426 mortis
1928 4384 1988 4425 se
2015 4383 2112 4441 per

2200 806 2303 841 νων
2353 779 2524 841 ταῦτά
2573 802 2755 860 φησιν.
2808 774 2971 836 Εἴποι
3016 775 3060 832 δ’
3102 773 3165 831 ἀν
3208 795 3287 838 τις
3326 768 3419 831 καὶ
3467 773 3648 841 τοῦτο,
3684 766 3801 839 ὅτι,

2203 870 2386 944 ἐπειδὴ
2415 875 2449 942 ἡ
2502 854 2823 949 περὶῂὴμᾶξ
2875 862 3062 942 ἀγάπη
3108 867 3202 922 τοῦ
3250 864 3394 923 Θεοῦ
3445 857 3541 949 καὶ⁸
3582 854 3804 949 Πατρρς

2202 944 2601 1041 ὁμολογουμένη
2634 948 2723 1031 ἦν,
2762 944 2870 1014 εἶδε
2916 952 2974 1012 δὲ
3004 955 3033 1012 δ
3078 950 3217 1041 Θεὺς
3241 950 3333 1010 καὶ
3367 947 3563 1041 Πατὴρ
3595 944 3688 1007 καὶ
3711 944 3803 1041 τὸν

2202 1035 2333 1114 Ῡὶὸν
2365 1035 2543 1123 ίαῦτοῦ
2600 1046 2697 1120 τὴν
2749 1042 2916 1116 αὐτὴν
2965 1039 3313 1124 χρηστότητα
3354 1035 3480 1117 περὶ
3526 1042 3674 1115 ἡμᾶς
3716 1036 3807 1094 ἐν·

2204 1140 2506 1219 δειξάμενον
2532 1181 2551 1212 ,
2623 1132 2762 1194 ὥστε
2831 1130 2925 1194 καὶ
3001 1134 3428 1219 ὑπεραποθανεῖν
3514 1127 3767 1197 ἐθελῆσαι
3788 1167 3806 1198 ,

2203 1230 2297 1293 καί¹
2348 1216 2445 1301 τῆς
2485 1233 2577 1288 τοῦ
2624 1222 2839 1305 Πατρὸς
2885 1220 3214 1300 ἀγαθότητος
3264 1216 3386 1286 τοὺς
3439 1217 3798 1305 χαρακτῆρας

2207 1318 2445 1401 ἀκριϐεῖς
2477 1313 2862 1390 ἀποσώζονται,
2897 1311 3179 1392 ἠγάπησεν
3214 1306 3468 1383 εἰκότως,
3512 1308 3574 1365 οὗ
3620 1300 3809 1382 μισθὸν

2207 1391 2392 1490 ὥσπερ
2442 1405 2561 1467 τινὰ
2610 1410 2704 1466 τοῦ
2755 1402 2891 1485 ὑπὲρ
2943 1391 3100 1480 ἧμῶν
3159 1396 3387 1458 θανάτου
3439 1392 3537 1469 τὴν
3590 1391 3811 1473 ἀγάπην

2208 1480 2538 1582 δωροὺμενος
2576 1499 2653 1577 τῷ
2696 1495 2836 1573 Υῖῷ,
2866 1480 3019 1552 *ἀλλὰ
3049 1494 3145 1582 τῆς
3176 1486 3358 1582 οἶν-σίας
3388 1489 3485 1559 τ’ἤς
3528 1486 3714 1582 εαυτοῦ
3747 1480 3811 1541 τὸ

2208 1571 2425 1672 γνήσιον
2484 1588 2537 1646 ἐν
2760 1571 3005 1663 θεωρῶν,
3061 1577 3154 1640 καὶ
3205 1576 3387 1658 ὥσπερ
3452 1573 3562 1633 τισὶ
3607 1571 3813 1655 φύσεως

2212 1662 2432 1758 δεσμοῖς
2497 1662 2805 1758 ἀναγκαίοις
2869 1662 2962 1730 καὶ
3014 1667 3399 1749 ἀπαραιτήτοις
3459 1662 3591 1745 πρὸς
3654 1665 3814 1722 τοῦτο

2211 1751 2557 1846 καλούμενος.
2612 1751 2692 1824 ἡἮ
2746 1761 2850 1843 γὰρ
2900 1762 2960 1819 οὗ
3000 1756 3238 1837 μεγάλης
3268 1755 3480 1846 ἀγάπης
3532 1751 3686 1846 ἔργον
3713 1753 3809 1846 ⁸εἰς

2213 1862 2358 1936 ἡμᾶς
2384 1840 2426 1917 ’ὁ
2469 1853 2595 1922 Υἱὸς
2626 1840 2944 1927 ἐνεδείξατο,
2997 1846 3192 1916 ἀδόξως
3238 1843 3412 1904 θανὼν
3456 1840 3592 1923 ὑπὲρ
3620 1843 3810 1936 ἡμῶν,

2213 1927 2306 2010 καὶ
2353 1948 2413 2008 οὗ
2464 1945 2622 2022 μόνον
2665 1941 2867 2015 θανὼν,
2926 1937 3066 1998 ἀλλὰ
3122 1936 3217 1996 καὶ
3268 1935 3435 1994 πάλιν
3487 1930 3669 1993 λαϐὼν
3714 1927 3817 2022 τῂν

2215 2035 2432 2120 ψυχὴν,
2464 2017 2584 2094 ’ἵνα
2630 2030 2870 2113 νεκρώσῃ
2924 2027 3015 2088 τὸν
3074 2025 3339 2102 θάνατον,
3397 2022 3491 2083 καὶ
3538 2024 3670 2100 ἡμῖν
3715 2017 3818 2090 τὴν

2218 2125 2512 2187 ἀθανασίαν
2539 2123 2628 2183 διὰ
2655 2126 2752 2194 τῆς
2782 2118 3119 2183 ἀναστάσεως
3149 2113 3586 2195 κατεργάσηται;
3631 2112 3816 2171 Τοῦτο

2217 2209 2305 2278 οῦν
2336 2216 2514 2292 δηλοῖ,
2553 2212 2680 2273 ὅταν
2722 2208 2883 2291 λέγῃ,
2912 2208 2997 2270 ὅτι
3035 2233 3060 2261 σι
3105 2204 3175 2267 Ὁ
3214 2203 3411 2285 Πατὴρ
3444 2205 3633 2292 ἀγαπᾷ
3660 2223 3751 2279 με,
3792 2226 3821 2253 ι

2219 2306 2352 2368 διότι
2405 2303 2728 2377 ἀποθνήσκω
2757 2298 2890 2381 ὑπὲρ
2937 2299 3119 2375 ὑμῶν,
3160 2294 3222 2353 τὸ
3270 2291 3469 2354 ὡσανεὶ
3523 2291 3824 2370 γάννυσθοιι

2219 2396 2311 2457 καὶ
2359 2394 2565 2478 χαίρειν
2616 2392 2705 2451 τὸν
2761 2379 3018 2467 Πατέρα,
3071 2383 3153 2478 ὅτι
3197 2386 3225 2443 ὃ
3259 2382 3387 2478 Tib;
3439 2383 3582 2478 αὖτῷ
3638 2379 3821 2452 ἔοικε,

2218 2486 2311 2547 καὶ
2349 2470 2617 2566 τῖῆς-πρὸς
2663 2478 2968 2563 ἀνθρώπους
3009 2475 3223 2554 ἀγάπης
3260 2474 3424 2532 αὐτοῦ
3467 2470 3588 2539 τοὺς
3636 2492 3822 2553 χαρα-

2219 2580 2421 2657 κτῆρας
2460 2558 2991 2657 ἀποσώζειίΤὸῄδὲ,
3039 2562 3292 2657 είδοῦδεὶς
3341 2561 3478 2642 αἴρει
3505 2559 3603 2633 τὴν
3641 2558 3825 2639 ψυχήν

2223 2689 2326 2747 μου
2377 2665 2473 2726 ἀπ’
2532 2666 2694 2741 ἐμοῦ,
2755 2686 2779 2714 ι
2832 2655 2919 2717 διὰ
2982 2655 3102 2725 τοὺς
3157 2655 3280 2714 κατ’
3329 2654 3487 2712 αὑτοῦ
3554 2650 3827 2733 φονῶντάς

2222 2737 2638 2836 ξρησινηὙμεῖς
2674 2748 2814 2832 γὰρ,
2857 2745 3022 2830 φησὶ,
3055 2747 3247 2827 διψᾶτε
3276 2744 3535 2836 τοῦῇἐμοῦ
3562 2737 3820 2836 αἵματος,

2225 2829 2343 2905 ἀλλ’
2385 2834 2445 2903 εὗ
2485 2829 2631 2916 ἴστε,
2682 2829 2763 2908 ὥς
2811 2829 3028 2905 ἄκοντος
3080 2837 3216 2914 ἐμοῦ
3269 2831 3437 2899 οὐδεὶς
3478 2829 3825 2909 κατισχύσει.

2223 2935 2351 2995 Ἔτι
2406 2932 2482 3009 δὲ,
2527 2915 2621 2992 ἵνα
2664 2929 2739 3006 μὴ
2788 2926 2985 3007 νομίσῃ
3031 2950 3142 3005 τις,
3187 2924 3270 2985 ὅτι
3302 2927 3373 2989 ὣς
3417 2920 3684 3001 ὑπηρέτης
3727 2915 3826 3009 καῖ

2224 3022 2486 3104 ὑπουργὸς
2528 3018 2882 3091 ἀποθνήσκει,
2933 3019 3026 3075 ὑπ’
3080 3015 3242 3075 ἄλλου
3293 3009 3676 3089 κελευόμενος,
3726 3007 3826 3067 καὶ

2226 3095 2421 3195 ἐκείνῳ·
2452 3110 2723 3185 ὑπείκων,
2769 3105 2936 3190 φησί·
2981 3104 3101 3178 Τὴν
3156 3102 3394 3173 ἐξουσίαν
3446 3105 3538 3159 τοῦ
3594 3095 3825 3157 θανάτου

2154 3169 2200 3233 C
2225 3209 2317 3264 τοῦ
2354 3173 2483 3283 ἐμοῦ
2515 3199 2673 3268 αὐτὸς
2708 3169 2861 3280 ἔχω,
2895 3199 2967 3263 ὡς
2999 3194 3258 3265 δεσπότης
3286 3197 3377 3251 τοῦ
3420 3190 3667 3249 θανάτου.
3718 3185 3830 3247 Διὰ

2221 3276 2491 3355 τοῦτοοῦν
2521 3313 2681 3373 φησιν
2700 3336 2716 3364 ,
2743 3276 2825 3348 δτι
2866 3316 2891 3340 «ι
2922 3284 3201 3354 Ἐξουσίαν
3232 3282 3342 3363 ἔχω
3385 3282 3551 3340 θεῖναι
3574 3276 3675 3350 τὴν
3720 3279 3826 3358 ψυ-

2218 3383 2324 3465 χήν
2356 3406 2485 3461 μου,
2534 3365 2643 3438 ἶοεῖ
2685 3377 2778 3437 καὶ
2826 3376 3047 3442 ἕκαστος
3094 3376 3243 3465 ὑμῶν
3286 3366 3684 3465 ἐξουσίανβχει
3723 3365 3827 3439 τὴν

2218 3456 2398 3555 ίιλυχῆν
2448 3456 2613 3530 αὐτοῦ
2643 3474 2828 3530 θεῖναι.
2862 3466 3113 3546 Ἓκάστῳ
3159 3461 3262 3543 γὰρ
3316 3456 3624 3555 βουλομένῳ
3654 3457 3824 3555 δυνα-

2220 3562 2309 3622 τὸν
2375 3560 2558 3621 ἑαυτὸν
2627 3559 2863 3630 ἀνελεῖν,
2935 3556 3057 3616 ἀλλ’
3088 3545 3092 3546 ί
3122 3556 3179 3613 οὗ
3250 3549 3374 3632 περὶ
3432 3554 3522 3608 τοῦ
3584 3545 3828 3607 τοιούτου

2218 3651 2419 3733 τρόπου
2484 3648 2644 3732 φησὶν
2706 3652 2735 3708 ὃ
2797 3645 3020 3724 Κύριος,
3087 3641 3206 3702 ἀλλ’
3258 3640 3339 3701 ὅτι
3374 3634 3664 3733 ηἈκονῌτός
3716 3657 3822 3733 μου

2220 3742 2387 3810 οὐδεὶς
2445 3725 2510 3801 ἂν
2571 3736 2820 3812 δυνηθείη
2879 3741 3037 3795 τοῦτο
3102 3740 3304 3792 ποιεῖν·
3363 3732 3499 3811 ὅπερ
3560 3725 3650 3785 ἐπὶ
3709 3728 3820 3784 τῶν

2221 3831 2516 3913 ἀνθρώπων
2553 3831 2611 3888 οὗ
2661 3827 2888 3907 γίνεται.
2940 3822 3049 3885 Καὶ
3103 3820 3207 3901 γὰρ
3254 3820 3346 3880 καὶ
3398 3818 3615 3884 ἄκοντες
3667 3817 3822 3873 ἀναι-

2224 3904 2453 4002 ρούμεθα
2482 3917 2576 3977 ὑπ’
2613 3904 2817 3977 ἄλλων
2849 3920 2877 3975 ὁ
2903 3914 2959 3974 δὲ
2989 3910 3219 3994 Χριστὸς
3265 3910 3359 3969 οὗκ
3403 3909 3466 3967 ἄν
3510 3929 3643 3966 ποτε
3673 3904 3821 3963 ἄκων

2222 3996 2445 4071 ἔπαθενο
2493 4006 2576 4067 διὸ
2619 4011 2691 4076 ὣς
2738 4004 2815 4084 μὴ
2861 4003 3035 4072 ἄλλως
3086 4000 3297 4081 θανάτῳ
3342 3996 3719 4074 ὑποκείμενος,
3768 3996 3822 4084 εἰ

2223 4100 2299 4178 μὴ
2333 4097 2488 4177 μόνον
2536 4094 2706 4170 ἑκὼν,
2738 4083 2851 4177 ἔχει
2894 4092 2987 4157 καὶ
3034 4090 3096 4151 τὸ
3139 4093 3373 4178 μεῖζον,
3403 4089 3464 4148 τὸ
3508 4086 3693 4147 λαϐεῖν
3723 4083 3823 4178 ἣν

2223 4172 2402 4271 dux-91v
2441 4187 2626 4248 πάλιν.
2677 4172 2899 4259 Ταότην
2948 4207 3003 4242 τε
3045 4179 3142 4254 τὴν
3192 4176 3408 4250 ἐντολήν
3451 4200 3584 4260 φησι
3635 4172 3825 4234 λαϐεῖν

2221 4278 2371 4358 παρὰ
2420 4282 2514 4337 τοῦ
2558 4275 2794 4357 Πατρὸς,
2821 4274 2884 4335 τὸ
2931 4275 3214 4332 ἀποθανεῖν
3270 4267 3404 4347 ὑπὲρ
3448 4271 3542 4325 τοῦ
3593 4263 3822 4342 κόσμου.

2225 4371 2496 4429 Τοσοῦτον
2528 4367 2656 4448 γὰρ,
2702 4363 2861 4448 φησὶν
2882 4408 2899 4440 ,
2958 4363 3055 4423 οὔκ
3088 4354 3211 4437 ἐἰμὶ
3263 4357 3517 4429 ἀντίθεος,
3549 4354 3691 4413 ὥστε
3730 4352 3825 4412 καὶ

511 4467 619 4525 hoc
656 4465 898 4524 ostendit
924 4473 981 4522 et
1015 4442 1213 4522 ducem
1239 4464 1386 4521 vitae.
1416 4466 1621 4519 Iterum
1649 4459 1862 4517 humile
1887 4458 2111 4516 verbum

2231 4456 2361 4518 αὐτὸ
2405 4463 2561 4516 τοῦτο
2615 4455 2678 4514 τὸ
2715 4442 3007 4514 ’ἀποθανεῖν
3054 4448 3207 4529 παρὰ
3255 4453 3346 4508 τοῦ
3404 4443 3622 4527 Πατρὸς
3685 4442 3825 4502 ἐντέ·

512 4572 743 4633 ponens,
794 4572 995 4628 nempe
1039 4573 1055 4612 :
1090 4578 1117 4605 «ι
1145 4553 1478 4612 Mandatum
1521 4552 1629 4608 hoc
1667 4550 1853 4623 accepi
1892 4566 1925 4607 a
1954 4553 2119 4607 Patre

513 4663 665 4717 meo,
693 4669 720 4695 ιι
748 4647 824 4702 ita
848 4643 1171 4701 mirabiliter
1188 4651 1426 4716 utraque
1444 4640 1741 4709 connectit,
1765 4647 1821 4697 et
1839 4638 1990 4713 quod
2008 4654 2122 4695 non

515 4736 787 4793 habeatur
813 4734 1019 4805 minor,
1058 4750 1125 4791 ac
1152 4749 1344 4790 servus
1369 4732 1568 4801 Patris,
1607 4738 1663 4788 et
1684 4746 1798 4787 non
1825 4730 1901 4786 sit
1926 4728 2119 4785 adver-

517 4826 695 4883 sarius
734 4824 829 4894 illi,
873 4823 969 4881 sed
1007 4822 1253 4896 ejusdem
1288 4822 1550 4896 potentiae
1600 4829 1658 4879 et
1697 4819 2008 4877 voluntatis.
2049 4821 2123 4874 Et

518 4915 595 4972 ita
633 4928 854 4988 quoque
895 4912 1081 4969 multis
1116 4928 1181 4969 ex
1211 4912 1554 4968 auditoribus
1572 4911 1741 4968 etiam
1777 4909 1859 4967 sic
1892 4906 2117 4981 profuit,

518 5020 585 5062 eo
628 5003 780 5077 quod
833 5001 961 5060 talia
1013 5002 1253 5073 dicebat,
1302 5011 1470 5074 atque
1514 5001 1589 5058 ita
1639 5009 1704 5058 ut
1750 5008 1806 5056 et
1852 4997 2121 5056 dissensio

518 5094 694 5152 ﬁeret.
741 5096 885 5151 Nam
936 5090 1072 5149 dum
1122 5092 1380 5149 nonnulli
1419 5091 1621 5164 quibus
1661 5089 1781 5146 haec
1822 5089 1983 5146 verba
2021 5087 2122 5145 ob-

517 5185 764 5243 scuriora
788 5182 1136 5254 videbantur,
1158 5182 1422 5255 putabant
1446 5180 1606 5237 illum
1635 5180 1909 5238 daemonio
1933 5186 2122 5235 actum

518 5273 667 5347 loqui
695 5290 822 5348 quae
848 5289 963 5330 non
999 5272 1357 5344 intelligeret;
1388 5272 1483 5329 alii
1513 5269 1605 5344 qui
1647 5271 1729 5327 vel
1770 5269 2124 5326 mediocriter

521 5362 898 5421 intellexerant
957 5383 975 5419 :
1026 5386 1053 5413 α
1086 5364 1244 5434 Haec,
1292 5363 1467 5431 aiunt,
1496 5360 1659 5417 verba
1682 5377 1798 5417 non
1839 5366 1971 5417 sunt
2009 5359 2125 5431 ejus

521 5453 613 5524 qui
640 5451 917 5511 daemonio
945 5452 1143 5527 agitur.
1180 5476 1206 5504 ι
1251 5458 1483 5525 Insuper
1509 5452 1636 5525 quia
1659 5451 1841 5507 verbis
1891 5465 2008 5506 non
2031 5464 2125 5521 po-

520 5549 702 5597 terant
735 5541 1020 5599 confutare
1058 5543 1212 5614 illos;
1242 5560 1372 5600 cum
1399 5542 1549 5600 enim
1576 5540 1822 5599 benevoli
1850 5555 1966 5596 non
1990 5539 2125 5595 satis

523 5638 775 5688 tenerent
800 5646 862 5687 ea
906 5647 1033 5704 quae
1081 5648 1113 5688 a
1155 5635 1401 5691 Domino
1430 5632 1776 5701 dicebantur,
1807 5644 1991 5703 neque
2017 5627 2125 5686 illis

595 5727 639 5762 ⁸⁵⁸
664 5730 865 5786 Joann.
896 5741 1041 5796 vm,
1073 5735 1159 5785 37.

2227 4550 2453 4623 ταλμαι.
2484 4544 2667 4605 Εἰπὼν
2696 4544 2751 4604 δὲ
2777 4542 3032 4624 πρότερον
3054 4538 3149 4601 καὶ
3169 4537 3391 4620 ὑψηλὸν,
3412 4536 3472 4595 τὸ
3496 4562 3524 4588 -ι
3544 4531 3825 4602 Ἐξουσίαν

2228 4638 2338 4720 ἔχω
2361 4635 2545 4697 λαϐεῖν
2567 4633 2662 4707 τὴν
2687 4622 2867 4716 ψυχήν
2895 4622 3021 4711 μου,
3047 4658 3070 4684 ι
3102 4627 3398 4720 (δεσπότην
3424 4624 3529 4707 γὰρ
3551 4622 3710 4682 αὑτὸν
3727 4626 3827 4720 τοῦ

2232 4709 2460 4788 θανάτου
2527 4731 2682 4785 τοῦτο
2704 4709 2714 4716 Ι
2736 4709 3003 4796 δετίκνὺσι,
3057 4709 3149 4780 καὶ
3201 4722 3293 4790 τῆς
3350 4720 3488 4787 ζωῆς
3543 4709 3823 4795 ἀρχηγὸν)

2232 4817 2393 4877 πάλιν
2421 4815 2483 4875 τὸ
2526 4812 2775 4875 ταπεινὸν
2817 4811 3033 4885 τίθησι,
3079 4807 3179 4885 τὸ,
3236 4835 3259 4861 ε
3322 4802 3577 4875 Ἐντολὴν
3625 4800 3826 4875 ταύτην

2229 4906 2423 4968 ἔλαϐον
2453 4902 2601 4985 παρὰ
2632 4907 2722 4963 τοῦ
2756 4900 2971 4982 Πατρός
3005 4921 3129 4979 μου.
3158 4924 3181 4951 ιο
3212 4895 3373 4957 Οὕτω
3404 4892 3591 4953 πλέκει
3619 4896 3831 4985 θαυματ-

2231 4997 2357 5064 σίως
2400 4995 2712 5078 ἀμφότερα,
2753 4992 2847 5052 καὶ
2878 4990 2940 5051 τὸ
2985 4986 3062 5068 μὴ
3093 4986 3298 5047 ἐλάττω
3341 4986 3695 5064 νομισθῆναι,
3737 4977 3831 5039 καὶ

2232 5088 2418 5155 δοῦλος
2440 5067 2541 5144 ’τόῦ
2591 5067 2835 5163 Πατρός,
2863 5080 2955 5141 καὶ
2983 5067 3043 5139 τὸ
3074 5078 3150 5158 μὴ
3187 5078 3439 5145 ἀντίθεος,
3488 5070 3606 5163 ἀλλ’
3631 5067 3827 5163 ὁμοδό-

2231 5200 2393 5254 ναμος
2423 5174 2537 5252 ἅμα
2585 5171 2679 5235 καὶ
2724 5158 3040 5251 ὑμόϐουλος.
3088 5166 3299 5229 Αὐτίκα
3331 5169 3456 5254 γοῦν
3495 5160 3659 5226 οὕτως
3687 5158 3831 5254 ἀιφέ-

2230 5267 2364 5338 λησε
2398 5262 2520 5333 τοὺς
2565 5261 2797 5330 πολλοὺς
2836 5264 2941 5321 τῶν
2983 5256 3288 5319 ἀκουόντων
3344 5253 3431 5313 διὰ
3462 5257 3553 5312 τοῦ
3600 5252 3827 5309 τοιαῦτα

2232 5335 2444 5436 λέγειν,
2489 5352 2629 5413 ὥστε
2677 5354 2768 5413 καὶ
2805 5351 3015 5433 σχίσμα
3042 5346 3306 5429 γενέσθαι.
3360 5341 3519 5436 Τινὲς
3560 5335 3833 5436 μὲνᾼγὰρ,

2235 5445 2417 5517 ἐπειδὴ
2485 5442 2556 5504 τὰ
2610 5431 2875 5525 ρήματαη
2904 5439 3119 5501 ἐδόκουν
3194 5432 3566 5514 αἰνιγματώδη
3626 5431 3832 5499 αὐτοῖς,

2234 5539 2498 5616 δαιμονᾷν
2531 5532 2687 5594 αὑτὸν
2713 5530 2927 5593 ἐδόκουν
2957 5528 3187 5598 ἀσύνετα
3218 5524 3572 5608 φθεγγόμενον
3594 5544 3607 5558 ·
3644 5548 3666 5571 α
3694 5521 3743 5577 οἱ
3778 5519 3837 5576 δέ

2232 5653 2293 5708 γε
2309 5610 2338 5703 ,1
2385 5610 2680 5708 »μετρίως
2734 5620 3033 5698 συνιέντες,
3082 5645 3111 5674 σι
3163 5615 3375 5696 ἔλεγον,
3430 5610 3581 5696 φησὶ,
3633 5610 3825 5671 Ταῦτα
