4198 6512
433 449 520 506 ’Π

1368 463 1764 520 ENARRATIO
1804 464 1870 519 IN
1909 461 2339 519 EVANGELIUM
2375 463 2676 520 JOANNIS.
2718 494 2787 507 —-
2826 466 2976 523 CAP.
3018 469 3080 523 X.
3800 477 3869 530 '78

475 579 556 640 ’τὶ
610 584 874 666 ῥήματα
931 593 1036 648 οὐκ
1097 587 1208 647 ἔστι
1258 588 1718 666 δαιμονιζομένου.
1772 615 1798 643 ιο
1847 578 1987 646 Εἶτα
2039 588 2153 646 ἐπεὶ

2264 588 2668 660 persuasissent
2739 591 2941 661 verbis,
3014 591 3232 650 Christo
3307 594 3562 666 operibus
3625 598 3869 668 patroci-

504 672 618 733 ἆπὶ)
688 678 811 733 τῶν
906 675 1174 760 ῥημάτων
1223 678 1319 737 οὖκ
1392 677 1702 758 ἠδύνα[ν]το
1790 678 2154 754 ἐπιστομίζειν

520 763 720 832 αἰποὶις
760 763 934 847 (οὔτε
963 766 1072 847 γὰρ
1117 766 1265 825 αὐτοὶ
1296 768 1344 826 οἳ
1378 766 1702 844 εὖγνώμονες
1733 767 1888 839 δῆθεν
1919 765 2156 845 ἀκριϐῶς

531 855 600 915 ἂν
649 857 1098 935 παρηκολούθουν
1144 860 1254 923 τοῖς
1307 855 1408 915 ὕπὸ
1441 861 1534 914 τοῦ
1583 856 1782 935 Κυρίου
1827 855 2151 934 λεγομένοις,

535 947 657 1006 οὔτε
691 946 925 1013 ἐκείνους
971 945 1035 1006 ἂν
1070 945 1351 1026 ἔπεισαν),
1377 943 1487 1004 ἀπὸ
1514 949 1621 1004 τῶν
1648 946 1986 1027 πραγμάτων
2029 968 2151 1004 πει-

543 1041 745 1118 ρῶνται
813 1044 1125 1116 συνηγορεῖν
1195 1039 1273 1117 τῷ
1333 1038 1598 1117 Χριστῷ,
1669 1035 1761 1094 καί
1822 1059 2018 1117 φασιν,
2073 1034 2154 1094 ὅτι

543 1155 568 1178 ι
616 1129 816 1188 Ταῦτα
867 1126 936 1184 τὰ
986 1126 1210 1206 ῥήματα
1266 1126 1360 1184 οὐκ
1417 1125 1524 1184 εἰσὶ
1595 1123 2056 1203 δαιμονιζομένου.
2128 1150 2152 1176 ι

545 1219 728 1278 Πόθεν
758 1216 814 1275 δὲ
865 1217 1023 1288 δῆλον
1069 1221 1257 1288 τοῦτο,
1291 1215 1421 1274 Ἀπὸ
1470 1217 1576 1274 τῶν
1619 1216 1807 1294 ἔργων.
1849 1242 1873 1268 (ι
1909 1212 2004 1286 Μὴ
2035 1214 2152 1272 δαι-

546 1308 732 1384 μόνιον
763 1305 978 1366 δύναται
1018 1303 1324 1385 ὀφθαλμοὺς
1369 1305 1583 1384 τυφλῶν
1622 1305 1888 1382 ἄνοίγεινς
1927 1330 1950 1357 ν
1994 1301 2154 1362 Ἐπεὶ

545 1387 639 1457 οὖν
673 1396 738 1455 τὸ
769 1395 922 1475 ἔργον
951 1399 1087 1453 θεῖον
1113 1437 1131 1468 ,
1164 1393 1259 1453 καὶ
1289 1391 1358 1452 τὰ
1383 1393 1601 1474 ῥήματα
1634 1393 1739 1474 ἄρα
1771 1399 2016 1454 τοιαῦτα.
2048 1390 2154 1452 Διὰ

549 1485 605 1545 τί
632 1486 689 1546 δὲ
740 1489 768 1544 6
814 1484 1042 1564 Χριστὸς
1073 1483 1220 1543 οὐδὲν
1254 1482 1598 1564 ἀποκρίνεται
1636 1483 1767 1564 πρὸς
1797 1482 1919 1552 τοὺς
1967 1481 2152 1560 λέγον-

546 1600 648 1643 τας
678 1575 838 1634 αὐτὸν
882 1577 1176 1655 δαιμονᾷνς
1229 1573 1376 1634 Διότι
1403 1573 1576 1634 ἱκανοὶ
1609 1565 1745 1646 ἦσαν
1791 1571 2152 1650 ἐπιστομίζειν

549 1666 770 1739 αὐτοὺς,
800 1665 890 1724 καὶ
939 1663 1362 1740 ἀξιοπιστότεροι
1406 1667 1454 1723 οἳ
1506 1662 1902 1741 ἐναντιούμενοι
1945 1664 2147 1732 αὐτοῖς,

2266 678 2390 734 nari
2419 686 2657 749 tentant,
2687 687 2742 736 et
2783 680 2974 738 dicunt
3011 681 3161 753 quod
3191 682 3312 740 hac
3349 683 3515 740 verba
3539 685 3712 758 650
3755 703 3870 744 non

2264 767 2377 824 sint
2420 767 2768 826 daemoniaci.
2800 770 2967 827 Unde
2997 779 3186 828 autem
3228 771 3334 828 hoc
3364 773 3756 832 manifestum?
3787 780 3868 833 Ex

2261 856 2521 928 operibus
2549 878 2561 913 :
2595 882 2620 908 ι
2643 859 3002 916 Daemonium
3028 860 3180 916 enim
3207 876 3318 916 non
3343 869 3522 934 potest
3548 863 3738 920 oculos
3753 880 3869 923 cae-

2261 960 2458 1002 corum
2489 947 2718 1018 aperire.
2768 971 2794 998 ν
2829 949 2964 1018 Quia
2993 948 3160 1021 igitur
3188 965 3326 1022 opus
3351 950 3621 1021 divinum,
3655 967 3786 1025 ergo
3815 961 3871 1010 et

2261 1035 2428 1091 verba
2466 1035 2742 1106 ejusmodi
2789 1046 2941 1093 sunt.
2989 1039 3174 1108 Quare
3202 1047 3390 1097 autem
3433 1041 3690 1098 Christus
3735 1042 3870 1099 nihil

2260 1123 2557 1194 respondet
2607 1125 2693 1183 his
2743 1127 2836 1199 qui
2895 1126 3146 1184 dicebant
3193 1129 3372 1200 ipsum
3423 1129 3704 1188 daemonio
3752 1131 3870 1203 agi?

2261 1213 2401 1282 Quia
2439 1214 2778 1272 sufﬁcientes
2812 1225 2970 1274 erant
2995 1218 3064 1274 ad
3093 1218 3497 1276 confutandum
3526 1221 3652 1277 illos
3681 1228 3738 1279 et
3760 1221 3870 1278 ﬁde

2261 1301 2536 1375 digniores
2563 1305 2661 1379 qui
2689 1305 3124 1363 adversabantur
3169 1307 3274 1364 illis
3319 1317 3375 1366 et
3401 1325 3502 1380 pro
3547 1309 3666 1382 ipso
3698 1311 3869 1367 ratio-

2261 1408 2390 1448 nem
2409 1393 2731 1452 reddebant.
2752 1397 2930 1468 Igitur
2939 1397 3065 1470 quia
3079 1397 3472 1455 dissentiebant
3490 1399 3632 1456 inter
3642 1415 3720 1469 se,
3739 1399 3872 1473 quid

2261 1482 2407 1539 ultra
2437 1499 2574 1556 opus
2599 1493 2720 1542 erat
2743 1487 3119 1544 contradicere
3149 1487 3240 1544 his
3284 1488 3375 1561 qui
3404 1488 3870 1558 criminabantur,

2262 1574 2574 1643 praesertim
2621 1591 2753 1633 cum
2797 1591 2975 1650 neque
3025 1577 3107 1634 sic
3145 1576 3316 1636 ﬁdem
3362 1577 3591 1651 quidem
3633 1579 3872 1636 habituri

2263 1671 2448 1718 essent
2461 1667 2486 1719 ?

547 1756 644 1815 καὶ
701 1754 835 1833 ὑπὲρ
888 1755 1048 1813 αὐτοῦ
1127 1753 1570 1834 ἀπολογούμενοι.
1632 1752 1793 1812 Ἐπεὶ
1850 1742 1938 1812 οὖν
2018 1747 2148 1810 κατ’
2206 1750 2456 1824 ἀλλήλων
2522 1751 2739 1814 ἵσταντο
2803 1755 3231 1836 διασχισθέντες,
3299 1757 3351 1817 τί
3403 1757 3481 1817 ἔτι
3531 1758 3638 1818 ἔδει
3687 1757 3870 1818 λοιπὸν

547 1846 644 1905 καὶ
674 1845 836 1904 αὐτὸν
884 1841 1172 1922 ἀντιλέγειν
1224 1851 1331 1910 τοῖς
1377 1843 1784 1916 διαϐάλλουσιν,
1831 1842 1924 1902 καὶ
1969 1847 2139 1900 ταῦτα
2172 1839 2309 1918 μηδὲ
2337 1848 2588 1903 τοσοῦτον
2617 1845 2920 1914 ἀξιόπιστον
2961 1846 3238 1924 ἔσόμενον;

637 1965 662 1990 ι
707 1933 960 2014 Ἐγένετο
1007 1933 1062 1994 δὲ
1103 1933 1174 1994 τὰ
1207 1932 1448 2013 ἐγκαίνια
1482 1936 1535 1992 ἐν
1571 1942 1680 2002 τοῖς
1723 1931 2151 2010 Ἱεροσολύμοις,
2193 1933 2241 1996 Β

551 2027 648 2086 καὶ
699 2023 906 2105 χειμὼν
967 2015 1050 2095 ἦν.
1107 2022 1219 2084 Καὶ
1265 2025 1582 2103 περιεπάτει
1631 2027 1660 2084 6
1711 2023 1918 2094 Ἰησοῦς
1967 2023 2018 2082 ἐν
2075 2025 2154 2105 τῷ

549 2119 680 2197 ἱερῷ
728 2117 782 2174 ἐν
947 2121 1081 2194 στοᾷ
1111 2117 1207 2172 τοῦ
1261 2115 1627 2192 Σολομῶντος.
1657 2112 2010 2174 Ἐκύκλωσαν
2063 2101 2152 2170 οὖν

555 2206 713 2265 αὐτὸν
764 2206 812 2264 οἱ
859 2201 1132 2278 Ἰουδαῖοι,
1166 2200 1262 2263 καὶ
1291 2200 1473 2282 ἔλεγον
1518 2205 1688 2283 αὐτῷ·
1719 2201 1867 2269 "Em:
1898 2202 2031 2261 πότε
2055 2200 2152 2272 τὴν

551 2295 733 2378 ψυχὴν
777 2297 930 2370 ἡμῶν
963 2292 1154 2374 αἴρεις;
1205 2293 1274 2352 Εἰ
1306 2292 1370 2352 σὺ
1414 2284 1462 2352 εἷ
1491 2297 1518 2352 6
1548 2292 1781 2374 Χριστὸς
1804 2339 1820 2368 ,
1873 2291 1990 2350 εἰπὲ
2023 2291 2154 2378 ᾒμῖν

553 2372 857 2467 παρρησία.
934 2372 1222 2464 Ἀπεκρίθη
1297 2385 1474 2450 αὐτοῖς
1561 2372 1616 2441 6'
1665 2382 1902 2454 Ἰησοῦς·
1982 2372 2152 2442 Εἶπον

553 2479 716 2553 ὑμῖν,
757 2475 848 2534 καὶ
879 2477 938 2534 οὖ
965 2473 1269 2534 πιστεύετε.
1319 2476 1371 2534 Τ
1376 2471 1410 2532 ὰ
1460 2472 1590 2553 ἔργα
1627 2471 1663 2532 ἃ
1692 2471 1798 2552 ἐγὼ
1827 2474 1964 2531 ποιῶ
1992 2473 2045 2530 ἐν
2077 2473 2155 2550 τῷ

552 2565 780 2640 ὀνόματι
806 2569 898 2624 τοῦ
927 2562 1144 2644 Πατρός
1177 2587 1302 2642 μου,
1345 2567 1520 2622 ταῦτα
1553 2570 1816 2643 μαρτυρεῖ
1846 2561 1970 2640 περὶ
1998 2564 2150 2640 ἐμοῦ.

549 2657 698 2716 Ἀλλ’
729 2658 880 2731 ὑμεῖς
910 2655 970 2712 οὗ
1010 2651 1290 2713 πιστεύετε
1313 2654 1436 2736 ζοῦ
1463 2652 1570 2736 γάρ
1618 2655 1738 2712 ἐστε
1788 2657 1847 2712 ἐκ
1877 2653 1982 2710 τῶν
2016 2674 2156 2729 προ-

554 2745 734 2805 ϐάτων
763 2749 868 2803 τῶν
901 2745 1042 2822 ἐμῶν
1063 2789 1079 2816 ,
1107 2742 1284 2810 καθὼς
1314 2732 1462 2802 εἷπον
1504 2732 1650 2820 ὑμῖν.
1680 2769 1705 2794 ιο
1738 2745 1880 2802 Ποῖα
1913 2739 2156 2819 ἐγκαίνια

557 2838 765 2912 ἐγένετο
799 2836 853 2892 ἐν
887 2832 1314 2914 Ἱεροσολύμοις;
1345 2831 1500 2900 Τινὲς
1535 2831 1632 2908 μέν
1680 2855 1839 2913 φασιν
1860 2877 1878 2909 ,
1909 2829 1992 2889 ὅτι
2037 2828 2157 2890 καθ’

555 2926 620 2997 ἣν
650 2923 862 3004 ἡμέραν
909 2923 1226 3004 ᾠκοδομήθη
1269 2926 1297 2982 6
1323 2921 1447 2989 ναὸς
1483 2921 1589 2982 ὕπὸ
1632 2928 1727 2982 τοῦ
1766 2923 2114 2998 Σολομῶντος
2141 2968 2153 2991 ,

559 3017 681 3072 κατ’
752 3013 918 3088 αὐτὴν
978 3011 1225 3092 ἑόρταζον
1292 3011 1362 3072 τὰ
1430 3010 1692 3090 ἐγχαίνια.
1749 3008 1933 3071 Ἄλλοι
1987 3007 2046 3074 δὲ
2098 3011 2157 3068 οὗ

556 3104 710 3164 τοῦτό
758 3126 942 3184 φασιν,
976 3101 1118 3161 ἀλλὰ
1149 3106 1243 3175 τῆς
1295 3101 1433 3180 μετὰ
1477 3101 1575 3174 τὴν
1607 3099 1987 3182 αἰχμαλωσίαν
2013 3101 2160 3158 οἷκο-

552 3196 719 3272 δομῆς
747 3198 841 3253 τοῦ
877 3198 1002 3252 ναοῦ
1037 3191 1106 3252 τὰ
1160 3191 1405 3268 ἐγκαίνια
1455 3199 1544 3253 νῦν
1593 3190 1765 3271 λέγειν
1799 3189 1888 3249 τὸν
1943 3190 2162 3269 εὐαγγε-

555 3285 774 3358 λιστήν.
824 3284 1098 3362 Λαμπρὰν
1159 3283 1214 3341 δὲ
1265 3273 1392 3361 ἦγον
1443 3282 1540 3355 τὴν
1598 3279 1788 3363 ἑορτὴν
1840 3279 1933 3340 καὶ
1991 3281 2157 3355 δημο-

551 3378 703 3446 τελῆ.
754 3373 856 3441 ⁶Ως
893 3372 997 3452 γὰρ
1029 3372 1118 3432 τὸν
1151 3374 1342 3432 οἰκεῖον
1389 3371 1588 3449 κόσμον
1641 3368 2019 3438 ἀπολαϐούσης
2063 3374 2157 3440 τῖς

549 3464 762 3532 πόλεως
793 3461 930 3540 μετὰ
959 3462 1057 3533 τὴν
1091 3462 1305 3544 μακρὰν
1339 3461 1544 3535 ἐκείνην
1577 3460 1964 3542 αἰχμαλωσίαν
1983 3507 1999 3535 ,
2026 3483 2159 3542 χαρ-

553 3559 721 3632 μονῆς
788 3553 997 3634 ἡμέραν
1055 3553 1151 3626 τὴν
1200 3556 1308 3611 τῶν
1371 3552 1652 3630 ἐγκαινίων
1712 3555 2004 3611 ἐποιοῦντο.
2061 3550 2154 3611 Ἐν

548 3643 719 3724 ταύτῃ
775 3633 866 3703 οὖν
1039 3644 1194 3723 ἑορτῇ
1243 3645 1421 3723 παρῆν
1472 3641 1566 3700 καὶ
1610 3646 1637 3701 6
1677 3641 1912 3714 Ἰησοῦς·
1971 3639 2153 3700 λοιπὸν

549 3733 657 3814 γὰρ
831 3731 1352 3816 Ἰουδαία-συνεχῶς
1410 3730 1798 3812 ἐπεχωρίαζεν,
1857 3729 2040 3802 ἐπειδὴ
2097 3730 2156 3789 τὸ

550 3825 717 3890 πάθος
745 3814 833 3882 ἐπὶ
863 3814 1056 3906 θύραις
1076 3814 1163 3897 ἦν.
1196 3820 1419 3899 Χειμὼν
1441 3822 1544 3902 γὰρ
1573 3821 1900 3894 ἐνειστήκει,
1949 3823 2066 3897 μεθ’
2096 3818 2152 3880 ὃν

550 3917 797 3993 χειμῶνα
850 3916 904 3973 ἐν
956 3916 1034 3992 τῷ
1085 3911 1284 3992 πρώτῳ
1343 3918 1436 3971 τοῦ
1491 3911 1644 3992 ἔαρος
1700 3909 1829 3988 μηνὶ
1880 3908 2077 3970 ἔπαθεν
2127 3912 2155 3968 6

549 4003 765 4084 Κύριος.
828 4002 927 4063 Διὸ
973 4001 1065 4061 καὶ
1120 4005 1146 4060 6
1197 3999 1577 4081 εὖαγγελιστὴς
1631 3998 2007 4078 ἐπεσημήνατο
2064 3997 2154 4058 τὸν

547 4094 771 4174 καιρὸν,
813 4092 1064 4152 δεικνύων
1099 4091 1178 4152 ὅτι
1217 4089 1370 4171 ἐγγὺς
1415 4083 1480 4164 ἦν
1515 4093 1542 4150 6
1571 4089 1754 4172 καιρὸς
1805 4095 1895 4150 τοῦ
1926 4087 2154 4166 πάθους,

548 4183 644 4241 καὶ
710 4181 801 4242 διὰ
863 4187 1019 4241 τοῦτο
1087 4190 1198 4252 τοῖς
1247 4179 1638 4263 Ἱεροσολύμοις
1704 4178 2059 4259 ἐπεχωρίαζεν
2128 4181 2156 4236 6

551 4273 766 4354 Κύριος.
828 4299 856 4326 σι
920 4271 1272 4333 Ἐκύκλωσαν
1319 4261 1408 4331 οὖν
1470 4269 1628 4331 αὐτὸν
1680 4272 1728 4328 οἱ
1784 4268 2068 4330 Ἰουδαῖοιο
2130 4295 2155 4322 ν

548 4363 641 4422 καὶ
689 4365 770 4443 τῷ
815 4362 910 4439 μὲν
945 4362 1148 4436 δοκεῖν,
1207 4363 1268 4421 ἐκ
1310 4360 1471 4420 πόθου
1515 4359 1652 4427 τινὸς
1699 4358 1790 4417 καὶ
1837 4357 2156 4439 φιλομαθίας

550 4453 818 4532 ἰρωτῶσιν
854 4452 1020 4512 εἰπεῖν
1064 4453 1263 4526 αὐτοῖς,
1311 4453 1355 4511 εἷ
1406 4449 1562 4516 αὐτός
1615 4451 1761 4508 ἐστιν
1815 4451 1844 4506 6
1894 4449 2156 4528 Χριστός”

548 4547 615 4621 τῇ
656 4542 712 4600 δὲ
754 4542 976 4623 ἀληθεία
1025 4543 1085 4600 ἐκ
1117 4541 1396 4622 περιέργου
1443 4539 1532 4600 καὶ
1570 4536 1958 4620 διεφθαρμένης
2006 4537 2148 4619 γνώ-

549 4658 656 4709 μης
696 4636 736 4712 ἡ
791 4631 1069 4712 ἐρώτησις.
1117 4634 1242 4692 Τῶν
1283 4629 1387 4712 γὰρ
1430 4631 1597 4710 ἔργων
1648 4625 2017 4709 κηρυττόντων
2057 4629 2153 4686 αὖ·

551 4723 639 4782 τὸν
674 4711 930 4780 εἶναιτὸν
963 4719 1194 4800 Χριστὸν
1215 4767 1232 4798 ,
1283 4711 1472 4780 ἐκεῖνοι
1511 4718 1618 4778 ἀπὸ
1653 4719 1906 4800 ῥημάτων
1946 4717 2158 4790 ἐζήτουν

551 4818 770 4889 μαθεῖν·
816 4809 846 4869 ὃ
879 4811 1174 4881 παιζόντων
1227 4809 1429 4888 μᾶλλόν
1480 4811 1631 4883 ἐστι,
1685 4809 1777 4868 καὶ
1821 4807 2156 4890 ἐπεγγελῶν-

546 4926 675 4962 των.
732 4901 931 4980 Ὅμως
983 4901 1040 4960 δὲ
1103 4906 1139 4973 ἡ
1191 4899 1444 4981 ἐρώτησις
1503 4901 1708 4971 πολλῆς
1777 4897 2159 4976 ἀγνωμοσύνης

549 4991 790 5069 γέμουσα
839 4989 934 5049 καὶ
1003 4991 1415 5072 κατεψευσμένη
1469 4989 1847 5070 τυγχάνουσα,
1907 4987 2006 5061 τὴν
2057 5012 2158 5065 μοι

549 5082 772 5162 χθηρίαν
821 5082 990 5140 αὖτῶν
1026 5079 1324 5140 δείκνυσιν.
1370 5107 1392 5132 α
1427 5077 1567 5140 Εἰπὲ
1598 5077 1735 5158 γὰρ,
1787 5077 1980 5160 φασὶν,
2027 5082 2157 5156 ἡμῖν

547 5171 848 5253 παρρησίᾳ.
908 5198 931 5223 ιι
981 5169 1090 5231 Καὶ
1140 5168 1246 5246 μὴν
1311 5171 1585 5250 πολλαχοῦ
1637 5169 1785 5245 ἔλεγε
1840 5167 2156 5250 παρρησίᾳ,

545 5261 638 5320 καὶ
669 5263 786 5328 ταῖς
837 5262 1044 5340 ἑορταῖς
1081 5258 1488 5340 ἔπιχωριάζων,
1522 5258 1614 5318 καὶ
1646 5258 1795 5317 οὐδὲν
1827 5260 1883 5318 ἐν
1914 5261 1991 5339 τῷ
2021 5282 2157 5340 κρυ-

546 5354 669 5434 πτῷ
714 5353 933 5426 λαλῶν,
983 5349 1078 5411 καὶ
1126 5349 1256 5412 Υἱὸν
1306 5350 1448 5409 Θεοῦ
1490 5349 1677 5408 ἑαυτὸν
1707 5348 1980 5423 ὀνομάζων
2006 5397 2022 5428 ,
2066 5347 2162 5408 καὶ

547 5446 687 5521 φῶς,
717 5441 811 5502 καὶ
835 5441 952 5501 ὁδὸν
973 5486 989 5515 ,
1020 5441 1110 5500 καὶ
1156 5439 1349 5520 θύραν,
1387 5438 1476 5497 καὶ
1513 5438 1604 5498 τὸν
1633 5438 1870 5513 Μωσῆν,
1897 5439 2156 5519 παράγων

547 5534 820 5614 μάρτυρα.
873 5532 972 5593 Διὸ
1012 5531 1249 5611 ἐλέγλων
1295 5527 1482 5596 αὖτοὺς
1513 5531 1541 5586 6
1582 5527 1801 5614 [(ύριος,
1846 5529 1918 5596 ὡς
1960 5530 2022 5588 ἐκ
2057 5552 2158 5587 που

545 5609 712 5702 νηρᾶς
733 5609 1434 5706 ’ῳθεγγομένουςγνώμηῇ
1473 5646 1496 5674 ι
1531 5609 1712 5706 Ἐἶπον
1747 5618 1898 5697 ὑμῖν,
1931 5646 1953 5672 ει
1993 5618 2159 5700 φησὶ,

544 5703 826 5788 πολλάκις,
852 5703 878 5769 .'
913 5711 1005 5772 καὶ
1038 5713 1099 5770 οὖ
1127 5709 1429 5772 πιστεύετε.
1459 5736 1487 5763 υ
1516 5703 1721 5778 Ἄλλως
1744 5732 1802 5768 τε
1827 5753 1843 5786 ,
1881 5710 1931 5770 Τ
1937 5707 1955 5768 ί
1981 5732 2154 5791 προσ-

614 5811 659 5845 ί⁹
681 5815 841 5873 Joan.
876 5828 923 5884 ι,
959 5819 1027 5880 -ις
1058 5826 1126 5880 x,
1157 5813 1213 5864 7.

2187 4597 2235 4659 D

2340 1945 2522 1999 Vnus.
2553 1949 2744 2000 22-26.
2777 1967 2799 1993 α
2835 1946 2994 2002 Facta
3024 1953 3152 2001 sunt
3180 1953 3369 2001 autem
3403 1945 3645 2002 encaenia
3675 1945 3874 2003 Hiero-

2263 2031 2510 2104 solymis,
2539 2041 2594 2088 et
2623 2032 2805 2089 hiems
2833 2042 2975 2090 erat.
3009 2037 3078 2090 Et
3106 2033 3422 2090 ambulabat
3449 2036 3610 2091 Jesus
3640 2036 3694 2091 in
3728 2043 3872 2092 tem-

2263 2121 2352 2192 plo
2373 2121 2431 2176 in
2457 2123 2673 2195 porticu
2699 2123 3034 2180 Salomonis.
3067 2123 3564 2181 Circumdederunt
3583 2141 3711 2198 ergo
3741 2141 3870 2182 eum

2261 2211 2460 2280 Judaei,
2491 2220 2547 2268 et
2570 2211 2831 2269 dicebant
2857 2213 2906 2269 ei
2955 2233 2966 2268 :
3015 2215 3316 2287 Quousque
3343 2213 3590 2270 animam
3617 2223 3871 2272 nostram

2263 2301 2590 2374 suspendis?
2639 2302 2693 2359 Si
2735 2310 2798 2360 tu
2841 2318 2901 2360 es
2943 2302 3216 2372 Christus,
3263 2303 3354 2361 dic
3405 2304 3568 2361 nobis
3609 2304 3868 2378 ingenue.

2262 2391 2569 2464 Respondit
2593 2392 2671 2449 eis
2697 2394 2858 2449 Jesus
2889 2410 2904 2447 :
2935 2392 3061 2449 Dixi
3089 2393 3266 2464 vobis,
3295 2409 3395 2449 nec
3419 2393 3663 2450 creditis.
3697 2395 3872 2467 Opera

2263 2496 2389 2553 qua
2418 2496 2521 2552 ego
2570 2479 2711 2538 facio
2740 2481 2798 2537 in
2826 2482 3057 2539 nomine
3085 2483 3264 2539 Patris
3293 2483 3428 2550 mei,
3470 2482 3591 2539 hinc
3620 2483 3868 2540 testimo-

2262 2569 2418 2625 nium
2450 2569 2686 2626 reddunt
2709 2569 2778 2627 de
2805 2586 2916 2626 me.
2948 2570 3057 2627 Sed
3076 2586 3178 2626 vos
3203 2586 3315 2626 non
3341 2569 3581 2641 creditis,
3610 2572 3737 2643 quia
3761 2588 3872 2628 non

2266 2659 2397 2716 estis
2458 2675 2524 2716 ex
2583 2659 2774 2717 ovibus
2846 2660 3010 2728 meis,
3072 2659 3544 2733 quemadmodum
3617 2660 3870 2719 dicebam

2264 2749 2435 2805 vobis.
2489 2772 2516 2799 ν
2555 2750 2691 2819 Quae
2719 2749 2968 2807 encaenia
3007 2748 3150 2806 facta
3193 2758 3326 2806 sunt
3353 2750 3408 2805 in
3437 2750 3870 2823 Hierosolymis?

2266 2839 2509 2910 Quidam
2563 2839 2759 2896 dicunt
2811 2837 2962 2911 quod
3008 2854 3119 2912 quo
3175 2839 3264 2895 die
3312 2838 3650 2896 aediﬁcatum
3700 2838 3874 2896 fuerit

2268 2929 2538 3001 templum
2560 2946 2590 2985 a
2617 2929 2929 2999 Salomone,
2961 2929 3157 2986 eodem
3177 2928 3573 2985 celebraverint
3602 2931 3866 2987 enczenia.

2269 3019 2375 3075 Alii
2420 3027 2608 3075 autem
2647 3035 2762 3076 non
2787 3018 2894 3077 hoc
2922 3019 3134 3086 dicunt,
3162 3019 3258 3076 sed
3295 3019 3686 3091 evangelistam
3716 3020 3875 3076 aiunt

2268 3107 2452 3165 dicere
2475 3109 2720 3167 encaenia
2751 3109 3052 3165 constructi
3095 3108 3287 3181 templi
3318 3116 3444 3181 post
3469 3108 3864 3181 captivitatem.

2272 3199 2606 3256 Praeclarum
2633 3207 2820 3255 autem
2865 3207 2918 3256 et
2946 3198 3158 3255 celebre
3186 3198 3424 3271 agebant
3451 3196 3673 3255 festum.
3723 3201 3871 3255 Nam

2268 3296 2528 3361 tanquam
2567 3289 2756 3345 civitas
2784 3304 2950 3345 suum
2979 3296 3239 3345 ornatum
3269 3288 3564 3360 recepisset
3603 3296 3729 3359 post
3755 3288 3873 3344 lon-

2261 3395 2387 3451 gam
2410 3379 2570 3435 illam
2589 3379 2988 3451 captivitatem,
3000 3377 3313 3451 jucundum
3339 3377 3485 3434 diem
3505 3378 3873 3436 enceniorum

2262 3467 2552 3526 faciebant.
2587 3473 2652 3525 ln
2695 3469 2802 3526 hoc
2829 3469 2993 3544 igitur
3022 3468 3164 3525 festo
3195 3468 3391 3525 aderat
3418 3473 3473 3524 et
3498 3471 3679 3525 Jesus.
3710 3471 3872 3525 Nunc

2261 3567 2452 3615 autem
2494 3557 2834 3631 frequentius
2873 3565 3123 3614 versatur
3174 3559 3234 3613 in
3269 3557 3488 3627 Judaea,
3519 3558 3648 3630 quia
3692 3557 3872 3630 passio

2260 3647 2318 3704 in
2342 3647 2555 3706 foribus
2579 3657 2718 3706 erat.
2748 3649 2947 3706 Hiems
2970 3647 3120 3706 enim
3146 3647 3404 3716 instabat,
3426 3657 3722 3720 postquam
3751 3647 3873 3703 hie-

2261 3754 2408 3793 mem
2457 3738 2517 3794 in
2569 3739 2747 3811 primo
2788 3753 2982 3794 mense
3012 3737 3156 3793 veris
3203 3752 3394 3809 passus
3438 3745 3524 3791 est
3570 3736 3866 3792 Dominus.

2263 3829 2555 3899 Propterea
2593 3835 2649 3884 et
2675 3827 3010 3898 evangelista
3052 3825 3262 3881 notavit
3303 3834 3546 3896 tempus,
3575 3824 3872 3880 ostendens

2261 3917 2411 3990 quod
2446 3931 2616 3989 prope
2644 3917 2717 3973 sit
2744 3924 2960 3987 tempus
2985 3913 3274 3987 passionis,
3303 3922 3357 3969 et
3380 3920 3671 3985 propterea
3693 3928 3872 3969 versa-

2258 4015 2353 4064 tur
2379 4006 2438 4062 in
2462 4005 2891 4080 Hierosolymis.
2917 4027 2944 4055 α
2975 4002 3475 4061 Circumdederunt
3495 4002 3666 4076 igitur
3689 4001 3870 4075 ipsum

2258 4097 2464 4167 Judaei,
2498 4120 2523 4146 ιι
2577 4105 2634 4153 et
2673 4103 2999 4169 apparenter
3032 4092 3259 4166 quidem
3305 4109 3374 4149 ex
3414 4091 3681 4150 desiderio
3737 4107 3873 4165 quo-

2260 4185 2393 4244 dam
2439 4185 2682 4244 discendi
2723 4187 3070 4258 interrogant
3111 4192 3176 4240 ut
3220 4182 3299 4240 eis
3327 4182 3494 4252 dicat,
3529 4204 3556 4233 α
3589 4198 3729 4239 num
3755 4183 3870 4255 ipse

2261 4278 2332 4333 sit
2359 4276 2632 4346 Christus,
2669 4298 2696 4326 ι»
2736 4291 2930 4332 revera
2967 4283 3154 4331 autem
3183 4289 3250 4329 ex
3293 4281 3552 4345 corrupta
3597 4280 3654 4329 et
3680 4272 3869 4329 curio-

2262 4381 2322 4424 sa
2351 4375 2537 4422 mente
2576 4365 2824 4438 profecta
2843 4373 2928 4422 est
2953 4363 3334 4436 interrogatio.
3367 4366 3510 4420 Nam
3532 4377 3665 4420 cum
3698 4377 3867 4434 opera

2259 4457 2622 4529 praedicarent
2677 4455 2833 4511 illum
2881 4469 3001 4511 esse
3054 4453 3360 4518 Christum,
3417 4451 3507 4510 isti
3558 4468 3626 4507 ex
3684 4452 3868 4509 verbis

2261 4547 2582 4619 quaerebant
2623 4544 2862 4613 discere;
2916 4541 3068 4615 quod
3098 4541 3411 4598 ludentium
3449 4541 3622 4612 magis
3671 4548 3757 4597 est
3810 4549 3867 4596 et

2261 4635 2652 4692 deridentium.
2695 4633 2938 4691 Omnino
2968 4640 3151 4689 autem
3190 4630 3424 4703 quaestio
3457 4645 3652 4703 magna
3690 4629 3868 4703 ingra-

2267 4726 2495 4782 titudine
2534 4727 2690 4798 plena
2741 4732 2845 4793 est,
2890 4732 2946 4780 et
2984 4721 3268 4780 fallacium
3322 4721 3545 4778 illorum
3598 4720 3870 4777 malitiam

2266 4816 2583 4874 ostendens.
2633 4837 2659 4864 α
2691 4814 2798 4870 Dic
2843 4813 3016 4881 enim,
3071 4811 3348 4886 inquiunt,
3387 4810 3550 4867 nobis
3592 4809 3778 4868 libere.
3838 4835 3864 4860 ιι

2271 4908 2412 4964 Sane
2447 4905 2651 4978 ubique
2678 4903 2894 4961 dicebat
2919 4903 3111 4971 libere,
3143 4910 3198 4958 et
3221 4901 3579 4975 comparebat
3607 4900 3664 4956 in
3692 4899 3868 4970 festis,

2268 5005 2324 5053 et
2359 4995 2491 5053 nihil
2518 4996 2577 5051 in
2602 4994 2817 5051 occulto
2847 4993 3197 5066 loquebatur,
3223 4991 3536 5064 Filiumque
3561 4990 3662 5046 Dei
3683 5005 3742 5045 se
3769 5005 3870 5045 no-

2269 5086 2538 5157 minabat,
2569 5107 2596 5134 «
2625 5091 2681 5141 et
2708 5084 2913 5152 lucem,
2948 5091 3004 5140 et
3022 5081 3213 5151 vitam,
3237 5089 3290 5138 et
3319 5083 3523 5136 ostium
3556 5078 3624 5148 ⁵³,
3658 5100 3682 5127 υ
3711 5078 3868 5134 adhi-

2271 5175 2386 5233 bito
2416 5176 2585 5232 etiam
2629 5182 2771 5231 teste
2812 5176 2989 5230 Mose.
3021 5175 3323 5244 Propterea
3352 5183 3590 5242 arguens
3625 5183 3720 5223 eos
3747 5170 3872 5223 Do-

2269 5265 2476 5334 minus,
2497 5273 2689 5336 utpote
2715 5263 2860 5320 malo
2881 5262 3068 5318 animo
3089 5261 3375 5333 loquentes
3399 5277 3411 5313 :
3443 5279 3469 5306 «
3499 5255 3620 5311 Dixi
3640 5255 3817 5326 vobis,
3842 5278 3868 5306 ιι

2267 5355 2466 5427 inquit,
2499 5353 2718 5426 saepius,
2753 5375 2780 5403 α
2812 5360 2869 5410 et
2910 5368 3026 5408 non
3054 5349 3298 5407 creditis.
3333 5371 3359 5397 ιι
3394 5354 3450 5403 et
3484 5346 3638 5400 aliter
3676 5362 3690 5399 :
3730 5344 3875 5414 Quid

2270 5445 2345 5502 ita
2405 5444 2678 5502 simulatis
2732 5441 2883 5515 quod
2943 5439 3096 5498 nudo
3167 5437 3337 5495 verbo
3400 5434 3877 5508 persuadeamini?

2271 5557 2299 5585 α
2335 5537 2513 5608 Opera
2558 5550 2682 5608 quae
2708 5532 2870 5599 facio,
2908 5552 2937 5581 ιο
2967 5546 3081 5586 non
3127 5535 3191 5586 ut
3226 5525 3574 5583 adversarius
3612 5527 3742 5597 Dei,
3782 5524 3878 5581 sed

2273 5647 2300 5676 «ι
2339 5625 2395 5682 in
2414 5624 2645 5682 nomine
2670 5622 2855 5679 Patris
2878 5621 3009 5690 mei,
3035 5643 3062 5669 υ
3082 5634 3194 5675 non
3219 5616 3488 5690 recipitis,
3516 5623 3574 5672 et
3593 5613 3877 5689 quomodo

2269 5715 2432 5774 nudis
2472 5715 2652 5773 verbis
2674 5711 2945 5771 credetis?
2980 5709 3222 5769 Omnino
3260 5707 3411 5767 enim
3441 5705 3619 5780 major
3651 5713 3737 5763 est
3762 5704 3878 5761 vir-
