4198 6458
505 465 576 518 79
1525 453 2042 513 THEOPHYLACTI
2081 455 2440 514 BULGARLE
2475 458 2797 516 ARCHIEP.
3767 463 3837 517 80

503 589 595 642 tus
651 599 885 657 operum
945 598 1111 656 quam
1169 581 1464 638 verborum
1505 580 1573 638 ad
1630 581 2072 654 persuadendum

2223 587 2456 644 ποιεῖσθε
2503 584 2564 643 τὸ
2625 585 2730 645 ἀπὸ
2784 585 2938 666 ψιλοῦ
2988 583 3223 666 ῥήματος
3286 589 3604 658 πεισθῆναι;
3655 613 3680 639 ι
3733 586 3822 646 Τὰ

503 674 670 746 651
713 672 865 745 quod
890 681 945 730 et
991 671 1303 728 fatebantur
1342 670 1399 726 hi
1435 670 1528 742 qui
1557 671 1754 727 melius
1778 671 1920 727 inter
1959 671 2111 742 ipsos

503 772 812 844 sapiebant,
867 770 1112 826 dicentes
1156 786 1170 824 :
1219 791 1244 817 ‹ι
1285 771 1410 824 Non
1441 776 1622 840 potest
1645 768 1816 824 homo
1855 776 2111 840 peccator

501 862 657 933 signa
680 861 808 916 talia
830 857 1032 915 facere.
1071 881 1097 908 ιι
1127 862 1419 929 Propterea
1443 856 1576 913 dicit
1608 873 1620 908 :
1658 881 1682 905 «
1733 861 1855 914 Non
1892 857 2110 914 creditis

503 949 658 1017 mihi,
707 949 835 1021 quia
855 965 965 1004 non
1014 947 1144 1003 estis
1183 963 1250 1002 ex
1290 946 1482 1002 ovibus
1531 946 1690 1002 meis.
1740 970 1764 995 ιο
1821 949 1964 1002 Nam
2009 963 2110 1018 ego

512 1039 765 1112 quidem,
796 1047 855 1094 ut
873 1045 1058 1110 pastor
1078 1037 1280 1104 bonus,
1297 1051 1421 1107 qua:
1441 1036 1727 1107 oportebat
1747 1036 1944 1105 facere,
1967 1034 2075 1092 feci
2095 1055 2109 1092 :

510 1145 609 1185 vos
643 1137 826 1184 autem
864 1127 909 1184 si
939 1143 1052 1183 non
1081 1125 1413 1198 sequamini,
1442 1141 1557 1180 non
1596 1141 1698 1197 ego
1731 1125 1984 1197 pastoris,
2013 1123 2112 1181 sed

507 1233 604 1274 vos
632 1218 821 1274 ovium
846 1215 1127 1272 vocatione
1165 1214 1372 1286 indigni
1403 1213 1550 1270 estis.
1576 1217 1661 1270 Da
1694 1221 1754 1270 et
1779 1223 1838 1270 tu
1859 1230 2108 1286 operam,

505 1307 643 1364 dum
684 1305 859 1362 hiems
896 1313 998 1372 est,
1040 1319 1280 1377 praesens
1328 1303 1449 1360 dico
1490 1303 1618 1371 vita,
1664 1319 1788 1375 qua:
1834 1319 2051 1375 semper
2078 1319 2108 1359 a

505 1396 664 1453 malis
696 1395 976 1468 spiritibus
1011 1394 1290 1462 turbatur,
1340 1401 1402 1449 ut
1447 1392 1688 1449 celebres
1733 1393 1972 1450 encaenia
2010 1393 2111 1464 spi-

502 1485 712 1542 ritualis
736 1484 930 1556 templi
958 1483 1058 1552 tui,
1090 1498 1308 1554 semper
1337 1498 1515 1538 novus
1548 1480 1750 1551 factus,
1780 1491 1836 1538 et
1867 1505 1892 1532 σι
1923 1498 2110 1538 ascen-

503 1575 688 1631 siones
735 1573 789 1630 in
839 1572 1008 1630 corde
1036 1588 1251 1644 ponens
1272 1570 1318 1605 7°
1343 1612 1358 1628 .
1395 1595 1422 1621 ι
1454 1571 1648 1628 Aderit
1675 1573 1822 1629 enim
1859 1580 1991 1628 tunc
2011 1571 2106 1627 tibi

501 1666 686 1731 Jesus,
727 1663 822 1734 qui
847 1662 1012 1718 simul
1049 1660 1288 1718 celebret
1329 1660 1704 1718 encaeniorum
1746 1660 2106 1717 festivitatem

501 1751 558 1808 in
587 1752 799 1824 porticu
847 1751 1173 1819 Salomonis,
1221 1749 1468 1806 custodia
1510 1766 1609 1807 sua
1652 1758 1706 1806 te
1746 1749 2018 1818 muniens,
2051 1759 2107 1806 et

500 1841 792 1914 paciﬁcum
837 1848 893 1897 te
943 1839 1151 1898 faciens
1190 1839 1262 1896 ab
1337 1839 1740 1896 affectionibus.
1787 1842 1909 1911 Ipse
1957 1840 2104 1896 enim

2221 673 2382 752 ἔργα,
2422 673 2456 732 ἃ
2501 671 2606 752 ἐγὼ
2655 681 2826 748 ποιῶ,
2874 701 2898 725 ιθ
2961 679 3061 754 οὐχ
3104 677 3176 742 ὣς
3230 673 3494 752 ἀντίθεος,
3546 677 3666 734 ἀλλ’
3699 703 3721 728 ι
3769 678 3821 734 ἐν

2221 762 2443 839 ὀνόματι
2498 769 2589 822 τοῦ
2642 764 2856 844 Πατρός
2909 788 3027 840 μου,
3069 790 3092 816 υ
3145 765 3204 822 οὗ
3266 764 3513 845 δέχεσθε,
3567 764 3659 824 xui
3705 768 3818 832 πῶς

2219 853 2360 931 ψιλῷ
2422 852 2562 933 λόγῳ
2628 853 2981 926 πιστεύσετε;
3037 853 3263 921 Πάντως
3315 857 3420 935 γὰρ
3471 855 3582 920 τοῖς
3647 853 3819 936 ἔργοις

2221 941 2418 1000 πλείων
2464 942 2594 1020 πρὸς
2643 943 2702 1001 τὸ
2735 942 2933 1001 πείθειν
2984 943 3235 1019 δύναμις,
3286 941 3458 1015 ἣτοῖς
3494 943 3690 1020 λόγοις.
3743 941 3816 1003 ⁶Ο

2220 1033 2311 1090 xui
2339 1031 2391 1100 ἐξ
2428 1033 2601 1090 αὐτῶν
2634 1035 2682 1091 οἱ
2715 1030 3187 1114 εὐγνωμονέστεροι
3211 1031 3420 1112 ἔλεγονο
3467 1060 3492 1087 α
3527 1033 3622 1104 Μὴ
3653 1032 3817 1092 δύνα-

2218 1144 2307 1178 ται
2349 1123 2618 1200 ἄνθρωπος
2668 1121 2984 1201 ἁμαρτωλὸς
3028 1130 3228 1198 σημεῖα
3269 1126 3493 1182 τοιαῦτα
3533 1125 3738 1197 ποιεῖν;
3792 1151 3818 1176 ι

2218 1209 2306 1268 διὰ
2353 1217 2505 1269 τοῦτο
2553 1211 2640 1284 δὲ,
2687 1212 2879 1293 φησὶν,
2936 1239 2960 1262 σι
2987 1214 3070 1272 Οὐ
3115 1211 3396 1270 πιστεύετέ
3436 1235 3562 1286 μοι,
3608 1211 3688 1271 ὅτι
3716 1217 3816 1272 οὐκ

2217 1299 2333 1358 ἐστὲ
2370 1304 2429 1359 ἐκ
2470 1304 2572 1358 τῶν
2619 1301 2901 1380 προϐάτων
2945 1304 3053 1360 τῶν
3083 1302 3253 1379 ἐμῶν.
3296 1323 3327 1360 ))
3381 1299 3530 1380 Ἐγὼ
3583 1301 3679 1378 μὲν
3710 1301 3815 1382 γὰρ

2216 1393 2289 1456 ὧς
2311 1390 2510 1466 ποιμὴν
2562 1391 2746 1468 καλὸς,
2781 1389 2918 1469 ἅπερ
2957 1392 3122 1472 ἐχρῆν
3164 1395 3420 1469 ποιίἧσαι⁷
3472 1390 3724 1462 ἐποίησαο
3773 1395 3820 1451 εἰ

2218 1479 2272 1538 δὲ
2305 1483 2454 1555 ὑμεῖς
2487 1480 2581 1538 οὐχ
2612 1480 2982 1554 ἀκολουθεῖτε,
3017 1481 3114 1539 οὐκ
3144 1478 3251 1558 ἐγὼ
3287 1483 3382 1552 τῆς
3409 1483 3500 1539 τοῦ
3532 1481 3816 1558 ποιμένος,

2215 1570 2336 1627 ἀλλ’
2369 1573 2516 1644 ὑμεῖς
2560 1573 2654 1639 τῆς
2687 1572 2790 1627 τῶν
2832 1569 3115 1648 πρτϐάτων
3148 1568 3348 1638 ἀνάξιοί
3379 1572 3498 1629 ἐστε
3543 1569 3811 1643 κλήσεως.

2214 1658 2492 1726 Σπούδαζε
2524 1656 2578 1717 δὲ
2613 1658 2705 1717 xui
2735 1658 2831 1734 σὺ,
2863 1660 2916 1717 ἐν
2949 1656 3059 1737 ὅσῳ
3100 1657 3305 1738 χειμών
3343 1661 3513 1734 ἐστιν,
3542 1662 3570 1718 6
3598 1658 3815 1741 παρὼν,

2213 1747 2352 1827 λέγω
2372 1796 2388 1823 ,
2437 1748 2546 1827 βίος
2568 1793 2585 1822 ,
2639 1751 2667 1806 6
2709 1747 2792 1807 ἀεὶ
2826 1747 3070 1828 ταραχὰς
3106 1747 3207 1807 ὑπὸ
3233 1752 3338 1808 τῶν
3369 1749 3686 1827 πνευμάτων
3716 1754 3816 1822 τῆς

2212 1837 2468 1918 πονηρίας
2521 1835 2695 1917 ἔχων,
2743 1837 2807 1896 τὰ
2859 1837 3103 1916 ἐγκαίνια
3137 1838 3390 1919 ἑορτάσαι
3439 1843 3530 1900 τοῦ
3571 1863 3814 1915 πνευμα-

498 1905 786 2003 paciﬁcum
835 1930 1100 1987 Salomon
1149 1937 1250 1985 est.
1297 1929 1560 2000 Quisquis
1605 1929 1773 2000 igitur
1817 1905 1879 1984 in
1922 1937 2083 2000 proter

2213 1932 2362 1987 τικοῦ
2395 1949 2489 1986 σου
2537 1933 2698 1997 ναοῦ,
2752 1926 2834 1985 ἀεὶ
2876 1926 2990 1996 νέος
3037 1927 3334 2006 γινόμενος.
3381 1929 3474 1989 καὶ
3525 1929 3817 1997 ἀναϐάσεις

499 2020 685 2076 ctione
714 2019 912 2076 Christi
943 2018 1154 2091 paciﬁci
1199 2026 1477 2085 moratur,
1510 2017 1676 2073 habet
1718 2025 1774 2072 et
1796 2017 2100 2073 Dominum

498 2108 662 2165 simul
709 2107 860 2164 diem
913 2107 1118 2164 festum
1169 2114 1421 2179 agentem
1459 2106 1830 2162 encaeniorum
1875 2105 2097 2174 animae,

497 2197 742 2270 quandiu
770 2195 947 2252 hiems
974 2196 1102 2252 vita:
1135 2194 1302 2267 hujus
1329 2194 1513 2251 durat.
1541 2198 1648 2250 Ver
1683 2195 1827 2252 enim
1852 2194 2101 2252 futurum

497 2287 766 2344 saeculum
819 2293 923 2354 est,
969 2300 1078 2356 quo
1115 2284 1304 2340 omnia
1356 2283 1704 2352 reviviscunt,
1757 2301 1868 2358 quo
1913 2285 2099 2342 nullus

496 2374 739 2431 animam
808 2374 1070 2429 innovare
1132 2381 1335 2446 potest.
1391 2375 1536 2430 Nam
1585 2373 1842 2446 praesenti
1895 2374 2100 2431 sazculo

493 2464 684 2522 omnia
713 2464 840 2519 talia
866 2462 1292 2519 concluduntur.

2213 2020 2267 2078 ἐν
2407 2017 2599 2097 καρδίᾳ
2651 2017 3026 2094 διατιθέμενος.
3067 2016 3206 2078 Τότε
3259 2016 3362 2098 γὰρ
3403 2017 3468 2090 δή
3523 2041 3606 2078 σοι
3647 2018 3738 2077 xui
3782 2021 3814 2078 6

2210 2106 2420 2179 Ἰησοῦς
2460 2105 2724 2186 παρέσται
2771 2105 2869 2179 τὴν
2917 2110 3021 2165 τῶν
3072 2107 3353 2184 ἐγχαινίων
3393 2105 3592 2168 τούτων
3625 2131 3812 2188 συνερ-

2209 2195 2496 2275 γαζόμενος
2547 2194 2732 2276 ἑορτὴν
2781 2198 2834 2254 ἐν
2883 2199 2949 2274 τῇ
3002 2203 3133 2276 στοᾷ
3177 2200 3273 2255 τοῦ
3319 2199 3704 2275 Σολομῶντος,
3752 2200 3813 2257 ἐν

2209 2291 2276 2366 τῇ
2312 2283 2486 2362 σκέπῃ
2535 2287 2700 2344 αὓτοῦ
2749 2289 3115 2366 περιφρουρῶν
3166 2309 3253 2359 σε,
3302 2286 3394 2344 xui
3432 2286 3719 2366 εἰρηνεύειν
3746 2311 3811 2347 σε

2209 2377 2374 2434 ποιῶν
2419 2374 2524 2432 ἀπὸ
2560 2376 2663 2432 τῶν
2695 2378 2900 2434 παθῶν.
2943 2374 3113 2441 Αὐτὸς
3137 2373 3242 2454 γὰρ
3271 2373 3424 2434 ἔσται
3458 2378 3486 2434 6
3515 2378 3775 2455 Σολομῶν
3795 2423 3812 2452 ,

2209 2463 2265 2531 ὃς
2296 2463 2646 2544 εἰρηνικὸς
2678 2463 3046 2544 ἑρμηνεύεται.
3074 2461 3269 2531 εὈσιςις
3301 2455 3391 2524 οὖν
3439 2466 3490 2523 ἐν
3519 2469 3586 2546 τῇ
3635 2464 3812 2544 σκέπῃ

492 2559 583 2614 τοῦ
639 2557 875 2634 Χριστοῦ
927 2559 1019 2611 τοῦ
1073 2555 1338 2633 εἰρηνικοῦ
1385 2551 1684 2625 αὐλίζεται,
1729 2550 1869 2610 κατὰ
1910 2552 2000 2612 τὸν
2049 2553 2359 2634 προφήτην,
2416 2553 2529 2632 ἔχει
2579 2552 2736 2612 αὐτὸν
2792 2554 2878 2612 τὸν
2940 2551 3134 2635 Κύριον
3191 2555 3608 2635 συνεορτάζοντα
3669 2557 3820 2635 αὐτῷ

491 2643 558 2702 τὰ
616 2648 708 2715 τ’ἤς
763 2646 939 2723 ψυχῆς
998 2641 1270 2719 ἐγκαίνια,
1328 2644 1380 2701 ἐν
1416 2638 1526 2723 ὅσῳ
1573 2645 1602 2699 6
1648 2640 1883 2721 χειμὼν,
1931 2647 1958 2702 6
2009 2641 2118 2722 βίος
2167 2635 2340 2715 οἶτος,
2395 2641 2683 2700 ἐνίσταται.
2738 2639 2886 2721 Ἔαρ
2940 2641 3043 2722 γὰρ
3096 2646 3124 2700 6
3173 2643 3380 2718 μέλλων
3420 2642 3548 2703 αἰὼν
3586 2647 3706 2704 καθ’
3754 2643 3819 2704 ὃν

492 2735 558 2793 τὰ
591 2734 766 2792 πάντα
799 2735 1001 2810 ἀναζῇ,
1050 2731 1144 2790 καὶ
1189 2732 1600 2810 παλιγγενεσίαν
1647 2730 1944 2810 λαμϐάνει,
1979 2735 2099 2791 καθ’
2152 2730 2209 2792 ὃν
2257 2730 2426 2798 οὐδεὶς
2472 2730 2569 2803 τὴν
2620 2731 2797 2812 ψυχὴν
2829 2732 3125 2809 ἐγκαινίσαι
3175 2732 3418 2792 δύναται·
3448 2736 3526 2815 τῷ
3557 2733 3658 2815 γὰρ
3696 2757 3814 2793 πα-

498 2824 640 2903 ρόντι
682 2823 834 2879 αἰῶνι
878 2821 1052 2879 πάντα
1087 2820 1156 2879 τὰ
1189 2827 1408 2881 τοιαῦτα
1438 2819 1794 2897 συγκλείεται.

561 2935 743 2989 νΕιιε.
774 2936 966 2987 27-30.
1006 2955 1031 2980 «ι
1067 2933 1211 2988 Oves
1239 2946 1378 2988 meae
1401 2947 1597 2987 vocem
1625 2946 1808 2987 meam
1839 2930 2091 3004 audiunt,

2287 2936 2312 2964 α
2363 2907 2557 2976 Καθὼς
2586 2899 2733 2969 εἷπον
2765 2913 2886 2988 ὑμῖν
2906 2959 2922 2985 ,
2959 2911 3028 2970 τὰ
3056 2913 3305 2991 πρόϐατα
3330 2911 3397 2970 τὰ
3429 2911 3536 2991 ἐμὰ
3569 2915 3660 2985 τῆς
3695 2937 3813 2994 φω-

488 3032 544 3080 et
579 3037 679 3095 ego
726 3037 1001 3093 cognosco
1039 3036 1154 3088 eas,
1193 3028 1247 3076 et
1275 3028 1585 3092 sequuntur
1613 3035 1724 3088 me,
1771 3027 1827 3075 et
1865 3034 1970 3092 ego
2015 2998 2083 3076 vi:

2201 3003 2296 3070 ν’ἤς
2327 3022 2428 3077 μου
2477 2998 2686 3070 ἀκούει,
2736 2999 2888 3076 κάγὼ
2937 3000 3182 3080 γινώσκω
3231 3002 3400 3077 αὐτὰ,
3447 3003 3537 3062 καὶ
3568 3003 3809 3062 ἀκολου-

487 3123 604 3169 tam
643 3121 911 3170 aeternam
957 3110 1029 3167 do
1087 3111 1188 3178 eis,
1235 3125 1340 3166 nec
1387 3109 1640 3181 peribunt
1683 3109 1740 3163 in
1789 3116 2086 3180 aeternum,

483 3218 662 3276 neque
700 3201 870 3274 rapiet
922 3215 1018 3257 eas
1059 3199 1355 3273 quisquam
1402 3199 1471 3256 de
1512 3215 1685 3254 manu
1729 3213 1875 3255 mea.
1923 3200 2089 3256 Pater

484 3306 642 3347 meus
691 3291 784 3363 qui
821 3289 974 3346 dedit
998 3287 1154 3356 mihi,
1196 3288 1375 3359 major
1414 3286 1674 3344 omnibus
1704 3296 1809 3357 est,
1836 3295 1892 3344 et
1919 3304 2087 3345 nemo

485 3388 664 3452 potest
699 3395 891 3451 rapere
941 3377 1013 3434 de
1052 3394 1218 3433 manu
1269 3377 1446 3433 Patris
1495 3376 1629 3434 mei.
1672 3379 1790 3450 Ego
1832 3385 1888 3432 et
1927 3380 2088 3433 Pater

483 3487 657 3527 unum
699 3484 913 3526 sumus.
967 3491 992 3517 ν
1031 3470 1338 3539 Postquam
1383 3465 1523 3522 dixit
1562 3467 1664 3534 eis,
1716 3487 1746 3518 ‹‹
1792 3467 1914 3522 Non
1954 3467 2085 3524 estis

480 3577 545 3616 ex
603 3559 793 3615 ovibus
838 3557 994 3626 meis,
1039 3581 1064 3606 ιο
1095 3573 1240 3612 nunc
1284 3556 1535 3612 hortatur
1574 3571 1670 3611 eos
1700 3564 1763 3612 ut
1791 3555 1924 3611 ﬁant
1952 3571 2084 3612 oves

481 3650 598 3721 ejus
643 3670 654 3706 :
697 3648 818 3704 ideo
862 3655 916 3702 et
943 3645 1152 3715 subdit,
1193 3646 1385 3703 dicens
1429 3667 1441 3702 :
1482 3669 1504 3694 α
1537 3647 1682 3702 Oves
1723 3661 1861 3702 mem
1887 3661 2080 3702 vocem

477 3754 661 3795 meam
691 3737 946 3805 audiunt,
977 3745 1033 3792 et
1059 3745 1366 3808 sequuntur
1399 3751 1510 3792 me.
1546 3758 1572 3784 ιο
1615 3735 1825 3792 Deinde
1852 3734 2083 3792 incitans

475 3844 589 3896 eos,
633 3827 768 3884 dicit
805 3841 930 3899 quae
976 3825 1329 3882 consecuturi
1381 3824 1493 3881 sint
1533 3823 1716 3897 ipsum
1763 3832 2074 3897 sequentes.

477 3941 501 3966 α
543 3917 731 3973 Vitam
761 3916 932 3984 enim,
971 3915 1175 3987 inquit,
1213 3922 1475 3971 aeternam
1515 3913 1586 3970 do
1633 3913 1728 3980 eis,
1760 3921 1814 3969 et
1841 3930 1910 3969 ne
1952 3928 2075 3984 per-

472 4014 601 4062 eant
635 4005 690 4059 in
717 4012 1006 4070 aeternum,
1051 4026 1077 4050 ι»
1120 4011 1224 4058 etc.
1265 4005 1336 4056 Et
1373 4002 1601 4057 omnino
1633 4019 1727 4073 per
1760 4001 1926 4058 verba
1956 3999 2077 4057 haec

471 4093 669 4148 excitat
713 4091 858 4159 illos,
889 4091 1184 4161 zelumque
1225 4106 1288 4145 ac
1321 4089 1654 4146 desiderium
1698 4088 1895 4160 injicit,
1935 4097 1998 4144 ut
2021 4097 2076 4144 et

470 4180 574 4251 ipsi
624 4187 926 4250 sequantur
979 4193 1105 4233 eum
1156 4177 1249 4248 qui
1303 4177 1435 4232 talia
1477 4177 1729 4248 largitur.
1779 4180 2078 4248 Propterea

471 4277 654 4325 autem
681 4267 835 4336 dixit,
873 4291 896 4316 α
931 4269 1058 4322 Non
1080 4266 1368 4338 peribunt,
1397 4285 1426 4319 »
1460 4266 1585 4337 quia
1618 4289 1644 4314 α
1670 4265 1870 4322 Nullus
1898 4273 2078 4338 potest

2203 3089 2351 3148 θοῦσί
2394 3113 2517 3167 μοι,
2568 3088 2717 3166 κάγὼ
2747 3091 2886 3162 ζωὴν
2939 3090 3149 3150 αἰώνιον
3204 3091 3396 3169 δίδωμι
3443 3093 3652 3166 αὐτοῖς,
3706 3093 3809 3152 καὶ

2195 3180 2254 3238 οὖ
2286 3178 2363 3257 μὴ
2396 3180 2704 3238 ἀπόλωνται
2747 3185 2818 3248 εἰς
2868 3179 2956 3239 τὸν
3007 3185 3216 3255 αἰῶνα,
3273 3181 3365 3241 xui
3415 3183 3515 3262 οὐχ
3569 3181 3808 3262 ἁρπάζει

2193 3293 2270 3337 τις
2323 3269 2459 3328 αὐτὰ
2512 3271 2573 3328 ἐκ.
2619 3273 2715 3341 τῆς
2765 3270 2944 3350 χειρός
2996 3296 3118 3348 μου.
3185 3271 3252 3334 Ὁ
3303 3271 3498 3350 Πατήρ
3551 3295 3688 3350 μου,
3743 3273 3808 3341 ὃς

2195 3358 2361 3418 ἔδωκέ
2390 3382 2515 3437 μοι,
2561 3358 2752 3435 μείζων
2791 3359 3006 3419 πάντων
3053 3361 3193 3436 ἐστὶ,
3231 3363 3322 3421 καὶ
3359 3361 3529 3429 οὐδεὶς
3577 3361 3805 3422 δύναται

2194 3447 2447 3529 ἁρπάζειν
2481 3448 2618 3506 αὐτὰ
2665 3451 2726 3508 ἐκ
2771 3451 2866 3519 τῆς
2906 3449 3084 3529 χειρὸς
3127 3457 3219 3510 τοῦ
3249 3451 3461 3532 Πατρός
3491 3475 3610 3526 μου.
3650 3451 3804 3530 Ἐγὼ

2193 3542 2285 3598 xui
2319 3542 2345 3596 6
2381 3537 2572 3617 Πατὴρ
2604 3535 2656 3595 ἐν
2706 3540 2885 3616 ἐσμεν.
2923 3566 2947 3590 ι
2986 3539 3212 3614 Ἐπειδὴ
3265 3532 3410 3601 εἶπεν
3442 3542 3642 3620 αὖτοῐς,
3677 3541 3798 3621 ὅτι,

2191 3655 2214 3680 α
2263 3629 2381 3688 Οὐκ
2410 3628 2528 3687 ἐστὲ
2567 3629 2628 3686 ἐκ
2673 3630 2780 3686 τῶν
2813 3628 3097 3707 προϐάτων
3141 3634 3245 3691 τῶν
3278 3634 3454 3708 ἐμῶν,
3486 3656 3511 3683 ιο
3541 3635 3634 3688 νῦν
3663 3655 3796 3711 προ-

2187 3716 2443 3798 τρέπεται
2495 3715 2716 3793 αὐτοὺς,
2769 3715 2908 3778 ὥστε
2961 3719 3204 3795 γενέσθαι
3253 3720 3524 3802 πρόϐατα.
3560 3720 3656 3782 Διὸ
3701 3723 3798 3782 καὶ

2187 3806 2372 3889 ἐπάγει
2411 3809 2611 3886 λέγων·
2669 3835 2694 3860 ι
2749 3807 2836 3867 Τὰ
2885 3808 3133 3889 πρόϐατα
3181 3809 3248 3871 τὰ
3302 3810 3408 3891 ἐμᾲ
3464 3815 3558 3882 τῆς
3613 3815 3798 3891 φωνῆς

2187 3921 2289 3976 μου
2331 3897 2541 3971 ἀκούει,
2586 3897 2677 3956 xui
2729 3899 3076 3980 ἀκολουθοῦσί
3118 3923 3230 3976 μοι.
3271 3927 3294 3952 ιι
3335 3889 3474 3961 Εἶτα
3517 3889 3794 3980 παρακνί-

2184 3990 2287 4056 ζων
2361 3987 2546 4054 αὖτοὺς
2606 3985 2751 4066 λέγει
2809 3988 2900 4046 xui
2958 3979 3032 4047 ὧν
3105 3988 3459 4059 ἐπιτεύξονται
3518 3991 3566 4049 οἳ
3603 3979 3609 3980 ⁷
3640 3993 3790 4071 αὐτῷ

2185 4077 2611 4142 ἀκολουθοῦντες.
2664 4103 2688 4130 α
2743 4075 2900 4150 Ζωὴν
2931 4076 3034 4158 γὰρ
3061 4125 3078 4158 ,
3110 4079 3300 4160 φησὶν,
3345 4078 3558 4140 αἰώνιον
3593 4079 3792 4156 δίδωμι

2187 4165 2387 4243 αὐτοῖς,
2429 4165 2520 4224 xui
2561 4167 2620 4224 οὖ
2680 4165 2755 4244 μὴ
2807 4166 3114 4228 ἀπόλωνται
3145 4170 3215 4236 εἷς
3265 4170 3354 4229 τὸν
3388 4172 3578 4247 αἰῶνα,
3626 4197 3650 4220 ι
3692 4169 3789 4228 xui

2183 4254 2251 4314 τὰ
2301 4254 2443 4328 ἑξῆς.
2493 4254 2715 4324 Πάντως
2766 4258 2820 4315 δὲ
2854 4256 2941 4315 διὰ
2998 4261 3104 4317 τῶν
3151 4257 3408 4338 ῥημάτιον
3435 4259 3652 4335 ζτούτων
3697 4260 3782 4317 δι-

469 4374 663 4429 rapere
691 4373 783 4413 eas
811 4355 879 4413 de
923 4336 1099 4412 manu
1122 4371 1272 4424 mea,
1307 4379 1332 4405 ι»
1375 4371 1441 4412 eo
1471 4336 1618 4428 quod
1655 4379 1680 4405 α
1725 4358 1884 4412 Pater
1899 4336 2074 4412 —meus

2194 4345 2370 4427 εγείρει
2414 4343 2624 4418 αὐτοὺς,
2657 4347 2750 4405 xui
2781 4347 2853 4414 εἷς
2886 4350 3042 4420 ζῆλον
3073 4336 3164 4406 xui
3194 4349 3478 4426 ἐπιθυμίαν
3520 4349 3784 4428 ἐμϐάλλει

468 4449 557 4520 qui
603 4447 756 4504 dedit
783 4447 916 4504 mihi
952 4470 976 4496 υ
1010 4461 1124 4515 eas,
1162 4469 1188 4494 ι
1236 4445 1513 4502 maximus
1559 4447 1814 4502 omnium
1857 4453 1961 4513 est,
2010 4453 2066 4502 et

467 4537 535 4593 de
586 4553 750 4594 manu
795 4537 914 4610 ejus
955 4536 1138 4592 nullus
1185 4543 1366 4607 potest
1411 4551 1502 4591 eas
1556 4552 1765 4608 rapere,
1818 4559 1844 4586 ιο
1895 4543 1951 4592 et
1991 4535 2064 4592 ita

470 4651 494 4676 α
537 4643 712 4699 neque
764 4626 832 4682 de
885 4642 1054 4681 manu
1097 4640 1220 4681 mea
1272 4642 1287 4679 :
1332 4647 1357 4674 ι
1408 4641 1606 4681 manus
1653 4625 1802 4681 enim
1841 4641 1962 4681 mea
2009 4633 2064 4682 et

463 4715 640 4772 Patris
670 4732 775 4771 una
802 4724 904 4772 est.
938 4737 964 4764 «
994 4717 1140 4771 Nam
1170 4731 1270 4787 ego
1299 4721 1354 4770 et
1381 4716 1542 4770 Pater
1565 4731 1740 4770 unum
1777 4731 1996 4784 sumus,
2031 4738 2058 4766 ι)

462 4805 764 4862 secundum
812 4811 1134 4876 potestatem
1174 4803 1376 4860 scilicet
1427 4811 1483 4859 'et
1517 4804 1799 4860 virtutem.
1829 4809 2059 4862 Manum

462 4895 614 4952 enim
657 4901 988 4966 potestatem
1017 4901 1072 4949 et
1101 4894 1363 4949 virtutem
1414 4893 1560 4949 dicit.
1609 4894 1782 4965 Igitur
1810 4918 1834 4944 ι
1867 4896 1979 4967 Ego
2005 4903 2059 4950 et

458 4989 621 5043 Pater
662 5000 840 5040 unum
902 4999 1096 5039 sumus
1148 5007 1172 5032 υ
1223 4983 1526 5039 secundum
1592 4983 1955 5040 substantiam
2001 4991 2058 5040 et

457 5083 713 5131 naturam
756 5081 811 5130 et
839 5081 1167 5145 potestatem
1218 5088 1281 5128 ac
1311 5073 1496 5128 robur.
1529 5071 1593 5128 Id
1620 5073 1766 5145 quod
1796 5083 1850 5129 et
1873 5073 2052 5130 Judaei

456 5181 676 5236 quoque
723 5179 855 5218 cum
896 5161 1312 5229 intellexissent,
1357 5161 1505 5232 quod
1535 5162 1772 5233 seipsum
1819 5163 2054 5219 consub-

455 5253 765 5309 stantialem
819 5253 930 5307 Deo
981 5250 1202 5318 faceret,
1254 5249 1552 5320 «lapidare
1600 5251 1856 5308 volebant
1897 5268 2049 5317 eum,

451 5349 642 5412 utpote
667 5342 759 5413 qui
795 5357 854 5397 se
883 5339 1080 5397 Filium
1116 5341 1215 5396 Dei
1236 5340 1439 5396 faceret
1475 5338 1538 5396 ⁷⁸.
1570 5363 1594 5389 ν
1622 5340 1728 5396 Sed
1750 5341 2048 5414 interroga-

453 5430 589 5484 verit
609 5430 882 5501 quispiam
909 5449 920 5484 :
945 5429 1240 5500 Quomodo
1258 5429 1700 5495 dixitDominus,
1718 5456 1743 5480 ιι
1768 5431 1962 5487 Nullus
1981 5447 2046 5486 ex

449 5533 619 5573 manu
643 5519 820 5574 Patris
847 5519 957 5575 mei
998 5521 1172 5591 rapiet
1222 5535 1336 5590 eas,
1371 5542 1396 5569 ν
1438 5537 1568 5577 cum
1617 5529 1802 5576 tamen
1841 5521 2048 5576 multos

447 5607 726 5664 videamus
771 5608 980 5680 perire?
1023 5610 1336 5667 Dicendum
1379 5610 1527 5681 quod
1578 5625 1772 5682 rapere
1818 5609 2042 5682 quidem

512 5785 557 5818 το
584 5787 726 5842 Psal.
761 5802 1025 5854 Lxxxm,
1053 5795 1108 5842 6.
1184 5787 1225 5824 ⁷·
1261 5791 1423 5845 Joan.
1466 5805 1552 5857 χι,
1587 5797 1640 5845 8.

2176 4440 2268 4494 τοῦ
2306 4436 2399 4494 xui
2447 4431 2634 4502 αὖτοὺς
2674 4438 3032 4509 ἀκολουθῆσαι
3067 4438 3242 4517 αὐτῷ,
3285 4441 3358 4506 ὡς
3407 4444 3630 4498 τοιαῦτα
3673 4440 3786 4496 δω-

2177 4523 2434 4605 ρουμένῳ.
2489 4523 2647 4584 Διατί
2699 4526 2755 4584 δὲ
2809 4549 2997 4606 φησιν’
3055 4529 3205 4587 ((οὖ
3257 4529 3331 4604 μὴ
3365 4527 3711 4605 ἀπόλωνται;
3754 4555 3779 4582 ι

2173 4615 2322 4673 Διότι
2358 4641 2380 4667 α
2422 4614 2590 4680 οὐδεὶς
2630 4613 2850 4673 δύναται
2883 4615 3137 4692 ἁρπάζειν
3187 4618 3322 4676 αὐτὰ
3369 4619 3429 4676 ἐκ
3462 4621 3556 4690 τῆς
3603 4618 3783 4699 χειρός

2173 4727 2308 4779 μου,
2343 4729 2366 4754 η
2393 4703 2525 4761 διότι
2558 4731 2579 4754 ι
2628 4706 2655 4761 6
2695 4703 2891 4783 Πατήρ
2924 4728 3059 4783 μου,
3090 4704 3145 4773 ὃς
3178 4705 3346 4765 ἔδωκέ
3381 4731 3471 4784 μοι
3520 4733 3544 4759 η
3572 4712 3776 4782 ταῦτα,

2172 4819 2197 4844 ι
2243 4793 2436 4869 μείζων
2486 4791 2703 4850 πάντων
2747 4792 2887 4864 ἐστὶ,
2933 4794 3024 4852 xui
3069 4795 3174 4854 ἀπὸ
3217 4800 3311 4867 τῆς
3357 4795 3532 4877 χειρὸς
3585 4795 3778 4856 τούτου

2171 4882 2335 4950 οὐδεὶς
2387 4881 2609 4941 δύναται
2657 4883 2914 4964 ἁρπάζειν
2965 4883 3139 4956 αὐτὰ,
3193 4911 3215 4937 ιι
3248 4882 3388 4944 ὥστε
3437 4882 3554 4944 οὐδὲ
3598 4914 3623 4940 ιι
3666 4889 3774 4945 ἀπὸ

2167 4976 2264 5045 τῆς
2305 4975 2436 5051 ἐμῆς
2478 4971 2676 5052 χειρός.
2732 4970 2848 5032 »Ἣ
2889 4971 2992 5052 γὰρ
3017 4974 3138 5054 χεὶρ
3167 4977 3200 5045 ἡ
3247 4972 3353 5050 ἐμὴ
3398 4974 3492 5033 xui
3520 4979 3613 5034 τοῦ
3643 4978 3768 5036 Πα-

2167 5061 2287 5142 τρὸς
2333 5061 2452 5140 μία.
2507 5088 2531 5114 α
2571 5060 2721 5140 Ἐγὼ
2781 5062 2885 5144 γὰρ
2937 5064 3030 5122 xui
3081 5068 3110 5123 6
3158 5063 3354 5145 Πατὴρ
3407 5063 3463 5122 ἕν
3511 5065 3701 5141 ἐσμεν,
3747 5092 3773 5118 ι

2167 5150 2307 5211 κατὰ
2348 5151 2444 5224 τὴν
2483 5149 2718 5220 ἐξουσίαν
2763 5151 2970 5225 δηλαδὴ
3015 5151 3107 5210 xui
3155 5150 3248 5225 τὴν
3302 5153 3562 5232 δύναμινο
3612 5155 3771 5233 χεῖρα

2165 5240 2268 5321 γὰρ
2323 5241 2418 5312 τὴν
2469 5239 2707 5309 ἐξουσίαν
2760 5241 2852 5302 xui
2897 5243 2996 5313 τὴν
3043 5241 3271 5320 δύναμιν
3321 5242 3486 5321 λέγει.
3533 5269 3559 5297 α
3615 5243 3768 5323 Ἐγὼ

2163 5331 2334 5390 τοίνυν
2380 5329 2471 5390 καὶ
2522 5333 2548 5387 6
2584 5333 2776 5410 Πατὴρ
2827 5330 2882 5390 ἕν
2934 5333 3096 5409 ἐσμεν
3152 5361 3174 5384 υ
3230 5331 3371 5392 κατὰ
3415 5332 3514 5414 τὴν
3568 5333 3760 5414 φύσιν,

2161 5420 2252 5478 xui
2303 5421 2398 5492 τὴν
2433 5421 2642 5494 οὐσίαν,
2687 5421 2777 5479 xui
2829 5420 2888 5480 τὸ
2933 5421 3142 5502 κράτος.
3199 5418 3386 5502 "On-ep
3442 5411 3532 5481 οὖν
3577 5411 3668 5482 xui
3713 5411 3761 5482 οἳ

2159 5511 2407 5571 Ἰουδαῖοι
2470 5510 2805 5588 συνιδόντες,
2870 5509 2951 5570 ὅτι
3014 5509 3292 5588 ὃμοούσιον
3358 5512 3546 5571 ἑαυτὸν
3621 5521 3764 5572 ποιεῖ

2158 5601 2248 5660 διὰ
2283 5598 2482 5662 τούτων
2523 5603 2630 5660 τῶν
2675 5601 2932 5682 ῥημάτων
2977 5606 3069 5660 τοῦ
3101 5603 3274 5676 Θεοῦ,
3317 5601 3484 5670 λίθοις
3531 5601 3761 5662 ἔϐαλλον
