4198 6468
494 435 554 490 81
1310 435 1707 493 ENARRATIO
1747 438 1813 494 IN
1849 437 2281 495 EVANGELIUM
2315 436 2615 495 JOANNIS.
2655 467 2725 478 —-
2764 437 2916 493 CAP.
2957 439 3018 494 X.
3753 443 3823 496 82

495 566 690 640 αὐτὸν,
715 569 810 633 -ὧς
854 565 990 628 Υἱὸν
1021 567 1168 627 Θεοῦ
1211 566 1400 626 ἑαυτὸν
1437 573 1710 632 ποιοῦντα.
1783 569 1924 630 Ἀλλ’
1969 571 2100 648 ἐρω-

2215 567 2401 626 nullus
2427 567 2613 641 potest
2647 567 2716 624 de
2743 584 2919 624 manu
2947 569 3145 637 Patris,
3187 568 3442 640 decipere
3465 577 3654 626 autem
3680 569 3824 626 mul-

494 656 708 727 τήσειεν
740 658 803 716 ἄν
849 680 958 724 τιςο
1007 659 1140 722 Πῶς
1187 647 1330 717 εἶπεν
1372 661 1401 716 6
1444 658 1668 738 Κύριος,
1719 657 1798 718 ὅτι
1845 687 1868 712 «ι
1912 647 2107 728 Οὐδεὶς

496 745 734 825 ἆρπάσει
794 745 931 804 αὐτὰ
988 745 1047 805 ἐκ
1103 749 1198 816 τῆς
1239 745 1415 826 χειρὸς
1469 753 1560 806 τοῦ
1615 749 1826 829 Πατρός
1897 773 2026 825 μου,
2082 775 2106 800 υ

495 834 674 894 καίτοι
719 859 781 913 γε
819 836 1047 903 πολλοὺς
1075 838 1280 914 ὁρῶμεν
1315 837 1742 914 ἀπολλυμένους;
1779 836 1970 898 Ἔστιν
2016 830 2103 898 οῦν

495 926 688 996 εἰπεῖν,
738 924 818 983 δτι
862 924 1108 1005 ἇρπάσαι
1148 924 1243 1001 μὲν
1275 925 1447 992 οὐδεὶς
1498 925 1720 985 δύναται
1752 929 1811 986 ἐκ
1836 933 1932 998 τῆς
1981 950 2103 1008 χει-

497 1014 586 1094 ρὸς
621 1019 716 1074 τοῦ
753 1013 988 1094 Πατρὸς,
1030 1016 1311 1086 ἀπατῆσαι
1359 1014 1412 1074 δὲ
1459 1015 1666 1075 πολλοί.
1717 1017 1818 1099 Βία
1865 1017 1960 1094 μὲν
2001 1017 2104 1097 γὰρ

495 1104 591 1162 καὶ
649 1103 918 1186 τυραννίδι
975 1104 1291 1164 ἀποσπάσαι
1360 1104 1528 1172 οὖδεὶς
1586 1105 1759 1185 ἰσχύει
1818 1109 1878 1168 ἐκ
1940 1109 2103 1179 Θεοῦ,

497 1192 686 1273 ἀπάτῃ
743 1193 800 1253 δὲ
858 1197 978 1253 καθ’
1030 1193 1264 1266 ἑκάστην
1321 1195 1797 1272 ὕποσκελιζόμεθα.
1855 1199 1984 1264 Πῶς
2047 1196 2104 1256 δέ

498 1306 660 1365 φησιο
715 1309 742 1338 ε
795 1282 882 1343 Τὰ
940 1282 1187 1362 πρόϐατά
1237 1307 1338 1360 μου
1397 1285 1515 1360 ἐμοὶ
1569 1287 1948 1358 ἀκολουθοῦσι,
2011 1285 2103 1344 καὶ

497 1375 560 1432 οὗ
631 1370 709 1447 μὴ
779 1373 1114 1446 ἀπόλωνται;
1180 1401 1205 1424 ι·
1264 1376 1470 1452 ὁρῶμεν
1535 1373 1671 1454 γὰρ,
1750 1373 1832 1434 ὅτι
1903 1374 2104 1442 Ἰούδας

499 1462 774 1523 ἀπώλετο.
810 1461 969 1520 Ἀλλὰ
1009 1462 1094 1520 διὰ
1138 1467 1293 1522 τοῦτο
1345 1463 1623 1536 ἀπώλετο,
1658 1463 1790 1524 διότι
1835 1466 1931 1524 οὐκ
1977 1467 2104 1535 ἠκο-

495 1550 777 1624 λούθησεν,
803 1550 920 1610 οὐδὲ
960 1550 1228 1630 πρόϐατον
1261 1550 1466 1628 ἔμεινεν
1496 1553 1624 1632 ἄχρι
1654 1554 1858 1620 τέλους.
1946 1553 2017 1614 ⁸0
2048 1553 2102 1613 δὲ

497 1641 737 1718 Χριστὸς
793 1640 916 1722 περὶ
969 1640 1073 1700 τῶν
1119 1640 1590 1714 ἀκολουθησάντων
1630 1645 1776 1724 αὖτῷ
1818 1643 1909 1702 καὶ
1969 1666 2102 1724 προ-

496 1729 681 1789 ϐάτων
730 1728 914 1802 ὄντων,
964 1729 1148 1812 φησὶν,
1203 1730 1283 1789 ὅτι
1330 1757 1354 1786 α
1420 1733 1504 1791 Οὐ
1557 1731 1634 1809 μὴ
1689 1732 2020 1805 ἀπόλωνται,
2077 1758 2101 1785 υ

496 1818 622 1878 ἐπεί
659 1841 718 1898 γε
748 1819 839 1879 ἐάν
881 1841 961 1886 τις
1000 1819 1250 1899 ἀποπέσῃ
1297 1823 1392 1890 τῆς
1420 1823 1524 1879 τῶν
1553 1821 1841 1900 προϐάτων
1889 1821 2100 1894 τάξεως,

496 1909 591 1969 καὶ
646 1914 742 1968 τοῦ
799 1909 1102 1968 ἀκολουθεῖν
1159 1913 1237 1990 τῷ
1286 1910 1527 1988 ποιμένι,
1597 1910 1746 1979 εὐθὺς
1799 1911 2066 1985 ἀπόληται
2111 1907 2186 1990 .
2218 1911 2578 1996 ἀπόλλυται].

2214 658 2274 714 ti.
2300 661 2446 716 Nam
2475 659 2527 714 vi
2555 658 2798 730 quadam
2839 666 2895 714 et
2923 657 3214 730 tyrannide
3257 659 3443 714 nullus
3467 667 3651 730 potest
3674 659 3821 716 avel-

2215 747 2326 804 lere
2373 764 2404 804 a
2432 748 2603 820 652
2635 751 2781 814 Deo,
2823 747 3148 820 deceptione
3177 757 3366 804 autem
3395 748 3642 820 quotidie
3687 765 3819 820 sup-

2213 836 2550 909 plantamur.
2579 836 2876 909 Quomodo
2905 845 3097 893 autem
3134 836 3298 906 dixit,
3332 858 3359 887 ι
3391 839 3528 894 Oves
3559 853 3697 894 meae
3724 853 3818 895 me

2213 934 2544 998 sequuntur,
2572 935 2628 982 et
2671 942 2786 982 non
2831 928 3106 997 pereunt?
3141 949 3166 975 π
3196 925 3450 982 videmus
3476 927 3629 983 enim
3665 925 3818 999 quod

2212 1015 2385 1072 Judas
2433 1015 2673 1087 perierit.
2704 1015 2813 1072 Sed
2858 1024 3087 1089 propter
3140 1015 3248 1072 hoc
3294 1015 3481 1088 periit,
3534 1015 3664 1088 quia
3698 1032 3816 1072 non

2213 1113 2433 1160 secutus
2480 1114 2584 1174 est,
2638 1120 2817 1178 neque
2854 1105 2973 1162 ovis
3027 1105 3235 1162 mansit
3285 1120 3460 1179 usque
3500 1104 3570 1161 ad
3622 1105 3813 1163 ﬁnem.

2213 1194 2494 1250 Dominus
2530 1194 2601 1251 de
2631 1195 2700 1251 iis
2744 1195 2840 1268 qui
2886 1195 3062 1252 secuti
3091 1202 3226 1251 sunt
3253 1210 3382 1251 eum
3411 1199 3468 1250 et
3505 1210 3635 1251 oves
3663 1203 3816 1264 sunt,

2213 1283 2421 1357 inquit,
2463 1308 2490 1334 ιι
2522 1287 2652 1342 Non
2698 1292 2947 1356 pereunt.
3002 1307 3028 1334 υ
3061 1283 3223 1354 Quod
3278 1286 3326 1340 si
3357 1285 3482 1356 quis
3523 1299 3591 1341 ex
3619 1284 3818 1343 ordine

2211 1373 2400 1430 ovium
2442 1373 2726 1442 exciderit,
2774 1382 2829 1430 et
2871 1389 2986 1430 non
3033 1383 3256 1430 secutus
3299 1373 3467 1430 fuerit
3514 1382 3816 1446 pastorem,

2212 1463 2398 1519 statim
2434 1465 2593 1537 perit.
2627 1465 2826 1521 Utaris
2853 1472 3040 1520 autem
3065 1471 3120 1520 et
3158 1463 3265 1521 hoc
3292 1463 3360 1520 de
3388 1461 3533 1520 Juda
3562 1465 3817 1537 exemplo

2201 1560 2397 1611 contra
2435 1554 2796 1611 Manichaaos.
2829 1554 3052 1610 Etenim
3096 1569 3227 1610 cum
3257 1554 3350 1610 ille
3387 1562 3615 1610 sanctus
3671 1562 3820 1611 esset

2209 1649 2266 1698 et
2311 1642 2431 1699 ovis
2460 1643 2584 1713 Dei,
2633 1643 2856 1716 propria
2884 1643 3169 1700 voluntate
3217 1659 3283 1700 ac
3327 1659 3426 1700 sua
3477 1651 3674 1716 sponte
3715 1658 3817 1701 ex—

2209 1730 2357 1788 cidit.
2411 1735 2540 1789 Non
2579 1733 2751 1806 igitur
2790 1740 2989 1789 natura
3017 1741 3151 1789 sunt
3203 1733 3348 1789 mala
3378 1740 3479 1790 aut
3505 1733 3672 1802 bona,
3718 1733 3819 1792 sed

2210 1820 2494 1878 voluntate
2522 1831 2578 1878 et
2603 1823 3025 1879 constituuntur
3054 1830 3110 1879 et
3134 1823 3447 1879 solvuntur.

2693 1913 2891 1993 Χρήσῃ
2937 1912 2991 1972 δὲ
3037 1913 3130 1974 καὶ
3171 1913 3310 1972 κατὰ
3345 1916 3450 1972 τῶν
3495 1913 3817 1993 Μανιχαίων

495 2001 574 2078 τῷ
615 1999 738 2078 περὶ
788 1997 874 2056 τὸν
913 1997 1123 2058 Ἰούδαν
1163 1999 1448 2076 συμϐάντι.
1499 2001 1610 2062 Καὶ
1665 2001 1769 2080 γὰρ
1819 1993 1984 2075 οὗτος,
2031 1999 2177 2081 ἅγιος
2207 1998 2298 2079 [ὢν
2370 2001 2464 2061 καὶ
2523 1993 2792 2085 πρόϐατον
2855 2005 3022 2075 Θεοῦ,
3100 2002 3392 2078 ἀπέπεσεν,
3449 2001 3820 2083 ἐθελότρεπτος

496 2089 705 2159 δηλαδὴ
746 2086 853 2162 ὢν,
886 2087 978 2146 καὶ
1004 2089 1327 2169 αὐθαιρέτως
1368 2089 1628 2152 ἐκπεσών.
1718 2093 1838 2151 Οὐκ
1882 2091 1986 2173 ἄρα
2030 2090 2181 2169 φύσει
2229 2090 2330 2150 εἶσὶ
2385 2090 2455 2150 τὰ
2508 2092 2683 2171 κακὰ,
2727 2092 2762 2164 ἢ
2814 2094 2879 2152 τὰ
2913 2091 3114 2173 ἀγαθὰ,
3168 2092 3306 2152 ἀλλὰ
3363 2091 3670 2174 προαιρέσει
3725 2093 3816 2154 καὶ

497 2178 841 2238 συνίστανται
871 2179 963 2236 καὶ
991 2177 1224 2240 λύονται.

579 2295 606 2320 ι
655 2266 1005 2329 Ἐϐάστασαν
1058 2259 1150 2328 οὖν
1195 2269 1358 2329 πάλιν
1399 2269 1574 2337 λίθους
1607 2271 1658 2330 οἱ
1692 2268 1966 2349 Ἰουδαῖοι,
2015 2266 2100 2329 ἵνα

2286 2282 2466 2338 Vnns.
2499 2285 2692 2338 31-36.
2729 2303 2755 2330 α
2804 2282 3158 2338 Sustulerunt
3185 2296 3316 2353 ergo
3357 2297 3581 2338 rursum
3609 2281 3816 2353 lapides

495 2358 790 2419 λιθάσωσιν
874 2359 1059 2420 αὗτόν.
1138 2358 1422 2440 Ἀπεκρίθη
1515 2362 1696 2429 αὐτοῖς
1762 2366 1791 2421 6
1865 2360 2098 2435 Ἰησοῦςο

499 2451 689 2510 Πολλὰ
719 2447 861 2509 καλᾶ
901 2449 1031 2528 ἔργα
1084 2447 1257 2518 ἔδειξα
1299 2451 1423 2526 ὑμῖν
1471 2451 1530 2509 ἐκ
1571 2456 1664 2510 τοῦ
1717 2450 1930 2530 Πατρός
1977 2475 2100 2530 μου,

495 2539 585 2600 διὰ
651 2549 804 2599 ποῖον
884 2540 1059 2597 αὐτῶν
1137 2538 1288 2618 ἔργον
1345 2539 1582 2609 λιθάζετέ
1641 2565 1708 2617 με
1723 2565 1740 2615 ;
1791 2539 2103 2620 Ἀπεκρίθη-

494 2652 597 2689 σαν
640 2631 784 2709 αὖτῷ
833 2631 883 2687 οἱ
917 2628 1195 2701 Ἰουδαῖοι,
1243 2627 1511 2706 λέγοντες·
1551 2629 1690 2709 Περὶ
1741 2633 1907 2690 καλοῦ
1945 2628 2101 2710 ἔργου

493 2721 555 2778 οὗ
583 2717 872 2796 λιθάζομέν
905 2742 1000 2796 σε,
1040 2717 1182 2776 ἀλλὰ
1215 2718 1337 2798 περὶ
1384 2718 1750 2797 βλασφημίας,
1782 2719 1863 2778 ὅτι
1888 2718 1979 2796 σὺ,
2011 2719 2103 2778 ἄν·

491 2814 701 2888 θρωπος
734 2808 840 2883 ὢν,
871 2811 1038 2874 ποιεῖς
1069 2807 1290 2869 σεαυτὸν
1330 2806 1496 2869 Θεόν.
1589 2811 1870 2889 Ἀπεκρίθη
1928 2809 2103 2876 αὐτοῖς

490 2901 519 2956 6
573 2899 813 2969 Ἰησοῦςο
887 2899 1008 2980 ῼῦκ
1074 2895 1186 2954 ἔστι
1246 2896 1614 2978 γεγραμμένον
1677 2902 1730 2959 ἐν
1805 2903 1882 2980 τῷ
1952 2897 2100 2978 νόμῳ

490 2990 663 3063 ὑμῶν’
700 2985 848 3066 Ἐγὼ
877 2977 1033 3061 εἶπα,
1081 2985 1210 3045 Θεοί
1239 2977 1387 3059 ἔστες
1429 2989 1497 3047 Εἰ
1529 2987 1756 3056 ἐκείνους
1787 2977 1903 3046 εἶπε
1933 2977 2098 3060 θεοὺς,

664 3075 751 3143 οὓς
795 3081 822 3135 6
849 3077 1004 3155 λόγος
1044 3079 1136 3133 τοῦ
1185 3078 1326 3136 Θεοῦ
1369 3073 1609 3152 ἐγένετο,
1653 3076 1745 3135 καὶ
1786 3078 1844 3137 οὗ
1883 3077 2101 3137 δύναται

487 3169 716 3239 λυθῆναι
770 3169 804 3236 ἡ
863 3165 1085 3246 Γραφήο
1133 3162 1190 3223 ὃν
1240 3168 1268 3223 6
1321 3164 1516 3244 Πατὴρ
1575 3168 1793 3242 ἡγίασε,
1845 3165 1936 3226 καὶ
1995 3169 2102 3224 ἀπ-

490 3255 726 3314 έστειλεν
762 3259 834 3338 εἷς
873 3257 963 3316 τὸν
992 3254 1224 3330 κόσμον,
1261 3257 1410 3332 ὑμεῖς
1461 3256 1674 3334 λέγετε,
1711 3255 1791 3315 ὅτι
1831 3259 2100 3338 Βλασςρηξ⁵

488 3348 639 3423 μεῖς,
672 3346 753 3406 ὅτι
788 3337 963 3406 εἶπον·
1013 3346 1140 3411 Υἱὸς
1186 3351 1276 3406 τοῦ
1312 3349 1454 3407 Θεοῦ
1503 3349 1645 3424 εἶμι;
1688 3374 1711 3400 ››
1741 3346 1970 3419 Ἐπειδὴ
2001 3336 2098 3406 ἐῖ-

484 3461 609 3508 πεν,
645 3433 729 3495 ὅτι
777 3463 800 3490 ι
853 3434 1004 3514 Ἐγὼ
1049 3435 1144 3494 καὶ
1173 3437 1202 3494 6
1248 3435 1441 3514 Πατὴρ
1472 3434 1527 3495 ἕν
1560 3439 1722 3514 ἐσμεν
1770 3465 1794 3490 ι
1823 3437 1967 3496 κατὰ
1998 3437 2098 3510 τὴν

486 3525 729 3595 ἐξουσίαν
782 3524 998 3593 πάντως
1041 3525 1136 3584 καὶ
1177 3523 1275 3597 τὴν
1335 3525 1581 3604 δύναμιν,
1643 3525 1735 3585 καὶ
1767 3525 1927 3596 ἔδειξε
1973 3525 2100 3603 μίαν

487 3605 655 3674 οὖσαν
698 3614 796 3686 τὴν
841 3619 1000 3696 χεῖρα
1032 3621 1125 3673 τοῦ
1174 3613 1389 3693 Πατρὸς
1418 3614 1510 3672 καὶ
1553 3612 1649 3686 τὴν
1689 3618 1899 3690 ἑαυτοῦ,
1937 3617 2101 3695 βλασ-

488 3705 700 3786 φημίαν
745 3703 807 3764 τὸ
856 3713 1086 3786 πρᾶγμα
1115 3704 1364 3782 ἐνόμισαν
1403 3705 1456 3763 οἱ
1493 3703 1766 3777 Ἰουδαῖοι,
1805 3705 1897 3765 καὶ
1925 3705 2100 3775 λίθους

494 3796 815 3873 βάλλουσιν,
869 3795 940 3862 ὣς
983 3783 1106 3853 ἶσον
1165 3793 1349 3853 ἑαυτὸν
1393 3799 1647 3854 ποιοῦντα
1705 3798 1783 3877 τῷ
1837 3797 1985 3868 Θεῷ.
2028 3793 2098 3856 Ὀ

489 3884 666 3943 τοίνυν
720 3883 914 3962 Κύριος
969 3882 1236 3964 ἐντρέπων
1291 3882 1510 3958 αὐτοὺς,
1561 3883 1654 3942 καὶ
1707 3882 1960 3944 δεικνύων
2019 3885 2100 3944 ὅτι

490 3973 745 4051 οὐδεμίαν
777 3973 954 4033 αἰτίαν
1005 3973 1226 4049 εὔλογον
1275 3973 1457 4053 ἔχουσι
1487 3977 1581 4046 τῆς
1624 3977 1744 4034 κατ’
1793 3976 1954 4034 αὐτοῦ
1989 4000 2097 4051 μα-

489 4064 639 4137 νίας,
681 4063 822 4122 ἀλλὰ
877 4063 1056 4140 μάτην
1112 4067 1394 4137 λυττῶσιν,
1451 4063 1852 4141 ἀναμιμνήσκει
1909 4063 2100 4132 αὖτοὺς

489 4157 595 4212 τῶν
620 4156 750 4232 παρ’
786 4154 946 4212 αὐτοῦ
977 4152 1346 4232 γεγενημένων
1379 4153 1690 4230 θαυμάτων,
1712 4152 1824 4226 καὶ,
1857 4180 1880 4204 α
1909 4155 2098 4214 Πολλὰ

489 4242 635 4302 καλὰ
681 4243 829 4321 ἔργα,
877 4241 1075 4322 φησὶν,
1109 4241 1445 4320 ἐνεδειξάμην
1492 4247 1646 4320 ὑμῖν,
1681 4243 1768 4302 διὰ
1800 4250 1950 4302 ποῖον
2004 4244 2102 4300 αὖ-

489 4337 597 4390 τῶν
628 4331 868 4400 λιθάζετέ
899 4353 998 4407 με;
1037 4361 1059 4384 ι
1090 4334 1163 4391 Οἱ
1193 4330 1280 4406 δὲ,
1305 4359 1330 4384 σι
1367 4332 1501 4412 Περὶ
1537 4330 1913 4412 βλασφημίας,
1941 4331 2096 4412 φασὶ,

489 4419 772 4498 λιθάζομέν
807 4445 895 4493 σε,
926 4419 1007 4480 ὅτι
1054 4428 1218 4486 ποιεῖς
1250 4421 1471 4480 σεαυτὸν
1505 4421 1669 4482 Θεόν.
1702 4450 1727 4474 ιι
1813 4422 1985 4488 Αὐτὸς
2009 4411 2098 4479 οῦν

491 4514 588 4569 οὐκ
616 4513 854 4591 ἀρνεῖται
883 4515 1041 4591 τοῦτο
1060 4555 1076 4582 ,
1109 4509 1224 4568 οὐδὲ
1254 4510 1420 4588 λέγει,
1454 4510 1537 4569 ὅτι
1584 4511 1667 4569 Οὐ
1698 4514 1835 4570 ποιῶ
1867 4510 2097 4588 ἐμαυτὸν

490 4589 669 4672 Θεὸν,
710 4600 806 4658 οὐκ
837 4600 948 4675 εἰμὶ
972 4589 1091 4666 ἶσος
1119 4601 1198 4679 τῷ
1233 4600 1439 4680 Πατρὶ,
1484 4599 1624 4658 ἀλλὰ
1670 4602 1873 4676 μᾶλλον
1924 4599 2101 4659 ἐπιϐε-

493 4689 641 4749 ϐαιοῖ
687 4687 785 4759 τὴν
833 4688 1044 4749 ἐκείνων
1079 4688 1324 4768 γνώμην,
1384 4689 1476 4748 καὶ
1537 4691 1944 4761 κατασκευάζει,
2020 4689 2102 4749 ὅτι

494 4780 632 4846 Θεός
667 4780 809 4838 ἐστιν
857 4779 966 4837 ἀπὸ
1008 4781 1113 4838 τῶν
1148 4781 1200 4837 ἐν
1238 4783 1315 4859 τῷ
1350 4779 1496 4860 νόμῳ
1539 4780 1947 4859 γεγραμμένων.
1984 4778 2099 4841 Νό·

2210 2368 2412 2439 Judaei,
2461 2378 2522 2426 ut
2560 2370 2868 2442 lapidarent
2901 2387 3050 2427 eum.
3106 2370 3416 2443 Respondit
3464 2371 3542 2428 eis
3589 2373 3752 2429 Jesus
3795 2391 3811 2430 :

2211 2459 2390 2514 Multa
2422 2458 2565 2515 bona
2603 2475 2766 2532 opera
2797 2459 3011 2516 ostendi
3035 2460 3192 2516 vobis
3219 2476 3286 2515 ex
3317 2463 3478 2516 Patre
3505 2476 3656 2529 meo,
3687 2477 3814 2530 pro-

2212 2557 2332 2620 pter
2361 2547 2512 2621 quod
2551 2563 2743 2604 eorum
2785 2565 3017 2620 operum
3044 2563 3134 2604 me
3164 2548 3447 2619 lapidatis?
3492 2551 3816 2622 Responde-

2208 2645 2341 2694 runt
2361 2637 2412 2693 ei
2437 2637 2635 2708 Judaei,
2665 2637 2910 2695 dicentes
2941 2658 2954 2694 :
2982 2637 3072 2694 Ob
3099 2638 3312 2694 bonum
3341 2653 3479 2709 opus
3507 2655 3624 2695 non
3670 2639 3815 2711 lapi-

2211 2726 2409 2784 damus
2453 2735 2530 2797 te,
2573 2727 2668 2784 sed
2710 2727 2784 2784 ob
2824 2726 3244 2800 blasphemiam,
3293 2735 3351 2784 et
3378 2727 3506 2800 quia
3554 2735 3614 2784 tu
3644 2727 3813 2785 homo

2213 2831 2339 2873 cum
2367 2816 2458 2884 sis,
2487 2815 2623 2873 facis
2646 2818 2886 2889 teipsum
2918 2820 3122 2873 Deum.
3159 2817 3466 2889 Respondit
3498 2817 3574 2874 eis
3602 2819 3763 2874 Jesus
3796 2837 3810 2874 :

2211 2908 2407 2962 Nonne
2450 2907 2720 2978 scriptum
2756 2914 2840 2963 est
2886 2906 2940 2962 in
2971 2906 3086 2979 lege
3113 2915 3290 2963 vestra
3323 2925 3338 2964 :
3388 2910 3504 2978 Ego
3551 2907 3687 2976 dixi,
3721 2907 3812 2964 Dii

2211 2997 2381 3052 estis?
2409 2997 2466 3053 Si
2496 2996 2622 3052 illos
2648 2996 2784 3053 dixit
2811 2995 2948 3053 deos
2977 2995 3046 3052 ad
3094 3012 3230 3068 quos
3275 3011 3461 3052 sermo
3500 2997 3605 3052 Dei
3633 2995 3813 3054 factus

2210 3093 2295 3142 est
2358 3094 2414 3142 et
2471 3102 2586 3142 non
2644 3094 2825 3157 potest
2878 3085 3018 3142 solvi
3074 3086 3379 3158 Scriptura,
3434 3101 3603 3158 quem
3654 3089 3814 3142 Pater

2210 3173 2570 3231 sanctiﬁcavit
2613 3183 2668 3231 et
2711 3175 2866 3231 misit
2910 3175 2968 3230 in
3019 3175 3319 3242 mundum,
3367 3189 3464 3229 vos
3512 3174 3692 3230 dicitis
3722 3190 3814 3231 me

2210 3262 2614 3336 blasphemare,
2648 3264 2771 3336 quia
2801 3263 3064 3334 dixerim,
3093 3265 3266 3321 Filius
3290 3263 3394 3320 Dei
3420 3268 3584 3320 sum?
3616 3287 3640 3312 ι
3670 3265 3811 3321 Cum

2209 3351 2437 3421 diceret,
2478 3377 2505 3404 α
2538 3356 2653 3426 Ego
2682 3361 2736 3409 et
2774 3357 2933 3410 Pater
2979 3369 3154 3410 unum
3194 3369 3388 3410 sumus
3439 3376 3464 3402 υ
3498 3369 3594 3426 per
3622 3353 3814 3410 omnia

2211 3443 2517 3500 secundum
2571 3451 2904 3516 potestatem
2955 3451 3011 3499 et
3073 3443 3357 3512 virtutem,
3422 3451 3478 3500 et
3533 3443 3814 3515 judicaret

2209 3548 2380 3588 unam
2411 3549 2530 3590 esse
2555 3533 2738 3589 Patris
2765 3549 2997 3589 manum
3027 3541 3082 3589 et
3116 3549 3307 3600 suam;
3338 3532 3608 3604 putabant
3635 3532 3812 3589 Judaei

2212 3621 2618 3693 blasphemum,
2665 3631 2723 3678 et
2770 3641 2798 3674 «
2855 3621 3347 3694 apprehendebant
3395 3621 3623 3694 lapides,
3663 3622 3813 3694 quod

2211 3709 2412 3766 faceret
2440 3727 2497 3766 se
2530 3710 2801 3782 aequalem
2830 3713 2946 3766 Deo
2992 3709 3054 3764 τ’.
3107 3732 3132 3758 ιι
3188 3711 3366 3782 igitur
3404 3711 3685 3766 Dominus
3713 3709 3809 3766 ad-

2209 3813 2442 3854 monens
2486 3806 2541 3854 et
2569 3798 2870 3854 ostendens
2897 3797 3051 3870 quod
3079 3799 3290 3852 nullam
3336 3797 3552 3870 justam
3605 3797 3811 3853 furoris

2209 3903 2336 3959 erga
2381 3903 2441 3943 se
2482 3903 2704 3944 causam
2750 3887 3006 3955 habeant,
3056 3885 3156 3942 scd
3203 3885 3410 3958 absque
3451 3900 3614 3941 causa
3665 3886 3813 3942 insa-

2207 3976 2382 4046 niant,
2432 3977 2649 4033 reducit
2687 3976 2744 4031 in
2773 3976 3104 4032 memoriam
3151 3974 3422 4030 miracula
3466 3989 3498 4030 a
3541 3990 3599 4031 se
3634 3973 3805 4044 facta,

2209 4075 2266 4124 et
2291 4085 2306 4124 :
2331 4089 2357 4116 α
2387 4067 2560 4122 Multa
2588 4065 2732 4122 bona
2763 4081 2952 4138 opera,
2982 4065 3177 4138 inquit,
3211 4063 3430 4120 ostendi
3456 4063 3613 4120 vobis
3641 4082 3655 4121 :
3688 4081 3812 4137 pro-

2207 4165 2296 4213 ter
2322 4157 2472 4230 quod
2497 4171 2693 4212 eorum
2734 4154 2992 4228 lapidatis
3019 4157 3152 4210 me?
3187 4177 3211 4203 ιο
3246 4153 3325 4209 llli
3357 4162 3543 4210 autem
3572 4154 3764 4210 dicunt
3793 4174 3805 4209 τ

2212 4268 2238 4296 α
2277 4248 2506 4318 Propter
2556 4245 2928 4317 blasphemias
2975 4243 3282 4316 lapidamus
3319 4251 3394 4312 te,
3447 4245 3577 4316 quia
3628 4246 3810 4300 Deum

2209 4334 2445 4408 teipsum
2496 4333 2649 4391 facis.
2681 4357 2708 4383 ιο
2737 4337 3013 4391 Cancrum
3041 4333 3157 4404 ipse
3199 4349 3316 4388 non
3343 4341 3513 4406 negat
3559 4332 3686 4403 hoc,
3715 4348 3812 4389 ne-

2207 4441 2314 4497 que
2341 4423 2500 4492 dicit,
2529 4425 2657 4480 Non
2693 4421 2837 4479 facio
2869 4422 3140 4494 meipsum
3170 4425 3374 4486 Deum,
3418 4422 3502 4477 vel
3532 4438 3644 4478 non
3682 4438 3809 4478 sum

2208 4514 2442 4588 aqualis
2469 4513 2656 4581 Patri;
2689 4512 2784 4569 sed
2813 4513 2988 4584 magis
3012 4511 3308 4568 conﬁrmat
3331 4511 3556 4567 illorum
3586 4518 3808 4568 senten-

2209 4605 2369 4674 tiam,
2399 4610 2456 4660 et
2480 4603 2677 4659 asserit
2712 4617 2772 4658 se
2801 4604 2975 4659 Deum
3001 4617 3142 4671 esse,
3175 4617 3239 4657 ex
3271 4600 3356 4656 his
3375 4616 3498 4673 quae
3520 4600 3721 4672 scripta
3749 4603 3809 4657 in

2211 4693 2346 4767 lege.
2403 4695 2612 4765 Legem
2661 4700 2852 4749 autem
2899 4691 3034 4748 dicit
3075 4697 3132 4748 et
3179 4691 3381 4747 librum
3432 4689 3632 4756 David,
3670 4690 3813 4747 sicut

2210 4782 2541 4855 simpliciter
2577 4789 2636 4838 et
2663 4797 2885 4838 omnem
2923 4780 3286 4853 Scripturam.
3315 4780 3478 4851 Quod
3508 4788 3693 4837 autem
3721 4780 3808 4837 di-

495 4892 597 4946 μον
632 4867 689 4927 δὲ
738 4868 882 4947 λέγει
912 4867 1005 4926 καὶ
1039 4867 1136 4939 τήν
1166 4873 1261 4927 τοῦ
1307 4864 1476 4928 Δαυῒδ
1532 4869 1744 4949 βίϐλον,
1776 4869 1957 4948 ὥσπερ
2005 4867 2096 4928 καὶ

2210 4873 2302 4942 cit,
2335 4871 2484 4928 hunc
2511 4887 2738 4928 sensum
2785 4870 2994 4926 habet:
3041 4871 3095 4927 Si
3145 4871 3200 4926 hi
3247 4871 3338 4943 qui
3379 4871 3553 4943 gratia
3582 4869 3809 4926 deifica-

493 4967 676 5017 πᾶσαν
708 4956 895 5023 ἅπλῶς
925 4961 1024 5029 τὴν
1053 4960 1099 5018 Γ
1103 4957 1304 5040 ραφήνο
1357 4958 1386 5016 ὃ
1416 4958 1470 5016 δὲ
1501 4959 1642 5037 λέγει
1671 4959 1904 5018 τοιοῦτόν
1937 4963 2096 5018 ἐστιν⁸

495 5049 564 5106 Εἰ
594 5049 643 5106 οἱ
680 5048 863 5126 χάριτι
894 5046 992 5117 τὴν
1023 5047 1210 5105 θέωσιν
1261 5046 1652 5128 προσλαϐόντες
1700 5048 1806 5108 θεοί
1837 5051 1962 5122 εἰσι,
2009 5049 2101 5107 καὶ

494 5137 592 5195 οὔκ
633 5139 1018 5214 ἐγκαλοῦνται,
1059 5139 1172 5202 πῶς
1218 5135 1321 5213 ἐγὼ
1367 5137 1586 5204 δικαίως
1639 5140 1973 5215 ἐπιτιμῶμαι
2014 5140 2101 5218 ὑφ’

487 5229 669 5304 ὑμῶν,
699 5231 727 5286 6
759 5227 910 5307 φύσει
939 5227 1078 5292 Θεὸς
1108 5223 1214 5297 ὢν,
1250 5253 1274 5279 α
1307 5225 1364 5284 ὃν
1397 5227 1594 5307 Πατὴρ
1624 5227 1846 5304 ἡγίασε,
1892 5254 1914 5278 n
1947 5250 2100 5286 τουτ-

487 5317 663 5389 έστιν,
735 5315 980 5398 ἀφώρισε
1044 5319 1443 5396 σφαγιασθῆναι
1513 5314 1646 5396 ὑπὲρ
1705 5321 1797 5376 τοῦ
1863 5315 2098 5392 κόσμου;

484 5401 645 5485 Ἅγια
668 5405 771 5488 γὰρ
793 5407 866 5466 τὰ
893 5404 1247 5486 ἀφωρισμένα
1265 5404 1514 5484 λέγονται
1535 5409 1612 5487 τῷ
1642 5405 1791 5486 Θεῷ.
1823 5405 2103 5484 Πρόδηλον

482 5495 601 5575 γὰρ,
636 5498 718 5558 ὃτι
769 5493 963 5566 ἐπειδή
1002 5516 1098 5572 μοι
1279 5495 1370 5573 με]
1419 5495 1642 5573 ἡγίασεν
1698 5495 1790 5554 καὶ
1838 5494 2103 5573 ἀφώρισεν

479 5590 507 5647 6
555 5588 758 5670 Πατὴρ
810 5588 890 5653 εἷς
933 5582 1038 5655 τὴν
1086 5587 1178 5643 τοῦ
1225 5582 1429 5662 κόσμου
1477 5582 1774 5665 σωτηρίαν,
1814 5586 1927 5665 ,οὐκ
1988 5575 2106 5650 ἶσος

527 5781 573 5819 ⁷³
598 5782 772 5842 Ioan.
806 5790 880 5847 ν,
917 5777 1022 5843 18;
1065 5768 1306 5844 Philipp.
1337 5785 1410 5842 ιι,
1438 5776 1492 5828 6.

2211 4963 2429 5018 tionem
2471 4969 2822 5033 acceperunt,
2853 4959 2930 5016 dii
2957 4967 3112 5029 sunt,
3156 4968 3213 5017 et
3239 4976 3408 5016 nemo
3448 4959 3572 5015 illos
3615 4959 3806 5014 crimi-

2209 5060 2376 5108 natur
2409 5071 2422 5106 :
2453 5051 2736 5123 quomodo
2778 5065 2880 5123 ego
2917 5049 3065 5123 juste
3096 5066 3128 5105 a
3172 5049 3334 5105 vobis
3375 5049 3648 5120 increpor,
3681 5048 3810 5119 quia

2209 5149 2401 5197 natura
2430 5156 2556 5196 sum
2586 5143 2756 5208 Deus,
2789 5163 2815 5188 α
2839 5155 3005 5211 quem
3036 5141 3199 5195 Pater
3227 5137 3612 5204 sanctiﬁcavit,
3644 5159 3668 5185 ιι
3705 5137 3810 5193 hoc

2210 5239 2294 5287 est
2342 5229 2673 5302 segregavit,
2723 5238 2786 5286 ut
2832 5229 3177 5285 occideretur
3230 5243 3330 5298 pro
3378 5224 3628 5282 mundo?
3667 5225 3810 5281 San-

2211 5329 2364 5376 ctum
2413 5319 2561 5375 enim
2591 5318 2814 5386 dicitur,
2846 5317 2998 5390 quod
3027 5321 3149 5374 Deo
3178 5323 3526 5386 segregatum
3556 5321 3658 5370 est.
3682 5316 3808 5370 Ma-

2211 5408 2474 5465 nifestum
2503 5409 2656 5465 enim
2699 5408 2828 5479 quia
2858 5422 2947 5462 me
2973 5403 3360 5473 sanctiﬁcavit,
3404 5411 3459 5459 et
3501 5405 3817 5478 segregavit

2213 5502 2379 5556 Pater
2407 5499 2466 5555 in
2495 5497 2732 5554 salutem
2778 5495 2996 5564 mundi,
3035 5503 3092 5550 et
3117 5493 3244 5550 ideo
3289 5509 3404 5550 non
3432 5509 3558 5550 sum
3587 5494 3816 5567 aequalis

2213 5589 2335 5646 aliis
2361 5587 2487 5658 diis,
2512 5585 2610 5644 sed
2639 5589 2788 5642 Deus
2813 5599 2993 5640 verus.
3023 5586 3168 5641 Vere
3207 5583 3357 5640 enim
3389 5599 3532 5657 opus
3579 5586 3684 5642 Dei
3731 5595 3816 5643 est
