4198 6452
470 484 537 538 83
1485 478 2001 534 THEOPHYLACTI
2040 475 2397 532 BULGARM‘]
2435 476 2749 532 ARCHIEP.
3710 473 3775 527 84

467 607 696 671 salvare,
725 614 780 660 et
816 621 928 661 non
971 604 1214 660 hominis
1250 603 1422 677 gratia
1451 603 1706 660 deiﬁcati.
1744 626 1766 654 α
1808 604 1866 660 Si
1908 603 2063 676 igitur

2184 603 2360 670 ἄλλοις
2409 602 2518 682 εἶμὶ
2563 602 2720 678 θεοῖς,
2787 597 2927 658 ἀλλὰ
2973 597 3113 666 Θεὸς
3162 597 3429 672 ἀληθινός.
3477 598 3621 656 Θεοῦ
3678 596 3776 677 γὰρ

465 696 542 750 illi
573 695 643 752 ad
690 710 831 768 quos
867 696 974 750 Dei
1022 709 1208 752 sermo
1254 694 1431 750 factus
1473 702 1575 759 est,
1629 713 1658 747 η
1705 694 1811 750 hoc
1840 702 1946 761 est,
1977 708 2077 764 ego

468 795 635 858 (nam
699 801 800 858 ego
851 785 1020 857 653
1077 801 1203 842 sum
1277 787 1471 841 Sermo
1516 783 1640 854 Dei,
1714 792 1770 840 et
1839 783 2079 840 habitavi

468 877 529 931 in
559 875 687 942 illis,
718 876 1098 947 concessitque
1129 875 1210 930 eis
1237 881 1300 930 ut
1329 873 1724 946 adoptarentur
1760 874 1819 930 in
1859 873 2028 942 ﬁlios)
2059 893 2071 929 :

467 965 512 1020 si
543 965 710 1036 igitur
737 964 814 1020 illi
852 963 950 1031 dii,
983 965 1162 1020 multo
1191 963 1367 1036 magis
1397 979 1497 1034 ego
1541 971 1693 1019 extra
1725 980 1946 1020 omnem
1977 979 2076 1018 no-

467 1071 596 1110 xam
640 1070 785 1122 sum,
834 1056 1018 1110 Deum
1066 1069 1270 1109 vocans
1310 1054 1606 1125 meipsum,
1653 1054 1747 1125 qui
1777 1061 1832 1110 et
1873 1061 2072 1108 natura

468 1159 592 1200 sum
656 1145 819 1214 Deus,
893 1151 950 1199 et
1009 1143 1130 1198 aliis
1177 1143 1282 1199 hoc
1329 1143 1588 1199 concedo.
1646 1141 2075 1199 Confundantur

469 1232 599 1288 hinc
631 1233 813 1288 Ariani
853 1241 908 1289 et
953 1232 1286 1289 Nestoriani.
1325 1235 1473 1288 Nam
1523 1239 1580 1289 et
1623 1232 1801 1289 Filius
1846 1232 1970 1301 Dei,
2018 1241 2074 1288 et

471 1325 619 1378 Deus
678 1322 985 1379 substantia
1041 1331 1344 1394 naturaque
1393 1329 1480 1378 est
1531 1321 1807 1391 Christus,
1857 1330 1914 1378 et
1960 1337 2071 1377 non

469 1421 740 1480 creatura,
788 1421 843 1468 et
887 1412 1008 1468 aliis
1051 1411 1148 1467 dat
1189 1412 1450 1468 deitatem
1487 1411 1562 1468 ad
1597 1428 1738 1484 quos
1784 1411 1846 1466 ﬁt
1875 1413 2070 1467 Sermo

470 1501 560 1572 qui
607 1510 692 1557 est
737 1499 860 1566 Dei,
909 1501 1005 1557 sed
1060 1517 1175 1557 non
1203 1501 1319 1573 ipse
1371 1501 1543 1572 gratia
1574 1501 1886 1557 deiﬁcatur.
1925 1504 2070 1556 Nam

468 1590 758 1646 manifeste
786 1601 1005 1661 separat
1053 1606 1111 1645 se
1143 1590 1214 1646 ab
1241 1590 1329 1646 his
1377 1591 1474 1663 qui
1505 1591 1682 1663 gratia
1712 1590 2065 1658 deiﬁcantur,

469 1687 695 1751 propter
747 1695 810 1735 ea
863 1694 986 1751 quae
1035 1679 1126 1735 hic
1176 1678 1459 1750 dicuntur,
1513 1688 1571 1736 et
1629 1680 1871 1737 ostendit
1920 1679 2070 1752 quod

468 1768 641 1824 etiam
684 1768 789 1826 illis
828 1769 947 1841 ipse
995 1771 1067 1825 sit
1095 1777 1288 1826 auctor
1323 1769 1685 1826 deiﬁcationis
1731 1772 1924 1826 Sermo
1976 1769 2072 1841 qui

470 1858 571 1913 Dei
619 1867 724 1926 est,
755 1867 811 1915 et
855 1858 1129 1916 inhabitat
1156 1861 1215 1916 in
1260 1859 1342 1917 eis
1389 1879 1402 1915 :

468 1945 575 2002 hoc
603 1947 751 2019 quod
778 1947 931 2017 dicit,
977 1970 1007 2000 «
1038 1948 1128 2005 Ad
1158 1965 1298 2021 quos
1326 1951 1520 2006 Sermo
1552 1949 1658 2004 Dei
1702 1948 1880 2004 factus
1908 1957 2008 2015 est,
2043 1971 2066 1995 ιι

468 2035 576 2091 hoc
599 2045 703 2107 est,
735 2037 791 2092 in
836 2037 1037 2109 quibus
1068 2037 1359 2094 habitavit.
1406 2036 1706 2108 Quomodo
1736 2037 1906 2110 igitur
1928 2035 2074 2092 blas-

467 2124 672 2196 phemo
728 2125 919 2181 dicens
977 2125 1183 2182 Filium
1251 2127 1356 2182 Dei
1425 2127 1736 2198 meipsum?
1807 2126 2072 2197 Quamvis

466 2213 612 2269 enim
642 2221 699 2268 et
737 2229 962 2270 carnem
1002 2213 1179 2270 feram
1207 2223 1260 2271 et
1289 2231 1354 2271 ex
1385 2217 1595 2271 semine
1620 2216 1724 2271 sim
1754 2215 1951 2284 David,
1975 2215 2071 2272 sed

467 2302 739 2374 ignoratis
780 2311 1210 2374 sacramentum,
1241 2313 1296 2361 et
1324 2305 1474 2378 quod
1505 2321 1616 2362 non
1645 2306 1803 2362 aliter
1830 2305 2071 2377 potuerit

463 2393 697 2448 carnalis
708 2392 1000 2450 hominum
1018 2402 1212 2450 natura
1232 2397 1335 2451 Dei
1355 2395 1593 2467 recipere
1612 2394 2067 2464 familiaritatem,

465 2497 634 2554 quam
666 2499 762 2555 per
796 2498 1040 2553 carnem,
1074 2484 1227 2556 quasi
1258 2485 1316 2540 in
1347 2485 1656 2542 velamento
1702 2484 1749 2542 ei
1779 2482 2067 2541 familiaris

465 2570 682 2628 fuisset.

533 2761 716 2814 Vnus.
749 2764 840 2827 37,
869 2763 957 2815 38.
1011 2759 1126 2816 «Si
1169 2775 1282 2815 non
1327 2759 1468 2816 facio
1516 2777 1684 2833 Opera
1723 2761 1902 2816 Patris
1930 2762 2064 2830 mei,

461 2846 632 2902 nolite
661 2847 886 2903 credere
911 2847 1049 2903 mihi
1091 2868 1104 2904 :
1147 2851 1231 2904 sin
1261 2865 1389 2905 vero
1418 2848 1589 2918 facio,
1614 2858 1669 2906 et
1712 2851 1759 2906 si
1787 2851 1922 2906 mihi
1953 2867 2066 2906 non

463 2935 709 3002 creditis,
754 2937 1011 3008 operibus
1048 2937 1278 3007 credite,
1311 2947 1373 2995 ut
1412 2940 1754 3010 cognoscatis
1783 2947 1839 2995 et
1873 2939 2063 2995 credao

462 3025 536 3080 tis
565 3025 713 3096 quod
760 3028 926 3081 Pater
963 3026 1019 3080 in
1065 3042 1156 3082 me
1202 3035 1307 3094 est,
1339 3035 1393 3083 ct
1434 3044 1536 3099 ego
1566 3029 1624 3082 in
1667 3045 1752 3084 eo.
1785 3050 1812 3079 »
1854 3029 2055 3098 Vultis,

461 3115 660 3186 inquit,
705 3116 844 3171 scire
872 3116 1246 3187 aequalitatem
1278 3133 1405 3173 cum
1437 3119 1634 3174 Patre?
1662 3120 1712 3173 Α
1761 3119 2062 3174 substantia

1449 1858 1602 1933 quod
1651 1860 1926 1932 signiﬁcat
1973 1875 2070 1931 per
2105 1879 2158 1945 Β

2190 691 2352 759 ὄντως
2388 692 2538 773 ἔργον
2591 692 2651 749 τὸ
2703 689 2925 761 σώζειν,
2973 690 3092 747 ἀλλ’
3129 689 3224 747 οὐκ
3278 686 3552 765 ἀνθρώπου
3601 689 3780 768 χάριτι

2189 782 2486 848 θεωθέντος.
2549 783 2614 841 Εἰ
2649 779 2820 838 τοίνυν
2868 782 3056 838 ἐκεῖνοι
3089 804 3113 829 α
3155 777 3285 856 πρὸς
3316 777 3404 845 οὓς
3444 781 3472 837 6
3507 777 3662 857 λόγος
3691 783 3780 836 τοῦ

2188 873 2334 932 Θεοῦ
2374 872 2608 950 ἐγένετο,
2645 898 2669 922 υ
2715 867 2981 927 τουτέστιν
3020 866 3146 946 ἐγὼ,
3197 867 3367 946 Λόγος
3402 866 3504 947 γὰρ
3548 865 3654 946 ἐγὼ
3690 871 3782 925 τοῦ

2185 964 2360 1038 Θεοῦ,
2393 959 2484 1022 xui
2533 958 2812 1028 ἐνοικήσας
2850 961 2905 1018 ἐν
2957 956 3192 1031 ἐκείνοις,
3231 957 3568 1036 ἐχαρισάμην
3609 957 3786 1023 αὐτοῖς

2184 1051 2279 1124 τὴν
2310 1050 2571 1110 υἱοθεσίαν
2594 1073 2608 1087 ο
2637 1051 2682 1108 εἷ
2710 1039 2798 1106 οὖν
2831 1050 3019 1107 ἐκεῖνοι
3059 1047 3164 1106 θεοὶ
3179 1093 3198 1122 ,
3227 1049 3410 1124 πολλῷ
3442 1049 3646 1123 μᾶλλον
3679 1046 3782 1123 ἐγὼ

2182 1140 2359 1214 πάσης
2391 1139 2453 1200 ἂν
2488 1139 2598 1212 εἴην
2634 1137 2804 1201 αἰτίας
2834 1135 3014 1206 ἐκτὸς,
3059 1136 3200 1196 Θεὸν
3248 1133 3480 1213 ἐμαυτὸν
3528 1136 3707 1194 καλῶν
3756 1138 3785 1194 6

2183 1230 2274 1289 xui
2329 1231 2482 1310 φύσει
2534 1228 2634 1302 ὢν,
2683 1227 2774 1285 xui
2822 1227 2930 1292 τοῖς
2987 1226 3166 1293 ἄλλοις
3207 1230 3364 1284 τοῦτο
3418 1225 3783 1305 χαριζόμενος.

2178 1320 2630 1399 Αἷσχυνέσθωσαν
2691 1321 2922 1378 ἐντεῦθεν
2975 1314 3234 1394 ’Λρειανοὶ
3279 1314 3370 1374 xui
3408 1315 3782 1394 Νεστοριανοί.

2181 1409 2305 1478 Υἱός
2345 1433 2401 1468 τε
2432 1409 2535 1489 γὰρ
2567 1410 2736 1478 Θεοῦ,
2785 1407 2875 1465 καὶ
2907 1403 3044 1471 Θεὸς
3079 1403 3234 1486 οὐσίᾳ
3273 1405 3364 1464 καὶ
3397 1405 3549 1486 φύσει
3578 1409 3606 1462 6
3651 1405 3785 1485 Χρι-

2181 1499 2336 1571 στὸς,
2372 1501 2491 1557 ἀλλ’
2523 1499 2583 1556 οὗ
2613 1497 2839 1573 κτίσμα,
2893 1494 2986 1553 xui
3017 1505 3122 1560 τοῖς
3173 1496 3352 1561 ἄλλοις
3378 1494 3656 1575 χαρίζεται
3686 1495 3784 1566 τὴν

2179 1589 2426 1661 θεότητα,
2482 1588 2614 1668 πρὸς
2666 1585 2752 1652 οὓς
2798 1585 2860 1643 ἂν
2915 1584 3118 1663 γένοιτο
3164 1583 3336 1662 Λόγος
3373 1582 3446 1641 ὢν
3486 1588 3578 1642 τοῦ
3607 1590 3779 1661 Θεοῦ,

2182 1680 2300 1736 ἀλλ’
2343 1681 2402 1738 οὗ
2457 1680 2637 1758 χάριτι
2692 1675 2847 1743 αὐτὸς
2903 1680 3131 1736 θεοῦται.
3194 1672 3629 1734 Ἀποδιαστέλλει
3679 1674 3782 1756 γὰρ

2181 1773 2460 1846 προφανῶς
2493 1767 2677 1826 ἑαυτὸν
2711 1765 2817 1826 ἀπὸ
2843 1767 2947 1823 τῶν
2977 1764 3161 1844 χάριτι
3206 1763 3528 1840 θεουμένων,
3559 1763 3644 1822 διὰ
3677 1767 3785 1823 τῶν

2182 1860 2404 1916 ἐνταῦθα
2451 1855 2784 1934 λεγομένων,
2835 1854 2926 1912 καὶ
2974 1852 3234 1911 δείκνυσιν
3272 1851 3354 1911 ὅτι
3393 1851 3657 1921 κάκείνοις
3687 1855 3785 1913 αὖ·

2182 1947 2268 2014 τὸς
2313 1946 2557 2026 πρόξενος
2591 1950 2684 2017 τῆς
2736 1943 3000 2018 θεώσεως,
3045 1943 3215 2021 Λόγος
3252 1939 3326 2001 ὧν
3373 1947 3464 2001 τοῦ
3499 1945 3641 2002 Θεοῦ
3688 1943 3784 2003 καὶ

2179 2037 2394 2094 ἐνοικῶν
2428 2039 2626 2104 αὐτοῖς.
2661 2037 2838 2096 Τοῦτο
2887 2034 2990 2113 γὰρ
3038 2031 3290 2108 σημαίνει
3325 2031 3412 2090 διὰ
3461 2035 3554 2091 τοῦ
3589 2035 3782 2112 εἰπεῖν,

2181 2151 2204 2179 α
2252 2126 2396 2206 Πρὸς
2444 2125 2530 2194 οὓς
2573 2129 2602 2183 6
2652 2123 2806 2206 λόγος
2842 2128 2932 2182 τοῦ
2971 2124 3113 2182 Θεοῦ
3149 2120 3390 2206 ἐγένετο,
3433 2148 3456 2175 ν
3509 2122 3782 2200 τουτέστι,

2282 2200 2366 2240 v'?
2517 2214 2533 2236 ι
2730 2200 2736 2202 “
2844 2213 2859 2232 θ
2913 2209 2927 2232 I
3195 2214 3226 2227 ~
3333 2200 3366 2232 ’ξ’
3701 2216 3737 2230 συ

2180 2221 2277 2292 μεθ
2326 2241 2396 2274 ων
2444 2217 2682 2294 ἐγενετο,
2731 2204 2806 2279 οἶς
2836 2235 3096 2293 ενῳκησε.
3131 2213 3258 2278 Πως
3305 2234 3393 2270 ουν
3437 2212 3779 2292 βλασφημία,

2178 2307 2346 2384 λέγων
2381 2305 2510 2368 Υἱὸν
2557 2307 2702 2364 Θεοῦ
2744 2302 3004 2380 ἐμαυτόν;
3051 2303 3121 2360 Εἰ
3145 2298 3249 2381 γὰρ
3278 2300 3374 2359 xui
3406 2302 3580 2381 σάρκα
3608 2306 3778 2382 φορῶ,

2177 2394 2270 2454 καὶ
2324 2397 2384 2454 ἐκ
2460 2392 2767 2475 σπέρματος
2822 2390 2992 2452 Δαυΐδ
3059 2393 3191 2469 εἶμι,
3252 2389 3369 2448 ἀλλ’
3429 2391 3664 2469 ἀγνοεῖτε
3720 2391 3782 2450 τὸ

2177 2484 2488 2564 μυστήριον,
2534 2484 2626 2542 xui
2664 2485 2746 2541 ὅτι
2801 2483 2897 2541 οὔκ
2950 2481 3124 2547 άλλως
3182 2479 3415 2551 ἠδύνατο
3454 2485 3488 2552 ἡ
3543 2480 3779 2561 σαρκική

2173 2578 2277 2633 τῶν
2308 2574 2602 2654 ἀνθρώπων
2651 2572 2804 2654 φύσις
2855 2570 3105 2638 δέξασθαι
3135 2574 3282 2632 Θεοῦ
3324 2567 3573 2646 ὁμιλίαν,
3621 2573 3666 2630 εἷ
3701 2570 3777 2650 μὴ

2173 2663 2261 2722 διὰ
2305 2663 2500 2744 σαρκὸς
2548 2664 2792 2739 ὡμίλησε
2846 2659 3034 2740 ταύτῃ,
3073 2662 3142 2727 ὡς
3184 2661 3236 2717 ἐν
3287 2657 3774 2739 παραπετάσματι.

2255 2780 2280 2804 ιι
2328 2757 2398 2814 Ei
2445 2754 2504 2812 οὖ
2549 2757 2687 2811 ποιῶ
2725 2753 2792 2810 τὰ
2825 2749 2955 2830 ἔργα
3007 2757 3100 2809 τοῦ
3156 2749 3371 2828 Πατρός
3416 2771 3546 2825 μου,
3581 2747 3657 2825 μὴ
3687 2773 3780 2809 πι-

2174 2840 2386 2901 στεύετέ
2419 2865 2540 2920 μοι,
2571 2844 2616 2900 εἰ
2647 2840 2702 2899 δὲ
2731 2843 2887 2914 ποιῶ,
2924 2837 3024 2898 κᾶν
3059 2838 3178 2916 ἐμοὶ
3215 2837 3291 2915 μή
3323 2836 3642 2911 πιστεύητε,
3669 2849 3781 2908 τοῖς

2174 2930 2340 3010 ἔργοις
2372 2930 2725 3006 πιστεύσατε,
2763 2929 2849 2988 ἵνα
2890 2932 3060 3008 γνῶτε
3091 2928 3184 2988 xui
3229 2926 3586 3002 πιστεύσητε,
3636 2925 3719 2987 ὅτι
3751 2933 3780 2988 6

2174 3021 2366 3100 Πατὴρ
2409 3023 2460 3078 ἐν
2492 3021 2640 3095 ἐμοὶ,
2671 3017 2821 3098 κάγὼ
2854 3020 2906 3077 ἐν
2938 3021 3098 3099 αὐτῷ.
3135 3047 3159 3070 »
3188 3018 3424 3091 Θέλετε,
3456 3016 3607 3098 φησὶ,
3635 3021 3781 3095 γνῶ-

2171 3135 2257 3168 ναι
2287 3111 2382 3181 τὴν
2413 3113 2544 3189 πρὸς
2579 3109 2668 3168 τὸν
2723 3108 2945 3186 Πατέρα
2996 3107 3250 3181 ἷσότητα;
3297 3107 3427 3166 Ἀπὸ
3454 3111 3552 3178 τῆς
3599 3107 3780 3176 οὖσίας

460 3219 573 3259 non
612 3203 840 3276 potestis
869 3204 1010 3261 scire
1051 3205 1424 3277 [impossibile
1456 3206 1599 3262 enim
1631 3214 1715 3262 est
1750 3208 1891 3263 scire
1939 3207 2062 3264 sub-

2175 3202 2232 3257 οὐ
2287 3199 2504 3259 δύνασθε
2561 3201 2793 3278 γνῶναι·
2842 3196 3100 3256 ἀδύνατον
3169 3196 3275 3277 γὰρ
3323 3199 3524 3274 γνῶναι
3596 3196 3776 3258 οὐσίαν

460 3293 721 3349 stantiam
747 3293 904 3365 Dei],
935 3292 1031 3350 sed
1069 3295 1290 3366 accipite
1315 3311 1381 3350 ex
1411 3311 1641 3366 Operum
1666 3297 1981 3368 aequalitate
2010 3305 2062 3352 et

458 3381 744 3438 identitate
787 3382 1055 3438 indicium
1093 3383 1394 3440 identitatis
1432 3385 1740 3442 secundum
1781 3386 2059 3441 virtutem.

463 3473 542 3526 Ex
583 3470 669 3526 his
696 3471 968 3527 habebitis
996 3472 1221 3528 deitatis
1252 3489 1392 3530 mea:
1417 3475 1826 3543 testimonium,
1852 3483 1908 3532 et
1925 3475 2062 3532 scie-

459 3559 535 3615 tis
581 3567 636 3615 et
683 3559 916 3617 credetis
955 3561 1104 3632 quod
1147 3562 1285 3617 nihil
1326 3579 1426 3635 ego
1475 3563 1625 3620 aliud
1655 3580 1777 3620 sum
1807 3581 1974 3638 quam
2005 3564 2062 3620 id

461 3647 615 3720 quod
642 3650 829 3705 Pater.
863 3650 1129 3707 Eamdem
1161 3652 1312 3708 enim
1344 3652 1712 3710 substantiam
1740 3653 1915 3710 habeo
1941 3671 2064 3710 ma-

458 3752 596 3792 nens
637 3738 830 3804 Filius,
861 3747 916 3795 et
940 3740 1224 3812 hypostasi
1255 3739 1538 3798 differens.
1580 3742 1843 3799 Similiter
1871 3752 1925 3800 et
1953 3746 2064 3800 Pa-

460 3835 544 3882 ter
567 3843 796 3884 manens
825 3831 1004 3898 Pater,
1033 3839 1089 3885 et
1115 3829 1380 3886 differens
1421 3831 1725 3904 hypostasi,
1752 3833 1887 3889 nihil
1912 3831 2060 3889 aliud

457 3924 542 3972 est
571 3933 745 3989 quam
784 3919 974 3987 Filius,
1023 3920 1333 3977 secundum
1360 3921 1724 3978 substantiam
1764 3923 1974 3978 scilicet
2001 3939 2064 3978 ac

457 4013 766 4063 naturam:
815 4007 1066 4078 quamvis
1116 4016 1303 4064 autem
1343 4025 1440 4080 per
1485 4010 1810 4081 hypostases
1855 4010 2063 4068 differi-

462 4108 607 4162 mus,
655 4103 711 4149 at
755 4111 869 4149 non
912 4105 1235 4166 separantur
1305 4097 1652 4168 hypostases,
1703 4098 1801 4154 sed
1850 4100 1907 4154 in
1977 4116 2062 4154 se-

460 4181 594 4254 ipsis
654 4185 798 4238 alter
837 4183 894 4237 in
921 4183 1097 4239 altero
1125 4192 1256 4240 sunt
1297 4185 1503 4257 absque
1531 4185 1857 4244 confusione
1901 4190 2064 4244 Pater

459 4277 513 4326 et
557 4270 742 4327 Filius.
777 4274 903 4327 Non
928 4273 1076 4328 enim
1104 4272 1245 4328 sicut
1273 4274 1422 4345 apud
1451 4291 1552 4331 nos
1594 4287 1752 4347 pater
1779 4286 2061 4348 separatus

458 4367 543 4414 est
582 4374 612 4414 a
641 4358 777 4429 ﬁlio,
807 4361 1058 4432 quamvis
1106 4369 1305 4418 natura
1335 4380 1508 4419 unum
1549 4365 1680 4432 sint,
1709 4365 1787 4421 ita
1815 4375 1870 4423 et
1895 4368 1956 4422 in
1980 4367 2062 4422 di-

457 4447 600 4504 vinis
638 4450 908 4521 personis;
967 4449 1069 4507 sed
1116 4451 1175 4507 in
1220 4452 1414 4526 seipsis
1459 4454 1598 4510 alter
1625 4455 1681 4510 in
1728 4455 1902 4512 altero
1929 4465 2060 4512 sunt

455 4537 662 4610 absque
699 4539 1043 4597 confusione.
1082 4542 1379 4614 Propterea
1415 4558 1520 4600 nos
1549 4552 1664 4600 tres
1705 4545 1931 4616 quidem
1960 4546 2055 4602 ho-

455 4626 636 4682 mines
656 4626 913 4697 dicimur,
951 4639 1142 4702 utpote
1180 4631 1550 4689 subsistentiis
1578 4634 1832 4706 separati,
1863 4643 1919 4690 et
1949 4651 2059 4692 non

457 4730 637 4772 unum
683 4717 898 4788 proprie
927 4719 1273 4777 exsistentes.
1316 4724 1382 4776 In
1412 4721 1596 4778 divina
1643 4731 1834 4779 autem
1861 4724 2059 4781 Triade

458 4819 601 4860 unus
643 4805 817 4874 Deus,
865 4807 962 4863 sed
1007 4824 1120 4864 non
1148 4818 1257 4867 tres
1293 4810 1390 4880 dii,
1435 4821 1658 4884 propter
1701 4829 2058 4884 personarum

453 4892 806 4950 inconfusam
852 4895 1455 4965 circumincessionem,
1510 4901 1652 4958 adde
1705 4911 1760 4958 et
1800 4904 2057 4960 eamdem

453 4983 796 5040 volitionem.

522 5074 704 5129 Vens.
723 5077 906 5129 39-42.
919 5075 1251 5145 Quaerebam
1261 5093 1388 5150 ergo
1400 5078 1604 5136 iterum
1620 5095 1750 5136 eum
1761 5081 2058 5152 apprehen-

449 5158 601 5228 dere,
631 5170 686 5218 et
705 5162 876 5219 exivit
903 5162 975 5218 de
997 5180 1166 5220 manu
1191 5182 1407 5234 eorum,
1433 5175 1488 5222 et
1513 5169 1647 5224 abiit
1676 5170 1876 5225 iterum
1903 5179 2055 5229 trans

447 5247 750 5307 Jordanem
779 5254 833 5308 in
863 5269 991 5308 eum
1022 5253 1205 5310 locum
1232 5255 1327 5310 ubi
1345 5255 1525 5312 fuerat
1547 5259 1746 5315 Joanes
1774 5260 2054 5331 baptizans

449 5337 716 5408 primum,
771 5344 1087 5416 mansitque
1140 5345 1268 5402 illic.
1323 5349 1394 5402 Et
1451 5348 1611 5403 multi
1661 5359 1929 5407 venerunt
1984 5352 2051 5407 ad

449 5440 602 5494 eum,
645 5444 710 5483 ac
737 5429 993 5488 dicebant
1043 5451 1059 5489 :
1089 5437 1336 5491 Joannes
1363 5435 1587 5507 quidem
1631 5439 1851 5511 signum
1883 5439 2054 5496 edidit

447 5516 667 5570 nullum
701 5535 714 5571 :
745 5521 933 5576 omnia
963 5531 1146 5579 autem
1183 5541 1524 5599 quaecunque
1549 5527 1690 5583 dixit
1713 5532 1960 5586 Joannes
1983 5529 2050 5586 de

446 5601 573 5670 hoc,
609 5620 734 5662 vera
758 5616 932 5679 erant,
969 5619 1023 5665 et;
1052 5613 1410 5670 crediderunt
1431 5617 1586 5671 multi
1618 5617 1732 5673 illic
1757 5618 1814 5673 in
1841 5634 1994 5674 eum.
2021 5642 2047 5669 ιο

445 5693 718 5764 Quarum
731 5696 956 5766 quidem
977 5701 1381 5770 apprehendere
1407 5705 1732 5776 Dominum,
1750 5707 1921 5778 654.
1939 5723 2050 5764 non

444 5779 682 5838 ferentes
727 5799 878 5852 eum,
922 5787 1069 5859 quod
1119 5797 1234 5845 tam
1287 5792 1527 5849 sublime
1575 5793 1646 5850 de
1695 5810 1755 5851 se
1800 5797 2046 5854 testimo-

2174 3294 2341 3350 Θεοῦ·
2377 3288 2484 3347 ἀπὸ
2513 3292 2608 3361 τῆς
2649 3293 2755 3347 τῶν
2786 3285 2953 3366 ἔργων
2999 3278 3090 3346 οὖν
3122 3285 3372 3358 ἰσότητός
3408 3309 3466 3344 τε
3505 3285 3598 3345 καὶ
3636 3310 3779 3346 ταυ-

2173 3379 2389 3449 τότητος
2426 3377 2688 3446 ἀπόδειξιν
2718 3380 2812 3449 τῆς
2854 3376 2992 3434 κατὰ
3039 3374 3134 3447 τὴν
3177 3375 3399 3453 δύναμιν
3449 3375 3776 3449 ταυτότητος

2173 3469 2393 3528 λάϐετεο
2439 3468 2546 3527 ἀπὸ
2614 3467 2815 3526 τούτων
2857 3466 2962 3546 γὰρ
3013 3464 3167 3524 ἔσται
3222 3468 3346 3541 ὑμῖν
3405 3469 3439 3538 ἡ
3498 3469 3596 3537 τῆς
3645 3468 3776 3542 ἐμῆς

2172 3558 2416 3630 θεότητος
2457 3555 2752 3638 μαρτυρία,
2793 3555 2886 3616 καὶ
2933 3554 3235 3634 γνώσεσθε,
3288 3556 3380 3614 καὶ
3430 3555 3772 3628 πιστεύσετε,

2171 3647 2255 3708 ὅτι
2287 3646 2433 3706 οὐδὲν
2463 3646 2596 3705 ἄλλο
2643 3645 2749 3724 ἐγώ
2789 3649 2931 3722 εἶμι,
2966 3643 3000 3716 ἢ
3032 3644 3160 3724 ὅπερ
3194 3649 3221 3703 6
3273 3643 3486 3724 Πατήρ.
3523 3644 3640 3715 Τὴν
3671 3645 3773 3724 γὰρ

2173 3737 2338 3809 αὐτὴν
2386 3736 2569 3796 οὐσίαν
2621 3734 2730 3815 ἔχω
2788 3735 2960 3814 μένων
3012 3734 3168 3808 Υἱὸς,
3222 3734 3315 3794 xui
3487 3734 3772 3794 ὑποστάσει

2171 3826 2461 3908 διαφέρων.
2521 3824 2805 3891 Ὡσαύτως
2828 3823 2920 3883 xui
2949 3827 2976 3882 6
3002 3823 3197 3904 Πατὴρ
3225 3822 3397 3900 μένων
3429 3822 3648 3904 Πατὴρ,
3681 3823 3771 3882 καὶ

2169 3919 2236 3996 τῇ
2267 3915 2556 3975 ὑποστάσει
2580 3913 2875 3994 διαφέρων,
2907 3913 3055 3972 οὐδὲν
3083 3914 3216 3973 ἄλλο
3243 3913 3383 3986 ἐστὶ,
3413 3910 3447 3984 ἢ
3479 3914 3605 3980 Υἱὸς
3633 3913 3770 3972 κατὰ

2171 4006 2269 4078 τὴν
2311 4003 2496 4062 οὖσίαν
2529 4003 2734 4075 δηλαδὴ
2786 4002 2877 4063 καὶ
2933 4001 3030 4075 τὴν
3076 4003 3251 4084 φύσιν.
3291 4005 3357 4062 Εἰ
3412 4002 3466 4061 δὲ
3514 4002 3606 4061 xui
3653 4011 3769 4072 ταῖς

2170 4092 2495 4153 ὑποστάσεσι
2526 4094 2876 4172 διαφέρομεν,
2925 4093 3045 4150 ἀλλ’
3077 4094 3136 4152 οὐ
3174 4091 3492 4171 χωρίζονται
3537 4095 3594 4151 αἱ
3639 4099 3769 4152 ὑπο·-

2170 4181 2383 4248 στάσεις
2427 4181 2519 4240 xui
2547 4175 2874 4254 διΐστανται,
2908 4181 3025 4240 ἀλλ’
3057 4185 3108 4240 ἐν
3143 4181 3393 4253 ἀλλήλοις
3443 4181 3572 4240 εἰσὶν
3609 4185 3774 4260 ἀσυγ-

2168 4268 2340 4350 χῦτως
2388 4275 2415 4330 6
2454 4271 2648 4350 Πατὴρ
2681 4271 2770 4330 xui
2815 4275 2842 4329 6
2869 4272 3022 4338 Υἱόςο
3051 4272 3109 4330 οὗ
3138 4269 3243 4350 γὰρ
3273 4270 3456 4350 ὥσπερ
3491 4273 3572 4350 ἐφ’
3615 4273 3772 4348 ἡμῶν

2169 4363 2197 4418 6
2231 4361 2410 4442 πατὴρ
2452 4359 2778 4442 κεχώρισται
2811 4365 2905 4419 τοῦ
2927 4363 3071 4440 υἱοῦ,
3103 4359 3192 4418 xui
3223 4364 3288 4438 τῇ
3319 4359 3474 4441 φύσει
3499 4359 3552 4418 ἕν
3585 4361 3764 4434 ἐστιν,

2171 4449 2335 4517 οὕτως
2367 4450 2471 4531 ἄρα
2525 4451 2618 4510 xui
2667 4450 2756 4510 ἐπὶ
2803 4453 2908 4508 τῶν
2940 4449 3091 4510 Θείων
3139 4450 3512 4508 ὑποστάσεωνο
3558 4451 3677 4509 ἀλλ’
3717 4451 3772 4508 ἐν

2172 4538 2420 4611 ἀλλήλοις
2445 4539 2576 4600 εἰσὶν
2609 4539 2937 4621 ἀσυγχύτως.
2969 4539 3065 4600 Διὸ
3095 4539 3182 4599 xui
3215 4543 3366 4617 ἡμεῖς
3399 4546 3536 4618 τρεῖς
3567 4538 3772 4620 ἄνθρωο

2167 4651 2259 4687 ποι
2314 4629 2610 4710 λεγόμεθα,
2644 4633 2718 4696 ὣς
2767 4637 2884 4695 ταῖς
2933 4629 3258 4689 ὑποστάσεσι
3311 4629 3640 4703 διιστάμενοι
3677 4628 3770 4710 xui

2165 4719 2266 4797 οὐχ
2310 4717 2366 4778 ἓν
2391 4708 2593 4799 κυρίως
2635 4718 2804 4792 ὄντες,
2849 4717 2936 4776 ἐπὶ
2983 4715 3037 4777 δὲ
3085 4722 3179 4789 τῆς
3220 4717 3374 4796 ἁγίας
3419 4717 3647 4797 Τριάδος
3700 4708 3771 4785 εἷς

2165 4809 2302 4875 Θεὸς
2323 4853 2340 4886 ,
2369 4808 2488 4868 ἀλλ’
2521 4811 2580 4869 οὗ
2613 4809 2750 4889 τρεῖς
2773 4853 2789 4882 ,
2821 4807 2906 4866 διὰ
2935 4807 3030 4880 τὴν
3075 4811 3178 4866 τῶν
3225 4806 3572 4866 ὑποστάσεων
3606 4807 3770 4885 ἀσύγ-

2164 4920 2325 4977 χυτον
2379 4899 2432 4956 ἐν
2503 4899 2754 4970 ἀλλήλοις
2799 4900 3203 4978 περιχώρησιν,
3258 4897 3485 4977 πρόσθες
3531 4895 3625 4956 xui
3667 4896 3767 4968 τὴν

2165 4987 2552 5047 ταυτοϐουλίαν
2584 4987 2676 5048 xui
2710 4989 2771 5046 τὸ
2809 4985 3144 5055 ταυτοθελές.

2252 5105 2277 5129 α
2329 5076 2592 5148 Ἐζήτουν
2625 5068 2713 5136 οὖν
2763 5077 2924 5136 πάλιν
2958 5076 3114 5135 αὐτὸν
3143 5075 3370 5150 πιάσαι,
3421 5073 3514 5133 xui
3553 5075 3766 5149 ἐξῆλθεν

2159 5170 2221 5230 ἐκ
2257 5169 2352 5238 τῆς
2391 5167 2569 5246 χειρὸς
2620 5169 2814 5238 αὐτῶν,
2865 5165 2957 5224 xui
3011 5167 3219 5236 ἀπῆλθε
3265 5164 3430 5223 πάλιν
3473 5163 3639 5245 πέραν
3672 5170 3765 5224 τοῦ

2163 5257 2432 5337 Ἰορδάνου
2480 5259 2550 5323 εἷς
2591 5255 2680 5316 τὸν
2728 5255 2912 5328 τόπον,
2969 5251 3100 5315 ὅπου
3147 5250 3210 5328 ἦν
3241 5253 3496 5327 Ἰωάννης
3533 5255 3593 5314 τὸ
3610 5259 3763 5337 ,πρῶ-

2160 5335 2251 5404 τον
2284 5344 2580 5425 βαπτίζων,
2633 5345 2725 5404 xui
2772 5344 2977 5423 ἔμεινεν
3029 5345 3158 5405 ἐκεῖ.
3211 5343 3321 5404 Καὶ
3367 5343 3556 5402 πολλοὶ
3604 5335 3762 5416 ἦλθον

2160 5435 2288 5515 πρὸς
2337 5436 2493 5494 αὐτὸν
2552 5435 2644 5494 xui
2694 5435 2907 5513 ἔλεγον,
2959 5432 3042 5493 ὅτι
3089 5434 3342 5515 Ἰωάννης
3394 5433 3490 5510 μὲν
3541 5441 3760 5511 σημεῖον

2160 5513 2407 5597 ἐποίησεν
2455 5524 2640 5601 οὐδὲν,
2694 5524 2872 5584 πάντα
2903 5521 2958 5582 δὲ
2997 5522 3098 5583 ὅσα
3149 5513 3293 5580 εἶπεν
3342 5521 3592 5596 Ἰωάννης
3642 5522 3764 5602 περὶ

2159 5613 2374 5685 τούτου,
2422 5617 2593 5686 ἀληθῆ
2633 5607 2718 5686 ἧν.
2770 5611 2882 5672 Καὶ
2930 5612 3249 5672 ἐπίστευσαν
3295 5611 3486 5671 πολλοὶ
3534 5613 3646 5670 ἐκεῖ
3692 5613 3765 5678 εἷς

2160 5703 2337 5764 αὐτόν.
2376 5729 2400 5757 ιο
2487 5703 2719 5776 Ζητοῦσι
2753 5700 2849 5779 μὲν
2888 5701 3081 5760 πιάσαι
3134 5701 3224 5760 τὸν
3268 5701 3498 5781 Κύριον,
3539 5700 3614 5778 μὴ
3663 5700 3759 5781 φέ-

2159 5815 2334 5876 ροντες
2411 5791 2571 5853 αὑτὸν
2631 5791 2728 5864 τὴν
2783 5790 2994 5872 ὑψηλὴν
3053 5791 3174 5872 περὶ
3243 5795 3408 5851 αὑτοῦ
3460 5791 3758 5872 μαρτυρίαν
