4198 6502
464 482 547 538 ss
1333 497 1728 554 ENARRATIO
1766 501 1830 554 IN
1872 485 2306 562 EVANGELIUM
2341 505 2638 563 JOANNIS.
2681 538 2749 547 -
2789 507 2940 564 CAP.
2980 511 3064 565 x1.
3783 517 3852 570 86

495 611 854 691 ποιούμενον·
887 619 954 679 οὗ
988 618 1098 702 γὰρ
1123 619 1396 702 ἠνείχοντο
1439 626 1599 684 αὐτοῦ
1641 623 1709 683 τὰ
1750 625 1974 707 κρείττω
2025 635 2112 690 θεο

2248 631 2401 687 nium
2430 631 2765 704 perhiberet;
2792 649 2971 707 neque
2999 635 3154 692 enim
3186 633 3438 693 ferebant
3467 639 3849 696 sublimiorem

504 705 825 784 λογοῦντος.
883 710 1065 778 Αὐτὸς
1111 710 1166 769 δὲ
1221 714 1519 793 ὑποχωρεῖ,
1570 705 1797 782 ἐνδιδοὺς
1850 720 2025 776 αὐτῶν
2063 724 2138 801 τῷ

521 800 707 877 θυμῷ,
754 798 846 857 καὶ
882 800 972 858 διὰ
1017 804 1114 873 τῆς
1165 802 1424 870 ἀπουσίας
1471 802 1628 875 λῆξαι
1659 805 1834 873 αὐτοῖς
1864 806 1926 867 τὸ
1972 798 2139 878 πάθος

524 894 617 948 τοῦ
680 893 852 964 θυμοῦ
905 891 1359 970 παρασκευάζων,
1413 892 1506 952 καὶ
1555 893 1786 954 ἀκόντων
1843 896 1898 956 δὲ
1962 899 2135 956 αὐτῶν

525 981 829 1058 ὓποχωρεῖ,
867 978 1100 1054 δεικνὺς,
1129 979 1159 1038 8
1200 981 1487 1056 πολλάκις,
1521 983 1761 1060 εἴπομεν,
1794 984 1874 1044 ὅτι
1923 987 2033 1045 οὐδ’
2068 986 2131 1047 ἂν

525 1067 583 1125 ἐν
613 1072 692 1150 τῷ
723 1072 942 1150 σταυρῷ
983 1068 1286 1151 συνελήφθη
1308 1116 1325 1147 ,
1357 1073 1403 1129 εἰ
1437 1071 1512 1150 μὴ
1543 1071 1678 1132 ἑκὼν
1711 1075 1895 1134 ἑαυτὸν
1936 1076 2128 1136 ἐδίδου.

529 1159 650 1218 Ποῦ
701 1155 758 1216 δὲ
813 1162 1115 1240 ὑποχωρεῖς
1181 1186 1206 1211 α
1258 1161 1443 1242 Πέραν
1493 1170 1586 1225 τοῦ
1639 1163 1944 1243 Ἰορδάνου,
2001 1166 2132 1227 ὅπου

523 1246 784 1320 Ἰωάννης
834 1249 1144 1322 ἐϐάπτιζεν,
1196 1276 1220 1302 ι
1254 1252 1349 1309 οὐκ
1382 1252 1587 1332 ἀλόγως
1631 1254 1803 1313 ἐκεῖσε
1836 1255 2128 1336 ἀναχωρή-

523 1360 656 1410 σας,
730 1336 851 1396 ἀλλ’
905 1338 1332 1416 ἀναμιμνήσκων
1383 1340 1504 1412 τοὺς
1573 1342 1804 1411 πολλοὺς
1861 1347 1966 1402 τῶν
2018 1347 2131 1404 ἐκεῖ

522 1426 851 1507 γενομένων,
901 1427 992 1487 καὶ
1022 1433 1128 1488 τῶν
1177 1429 1476 1509 λεχθέντων
1507 1432 1657 1514 παρὰ
1704 1433 1956 1494 Ἰωάννου
2002 1437 2128 1516 περὶ

519 1518 708 1575 αὐτοῦ.
758 1513 891 1576 εὈτι
938 1517 992 1577 δὲ
1038 1517 1268 1586 πολλοὺς
1315 1519 1518 1594 ὤνησεν
1561 1529 1596 1597 ἡ
1652 1524 1776 1603 περὶ
1827 1522 1916 1582 τὸν
1964 1513 2128 1585 τόπον

517 1606 812 1691 διατριϐὴ-4,
852 1607 1118 1687 ἐπήγαγεν
1161 1613 1190 1669 ὁ
1245 1611 1658 1691 εὖαγγελιστὴς,
1715 1613 1906 1691 λέγων’
1955 1640 1980 1670 α
2015 1615 2128 1674 Καὶ

517 1697 712 1754 πολλοὶ
760 1688 916 1767 ἦλθον
975 1698 1105 1778 πρὸς
1155 1699 1346 1773 αὐτὸν,
1400 1701 1491 1760 καὶ
1560 1704 1986 1781 ἀναμνησθέντες
2033 1710 2124 1764 τοῦ

513 1784 721 1861 τόπου,
779 1787 988 1864 ἔλεγον,
1047 1788 1245 1870 φησὶν,
1299 1791 1380 1849 ὅτι
1429 1791 1684 1864 Ἰωάννης
1743 1792 1840 1870 μὲν
1900 1803 2120 1872 σημεῖον

517 1878 766 1947 ἐποίησεν
798 1875 968 1936 οὐδέν.
1001 1904 1026 1930 ι
1113 1876 1190 1938 ⁸⁵0
1243 1877 1300 1938 δὲ
1347 1879 1523 1960 λέγει,
1569 1882 1807 1942 τοιοῦτόν
1845 1885 2020 1958 ἐστιν,
2052 1887 2120 1945 Εἰ

515 1964 704 2046 ἐκείνῳ
770 1965 1162 2044 ἐπιστεύσαμεν
1239 1967 1403 2046 μηδὲν
1472 1971 1785 2045 πεποιηκότι
1863 1981 2115 2050 σημεῖον,

509 2057 699 2135 πολλῷ
733 2057 941 2133 μᾶλλον
970 2056 1146 2140 τούτῳ
1196 2062 1272 2140 τῷ
1301 2064 1538 2119 τοσαῦτα
1587 2062 1840 2141 θαύματα
1883 2065 2117 2142 ἐργασα-

513 2144 681 2234 μένῳ.
719 2145 874 2207 Ἐπεὶ
921 2145 976 2206 δὲ
1023 2146 1277 2220 Ἰωάννης
1315 2149 1655 2232 ἐμαρτύρησε
1708 2151 1806 2228 μὲν
1854 2151 1979 2234 περὶ
2025 2160 2118 2214 τοῦ

511 2233 784 2313 Χριστοῦ,
831 2235 980 2296 οὐδὲν
1025 2236 1080 2296 δὲ
1123 2245 1343 2315 σημεῖον
1386 2241 1632 2314 ἐποίησε,
1675 2241 1769 2300 καὶ
1822 2233 2117 2303 διὰίτοῦτο

510 2324 642 2391 ἴσως
679 2327 779 2384 οὐκ
825 2325 1127 2410 ἀξιόπιστος
1184 2327 1247 2386 ἂν
1303 2329 1586 2408 ἐνομίσθη,
1631 2330 1870 2409 ἐπήγαγε
1925 2331 2115 2410 λέγων’

508 2443 540 2500 1
583 2414 814 2475 Πάντων
844 2415 897 2475 δὲ
939 2417 1039 2477 ὅσα
1071 2409 1218 2476 εἶπεν
1247 2419 1500 2491 Ἰωάννης
1527 2419 1648 2498 περὶ
1691 2420 1903 2500 τούτου,
1942 2409 2114 2496 ἀληθῆ

503 2496 604 2579 ἧν,
636 2533 661 2557 ν
700 2507 798 2565 οὐκ
835 2505 914 2566 ἔτι
957 2512 1144 2567 τοῦτον
1186 2507 1238 2578 ἐξ
1267 2509 1497 2583 ἐκείνου,
1525 2509 1648 2570 ἀλλ’
1679 2513 1876 2570 ἐκεῖνον
1919 2514 2009 2594 ἀφ’
2040 2505 2114 2572 ὧν

503 2597 530 2652 ὁ
581 2596 814 2674 Χριστὸς
867 2596 1115 2669 ἐποίησεν
1166 2597 1473 2666 ἀξιόπιστον
1521 2598 1923 2680 ἀποφαίνοντες.
1978 2602 2111 2681 Διὸ,

500 2712 524 2735 ι
577 2687 806 2759 Πολλοὶ,
845 2687 1038 2766 φησὶν,
1068 2689 1180 2746 ἐκεῖ
1221 2687 1561 2752 ἐπίστευσαν.
1597 2714 1623 2742 ιι
1662 2690 1742 2751 Τὸ
1787 2691 1840 2750 δὲ
1884 2696 2051 2765 «ἐκεῖ,
2086 2719 2111 2748 ι

504 2777 695 2848 δηλοῖ,
726 2775 808 2835 ὅτι
842 2778 1088 2855 μεγάλως
1137 2779 1165 2835 δ
1212 2776 1372 2846 τόπος
1409 2780 1610 2846 ἐκεῖνος
1659 2779 1850 2849 αὐτοὺς
1891 2782 2110 2863 ὠφέλη-

503 2888 623 2937 σεν,
677 2866 794 2924 ἐπεὶ
847 2867 939 2925 καὶ
1001 2865 1190 2925 τούτου
1247 2867 1410 2948 χάριν
1467 2874 1704 2949 συνεχῶς
1759 2868 1934 2949 ἐξάγει
1991 2870 2112 2940 τοὺς

501 2955 691 3032 ὄχλους
724 2957 752 3012 ὃ
781 2954 990 3028 Ἰησοῦς
1029 2961 1102 3024 εἷς
1143 2958 1370 3036 ἐρήμους
1406 2959 1634 3039 τόπους,
1664 2963 1760 3031 τῆς
1790 2963 1896 3018 τῶν
1935 2984 2108 3034 πονη-

505 3048 612 3133 ρῶν
667 3045 960 3126 ἀνθρώπων
999 3047 1277 3114 συνουσίας
1328 3049 1648 3130 ἐλευθερῶν,
1701 3049 1833 3129 πρὸς
1871 3049 1932 3108 τὸ
1973 3075 2111 3133 καρ-

499 3132 792 3194 πώσασθαί
831 3159 884 3194 τι
942 3135 1106 3216 μέγα,
1155 3137 1394 3217 καθάπερ
1432 3138 1524 3196 καὶ
1575 3138 1666 3198 ἐπὶ
1722 3143 1814 3212 τῆς
1857 3132 2108 3209 Παλαιᾶς

2244 721 2363 795 ejus
2390 721 2750 796 theologiam.
2805 727 2926 796 Ipse
2953 733 3138 782 autem
3181 725 3308 782 inde
3349 728 3573 795 transit,
3624 729 3845 786 illorum

2243 810 2414 868 furori
2447 812 2666 880 cedens,
2695 821 2750 870 et
2781 813 3027 872 absentia
3069 829 3168 872 sua
3204 816 3423 872 illorum
3453 818 3712 874 morbum
3741 820 3844 875 mi-

2240 900 2401 973 tigari
2452 901 2675 959 faciens.
2743 903 2962 961 Secedit
3024 913 3212 962 autem
3265 906 3448 963 invitis
3493 907 3623 974 illis,
3672 923 3840 964 mon-

2240 999 2418 1048 strans
2461 997 2546 1060 (ut
2572 1008 2717 1066 saepe
2757 992 3018 1062 diximus)
3061 995 3207 1067 quod
3250 1011 3427 1068 neque
3454 996 3512 1052 in
3557 1012 3717 1053 cruce
3744 997 3842 1054 de-

2238 1087 2426 1138 tentus
2471 1080 2679 1162 fuisset,
2711 1083 2820 1140 nisi
2859 1092 3055 1155 sponte
3098 1100 3156 1141 se
3201 1084 3536 1142 tradidisset.
3569 1087 3694 1158 Quo
3741 1102 3840 1144 au-

2238 1177 2354 1226 tem
2388 1172 2672 1230 concedit?
2702 1195 2729 1222 ιι
2773 1176 2950 1230 Trans
2976 1173 3300 1242 Jordanem,
3345 1173 3438 1232 ubi
3464 1179 3705 1232 Joannes
3738 1176 3837 1232 ba-

2241 1259 2484 1331 ptizavit.
2528 1281 2558 1316 »
2587 1265 2711 1319 Non
2754 1262 2958 1334 absque
3003 1279 3166 1320 causa
3201 1279 3257 1320 se
3281 1263 3410 1321 illuc
3438 1265 3699 1334 contulit,
3742 1265 3842 1322 sed

2238 1349 2292 1405 in
2324 1351 2650 1408 memoriam
2679 1351 2897 1409 reduxit
2927 1353 3272 1410 multitudini
3312 1370 3436 1426 qua:
3476 1354 3582 1411 illic
3606 1353 3748 1412 facta
3785 1363 3840 1411 et

2235 1438 2381 1496 dicta
2441 1457 2474 1496 a
2519 1443 2734 1498 Joanne
2783 1441 2854 1499 de
2915 1458 2992 1500 se.
3063 1443 3224 1514 Quod
3272 1452 3459 1505 autem
3523 1444 3673 1500 illius
3726 1444 3838 1500 illic

2235 1530 2575 1586 conversatio
2613 1531 2821 1586 multos
2868 1531 3215 1602 lucrifecerit,
3260 1532 3445 1590 subdit
3480 1533 3836 1605 evangelista,

2234 1616 2426 1674 dicens
2468 1637 2484 1675 :
2532 1641 2558 1668 α
2591 1621 2660 1674 Et
2689 1620 2850 1676 multi
2878 1629 3149 1677 venerunt
3176 1621 3246 1678 ad
3275 1637 3426 1692 eum,
3471 1629 3527 1678 et
3563 1621 3838 1680 recordati

2233 1707 2363 1774 loci,
2394 1707 2670 1776 dicebant,
2702 1709 2904 1781 inquit,
2937 1713 3178 1767 Joannes
3205 1711 3431 1784 quidem
3459 1712 3679 1784 signum
3712 1711 3838 1768 fecit

2232 1798 2472 1854 nullum.
2530 1820 2556 1847 ››
2596 1798 2874 1855 Cmterum
2914 1799 3064 1871 quod
3105 1800 3260 1870 dicit,
3309 1800 3386 1856 ita
3415 1816 3474 1857 se
3525 1800 3692 1857 habet
3733 1800 3836 1860 :Si

2231 1886 2311 1942 illi
2352 1885 2687 1944 credidimus
2739 1887 2834 1960 qui
2859 1887 3072 1944 nullum
3110 1903 3358 1960 unquam
3405 1889 3541 1944 fecit
3592 1891 3832 1962 signum,

2232 1976 2409 2032 multo
2445 1976 2620 2049 magis
2648 1975 2696 2032 ei
2724 1977 2815 2048 qui
2857 1983 2948 2034 tot
2983 1985 3244 2049 tantaque
3272 1986 3528 2049 operatus
3551 1986 3634 2034 est
3657 1979 3827 2050 signa.

2229 2064 2391 2134 Quod
2432 2073 2618 2121 autem
2653 2066 2894 2122 Joannes
2930 2073 3162 2122 testatus
3199 2067 3428 2138 quidem
3465 2066 3538 2122 sit
3576 2067 3646 2124 de
3673 2067 3830 2124 Chri-

2229 2163 2337 2223 sto,
2366 2153 2590 2226 signum
2637 2171 2766 2211 vero
2806 2155 3024 2212 nullum
3072 2153 3285 2226 fecerit,
3343 2164 3398 2212 et
3446 2165 3668 2228 propter
3724 2156 3832 2214 hoc

2226 2242 2479 2302 fortassis
2520 2260 2635 2300 non
2665 2252 2876 2301 tantam
2914 2245 3081 2302 fidem
3118 2245 3404 2314 meruerit,
3438 2245 3699 2314 subdidit,
3742 2246 3830 2303 di-

2225 2350 2354 2392 cens
2385 2352 2401 2391 :
2447 2357 2472 2383 σι
2501 2335 2698 2390 Omnia
2736 2343 2926 2391 autem
2950 2351 3295 2408 quacunque
3331 2339 3572 2392 Joannes
3598 2335 3731 2392 dixit
3758 2335 3828 2394 de

2224 2424 2354 2493 hoc,
2379 2440 2508 2480 vera
2531 2431 2711 2481 erant.
2754 2447 2779 2473 υ
2808 2426 2927 2480 Non
2954 2425 3094 2481 ultra
3132 2424 3280 2481 hunc
3304 2425 3374 2480 ab
3411 2425 3525 2492 illo,
3551 2425 3649 2481 sed
3673 2426 3829 2482 illum

2227 2529 2292 2569 ex
2313 2513 2399 2570 his
2423 2528 2546 2586 quae
2566 2513 2820 2569 Christus
2845 2512 2996 2581 fecit,
3021 2513 3244 2570 fidelem
3265 2513 3566 2570 affirmant.
3590 2514 3824 2585 Idcirco,

2228 2625 2254 2652 κ
2278 2602 2466 2670 Multi,
2485 2602 2682 2675 inquit,
2710 2601 2823 2657 illic
2849 2601 3220 2658 crediderunt.
3256 2625 3280 2651 ››
3309 2602 3558 2659 Dicendo
3586 2625 3610 2651 α
3641 2603 3767 2672 illic,
3796 2626 3822 2653 ιι

2221 2692 2403 2764 signat
2435 2690 2586 2762 quod
2625 2691 2777 2747 locus
2805 2691 2894 2748 ille
2923 2691 3061 2747 mire
3103 2690 3370 2762 profuerit
3425 2711 3439 2747 :
3483 2691 3827 2765 quandoqui-

2221 2781 2350 2838 dem
2379 2789 2436 2837 et
2459 2781 2562 2836 hac
2595 2796 2760 2837 causa
2786 2779 3017 2836 subinde
3042 2779 3314 2836 Dominus
3337 2781 3606 2853 populum
3643 2779 3698 2836 in
3737 2797 3826 2838 so-

2220 2870 2400 2928 litaria
2430 2870 2550 2927 loca
2577 2886 2609 2926 a
2636 2869 3033 2927 consuetudine
3059 2869 3338 2926 malorum
3367 2869 3660 2925 hominum
3694 2870 3825 2928 libe-

2219 2976 2348 3018 rans
2392 2960 2596 3028 educit,
2641 2975 2751 3031 quo
2796 2959 2972 3032 magis
3000 2959 3103 3015 illis
3128 2959 3410 3031 prodesset
3455 2974 3468 3010 :
3500 2959 3646 3016 sicut
3673 2968 3728 3016 et
3763 2960 3824 3016 in

2218 3049 2392 3107 veteri
2443 3049 2558 3122 lege
2602 3047 2800 3105 fecisse
2845 3056 3088 3122 apparet.
3137 3048 3364 3106 Eductis
3407 3049 3554 3104 enim
3600 3049 3706 3105 illis
3755 3065 3820 3106 ex

2216 3142 2475 3212 Egypto,
2517 3139 2574 3194 in
2603 3138 2900 3195 solitudine
2927 3137 3134 3212 aptavit
3173 3147 3229 3194 et
3277 3137 3541 3194 formavit
3581 3137 3688 3194 sibi
3719 3154 3819 3210 po-

495 3225 729 3296 ποιήσας
797 3224 1078 3306 φαίνεται,
1153 3225 1424 3308 ἐξαγαγὼν
1487 3227 1584 3305 μὲν
1645 3233 1742 3302 τῆς
1805 3228 2104 3308 Αἰγύπτου,

2222 3233 2430 3304 pulum,
2461 3227 2648 3285 dando
2679 3228 2755 3284 illi
2785 3229 2980 3300 legem.
3006 3226 3246 3284 Attende
3269 3236 3454 3283 autem
3483 3235 3539 3284 et
3567 3227 3820 3284 secessio-

496 3317 552 3374 ἓν
604 3316 794 3398 ἐρήμῳ
849 3314 906 3375 δὲ
972 3317 1315 3376 διαπλάττων
1368 3316 1460 3377 τὸν
1511 3317 1643 3378 λαὸν
1689 3318 1780 3378 καὶ
1845 3321 2107 3399 ῥυθμίζων

503 3404 593 3463 διὰ
642 3410 736 3464 τοῦ
769 3405 931 3480 νόμον
983 3407 1164 3465 δοῦναι
1217 3409 1384 3486 αὐτῷ.
1438 3408 1644 3467 Σκόπει
1696 3407 1749 3466 δὲ
1802 3409 1893 3466 καὶ
1941 3433 2106 3468 πνευ-

501 3497 745 3573 ματικῶς
798 3495 1124 3574 τελουμένην
1183 3495 1280 3568 τὴν
1315 3494 1659 3578 ὑποχώρησιν
1711 3503 1804 3556 τοῦ
1847 3499 2105 3578 Χριστοῦ.

499 3584 794 3663 Ἀναχωρεῖ
830 3585 926 3661 μὲν
964 3585 1068 3664 γὰρ
1112 3587 1172 3644 ἐκ
1220 3590 1328 3646 τῶν
1374 3584 1787 3666 Ἱεροσολύμων,
1834 3588 2104 3665 τουτέστι,

498 3679 591 3732 τοῦ
647 3673 952 3734 Ἰουδαϊκοῦ
1008 3676 1160 3735 λαοῦ·
1213 3678 1284 3744 εἷς
1332 3675 1494 3734 τόπον
1555 3676 1610 3735 δὲ
1677 3677 1854 3756 πηγὰς
1911 3677 2104 3757 ἔχοντα

495 3763 813 3839 μεθίσταται
832 3809 846 3836 ,
881 3763 977 3835 τὴν
1003 3764 1054 3831 ἐξ
1074 3767 1232 3823 ἐθνῶν
1260 3765 1465 3838 δηλαδὴ
1495 3764 1850 3838 Ἐκκλησίαν,
1879 3766 1977 3840 τὴν
2007 3767 2104 3836 τὰς

496 3851 672 3931 πηγὰς
707 3851 940 3932 ἔχουσαν
969 3859 1060 3912 τοῦ
1098 3853 1488 3933 βαπτίσματος.
1537 3854 1646 3913 Καὶ
1681 3854 1743 3925 δὴ
1774 3855 2100 3936 προσέρχον-

493 3965 583 3999 ται
613 3944 758 4021 αὖτῷ
798 3942 988 4002 πολλοὶ
1018 3944 1482 4023 διαπεραιούμενοι
1537 3944 1628 4003 τὸν
1665 3941 1961 4022 Ἰορδάνην,
2009 3944 2102 4004 καὶ

492 4029 582 4087 διᾶ
633 4037 725 4089 τοῦ
762 4031 1134 4110 βαπτίσματος
1180 4032 1530 4112 διερχόμενοι.
1577 4031 1661 4094 Τὸ
1701 4031 1806 4112 γὰρ
1856 4061 1881 4085 κ
1927 4033 2098 4114 πέραν

2214 3335 2346 3376 nem
2377 3317 2597 3386 Christi,
2627 3332 2754 3390 quae
2783 3318 3137 3389 spiritualiter
3161 3317 3242 3372 ﬁt.
3277 3320 3420 3374 Nam
3457 3317 3664 3374 secedit
3695 3317 3818 3388 qui-

2213 3408 2341 3468 dem
2365 3408 2435 3464 ab
2455 3407 2878 3480 Hierosolymis,
2896 3406 3003 3463 hoc
3023 3415 3128 3475 est,
3153 3405 3385 3463 Judaico
3405 3408 3630 3479 populo,
3658 3407 3713 3462 in
3738 3407 3818 3463 lo-

2215 3514 2343 3555 cum
2382 3507 2568 3554 autem
2596 3497 2795 3553 transit
2833 3497 3130 3553 habentem
3160 3495 3358 3564 fontes,
3390 3496 3693 3554 Eeclesiam
3734 3496 3820 3552 vi-

2214 3588 2410 3644 delicet
2435 3603 2498 3643 ex
2530 3587 2803 3658 gentibus,
2841 3586 2899 3641 in
2925 3602 3034 3658 qua
3055 3585 3238 3643 fontes
3263 3586 3627 3657 baptismatis.
3656 3585 3819 3643 Unde

2213 3677 2373 3732 multi
2395 3685 2741 3732 accesserunt
2762 3676 2832 3732 ad
2849 3691 3000 3743 eum,
3026 3698 3052 3724 «
3074 3676 3376 3732 Jordanem
3397 3683 3760 3744 transeuntes,
3787 3698 3814 3726 ιο

2212 3764 2268 3822 id
2314 3773 2398 3821 est
2427 3765 2726 3836 baptisma.
2773 3767 2917 3819 Nam
2947 3764 3298 3820 transmissio
3343 3764 3605 3820 Jordanis
3651 3763 3819 3836 signi-

2210 3854 2336 3909 ﬁcat
2388 3853 2736 3924 baptismatis
2781 3855 3100 3908 transitum.
3134 3856 3261 3908 Non
3311 3853 3468 3908 aliter
3511 3853 3658 3908 enim
3692 3853 3818 3925 quis

2209 3943 2421 4000 accedit
2464 3943 2533 4000 ad
2579 3945 2794 4014 Jesum,
2837 3949 2893 3997 et
2920 3956 3045 3997 vere
3091 3941 3152 3998 ﬁt
3179 3941 3380 4007 fidelis,
3415 3941 3519 3996 nisi
3547 3941 3816 4013 baptisma

2208 4040 2472 4098 transeat,
2504 4032 2650 4105 quod
2691 4048 2790 4104 per
2815 4031 3117 4087 Jordanem
3147 4030 3508 4103 signiﬁcatur.

491 4125 586 4178 τοῦ
628 4121 938 4200 Ἰορδάνου,
984 4148 1007 4174 ν
1051 4129 1204 4182 τοῦτο
1255 4123 1437 4201 δηλοῖ,
1484 4121 1583 4194 τὴν
1633 4121 1720 4182 διὰ
1759 4127 1855 4180 τοῦ
1904 4122 2276 4203 βαπτίσματος
2320 4123 2461 4200 λέγω
2511 4123 2703 4181 δίοδον.
2756 4124 2876 4182 Οὐκ
2922 4120 3096 4188 ἄλλως
3145 4120 3252 4203 γάρ
3302 4146 3379 4188 τις
3419 4119 3636 4201 ἔρχεται
3684 4121 3814 4201 πρὸς

489 4209 582 4267 τὸν
623 4210 858 4284 Ἰησοῦν,
909 4211 1001 4270 καὶ
1051 4213 1259 4284 ἀληθῶς
1299 4210 1486 4280 πιστὸς
1528 4209 1772 4292 γίνεται,
1827 4214 1872 4271 εἴ
1919 4212 1996 4291 μὴ
2030 4212 2091 4272 τὸ
2136 4212 2418 4292 βάπτισμα
2466 4210 2748 4287 διέλθοι,8
2790 4211 2877 4270 διὰ
2913 4217 3002 4272 τοῦ
3035 4211 3302 4292 Ἰορδάνου
3337 4212 3610 4285 δηλοῦται.

1063 4428 1359 4490 ΚΕΦΑΛ.
1415 4427 1531 4488 IA'.

498 4562 616 4624 Περὶ
637 4566 722 4618 τῆς
757 4560 989 4623 ἰγέρσεως
1031 4565 1119 4610 τοῦ
1148 4561 1388 4626 Λαζάρου.
1419 4563 1540 4624 Περὶ
1578 4565 1662 4620 τῆς
1700 4565 1798 4610 τῶν
1835 4561 2098 4628 ἀρχιερέων

562 4634 646 4680 καὶ
693 4637 790 4680 τῶν
837 4633 1125 4696 Φαρισαίων
1177 4635 1355 4696 βουλῆς
1395 4634 1503 4696 περί
1549 4639 1638 4683 τοῦ
1685 4633 1968 4683 ἀποκτεῖναι
2018 4634 2100 4682 τὸν

560 4705 768 4762 Ἰησοῦν.
841 4707 956 4769 Περὶ
983 4704 1051 4753 ὧν
1079 4705 1208 4753 εἶπεν
1245 4707 1273 4754 ὁ
1307 4706 1550 4769 Καϊάφας.

582 4866 605 4889 ιι
648 4828 763 4899 τΗν
793 4835 850 4896 δέ
885 4861 962 4904 τις
1005 4839 1238 4896 ἀσθενῶν
1271 4839 1548 4918 Λάζαρος,
1578 4839 1685 4898 ἀπὸ
1718 4837 2007 4911 Βηθανίας,
2041 4840 2100 4897 ἐκ

496 4931 591 5009 τῆς
643 4927 830 5002 κώμης
866 4927 1086 5009 Μαρίας
1119 4927 1211 4986 καὶ
1243 4929 1470 5008 Μάρθας
1509 4932 1602 4999 τῆς
1639 4929 1864 5008 ἀδελφῆς
1912 4929 2094 5001 αὐτῆς.

499 5007 607 5077 Ἷιν
655 5017 710 5076 δὲ
745 5016 932 5096 Μαρία
976 5007 1026 5089 Ὕὴ
1071 5007 1466 5096 ἀλείψασαγτὸν
1522 5017 1719 5097 Κύριον
1771 5007 1949 5097 μύρῳ,
2009 5017 2102 5076 καὶ

499 5105 781 5183 ἐκμάξασα
829 5105 950 5172 τοὺς
991 5105 1158 5174 πόδας
1193 5108 1354 5166 αὐτοῦ
1403 5114 1518 5175 ταῖς
1571 5105 1734 5186 θριξὶν
1781 5108 2003 5186 ἑαυτῆς’,
2038 5099 2102 5179 ἧς

493 5201 522 5254 ὃ
577 5196 802 5276 ἀδελφὸς
862 5195 1106 5275 Λάζαρος
1178 5197 1402 5268 ἠσθένει.
1489 5185 1830 5256 Ἀπέστειλαν
1888 5185 1977 5253 οὖν
2044 5199 2100 5254 αἱ

495 5285 722 5367 ἀδελφαὶ
768 5286 900 5365 πρὸς
943 5285 1101 5344 αὐτὸν
1139 5285 1420 5362 λέγουσαι·
1455 5285 1655 5366 Κύριε,
1701 5284 1813 5358 ἴδε,
1847 5282 1904 5342 ὃν
1937 5286 2102 5364 φιλεῖς

496 5380 732 5433 ἀσθενεῖ.
769 5402 792 5426 ι
877 5374 1058 5439 Μόνος
1101 5373 1197 5451 μὲν
1225 5373 1476 5446 Ἰωάννης
1505 5374 1597 5434 καὶ
1620 5375 1816 5446 ταύτης
1840 5377 1934 5445 τῆς
1960 5377 2100 5435 ἴστο-

496 5467 609 5544 ρίας
644 5464 936 5542 μέμνηται.
973 5463 1266 5540 Μέμνηται
1311 5465 1365 5522 δὲ
1401 5464 1486 5522 διὰ
1521 5464 1581 5522 τὸ
1610 5467 1895 5523 παιδεῦσαι
1923 5468 2098 5541 ἡμᾶς,

494 5556 573 5632 μὴ
607 5555 998 5635 δυσχεραίνειν,
1055 5552 1146 5610 ἐάν
1179 5575 1257 5620 τις
1292 5553 1535 5611 ἀσθένεια
1574 5553 1792 5631 γένηται
1821 5552 1946 5632 περὶ
1983 5553 2101 5622 τοὺς

493 5645 817 5711 σπουδαίους
849 5644 940 5704 καὶ
991 5643 1250 5722 θεοφιλεῖς
1281 5642 1508 5724 ἄνδρας,
1537 5642 1651 5701 ἐπεὶ
1693 5644 1786 5701 καὶ
1826 5645 2068 5723 Λάζαρος
2087 5689 2101 5716 ,

491 5734 563 5793 ὢν
593 5739 688 5794 τοῦ
731 5737 971 5817 Χριστοῦ
1014 5731 1203 5817 φίλος,
1238 5733 1463 5804 ἠσθένει.
1551 5731 1674 5812 Χρὴ
1716 5733 1770 5790 δὲ
1811 5732 1905 5791 καὶ
1949 5739 2104 5792 τοῦτο

496 5826 570 5901 μὴ
606 5813 854 5905 ἀγνοεῖν,
881 5824 970 5886 ὅτι
1015 5821 1120 5880 οὐκ
1149 5813 1211 5892 ἦν
1243 5821 1429 5902 Μαρία
1461 5821 1597 5895 αὕτη
1643 5826 1679 5894 ἡ
1713 5820 1982 5904 ἀλείψασα
2011 5821 2102 5880 τὸν

2126 4431 2176 4494 D

2821 4429 3073 4489 CAPUT
3115 4429 3193 4487 XI

2209 4573 2278 4616 De
2303 4571 2611 4615 suscitatione
2635 4569 2822 4614 Lazari.
2855 4570 3097 4627 Quomodo
3126 4569 3372 4611 consilium
3398 4568 3609 4611 tntmmt
3639 4573 3812 4613 summi

2263 4643 2558 4695 sacerdotes,
2583 4645 2636 4696 ﬁet
2683 4643 2921 4686 [Ἰωνίδιεὶ
2957 4643 3013 4684 de
3050 4641 3299 4686 occidendo
3337 4640 3544 4685 Christo.
3577 4642 3646 4684 De
3699 4652 3812 4693 pro-

2263 4715 2424 4766 phetia
2454 4716 2659 4767 Caipha'.

2283 4847 2462 4899 Vsus.
2517 4850 2632 4900 1-3.
2669 4867 2692 4892 α
2730 4841 3043 4915 Egrotabat
3090 4850 3273 4897 autem
3303 4842 3533 4913 quidam
3583 4843 3811 4898 nomine

2213 4935 2479 5001 Lazarus,
2519 4931 2919 5000 Bethaniensis,
2953 4947 2988 4988 a
3017 4932 3238 4987 castello
3269 4932 3463 4987 Mariae
3492 4940 3547 4986 et
3577 4931 3812 4987 Marthae

2211 5021 2376 5095 hujus
2410 5021 2636 5079 sororis.
2669 5021 2844 5077 Maria
2889 5029 3081 5077 autem
3119 5028 3237 5076 erat
3264 5037 3324 5076 ea
3356 5035 3480 5094 quae
3509 5019 3668 5075 unxit
3695 5022 3808 5074 Do-

2211 5113 2429 5168 minum
2479 5119 2779 5184 unguento,
2845 5119 2901 5165 et
2953 5111 3181 5166 extersit
3217 5110 3382 5182 pedes
3434 5109 3551 5182 ejus
3602 5108 3812 5179 capillis

2209 5203 2344 5267 suis,
2421 5201 2578 5273 cujus
2645 5200 2815 5258 frater
2869 5203 3106 5257 Lazarus
3173 5199 3494 5271 aegrotabat.
3545 5197 3815 5253 Miserunt

2210 5290 2380 5362 655
2425 5305 2556 5361 ergo
2597 5305 2818 5346 sorores
2863 5290 2930 5346 ad
2970 5305 3121 5358 eum,
3175 5289 3425 5345 dicentes
3481 5303 3497 5341 :
3553 5283 3812 5356 Domine,

2209 5395 2355 5446 ecce,
2388 5395 2555 5452 quem
2583 5394 2737 5435 amas
2766 5386 3017 5452 aegrotat.
3056 5401 3080 5426 ι»
3112 5377 3270 5433 Solus
3297 5375 3518 5447 quidem
3571 5377 3814 5431 Joannes

2209 5469 2373 5543 hujus
2401 5468 2472 5524 de
2500 5471 2714 5524 Lazaro
2744 5468 3000 5524 meminit
3021 5465 3286 5522 historiae.
3320 5464 3576 5519 Meminit
3603 5471 3810 5532 autem,

2211 5568 2272 5616 ut
2312 5575 2416 5614 nos
2444 5559 2664 5614 erudiat
2708 5574 2777 5613 ne
2823 5557 2948 5628 quis
2991 5554 3260 5628 gravatim
3307 5552 3470 5622 ferat,
3519 5555 3566 5611 si
3596 5554 3727 5610 boni
3757 5562 3814 5611 et

2209 5652 2329 5704 Deo
2379 5647 2540 5704 amici
2592 5647 2691 5702 viri
2735 5646 2931 5701 morbo
2961 5652 3270 5713 teneantur,
3315 5644 3447 5717 quia
3476 5653 3532 5702 et
3571 5647 3817 5701 Lazarus

2211 5754 2340 5795 cum
2399 5745 2546 5794 esset
2594 5735 2810 5792 amicus
2855 5735 3081 5805 Christi,
3129 5735 3437 5808 aagrotavit.
3489 5737 3681 5806 Neque
3708 5733 3815 5791 hoc

2212 5825 2583 5900 ignorantium
2612 5833 2716 5893 est,
2754 5824 2903 5899 quod
2928 5840 3040 5882 non
3069 5834 3189 5881 erat
3215 5825 3319 5881 ista
3347 5824 3523 5882 Maria
3553 5839 3679 5896 quae
3707 5839 3810 5878 un-
