4198 6460
463 463 535 519 37
1484 446 2001 507 THEOPHYLACTI
2038 445 2399 504 BULGARUE
2434 448 2753 505 ARCHIEP.
3704 452 3773 509 88

463 590 620 645 xerat
670 579 981 640 Dominum
1044 582 1331 650 unguento
1388 596 1416 625 σι
1465 574 1725 632 meretrix
1767 573 1813 609 ⁷³
1861 595 1887 624 ι
1940 587 2065 646 quae

2180 572 2366 653 Κύριον
2404 574 2585 656 μύρῳ,
2613 578 2649 648 ἡ
2680 573 2850 655 πόρνη
2892 578 2928 648 ἡ
2955 574 3105 651 παρὰ
3143 576 3220 657 τῷ
3252 579 3471 658 Λουκᾷ,
3503 574 3537 649 ἢ
3563 580 3598 650 ἡ
3623 574 3776 658 παρὰ

465 674 615 748 apud
642 674 855 730 Lucam
898 668 982 726 vel
1010 665 1370 735 Matthaeum;
1422 664 1523 722 sed
1567 665 1690 736 alia,
1721 678 1835 720 non
1880 678 2060 719 mere-

459 765 594 832 trix,
641 761 870 818 honesta
920 765 1110 815 autem
1156 763 1213 812 et
1250 754 1501 827 religiosa
1547 762 1604 810 et
1652 753 1917 811 ofﬁciosa.
1963 756 2061 809 Et-

462 853 612 911 enim
650 851 944 923 diligenter
987 844 1345 903 ministrabat
1373 853 1627 916 suscepto
1655 844 1901 912 Christo,
1926 843 2070 899 sicut

460 945 705 1000 Joannes
748 947 981 995 testatur
1023 954 1041 991 :
1074 936 1207 1009 quin
1252 942 1311 991 et
1337 934 1542 990 bonam
1575 943 1793 1007 partem
1838 932 2069 1006 elegisse

464 1027 851 1089 testimonium
888 1025 1074 1093 habet,
1120 1031 1182 1080 ut
1209 1023 1288 1079 ait
1313 1025 1514 1079 Lucas.
1560 1025 1642 1078 Ita
1684 1030 1869 1078 autem
1909 1022 2071 1078 clara

465 1128 524 1178 et
566 1117 912 1176 admirabiles
954 1114 1178 1172 fuerunt
1204 1127 1444 1182 sorores,
1479 1120 1543 1169 ut
1571 1120 1627 1169 et
1672 1113 1916 1168 Lazarus
1957 1111 2072 1184 ipse

464 1209 650 1267 notior
691 1205 865 1262 factus
891 1204 964 1261 sit
991 1219 1089 1277 per
1116 1218 1225 1259 eas.
1276 1225 1301 1250 α
1360 1205 1491 1259 Erat
1524 1201 1692 1270 enim,
1732 1200 1934 1273 inquit,
1965 1203 2071 1257 La-

466 1313 627 1355 zarus
654 1292 1038 1353 Bethaniensis
1081 1308 1114 1349 a
1141 1292 1366 1349 castello
1407 1290 1600 1347 Mariae
1642 1298 1699 1347 et
1740 1288 1994 1346 Martha.
2044 1311 2070 1337 ν

468 1388 653 1459 Quare
702 1394 893 1443 autem
921 1383 1211 1440 mittentes
1254 1389 1543 1437 accersunt
1590 1383 1807 1448 Jesum,
1861 1387 1917 1435 et
1960 1395 2074 1436 non

469 1478 606 1551 ipsae
641 1475 890 1544 veniunt,
928 1472 1073 1529 sicut
1116 1495 1141 1521 α
1172 1470 1422 1527 centurio
1450 1477 1509 1526 et
1546 1470 1727 1543 regius
1754 1468 1841 1525 7‘?
1873 1491 1901 1519 ι
1933 1468 2075 1538 Quia

464 1566 773 1641 plurimum
802 1562 1051 1619 ﬁdebant
1072 1561 1291 1618 Christo
1334 1568 1389 1616 et
1416 1560 1543 1632 quia
1589 1559 1846 1615 mulieres
1891 1566 2073 1629 erant,

467 1672 584 1713 non
630 1653 923 1726 oportebat
967 1667 1061 1708 cas
1109 1650 1185 1706 ita
1232 1648 1389 1706 facile
1438 1664 1470 1705 e
1520 1648 1689 1705 domo
1719 1648 1992 1721 progredi,
2020 1656 2077 1705 et

468 1745 596 1818 quia
660 1744 716 1799 in
762 1744 911 1799 luctu
962 1748 1137 1809 erant,
1185 1748 1571 1811 occupataeque
1622 1737 1770 1794 circa
1817 1736 2068 1794 fratrem.

2169 665 2247 742 τῷ
2298 663 2595 747 Ματθαίῳ·
2630 663 2750 724 ἀλλ’
2795 665 2955 738 ἄλλη,
2990 664 3107 745 οὐχὶ
3136 665 3336 744 πόρνη,
3381 665 3521 725 ἀλλὰ
3566 666 3774 743 σεμνὴ,

2172 752 2265 813 xui
2296 751 2572 834 θεοφιλὴς,
2614 752 2707 813 xui
2737 754 3023 813 σπουδαία.
3058 754 3166 815 Kui
3197 754 3299 835 γὰρ
3340 756 3461 837 περὶ
3508 754 3605 828 τὴν
3637 758 3775 815 ὑπο-

2175 841 2338 922 δοχὴν
2373 843 2665 903 ἐσπούδασε
2698 848 2791 902 τοῦ
2837 846 3072 924 Χριστοῦ
3117 846 3211 903 xui
3251 844 3519 920 διηκόνει,
3562 847 3636 913 ὥς
3676 846 3777 904 αὖ·

2172 933 2262 1000 τὸς
2336 931 2591 1004 Ἰωάννης
2669 932 2868 1015 προῖὼν
2951 934 3237 1014 μαρτυρεῖ’
3304 933 3444 992 ἀλλὰ
3520 932 3614 993 καὶ
3680 931 3777 1006 τὴν

2177 1018 2379 1099 ἀγαθὴν
2413 1021 2602 1101 μερίδα
2645 1026 2994 1104 μαρτυρεῖται
3023 1021 3366 1097 ἐκλέξασθαι,
3407 1026 3478 1090 ὣς
3509 1027 3539 1083 6
3566 1024 3778 1093 Λουκᾶς

2179 1132 2361 1191 φησιν.
2418 1109 2580 1172 Οὕτω
2630 1109 2685 1170 δὲ
2736 1104 2873 1184 ἦσαν
2928 1110 3236 1187 θαυμασταὶ
3283 1112 3340 1169 ui
3400 1110 3627 1193 ἀδελφαὶ
3684 1113 3779 1172 xui

2180 1198 2475 1278 γνώριμαι,
2522 1199 2662 1261 ὥστε
2708 1200 2802 1261 καὶ
2847 1199 2937 1259 τὸν
2984 1200 3229 1280 Λάζαρον
3272 1198 3325 1270 ἐξ
3355 1202 3528 1260 αὐτῶν
3571 1203 3778 1278 μᾶλλον

2180 1289 2529 1349 καθίστασθαι
2566 1290 2851 1371 γνώριμον.
2938 1317 2962 1344 α
2988 1280 3098 1352 τΗν
3128 1289 3254 1370 γὰρ,
3291 1290 3485 1371 φησὶν,
3514 1293 3544 1350 6
3585 1292 3779 1363 Λάζα-

2184 1401 2270 1457 ρος
2300 1378 2406 1438 ἆπὸ
2433 1379 2697 1453 Βηθανίας
2735 1381 2797 1438 ἐκ
2836 1383 2928 1451 τῇς
2974 1379 3164 1459 κώμης
3214 1379 3428 1458 Μαρίας
3465 1380 3558 1439 xui
3606 1383 3776 1461 Μάρ-

2183 1472 2295 1535 θας.
2325 1494 2351 1521 ι
2437 1469 2540 1529 Διὰ
2563 1467 2616 1527 τί
2644 1469 2698 1527 δὲ
2729 1468 3000 1545 πέμπουσι
3028 1470 3292 1528 καλοῦσαι
3312 1468 3400 1527 τὸν
3421 1467 3651 1550 Ἰησοῦν,
3684 1470 3781 1531 xui

2182 1559 2277 1617 οὐκ
2315 1557 2475 1617 αὐταὶ
2520 1556 2944 1638 προσέρχονται,
2976 1556 3159 1638 ὥσπερ
3199 1562 3228 1617 6
3260 1557 3641 1639 ἑκατόνταρχος
3683 1561 3780 1620 καὶ

2182 1649 2211 1706 6
2267 1645 2572 1726 βασιλικός;
2629 1648 2776 1730 Διότι
2821 1648 3025 1729 σφόδρα
3075 1647 3326 1729 ἐθάῤῥουν
3387 1652 3464 1728 τῷ
3518 1650 3776 1730 Χριστῷ,

2181 1735 2273 1795 καὶ
2302 1735 2384 1796 ότι
2415 1745 2658 1815 γυναῖκες
2691 1728 2860 1811 ἦσαν,
2891 1738 2983 1797 xui
3012 1737 3110 1795 οὗκ
3150 1736 3257 1796 ἔδει
3306 1734 3470 1804 αὐτὰς
3500 1737 3639 1796 οὕτω
3671 1728 3777 1821 ῥα-

468 1836 613 1891 Nam
643 1831 791 1903 quod
821 1830 928 1887 hoc
955 1845 1064 1886 non
1094 1828 1327 1885 fecerint
1354 1844 1420 1885 ex
1459 1836 1802 1900 contemptu,
1835 1825 2072 1883 manife-

2185 1823 2306 1893 δίως
2337 1826 2689 1907 προέρχεσθαι
2723 1831 2815 1884 τοῦ
2868 1824 3165 1902 δωματίου,
3217 1824 3309 1885 καὶ
3358 1824 3440 1884 ὅτι
3476 1828 3554 1906 τῷ
3598 1827 3780 1888 πένθει

470 1932 619 1979 stum
650 1929 737 1978 est
764 1936 832 1977 ex
862 1920 947 1976 his
992 1935 1117 1992 quae
1143 1927 1471 1991 sequuntur.
1505 1920 1770 1989 Magnum
1799 1917 1945 1973 enim
1987 1916 2077 1973 ho-

468 2027 685 2079 norem,
717 2018 771 2067 et
809 2009 1089 2081 pietatem,
1131 2015 1188 2063 et
1216 2023 1444 2079 precum
1471 2008 1842 2061 constantiam
1871 2020 1986 2077 prae
2019 2020 2079 2061 se

470 2099 679 2158 ferunt.
715 2100 974 2154 Dicentes
1002 2106 1212 2163 autem,
1248 2118 1272 2143 α
1308 2098 1445 2150 Ecce
1470 2110 1637 2167 quem
1667 2094 1868 2166 diligis,
1897 2109 2076 2165 aegro-

470 2195 576 2255 tat,
605 2210 631 2235 ιυ
663 2185 735 2242 ad
770 2184 1184 2241 miserationem
1212 2183 1516 2237 Dominum
1548 2198 1771 2238 movere
1798 2182 2076 2251 volebant,

475 2290 543 2331 eo
587 2273 736 2346 quod
786 2297 812 2322 α
860 2288 1142 2328 memores
1181 2280 1337 2327 erant
1375 2270 1617 2326 nominis
1648 2269 1691 2304 ⁷⁸
1735 2294 1761 2320 ιο
1794 2270 2073 2327 amicitiae.

473 2364 734 2420 Declarat
758 2371 944 2418 autem
979 2369 1036 2417 et
1061 2361 1227 2416 ﬁdem
1250 2360 1545 2432 quamdam
1568 2360 1802 2416 verbum
1824 2360 1930 2416 hec
1950 2376 2074 2416 mu-

474 2452 696 2508 lierum.
752 2454 832 2507 Ita
863 2451 1009 2506 enim
1057 2450 1289 2505 multam
1322 2449 1565 2506 Domino
1608 2449 1787 2505 inesse
1814 2449 2077 2505 virtutem

473 2549 873 2611 cognoverunt,
907 2549 968 2595 ut
1004 2539 1406 2595 admirarentur
1440 2538 1724 2611 quomodo
1754 2539 2077 2595 inﬁrmitate

476 2631 685 2687 laboret
741 2631 828 2687 vir
868 2630 935 2686 ab
984 2630 1077 2685 illo
1140 2629 1390 2686 dilectus.
1437 2627 1879 2685 Admirationem
1926 2629 2077 2685 enim

471 2719 850 2793 quodammdo
897 2718 1101 2775 habere
1148 2717 1387 2787 videtur,
1438 2740 1466 2767 α
1498 2720 1659 2785 Ecce,
1700 2734 1869 2791 quem
1896 2717 2078 2789 diligis

476 2816 726 2881 aegrotat.
760 2831 787 2856 υ

545 2998 731 3052 Vens.
760 2998 880 3051 4-6.
914 3017 939 3043 σι
962 2994 1203 3053 Audiens
1227 3002 1411 3051 autem
1429 2996 1610 3061 Iesus,
1630 2993 1806 3051 dixit:
1839 2993 2079 3051 Inﬁrmi-

476 3092 563 3141 tas
590 3084 708 3140 haec
735 3100 847 3140 non
896 3092 981 3139 est
1008 3082 1081 3139 ad
1111 3091 1372 3152 mortem,
1402 3083 1497 3139 sed
1526 3099 1626 3155 pro
1652 3083 1820 3156 gloria
1849 3084 1976 3151 Dei,
2016 3091 2079 3143 ut

2186 1913 2529 1994 κατείχοντο,
2572 1916 2663 1974 xui
2713 1916 3043 1994 ἠσχολοῦντο
3084 1914 3207 1995 περὶ
3243 1914 3331 1974 τὸν
3363 1913 3613 1996 ἀδελφόν.
3644 1915 3781 1977 "Ott

2187 2002 2291 2082 γὰρ
2320 2006 2416 2063 οὔκ
2463 2003 2570 2064 ἀπὸ
2613 2002 3055 2085 καταφρονήσεως
3091 2008 3245 2064 τοῦτο
3286 2002 3641 2078 πεποιήκασι,
3674 2009 3782 2077 δῇ·-

2185 2093 2274 2151 λον
2315 2095 2376 2151 ἐκ
2421 2097 2525 2152 τῶν
2577 2092 2713 2167 μετὰ
2764 2098 2935 2152 ταῦτα
2954 2115 2968 2129 ·
3000 2091 3203 2164 πολλὴν
3233 2093 3337 2173 γὰρ
3366 2091 3462 2164 τὴν
3494 2093 3656 2171 τιμὴν
3686 2096 3785 2156 καὶ

2181 2180 2242 2239 τὸ
2306 2181 2471 2249 σέϐας
2521 2182 2906 2241 ἐπιδείκνυνται
2962 2182 3054 2241 xui
3106 2182 3200 2256 τὴν
3254 2181 3433 2254 δέησιν
3502 2182 3779 2260 ἐπίμονον.

2181 2270 2262 2331 Τὸ
2309 2271 2397 2344 δὲ,
2456 2298 2479 2325 ι
2522 2267 2637 2332 Ἴδε
2689 2270 2747 2330 ὃν
2792 2274 2993 2350 φιλεῖς,
3046 2299 3071 2323 ιι
3125 2272 3377 2349 λέγουσι,
3430 2270 3560 2350 πρὸς
3604 2263 3784 2333 οἶκτον

2182 2360 2583 2420 ἐπισπάσασθαι
2636 2359 2954 2441 βουλόμεναι
2985 2359 3073 2419 τὸν
3112 2359 3347 2441 Κύριον,
3386 2359 3473 2419 διὰ
3515 2365 3607 2420 τοῦ
3639 2365 3785 2422 ὕπο-

2182 2454 2386 2525 μνῇσαι
2444 2449 2603 2510 αὐτὸν
2652 2455 2745 2510 τοῦ
2804 2455 2898 2521 τῆς
2944 2448 3122 2532 φιλίας
3172 2449 3448 2527 ὀνόματος.
3493 2448 3787 2531 Ἐμφαίνει

2182 2538 2242 2597 δέ
2291 2562 2410 2598 τινα
2460 2539 2553 2599 xui
2596 2539 2776 2599 πίστιν
2824 2545 2981 2598 τοῦτο
3028 2541 3088 2599 τὸ
3120 2542 3272 2620 ῥῆμα
3328 2542 3433 2598 τῶν
3486 2545 3781 2617 γυναικῶν.

2183 2626 2347 2687 Οὕτω
2375 2627 2480 2708 γὰρ
2507 2628 2706 2711 ᾔδεσαν
2750 2626 2957 2700 πολλὴν
3004 2631 3080 2707 τῷ
3115 2627 3295 2709 Κυρίῳ
3324 2627 3586 2706 περιεῖναι
3622 2630 3787 2689 δύνα-

2183 2741 2303 2795 μιν,
2351 2720 2492 2776 ὥστε
2548 2719 2879 2795 θαυμάζειν,
2931 2715 3011 2775 ὅτι
3064 2716 3245 2797 ἥψατο
3302 2718 3544 2777 ἀσθένεια
3599 2720 3793 2799 ἀνδρὸς

2181 2805 2499 2886 φιλουμένου
2529 2806 2662 2886 παρ’
2692 2808 2871 2867 αὐτοῦ.
2917 2805 3307 2883 Θαυμαστικὸν
3337 2806 3443 2888 γάρ
3488 2830 3599 2875 πως
3645 2798 3791 2869 εἶναι

2184 2894 2328 2954 δοκεῖ
2353 2894 2448 2973 τὸ,
2480 2921 2504 2949 σι
2537 2893 2648 2955 Ἴδε
2673 2941 2689 2970 ,
2725 2894 2782 2954 ὃν
2813 2897 2981 2976 φιλεῖς
3002 2898 3238 2976 κάσθενεῖ.
3271 2923 3296 2947 ιι

2267 3009 2289 3037 ιι
2315 2982 2571 3052 Ἀκούσας
2607 2983 2661 3043 δὲ
2687 2986 2716 3042 6
2740 2975 2948 3055 Ἰησοῦς
2978 2975 3154 3043 εἶπενο
3177 2982 3330 3055 Αὕτη
3357 2988 3391 3056 ἡ
3419 2983 3663 3045 ἀσθένεια
3689 2989 3789 3047 οὐκ

2183 3073 2300 3133 ἔστι
2332 3072 2460 3153 πρὸς
2499 3073 2751 3148 θάνατον,
2801 3074 2919 3132 ἀλλ’
2961 3072 3095 3153 ὑπὲρ
3140 3076 3234 3144 τῇς
3276 3071 3428 3143 δόξης
3464 3077 3557 3131 τοῦ
3604 3077 3788 3155 Θεοῦ,

472 3174 805 3249 gloriﬁcetur
848 3172 1018 3230 Filius
1066 3172 1170 3228 Dei
1221 3188 1319 3244 per
1365 3188 1510 3228 eam.
1566 3172 1844 3243 Diligebat
1891 3182 2072 3230 autem

2186 3162 2275 3221 ἵνα
2306 3161 2530 3245 δοξασθῇ
2563 3165 2591 3220 6
2641 3164 2769 3231 Υἱὸς
2813 3166 2907 3221 τοῦ
2938 3164 3079 3250 Θεοῦ
3106 3163 3197 3250 ,δι’
3228 3163 3412 3250 αὐτῆς.
3455 3160 3678 3241 Ἢγάπα
3728 3166 3790 3226 δὲ

472 3267 504 3319 J
511 3279 635 3320 esus
654 3264 954 3329 Martham,
971 3270 1287 3318 etsororem
1310 3261 1450 3334 ejus,
1471 3269 1524 3317 et
1542 3263 1833 3318 Lazarum.
1853 3263 1934 3318 Ut
1946 3279 2078 3335 ergo

474 3351 686 3407 audivit
706 3352 852 3423 quod
872 3359 1182 3422 aegrotaret,
1204 3359 1327 3405 tum
1342 3350 1567 3423 quidem
1586 3351 1861 3422 temporis
1881 3352 2083 3409 mansit

474 3440 531 3496 in
560 3438 758 3495 eodem
789 3442 909 3495 loco
938 3439 1159 3495 duobus
1186 3439 1403 3495 diebus.
1438 3462 1464 3488 η
1488 3440 1767 3509 Quoniam
1790 3441 1900 3498 illic
1917 3457 2077 3497 man-

471 3543 638 3586 surus
680 3536 799 3584 erat
838 3528 1055 3584 duobus
1085 3528 1299 3597 diebus,
1330 3529 1448 3601 ejus
1476 3529 1650 3601 gratia
1680 3529 1855 3601 inquit
1885 3550 1898 3586 :
1929 3551 1955 3580 ‹.
1986 3532 2076 3587 In-

472 3617 705 3673 firmitas
733 3617 852 3673 haec
913 3634 1029 3673 non
1058 3625 1141 3673 est
1184 3617 1254 3673 ad
1294 3626 1553 3687 mortem,
1590 3640 1616 3666 ι
1656 3618 1906 3689 quamvis
1931 3628 2080 3676 esset

471 3707 543 3763 ad
598 3716 857 3763 mortem.
909 3706 1040 3775 Sed,
1071 3706 1221 3779 quod
1250 3705 1520 3777 dicebam,
1567 3707 1795 3764 nuntios
1833 3716 1965 3765 tunc
2008 3710 2077 3767 ad

471 3795 793 3852 sublimiora
835 3795 1054 3852 trahere
1082 3795 1300 3865 volens,
1325 3805 1382 3853 et
1438 3796 1606 3853 veluti
1640 3797 2075 3855 consolationem

468 3884 769 3958 quamdam
789 3885 1050 3954 efferens,
1079 3901 1148 3941 ne
1175 3886 1422 3958 urgendo
1438 3886 1659 3943 molesti
1683 3895 1887 3955 essent,
1914 3886 2078 3960 hujus

468 3974 643 4046 gratia
672 3975 855 4045 inquit
889 3993 901 4029 :
933 3996 960 4022 α
988 3978 1111 4030 Non
1141 3983 1222 4032 est
1242 3975 1313 4031 ad
1337 3983 1596 4031 mortem.
1632 3997 1659 4024 ιι
1692 3976 1765 4031 Et
1788 3976 1946 4031 aliter
1975 3995 1989 4031 :
2020 3978 2076 4032 Si

469 4063 609 4119 bene
636 4063 1083 4129 consideraveris,
1121 4078 1302 4133 neque
1330 4062 1399 4117 ad
1424 4073 1666 4119 mortem
1691 4063 1799 4118 fuit
1840 4063 2075 4120 infirmi-

468 4159 574 4217 tas,
621 4167 729 4222 qua
774 4151 1085 4206 moriuntur
1127 4150 1313 4215 multi,
1344 4149 1667 4206 diuturnam
1707 4150 1934 4219 scilicet,
1981 4153 2076 4210 sed

468 4238 834 4309 temporalem
886 4246 941 4293 et
996 4238 1438 4309 quatriduanam.
1490 4241 1633 4295 Nam
1681 4239 1807 4311 quia
1838 4243 2079 4297 surrexit

467 4326 891 4400 quatriduanus,
931 4327 999 4383 ad
1024 4327 1192 4382 finem
1223 4335 1536 4398 spectantes
1563 4327 1663 4397 rei,
1707 4329 1945 4386 dicimus
1967 4347 2077 4387 non

467 4431 588 4472 esse
622 4439 647 4466 α
678 4416 749 4473 ad
794 4425 1039 4472 mortem
1072 4440 1097 4465 ι»
1131 4416 1537 4486 inﬁrmitatem,
1581 4441 1608 4467 α
1641 4417 1737 4474 sed
1777 4434 1878 4489 pro
1905 4420 2077 4493 gloria

2187 3256 2216 3311 6
2247 3252 2454 3325 Ἰησοῦς
2481 3252 2578 3325 τὴν
2610 3252 2874 3333 Μάρθαν,
2924 3249 3016 3311 xui
3062 3249 3160 3323 τὴν
3208 3249 3441 3333 ἀδελφὴν
3471 3253 3663 3328 αὐτῇς,
3693 3255 3793 3315 καὶ

2188 3341 2277 3402 τὸν
2331 3343 2600 3425 Λάζαρον.
2806 3332 2897 3400 οῦν
2949 3341 3212 3414 ἤκουσεν,
3269 3332 3357 3399 ὅτι
3404 3344 3639 3417 ἀσθενεῖ,
3668 3347 3795 3404 τότε

2190 3431 2285 3507 μὲν
2318 3422 2521 3508 ἔμεινεν
2556 3434 2607 3491 ἐν
2658 3422 2702 3512 ᾧ
2744 3423 2810 3504 ἦν
2857 3430 3040 3512 τόπῳ,
3074 3430 3165 3490 δύο
3196 3431 3414 3511 ἡμέρας.
3449 3458 3475 3484 ιι
3560 3430 3789 3507 Ἐπειδὴ

2188 3520 2409 3599 ἔμελλεν
2478 3519 2591 3579 ἐκεῖ
2656 3523 2835 3597 μεῖναι
2902 3519 3108 3600 ἡμέρας
3173 3519 3294 3593 δύο,
3349 3518 3536 3580 τούτου
3607 3520 3789 3583 ἕνεκέν

2187 3633 2378 3691 φησιν,
2425 3607 2508 3667 ὅτι
2547 3636 2573 3664 ι
2607 3612 2727 3670 Οὐκ
2766 3607 2910 3669 ἔστιν
2939 3613 2973 3680 ἡ
3015 3606 3257 3669 ἀσθένεια
3288 3608 3417 3688 πρὸς
3469 3609 3728 3689 θάνατον,
3757 3638 3790 3666 ιι

2186 3699 2361 3759 καίτοι
2390 3698 2523 3778 πρὸς
2566 3699 2789 3758 θάνατον
2834 3697 3067 3777 γέγονεν·
3107 3699 3245 3772 ἄλλ’,
3279 3696 3410 3778 ὅπερ
3458 3699 3617 3780 ἔφην,
3654 3699 3789 3771 τέως

2189 3787 2512 3869 μετεωρίσαι
2571 3788 2738 3848 θέλων
2810 3787 2933 3855 τοὺς
2984 3785 3246 3866 μηνυτὰς,
3299 3789 3391 3848 καὶ
3452 3790 3611 3848 οἱονεί
3642 3802 3786 3850 ’τινα

2184 3877 2529 3960 παραμυθίαν
2586 3879 2761 3945 αὐτοῖς
2816 3875 3019 3951 διδοὺς,
3074 3879 3146 3945 ὥς
3204 3875 3268 3937 ἂν
3340 3878 3417 3956 μὴ
3488 3877 3787 3957 ἐγκείμενοι

2187 3969 2453 4047 ἐνοχλοῖεν
2475 4010 2492 4044 ,
2546 3966 2733 4026 τούτου
2773 3966 2921 4027 ἓνεκέ
2966 3990 3148 4049 φησιν,
3180 3964 3260 4026 ὅτι
3288 3994 3313 4021 ι
3355 3968 3476 4028 Οὖκ
3508 3966 3623 4027 ἔστι
3658 3971 3788 4049 πρὸς

2188 4056 2433 4117 θάνατον.
2480 4081 2506 4108 ιο
2587 4052 2791 4123 Ἄλλως
2828 4080 2905 4130 τε,
2956 4058 3024 4117 Εἰ
3074 4058 3250 4123 καλῶς
3292 4056 3616 4133 σκοπήσεις,
3665 4058 3784 4117 οὐδὲ

2186 4143 2314 4224 πρὸς
2370 4144 2592 4204 θάνατον
2644 4136 2707 4217 ἧν
2752 4148 2785 4217 ἡ
2853 4143 3128 4228 ἄρῤωστία
3178 4152 3411 4205 τοιοῦτον
3434 4191 3451 4222 ,
3505 4137 3611 4207 οἷον
3663 4146 3786 4222 θνή-

2187 4256 2403 4294 σκουσιν
2431 4237 2478 4292 οἱ
2527 4233 2716 4293 πολλοὶ
2758 4234 3179 4315 μακροχρόνιον,
3236 4233 3377 4293 ἀλλὰ
3422 4234 3785 4317 πρόσκαιρον,

2187 4324 2279 4382 καὶ
2335 4323 2465 4404 πρὸς
2531 4322 2795 4403 τέσσαρας
2859 4325 3062 4403 ἡμέρας
3135 4323 3425 4383 συστάντα.
3518 4323 3676 4384 Ἐπεὶ
3725 4326 3783 4387 δὲ

2187 4412 2381 4486 ἀνέστη
2431 4411 2825 4494 τετραήμερος,
2877 4413 3007 4494 πρδς
3054 4411 3116 4471 τὸ
3179 4413 3344 4493 πέρας
3396 4415 3621 4492 ὁρῶντες
3685 4422 3781 4476 τοῦ

467 4505 595 4575 Dei,
645 4513 709 4561 ut
752 4505 1083 4578 gloriﬁcetur
1112 4505 1281 4562 Filius
1328 4505 1448 4561 Dei.
1486 4528 1513 4554 υ
1545 4506 1714 4563 Vides
1741 4492 1927 4564 unam,
1951 4525 2069 4566 esse

2183 4492 2533 4579 πράγματος,
2554 4492 2777 4580 λέγομεν
2810 4502 2886 4579 μὴ
2926 4492 3073 4561 εἶναι
3121 4528 3145 4554 α
3176 4502 3309 4582 πρὸς
3330 4501 3553 4562 θάνατον
3587 4528 3613 4556 ι
3684 4503 3784 4577 τὴν

466 4594 697 4666 gloriam
717 4595 897 4650 Patris
914 4603 966 4650 et
985 4594 1141 4651 Filii?
1181 4610 1308 4650 cum
1330 4595 1474 4650 enim
1497 4595 1744 4664 dixisset,
1770 4618 1797 4647 «
1826 4613 1924 4669 pro
1955 4598 2072 4669 glo-

465 4683 548 4739 ria
563 4683 685 4751 Dei,
708 4705 733 4730 »
750 4683 1019 4752 subdidit,
1037 4706 1061 4732 ι
1078 4692 1139 4739 ut
1153 4683 1485 4755 glorificatur
1496 4686 1666 4740 Filius
1682 4686 1799 4742 Dei.
1822 4710 1847 4735 ι»
1872 4689 2067 4759 Itaque

464 4771 640 4843 gloria
667 4772 794 4841 Dei,
843 4773 1024 4828 Patris
1069 4773 1215 4840 dico,
1259 4772 1318 4828 in
1363 4773 1514 4843 nullo
1550 4773 1723 4845 656
1756 4776 1936 4847 major
1983 4784 2070 4832 est

463 4875 631 4933 quam
658 4860 800 4917 Filii.
833 4864 987 4917 Deus
1015 4861 1181 4934 igitur
1202 4870 1284 4918 est
1310 4869 1364 4918 et
1407 4862 1592 4929 Filius,
1630 4863 1774 4919 sicut
1801 4873 1857 4920 et
1884 4867 2065 4935 Pater,

462 4950 685 5022 proprie
714 4966 779 5006 ac
807 4965 952 5006 vere.
977 4952 1123 5006 Nam
1152 4967 1277 5007 cum
1308 4968 1415 5007 una
1448 4952 1621 5023 gloria
1652 4953 1821 5008 etiam
1846 4971 1952 5010 una
1983 4963 2067 5010 est

462 5039 787 5097 substantia.
835 5040 1110 5110 Quocirca
1149 5039 1560 5098 confundantur
1600 5050 1655 5097 et
1682 5058 1749 5098 ex
1791 5043 1900 5099 hoc
1942 5044 2065 5101 loco

462 5129 674 5185 Ariani.
701 5128 948 5185 Verbum
973 5137 1180 5197 autem,
1212 5153 1237 5178 ιι
1281 5138 1341 5186 ut
1369 5130 1722 5202 gloriﬁcetur,
1752 5153 1779 5181 ι
1808 5148 1877 5189 ne
1909 5141 2065 5205 putes

462 5233 641 5275 causa:
660 5218 1106 5291 signiﬁcativum,
1127 5218 1225 5275 sed
1245 5227 1471 5275 eventus
1486 5228 1542 5275 et
1565 5220 1815 5291 effectus,
1835 5230 1897 5279 ut
1916 5238 2063 5295 saepe

457 5305 718 5364 diximus.
752 5310 878 5364 Non
905 5308 1060 5364 enim
1109 5315 1171 5363 ut
1199 5307 1537 5380 glorificetur
1564 5311 1739 5380 Deus,
1770 5320 2061 5383 propterea

457 5395 744 5464 azgrotavit
772 5398 1031 5463 Lazarus,
1062 5395 1162 5452 sed
1191 5397 1295 5453 alia
1324 5397 1562 5469 quadam
1591 5398 1660 5455 de
1702 5415 1864 5455 causa
1904 5399 2063 5455 inﬁr-

457 5483 621 5538 mitas
648 5484 897 5556 accessit,
929 5501 1036 5557 qua
1064 5494 1250 5543 tamen
1280 5487 1553 5543 Dominus
1581 5487 1638 5543 in
1678 5487 1914 5560 gloriam
1956 5489 2059 5545 Dei

456 5585 589 5627 usus
627 5578 730 5627 est.
770 5593 797 5619 ει
848 5575 1048 5630 Mansit
1076 5583 1261 5632 autem
1304 5575 1495 5633 diebus
1547 5575 1787 5647 duobus,
1822 5599 1849 5627 ι
1879 5576 2059 5635 donec

2180 4591 2451 4650 ἀσθένειαν
2471 4636 2488 4665 ,
2536 4620 2561 4643 ιι
2613 4591 2734 4649 ἀλλ’
2762 4590 2894 4672 ὑπὲρ
2923 4595 3017 4662 τῇς
3048 4590 3198 4664 δόξης
3220 4634 3237 4664 ,
3270 4590 3436 4672 φησὶ,
3481 4596 3574 4651 τοῦ
3605 4595 3779 4669 Θεοῦ,

2175 4687 2264 4738 ἱνα
2309 4678 2537 4760 δοξασθῇ
2592 4683 2621 4738 6
2670 4681 2795 4749 Υἱὸς
2854 4686 2945 4739 τοῦ
2977 4683 3143 4741 Θεοῦ.
3204 4708 3228 4733 ι
3281 4680 3447 4761 Ὁρᾷς
3498 4681 3625 4758 μίαν
3678 4683 3779 4755 τὴν

2177 4768 2330 4836 δόξαν
2361 4775 2452 4828 τοῦ
2485 4768 2702 4850 Πατρὸς
2734 4768 2826 4827 xui
2864 4773 2956 4827 τοῦ
3005 4770 3175 4844 “ob;
3211 4767 3396 4829 Εἰπὼν
3426 4768 3553 4847 γὰρ,
3585 4797 3610 4822 α
3641 4771 3776 4852 ὑπὲρ

2176 4860 2271 4928 τῆς
2325 4858 2475 4931 δόξης
2523 4863 2614 4917 τοῦ
2669 4860 2836 4932 Θεοῦ,
2869 4885 2894 4913 ι
2937 4857 3207 4938 ἐπήγαγε·
3243 4885 3267 4912 α
3301 4854 3423 4920 Ἵνα
3475 4858 3700 4940 δοξασθῇ
3750 4866 3780 4922 6

2177 4947 2303 5015 Υἱὸς
2348 4952 2438 5007 τοῦ
2473 4948 2635 5008 Θεοῦ.
2671 4974 2695 5001 ι
2781 4947 3218 5027 Ἀπαράλλακτος
3263 4949 3364 5028 γὰρ
3413 4953 3447 5021 ἡ
3497 4953 3594 5007 τοῦ
3631 4954 3779 5011 Θεοῦ

2175 5035 2322 5110 δόξα,
2383 5041 2475 5096 τοῦ
2530 5036 2747 5117 Πατρὸς
2798 5036 2862 5111 δὴ
2909 5036 3083 5117 λέγω,
3142 5036 3275 5116 πρὸς
3321 5036 3419 5109 τὴν
3479 5042 3570 5096 τοῦ
3616 5041 3772 5099 Υἱοῦ.

2174 5126 2310 5193 Θεὸς
2325 5128 2445 5208 ’ἄρα
2475 5126 2567 5185 xui
2598 5130 2626 5184 6
2655 5125 2800 5198 Υἱὸς,
2832 5128 2905 5193 ὡς
2951 5129 2979 5185 6
3009 5124 3231 5206 Πατὴρ,
3272 5126 3465 5208 κυρίως
3507 5127 3601 5186 xui
3631 5129 3775 5201 ἄλη-

2174 5217 2293 5281 θῶς.
2324 5205 2428 5274 ’Ὧν
2474 5214 2578 5294 γὰρ
2607 5219 2642 5289 ἡ
2689 5215 2811 5283 δόξα
2852 5214 2980 5293 μία,
3012 5215 3104 5275 καὶ
3134 5205 3185 5288 ἡν
3213 5205 3365 5275 οὐσία
3399 5218 3516 5291 μία.
3556 5218 3776 5297 Αἰσχυ-

2173 5308 2444 5363 νέσθωσαν
2476 5305 2649 5363 τοίνυν
2700 5307 2981 5363 κάντεῦθεν
3013 5304 3294 5384 Ἆρειανοί.
3329 5306 3412 5366 Τὸ
3441 5304 3533 5376 δὲ,
3588 5333 3613 5359 ι
3647 5302 3771 5367 Ἵνα

2174 5390 2435 5470 δοξασθῇ,
2474 5419 2497 5446 ι
2539 5392 2614 5471 μὴ
2647 5394 3002 5472 αἰτιολογικὸν
3032 5395 3263 5472 νοήσῃς,
3298 5393 3439 5452 ἀλλὰ
3473 5397 3568 5464 τῇς
3608 5393 3772 5454 ἐκϐά-

2173 5504 2303 5549 σεως
2343 5482 2436 5541 xui
2484 5486 2576 5541 τοῦ
2618 5482 3075 5561 ἀποτελέσματος,
3119 5487 3191 5550 ὣς
3233 5482 3493 5551 πολλάκις
3532 5481 3769 5561 εἴπομεν.

2167 5573 2252 5632 Οὐ
2282 5568 2383 5653 γὰρ
2409 5568 2497 5629 ἵνα
2546 5570 2773 5651 δοξασθῇ
2805 5575 2833 5631 6
2873 5571 3047 5647 Θεὸς,
3090 5572 3176 5632 διὰ
3217 5577 3374 5631 τοῦτο
3417 5572 3712 5646 ἠσθένησεν
3739 5576 3770 5630 6

523 5751 568 5785 ⁷³
599 5755 732 5809 Luc.
764 5767 877 5821 vn,
915 5759 1002 5810 37.
1078 5755 1121 5790 ⁷⁸
1151 5758 1345 5814 Matth.
1377 5774 1522 5824 vui,
1553 5764 1606 5814 5.
1684 5760 1725 5793 ⁷⁵
1754 5760 1896 5816 Psal.
1928 5777 2097 5833 χειν,
2128 5770 2224 5831 78;
2256 5762 2473 5830 Iudith,
2504 5778 2644 5833 xm,
2677 5770 2768 5819 25.
