4198 6478
539 439 611 493 89
1370 434 1764 493 ENARRATIO
1803 437 1870 492 IN
1909 433 2341 492 EVANGELIUM
2379 435 2678 493 JOANNIS.
2711 467 2778 478 --
2819 438 2968 494 CAP.
3011 438 3096 494 Χῐ.
3815 447 3883 500 90

565 564 827 645 Λάζαρος·
881 561 1030 624 ἀλλὰ
1071 561 1271 635 συνέϐη
1325 561 1419 640 μὲν
1470 561 1723 641 ἑτέρωθεν
1767 565 1802 633 ἡ
1847 559 2164 642 ἀρρωστία,

2278 563 2582 634 exspiraret
2644 571 2701 618 et
2755 562 3106 634 sepeliretur;
3175 579 3246 621 ne
3311 565 3431 636 quis
3476 564 3659 623 dicere
3706 569 3884 639 possit

567 655 828 737 ἐχρήσατο
852 653 909 714 δὲ
941 656 970 712 6
1001 652 1202 734 Κύριος
1232 655 1364 732 αὐτῇ
1398 654 1470 718 εἷς
1501 651 1654 720 δόξαν
1687 656 1851 712 Θεοῦ.
1888 679 1912 706 ι
1945 648 2171 726 Ἔμεινε

571 746 627 805 δὲ
665 746 868 825 ἡμέρας
922 742 1051 819 δύο,
1080 773 1104 795 ιι
1156 742 1244 800 ἵνα
1287 743 1558 823 ἀποψύξῃ·
1593 741 1679 800 ἵνα
1730 740 1914 818 μηδεὶς
1945 741 2044 820 ἔχῃ
2090 740 2172 798 λέο

570 860 679 914 γειν
701 881 718 908 ,
748 834 823 894 ὅτι
866 836 1030 916 κάρος
1071 825 1163 905 ἦν,
1195 833 1277 894 ὅτι
1304 833 1515 898 ἔκλυσις
1544 826 1609 905 ἦν
1628 878 1645 906 ,
1679 832 1761 890 ὅτι
1789 831 2016 910 κάτοχος
2049 830 2172 908 ἐγέ-

567 950 719 1001 νετο,
747 927 838 984 καί
872 927 968 984 οὐκ
998 923 1247 984 ἀπέθανε.
1274 923 1377 983 Διὰ
1408 926 1566 982 10310
1593 922 1684 982 καὶ
1707 920 1897 1002 χρόνον
1921 925 2172 980 τοσοῦτον

570 1017 758 1094 μένει,
809 1015 948 1074 ὥστε
1000 1014 1092 1073 καὶ
1144 1011 1340 1095 φθορὰν
1388 1013 1662 1093 γενέσθαι,
1709 1011 1801 1070 καὶ
1852 1011 2019 1070 εἰπεῖν
2073 1010 2172 1083 τὴν

569 1105 830 1186 ἀδελφὴν,
856 1103 936 1165 ὅτι
967 1131 990 1158 ι
1020 1103 1151 1172 ὄζει.
1178 1131 1204 1155 ιο

649 1225 675 1250 ι
721 1195 954 1254 Ἔπειτα
991 1192 1128 1266 μετὰ
1175 1198 1330 1253 10310
1361 1191 1502 1271 λέγει
1536 1199 1642 1260 τοῖς
1672 1196 1967 1269 μαθηταῖς·
1998 1188 2172 1271 Ἀγω-

740 1289 757 1310 ’
865 1285 878 1306 ‘
961 1283 1004 1342 Ἰ
1073 1281 1160 1342 δ’
1334 1281 1382 1340 ’λ
1492 1281 1567 1341 Δί
1836 1283 1854 1303 ³
1901 1283 1935 1297 ’“’
1999 1283 2019 1340 ἱ

569 1309 670 1359 μεν
711 1311 784 1352 εις
822 1309 920 1355 τήν
1010 1306 1068 1342 ου
1105 1307 1226 1340 αιαν
1273 1307 1348 1340 πα
1388 1307 1458 1343 ιν.
1545 1304 1751 1360 εγουσιν
1795 1304 1940 1362 αυτῳ
1971 1305 1997 1341 0
2061 1306 2170 1358 μα·

566 1377 761 1444 θηταί·
788 1373 1046 1446 ’1)αϐϐεὶ,
1095 1377 1184 1431 νῦν
1221 1372 1436 1442 ἐζήτουν
1473 1396 1532 1430 σε
1572 1373 1621 1430 οἱ
1643 1371 1891 1431 Ἰουδαῖοι
1916 1369 2168 1448 λιθάσαι,

565 1465 663 1523 καὶ
708 1465 875 1524 πάλιν
906 1463 1123 1540 ὑπάγεις
1169 1462 1308 1535 ἐκεῖ;
1347 1461 1627 1542 Ἀπεκρίθη
1673 1464 1700 1519 6
1747 1460 1982 1532 Ἰησοῦς·
2026 1461 2170 1539 Οὐχὶ

561 1554 780 1612 δώδεκα
810 1545 948 1632 ὧραί
995 1557 1093 1612 εἶσι
1134 1555 1229 1620 τῆς
1259 1552 1494 1630 ἡμέρας
1527 1550 1662 1611 Ἐάν
1700 1574 1778 1617 τις
1809 1555 2082 1630 περιπατῇ
2114 1553 2170 1607 ἐν

563 1648 635 1722 τῇ
665 1644 880 1724 ἡμέρα,
931 1644 991 1702 ού
1039 1640 1404 1719 προσκόπτει,
1447 1638 1528 1699 ὅτι
1576 1639 1638 1698 τὸ
1686 1643 1793 1721 φῶς
1841 1644 1933 1698 103
1965 1639 2167 1714 κόσμου

563 1733 758 1792 τούτου
799 1732 1006 1812 βλέπει.
1043 1730 1171 1790 Ἐὰν
1216 1731 1274 1791 δέ
1321 1755 1400 1797 τις
1441 1734 1710 1810 περιπατῇ
1759 1733 1811 1789 ἐν
1861 1734 1928 1809 τῇ
1969 1728 2165 1803 νυκτὶ,

561 1821 932 1902 προσκόπτει,
972 1821 1051 1879 ὅτι
1082 1820 1143 1879 τὸ
1169 1825 1278 1900 φῶς
1307 1823 1401 1880 οὐκ
1451 1819 1593 1880 ἔστιν
1623 1820 1676 1877 ἐν
1709 1821 1876 1898 αύτῷ.
1911 1846 1934 1872 υ
1981 1821 2167 1878 Οὐδα-

563 1916 668 1988 μοῧ
699 1910 797 1987 μὲν
831 1913 1070 1991 ἀλλαχοῦ
1112 1915 1395 1989 προεῖπεν,
1427 1911 1559 1968 ὅπου
1601 1909 1784 1986 μέλλει
1815 1910 2166 1987 πορεύεσθαι,

565 2003 796 2060 ἐνταῦθα
849 2000 904 2061 δὲ
937 2000 1094 2075 μόνον
1143 1999 1388 2079 φαίνεται
1437 1999 1750 2080 προλέγων,
1801 1997 1991 2068 ἐπειδὴ
2047 1999 2162 2056 ἐδε-

565 2091 837 2150 δοίκεισαν
887 2090 1092 2170 σφόδρα
1141 2090 1190 2149 οἱ
1241 2090 1479 2170 μαθηταὶ
1525 2088 1586 2148 τὸ
1631 2090 1704 2155 εἷς
1754 2087 1852 2160 τὴν
1899 2087 2166 2147 Ἰουδαίαν

567 2182 842 2241 ἀπελθεῖν.
873 2179 976 2239 Διὰ
1020 2183 1177 2238 10310
1208 2169 1299 2237 οὖν
1324 2178 1604 2256 προλέγει,
1637 2175 1727 2235 ἵνα
1771 2177 1847 2255 μὴ
1875 2181 1951 2258 τῷ
1994 2178 2168 2256 ἀθρόῳ

565 2272 1028 2350 διαταραχθῶσιν,
1068 2269 1317 2350 ἐξαίφνης
1361 2268 1688 2346 ἀπαγόμενοι
1738 2270 1808 2334 εἷς
1838 2267 2050 2348 χώραν,
2101 2267 2168 2339 ἣν

562 2347 943 2421 ἐδεδοίκεισαν.
992 2357 1157 2419 Ἐπεὶ
1198 2347 1296 2416 οὖν
1338 2357 1629 2437 ἐφοϐοῦντο
1673 2357 1766 2416 καὶ
1813 2347 1949 2436 ὑπὲρ
2004 2359 2168 2416 αὐτοῦ

562 2449 660 2528 μὲν
722 2448 907 2528 (οὔπω
975 2448 1080 2528 γὰρ
1147 2447 1357 2506 τελείαν
1417 2447 1511 2520 τὴν
1563 2446 1685 2524 περὶ
1739 2450 1900 2507 αὐτοῦ
1971 2450 2166 2526 γνῶσιν

561 2527 773 2618 εἶχον),
819 2538 882 2598 τὸ
912 2538 967 2596 δὲ
1001 2537 1159 2596 πλέον
1193 2536 1325 2616 ὑπὲρ
1373 2538 1608 2614 ἑαυτῶν,
1642 2535 1824 2618 φασὶν,
1867 2533 1948 2595 ὅτι
1996 2563 2022 2591 α
2056 2539 2167 2596 Νῦν

564 2629 782 2699 ἐζήτουν
835 2651 897 2686 σε
930 2629 978 2686 οἱ
1023 2627 1270 2688 Ἰουδαῖοι
1316 2626 1568 2700 λιθάσαι,
1613 2625 1704 2684 καὶ
1735 2625 1899 2685 πάλιν
1944 2626 2168 2706 ὑπάγεις

565 2720 705 2789 ἐκεῖς
744 2745 768 2770 ι
812 2717 884 2778 Ὁ
930 2715 983 2776 δὲ
1030 2715 1430 2799 παραθαρῤύνει
1465 2712 1685 2791 αὖτοὺς,
1729 2715 1822 2774 καί
1863 2740 2050 2798 φησιν,
2084 2717 2165 2776 ὅτι

560 2804 778 2886 Ὥσπερ
802 2810 830 2865 6
855 2806 913 2866 τὸ
943 2809 1052 2887 φῶς
1085 2807 1296 2886 βλέπων
1331 2809 1390 2865 οὖ
1413 2805 1756 2886 προσπταίει,
1793 2810 1820 2866 6
1844 2805 1900 2865 δὲ
1932 2809 1986 2866 ἐν
2016 2806 2168 2866 νυκτὶ

565 2902 913 2977 περιπατῶν,
965 2899 1159 2964 ἐκεῖνος
1216 2895 1582 2976 προσκόπτευ
1641 2894 1808 2962 οὕτως
1863 2898 1892 2954 6
1944 2896 2040 2972 μὲν
2104 2897 2168 2957 τὸ

567 2988 760 3062 ἀγαθὸν
807 2989 974 3044 ποιῶν
998 3032 1015 3061 ,
1060 2985 1151 3044 καὶ
1202 2987 1255 3043 ἐν
1297 2993 1568 3056 φωτεινοῖς
1601 2983 1776 3066 ἔργοις
1807 2989 2120 3066 περιπατῶν
2147 3031 2164 3060 ,

565 3077 711 3135 οὐδὲν
767 3075 1012 3134 πείσεται
1063 3075 1261 3133 δεινόν·
1325 3078 1352 3132 6
1417 3074 1472 3133 δὲ
1534 3075 1603 3133 τὰ
1653 3078 1834 3156 φαῦλα
1908 3075 2166 3154 πράσσων

561 3165 804 3226 πείσεται
827 3165 1017 3228 δεινόν,
1051 3161 1228 3224 εὨστε
1258 3168 1398 3240 ὑμᾶς
1435 3166 1492 3222 οὐ
1521 3162 1628 3244 χρὴ
1655 3163 1968 3223 δεδοικέναι⁶
2016 3164 2165 3224 οὐδὲν

561 3255 664 3334 γὰρ
695 3255 840 3322 ἄξιον
885 3253 1112 3313 θανάτου
1148 3254 1470 3333 ἐπράξαμεν.
1507 3252 1582 3314 Ἥ
1627 3254 1720 3312 καὶ
1764 3253 1965 3320 ἄλλως*
2025 3257 2091 3314 Εἰ
2137 3259 2164 3315 6

562 3346 625 3403 τὸ
668 3348 802 3424 φῶς,
843 3344 1005 3424 φησὶ,
1041 3343 1255 3422 βλέπων
1285 3348 1480 3420 10310,
1512 3344 1570 3402 οὗ
1601 3343 1946 3423 προσκόπτει,
1979 3347 2164 3426 πολλῷ

565 3438 776 3513 μᾶλλον
824 3438 852 3492 6
902 3436 1020 3510 μετ’
1069 3436 1203 3509 ἐμοῦ
1247 3430 1340 3504 ὢν,
1393 3432 1483 3490 ἐὰν
1529 3432 1604 3509 μὴ
1654 3433 1936 3514 ἀποστήσῃ
1981 3433 2165 3494 ἑαυτὸν

560 3526 722 3601 ἐμοῦ,
756 3527 854 3583 οὐκ
899 3523 962 3581 ἂν
1005 3521 1309 3603 προσκόιῖιῃ.
1345 3517 1522 3581 Ὢστε
1569 3522 1660 3580 καὶ
1691 3525 1843 3598 ὑμεῖς
1887 3525 2002 3597 μετ’
2033 3525 2164 3600 ἐμοῦ

560 3620 651 3673 103
689 3614 864 3695 φωτὸς
895 3613 1044 3680 ὄντες
1065 3659 1081 3689 ,
1116 3613 1294 3688 μάτην
1327 3612 1620 3671 δεδοίκατε.
1657 3607 1842 3672 Ἄλλοι
1872 3613 1927 3670 δὲ
1955 3613 2164 3695 ἡμέραν

561 3705 656 3780 μὲν
684 3710 868 3762 νοοῦσι
912 3706 1000 3762 τὸν
1028 3704 1134 3786 πρὸ
1162 3708 1255 3762 103
1285 3705 1480 3770 πᾶθους
1521 3701 1732 3781 καιρὸν,
1783 3700 1949 3761 νύκτα
1984 3703 2039 3762 δὲ
2073 3704 2163 3763 τὸν

560 3800 650 3853 103
692 3795 914 3860 πάθους.
969 3784 1158 3868 Ὑμεῖς
1198 3784 1325 3866 οὗν,
1374 3790 1565 3872 φησὶν,
1603 3790 1702 3859 ἕως
1755 3791 1936 3871 ἡμέρα
1985 3794 2157 3867 ἐστὶν,

561 3883 867 3961 τουτέστιν,
899 3883 994 3948 ἕως
1037 3882 1187 3941 οὔπω
1216 3886 1243 3940 6
1283 3887 1375 3940 103
1401 3882 1600 3950 πάθους
1631 3881 1813 3961 καιρὸς
1845 3882 2056 3957 ἐνέστη,
2101 3887 2161 3944 οὐ

565 3975 641 4049 μὴ
665 3974 1010 4054 προσκόψητε
1029 3995 1042 4010 ·
1080 3975 1140 4032 οὖ
1167 3972 1273 4053 γὰρ
1303 3972 1667 4051 διωχθήσεσθε
1687 3971 1814 4050 παρ’
1852 3971 2160 4047 Ἰουδαίων,

563 4065 684 4121 οὔτε
720 4065 855 4120 ἄλλο
901 4061 1139 4129 ἀντίξουν
1179 4067 1304 4138 ὑμῖν
1351 4061 1717 4132 ἀπαντήσεται
1911 4063 2158 4136 ἀπαντή-

558 4176 680 4211 σετε
781 4151 960 4210 εὈταν
1009 4151 1065 4210 δὲ
1107 4157 1140 4223 ἡ
1184 4152 1274 4220 νὺξ
1319 4149 1476 4231 ἔλθῃ,
1520 4151 1774 4218 τὸπάθος
1820 4149 1885 4223 δή
1931 4176 2068 4232 φημι
2101 4155 2164 4212 τὸ

560 4243 725 4318 ἐμὸν,
760 4241 882 4300 τότε
928 4241 993 4313 δὴ
1037 4241 1437 4312 συσταλήσεσθε
1483 4241 1578 4318 μὲν
1618 4243 1672 4300 ἐν
1702 4241 1922 4321 οἰκίσκῳ
1952 4241 2029 4300 ἑνὶ
2076 4241 2159 4300 διὰ

558 4331 650 4389 τὸν
691 4329 857 4411 φόϐον
886 4333 992 4388 τῶν
1023 4330 1327 4392 Ἰουδαίων.
1373 4359 1398 4384 ι
1443 4326 1675 4390 Ἐκτοτε
1708 4329 1763 4388 δὲ
1809 4331 2032 4410 θλίψεις,
2071 4332 2164 4391 καὶ

560 4421 768 4492 ὀδύνας,
814 4419 909 4478 καὶ
966 4419 1143 4479 πολλὰ
1191 4418 1590 4502 προσκόμματα
1642 4418 1736 4478 καὶ
1786 4420 2158 4496 ἐναντιώματα

2279 651 2426 724 quod
2455 652 2702 725 gravatio
2747 653 3006 725 quaedam
3052 652 3234 723 fuerit,
3277 653 3599 726 deliquium,
3654 659 3738 713 vel
3780 674 3880 715 ex-

2280 742 2430 811 tasis,
2479 750 2534 797 et
2573 758 2687 798 non
2739 742 2910 799 fuerit
2952 751 3221 800 mortuus.
3281 748 3351 800 Et
3388 753 3678 818 propterea
3727 755 3884 804 tanto

2278 838 2529 904 tempore
2576 841 2781 901 manet,
2831 841 2895 888 ut
2950 842 3006 890 et
3058 843 3528 908 corrumperetur,
3572 835 3883 910 diceretque

2278 936 2436 980 soror
2473 921 2649 978 illlum
2673 945 2699 972 ι
2734 921 2924 981 fetere.
2961 945 2986 973 ιο

2346 1203 2528 1261 Vens.
2573 1208 2729 1260 7-10.
2761 1221 2791 1258 «
2823 1202 3039 1260 Deinde
3066 1211 3194 1276 post
3233 1202 3340 1260 hoc
3385 1203 3523 1260 dicit
3549 1203 3835 1277 discipulis
3867 1225 3881 1264 :

2276 1295 2486 1349 Eamus
2524 1294 2582 1348 in
2621 1293 2877 1350 Iudaeam
2924 1294 3144 1350 iterum.
3210 1293 3412 1350 Dicunt
3456 1294 3508 1350 ei
3553 1288 3805 1367 discipuli
3867 1313 3881 1353 :

2276 1382 2480 1450 Rabbi,
2502 1382 2670 1439 modo
2691 1384 3014 1456 quaerebant
3038 1392 3091 1440 te
3117 1383 3300 1440 Judazi
3319 1383 3579 1455 lapidare,
3605 1391 3660 1440 et
3685 1385 3883 1441 iterum

2277 1471 2432 1528 vadis
2461 1472 2618 1528 illuc?
2647 1473 2948 1544 Respondit
2970 1475 3166 1530 Jesus:
3197 1476 3391 1530 Nonne
3438 1472 3731 1530 duodecim
3755 1483 3886 1530 sunt

2279 1559 2432 1618 horae
2455 1562 2594 1618 diei?
2626 1563 2673 1617 si
2701 1565 2827 1634 quis
2855 1563 3217 1619 ambulaverit
3244 1563 3299 1619 in
3329 1563 3437 1630 die,
3477 1579 3592 1618 non
3621 1562 3882 1632 offendit,

2280 1652 2404 1724 quia
2431 1651 2608 1707 lucem
2634 1651 2801 1724 hujus
2838 1652 3034 1708 mundi
3056 1651 3218 1708 videt.
3243 1653 3300 1708 Si
3327 1653 3450 1725 quis
3477 1661 3662 1709 autem
3691 1653 3886 1709 ambu-

2279 1739 2488 1807 laverit
2511 1739 2566 1795 in
2594 1751 2783 1808 nocte,
2823 1739 3080 1808 offendit,
3107 1741 3238 1812 quia
3274 1741 3363 1798 lux
3389 1758 3502 1797 non
3533 1750 3618 1798 est
3644 1743 3700 1798 in
3729 1757 3817 1798 eo.
3848 1762 3878 1796 »

2278 1833 2572 1902 Nusquam
2611 1830 2719 1886 alio
2767 1829 2890 1886 loco
2931 1829 3181 1901 prmdicit
3227 1847 3339 1902 quo
3386 1831 3460 1886 sit
3505 1829 3880 1903 profecturus;

2278 1920 2370 1976 hic
2408 1926 2588 1976 autem
2627 1919 2806 1975 solum
2852 1919 3151 1991 praedicere
3195 1919 3431 1988 videtur,
3473 1921 3599 1991 quia
3639 1920 3794 1976 valde
3825 1921 3886 1976 ti-

2278 2009 2508 2065 mebant
2547 2008 2799 2080 discipuli
2840 2009 2897 2064 in
2923 2007 3178 2066 Iudaeam
3208 2009 3304 2065 ire.
3353 2011 3422 2064 Et
3446 2008 3650 2065 idcirco
3680 2009 3883 2081 praedi-

2277 2099 2371 2168 cit,
2400 2107 2465 2154 ut
2511 2114 2580 2155 ne
2605 2098 2896 2170 repentina
2926 2099 3166 2155 abitione
3203 2098 3519 2167 turbentur,
3548 2098 3592 2155 si
3635 2097 3879 2155 abduce-

2278 2196 2472 2245 rentur
2526 2188 2586 2244 in
2643 2188 2927 2260 regionem
2984 2203 3151 2261 quam
3196 2187 3483 2244 timebant.
3537 2188 3713 2260 Igitur
3757 2189 3882 2260 quia

2277 2278 2555 2335 timebant
2583 2287 2641 2334 et
2689 2277 2908 2335 Christo
2940 2278 3167 2350 quidem
3197 2277 3467 2345 (nondum
3512 2279 3662 2334 enim
3700 2278 3880 2349 perfe-

2277 2376 2427 2424 ctam
2455 2367 2527 2424 de
2556 2369 2675 2440 ipso
2718 2368 3093 2440 cognitionem
3134 2368 3456 2437 habebant),
3500 2368 3678 2424 multo
3705 2369 3884 2440 magis

2277 2466 2463 2513 autem
2491 2456 2758 2527 sibiipsis,
2782 2456 2989 2526 dicunt,
3026 2479 3050 2504 α
3089 2456 3257 2512 Modo
3286 2456 3608 2530 quazrebant
3633 2466 3686 2513 te
3705 2457 3882 2514 Judaei

2277 2545 2539 2618 lapidare,
2593 2553 2650 2601 et
2699 2546 2899 2601 iterum
2940 2543 3093 2600 vadis
3129 2545 3295 2601 illuc?
3345 2568 3370 2593 ιι
3412 2550 3485 2600 At
3531 2545 3645 2617 ipse
3673 2547 3884 2602 animat

2276 2635 2403 2690 illos
2438 2643 2493 2692 et
2521 2633 2654 2690 dicit
2699 2652 2714 2689 :
2740 2635 2892 2690 Sicut
2919 2635 3013 2705 qui
3043 2633 3195 2690 videt
3235 2634 3437 2702 lucem,
3465 2650 3579 2690 non
3608 2633 3878 2704 offendit;

2276 2725 2369 2798 qui
2414 2732 2608 2780 autem
2640 2724 2700 2780 in
2738 2731 2901 2780 nocte
2941 2723 3210 2793 ambulat,
3262 2724 3354 2780 ille
3403 2722 3636 2780 offendit
3677 2743 3691 2780 :
3726 2725 3800 2779 ita
3828 2733 3884 2780 et

2276 2815 2372 2887 qui
2411 2814 2624 2870 bonum
2669 2813 2824 2881 facit,
2866 2822 2922 2871 et
2960 2814 3020 2869 in
3059 2812 3258 2869 lucidis
3296 2812 3556 2884 operibus
3610 2813 3880 2883 ambulat,

2277 2904 2406 2960 nihil
2430 2920 2590 2976 grave
2608 2904 2948 2975 experietur;
2971 2902 3066 2975 qui
3089 2911 3272 2958 autem
3289 2902 3435 2958 mala
3457 2901 3606 2970 facit,
3629 2903 3882 2974 patietur.

2277 2997 2348 3050 Et
2374 2994 2450 3048 ita
2481 3009 2596 3049 non
2623 3001 2843 3064 oportet
2869 3008 2967 3048 vos
2991 2993 3346 3048 meticulosos
3373 3007 3508 3048 esse.
3544 2992 3689 3048 Nihil
3719 2993 3871 3048 enim

2278 3092 2458 3139 morte
2481 3083 2706 3152 dignum
2733 3081 2982 3138 fecimus.
3019 3082 3116 3137 Vel
3145 3082 3310 3137 etiam
3341 3081 3499 3138 aliter
3539 3101 3552 3138 :
3595 3082 3652 3137 Si
3691 3081 3736 3137 is
3779 3082 3878 3153 qui

2277 3173 2425 3229 videt
2471 3172 2660 3228 lumen
2695 3172 2824 3241 hoc,
2854 3188 2966 3228 non
3009 3169 3243 3227 offendit
3295 3190 3308 3227 :
3350 3171 3530 3227 multo
3568 3170 3748 3243 magis
3785 3171 3880 3243 qui

2279 3277 2497 3318 mecum
2517 3270 2620 3328 est,
2647 3261 2749 3316 nisi
2770 3277 2802 3317 a
2827 3273 2916 3316 me
2939 3257 3224 3329 defecerit,
3271 3275 3386 3315 non
3410 3259 3665 3315 offendit.
3697 3264 3881 3332 Atque

2273 3350 2347 3406 ita
2379 3350 2547 3406 etiam
2573 3366 2672 3406 vos
2700 3365 2829 3405 cum
2867 3348 2987 3405 sitis
3026 3365 3274 3416 mecum,
3301 3349 3392 3421 qui
3431 3350 3619 3405 lumen
3651 3364 3779 3404 sum
3813 3347 3880 3417 ⁷⁸,

2274 3439 2478 3496 frustra
2503 3439 2732 3496 timetis.
2763 3438 2875 3494 Alii
2910 3447 3099 3494 autem
3125 3439 3274 3494 diem
3319 3437 3545 3510 quidem
3576 3437 3882 3509 intelligunt

2272 3537 2494 3601 tempus
2516 3538 2642 3584 ante
2671 3531 3000 3600 passionem,
3019 3536 3242 3584 noctem
3267 3543 3393 3583 vero
3419 3536 3642 3599 tempus
3673 3527 3880 3598 passio-

2273 3619 2378 3674 nis.
2429 3621 2540 3674 Vos
2570 3617 2758 3689 igitur,
2792 3617 2994 3688 inquit,
3043 3617 3286 3690 quandiu
3324 3616 3442 3674 dies
3480 3625 3584 3686 est,
3636 3615 3743 3673 hoc
3772 3621 3875 3684 est,

2272 3707 2515 3780 quandiu
2531 3705 2781 3762 nondum
2808 3707 2976 3762 instat
3000 3716 3217 3778 tempus
3242 3705 3536 3778 passionis,
3562 3721 3673 3761 non
3696 3705 3880 3761 offen-

2271 3797 2433 3854 detis.
2475 3798 2603 3852 Non
2633 3796 2784 3852 enim
2813 3796 3249 3868 persecutionem
3281 3794 3564 3866 patiemini
3591 3811 3623 3849 a
3651 3795 3876 3860 Judmis,

2272 3901 2450 3958 neque
2488 3883 2640 3940 aliud
2687 3885 2820 3956 quid
2843 3899 3006 3956 grave
3044 3883 3260 3939 eveniet
3289 3882 3468 3938 vobis.
3501 3885 3646 3940 Cum
3691 3891 3877 3939 autem

2271 3993 2384 4032 nox
2410 3974 2640 4041 venerit,
2669 3973 2850 4045 passio
2886 3974 3115 4045 inquam
3145 3987 3293 4040 mea,
3324 3981 3458 4028 tunc
3501 3981 3649 4028 certe
3678 3988 3880 4044 pavore

2272 4065 2678 4123 contrahemini
2725 4063 2974 4134 quidem,
3030 4063 3087 4117 in
3125 4077 3294 4118 unam
3341 4061 3739 4118 domunculam
3781 4078 3880 4118 vos

2269 4156 2598 4227 recipientes
2619 4163 2841 4225 propter
2859 4163 3070 4208 metum
3090 4150 3433 4208 Iudaeorum.
3455 4173 3480 4201 «
3503 4155 3578 4207 Ex
3599 4168 3665 4208 eo
3688 4160 3878 4208 autem

2269 4253 2520 4317 tempore
2544 4243 2868 4299 afﬂictiones
2891 4250 2947 4298 et
2965 4242 3368 4310 tribulationes,
3409 4250 3464 4298 et
3482 4243 3655 4298 multa
3691 4240 3878 4297 offen-

2270 4334 2452 4390 dicula
2498 4341 2554 4390 et
2582 4334 2934 4389 adversitates
2979 4332 3248 4388 habebitis
3287 4330 3331 4365 ⁷⁷
3373 4349 3388 4387 :
3443 4355 3468 4380 ιι
3499 4348 3626 4388 cum
3657 4347 3759 4404 ego
3783 4331 3880 4403 qui

2269 4425 2362 4480 lux
2389 4440 2538 4491 sum,
2560 4439 2674 4478 non
2697 4423 2840 4478 ultra
2871 4421 3160 4478 vobiscum
3191 4421 3550 4493 corporaliter
3578 4436 3878 4478 conversa-

562 4511 704 4578 ἕξετε
721 4555 740 4586 ,
767 4532 797 4567 n
831 4509 918 4568 ὅτε
942 4511 1038 4568 οὐκ
1067 4509 1144 4568 ἔτι
1173 4508 1280 4589 ἐγὼ
1308 4509 1369 4568 τὸ
1392 4513 1500 4588 φῶς
1531 4511 1646 4584 μεθ’
1668 4512 1819 4586 ὑμῶν
1847 4515 2164 4586 σωματικῶς

2279 4514 2402 4583 bor,
2433 4521 2660 4570 noctem
2680 4511 3050 4568 afﬂictiouum
3080 4509 3372 4568 habebitis.

562 4598 860 4670 συνδιάξω,
891 4599 1030 4680 ἀλλὰ
1058 4597 1223 4658 νύκτα
1253 4599 1349 4672 τὴν
1380 4604 1488 4658 τῶν
1518 4599 1751 4680 θλίψεων
1780 4599 1946 4668 ἕξετε.

650 4710 682 4746 α
723 4691 917 4750 Ταῦτα
947 4677 1091 4759 εἶπε,
1123 4688 1216 4748 καὶ
1260 4687 1400 4765 μετὰ
1441 4694 1594 4748 τοῦτο
1622 4677 1767 4766 λέγει
1808 4691 2016 4756 αὐτοῖς’
2047 4688 2162 4750 Λά-

564 4782 718 4858 ζαρος
764 4781 793 4836 6
831 4779 978 4857 φίλος
1014 4781 1171 4854 ἡμῶν
1219 4777 1574 4858 κεκοίμηται,
1627 4777 1768 4837 ἀλλὰ
1823 4779 2159 4858 πορεύομαι,

560 4867 649 4925 ἶνα
695 4866 956 4935 ἐξυπνίσω
1008 4866 1179 4926 αὐτόν.
1224 4858 1391 4925 Εἶπον
1439 4857 1528 4927 οὖν
1578 4868 1627 4926 οἱ
1695 4867 1933 4944 μαθηταὶ
1981 4871 2160 4950 αὐτῷ’

566 4958 756 5039 Κύριε,
784 4960 830 5014 εἰ
858 4956 1209 5033 κεκοίμηται,
1254 4955 1576 5028 σωθήσεται.
1631 4957 1854 5035 Εἷρήκει
1887 4956 1943 5016 δὲ
1972 4961 2000 5016 6
2041 4958 2157 5029 Ἰη-

558 5052 677 5113 σοῦς
708 5047 832 5126 περὶ
882 5051 975 5105 103
1011 5045 1234 5104 θανάτου
1265 5047 1466 5120 αὐτοῦ,
1495 5048 1686 5106 ἐκεῖνοι
1717 5045 1771 5104 δὲ
1821 5045 2026 5124 ἔδοξαν,
2079 5048 2159 5107 ὅτι

559 5139 680 5214 περὶ
721 5140 816 5206 τῆς
845 5134 1148 5212 κοιμήσεως
1178 5140 1267 5194 103
1299 5134 1464 5196 ὕπνου
1507 5135 1672 5214 λέγει.
1705 5135 1843 5196 Τότε
1877 5127 1968 5195 οὖν
2011 5126 2158 5198 εἶπεν

556 5228 735 5292 αὐτοῖς
779 5228 808 5283 6
854 5225 1064 5295 Ἰησοῦς
1111 5224 1416 5306 παρρησία·
1473 5228 1722 5306 Λάζαρος
1771 5225 2026 5304 ἀπέθανε,
2067 5227 2158 5288 καὶ

551 5315 732 5396 χαίρω
763 5317 832 5374 δι’
864 5318 1027 5390 ὑμᾶς,
1075 5311 1163 5372 ἵνα
1194 5315 1536 5396 πιστεύσητε,
1584 5315 1663 5396 ὅτι
1694 5317 1788 5374 οὐκ
1833 5315 1980 5392 ἤμην
2023 5318 2154 5377 ἐκεῖ.

551 5395 695 5466 Ἀλλ’
742 5407 964 5484 ἄγωμεν
995 5403 1127 5485 πρὸς
1153 5405 1336 5463 αὐτόν.
1376 5395 1541 5464 Εἶπεν
1571 5395 1663 5464 οὖν
1703 5408 1908 5482 Θωμᾶς
1938 5410 1966 5464 6
1995 5407 2154 5487 λεγό-

548 5519 702 5573 μενος
776 5496 1020 5571 Δίδυμος
1091 5495 1201 5562 τοῖς
1278 5499 1685 5571 συμμαθηταῖς·
1743 5491 1987 5573 Ἄγωμεν
2065 5495 2158 5557 καὶ

543 5590 724 5664 ἡμεῖς,
755 5585 846 5646 ἵνα
879 5582 1243 5661 ἀποθάνωμεν
1270 5585 1389 5660 μετ’
1421 5584 1607 5645 αὐτοῦ.
1634 5606 1666 5644 o
1706 5582 1936 5658 Ἐπειδὴ
1966 5587 2154 5648 ἐκεῖνοι

605 5777 843 5837 πΙοεω.
881 5788 931 5843 ι,
965 5776 1022 5828 9.
1103 5769 1156 5840 ,τ’
1185 5771 1348 5825 Joan.
1380 5785 1514 5840 xvr,
1544 5777 1632 5829 33.

2345 4696 2530 4751 Vnus.
2584 4696 2773 4749 11-16.
2830 4715 2857 4742 σι
2919 4694 3058 4749 Hac
3101 4692 3200 4760 ait,
3257 4699 3314 4748 et
3367 4699 3494 4764 post
3547 4690 3716 4763 657
3760 4690 3878 4748 haec

2271 4784 2406 4841 dicit
2439 4784 2520 4840 eis
2569 4800 2584 4840 :
2614 4783 2856 4837 Lazarus
2884 4782 3101 4837 amicus
3124 4788 3311 4837 noster
3341 4780 3572 4849 dormit,
3612 4782 3708 4837 sed
3739 4782 3880 4838 vado

2274 4883 2334 4930 ut
2373 4890 2402 4928 a
2433 4888 2634 4930 somno
2665 4871 2896 4928 excitem
2926 4871 3106 4926 illum.
3150 4873 3425 4927 Dixerunt
3453 4887 3583 4944 ergo
3624 4869 3877 4942 discipuli

2271 4962 2424 5034 ejus:
2451 4960 2719 5026 Domine,
2749 4961 2798 5016 si
2826 4960 3052 5030 dormit,
3082 4960 3265 5016 salvus
3291 4960 3412 5016 erit.
3442 4962 3670 5017 Dixerat
3687 4968 3874 5015 autem

2269 5055 2429 5108 Jesus
2481 5051 2551 5108 de
2599 5058 2780 5106 morte
2828 5050 2995 5123 ejus:
3044 5057 3101 5105 et
3152 5049 3232 5105 illi
3266 5058 3591 5122 putaverunt
3627 5048 3778 5122 quod
3808 5049 3877 5103 de

2271 5141 2610 5199 dormitione
2657 5139 2839 5196 somni
2885 5141 3105 5197 diceret.
3139 5142 3300 5195 Tunc
3348 5155 3480 5211 ergo
3525 5141 3687 5193 Jesus
3737 5137 3877 5192 dixit

2269 5232 2348 5288 eis
2373 5229 2662 5287 manifeste
2695 5248 2710 5286 :
2737 5231 2969 5286 Lazarus
2993 5237 3250 5285 mortuus
3275 5237 3378 5294 est,
3407 5236 3464 5282 et
3486 5225 3696 5299 gaudeo
3741 5241 3874 5298 pro-

2268 5330 2392 5394 pter
2435 5335 2553 5389 vos,
2598 5329 2660 5376 ut
2700 5319 2956 5386 credatis,
3003 5317 3153 5390 quod
3203 5333 3316 5372 non
3363 5315 3569 5371 fuerim
3623 5315 3727 5383 ibi;
3777 5315 3876 5371 sed

2268 5425 2462 5468 eamus
2511 5409 2579 5466 ad
2638 5425 2786 5465 eum.
2844 5408 3002 5463 Dixit
3048 5422 3178 5479 ergo
3230 5405 3474 5460 Thomas
3526 5404 3620 5476 qui
3672 5404 3878 5460 dicitur

2268 5501 2542 5573 Didymus
2565 5497 2638 5555 ad
2663 5496 3068 5568 condiscipulos
3093 5516 3105 5551 :
3132 5499 3341 5551 Eamus
3359 5502 3415 5550 et
3438 5509 3558 5564 nos,
3587 5502 3650 5549 ut
3669 5495 3876 5551 moria-

2265 5607 2393 5648 mur
2421 5605 2550 5646 cum
2588 5604 2672 5646 eo.
2700 5607 2730 5640 »
2790 5585 3071 5656 Quoniam
3114 5587 3192 5641 illi
3219 5583 3656 5642 formidaverant
3705 5585 3784 5640 ire
3820 5584 3874 5638 in
