4198 6454
499 459 559 511 91
1525 456 2039 513 THEOPHYLACTI
2075 454 2436 512 BULGARIE
2471 455 2784 511 ARCHIEP.
3732 456 3798 510 92

495 591 773 661 Judaeam,
817 592 954 650 dixit
1000 594 1081 649 eis
1126 592 1404 650 Dominus
1435 613 1448 649 :
1481 593 1746 664 Quamvis
1775 591 2083 665 quaerebant

2206 581 2540 642 ἐδεδοίκεσαν
2585 581 2683 653 τὴν
2731 580 3017 657 Ἰουδαίαν,
3072 578 3232 662 φησὶν
3281 583 3457 647 αὐτοῖς
3509 582 3538 638 ὃ
3577 578 3800 658 Κύριος·

496 698 588 739 me
635 682 815 739 Judaei
845 682 1101 754 lapidare,
1151 691 1204 738 et
1245 683 1350 738 hoc
1392 683 1665 739 faciebant
1694 683 1817 755 quia
1863 683 2094 753 loquens

493 772 603 828 illis
645 773 940 845 arguebam
967 788 1062 829 eos
1097 789 1113 828 :
1155 789 1306 829 nunc
1349 781 1534 830 autem
1563 790 1672 828 non
1713 772 1851 828 vado
1899 777 1959 827 ut
1986 771 2095 827 illis

494 861 712 934 loquar,
770 862 868 918 sed
918 870 980 918 ut
1033 863 1276 919 amicum
1324 863 1579 933 invisam,
1635 871 1801 934 atque
1853 862 1932 918 ita
1982 877 2094 916 non

494 958 710 1023 Oportet
754 952 1042 1023 trepidare.
1071 955 1200 1008 Non
1239 953 1389 1008 enim
1442 954 1510 1010 ad
1557 969 1618 1008 ea
1662 953 1798 1008 abeo
1846 951 1916 1008 ad
1972 966 2096 1022 qua:

495 1040 667 1113 prius,
716 1047 780 1096 ut
832 1042 1134 1113 periculum
1188 1059 1255 1098 ex
1305 1042 1510 1099 Judaais
1561 1057 1940 1115 expavescam,
1995 1040 2093 1096 sed

494 1129 736 1186 amicum
766 1145 829 1186 ex
860 1146 1057 1188 somno
1082 1131 1351 1188 excitabo.
1382 1135 1459 1188 At
1486 1132 1563 1187 illi
1589 1132 1836 1188 volentes
1866 1146 1994 1187 eum
2025 1130 2092 1186 ab

495 1218 690 1275 itinere
717 1219 1006 1292 impedire,
1052 1222 1214 1291 Satis,
1246 1222 1524 1295 inquiunt,
1568 1230 1692 1278 est:
1730 1221 1831 1278 «si
1859 1220 2090 1290 dormit,

491 1307 673 1365 salvus
702 1309 824 1366 erit.
869 1331 896 1359 ιο
931 1312 1106 1382 Igitur
1131 1327 1243 1367 non
1286 1327 1425 1383 opus
1453 1317 1538 1367 est
1571 1319 1632 1367 ut
1658 1327 1762 1366 nos
1799 1309 2085 1377 abeamus;

491 1414 609 1456 non
629 1399 781 1455 enim
806 1401 1181 1457 necessarium
1206 1409 1306 1457 est.
1323 1402 1486 1458 Unde
1507 1402 1621 1472 ipse
1641 1400 1860 1473 adjecit,
1887 1421 1914 1449 «
1935 1399 2092 1455 Ami-

489 1505 587 1545 cus
635 1499 849 1558 noster,
893 1514 919 1539 »
952 1499 1015 1547 ut
1040 1491 1297 1548 ostendat
1341 1492 1716 1547 necessarium
1767 1492 1872 1546 iter
1911 1489 2086 1545 illuc:

488 1593 681 1636 verum
731 1579 810 1634 illi
849 1579 1034 1636 dicunt
1071 1597 1182 1636 non
1233 1596 1352 1638 esse
1401 1581 1804 1649 necessarium,
1836 1579 2090 1652 quando-

490 1668 719 1741 quidem
767 1669 952 1727 salvus
994 1670 1173 1726 factus
1212 1672 1300 1736 sit,
1335 1686 1400 1726 eo
1446 1671 1595 1742 quod
1635 1671 1904 1727 dormiat.
1963 1673 2087 1726 Imo

487 1773 600 1813 non
629 1758 808 1815 solum
837 1775 952 1816 non
994 1760 1339 1817 necessarius
1364 1769 1448 1816 est
1493 1760 1762 1817 adventus
1808 1768 1958 1828 tuus,
1988 1759 2087 1816 sed

487 1855 542 1904 et
587 1849 768 1905 amico
832 1848 1155 1907 damnosus.
1208 1854 1357 1907 Nam
1403 1851 1449 1906 si
1495 1867 1725 1906 somnus
1774 1859 1857 1906 est
1911 1858 1966 1906 et
2015 1849 2082 1905 ad

485 1937 737 2009 salutem,
769 1945 832 1994 ut
859 1955 964 1996 nos
987 1940 1304 2012 opinamur,
1336 1947 1397 1996 tu
1425 1949 1613 1996 autem
1652 1939 2002 2012 profecturus
2026 1948 2088 1994 ut

483 2028 709 2098 excites,
756 2029 918 2084 saluti
968 2029 1085 2100 ejus
1113 2029 1410 2086 obfuturus
1450 2045 1539 2098 es;
1579 2045 1690 2085 non
1742 2029 1905 2101 igitur
1949 2045 2088 2101 opus

483 2125 570 2172 est
595 2125 660 2173 ut
686 2132 778 2173 eas
800 2126 855 2174 et
877 2119 1081 2174 excites
1105 2119 1265 2174 illum
1299 2137 1312 2174 :
1343 2117 1679 2175 damnosum
1709 2119 1862 2174 enim
1892 2117 1997 2174 hoc
2015 2119 2084 2174 ei.

485 2208 678 2278 Itaque
705 2206 797 2263 ubi
834 2207 972 2263 vidit
1017 2223 1112 2264 eos
1140 2208 1317 2264 adhuc
1367 2208 1577 2276 tardos,
1626 2217 1762 2264 tunc
1799 2206 2088 2264 manifeste

485 2294 689 2367 inquit,
740 2317 766 2344 α
799 2299 1058 2352 Mortuus
1086 2305 1186 2353 est.
1223 2320 1249 2346 ν
1282 2295 1449 2368 Cujus
1474 2306 1663 2355 autem
1709 2297 1879 2370 gratia
1922 2297 2087 2354 etiam

484 2384 639 2456 prius
699 2401 815 2442 non
871 2386 1166 2443 manifeste
1210 2387 1364 2456 dixit,
1419 2388 1514 2444 sed
1561 2388 1791 2456 occulte,
1844 2397 2087 2444 mortem

483 2488 744 2531 somnum
768 2476 1107 2533 nominans?
1131 2479 1365 2550 Propter
1393 2478 1586 2534 multa.
1616 2479 1808 2533 Unum
1836 2476 2080 2549 quidem,

481 2563 608 2636 quia
633 2580 665 2621 a
709 2564 851 2622 fastu
888 2574 1006 2623 erat
1036 2566 1278 2636 alienus;
1331 2567 1553 2624 nolebat
1598 2567 1748 2623 enim
1786 2567 1857 2623 ad
1901 2573 2084 2623 osten-

478 2655 750 2711 tationem
780 2654 978 2726 facere,
1007 2656 1103 2713 sed
1145 2658 1359 2713 occulte
1399 2657 1857 2713 resurrectionem
1885 2659 2087 2713 excita-

479 2743 690 2800 tionem
736 2759 768 2801 a
796 2760 994 2802 somno
1029 2746 1354 2802 nominavit.
1404 2747 1704 2820 Quomodo
1747 2754 1939 2802 autem
1984 2746 2088 2805 hac

482 2832 726 2888 dictione
772 2849 907 2891 usus
950 2834 1165 2901 fuisset,
1195 2835 1297 2891 nisi
1329 2846 1576 2892 mortem
1613 2851 1872 2891 somnum
1901 2837 2086 2907 appel-

479 2921 682 2979 lasset?
710 2922 874 2992 Quod
900 2932 1089 2980 autem
1111 2923 1217 2979 hoc
1238 2940 1450 2993 verum,
1477 2933 1702 2995 propter
1726 2925 2084 2994 modestiam,

480 3011 732 3084 inquam,
780 3013 993 3070 occulte
1038 3013 1309 3083 locutum,
1357 3014 1718 3070 manifestum
1763 3022 1848 3070 est
1903 3029 1972 3071 ex
2018 3029 2084 3070 eo

482 3101 634 3174 quod
663 3103 931 3174 sequitur.
965 3105 1112 3160 Nam
1148 3103 1353 3172 dicens,
1404 3122 1434 3157 ‹‹
1471 3107 1728 3160 Mortuus
1763 3108 1866 3173 est,
1896 3123 1925 3158 »
1972 3120 2086 3160 non

480 3191 716 3257 addidit,
757 3193 912 3249 Vado
942 3201 1004 3249 ut
1042 3193 1362 3250 resuscitem
1391 3193 1570 3250 illum.
1602 3192 1773 3250 Vides
1801 3193 2082 3266 quomodo

481 3280 834 3337 abhorruerit
859 3298 889 3337 a
921 3281 1086 3351 fastu,
1125 3284 1409 3355 quomodo
1447 3283 1692 3340 noluerit
1718 3282 1984 3340 Celebrari
2019 3299 2082 3340 ea

481 3385 606 3442 qua
640 3369 884 3426 facturus
912 3375 1066 3428 erat?
1096 3373 1326 3429 Interim
1353 3373 1517 3430 etiam
1553 3372 1719 3429 docet
1746 3389 1849 3429 nos
1872 3389 1941 3429 ne
1967 3381 2083 3429 tam

480 3456 668 3516 faciles
692 3459 867 3517 simus
893 3461 962 3518 ad
1001 3462 1458 3534 promittendum.
1491 3464 1634 3518 Nam
1687 3463 1936 3534 quamvis
1962 3478 2084 3519 cen-

487 3549 699 3605 turioni
755 3550 862 3606 hoc
910 3550 1129 3620 fecerit,
1159 3551 1301 3608 dixit
1341 3553 1488 3609 enim
1517 3552 1589 3622 τε,
1634 3574 1659 3601 α
1693 3556 1808 3625 Ego
1860 3552 2084 3610 veniens

481 3639 684 3695 sanabo
721 3656 847 3696 eum
892 3661 904 3697 :
932 3660 962 3695 ι)
994 3641 1102 3698 illic
1129 3649 1320 3698 tamen
1347 3642 1453 3699 hoc
1481 3642 1638 3712 dixit,
1660 3651 1722 3698 ut
1746 3643 1887 3698 illius
1916 3643 2082 3700 fidem

480 3728 817 3786 ostenderet.
852 3731 1025 3803 Igitur
1047 3730 1164 3788 haec
1192 3747 1300 3788 una
1321 3733 1547 3804 quidem
1569 3748 1730 3788 causa
1759 3739 1842 3789 est
1858 3740 2082 3804 propter

479 3833 646 3890 quam
678 3828 919 3876 mortem
948 3821 1240 3893 appellavit
1277 3837 1560 3878 somnum.
1590 3821 1715 3879 Alia
1745 3830 1932 3878 autem
1975 3830 2079 3890 est,

477 3915 541 3963 ut
577 3908 830 3965 ostendat
857 3909 1016 3966 nobis
1050 3911 1201 3984 quod
1247 3912 1430 3968 omnis
1473 3927 1628 3968 mors
1671 3926 1902 3967 somnus
1930 3911 2002 3966 sit
2029 3921 2084 3968 et

476 3997 712 4070 requies.
739 3999 920 4054 Tertia
950 4014 1098 4068 vero,
1140 4001 1390 4070 quamvis
1417 3999 1534 4055 aliis
1580 4015 1732 4055 mors
1783 3999 1952 4055 fuerit
1972 4001 2080 4054 La-

477 4086 591 4140 zari
622 4085 827 4153 obitus,
854 4087 958 4158 ipsi
985 4094 1172 4142 tamen
1200 4089 1331 4143 Jesu
1379 4103 1608 4143 somnus
1637 4087 2080 4155 existimabatur,

480 4189 547 4230 eo
593 4175 742 4244 quod
780 4189 911 4230 eum
956 4175 1139 4231 statim
1179 4176 1600 4232 resuscitaturus
1645 4186 1778 4232 erat.
1834 4178 1904 4231 Et
1941 4175 2086 4231 sicut

481 4262 646 4317 nobis
690 4261 844 4319 facile
882 4272 966 4319 est
1009 4264 1244 4320 excitare
1286 4265 1682 4335 dormientem,
1731 4265 1807 4321 ita
1837 4264 1938 4336 illi,
1968 4264 2085 4322 imo

480 4351 793 4408 innumeris
856 4353 1030 4425 658
1091 4354 1270 4409 modis
1325 4355 1537 4411 facilius
1597 4361 1679 4411 est
1754 4353 2083 4412 resuscitare

482 4450 791 4497 mortuum.
824 4463 850 4491 α
882 4443 1112 4500 Gaudeo
1142 4452 1350 4514 autem,
1389 4444 1588 4515 inquit,
1623 4452 1848 4517 propter
1871 4459 1994 4516 vos,
2021 4451 2086 4500 ut

480 4529 721 4586 credatis
744 4549 772 4584 ι)
798 4532 934 4587 mihi
961 4533 1140 4605 magis
1163 4549 1311 4589 nunc
1333 4543 1396 4590 ut
1419 4537 1564 4601 Deo,
1589 4557 1614 4582 ‹‹
1642 4534 1770 4604 quia
1793 4549 1906 4588 non
1929 4549 2082 4589 eram

2205 674 2273 732 Εἰ
2302 671 2394 730 καὶ
2438 671 2655 743 ἐζήτουν
2688 695 2753 748 με
2785 674 2830 730 οἱ
2864 670 3106 732 Ἰουδαῖοι
3148 668 3398 743 λιθάσαι,
3433 671 3552 728 ἀλλ’
3583 671 3650 736 ὡς
3676 669 3794 727 διαο

2201 763 2486 840 λεγόμενον
2530 763 2708 829 αὐτοῖς
2737 762 2826 820 καὶ
2859 761 3176 841 ἐλέγχοντα·
3215 765 3307 819 ν’ῠν
3356 758 3411 817 δὲ
3441 759 3540 839 οὐχ
3575 759 3644 825 ὥς
3672 758 3791 816 δια-

2202 851 2476 927 λεξόμενος
2510 852 2720 928 ἄπειμι,
2770 853 2886 910 ἀλλ’
2931 854 3001 918 ὡς
3041 850 3129 909 τὸν
3173 850 3321 931 φίλον
3355 846 3788 930 ἐπισκεψόμενος.

2199 939 2372 1002 ⁶¹Ωστε
2419 942 2478 1001 οὗ
2523 940 2630 1020 χρὴ
2683 941 2993 1000 δεδοικέναι.
3042 943 3126 1001 Οὖ
3179 939 3282 1019 γὰρ
3329 939 3414 998 ἐπὶ
3459 948 3564 1006 τοῖς
3613 941 3797 1006 αὐτοῖς

2203 1030 2392 1108 ἄπειμι
2423 1029 2502 1111 ἐφ’
2532 1023 2606 1097 οἷς
2649 1029 2742 1089 καὶ
2788 1029 2998 1111 πρώην,
3032 1029 3120 1088 ἵνα
3167 1028 3259 1088 καὶ
3309 1028 3396 1088 τὸν
3423 1031 3484 1088 ἐκ
3523 1031 3625 1086 τῶν
3660 1029 3798 1087 Ἰου-

2201 1121 2362 1178 δαίων
2394 1120 2612 1203 (ροϐηθῶ
2659 1119 2914 1193 κίνδυνον,
2971 1120 3089 1179 ἀλλ’
3123 1118 3211 1178 ἐπὶ
3261 1117 3414 1198 φίλου
3459 1117 3788 1197 ἐξυπνισμῷ.

2201 1211 2272 1272 Οἱ
2301 1211 2356 1269 δὲ
2396 1211 2622 1291 ἐκκόψαι
2673 1209 2768 1281 τὴν
2818 1211 2927 1270 ἐκεῖ
2968 1208 3186 1288 πορείαν
3227 1207 3558 1286 βουλόμενοι,
3606 1206 3792 1286 Ἄρκε-

2198 1300 2327 1374 τὸν,
2373 1302 2551 1382 φασὶν,
2595 1300 2768 1359 ἔστιν·
2823 1320 2850 1357 (ι
2896 1300 2962 1360 Εἰ
3005 1298 3350 1375 κεκοίμηται,
3386 1295 3708 1368 σωθήσεται.
3756 1317 3789 1355 1)

2199 1395 2406 1451 Οὐκοῦν
2448 1392 2508 1448 οὗ
2555 1391 2633 1449 δεῖ
2679 1395 2824 1466 ἡμᾶς
2877 1391 3148 1448 ἀπελθεῖν·
3201 1391 3260 1448 οὗ
3310 1387 3588 1468 γάρέστιν
3631 1388 3792 1464 ἀναγ-

2198 1481 2371 1540 καῖον.
2439 1480 2630 1541 Καίτοι
2676 1479 2833 1547 αὐτὸς
2892 1479 2985 1538 καὶ
3031 1478 3118 1538 διὰ
3149 1483 3303 1537 τοῦτο
3352 1476 3648 1557 προσέθηκε
3687 1475 3792 1550 τὸ,

2206 1594 2236 1630 (ι
2277 1575 2306 1628 ὁ
2355 1569 2504 1652 φίλος
2552 1573 2746 1647 ἡμῶν,
2795 1591 2825 1627 ι)
2882 1568 2969 1627 ἵνα
3021 1568 3162 1648 δείξῃ
3202 1567 3498 1645 ἀναγκαίαν
3545 1565 3642 1638 τὴν
3685 1567 3798 1624 ἐκεῖ

2195 1660 2525 1740 παρουσίαν·
2561 1661 2677 1719 ἀλλ’
2723 1659 2872 1718 αὐτοὶ
2907 1659 3002 1719 οὔκ
3041 1655 3336 1735 ἀναγκαίαν
3375 1655 3574 1728 ταύτην
3598 1657 3794 1734 φασὶν,

2196 1751 2298 1824 ἤδη
2349 1750 2548 1811 ἐκείνου
2587 1748 2931 1826 σεσωσμένου
2979 1747 3068 1807 διὰ
3115 1755 3208 1808 τοῦ
3257 1749 3520 1806 ὕπνῶσαι.
3570 1745 3794 1804 Μᾶλλον

2195 1841 2248 1898 δὲ
2270 1843 2363 1900 οὐκ
2391 1840 2656 1919 ἀναγκαία
2681 1843 2740 1899 οὗ
2765 1839 2922 1915 μόνον
2945 1837 3089 1898 ἐστὶν
3113 1841 3146 1908 ἡ
3172 1835 3440 1914 παρουσία
3463 1858 3580 1908 σου,
3605 1834 3792 1916 φασὶν,

2114 1907 2161 1968 Β
2199 1929 2338 1989 ἀλλὰ
2367 1929 2460 1988 καὶ
2506 1907 2812 2000 ἐπιϐλαϐἧς
2842 1933 2919 2010 τῷ
2959 1928 3118 2009 φίλῳ.
3139 1907 3223 1987 Εἰ
3251 1907 3354 2005 γὰρ
3386 1928 3412 1983 ὁ
3437 1907 3597 1992 ὕπνος
3619 1907 3795 2005 ἀὖτῷ

2198 2021 2269 2086 εἷς
2299 2021 2601 2101 σωτηρίαν,
2649 2023 2722 2087 ὥς
2766 2020 2919 2095 ἡμεῖς
2949 2019 3233 2094 δοκοῦμεν,
3280 2015 3345 2074 σὺ
3383 2015 3437 2073 δὲ
3470 2018 3796 2094 πορευθῆναι

2200 2110 2432 2188 μέλλεις,
2475 2107 2562 2167 ἵνα
2606 2109 2902 2188 ἐξυπνήσῃς
2924 2153 2941 2187 ,
2974 2106 3280 2188 περικόψεις
3314 2106 3453 2185 αὐτῷ
3479 2107 3576 2175 τὴν
3615 2127 3796 2176 σωτη-

2201 2198 2339 2279 ρίαν.
2375 2197 2586 2260 Οὔκουν
2633 2201 2710 2258 δεῖ
2749 2201 2995 2258 ἀπελθεῖν
3041 2195 3131 2279 ἐπὶ
3181 2198 3258 2276 τῷ
3310 2195 3633 2264 ἐξυπνῆσαι·
3674 2196 3795 2252 ἐπιο

2197 2277 2394 2356 ϐλαϐὲς
2439 2288 2546 2368 γὰρ
2609 2293 2783 2348 10310.
2847 2287 3005 2348 Ἐπεὶ
3060 2277 3149 2346 οὖν
3200 2285 3424 2345 ἔϐλεπεν
3472 2282 3664 2350 αὐτοὺς
3714 2281 3799 2343 ἔτι

2197 2380 2504 2452 ὀκνοῦντας,
2537 2380 2657 2438 τότε
2688 2377 2743 2438 δὲ
2771 2377 3048 2460 παρρησία
3076 2376 3259 2457 φησὶν,
3291 2373 3373 2433 ὅτι
3405 2401 3428 2426 ‹‹
3461 2373 3731 2434 Ἀπέθανε.
3771 2399 3800 2428 πο

2194 2468 2351 2537 Τίνος
2396 2471 2451 2529 δὲ
2503 2468 2678 2528 ἕνεκεν
2736 2469 2858 2548 οὐχὶ
2905 2467 2996 2526 καὶ
3044 2465 3299 2547 πρότερον
3355 2463 3496 2523 οὕτω
3554 2466 3801 2544 φανερῶς

2197 2549 2360 2635 εἶπεν,
2405 2558 2543 2618 ἀλλὰ
2592 2557 2995 2638 κεκρυμμένως,
3041 2556 3208 2615 ὕπνον
3252 2555 3522 2632 ὀνομάσας
3567 2553 3657 2612 τὸν
3689 2552 3796 2611 θά-

2196 2671 2381 2723 νατον;
2428 2648 2532 2709 Διὰ
2575 2649 2784 2708 πολλά·
2829 2646 2882 2705 ἓν
2935 2645 3031 2726 μὲν
3082 2645 3170 2706 διὰ
3219 2645 3278 2704 τὸ
3314 2643 3686 2718 ἀκόμπαστον·
3733 2643 3800 2702 οὗ

2194 2737 2299 2818 γὰρ
2336 2738 2599 2810 ἠϐούλετο
2644 2737 2925 2818 φαίνεσθαι
2965 2733 3320 2814 κομπαστὴς,
3371 2731 3509 2792 ἀλλὰ
3556 2756 3799 2813 κεκρυμα-

2197 2826 2369 2905 μένως
2411 2827 2509 2899 τὴν
2549 2826 2842 2886 ἀνάστασιν
2888 2825 3205 2902 ἐξυπνισμὸν
3257 2823 3531 2900 ὠνόμασε·
3584 2826 3699 2888 πῶς
3747 2823 3800 2881 δ’

2202 2915 2267 2975 ἂν
2299 2916 2464 2996 ταύτῃ
2494 2920 2560 2996 τῇ
2591 2915 2725 2985 λέξει
2755 2914 3043 2998 ἐχρήσατο,
3069 2917 3113 2972 εἰ
3147 2913 3222 2991 μὴ
3255 2913 3343 2972 τὸν
3375 2911 3598 2970 θάνατον
3627 2910 3797 2971 ὕπνον

2197 3007 2475 3079 ἐκα’λεσεν;
2502 3005 2636 3068 ⁶Οτι
2686 3005 2742 3066 δὲ
2782 3012 2937 3066 10310
2981 3004 3206 3075 ἀληθὲς,
3242 3002 3304 3062 τὸ
3343 3001 3429 3060 διὰ
3469 3024 3792 3083 μετριοςρρο-

2196 3095 2358 3169 σύνην
2406 3096 2877 3176 ἐπικεκρυμμένως
2927 3098 3091 3154 εἰπεῖν
3114 3141 3134 3169 ,
3189 3095 3346 3164 δῆλον
3395 3093 3457 3150 ἐκ
3508 3096 3598 3150 τοῦ
3654 3090 3796 3168 μετὰ

2193 3191 2385 3245 ταῦτα.
2432 3186 2543 3246 Καὶ
2572 3187 2676 3267 γὰρ
2703 3184 2865 3244 εἰπὼν
2885 3231 2901 3258 ,
2932 3184 3014 3242 ὅτι
3049 3205 3078 3242 (ι
3108 3182 3413 3255 Ἀπέθανεν,
3455 3207 3481 3234 ι
3528 3181 3587 3238 οὐ
3616 3203 3794 3258 προσ-

2583 3248 2595 3266 .
2887 3248 2900 3258 ι
3396 3248 3408 3255 .
3663 3248 3672 3258 .

2115 3248 2160 3310 C
2195 3274 2399 3350 έθηκεν,
2449 3278 2529 3336 ὅτι
2579 3248 2908 3356 Πορεύομαι,
2954 3273 3040 3332 ἵνα
3073 3271 3359 3344 ἀναστήσω
3403 3269 3577 3330 αὐτόν.
3623 3268 3795 3352 ιΟρᾷς

2190 3368 2303 3432 πῶς
2337 3367 2432 3425 οὐκ
2463 3365 2723 3438 ἠϐούλετο
2749 3363 3042 3443 κομπάζειν
3071 3362 3098 3422 ὃ
3130 3361 3216 3420 διὰ
3244 3365 3347 3418 τῶν
3381 3359 3548 3438 ἔργων
3600 3360 3795 3436 ἔμελλε

2194 3453 2470 3535 βεϐαιοῧν;
2507 3455 2622 3533 ἅμα
2663 3453 2719 3512 δὲ
2760 3453 2851 3514 καὶ
2887 3453 3152 3512 διδάσκων
3181 3455 3347 3527 ἡμᾶς,
3387 3448 3463 3527 μὴ
3495 3449 3662 3516 οὕτως
3691 3451 3789 3507 εὖ-

2189 3543 2358 3613 κόλως
2405 3547 2804 3624 ὖπισχνεῖσθαι.
2845 3542 2962 3603 Κᾶν
2993 3540 3098 3622 γὰρ
3130 3541 3218 3602 ἐπὶ
3264 3543 3358 3598 τοῦ
3390 3537 3788 3619 ἑκατοντάρχου

2189 3638 2347 3694 τοῦτο
2377 3623 2624 3707 ἐποίησεν
2675 3623 2828 3713 (εἶπε
2877 3633 3003 3712 γὰρ,
3054 3629 3136 3690 ὅτι
3186 3627 3408 3713 σι’-Ἐγὼ
3441 3629 3604 3688 ἐλθὼν
3637 3634 3795 3710 θερα-

2190 3723 2372 3782 πεύσω
2406 3724 2563 3783 αὐτὸν
2591 3746 2622 3782 ιι
2742 3724 2860 3781 ἀλλ’
2885 3709 2993 3780 ἐκεῖ
3023 3725 3179 3778 τοῦτο
3200 3709 3368 3793 εἶπεν,
3401 3717 3491 3776 ἵνα
3518 3716 3615 3790 τὴν
3649 3717 3793 3778 ἐκεί-

2189 3834 2280 3871 νου
2303 3813 2484 3872 πίστιν
2514 3801 2679 3892 δείξῃ..
2719 3811 2836 3872 Μία
2885 3811 2984 3886 μὲν
3027 3801 3116 3870 οὖν
3153 3807 3290 3881 αὕτη
3316 3813 3349 3880 ἠ
3386 3807 3564 3881 αἰτία,
3619 3808 3685 3866 δι’
3719 3807 3786 3880 ἣν

2189 3904 2280 3963 τὸν
2329 3903 2552 3962 θάνατον
2600 3901 2762 3960 ὕπνον
2805 3900 3078 3962 ἐκάλεσεν.
3131 3897 3330 3980 Ἑτέρα
3376 3896 3473 3970 δὲ,
3509 3895 3599 3954 ἵνα
3646 3896 3789 3978 δείξῃ

2189 3997 2340 4068 ἡμῖν,
2371 3990 2450 4050 ὅτι
2478 3991 2570 4050 καὶ
2613 3999 2718 4058 πᾶς
2746 3990 2967 4058 θάνατος
3010 3989 3168 4055 ὕπνος
3196 3989 3290 4047 καὶ
3321 3986 3649 4053 ἀνάπαυσις*
3695 3987 3792 4046 καὶ

2190 4083 2364 4160 τρίτη,
2398 4079 2480 4139 ὅτι
2510 4080 2678 4140 εἶκαὶ
2722 4088 2830 4147 τοῖς
2871 4081 3052 4148 ἄλλοις
3095 4079 3315 4144 θάνατος
3359 4069 3422 4150 ἦν
3452 4081 3485 4149 ἡ
3519 4081 3613 4135 τοῦ
3662 4079 3786 4137 Λα-

2192 4170 2352 4249 ζάρου
2403 4169 2654 4243 τελευτὴ,
2701 4170 2826 4228 ἀλλ’
2868 4171 3013 4250 αὖτῷ
3052 4192 3112 4246 γε
3165 4170 3241 4250 τῷ
3273 4166 3480 4246 Ἰησοῦ,
3535 4169 3611 4248 τῷ
3668 4163 3789 4226 ὅσον

2190 4258 2341 4319 οὔπω
2405 4262 2655 4338 μέλλοντι
2707 4260 2863 4320 αὐτὸν
2917 4262 3246 4331 ἀναστῆσαι,
3291 4255 3450 4323 ὕπνος
3497 4254 3782 4334 ἐλογίζετο.

2194 4349 2304 4411 Καὶ
2345 4348 2527 4430 ὥσπερ
2558 4353 2686 4428 ἡμῖν
2724 4349 2818 4408 τὸν
2866 4351 3198 4425 κοιμώμενον
3244 4349 3515 4405 διυπνῖσαι
3571 4346 3789 4426 ῥᾴδιον,

2191 4439 2354 4506 οὕτως
2385 4439 2568 4520 ἐκείνῳ
2589 4487 2604 4513 ,
2639 4441 2841 4516 μᾶλλον
2869 4437 2926 4496 δὲ
2972 4435 3380 4518 μυριοπλασίως
3419 4434 3786 4515 εὐχερέστερον

2191 4527 2250 4586 τὸ
2285 4533 2584 4599 ἀναστῆσαι
2617 4530 2706 4586 τὸν
2763 4525 3014 4585 θανόντα·
3071 4547 3099 4584 (ι
3150 4525 3344 4605 Χαίρω
3382 4523 3458 4595 δὲ,
3512 4523 3672 4602 φησὶ,
3719 4523 3787 4581 δι’

479 4618 594 4674 illic
625 4638 639 4674 :
671 4641 698 4670 ν
733 4629 788 4676 et
815 4637 944 4677 cum
973 4622 1131 4695 longe
1159 4622 1360 4691 absim,
1388 4623 1624 4694 praedico
1657 4623 1813 4679 vobis
1837 4631 2077 4679 mortem

2190 4621 2356 4695 ὑμᾶς,
2408 4617 2497 4675 ἵνα
2531 4616 2853 4689 πιστεύσητέ
2894 4637 2923 4674 ››
2979 4639 3070 4690 μοι
3120 4616 3322 4692 μᾶλλον
3372 4619 3463 4670 νῦν
3504 4615 3575 4678 ὡς
3615 4617 3780 4690 Θεῷ,

481 4707 540 4762 in
581 4708 869 4779 Bethania,
917 4711 987 4767 de
1034 4727 1142 4784 qua
1178 4728 1292 4768 non
1337 4712 1545 4782 audivi,
1594 4711 1691 4770 sed
1735 4713 1876 4769 sicut
1928 4715 2079 4770 Deus

479 4797 642 4854 video
706 4814 833 4871 quae
885 4801 1048 4873 longe
1098 4802 1379 4858 eveniunt.
1438 4802 1834 4858 lntellexerunt
1889 4811 2077 4858 autem

481 4886 706 4958 quidam
735 4887 841 4944 hoc
875 4889 1042 4946 etiam
1079 4891 1157 4946 sic
1188 4911 1200 4946 :
1239 4891 1546 4961 «Gaudeo,
1593 4915 1619 4941 υ
1662 4892 1860 4964 inquit,
1909 4893 2076 4948 vestri

479 4992 660 5033 causa.
711 4981 857 5034 Nam
898 4979 1048 5050 quod
1092 4995 1195 5052 ego
1246 4981 1359 5036 illic
1395 4997 1508 5037 non
1557 4980 1777 5050 fuerim,
1823 4981 2079 5038 conducit

478 5066 608 5123 ﬁdei
659 5077 888 5138 vestrae;
932 5069 1191 5140 quoniam
1245 5072 1294 5126 si
1344 5071 1669 5141 adfuissem,
1714 5079 2074 5144 aegrotantem

480 5173 759 5217 sanassem
793 5177 807 5214 :
840 5175 1037 5231 parum
1058 5167 1242 5215 autem
1268 5160 1371 5216 hoc
1402 5160 1589 5217 fuisset
1613 5161 1682 5217 ad
1705 5161 2072 5218 ostensionem

478 5250 739 5319 potentiae
768 5265 928 5306 meat.
965 5252 1242 5307 Caeterum
1289 5266 1418 5306 cum
1448 5251 1674 5307 absente
1698 5267 1789 5307 me
1819 5260 2073 5307 mortuus

478 5346 582 5404 est,
631 5339 824 5395 abiens
851 5348 1040 5396 autem
1083 5339 1264 5413 ipsum
1303 5341 1668 5397 suscitaturus
1693 5357 1843 5410 sum,
1865 5342 1920 5398 id
1949 5357 2072 5397 ma-

480 5427 564 5498 gis
591 5437 827 5484 vestram
855 5431 1103 5487 ﬁrmabit
1131 5432 1323 5499 fidem,
1357 5447 1488 5488 cum
1518 5431 1762 5488 videritis
1782 5447 1871 5487 me
1894 5440 1949 5488 et
1970 5431 2075 5488 hoc

480 5531 660 5587 posse,
707 5519 855 5588 quod
890 5530 1049 5578 antea
1081 5522 1331 5579 nondum
1371 5522 1612 5592 ostendi,
1644 5522 1794 5594 quod
1824 5530 2077 5578 mortuus

468 5606 590 5677 jam
615 5605 892 5672 difﬂuens,
931 5620 987 5665 et
1015 5611 1107 5682 qui
1132 5611 1336 5670 foetens
1365 5611 1494 5680 fuit,
1531 5619 1658 5683 apta
1686 5626 1786 5668 sua
1823 5609 2074 5667 membra

548 5784 593 5818 ⁷⁸
618 5784 814 5841 Matth.
859 5800 988 5855 vm,
1021 5794 1072 5843 7.

2198 4729 2224 4764 ((
2252 4707 2331 4764 ὅτι
2361 4710 2455 4766 οὖκ
2477 4706 2622 4785 ἤμην
2647 4709 2778 4777 ἐκεῖ,
2807 4727 2838 4764 ))
2871 4706 3054 4786 πὸῤῥω
3077 4705 3128 4762 δὲ
3153 4703 3246 4776 ὢν,
3267 4703 3512 4782 προλέγω
3535 4704 3660 4778 ὑμῖν
3694 4701 3780 4760 τὸν

2185 4797 2238 4855 ἐν
2270 4797 2508 4876 Βηθανίᾳ
2557 4797 2812 4867 θάνατον,
2867 4796 2966 4852 οὐκ
3012 4791 3289 4868 ἀκηκοὼς,
3342 4791 3458 4850 ἀλλ’
3489 4793 3559 4854 ὡς
3608 4791 3780 4866 Θεὸς,

2185 4890 2424 4966 προορῶν
2468 4886 2528 4943 τὸ
2565 4887 2750 4966 πὸῤῥω
2785 4882 3022 4960 συμϐάν.
3066 4882 3328 4954 Ἐνόησαν
3365 4879 3420 4939 δέ
3450 4903 3586 4946 τινες
3625 4885 3784 4940 τοῦτο

2185 4974 2349 5033 οὕτω·
2409 4997 2439 5032 (ι
2467 4973 2691 5054 Χαίρω,
2739 4997 2768 5028 n
2811 4972 3004 5053 φησὶν,
3051 4974 3200 5047 ὑμῶν
3235 4969 3442 5030 ἕνεκεν·
3476 4968 3536 5028 τὸ
3565 4967 3669 5050 γὰρ
3703 4969 3781 5048 μὴ

2186 5055 2324 5124 εἶναί
2371 5087 2437 5141 με
2485 5067 2618 5135 ἐκεῖ,
2656 5060 2956 5122 συντελέσει
3007 5061 3138 5142 πρὸς
3179 5059 3348 5119 πλείω
3398 5058 3578 5118 πίστιν
3631 5062 3782 5137 ὑμῖν.

2183 5153 2441 5234 Ἐπείπερ
2480 5156 2527 5212 εἶ
2570 5152 2667 5229 μὲν
2709 5152 3007 5232 παρήμην,
3061 5153 3440 5232 ἀρρωστοῦντα
3493 5147 3557 5208 ἂν
3594 5149 3782 5228 ἐθερά-

2181 5267 2369 5319 πευον,
2425 5242 2613 5321 μικρὸν
2674 5242 2730 5302 δὲ
2790 5234 2857 5316 ἦν
2913 5245 3068 5300 τοῦτο
3124 5246 3305 5316 θαῦμα
3375 5242 3450 5306 εἷς
3509 5237 3786 5314 δυνάμεως

2183 5333 2467 5404 ἀπόδειξιν.
2494 5331 2649 5392 Ἐπεὶ
2675 5331 2731 5390 δὲ
2755 5329 2859 5409 ἐγὼ
2890 5328 2983 5407 μὲν
3011 5330 3416 5405 ἄπολελείμμην
3436 5375 3448 5398 ,
3476 5331 3505 5385 ὁ
3534 5325 3590 5386 δὲ
3619 5328 3786 5385 θάνα-

2181 5447 2269 5490 τος
2307 5421 2600 5501 ἐπεγένετο,
2647 5421 2828 5499 μέλλω
2857 5419 2912 5479 δὲ
2953 5417 3128 5478 ἀπιὼν
3163 5417 3322 5477 αὐτὸν
3361 5418 3602 5495 ἀνιστᾷν,
3653 5440 3776 5488 μει-

2183 5513 2342 5580 ζόνως
2381 5515 2455 5581 εἷς
2489 5509 2585 5582 τὴν
2616 5512 2797 5571 πίστιν
2828 5507 3260 5589 βεϐαιωθήσεσθε
3303 5505 3402 5578 τὴν
3439 5504 3608 5584 ἐμὴν,
3650 5504 3778 5563 ὅταν

2183 5601 2359 5681 ᾕδειτέ
2527 5599 2713 5678 ἴδητέ]
2755 5621 2823 5677 με
2856 5599 2949 5658 καὶ
2989 5604 3146 5658 τοῦτο
3194 5595 3483 5672 δυνάμενον
3538 5593 3568 5651 ὃ
3618 5595 3789 5672 μήπω
