4198 6470
338 489 404 543 ‘33
1155 491 1548 549 ENARRATIO
1587 494 1654 551 IN
1695 494 2131 552 EVANGELIUM
2164 495 2462 552 JOANNIS.
2502 525 2572 539 —
2610 495 2764 555 CAP.
2804 497 2892 554 XI.
3613 504 3682 558 94

355 615 600 698 πρότερον
677 615 1043 693 ἐπεδειξάμην
1069 665 1088 695 ,

354 708 446 768 καὶ
480 709 668 777 ὄζοντα
701 709 1129 789 συναρμολογεῖν
1181 711 1272 768 καί⁸
1316 709 1618 792 ἐξανιστᾷν.
1652 713 1840 772 Ταῦτα
1870 717 1964 771 τοῦ

359 798 558 879 Κυρίου
605 797 875 874 εἰπόντος,
923 799 1019 857 καὶ
1055 797 1352 876 ἀναγκαίαν
1399 801 1578 869 αὐτοῖς
1627 798 1722 872 τὴν
1749 824 1960 880 παρου-

359 890 478 947 σίαν
522 885 624 958 τὴν
678 889 852 948 ἐκεῖσε
891 888 1178 961 δείξαντος,
1235 891 1264 948 6
1299 888 1588 968 δειλότερος
1629 893 1734 948 τῶν
1785 890 1963 950 ἄλλων

357 980 596 1053 Θωμᾶς,
649 1000 680 1037 ι(
727 978 1002 1058 Ἄγωμεν,
1048 979 1242 1060 φησὶν,
1295 977 1389 1037 ἵνα
1448 978 1796 1056 ἀποθάνωμεν
1848 980 1964 1056 μετ’

360 1068 547 1129 αὐτοῦ.
588 1089 617 1126 ι)
670 1071 753 1128 Οὖ
789 1067 893 1147 γὰρ
943 1066 1196 1147 θάρσους,
1233 1067 1368 1128 ἀλλὰ
1418 1068 1614 1136 δειλίας
1644 1069 1735 1127 καὶ
1786 1073 1958 1150 βαρυ-

356 1158 555 1234 Θυμίας
599 1157 660 1216 τὸ
695 1161 867 1240 ῥῆμα.
907 1154 1031 1217 Ἵνα
1081 1157 1185 1237 γὰρ
1227 1157 1320 1217 καί
1356 1156 1480 1226 τοὺς
1528 1158 1720 1226 ἄλλους
1761 1160 1960 1242 ἐκκόψῃ

360 1248 757 1324 συμμαθητὰς,
820 1247 1216 1324 ὓπομιμνῆσκει
1281 1247 1474 1316 αὖτοὺς
1540 1253 1632 1307 τοῦ
1705 1249 1960 1324 θανάτου,

358 1336 453 1396 καὶ
522 1337 767 1410 ἐπίτηδες
820 1336 1198 1418 παρεμϐάλλει
1241 1335 1335 1411 τὸ,
1403 1358 1434 1395 α
1495 1336 1621 1398 Ἵνα
1685 1339 1961 1398 ἀποθάνω-

358 1448 494 1505 μεν·
562 1451 595 1483 υ
670 1425 864 1486 ὡσανεὶ
927 1431 1148 1485 τοιαῦτα
1204 1426 1404 1506 λέγων’
1459 1449 1488 1485 ‹‹
1547 1425 1794 1505 Ἄγωμεν
1869 1429 1962 1490 καὶ

353 1516 542 1593 ἡμεῖς’,
590 1538 622 1574 n
663 1520 710 1576 οἱ
745 1514 916 1596 μωροὶ
958 1515 1050 1576 καὶ
1089 1514 1534 1593 ἀπονενοημένοι,
1560 1515 1654 1577 καὶ
1685 1517 1760 1594 μὴ
1795 1541 1958 1599 φρον-

353 1607 588 1674 τίζοντες
636 1609 732 1678 τῆς
762 1605 958 1676 οἰκείας
987 1607 1255 1685 σωτηρίας
1297 1606 1390 1666 καὶ
1421 1609 1578 1681 ζωῆς,
1623 1633 1648 1661 ιι
1685 1605 1776 1667 ἵνα
1826 1609 1962 1667 ἀπο-

355 1696 608 1771 θάνωμεν
653 1698 768 1773 μετ’
824 1697 1003 1758 αὖτοῦ.
1043 1723 1067 1748 υ
1099 1695 1326 1774 Ἔστω,
1378 1696 1572 1778 φησὶν,
1625 1697 1782 1764 αὐτὸς
1835 1698 1959 1778 περὶ

353 1787 556 1845 πολλοῦ
607 1784 703 1857 τὴν
742 1787 928 1844 ἑαυτοῦ
970 1783 1111 1858 ζωὴν
1149 1787 1208 1844 οὖ
1252 1785 1485 1845 τίθεται·
1531 1792 1687 1863 ἡμεῖς
1732 1786 1836 1868 γὰρ
1870 1787 1963 1846 οὔ·

353 1901 460 1941 τως
513 1874 924 1952 ἀνοηταίνομεν;
968 1878 1156 1936 Ταῦτα
1207 1880 1300 1935 τοῦ
1363 1876 1535 1936 δειλοῦ
1583 1877 1652 1936 τὰ
1720 1877 1959 1958 ῥήματα.

1173 619 1524 703 διεῤῥυηκότα
1594 620 1698 693 ἤδη
1775 620 1950 701 νεκρὸν

2073 621 2290 694 recipit,
2317 629 2372 679 et
2396 623 2776 680 resuscitatur.
2805 625 2940 681 Haec
2979 638 3107 681 cum
3135 624 3360 683 dixisset
3385 628 3681 699 Dominus,

2075 720 2130 768 et
2181 712 2514 768 ostendisset
2556 728 2723 769 suum
2772 713 2901 769 illuc
2950 730 3234 771 accessum
3286 719 3676 788 necessarium,

2069 801 2314 858 Thomas
2339 802 2456 858 aliis
2489 803 2889 871 meticulosior,
2925 828 2948 852 ιι
2983 806 3206 873 Eamus,
3237 805 3433 876 inquit,
3463 815 3525 862 ut
3551 823 3679 864 mo-

2070 892 2280 946 riamur
2320 907 2450 947 cum
2493 907 2576 948 eo.
2609 914 2634 939 ι
2683 894 2813 948 Non
2839 892 3076 959 ﬁduciae,
3131 894 3226 950 sed
3271 892 3582 951 formidinis
3625 904 3682 952 et

2070 981 2245 1036 tristis
2268 981 2434 1037 animi
2459 981 2691 1037 verbum
2717 988 2821 1038 est.
2847 985 2993 1038 Nam
3022 991 3086 1038 ut
3113 984 3248 1040 alios
3278 984 3682 1057 condiscipulos

2069 1078 2401 1138 moraretur,
2423 1086 2700 1127 memores
2719 1087 2815 1128 eos
2841 1071 2970 1128 facit
2989 1073 3206 1145 mortis,
3227 1083 3281 1129 et
3305 1073 3489 1130 dedita
3515 1090 3680 1147 Opera

2069 1158 2176 1216 hoc
2215 1161 2460 1232 apponit,
2500 1183 2526 1208 ιι
2567 1163 2650 1218 Ut
2677 1161 3015 1230 moriamur,
3062 1185 3088 1212 »
3120 1164 3275 1235 quasi
3301 1163 3422 1219 talia
3447 1162 3634 1220 dicens
3662 1184 3679 1219 :

2073 1273 2101 1300 ιι
2127 1253 2334 1308 Eamus
2361 1259 2417 1307 et
2441 1266 2541 1307 nos
2569 1275 2594 1301 ν
2629 1252 2780 1308 stulti
2807 1260 2861 1308 et
2888 1251 3229 1324 insipientes,
3264 1261 3322 1309 et
3344 1270 3454 1309 non
3479 1270 3677 1310 curan-

2071 1347 2152 1396 tes
2193 1341 2425 1397 salutem
2457 1341 2736 1413 propriam
2766 1349 2820 1397 et
2849 1341 3038 1412 vitam,
3078 1363 3104 1392 ι
3139 1351 3200 1398 ut
3226 1343 3530 1399 moriamur
3553 1359 3678 1400 cum

2069 1431 2221 1486 e03:
2264 1433 2422 1499 Esto,
2464 1431 2663 1503 inquit,
2696 1431 2815 1503 ipse
2857 1432 3024 1487 vitam
3053 1448 3210 1488 suam
3239 1449 3353 1488 non
3382 1433 3561 1506 magni
3597 1433 3676 1490 fa-

2070 1519 2206 1587 ciat;
2237 1535 2342 1576 nos
2364 1529 2550 1576 autem
2581 1537 2681 1577 cur
2716 1520 2792 1576 ita
2821 1522 2970 1578 stulti
3001 1523 3288 1578 essemus?
3336 1524 3472 1579 Haec
3496 1522 3678 1578 timidi

2069 1609 2234 1666 verba
2264 1617 2418 1679 sunt,
2447 1609 2547 1666 sed
2565 1609 2692 1666 vide
2717 1626 2844 1667 eum
2868 1619 3060 1683 postea
3097 1611 3382 1683 quomodo
3410 1628 3508 1684 pro
3535 1613 3675 1668 veri-

2069 1706 2182 1756 tate
2219 1707 2284 1755 ut
2321 1700 2600 1771 apostolus
2643 1701 2857 1757 occisus
2900 1701 2990 1768 sit,
3023 1701 3098 1756 ita
3145 1701 3300 1758 illum
3339 1700 3530 1758 divina
3559 1717 3680 1774 gra—

2070 1789 2148 1845 tia
2174 1789 2476 1856 roboravit,
2509 1797 2574 1846 ut
2593 1789 2699 1846 hoc
2735 1789 2883 1846 Pauli
2911 1789 2980 1846 de
3002 1805 3069 1846 eo
3095 1790 3164 1846 sit
3185 1789 3432 1847 dictum:
3463 1814 3489 1840 «ι
3518 1791 3676 1847 Sufﬁ-

2071 1878 2266 1934 cientia
2289 1887 2479 1934 nostra
2499 1894 2567 1934 ex
2592 1880 2708 1934 Deo
2733 1877 2797 1948 7’,
2829 1902 2855 1928 υ
2891 1886 2945 1934 et
2970 1901 2996 1928 α
3015 1881 3139 1936 Non
3163 1880 3399 1951 ego,sed
3424 1880 3623 1952 gratia.
3651 1903 3675 1929 υ

353 1965 503 2026 Ἀλλ’
553 1964 653 2045 ὅρα
711 1964 867 2023 αὐτὸν
916 1965 1160 2045 ὕστερον,
1221 1970 1333 2033 πῶς
1381 1964 1515 2047 ὑπὲρ
1563 1970 1659 2039 τῆς
1705 1965 1950 2038 ἀληθείας

2067 1969 2330 2041 Origenes
2353 1975 2538 2024 autem
2563 1968 2701 2025 dixit
2732 1967 2800 2024 de
2822 1968 3037 2024 Thoma
3066 1969 3345 2024 somnium
3371 1969 3674 2042 quoddam.

355 2059 426 2121 ὥς
475 2053 773 2121 ἀπόστολος
827 2055 1068 2136 ἐσφάγη·
1105 2053 1271 2122 οὕτως
1329 2055 1488 2114 αὐτὸν
1543 2061 1578 2130 ἡ
1634 2055 1746 2114 θεία
1803 2056 1957 2136 χάρις

351 2144 659 2219 ἔστόμωσεν
679 2190 695 2220 ,
735 2141 824 2203 ἵνα
852 2144 916 2204 τὸ
943 2149 1034 2202 τοῦ
1063 2144 1280 2204 Παύλου
1311 2144 1403 2203 καὶ
1432 2143 1521 2203 ἐπὶ
1550 2145 1718 2226 τούτῳ
1748 2147 1954 2225 λεχθῇ,

349 2233 431 2293 ὅτι
467 2263 491 2288 ι
518 2233 592 2294 Ἦ
635 2233 883 2306 ἱκανότης
924 2237 1081 2305 ἡμῶν
1123 2235 1182 2292 ἐκ
1214 2238 1304 2293 τοῦ
1336 2237 1515 2308 Θεοῦ,
1554 2234 1646 2294 καὶ
1680 2239 1776 2293 οὐκ
1824 2234 1951 2312 ἐγὼ,

347 2325 471 2382 ἀλλ’
512 2328 547 2394 ἡ
579 2322 753 2402 χάρις.
784 2344 814 2379 ι)
854 2323 1132 2403 Ὠριγένης
1161 2323 1220 2383 δέ
1269 2347 1399 2402 φησι
1433 2323 1526 2382 καί
1573 2348 1626 2383 τι
1666 2325 1956 2407 ὀνειροκρι-

344 2414 497 2471 τικὸν
525 2412 652 2492 περὶ
682 2417 774 2471 τοῦ
799 2413 1003 2490 Θωμᾶ.
1033 2411 1287 2480 Ἀκούσας
1311 2412 1438 2493 γὰρ,
1466 2412 1648 2494 φησὶν,
1676 2417 1704 2472 6
1746 2415 1955 2490 Θωμᾶς

341 2507 451 2561 τῶν
487 2503 616 2584 περὶ
657 2506 751 2561 τοῦ
795 2504 1029 2583 Χριστοῦ
1071 2507 1438 2584 προφητειῶν,
1482 2503 1576 2562 καὶ
1633 2502 1820 2578 μαθὼν
1872 2503 1955 2563 ὅτι

347 2592 488 2671 μετὰ
515 2595 696 2673 ψυχῆς
743 2594 812 2658 εἷς
862 2591 992 2672 ᾅδην
1022 2591 1426 2664 καταϐήσεσθαι
1471 2593 1679 2670 μέλλει,
1737 2595 1950 2653 ἐλευθε-

349 2685 536 2761 ρώσων
566 2682 665 2750 τὰς
695 2683 868 2762 ψυχὰς
892 2726 909 2753 ,
944 2679 1128 2754 ἐπειδὴ
1165 2681 1390 2754 ἤκουσεν
1415 2727 1432 2757 ,
1466 2682 1547 2742 ὅτι
1579 2709 1602 2735 α
1635 2683 1952 2762 Πορεύομαι

348 2773 436 2831 ἵνα
471 2770 754 2842 ἐξυπνήσω
786 2771 1067 2852 Λάζαρον,
1101 2793 1131 2829 ›)
1170 2771 1410 2850 ἐνόμισεν
1441 2776 1536 2832 οὖν,
1567 2772 1629 2830 ’ἂν
1661 2774 1836 2842 ἄλλως
1860 2775 1952 2832 δυ-

347 2867 571 2936 νηθῆναι
610 2863 904 2933 ἐξυπνῆσαι
936 2862 1128 2934 αὐτὸν,
1177 2863 1448 2935 τουτέστι,
1477 2861 1579 2934 τὴν
1629 2862 1810 2943 ψυχὴν
1848 2865 1952 2923 αὖ-

349 2957 442 3011 τοῦ
493 2953 888 3032 ἐλευθερῶσαι,
941 2953 987 3010 εἶ
1035 2953 1111 3027 μή
1156 2951 1248 3010 καὶ
1302 2951 1457 3018 αὐτὸς
1510 2951 1835 3029 ἀποθέμενος
1892 2954 1952 3014 τὸ

352 3045 539 3116 σῶμα,
591 3043 663 3107 εἷς
705 3041 838 3120 ᾅδην
873 3040 1140 3101 κατέλθοι.
1172 3039 1270 3100 Διὸ
1311 3042 1381 3108 ὡς
1425 3041 1640 3120 γνήσιος
1690 3048 1782 3100 τοῦ
1815 3043 1949 3122 Χρι-

347 3137 472 3189 στοῦ
501 3129 780 3205 μαθητὴς,
836 3129 974 3209 μηδὲ
1019 3133 1074 3189 ἐν
1122 3129 1291 3211 τούτῳ
1345 3129 1509 3189 θέλων
1562 3133 1950 3213 ἀπολειφθῆναι

345 3226 436 3279 τοῦ
468 3221 832 3297 διδασκάλου,
869 3218 1180 3300 βουλεύεται
1224 3219 1318 3278 καὶ
1353 3218 1472 3287 τοὺς
1515 3218 1708 3287 ἄλλους
1738 3245 1952 3298 συμμα-

2066 2057 2308 2113 Thomas
2355 2058 2507 2113 enim
2551 2073 2684 2114 cum
2725 2057 2970 2114 audisset
2999 2057 3316 2130 pr0phetias
3345 2058 3412 2114 de
3439 2058 3678 2128 Christo,

2068 2155 2120 2203 et
2172 2146 2455 2204 didicisset
2490 2146 2640 2219 quod
2685 2153 2740 2203 et
2780 2163 2910 2203 cum
2953 2147 3140 2203 anima
3167 2147 3221 2202 in
3265 2147 3547 2204 infernum
3575 2146 3682 2205 de-

2067 2252 2362 2294 scensurus
2421 2244 2567 2293 esset
2613 2235 2681 2292 ad
2730 2236 3044 2293 liberandas
3089 2236 3325 2305 animas,
3387 2245 3680 2310 postquam

2066 2327 2269 2384 audivit
2321 2327 2603 2383 Christum
2645 2326 2943 2395 dicentem,
2988 2349 3015 2377 «
3059 2327 3216 2383 Vado
3259 2334 3322 2384 ut
3348 2327 3677 2384 exsuscitem

2064 2418 2364 2484 Lazarum,
2393 2439 2419 2464 ιο
2444 2416 2657 2487 putavit
2681 2431 2792 2472 non
2815 2416 2974 2472 aliter
3001 2417 3257 2473 suscitari
3283 2417 3545 2484 eum,hoc
3569 2426 3676 2485 est,

2064 2505 2286 2562 liberari
2313 2505 2559 2560 animam
2599 2504 2741 2577 ejus,
2783 2505 2892 2560 nisi
2931 2511 2987 2583 et
3011 2505 3128 2577 ipse
3155 2520 3388 2576 corpore
3420 2505 3676 2576 deposito

2064 2595 2122 2650 in
2174 2593 2458 2651 infernum
2522 2592 2913 2650 descendisset.
2964 2593 3098 2650 Ideo
3149 2601 3212 2649 ut
3261 2609 3422 2649 verus
3473 2595 3674 2652 Christi

2062 2684 2381 2756 discipulus,
2426 2698 2608 2756 neque
2637 2681 2693 2738 in
2740 2683 2844 2738 hoc
2891 2683 3077 2739 volens
3104 2683 3156 2754 {a
3187 2683 3450 2754 magistro
3492 2684 3675 2751 avelli,

2061 2774 2182 2829 vult
2209 2781 2266 2829 et
2287 2788 2344 2829 se
2364 2780 2419 2828 et
2438 2772 2572 2829 alios
2599 2771 3007 2844 condiscipulos
3027 2770 3300 2844 deponere
3323 2787 3422 2827 sua
3443 2787 3674 2843 corpora

2062 2871 2126 2919 ut
2153 2860 2493 2919 descendant
2519 2877 2648 2918 cum
2672 2862 2823 2928 Jesu,
2850 2861 2944 2934 qui
2987 2861 3263 2933 positurus
3291 2869 3410 2917 erat
3433 2861 3672 2917 animam

2061 2968 2241 3020 suam,
2292 2951 2432 3008 sicut
2477 2951 2884 3024 suSpicabatur,
2934 2958 2996 3007 ut
3038 2967 3105 3006 ex
3142 2949 3358 3007 inferno
3383 2949 3675 3007 reduceret

2062 3042 2227 3098 amici
2256 3042 2518 3098 animam.
2561 3044 2720 3097 Hanc
2753 3040 3048 3097 ridiculam
3074 3041 3482 3098 enarrationem
3507 3056 3677 3112 appo-

2059 3131 2164 3200 sui,
2204 3140 2268 3188 ut
2291 3130 2501 3203 pudore
2537 3129 2922 3187 suffunderem
2949 3145 3047 3187 eos
3069 3130 3167 3203 qui
3193 3130 3490 3203 Origenica
3514 3145 3674 3186 com-

2060 3220 2332 3278 mendant
2349 3226 2439 3288 (a).
2461 3223 2655 3276 Nonne
2673 3219 3102 3276 deliramentum
3127 3225 3182 3275 et
3200 3219 3476 3276 somnium
3494 3219 3673 3290 plane,

347 3309 537 3382 θητὰς,
596 3309 691 3369 καὶ
749 3308 1114 3390 προτρέπεται
1166 3309 1460 3368 ἀποθέσθαι
1526 3309 1618 3368 καὶ
1677 3311 1834 3378 αὐτὸς
1891 3311 1950 3371 τὸ

2063 3312 2180 3368 haec
2207 3311 2469 3384 sapientis
2515 3311 2834 3367 enarratio?
2873 3311 2956 3366 Tu
2993 3317 3178 3365 autem
3223 3309 3348 3366 vide
3393 3307 3675 3382 quomodo

345 3402 530 3478 σῶμα,
559 3398 650 3457 ἵνα
692 3399 1029 3479 συγκατέλθῃ
1074 3403 1150 3478 τῷ
1181 3399 1390 3472 Ἰησοῦ,
1434 3401 1505 3466 ὥς
1533 3400 1779 3475 ὓπονόει,
1828 3399 1952 3477 μέλ·

341 3490 490 3548 λσντι
527 3489 627 3560 τὴν
656 3489 836 3571 ψυχὴν
865 3491 1025 3549 αὐτοῦ
1065 3492 1252 3566 θεῖναι,
1283 3488 1372 3547 ἵνα
1403 3490 1465 3547 ἐκ
1491 3493 1581 3548 τοῦ
1612 3489 1742 3570 ᾅδου
1773 3489 1950 3569 ἀγάγῃ

346 3578 439 3650 τὴν
485 3583 578 3638 τοῦ
630 3580 783 3658 φίλου
831 3577 1031 3661 ψυχήν.
1087 3575 1306 3650 Ταύτην
1350 3578 1662 3656 παρεθέμην
1708 3577 1804 3650 τὴν
1860 3602 1946 3658 γει

2061 3401 2351 3470 Dominus,
2373 3401 2630 3474 quamvis
2654 3403 2862 3457 Lazaro
2884 3408 3132 3469 mortuo,
3154 3399 3350 3457 dixerit
3374 3419 3388 3456 :
3412 3422 3438 3448 α
3466 3401 3675 3456 Eamus

2060 3490 2130 3547 ad
2159 3507 2307 3560 eum,
2342 3515 2368 3540 υ
2400 3491 2560 3564 quasi
2589 3489 2662 3547 ad
2692 3491 2990 3547 viventem.
3012 3489 3232 3547 Etenim
3259 3491 3502 3546 Lazarus
3529 3488 3676 3546 vive-

2060 3579 2156 3636 bat
2179 3580 2406 3637 Christo
2431 3589 2495 3636 ut
2521 3585 2660 3636 Deo.

346 3669 543 3738 λοιώδη
597 3659 854 3748 ἐξήγησιν
905 3666 1037 3747 πρὸς
1096 3666 1352 3747 ἐντροπὴν
1397 3669 1504 3726 τῶν
1555 3667 1627 3727 τὰ
1673 3667 1977 3748 Ὠριγένους
2029 3670 2525 3747 ἀποσεμνυνόντων.
2579 3659 2717 3749 ’Ἆρα
2776 3668 2881 3749 γὰρ
2931 3669 2992 3726 οὗ
3048 3667 3321 3749 προφανὴς
3369 3671 3528 3748 λῆρος
3581 3669 3674 3728 καὶ

346 3759 541 3839 ὄνειρος
592 3759 834 3839 ἀτεχνῶς
883 3763 918 3830 ἡ
968 3761 1060 3816 τοῦ
1115 3761 1278 3838 σοφοῦ
1334 3755 1615 3836 ἐξήγησις,
1661 3759 1741 3819 Σὺ
1795 3758 1852 3817 δέ
1904 3782 1994 3838 μοι
2050 3758 2272 3833 σκόπει,
2321 3762 2434 3826 πῶς
2461 3762 2489 3818 6
2539 3759 2768 3838 Κύριος,
2822 3757 2997 3817 καίτοι
3041 3761 3138 3815 τοῦ
3182 3757 3431 3837 Λαζάρου
3477 3762 3670 3829 τεθνη-

344 3837 524 3926 κότος,
575 3837 746 3916 εἶπεν,
800 3868 832 3906 α
877 3846 1126 3926 Ἄγωμεν
1171 3837 1302 3926 πρὸς
1359 3846 1546 3923 αὐτὸν,
1592 3867 1623 3906 ι)
1687 3850 1760 3916 ὡς
1805 3848 1935 3930 πρὸς
1972 3852 2172 3919 ζῶντα·
2224 3847 2318 3907 καὶ
2363 3848 2469 3929 γὰρ
2506 3837 2661 3916 αὐτὸς
2709 3851 2739 3906 6
2785 3846 3034 3926 Λάζαρος
3077 3843 3172 3917 ἔζη
3228 3847 3304 3925 τῷ
3341 3847 3563 3926 Χριστῷ
3602 3849 3673 3912 ὣς

424 4000 454 4085 έ
504 4025 714 4087 Ἐλθὼν
768 4016 859 4086 οῦν
912 4028 942 4084 6
1004 4024 1240 4100 Ἰησοῦς,
1287 4016 1446 4107 εὗρεν,
1476 4024 1639 4085 αὐτὸν
1689 4023 1951 4106 τέσσαρας

339 4115 543 4196 1534591:
571 4116 677 4188 ἤδη
707 4115 899 4195 ἔχοντα
926 4116 979 4174 ἐν
1011 4117 1090 4196 τῷ
1122 4105 1386 4197 μνημείιρ.
1417 4105 1528 4176 τΗν
1564 4113 1620 4174 δὲ
1645 4118 1679 4187 ἡ
1704 4105 1946 4188 Βηθανία

340 4205 497 4286 ἔγγὺς
521 4209 630 4264 τῶν
676 4203 1066 4285 Ἱεροσολύμων
1096 4207 1168 4272 ὡς
1213 4205 1320 4265 ἀπὸ
1353 4204 1588 4264 σταδίων
1626 4204 1943 4268 δεκαπέντε.

338 4297 449 4356 Καὶ
489 4294 683 4355 πολλοὶ
725 4299 830 4353 τῶν
870 4294 1145 4356 Ἰουδαίων
1187 4294 1635 4368 συνεληλύθεισαν
1678 4295 1809 4376 πρὸς
1852 4295 1948 4365 τὰς

334 4385 458 4464 περὶ
493 4383 591 4456 τὴν
639 4384 868 4464 Μάρθαν
899 4385 992 4442 καὶ
1033 4383 1277 4464 Μαρίαν,
1327 4383 1416 4443 ἵνα
1447 4384 1945 4498 παραμυθήσωνται

383 4479 400 4494 τ
448 4473 463 4498 Ὶ
630 4474 658 4498 Α
760 4478 807 4498 κν
851 4475 1067 4498 ’θῖκνκ
1121 4476 1172 4498 μ’
1221 4478 1254 4492 Ν
1360 4473 1430 4498 (ll
1616 4473 1782 4498 11/15
1889 4478 1906 4498 ε

2129 4036 2308 4092 Vens.
2344 4041 2526 4091 17-20.
2560 4057 2587 4085 ‹‹
2614 4034 2775 4092 Venit
2796 4034 2980 4105 itaque
3005 4034 3188 4100 Jesus,
3219 4038 3278 4088 et
3305 4031 3518 4088 invenit
3543 4047 3672 4090 eum

2057 4133 2293 4198 quatuor
2332 4125 2451 4182 dies
2491 4125 2610 4198 jam
2672 4124 2728 4180 in
2772 4130 3133 4180 monumento
3183 4121 3486 4194 jacentem.
3537 4125 3673 4179 Erat

2057 4225 2245 4272 autem
2295 4213 2562 4271 Bethania
2606 4214 2764 4288 juxta
2815 4212 3267 4285 Hierosolymam
3313 4211 3429 4268 fere
3477 4212 3672 4270 stadiis

2057 4303 2381 4377 quindecim
2414 4323 2430 4360 :
2466 4305 2737 4377 multique
2777 4319 2844 4358 ex
2885 4302 3094 4359 Judazis
3128 4310 3392 4358 venerant
3414 4300 3488 4358 ad
3514 4305 3672 4358 Mar-

2055 4395 2210 4451 tham
2255 4395 2429 4466 659
2478 4409 2545 4450 ac
2591 4394 2848 4462 Mariam,
2899 4401 2960 4449 ut
2988 4392 3411 4449 consolarentur
3460 4407 3553 4448 eas
3599 4391 3670 4449 de

339 4473 508 4542 αὐτὸς
540 4474 667 4554 περὶ
715 4478 807 4532 τοῦ
839 4475 1067 4554 ἀδελφοῦ
1114 4463 1312 4536 αὐτῶν.
1360 4473 1430 4534 Ἦ
1473 4463 1563 4534 οῦν
1616 4473 1845 4554 Μάρθα,
1878 4478 1948 4543 ὥς

2060 4482 2225 4540 fratre
2269 4463 2410 4540 suo:
2441 4483 2659 4538 Martha
2709 4498 2839 4554 ergo
2909 4488 2975 4538 ut
3025 4480 3232 4536 audivit
3288 4479 3437 4552 quod
3503 4482 3671 4538 Jesus

338 4565 567 4636 ἤκουσεν
600 4563 683 4622 ὅτι
704 4563 907 4636 Ἰησοῦς
932 4563 1148 4642 ἔρχεται
1166 4607 1184 4637 ,
1213 4563 1516 4637 ὓπήντησεν
1550 4565 1722 4645 αὐτῷ·
1755 4564 1944 4645 Μαρία

337 4654 392 4712 δὲ
445 4657 501 4712 ἓν
539 4656 620 4735 τῷ
674 4651 805 4734 οἴκῳ
850 4651 1145 4722 ἐκαθέζετο.
1190 4675 1222 4712 ι)
1263 4652 1550 4726 Ἐπίτηδες
1602 4653 1872 4731 ἀνέμεινεν
1917 4659 1945 4714 6

336 4744 533 4824 Κύριος
581 4741 672 4801 τὸν
732 4743 980 4822 Λάζαρον
1049 4741 1407 4824 τετραήμερον
1459 4742 1759 4821 γεγονέναι·
1827 4735 1940 4802 εἶτα

334 4823 489 4905 ἦλθεν
516 4835 588 4900 ὥς
618 4832 680 4890 ἂν
720 4830 782 4892 τὸ
816 4837 998 4909 θαῦμα
1031 4831 1461 4913 ἀσυκοφάντητον
1499 4833 1758 4892 πάντοθεν
1802 4832 1944 4912 ἐξερ-

335 4923 596 5001 γάσηται.
642 4921 800 4988 Τίνος
849 4920 906 4980 δὲ
966 4920 1142 4980 ἕνεκεν
1185 4921 1532 5002 προστίθησιν
1583 4925 1612 4981 6
1659 4923 1941 5000 εὐαγγελι-

336 5017 498 5086 στὴς,
530 5012 617 5072 ὅτι
661 5011 954 5072 δεκαπέντε
980 5011 1224 5079 σταδίους
1254 5013 1448 5092 διεῖχεν
1480 5016 1514 5084 ἡ
1560 5011 1802 5083 Βηθανία
1833 5016 1938 5071 τῶν

331 5098 746 5180 Ἱεροσολύμων;
782 5097 912 5162 Ἵνα
957 5098 1098 5180 δείξῃ
1124 5149 1137 5172 ,
1197 5099 1280 5160 ὅτι
1329 5101 1544 5169 εἰκότως
1588 5100 1779 5161 πολλοὶ
1829 5105 1937 5160 τῶν

328 5190 775 5271 Ἱεροσολυμιτῶν
819 5193 1105 5272 παρῆσανο
1143 5191 1202 5249 οὖ
1245 5190 1349 5272 γὰρ
1386 5190 1598 5271 μακρὰν
1645 5182 1708 5264 ἦν
1751 5194 1786 5263 ἡ
1824 5194 1938 5264 Βη-

325 5283 507 5343 θανία.
563 5285 989 5365 Παρεμυθοῦντο
1023 5279 1079 5339 δὲ
1107 5278 1204 5349 τὰς
1225 5289 1482 5359 γυναῖκας
1501 5327 1518 5355 ,
1551 5282 1653 5361 οὐχ
1682 5283 1755 5348 ὣς
1796 5284 1938 5358 ἀγα-

321 5373 575 5450 πυθμένας
605 5374 709 5432 ὑπὸ
737 5375 986 5452 Χριστοῦ
1023 5368 1140 5448 (καὶ
1180 5369 1286 5452 γὰρ
1321 5393 1351 5427 α
1385 5371 1692 5450 συνέθεντο,
1724 5369 1814 5428 ἵνα
1845 5369 1935 5431 ἐάν

320 5485 398 5527 τις
438 5464 597 5523 αὐτὸν
627 5461 951 5541 ὁμολογήσῃ
998 5459 1266 5539 Χριστὸν,
1318 5460 1735 5540 ἀποσυνάγωγος
1773 5459 1936 5539 γένη-

323 5576 405 5610 ται
435 5555 502 5633 ο)
523 5599 541 5628 ,
591 5552 735 5614 ἀλλὰ
770 5550 862 5612 διὰ
894 5547 996 5622 τὴν
1030 5547 1269 5628 ἀνάγκην
1298 5553 1396 5622 τῆς
1423 5558 1699 5631 συμφορᾶς
1719 5595 1737 5629 ,
1782 5548 1818 5622 ἢ
1862 5553 1934 5618 ὡς

379 5715 490 5774 "ll
520 5720 653 5776 Cor.
692 5730 801 5780 ιιι,
837 5716 896 5766 5.

2051 4573 2288 4642 veniret,
2336 4572 2577 4629 occurrit
2618 4571 2698 4628 illi
2743 4591 2758 4628 :
2802 4570 2974 4627 Maria
3021 4585 3149 4625 vero
3187 4567 3346 4625 domi
3373 4567 3664 4626 residebat.

2049 4662 2248 4719 Dedita
2278 4677 2447 4733 opera
2488 4661 2823 4732 exspectavit
2850 4661 3126 4717 Dominus
3149 4665 3215 4713 ut
3240 4660 3484 4714 Lazarus
3513 4658 3670 4716 ﬁeret

2049 4751 2450 4824 quatriduanus
2471 4769 2484 4805 :
2498 4749 2698 4808 deinde
2713 4749 2863 4806 venit
2878 4758 2940 4806 ut
2950 4748 3284 4806 miraculum
3302 4747 3501 4804 faceret
3515 4748 3668 4822 quod

2048 4842 2200 4898 nulla
2243 4857 2312 4898 ex
2353 4847 2506 4913 parte
2546 4840 2873 4896 calumniari
2913 4847 3101 4912 posset
3139 4837 3437 4912 quispiam.
3485 4840 3667 4908 Quare

2049 4941 2238 4988 autem
2278 4930 2509 5003 apponit
2552 4929 2883 5002 evangelista
2927 4928 3076 5001 quod
3115 4928 3431 5002 quindecim
3475 4928 3667 4985 stadiis

2047 5019 2283 5077 abfuerit
2304 5019 2580 5076 Bethania
2631 5035 2664 5075 a
2707 5017 3149 5092 Hierosolymis?
3199 5019 3270 5074 Ut
3318 5017 3657 5084 ostenderet,

2047 5109 2199 5184 quod
2239 5109 2396 5166 multi
2437 5108 3078 5182 Hierosolymitanorum
3117 5107 3318 5163 merito
3361 5105 3661 5162 adfuerint.

2047 5203 2175 5257 Non
2217 5199 2371 5256 enim
2420 5199 2582 5272 longe
2646 5199 2836 5256 aberat
2881 5197 3168 5255 Bethania.
3223 5195 3665 5252 Consolabantur

2047 5298 2233 5346 autem
2297 5289 2576 5359 mulieres,
2605 5304 2716 5344 non
2759 5286 2909 5361 quod
2966 5286 3330 5359 diligebantur
3377 5299 3410 5339 a
3447 5283 3663 5341 Christo

2047 5379 2286 5448 (etenim
2342 5378 2812 5450 conspiraverant,
2873 5383 2940 5432 ut
3010 5375 3055 5431 si
3115 5373 3237 5444 quis
3300 5372 3662 5430 confiteretur

2046 5468 2350 5538 Christum,
2413 5476 2566 5526 extra
2609 5468 2958 5539 Synagogam
3025 5465 3229 5530 fieret),
3287 5460 3385 5517 sed
3435 5468 3661 5534 propter

2045 5557 2368 5616 calamitatis
2445 5556 2852 5623 necessitatem,
2925 5553 3010 5611 vel
3070 5551 3215 5625 quod
3265 5552 3662 5609 reverebantur

368 5840 442 5906 (α)
473 5842 536 5896 ιο
567 5837 708 5896 edit.
750 5835 891 5889 Lut.
929 5825 1133 5884 desunt
1160 5841 1288 5900 quae
1316 5833 1582 5899 sequntur
1611 5848 1624 5884 :
1655 5829 1844 5889 Nonne
1870 5828 2303 5896 deliramentum,
2332 5835 2438 5883 etc.
