4198 6454
549 451 619 505 95
1570 442 2087 501 THEOPHYLACTI
2122 442 2482 499 BULGARIE
2519 442 2836 501 ARCHIEP.
3789 447 3859 500 96

556 586 649 630 eas
704 579 769 629 ut
806 570 1121 641 nobiliores,
1158 570 1243 628 vel
1287 568 1439 644 quod
1467 585 1579 626 non
1609 576 1769 626 erant
1807 567 2030 643 pessimi
2060 568 2153 641 qui

2270 569 2641 649 εὐγενεστέρας
2693 569 3029 649 αἰδούμενοι,
3079 568 3115 642 ἢ
3170 571 3219 631 οἳ
3272 569 3347 649 μὴ
3405 568 3550 638 ὄντες
3605 570 3856 652 πονηροὶ,

550 662 890 720 advenerunt
920 677 935 715 :
967 659 1116 718 unde
1151 668 1207 717 et
1233 660 1392 717 multi
1420 659 1774 717 crediderunt
1802 674 1868 715 ex
1898 659 1995 715 eis.
2034 658 2154 716 Cae-

549 759 756 817 terum,
789 751 1006 807 Martha
1033 749 1151 807 sola
1191 750 1431 807 occurrit
1459 749 1722 822 primum,
1761 756 1815 805 et
1848 764 1960 805 non
1989 748 2153 804 simul

548 840 781 898 assumit
805 854 997 897 secum
1032 855 1304 910 sororem,
1347 839 1472 913 quia
1495 839 1728 896 seorsim
1757 838 1833 894 illi
1865 853 2153 894 occurrere

548 938 608 987 et
650 928 859 987 factum
897 929 1227 987 annuntiare
1275 929 1509 986 volebat.
1553 928 1717 986 Unde
1761 927 1858 985 ubi
1902 928 2058 984 illam
2097 926 2154 984 in

548 1035 705 1092 spem
749 1018 955 1077 bonam
992 1018 1241 1088 adduxit,
1289 1027 1426 1076 tunc
1461 1018 1576 1075 abit
1598 1027 1653 1075 et
1689 1026 1852 1075 vocat
1878 1033 2151 1075 sororem.

548 1109 712 1167 Prius
738 1117 927 1166 autem
972 1124 1086 1165 non
1121 1108 1255 1166 dixit
1290 1108 1469 1165 sorori
1508 1107 1718 1179 Mariaz,
1746 1109 1926 1164 celare
1964 1106 2155 1164 volens

547 1213 642 1256 eos
700 1197 793 1272 qui
839 1198 1084 1255 aderant.
1133 1200 1277 1255 Nam
1334 1198 1380 1254 si
1428 1199 1603 1255 Maria
1652 1197 1956 1255 audivisset
2001 1194 2155 1270 quod

556 1311 582 1338 οι
608 1289 767 1345 Jesus
798 1288 1031 1355 veniret,
1066 1310 1092 1338 υ
1123 1288 1515 1345 resurrexisset
1539 1288 1594 1345 in
1630 1302 1947 1357 occursum,
1975 1295 2033 1343 et
2057 1301 2154 1342 co-

550 1379 713 1436 mites
757 1377 993 1435 fuissent
1049 1378 1098 1434 ei
1150 1386 1446 1450 praesentes
1487 1377 1690 1449 Judaei,
1734 1392 1878 1451 quos
1930 1376 2155 1433 nolebat

552 1467 766 1525 Martha
794 1468 933 1525 scire
959 1467 1257 1525 adventum
1287 1467 1505 1525 Christi.

624 1659 807 1714 Vens.
846 1661 1029 1712 21-28.
1082 1677 1109 1705 α
1155 1655 1310 1712 Dixit
1355 1669 1486 1728 ergo
1514 1652 1733 1711 Martha
1775 1652 1849 1710 ad
1890 1655 2086 1711 Jesum
2135 1670 2150 1708 :

550 1747 810 1815 Domine,
871 1746 920 1802 si
962 1744 1164 1802 fuisses
1203 1745 1310 1812 hic,
1357 1743 1530 1801 frater
1566 1759 1727 1801 meus
1782 1759 1900 1800 non
1962 1742 2156 1799 fuisset

547 1842 805 1891 mortuus
846 1852 862 1891 :
893 1833 991 1891 sed
1026 1841 1081 1889 et
1102 1848 1255 1890 nunc
1288 1834 1403 1890 scio
1436 1832 1587 1904 quod
1615 1847 1957 1906 quaecunque
1983 1847 2152 1904 popo-

548 1923 723 1980 sceris
747 1939 779 1979 a
809 1926 951 1990 Deo,
990 1921 1222 1979 daturus
1246 1922 1319 1979 sit
1339 1921 1436 1979 tibi
1463 1924 1637 1978 Deus.
1668 1922 1814 1978 Dicit
1842 1922 1918 1976 illi
1946 1924 2107 1977 Jesus
2141 1937 2155 1976 :

547 2016 825 2085 Resurget
855 2011 1027 2069 frater
1052 2018 1201 2067 tuus.
1234 2010 1384 2067 Dicit
1408 2009 1628 2066 Martha
1672 2030 1685 2066 :
1732 2010 1859 2066 Scio
1886 2008 2034 2081 quod
2071 2025 2160 2064 re-

547 2108 737 2174 surget
785 2101 844 2156 in
886 2099 1297 2156 resurrectione
1343 2099 1397 2154 in
1426 2097 1732 2154 novissimo
1780 2097 1888 2154 die.
1925 2097 2076 2154 Dicit
2113 2095 2160 2153 ei

547 2194 711 2247 Jesus
763 2192 919 2261 :Ego
960 2204 1085 2246 sum
1125 2188 1457 2245 resurrectio
1480 2195 1537 2244 et
1575 2187 1683 2244 vita
1725 2205 1742 2244 :
1777 2187 1873 2259 qui
1900 2187 2075 2243 credit
2106 2186 2161 2243 in

548 2293 660 2349 me,
710 2278 932 2334 etiamsi
972 2286 1228 2335 mortuus
1254 2276 1445 2347 fuerit,
1497 2277 1659 2333 vivet.
1704 2279 1774 2332 Et
1820 2276 2007 2333 omnis
2060 2277 2161 2349 qui

550 2368 681 2424 vivit
719 2377 775 2425 et
821 2367 997 2423 credit
1026 2367 1082 2423 in
1124 2382 1239 2435 me,
1286 2382 1403 2423 non
1446 2365 1714 2422 morietur
1756 2366 1815 2422 in
1869 2373 2159 2423 aeternum.

546 2457 740 2514 Credis
787 2456 930 2513 hoc?
975 2457 1073 2512 Ait
1124 2456 1204 2512 illi
1236 2473 1251 2510 :
1282 2455 1489 2525 Etiam,
1522 2455 1782 2511 Domine.
1827 2457 1945 2528 Ego
1988 2454 2157 2512 credo

543 2545 693 2619 quod
723 2553 780 2601 tu
812 2545 883 2601 sis
914 2544 1168 2603 Christus
1194 2545 1285 2601 ille
1315 2544 1484 2601 Filius
1528 2545 1634 2601 Dei
1662 2544 1759 2617 qui
1794 2544 1853 2600 in
1882 2542 2156 2602 mundum

543 2644 810 2693 venturus
836 2635 956 2692 erit.
1004 2637 1074 2691 Et
1101 2651 1226 2691 cum
1254 2634 1374 2692 haec
1414 2634 1663 2702 dixisset,
1692 2633 1827 2690 abiit
1855 2641 1911 2691 et
1944 2634 2159 2691 vocavit

544 2725 784 2783 Mariam
810 2740 1061 2781 sororem
1090 2739 1249 2780 suam
1278 2724 1614 2793 clanculum,
1635 2722 1863 2780 dicens:
1888 2724 2159 2796 Magister

545 2812 725 2881 adest,
756 2821 812 2870 et
849 2822 1007 2869 vocat
1036 2821 1102 2869 te.
1136 2836 1161 2862 ιο
1191 2812 1386 2871 Fidem
1413 2812 1641 2885 quidem
1671 2811 1913 2868 habebat
1939 2811 2157 2871 Martha

546 2903 604 2958 in
648 2901 952 2970 Christum,
982 2902 1079 2958 sed
1123 2917 1241 2958 non
1285 2908 1555 2973 quantam
1599 2901 1907 2974 oportebat.
1940 2900 2073 2958 Ideo
2101 2911 2157 2960 et

547 2991 724 3048 dicit:
779 3013 805 3041 ‹‹
838 2991 1096 3062 Domine,
1147 2991 1193 3047 si
1223 2989 1422 3047 fuisses
1462 2990 1570 3059 hic,
1634 2989 1806 3048 frater
1832 3006 1991 3048 meus
2037 3007 2153 3049 non

546 3079 741 3136 fuisset
779 3089 1054 3137 mortuus.
1100 3099 1128 3132 »
1163 3078 1326 3150 Quod
1354 3094 1489 3137 sane
1526 3079 1663 3137 dixit
1689 3088 1754 3137 ut
1776 3096 1891 3137 non
1918 3080 2153 3138 credens

2263 661 2452 718 ἐκεῖνοι
2507 663 2789 739 παρῆσαν·
2842 661 2967 720 ὅθεν
3029 658 3121 720 καὶ
3174 659 3361 720 πολλοί
3425 658 3744 721 ἐπίστευσαν
3804 659 3856 730 ἐξ

2263 750 2460 809 αὐτῶν.
2492 747 2564 809 ¢H
2606 749 2658 808 δὲ
2692 750 2890 829 Μάρθα
2936 749 3073 827 μόνη
3108 758 3426 832 προϋπαντᾷ
3456 749 3548 809 καὶ
3584 751 3642 809 οὐ
3673 773 3859 830 παρα-

2264 837 2533 913 λαμϐάνει
2579 838 2675 912 τὴν
2711 839 2961 921 ἀδελφὴν,
2993 840 3177 912 ἐπειδὴ
3224 839 3346 899 κατ’
3385 838 3527 898 ἰδίαν
3556 841 3701 918 αὖτῷ
3739 861 3861 898 συν·

2264 934 2449 1007 τυχεῖν
2495 927 2782 1003 ἠϐούλετο,
2831 928 2924 988 καὶ
2963 930 3024 989 τὸ
3052 929 3261 1010 γεγονὸς
3300 930 3647 1007 ἀπαγγεῖλαι.
3688 927 3860 991 Ὅθεν

2262 1018 2445 1088 ἐπειδὴ
2516 1017 2684 1091 αὐτὴν
2743 1021 2816 1088 εἰς
2866 1017 3110 1101 χρηστὰς
3178 1018 3398 1087 ἐλπίδας
3462 1019 3667 1098 ἤγαγε,
3741 1018 3862 1079 τότε

2265 1107 2466 1181 ἄπεισι,
2500 1108 2591 1167 καὶ
2616 1110 2771 1168 καλεῖ
2803 1110 2900 1181 τὴν
2936 1108 3192 1191 ἀδελφήν.
3230 1108 3504 1190 Πρότερον
3541 1108 3599 1168 δὲ
3628 1110 3688 1168 οὗ
3714 1107 3862 1187 λέγει

2265 1196 2399 1277 πρὸς
2434 1197 2534 1270 τὴν
2576 1197 2808 1280 ἀδελφὴν
2856 1198 3095 1278 Μαρίαν,
3161 1198 3459 1278 βουλομένη
3511 1200 3694 1258 λαθεῖν
3741 1195 3863 1265 τοὺς

2261 1286 2548 1366 παρόντας.
2607 1291 2673 1349 Εἰ
2716 1288 2821 1369 γὰρ
2862 1294 2897 1362 ἡ
2934 1287 3122 1370 Μαρία
3150 1288 3398 1364 ἤκουσεν,
3445 1289 3526 1347 ὅτι
3577 1316 3603 1341 σι
3657 1288 3865 1361 Ἰησοῦς

2263 1376 2509 1457 ἔρχεται,
2540 1405 2566 1430 ιι
2615 1376 2871 1451 ἐξανέστη
2924 1378 2985 1437 ἂν
3032 1377 3164 1460 πρὸς
3195 1378 3536 1454 συνάντησιν,
3586 1376 3704 1460 καὶμ
3724 1401 3858 1437 συν-

2262 1456 2630 1540 ἠκολούθησαν
2663 1469 2799 1547 αὐτῇ
2833 1467 2926 1527 καὶ
2959 1470 3005 1528 οἱ
3041 1456 3301 1548 παρόντες
3339 1469 3618 1545 Ἰουδαῖοι,
3649 1456 3725 1534 οἶς
3750 1469 3866 1526 δια-

2261 1560 2565 1634 γνωσθῆναι
2595 1556 2923 1636 τὸνηἸησοῦν
2965 1557 3183 1618 ἐλθόντα
3213 1560 3308 1618 οὖκ
3339 1557 3602 1629 ⁸ἠϐούλετο
3637 1558 3862 1636 Μάρθα.

2352 1666 2383 1728 ιι
2424 1636 2592 1728 Εἶπεν
2652 1635 2744 1704 οὖν
2796 1646 2999 1728 Μάρθα
3048 1648 3181 1728 πρὸς
3233 1646 3320 1707 τὸν
3352 1646 3598 1718 Ἰησοῦν⁵
3662 1635 3858 1724 Κύριε,

2264 1736 2310 1794 εἰ
2338 1726 2401 1807 ἧς
2447 1726 2585 1808 ὧδε,
2636 1738 2664 1795 6
2711 1726 2937 1816 ἀδελφός
2984 1726 3215 1815 μουὴοῦκ
3263 1736 3326 1796 ἂν
3375 1735 3674 1808 ἐτεθνήκει·
3718 1734 3859 1795 ἀλλὰ

2266 1823 2358 1884 καὶ
2399 1832 2488 1885 νῦν
2541 1816 2659 1885 οἶδα
2710 1826 2791 1886 ὅτι
2843 1825 2943 1885 ὅσα
2988 1830 3050 1886 ἂν
3096 1825 3292 1906 αἰτήσῃ
3340 1825 3431 1887 τὸν
3462 1824 3646 1905 Θεὸν,
3698 1824 3861 1886 δώσει

2268 1937 2351 1973 σοι
2398 1917 2426 1973 6
2477 1913 2637 1983 Θεός.
2683 1915 2842 1994 Λέγει
2888 1917 3024 1997 αὐτῇ
3055 1919 3083 1975 6
3118 1913 3798 1997 ἸησοῦςἈἋναστήσεται
3839 1919 3871 1973 6

2269 2002 2497 2085 ἀδελφός
2528 2026 2644 2066 σου.
2680 2005 2841 2083 Λέγει
2888 1994 3036 2087 αὗτῷ
3070 2005 3302 2086 Μάρθα*
3332 1994 3474 2067 Οἶδα
3513 2003 3596 2064 ὅτι
3627 2004 3868 2087 ἄναςτή-

2267 2115 2418 2177 σεται
2461 2094 2515 2152 ἐν
2547 2097 2616 2175 τῇ
2649 2093 2940 2154 ἀναστάσει
2971 2084 3025 2154 ἐν
3178 2084 3393 2175 ’ἐσχάτῃ
3444 2094 3649 2177 ἡμέρᾳ,
3692 2084 3864 2155 Εἶπεν

2266 2174 2356 2240 οὖν
2406 2174 2604 2264 αὐτῇὸ
2657 2181 2895 2254 Ἰησοῦς·
2934 2182 3081 2262 Ἐγώ
3111 2174 3223 2262 εἰμι
3269 2187 3305 2256 ἡ
3356 2174 3646 2251 ἀνάστασις
3695 2183 3790 2243 καὶ
3830 2188 3866 2257 ἡ

2267 2270 2407 2344 ζωή’
2432 2274 2461 2330 6
2493 2270 2756 2332 πιστεύων
2799 2273 2872 2339 εἰς
2905 2272 3026 2350 ἐμὲ,
3058 2271 3157 2333 κᾶν
3192 2273 3454 2354 ἀποθάνῃ,
3492 2271 3744 2346 ζήσεται⁹
3772 2271 3869 2332 καὶ

2266 2368 2371 2428 πᾶς
2402 2363 2432 2419 6
2481 2364 2612 2433 ζῶν,
2664 2359 2758 2420 καὶ
2789 2360 3052 2421 πιστεύων
3100 2363 3174 2430 εἰς
3219 2361 3348 2440 ἐμὲ,
3390 2364 3450 2423 οὖ
3493 2359 3569 2440 μὴ
3620 2361 3865 2443 ἀποθάνῃ

2265 2450 2337 2517 εἰς
2372 2448 2462 2508 τὸν
2509 2451 2698 2512 αἰῶνα.
2753 2449 3034 2520 Πιστεύεις
3069 2455 3255 2526 τοῦτο,
3300 2451 3462 2532 Λέγει
3507 2452 3683 2532 αὐτῷ’
3720 2449 3869 2525 Ναὶ,

2268 2539 2454 2620 Κύριε.
2504 2538 2653 2619 Ἐγὼ
2709 2540 3077 2615 πεπίστευκα,
3137 2538 3222 2600 ὅτι
3269 2537 3332 2601 σὺ
3385 2531 3436 2601 εἰ
3476 2544 3506 2601 6
3551 2531 3785 2622 Χριστὸς
3837 2544 3871 2601 6

2264 2629 2393 2697 Υἱὸς
2432 2635 2525 2688 τοῦ
2569 2630 2750 2704 Θεοῦ,
2793 2632 2823 2689 6
2872 2632 2947 2698 εἰς
2987 2629 3076 2690 τὸν
3123 2629 3326 2710 κόσμον
3370 2630 3678 2712 ἐρχόμενος.
3751 2630 3868 2693 Καὶ

2262 2724 2437 2780 ταῦτα
2486 2721 2712 2779 εἰποῦσα
2779 2720 3022 2795 ἀπῆλθε,
3064 2719 3159 2780 καὶ
3202 2720 3442 2803 ἐφώνησε
3500 2718 3718 2803 Μαρίαν
3767 2719 3870 2794 τὴν

2264 2806 2496 2889 ἀδελφὴν
2527 2810 2690 2882 αὐτῆς
2729 2808 3216 2890 λάθραξείποῖῐσαο
3250 2808 3330 2892 :0
3366 2811 3685 2881 διδάσκαλος
3729 2809 3872 2892 πάρ-

2263 2920 2401 2976 εστι,
2454 2896 2546 2956 καί
2576 2899 2742 2977 φωνεῖ
2775 2921 2859 2960 σε.
2909 2889 2943 2956 n
2982 2898 3179 2959 Πίστιν
3228 2889 3371 2979 εἶχεν
3410 2903 3444 2972 ἡ
3486 2898 3688 2982 Μάρθα
3729 2889 3864 2979 πρδς

2263 2986 2524 3071 Χριστὸν,
2562 2988 2683 3071 οἰλλ’
2714 2988 2817 3067 οὐχ
2854 2985 2983 3059 ὅσην
3017 2986 3143 3051 ἔδει.
3202 2988 3300 3049 Διὸ
3336 2989 3430 3049 καί
3474 3011 3633 3071 φησν
3671 3010 3702 3049 α
3750 2990 3866 3050 Κύ-

2261 3066 2361 3159 ριε,
2395 3079 2441 3135 εἰ
2472 3066 2534 3148 ἧς
2561 3066 2688 3150 ὧδε,
2716 3078 2813 3137 οὐκ
2848 3074 2912 3160 a3
2944 3075 3096 3136 ἔθανέ
3131 3101 3234 3155 μου
3272 3082 3301 3137 6
3333 3066 3579 3160 ἀδελιρός.
3622 3100 3655 3138 n
3689 3080 3865 3140 Τοῦτο

545 3168 830 3227 absentem
875 3170 1138 3242 potuisse,
1184 3169 1229 3226 si
1269 3168 1495 3240 quidem
1540 3169 1824 3239 voluisset,
1877 3168 2151 3242 depellere

2266 3155 2362 3256 γὰρ
2393 3165 2610 3256 πάντως
2656 3164 2756 3247 ἔφη
2776 3210 2807 3256 ,_
2844 3155 2929 3256 οἶα
2963 3164 3037 3243 μὴ
3068 3167 3395 3256 πιστεύουσα
3416 3212 3433 3242 ,
3476 3155 3562 3226 ότι
3589 3166 3683 3228 καὶ
3714 3166 3871 3227 ἀπὼν

547 3267 787 3316 mortem
829 3258 1016 3315 fratris
1064 3259 1148 3315 sui
1191 3274 1366 3315 :nam
1396 3267 1451 3315 et
1475 3259 1538 3314 in
1587 3258 1944 3330 sequentibus
1975 3259 2150 3333 majo-

548 3363 669 3405 rem
694 3348 1078 3405 infirmitatem
1104 3347 1346 3405 declarat
1369 3347 1493 3404 fidei
1526 3369 1538 3405 :
1573 3369 1599 3395 κ
1624 3350 1981 3420 Quaecunque
2003 3349 2154 3406 enim

547 3437 795 3510 petieris,
825 3437 1033 3510 inquit,
1066 3441 1266 3506 Deum,
1298 3437 1455 3493 dabit
1502 3436 1601 3493 tibi
1631 3437 1703 3492 ⁸ο.
1741 3460 1767 3487 ι
1793 3438 1962 3495 Vides
1999 3437 2152 3510 quod

547 3527 705 3583 illum
749 3528 892 3584 sicut
936 3527 1115 3583 virum
1146 3527 1452 3600 quemdam
1512 3527 1717 3584 virtute
1763 3528 2057 3600 praeditum
2099 3536 2155 3584 et

545 3620 667 3674 Deo
691 3617 991 3690 probatum
1029 3616 1320 3673 habuerit?
1347 3619 1472 3674 Non
1503 3616 1655 3674 enim
1681 3616 1844 3687 dixit,
1875 3617 2152 3687 Quaecun-

544 3721 652 3780 que
696 3706 959 3776 volueris,
1005 3704 1195 3775 facies,
1252 3706 1372 3776 sed,
1421 3729 1448 3756 α
1484 3708 1842 3781 Quaecunque
1870 3707 2149 3779 petiveris,

545 3795 697 3853 dabit
745 3796 869 3852 tibi.
940 3819 966 3847 ι)
1021 3800 1145 3869 Ipse
1191 3804 1375 3853 autem
1423 3795 1572 3853 hanc
1612 3798 1733 3870 ejus
1778 3796 2156 3870 suspicionem

2261 3254 2528 3333 ἠδύνατο,
2559 3254 2708 3336 εἴπερ
2735 3253 3019 3329 ἠϐούλετο,
3063 3255 3363 3337 ἀποτρέψαι
3395 3258 3482 3316 τὸν
3518 3256 3747 3317 θάνατον
3772 3264 3872 3318 τοῦ

2261 3346 2493 3425 ἀδελφοῦ
2543 3347 2737 3416 αὖτ’-ἧς’
2803 3344 2895 3403 καὶ
2945 3345 3023 3403 ἔτι
3075 3344 3161 3403 διὰ
3218 3348 3326 3404 τῶν
3395 3345 3581 3426 ἐφεξῆς
3645 3347 3865 3424 μείζονα

2261 3432 2359 3505 τὴν
2395 3432 2668 3494 ἀσθένειαν
2713 3432 2960 3515 ἐμφαίνει
3003 3438 3099 3507 τῆς
3151 3433 3406 3501 πίστεως⁸
3461 3455 3492 3493 (ι
3551 3430 3703 3494 Ὅσα
3735 3435 3876 3517 γὰρ,

2262 3523 2420 3607 φησὶν
2444 3565 2462 3596 ,
2509 3522 2708 3603 αἰτήσῃ
2743 3522 2833 3582 τὸν
2858 3523 3031 3601 Θεὸν,
3065 3522 3226 3583 δώσει
3259 3547 3363 3585 σοι.
3408 3544 3439 3583 ι)
3480 3522 3648 3605 Ὁρᾷς
3676 3522 3757 3583 ὅτι
3799 3528 3879 3592 ὡς

2264 3612 2508 3693 ἐνάρετόν
2565 3636 2684 3671 τινα
2737 3612 3014 3694 ἄνθρωπον
3065 3612 3159 3695 καί
3210 3613 3357 3695 παρὰ
3415 3616 3542 3695 Θεῷ
3590 3613 3871 3692 εὐδόκιμον

2262 3710 2444 3763 τοῦτον
2495 3702 2766 3784 ἐνόμιζεν;
2812 3693 2894 3764 Οὐ
2951 3704 3055 3784 γὰρ
3110 3693 3303 3777 εἶπεν,
3349 3693 3522 3765 Ὅσα-
3555 3701 3621 3763 ἂν
3680 3702 3868 3782 θέλῃς,

2263 3792 2541 3870 ποιήσεις,
2598 3792 2720 3853 ἀλλ’
2774 3820 2797 3847 α
2853 3790 3006 3853 ’Ὅσα
3064 3790 3131 3851 ἂν
3186 3791 3423 3874 αἰτήσῃ,
3471 3791 3630 3853 δώσει
3679 3815 3782 3854 σοι.
3843 3821 3869 3847 ι

546 3885 814 3943 subvertit
849 3903 862 3941 :
907 3908 933 3935 α
979 3889 1253 3958 Resurget
1291 3886 1462 3956 enim,
1500 3886 1706 3959 inquit,
1741 3885 1910 3943 frater
1944 3894 2092 3943 tuus.
2127 3908 2153 3935 ι

2266 3881 2428 3949 Αὐτὸς
2471 3879 2527 3941 δὲ
2578 3880 2888 3962 ἀνατρέπων
2928 3880 3024 3951 τὴν
3081 3881 3332 3954 τοιαύτην
3382 3884 3542 3954 αὐτῆς
3589 3881 3871 3957 ὑπόνοιαν,

546 3977 675 4032 Non
713 3975 862 4030 enim
908 3974 1049 4031 dixit
1095 3975 1145 4030 ei
1175 3998 1189 4027 ε
1216 3975 1421 4040 Etiam,
1452 3983 1635 4047 petam
1680 3979 1883 4045 Deum,
1927 3984 1983 4032 et
2011 3975 2161 4032 dabit

545 4063 717 4132 mihi;
750 4078 859 4118 non
888 4063 1165 4118 consensit
1207 4063 1449 4118 sermoni
1500 4063 1639 4134 ejus,
1671 4062 1773 4119 sed
1803 4064 1986 4119 medio
2015 4080 2155 4135 quo-

548 4150 675 4207 dam
724 4151 893 4207 verbo
933 4166 1066 4206 usus
1111 4157 1194 4205 est
1237 4169 1251 4206 :
1299 4158 1679 4206 verumtamen
1706 4151 1878 4223 660
1928 4167 2025 4224 per
2070 4168 2159 4208 se-

548 4240 773 4312 quentia
798 4239 1181 4295 auctoritatem
1225 4247 1281 4295 et
1320 4246 1653 4311 potestatem
1676 4255 1833 4296 suam
1865 4240 2157 4298 clariorem

549 4328 683 4386 facit
738 4347 752 4384 :
809 4330 982 4401 «Ego
1023 4344 1169 4397 sum,
1220 4328 1433 4397 dicens,
1480 4329 1813 4386 resurrectio
1859 4338 1916 4387 et
1956 4330 2081 4388 vita.
2131 4354 2155 4381 υ

550 4418 828 4489 Quoniam
885 4418 1036 4475 enim
1078 4418 1278 4475 mulier
1340 4418 1520 4476 adhuc
1580 4418 1863 4477 incredula
1916 4428 2051 4490 erat,
2105 4430 2161 4478 et

2277 3991 2317 4054 (ι
2346 3969 2774 4043 Ἀναστήσεται,
2830 3967 3024 4050 φησὶν,
3073 3972 3102 4028 6
3151 3970 3374 4052 ἀδελφός
3415 3995 3527 4033 σου.
3570 3998 3593 4025 ιι
3634 3974 3717 4033 Οὖ
3760 3971 3869 4054 γὰρ

2268 4049 2413 4117 εἶπεν
2439 4061 2578 4139 αὐτῇ
2600 4103 2617 4135 ,
2642 4058 2749 4119 Ναὶ
2790 4059 3084 4134 αἰτήσομαι
3114 4058 3205 4118 τὸν
3236 4049 3406 4135 Θεὸν,
3438 4060 3529 4120 καὶ
3565 4062 3722 4121 δώσει
3747 4049 3876 4138 μοι’,

2266 4145 2387 4206 οὖδὲ
2431 4148 2728 4228 συνέδραμε
2772 4150 2850 4228 τῷ
2909 4148 3051 4229 λόγῳ
3113 4149 3301 4223 αὐτῆς,
3369 4149 3507 4209 ἀλλὰ
3567 4148 3706 4230 μέσῃ
3766 4152 3873 4228 μὲν

2270 4236 2540 4317 ἐχρήσατο
2604 4235 2772 4305 λέξεισ
2834 4236 2976 4309 πλὴν
3033 4235 3122 4297 διὰ
3178 4242 3281 4299 τῶν
3339 4237 3456 4310 ἑξῆς
3519 4240 3875 4318 ἐκδηλοτέραν

2269 4325 2367 4399 τὴν
2417 4323 2617 4386 οἰκείαν
2654 4326 2930 4386 αὖθεντίαν
2981 4325 3073 4385 καὶ
3124 4325 3362 4396 ἐξουσίαν
3414 4329 3586 4403 ποιεῖ,
3630 4357 3654 4382 ιι
3719 4328 3877 4409 Ἐγώ

2271 4416 2423 4494 εἰμι,
2469 4414 2676 4495 λέγων,
2729 4419 2764 4487 ἡ
2803 4416 3094 4484 ἀνάστασις
3136 4418 3229 4477 καὶ
3271 4421 3306 4488 ἡ
3337 4417 3470 4489 ζωή.
3517 4443 3540 4470 ι
3574 4416 3734 4480 Ἐπεὶ
3764 4418 3876 4501 γὰρ

548 4487 780 4579 dictum,
836 4532 860 4559 α
896 4512 1171 4581 Resurget
1200 4507 1373 4565 frater
1408 4518 1561 4578 tuus,
1594 4532 1621 4561 υ
1653 4525 1767 4566 non
1808 4487 2156 4585 agnoscebat,

2268 4487 2462 4583 ἦ-γυθῆ
2498 4487 2579 4565 gf!
2622 4487 2869 4583 atri-Grai,
2912 4504 3005 4565 καὶ
3034 4505 3133 4580 τὸ,
3176 4527 3207 4565 (ι
3236 4487 3623 4578 Ἀναστήσεται
3656 4511 3683 4567 6
3714 4487 3875 4568 ἄδελλ

547 4598 644 4655 sed
674 4599 731 4654 in
757 4598 1055 4655 novissima
1079 4600 1479 4656 resurrectione
1506 4600 1842 4671 intelligebat
1879 4601 2040 4658 illum
2068 4617 2161 4659 re-

548 4695 924 4745 surrecturum
988 4705 1005 4743 :
1047 4688 1252 4745 sciebat
1274 4697 1459 4745 autem
1507 4697 1565 4746 et
1601 4689 1854 4746 ultimam
1909 4706 2160 4748 resurre-

547 4775 789 4833 ctionem
819 4776 1083 4845 futuram,
1114 4786 1170 4833 et
1197 4778 1303 4834 hoc
1340 4778 1562 4850 quidem
1592 4795 1659 4835 ex
1689 4779 1886 4836 divinis
1910 4781 2156 4852 Scriptu-

550 4866 649 4937 ris,
693 4873 745 4922 et
796 4866 856 4921 in
896 4866 1089 4939 primis
1130 4883 1195 4923 ex
1240 4868 1518 4925 continuis
1565 4869 1763 4927 Christi
1807 4869 2161 4928 sermonibus

549 4956 618 5012 de
665 4956 1063 5012 resurrectione
1113 4973 1128 5012 :
1177 4956 1341 5029 igitur
1386 4957 1513 5030 quia
1577 4958 1755 5015 adhuc
1798 4958 1998 5015 mulier
2043 4967 2162 5016 erat

534 5038 772 5114 ‘mulier,
801 5053 1054 5101 mentem
1098 5045 1217 5118 ejus
1246 5046 1444 5103 excitat
1474 5047 1764 5119 Dominus,
1793 5056 1850 5104 et
1888 5049 2157 5120 quodam-

550 5134 722 5191 modo
776 5141 1057 5190 mortuam
1100 5134 1271 5191 ﬁdem
1318 5136 1433 5208 ejus
1467 5135 1715 5205 suscitat,
1744 5135 1930 5193 dicens
1976 5137 2157 5195 mani-

549 5221 743 5280 festius
788 5244 802 5281 :
847 5227 933 5280 Tu
970 5222 1192 5295 quidem
1235 5224 1368 5281 dicis
1408 5225 1556 5297 quod
1584 5240 1925 5300 quaecunque
1951 5229 2159 5301 petiero

556 5315 758 5382 Deum,
788 5312 942 5370 dabit
984 5312 1121 5369 mihi
1168 5332 1182 5369 :
1230 5328 1332 5386 ego
1357 5322 1551 5371 autem
1590 5314 1882 5373 manifeste
1911 5317 2017 5374 hoc
2058 5317 2159 5374 tibi

554 5399 702 5467 dico,
740 5402 890 5472 quod
923 5425 949 5452 α
982 5405 1100 5474 Ego
1137 5418 1265 5460 sum
1296 5404 1622 5461 resurrectio
1660 5410 1715 5461 et
1744 5404 1851 5462 vita
1882 5424 1896 5462 :
1943 5429 1969 5455 ν
2002 5415 2057 5463 et
2083 5407 2160 5464 ita

558 5487 735 5543 virtus
795 5505 915 5547 mea
993 5491 1118 5549 loco
1180 5508 1295 5549 non
1349 5493 1837 5565 circumscribitur,
1897 5495 1995 5552 sed
2040 5504 2159 5554 tam

557 5574 754 5633 absens
791 5593 958 5649 quam
1004 5596 1248 5652 praesens
1292 5597 1490 5641 sanare
1533 5599 1775 5656 possum.
1838 5584 1956 5657 Ego
2005 5585 2158 5643 enim

629 5753 676 5791 ⁸ο
701 5757 876 5811 Marc.
912 5770 983 5827 ιι,
1012 5759 1103 5813 23.

2270 4595 2362 4678 φός
2400 4618 2516 4668 σου,
2550 4616 2581 4654 ι)
2618 4596 2726 4655 οὐδ’
2752 4595 2980 4674 ἐπέγνω,
3013 4595 3131 4656 ἀλλ’
3179 4598 3266 4656 ἐντ
3389 4597 3595 4679 ἐσχάτῃ
3641 4600 3877 4661 ἀναστά-

2269 4708 2351 4744 σει
2397 4692 2505 4746 νοεῖ
2553 4685 2708 4744 αὐτὸν
2755 4685 3185 4758 ἀναστήσεσθαιο
3232 4685 3350 4767 ᾔδει
3393 4685 3450 4745 δὲ
3484 4685 3583 4758 τὴν
3628 4688 3872 4768 ἐσχάτην

2270 4774 2563 4834 ἀνάστασιν
2610 4775 2891 4850 ἐσομένην,
2941 4782 3095 4836 τοῦτο
3139 4774 3235 4853 μὲν
3284 4775 3374 4835 καὶ
3410 4775 3518 4835 ἀπὸ
3551 4779 3659 4837 τῶν
3711 4777 3872 4837 θείων

2270 4867 2535 4946 Γραφῶν,
2581 4862 2814 4943 μάλιστα
2850 4864 2906 4923 δὲ
2948 4864 3054 4924 ἀπὸ
3083 4869 3188 4925 τῶν
3223 4870 3312 4924 τοῦ
3349 4868 3589 4945 Χριστοῦ
3629 4869 3870 4947 συνεχῶν

2270 4953 2392 5035 περί
2450 4957 2546 5026 τῆς
2594 4954 2937 5022 ἀναστάσεως
2996 4956 3251 5031 ὁμιλιῶν
3306 4956 3423 5015 ἐπεὶ
3470 4947 3560 5016 οὖν
3606 4954 3686 5015 ἔτι
3731 4956 3871 5034 γυνὴ

2269 5038 2333 5118 ἧν
2385 5048 2419 5115 ἡ
2473 5041 2630 5121 γυνὴ,
2687 5044 2930 5125 διανιστᾷ
2980 5044 3144 5117 αὐτὴν
3203 5047 3230 5103 6
3270 5045 3486 5126 Κύριος,
3544 5044 3638 5105 καὶ
3683 5043 3871 5127 ὥσπερ

2270 5133 2663 5213 νενεκρωμένην
2706 5132 2804 5206 τὴν
2850 5134 3028 5219 πίστιν
3084 5136 3249 5205 αὐτῆς
3314 5135 3594 5217 διεγείρει,
3645 5136 3873 5220 φάσκων

2272 5222 2645 5303 ἐκδηλότερον·
2691 5221 2770 5283 Σύ
2806 5247 2872 5301 με
2898 5221 2917 5305 [
3047 5221 3112 5282 σὺ
3146 5224 3276 5304 μὲν]
3306 5223 3511 5304 λέγεις,
3552 5224 3633 5284 ὅτι
3674 5224 3775 5284 ὅσα
3805 5224 3875 5284 ἂν

2272 5311 2581 5390 αἰτήσωμαι
2631 5310 2720 5373 τὸν
2775 5312 2947 5387 Θεὸν,
3004 5312 3163 5371 δώσει
3212 5337 3329 5391 μοι’
3377 5313 3483 5393 ἐγὼ
3524 5310 3581 5373 δὲ
3629 5317 3872 5397 φανερῶς

2271 5401 2410 5461 οὕτω
2444 5400 2527 5460 σοί
2567 5425 2739 5482 φημι,
2767 5401 2848 5462 ὅτι
2896 5424 2926 5462 ι(
2967 5399 3116 5482 Ἐγώ
3146 5406 3320 5479 εἰμιὴ
3370 5404 3661 5472 ἀνάστασις
3707 5403 3798 5463 καὶ
3830 5409 3868 5477 ἡ

2270 5491 2399 5563 ζωή,
2431 5514 2463 5550 ι)
2512 5488 2695 5551 "Dare
2729 5493 2788 5551 οὗ
2822 5491 2972 5574 τόπῳ
3016 5491 3375 5573 περικλείεταί
3405 5517 3507 5572 μου
3534 5497 3570 5566 ἡ
3606 5491 3829 5569 δύναμις
3850 5541 3869 5571 ,

2270 5578 2428 5656 ἀλλὰ,
2457 5580 2552 5641 καί
2598 5579 2753 5643 ἀπὼν
2779 5624 2798 5656 ,
2829 5583 2922 5641 καὶ
2958 5580 3169 5663 παρὼν,
3217 5581 3451 5663 δύναμαι
3483 5585 3685 5647 ἰᾶσθαι.
3715 5579 3869 5662 Ἐγὼ
