4198 6466
357 417 419 472 97
1191 415 1582 472 ΕΝΑΒΗΔΤΙΟ
1622 415 1690 472 ΙΝ
1722 413 1984 471 EVANGE

2093 413 2157 472 ῙΜ
2190 415 2490 478 JOANNIS.
2527 451 2599 464 —
2636 424 2789 481 CAP.
2827 426 2912 482 XI.
3355 374 3363 383 1
3450 439 3458 451 “
3632 433 3703 491 98

366 539 463 620 γάρ
491 539 606 617 εἶμι
655 540 689 598 6
719 538 968 621 χορηγὸς
1008 543 1116 629 τῶν
1151 542 1361 619 ἀγαθῶν
1383 587 1401 620 ,
1435 541 1526 600 καὶ
1564 542 1665 622 οὐχ
1699 543 1769 610 ὣς
1806 540 1984 622 ἑτέρου

2097 540 2378 602 bonorum
2404 548 2774 622 suppeditator
2811 567 2958 622 sum,
3001 560 3058 608 et
3084 567 3197 608 non
3235 554 3395 626 quasi
3421 553 3560 613 alius
3585 556 3700 629 det,

376 630 634 708 διδόντος,
691 631 820 688 ἀλλ’
870 629 1031 699 αὐτὸς
1079 627 1152 688 ὢν
1199 635 1232 703 ἡ
1288 630 1574 698 ἀνάστασις
1621 630 1711 689 καὶ
1765 635 1799 702 ἡ
1848 629 1989 704 ζωὴ,

374 723 545 801 ἰσχύω
576 721 672 780 καὶ
706 722 936 804 ἀνιστᾷν
963 721 1058 780 καὶ
1089 723 1380 791 ζωοποιεῖνο
1411 721 1532 795 καὶ,
1567 747 1590 773 ι
1622 718 1692 782 Ὀ
1723 720 1986 781 πιστεύων

384 813 457 878 εἷς
492 811 619 888 ἐμὲ,
667 810 769 870 κᾶν
829 812 1082 892 ἀποθάνῃ
1107 857 1124 886 ,
1179 836 1206 864 »
1253 809 1343 870 τὸν
1391 810 1614 870 θάνατον
1668 815 1852 870 τοῦτον
1898 811 1987 870 τὸν

383 902 636 980 φυσικὸν,
684 930 711 955 α
756 901 1018 975 ζήσεται,
1067 900 1159 961 καὶ
1206 908 1312 968 πᾶς
1362 904 1390 960 6
1434 905 1537 970 ζῶν
1584 900 1676 960 καὶ
1725 899 1988 960 πιστεύων

381 994 454 1057 εἷς
504 991 627 1066 ἐμὲ,
658 993 720 1051 οὗ
757 991 834 1068 μὴ
889 990 1161 1072 ἀποθάνῃ,
1196 1018 1220 1044 ιι
1271 990 1362 1050 τὸν
1398 989 1646 1072 ψυχικόν.
1682 987 1858 1050 Ὥστε
1911 990 1986 1069 μὴ

378 1081 709 1161 θορυϐηθῇς⁸
742 1081 838 1140 κᾶν
887 1079 992 1160 γὰρ
1038 1079 1257 1153 τέθνηκέ
1304 1103 1400 1140 σου
1449 1083 1478 1138 6
1524 1080 1785 1159 ἀδελφὸς,
1833 1079 1989 1153 ζήσε-

377 1193 491 1232 ται.
520 1171 633 1232 Καὶ
652 1171 703 1230 τί
729 1171 871 1248 λέγω
901 1169 1028 1248 περὶ
1049 1177 1141 1230 τοῦ
1164 1171 1392 1251 ἀδελφοῦ
1422 1193 1512 1228 σου
1537 1189 1555 1245 ;
1582 1169 1724 1230 Οὐδὲ
1747 1169 1917 1248 ὑμεῖς,
1941 1169 1991 1230 εἴ

381 1284 440 1338 γε
489 1262 771 1322 πιστεύετε
823 1261 896 1328 εἰς
949 1259 1070 1335 ἐμὲ,
1123 1259 1457 1333 τεθνήξεσθε,
1509 1259 1646 1318 ἀλλὰ
1685 1264 1780 1318 τοῦ
1814 1261 1987 1320 δεινο-

379 1350 531 1429 τέρου
577 1351 803 1410 Θανάτου
853 1349 1121 1431 κρείττους
1165 1351 1347 1410 ἔσεσθε
1390 1355 1480 1408 τοῦ
1527 1353 1778 1430 ψυχικοῦ.
1813 1348 1883 1411 Ὀ
1931 1348 1987 1409 δὲ

377 1447 470 1500 τοῦ
499 1441 795 1522 δεινοτέρου
823 1437 1183 1522 λυτρούμενος
1205 1485 1220 1513 ,
1248 1442 1431 1521 πολλῷ
1466 1442 1668 1516 μᾶλλον
1700 1445 1791 1498 τοῦ
1821 1441 1986 1500 ἐλάτ-

377 1553 524 1598 τονος
566 1537 660 1590 τοῦ
710 1535 1022 1607 σωματικοῦ
1073 1528 1401 1610 λυτρώσεται
1449 1521 1548 1588 τὸν
1566 1531 1859 1602 τεθνηκότα
1889 1555 1982 1590 σου

374 1620 627 1700 ἀδελφόν.
714 1619 931 1702 Ἐρωτᾷ
960 1618 1016 1678 δὲ
1049 1618 1147 1692 τὴν
1176 1627 1437 1698 γυναῖκα,
1469 1621 1516 1679 εἷ
1559 1619 1830 1680 πιστεύειο
1929 1619 1984 1680 δὲ

375 1709 554 1768 καίτοι
584 1715 820 1769 τοσαῦτα
864 1709 1178 1784 ἀκούσασα,
1206 1709 1354 1786 ὅμως
1383 1711 1442 1768 οὗ
1487 1713 1677 1781 συνῆκε
1696 1756 1712 1784 ,
1755 1708 1809 1769 τί
1839 1701 1984 1770 εἶπεν

377 1800 512 1878 αὐτῇ
543 1803 573 1860 6
620 1797 848 1880 Κύριος,
898 1797 1000 1858 ὑπὸ
1055 1807 1146 1858 τοῦ
1193 1798 1419 1873 πάθους,
1473 1789 1646 1878 οἶμαι,
1705 1799 1796 1860 καὶ
1836 1804 1993 1876 ἀνοηο

2098 633 2195 691 sed
2223 634 2342 707 ipse
2369 651 2496 694 sum
2539 657 2569 693 ι(
2592 641 2922 698 resurrectio
2947 649 3002 697 et
3040 641 3169 713 vita,
3202 665 3228 693 ιο
3255 643 3518 718 valeoque
3541 662 3700 703 resu-

2098 724 2298 781 scitare
2327 734 2384 782 et
2424 727 2716 786 viviﬁcare.
2749 752 2777 780 α
2809 733 2880 787 Et
2907 732 2997 804 qui
3045 731 3217 788 credit
3259 731 3318 788 in
3344 749 3454 803 me,
3483 735 3696 792 etiamsi

2098 823 2353 873 mortuus
2383 815 2551 874 fuerit
2583 842 2608 868 »
2641 820 2880 877 naturali
2919 820 3022 877 hac
3063 831 3267 890 morte,
3304 841 3334 875 (ι
3371 823 3534 880 vivet.
3568 845 3594 878 »
3629 857 3699 867 -

2103 925 2128 952 ι
2169 906 2240 960 Et
2276 907 2459 964 omnis
2497 909 2589 980 qui
2625 910 2780 978 vivit,
2807 918 2863 966 et
2898 911 3073 968 credit
3105 911 3160 967 in
3201 927 3314 982 me,
3345 929 3458 969 non
3498 915 3700 971 morie-

2098 1000 2189 1049 tur
2212 1017 2237 1042 n
2263 1005 2446 1053 morte
2467 999 2672 1055 animat
2701 1019 2713 1055 :
2741 1008 2797 1056 et
2821 1000 2895 1056 ita
2920 1015 2992 1056 ne
3025 1000 3286 1057 turberis.
3319 1005 3463 1058 Nam
3501 1019 3698 1074 quam-

2097 1083 2176 1140 vis
2203 1093 2456 1143 mortuus
2497 1087 2568 1144 sit
2612 1087 2783 1146 frater
2807 1098 2954 1159 tuus,
2999 1091 3159 1146 vivet.
3191 1093 3261 1147 Et
3307 1092 3436 1164 quid
3466 1092 3590 1149 dico
3631 1093 3700 1151 de

2097 1171 2269 1231 fratre
2309 1175 2444 1232 tuo?
2469 1178 2661 1249 Neque
2707 1193 2827 1247 vos,
2865 1179 2913 1235 si
2957 1178 3181 1252 quidem
3220 1179 3444 1236 creditis
3470 1181 3528 1237 in
3581 1197 3697 1252 me,

2095 1263 2426 1334 moriemini,
2501 1265 2602 1323 sed
2663 1267 3032 1339 pravalebitis
3096 1269 3335 1341 graviori
3387 1270 3699 1328 animarum

2095 1353 2284 1410 morti.
2309 1357 2383 1410 Et
2409 1355 2506 1427 qui
2549 1372 2580 1413 a
2607 1357 2855 1429 graviore
2893 1358 3110 1428 liberat,
3143 1359 3320 1416 multo
3349 1360 3528 1432 magis
3561 1361 3696 1418 libe-

2095 1442 2239 1499 rabit
2279 1442 2508 1501 fratrem
2554 1453 2716 1502 tuum
2752 1447 2847 1520 qui
2893 1456 3148 1506 mortuus
3180 1457 3281 1518 est,
3321 1465 3352 1506 a
3393 1449 3600 1507 minori
3647 1459 3701 1507 et

2096 1534 2388 1604 corporali.
2450 1536 2818 1609 Interrogavit
2875 1545 3064 1594 autem
3123 1546 3178 1594 et
3224 1538 3512 1596 mulierem
3559 1555 3698 1596 num

2095 1622 2301 1678 credat.
2351 1627 2428 1681 At
2474 1625 2564 1680 illa
2619 1625 2872 1698 quamvis
2917 1627 3038 1684 haec
3079 1627 3400 1698 audivisset,
3451 1636 3699 1686 attamen

2094 1726 2209 1768 non
2234 1712 2503 1770 intellexit
2525 1714 2660 1787 quid
2684 1715 2732 1771 ei
2758 1715 2974 1773 dixerat
3015 1718 3313 1786 Dominus,
3346 1734 3460 1790 pra:
3481 1718 3695 1790 dolore,

2102 1802 2318 1874 Opinor,
2366 1812 2528 1861 extra
2571 1812 2818 1862 mentem
2860 1807 3176 1863 constituta.
3230 1811 3374 1863 Nam
3419 1824 3548 1865 cum
3610 1809 3702 1865 ille

379 1889 502 1949 σίαν
534 1895 778 1950 νοσοῦσα.
813 1887 992 1951 Ἀλλο
1035 1889 1140 1969 γὰρ
1178 1888 1545 1968 ἐρωτήσαντος
1594 1888 1825 1964 ἐκείνου,
1861 1889 1984 1950 ἄλλο

2103 1865 2498 1965 interrogasset
2540 1893 2708 1964 aliud,
2751 1895 2901 1951 aliud
2943 1895 3046 1952 ista
3075 1897 3382 1967 respondit.
3429 1900 3575 1953 Nam
3619 1897 3708 1954 ille

379 1979 521 2051 αὕτη
555 1978 930 2059 ἀποκρίνεται.
1021 1977 1092 2040 ⁸0
1144 1977 1241 2056 μὲν
1270 1979 1374 2060 γὰρ
1418 1977 1606 2058 ἤρετο,
1658 1981 1704 2038 εἰ
1751 1980 1989 2041 πιστεύει

376 2069 460 2128 δτι
500 2069 658 2136 αὐτός
685 2073 827 2130 ἔστιν
863 2097 886 2121 ει
919 2073 951 2142 ἡ
986 2066 1276 2135 ἀνάστασις
1303 2069 1398 2127 καὶ
1444 2072 1479 2140 ἡ
1512 2067 1620 2139 ζωὴ
1642 2113 1659 2146 ,
1711 2096 1734 2122 ιο
1779 2069 1870 2128 καὶ
1908 2071 1988 2131 ὅτι

380 2186 405 2211 ι
449 2161 480 2218 6
511 2156 778 2218 πιστεύων
828 2185 852 2212 ι
887 2159 958 2226 εἰς
1006 2155 1167 2216 αὖτὸν
1197 2185 1220 2210 ι
1271 2159 1329 2216 οὗ
1380 2157 1454 2234 μὴ
1494 2157 1733 2239 ἀποθάνῃ
1788 2161 1859 2227 εἰς
1899 2158 1986 2219 τὸν

377 2249 585 2319 αἰῶνα,
639 2274 668 2301 ιι
719 2247 824 2307 εἴτε
876 2247 963 2308 16v
1011 2247 1237 2328 ψυχικὸν
1285 2247 1496 2327 βούλοιο
1537 2255 1673 2306 νοεῖν
1723 2247 1988 2321 θάνατον,

377 2337 484 2396 εἴτε
532 2337 624 2396 τὸν
672 2339 1003 2412 σωματικόν.
1050 2336 1159 2396 Καὶ
1206 2336 1309 2416 γὰρ
1363 2337 1527 2404 ὄντως
1578 2340 1626 2397 οἱ
1667 2339 1844 2397 πιστοὶ
1901 2338 1987 2397 διὰ

377 2427 474 2500 τὴν
508 2427 701 2486 ἐλπίδα
732 2431 824 2499 τῆς
855 2426 1197 2493 ἀναστάσεως
1246 2425 1364 2486 οὐδὲ
1413 2427 1654 2498 θνήσκειν
1714 2426 1982 2504 λέγονται.

377 2517 444 2577 Ἣ
489 2515 546 2575 δὲ
584 2517 640 2576 τί
682 2517 1066 2598 ἆποκρίνεταις
1117 2545 1140 2570 σι
1187 2515 1335 2595 Ἐγὼ
1374 2516 1739 2592 πεπίστευκα,
1795 2518 1876 2577 ὅτι
1921 2517 1985 2577 σὺ

375 2598 428 2666 εἶ
456 2611 485 2664 ὁ
513 2607 746 2688 Χριστὸς
773 2609 801 2664 6
827 2606 955 2673 Υἱὸς
988 2611 1082 2665 τοῦ
1111 2609 1254 2667 Θεοῦ
1281 2651 1298 2681 ,
1328 2609 1357 2664 6
1388 2609 1459 2674 εἷς
1483 2607 1571 2666 τὸν
1599 2607 1800 2686 κόσμον
1832 2607 1986 2688 ἐρχό-

378 2719 559 2773 μενος·
593 2722 622 2749 :
669 2698 847 2765 καλῶς
900 2697 996 2773 μὲν
1044 2695 1435 2776 μαρτυρήσασα
1488 2696 1580 2754 καὶ
1625 2697 1874 2771 ἀληθῶς,
1926 2700 1984 2758 οὗ

376 2785 484 2862 μὴν
635 2784 892 2864 ἐρωτήσει
937 2784 1282 2858 κατάλληλον
1328 2785 1668 2862 ποιησαμένη
1712 2785 1808 2856 τὴν
1851 2785 1985 2846 ἀπό-

377 2898 572 2954 κρισιν.
661 2872 815 2942 Τέως
865 2873 1046 2952 μέντοι
1094 2873 1357 2955 κερδαίνει
1404 2876 1465 2934 16
1513 2875 1610 2948 τὴν
1645 2875 1985 2956 σφοδρότητα

376 2968 472 3034 τῆς
497 2963 671 3036 λύπης
723 2964 1120 3038 καταστεῖλαι,
1177 2965 1267 3023 καὶ
1314 2967 1555 3023 κωλῦσαι
1584 2963 1646 3022 τὸ
1690 2963 1824 3023 πολὺ
1859 2967 1986 3023 πέν-

379 3058 490 3118 θος·
534 3054 708 3134 λάθρα
762 3053 817 3114 δὲ
847 3053 1145 3132 καλεῐοτήν
1196 3055 1453 3136 ἀδελφὴν,
1507 3053 1710 3136 σφόδρα
1760 3057 1987 3124 συνετῶς

2092 1981 2322 2054 quidem
2371 1983 2771 2056 interrogabat,
2824 2001 2961 2042 num
3009 1985 3200 2042 credat
3247 1985 3402 2058 quod
3457 1985 3572 2059 ipse
3626 1987 3700 2043 sit

2096 2092 2122 2120 α
2156 2073 2486 2129 resurrectio
2537 2081 2590 2129 ct
2627 2072 2754 2144 vita,
2806 2097 2834 2123 ι
2880 2082 2936 2130 et
2985 2074 3136 2147 quod
3184 2099 3210 2124 «ι
3266 2073 3358 2147 qui
3410 2075 3588 2132 credit
3643 2076 3700 2132 in

2094 2160 2299 2233 ipsum,
2329 2178 2446 2219 non
2483 2163 2754 2220 moriatur
2788 2164 2846 2220 in
2889 2173 3188 2234 aeternum,
3222 2188 3247 2214 ιι
3276 2165 3391 2222 sive
3416 2164 3485 2222 de
3513 2181 3704 2239 corpo-

2093 2251 2170 2307 ris
2195 2250 2306 2308 sive
2356 2252 2423 2310 de
2461 2253 2662 2310 animm
2713 2263 2893 2310 morte
2955 2255 3252 2328 intelligas.
3315 2257 3459 2312 Nam
3496 2255 3706 2326 ﬁdeles,

2095 2349 2321 2412 propter
2358 2357 2515 2414 spem
2553 2343 2992 2413 resurrectionis,
3026 2360 3205 2417 neque
3249 2344 3389 2401 mori
3424 2345 3702 2402 dicuntur.

2093 2431 2169 2485 At
2203 2430 2294 2486 illa
2335 2431 2469 2502 quid
2516 2432 2856 2504 respondet?
2900 2452 2928 2484 ι(
2968 2437 3088 2506 Ego
3136 2434 3302 2491 credo
3353 2434 3504 2506 quod
3542 2443 3603 2490 tu
3643 2451 3704 2490 es

2093 2517 2346 2575 Christus
2368 2520 2544 2577 Filius
2572 2521 2699 2588 Dei,
2736 2521 2828 2593 qui
2866 2521 3234 2578 inmundum
3269 2523 3478 2578 venisti.
3501 2545 3527 2573 ι
3557 2525 3708 2580 Bene

2093 2607 2318 2680 quidem
2369 2616 2568 2665 testata
2633 2608 2734 2666 fuit
2771 2618 2826 2666 et
2867 2626 3014 2680 vere,
3079 2611 3176 2668 sed
3227 2626 3338 2667 non
3396 2611 3706 2683 interroga-

2091 2696 2235 2752 tioni
2261 2712 2573 2770 congruum
2610 2697 2847 2756 reddidit
2869 2714 3198 2770 reSponsum
3222 2717 3237 2756 :
3262 2708 3315 2755 et
3338 2707 3472 2756 tunc
3498 2701 3706 2756 lucrata

2093 2795 2177 2843 est
2226 2794 2289 2843 ut
2339 2786 2743 2844 vehementiam
2803 2788 3011 2845 doloris
3066 2789 3376 2862 mitigaret,
3421 2805 3484 2846 ac
3525 2791 3707 2847 luctus

2091 2876 2434 2933 nimietatem
2461 2878 2803 2949 prohiberet.
2830 2879 2985 2936 Clam
3019 2887 3208 2935 autem
3239 2887 3399 2936 vocat
3425 2895 3678 2937 sororem

2093 2965 2252 3022 valde
2289 2967 2588 3039 prudenter
2639 2969 2746 3025 hoc
2787 2966 3016 3038 faciens,
3062 2977 3291 3041 propter
3332 2985 3427 3026 eos
3466 2969 3560 3042 qui
3591 2969 3700 3027 illic

2096 3054 2327 3112 aderant
2375 3057 2618 3113 Judaaos.
2674 3058 2732 3114 Si
2783 3057 2933 3114 enim
2981 3059 3370 3131 cognovissent
3421 3057 3502 3115 illi
3553 3059 3704 3132 quod

375 3148 531 3203 τοῦτο
571 3142 1000 3224 διαπραξαμένη,
1056 3143 1144 3203 διὰ
1173 3141 1292 3210 τοὺς
1347 3147 1517 3203 ἐκεῖσε
1573 3143 1984 3226 παρατυχόντας

2095 3160 2388 3203 occursura
2430 3156 2577 3203 esset
2619 3146 2864 3217 Christo,
2896 3147 3184 3218 abiissent,
3217 3156 3272 3204 et
3321 3148 3588 3205 caruisset
3618 3157 3703 3205 te-

375 3227 694 3298 Ἰουέαίους.
743 3235 807 3293 Εἰ
843 3231 948 3312 γὰρ
1000 3231 1238 3313 ἔγνωσαν
1269 3236 1498 3306 ἐκεῖνοι,
1550 3231 1629 3292 ὅτι
1658 3237 1734 3314 τῷ
1766 3236 1987 3316 Χριστῷ

383 3325 784 3396 συναντήσουσα
829 3323 1074 3397 ἄπεισιν,
1129 3321 1480 3402 ἀνεχώρησαν
1530 3321 1626 3399 ἂν,
1679 3324 1770 3381 καὶ
1825 3323 1989 3393 οὕτως

379 3412 591 3488 ἔμεινεν
624 3411 931 3491 ἀμάρτυρον
962 3411 1024 3471 16
1063 3416 1263 3490 θαῦμα.
1297 3415 1407 3472 Νῦν
1441 3411 1496 3472 δὲ
1536 3410 1850 3489 νομίσαντες
1890 3413 1987 3487 τὴν

379 3503 600 3583 Μαρίαν
654 3503 727 3568 εἰς
803 3502 894 3560 16v
945 3501 1113 3582 τάφον
1167 3505 1236 3566 ὣς
1283 3503 1649 3582 δακρύσουσαν
1700 3501 1986 3583 ἔρχεσθαι,

375 3592 469 3650 καὶ
518 3592 607 3650 διὰ
651 3595 808 3649 τοῦτο
857 3591 1276 3659 συναπελθόντες
1325 3595 1496 3666 αὐτῆ,
1551 3593 1853 3673 ἀναγκαίως
1895 3599 1988 3653 τοῦ

375 3680 648 3756 θαύματος
687 3679 954 3740 αὐτόπται
999 3679 1092 3739 καὶ
1144 3681 1405 3762 μάρτυρες
1446 3682 1716 3762 γεγόνασι.
1773 3685 1896 3749 Πῶς
1932 3682 1990 3743 δὲ

374 3774 409 3843 ἡ
447 3772 648 3850 Μάρθα
678 3769 806 3852 φησὶ
838 3768 970 3850 πρὸς
1009 3770 1106 3841 τὴν
1156 3771 1402 3849 Μαρίαν,
1447 3770 1530 3830 ὅτι
1557 3798 1581 3825 α
1618 3769 1688 3832 Ὀ
1733 3772 1990 3831 διδάσκα-

373 3861 462 3928 λος
495 3869 660 3941 φωνεῖ
711 3883 793 3934 σε,
838 3887 864 3913 ι
904 3859 1079 3919 καίτοι
1123 3865 1214 3920 τοῦ
1259 3862 1634 3939 εὐαγγελιστοῦ
1686 3859 1760 3939 μὴ
1792 3866 1986 3935 ἐπιση-

375 3951 724 4031 μηναμένου,
782 3948 863 4009 ὅτι
914 3949 1184 4030 ἐφώνησεν
1238 3950 1406 4022 αὐτὴν
1459 3953 1487 4009 6
1558 3949 1792 4031 Κύριος;
1859 3950 1988 4011 Εἴτε

374 4029 463 4099 οἷν
513 4039 657 4098 κατὰ
727 4039 789 4098 16
840 4029 1186 4116 σιωπώμενον
1235 4040 1533 4099 ἐνετείλατο
1707 4040 1906 4121 Μάρθα
1958 4045 1985 4102 6

377 4130 574 4208 Κύριος
609 4128 839 4188 καλέσαι
869 4130 969 4202 τὴν
1001 4129 1236 4211 ἀδελφὴν
1255 4175 1270 4202 ,
1298 4128 1333 4201 ἢ
1365 4127 1462 4201 τὴν
1484 4128 1793 4211 ,παρουσίαν
1823 4133 1985 4192 αὐτοῦ

374 4224 467 4278 τοῦ
517 4220 756 4299 Χριστοῦ
787 4219 904 4278 ἀντὶ
952 4222 1127 4300 φωνῆς
1146 4208 1422 4296 ’νομίσασα
1464 4208 1636 4298 εἶναι,
1668 4221 1825 4299 φησὶν
1849 4265 1865 4295 ,
1900 4219 1983 4281 ὅτι

374 4336 398 4361 ε
443 4312 638 4370 Φωνεῖ
666 4331 724 4366 σε
749 4311 776 4366 6
805 4308 1142 4376 διδάσκαλος.
1177 4335 1201 4361 ι
1235 4311 1362 4377 Πῶς
1393 4309 1496 4387 γὰρ
1523 4310 1618 4368 οὐκ
1647 4309 1982 4388 ὀφειλόμενον

373 4390 436 4470 ἦν
464 4447 481 4474 ,
537 4404 628 4458 τοῦ
679 4399 913 4478 Χριστοῦ
962 4398 1255 4479 παρόντος,
1304 4398 1395 4457 καὶ
1435 4397 1601 4472 αὐτὴν
1654 4399 1783 4478 πρὸς
1827 4400 1983 4460 αὐτὸν

376 4489 581 4562 ἐλθεῖνς
613 4489 726 4562 Τὴν
767 4494 890 4567 γοῦν
922 4487 1222 4569 παρουσίαν
1257 4493 1350 4547 τοῦ
1383 4487 1618 4568 Κυρίου,
1649 4491 1980 4550 ἀπαιτοῦσαν

376 4577 689 4654 ἀναγκαίως
735 4579 1046 4650 ἀπαντῆσαι
1089 4578 1260 4658 αὐτῷ,
1312 4578 1542 4660 φώνημα
1573 4577 1717 4657 λέγει
1761 4582 1788 4637 6
1831 4582 1982 4661 εὖαγ-

373 4667 644 4746 γελιστής.
681 4694 708 4723 α
743 4665 813 4728 Ὀ
844 4668 1164 4734 διδάσκαλος
1187 4695 1210 4721 ι
1235 4667 1359 4750 γὰρ,
1391 4666 1520 4748 φησὶ
1541 4713 1557 4742 ,
1598 4668 1856 4748 πάρεστι,
1887 4671 1978 4729 καὶ

2014 4454 2064 4516 D

2096 3235 2273 3292 stibus
2317 3235 2525 3309 insigne
2587 3237 2932 3294 miraculum.
2986 3238 3129 3307 Quia
3179 3245 3366 3294 autem
3421 3238 3702 3295 existima-

2094 3324 2232 3382 bant
2277 3326 2513 3383 Mariam
2558 3325 2629 3383 ad
2671 3327 2986 3398 sepulcrum
3010 3327 3373 3401 lacrymatum
3403 3328 3698 3399 proﬁcisci,

2095 3424 2383 3487 propterea
2435 3416 2600 3472 simul
2627 3415 2882 3473 abierunt
2909 3432 3037 3475 cum
3077 3433 3163 3486 ea,
3192 3417 3552 3491 miraculique
3576 3433 3699 3489 spe-

2093 3512 2333 3561 ctatores
2361 3503 2590 3561 fuerunt
2618 3522 2684 3563 ac
2722 3514 2910 3563 testes.
2945 3507 3239 3578 Quomodo
3269 3515 3457 3564 autem
3485 3507 3700 3564 Martha

2094 3593 2274 3666 inquit
2299 3594 2368 3651 ad
2395 3595 2651 3663 Mariam,
2690 3615 2719 3647 ‹‹
2759 3597 3029 3667 Magister
3063 3605 3226 3652 vocat
3253 3603 3351 3653 te:
3408 3619 3436 3646 ι»
3480 3599 3701 3654 tametsi

2095 3685 2428 3756 evangelista
2464 3700 2580 3740 non
2603 3684 2898 3755 assignarit
2923 3685 3074 3757 quod
3114 3685 3321 3743 vocarit
3346 3700 3473 3742 eam
3500 3687 3699 3742 Domi-

2096 3775 2240 3828 nus?
2269 3776 2394 3828 Hoc
2419 3773 2626 3829 scilicet
2653 3775 2888 3830 latenter
2914 3773 3162 3831 insinuat
3188 3775 3521 3831 mandatum
3551 3778 3700 3832 Mar-

2093 3861 2205 3918 tha:
2249 3877 2282 3918 a
2328 3863 2568 3919 Domino
2616 3870 2681 3917 ut
2733 3871 2892 3920 vocet
2940 3879 3213 3933 sororem,
3263 3864 3348 3919 vel
3398 3864 3699 3922 adventum

2097 3951 2300 4011 Christi
2348 3952 2514 4023 661
2576 3953 2728 4010 vocis
2775 3953 2896 4009 loco
2949 3951 3204 4009 trahebat.
3263 3953 3413 4008 Dicit
3457 3953 3626 4025 igitur
3680 3972 3694 4010 :

2099 4064 2126 4092 ι
2166 4045 2340 4099 Vocat
2356 4049 2412 4098 te
2440 4041 2724 4114 magister.
2761 4065 2787 4092 ν
2820 4041 3118 4112 Quomodo
3145 4041 3294 4100 enim
3314 4042 3534 4100 Christo
3556 4059 3698 4116 prm-

2092 4137 2246 4188 sente
2273 4147 2388 4188 non
2413 4130 2649 4188 debebat
2675 4131 2746 4188 ad
2791 4132 2948 4188 illum
2975 4131 3144 4188 etiam
3175 4131 3265 4189 illa
3309 4133 3534 4191 venire?
3584 4135 3696 4190 Ita-

2093 4235 2202 4294 que
2227 4219 2532 4278 adventum
2561 4222 2800 4292 Domini,
2833 4222 2928 4294 qui
2956 4223 3265 4279 necessario
3295 4223 3443 4280 illam
3475 4223 3702 4295 petebat

2091 4319 2156 4368 ut
2206 4319 2524 4368 occurreret
2578 4311 2650 4380 ei,
2699 4312 3044 4368 vocationem
3097 4311 3233 4369 dicit
3286 4314 3622 4386 evangelista
3682 4332 3698 4371 :

2097 4422 2122 4450 ι
2163 4401 2424 4474 Magister
2470 4400 2642 4471 enim,
2671 4401 2874 4473 inquit,
2907 4400 3064 4457 adest
3089 4409 3147 4458 et
3190 4409 3247 4457 te
3285 4411 3518 4460 vocat.»
3553 4407 3700 4460 Istuc

2093 4491 2275 4562 ipsum
2323 4489 2514 4546 adesse
2561 4506 2661 4562 pro
2708 4506 2843 4548 voce
2897 4489 3105 4548 factum
3150 4497 3234 4546 est
3275 4490 3344 4547 ad
3393 4500 3463 4546 te.
3499 4495 3695 4548 Detre-

2088 4588 2240 4636 ctare
2271 4579 2421 4636 enim
2439 4594 2558 4636 non
2580 4588 2738 4654 potes
2756 4581 2894 4655 quin
2915 4580 3072 4636 illum
3099 4589 3424 4652 praesentem
3458 4589 3514 4638 et
3531 4590 3591 4637 tu
3611 4598 3698 4638 ac-

2089 4669 2268 4726 cedas.

375 4785 400 4812 ι
445 4767 609 4837 φωνεῖ
659 4781 752 4818 σε’
803 4785 827 4811 ι
870 4758 965 4818 καὶ
1013 4756 1196 4829 ἐπειδὴ
1252 4785 1277 4811 α
1322 4757 1579 4839 πάρεστιν
1605 4801 1623 4832 ,
1668 4783 1700 4816 n
1747 4759 1872 4818 αὐτὸ
1919 4769 2071 4822 τοῦτο
2112 4764 2174 4820 τὸ
2200 4759 2449 4839 παρεῖναι
2496 4759 2612 4820 ἀντὶ
2656 4763 2832 4842 φωνῆς
2876 4768 3105 4822 ποιεῖται
3154 4761 3285 4844 πρὸς
3329 4761 3427 4824 σέ·
3467 4762 3700 4844 ἀπαραί-

373 4869 534 4918 τητον
577 4847 684 4929 γὰρ
751 4847 844 4923 16,
897 4847 1098 4908 ἐκείνου
1145 4846 1432 4928 παρόντος,
1484 4849 1556 4914 εἰς
1608 4847 1927 4921 συνάντησιν
1961 4853 2120 4913 αὐτοῦ
2165 4851 2438 4930 προελθεῖν
2480 4849 2570 4910 καὶ
2619 4849 2700 4912 σέ.

464 4965 487 4988 ι
541 4935 760 5011 Ἐκείνη
791 4940 861 5005 ὣς
885 4938 1110 5010 ἤκουσεν
1131 4981 1148 5011 ,
1180 4937 1439 5019 ἐγείρεται
1468 4937 1606 5018 ταχὺ
1631 4983 1648 5011 ,
1675 4939 1768 4998 καὶ
1814 4938 1982 5021 ἔρχε-

375 5051 461 5086 ται
491 5028 623 5107 πρὸς
655 5027 830 5087 αὐτόν.
863 5027 1038 5089 Οὔπω
1077 5027 1133 5087 δὲ
1176 5029 1416 5102 ἐληλύθει
1458 5032 1487 5087 6
1527 5027 1736 5100 Ἰησοῦς
1780 5030 1853 5098 εἷς
1881 5030 1978 5104 τ-λν

373 5117 563 5195 κώμην
587 5163 606 5192 ,
642 5117 763 5176 ἀλλ’
789 5109 854 5200 ἦν
887 5119 943 5177 ἐν
975 5120 1052 5196 τῷ
1082 5117 1228 5198 τόπῳ
1260 5117 1393 5178 ὅπου
1438 5116 1740 5192 ὓπήντησεν
1768 5123 1911 5200 αὐτῷ
1945 5123 1978 5192 ἡ

371 5209 593 5286 Μάρθα.
648 5210 718 5270 Οἱ
767 5197 860 5267 οὖν
891 5207 1140 5269 Ἰουδαῖοι
1170 5197 1218 5267 οῖ
1265 5207 1408 5274 ὄντες
1457 5207 1577 5285 μετ’
1622 5210 1787 5280 αὐτῆς
1815 5197 1978 5291 ἐν’τῇ

368 5298 546 5378 οἰκία,
599 5296 692 5356 καὶ
734 5295 1208 5377 παραμυθούμενοι
1257 5296 1454 5370 αὐτὴν,
1505 5296 1698 5364 ἰδόντες
1727 5297 1824 5371 τὴν
1855 5302 1978 5360 Μα-

371 5387 522 5467 ρίαν,
553 5387 638 5446 ὗτι
686 5386 900 5468 ταχέως
947 5387 1145 5458 ἀνέστη
1188 5387 1279 5447 καὶ
1327 5386 1579 5458 ἐξῆλθεν,
1611 5385 1979 5460 ἠκολούθησαν

369 5480 503 5557 αὐτῇ
526 5523 542 5550 ,
597 5477 879 5557 λέγοντες,
931 5473 1278 5557 ὅτιῘΥπάγει
1320 5478 1391 5544 εἷς
1438 5477 1500 5536 τὸ
1546 5485 1841 5555 μνημεῖον,
1891 5477 1978 5537 ἵνα

365 5555 570 5649 κλαύσῃ
631 5555 770 5629 ἐκεῖ.
864 5564 934 5626 Ἦ
987 5555 1080 5625 οῦν
1125 5565 1314 5646 Μαρία
1360 5569 1431 5633 ὡς
1477 5557 1635 5639 ἦλθεν
1681 5563 1815 5625 ὅπου
1844 5558 1909 5640 ἧν
1951 5571 1980 5626 6

363 5655 595 5735 Ἰησοῦς,
636 5660 838 5719 ἰδοῦσα
873 5654 1034 5714 αὐτὸν
1055 5699 1071 5729 ,
1102 5653 1290 5714 ἔπεσεν
1323 5659 1401 5723 εἷς
1441 5654 1562 5723 τοὺς
1585 5656 1752 5723 πόδας
1781 5657 1939 5718 αὐτοῦ
1959 5701 1977 5732 ,

354 5749 579 5832 λέγουσα
615 5751 796 5829 αὐτῷ’
851 5745 1060 5827 Κύριε,
1091 5747 1138 5805 εἰ
1188 5735 1252 5817 ἧς
1303 5736 1446 5826 ὧδε,
1503 5747 1599 5807 οὐκ
1647 5744 1711 5804 ἂν
1747 5745 1980 5808 ἀπέθανέ

2158 4951 2338 5005 VEBS.
2387 4953 2583 5005 29-32.
2626 4971 2653 4998 σι
2698 4948 2797 5006 llla
2843 4957 2907 5006 ut
2946 4950 3181 5021 audivit,
3230 4950 3408 5024 surgit
3455 4950 3590 5018 cito,
3641 4957 3700 5005 et

2087 5038 2236 5095 venit
2262 5037 2333 5094 ad
2370 5053 2520 5095 eum.
2555 5038 2816 5095 Nondum
2847 5049 3033 5097 autem
3064 5048 3291 5097 venerat
3313 5043 3477 5096 Jesus
3519 5039 3580 5094 in
3600 5053 3694 5093 ca-

2086 5128 2330 5196 stellum,
2357 5127 2454 5185 sed
2498 5136 2617 5184 erat
2643 5127 2699 5184 in
2740 5144 2805 5185 eo
2849 5130 2971 5187 loco
3000 5130 3094 5186 ubi
3123 5137 3438 5187 occurrerat
3465 5127 3513 5184 ei
3544 5130 3696 5182 Mar-

2086 5217 2204 5274 tha.
2234 5216 2413 5273 Judaei
2443 5232 2574 5290 ergo
2599 5217 2691 5290 qui
2719 5228 3032 5276 erantcum
3075 5236 3137 5276 ea
3168 5219 3225 5274 in
3255 5218 3450 5285 domo,
3481 5224 3537 5272 et
3559 5231 3694 5271 con-

2086 5307 2410 5364 solabantur
2438 5322 2585 5379 eam,
2635 5323 2763 5364 cum
2810 5309 3074 5366 vidissent
3120 5308 3351 5364 Mariam
3394 5306 3545 5379 quod
3585 5306 3695 5362 cito

2087 5396 2432 5464 surrexisset,
2478 5397 2654 5455 secuti
2697 5406 2826 5454 sunt
2867 5415 3012 5464 eam,
3053 5398 3295 5454 dicentes
3345 5417 3358 5453 :
3410 5395 3574 5453 Vadit
3625 5395 3695 5452 ad

2089 5495 2537 5556 monumentum,
2566 5495 2630 5543 ut
2656 5488 2835 5565 ploret
2863 5488 2958 5544 ibi.
2996 5488 3167 5543 Maria
3192 5502 3323 5559 ergo
3351 5503 3480 5543 cum
3509 5486 3692 5543 venis-

2088 5585 2170 5633 set
2198 5594 2263 5634 eo
2293 5577 2388 5633 ubi
2419 5585 2539 5633 erat
2564 5579 2748 5646 Jesus,
2781 5577 2972 5634 videns
2996 5592 3146 5645 eum,
3177 5576 3380 5634 accidit
3407 5577 3476 5634 ad
3524 5576 3694 5648 pedes

2085 5667 2228 5739 ejus,
2258 5675 2313 5723 et
2353 5667 2486 5724 dicit
2511 5666 2564 5722 ei
2598 5685 2610 5722 :
2638 5666 2898 5734 Domine,
2932 5667 2976 5723 si
3018 5666 3210 5724 fuisses
3255 5666 3366 5738 hic,
3411 5683 3524 5724 non
3551 5674 3696 5722 esset

2086 5764 2338 5815 mortuus
2359 5755 2529 5814 frater
2554 5771 2736 5814 meus.
2772 5779 2800 5806 σι
2829 5759 2969 5815 Cum
3000 5759 3243 5831 primum
3270 5757 3478 5815 audivit
3503 5755 3693 5812 adesse
