4198 6452
527 385 597 439 99
1554 380 2069 436 THEOPHYLACTI
2104 378 2463 435 BULGARIIE
2501 380 2813 437 ARCHIEP.

3736 380 3839 435 100

523 507 736 574 Jesum,
768 522 885 562 non
930 505 1114 577 segnis
1142 503 1251 561 fuit
1296 503 1489 572 Maria,
1535 504 1633 561 sed
1681 528 1707 553 α
1758 505 1950 578 surgit,
1983 513 2038 561 et
2058 504 2125 561 ad

2240 528 2340 582 μου
2385 510 2413 566 6
2465 506 2706 586 ἀδελφός.
2745 533 2770 558 ιν
2802 503 2951 582 Ἅμα
3002 507 3079 586 τῷ
3129 505 3358 565 ἀκοῦσαι
3391 503 3470 564 ὅτι
3507 503 3764 583 πάρεστιν
3811 507 3842 563 6

521 611 652 653 eum
682 596 846 652 venit.
880 619 905 646 ιο
937 595 1105 652 Unde
1136 594 1497 651 manifestum
1522 595 1669 668 quod
1696 612 1807 651 non
1838 596 2129 667 praevenis-

521 695 604 742 set
649 685 819 751 illam.
847 685 1088 753 Martha,
1139 700 1316 757 neque
1348 684 1518 756 prius,
1567 685 1614 742 si
1663 685 1887 758 quidem
1936 694 2128 742 nosset

519 775 624 832 ista
652 777 844 831 Jesum
873 783 1190 830 venturum.
1221 798 1248 825 ι
1279 774 1542 831 Nondum
1570 783 1756 831 autem
1783 777 1942 832 Jesus
1963 791 2127 831 vene-

520 872 608 920 rat
652 864 708 920 iu
751 865 1051 920 castellum.
1098 863 1332 921 Tardius
1379 865 1530 921 enim
1571 865 1703 933 ibat,
1733 880 1804 920 ne
1849 865 2128 921 videretur

522 954 592 1010 ad
622 954 950 1010 miraculum
983 970 1300 1026 properare,
1334 953 1432 1010 sed
1461 955 1714 1026 precibus
1740 955 1957 1010 illarum
2002 970 2129 1011 exo-

522 1051 672 1100 ratus
721 1043 826 1100 hoc
870 1043 1070 1100 facere.
1117 1047 1184 1101 Et
1226 1043 1671 1117 quandoquidem
1717 1060 1980 1117 magnum
2011 1052 2129 1100 erat

518 1131 768 1189 futurum
796 1134 1149 1204 miraculum,
1180 1140 1236 1190 et
1262 1134 1420 1206 quale
1449 1135 1627 1190 rarius
1663 1132 1818 1204 fecit,
1865 1143 2128 1206 erantque

522 1224 688 1279 multi
728 1223 1047 1295 acquirendi
1091 1240 1191 1295 per
1219 1224 1374 1292 illud,
1421 1233 1647 1296 propter
1687 1223 1794 1279 hoc
1839 1223 2127 1294 dispensat

521 1319 584 1367 ut
626 1313 789 1368 multi
821 1313 959 1368 ﬁant
990 1313 1243 1369 miraculi
1283 1321 1468 1370 testes.
1500 1313 1653 1370 Dicit
1692 1314 1844 1369 enim
1889 1329 2122 1386 evange-

519 1400 643 1458 lista
671 1403 822 1475 quod
869 1425 895 1452 α
944 1403 1128 1460 Judaei
1169 1403 1266 1475 qui
1320 1411 1482 1460 erant
1523 1419 1654 1459 cum
1688 1403 1780 1460 illa
1827 1403 1883 1458 in
1931 1404 2122 1474 domo,

518 1492 696 1548 secuti
721 1492 830 1548 sint
857 1493 1026 1548 illam.
1054 1516 1080 1542 ιν
1105 1493 1275 1548 Maria
1298 1501 1485 1549 autem
1511 1493 1705 1564 majori
1728 1492 1939 1549 fervore
1958 1509 2124 1565 quam

517 1595 677 1638 soror
707 1597 807 1638 sua
835 1583 1053 1638 Martha
1082 1583 1314 1639 accessit
1335 1583 1404 1639 ad
1433 1583 1732 1639 Christum.
1768 1605 1793 1630 σι
1817 1582 1947 1638 Viso
1978 1583 2124 1638 enim

518 1669 631 1738 illo,
678 1671 880 1743 inquit,
913 1673 1148 1744 procidit
1193 1673 1263 1730 ad
1295 1672 1461 1744 pedes
1490 1673 1632 1744 ejus,
1665 1694 1692 1721 ι
1742 1688 1856 1728 non
1890 1673 2123 1729 reverita

517 1760 761 1830 turbam,
794 1776 974 1832 neque
1011 1762 1283 1834 suspicata
1327 1761 1518 1820 adesse
1559 1761 1860 1818 nonnullos
1907 1762 1999 1834 qui
2029 1761 2128 1817 ini-

518 1848 662 1905 mico
720 1866 847 1923 erga
902 1850 1185 1908 Christum
1260 1859 1445 1908 essent
1510 1851 1713 1908 animo.
1768 1851 1859 1908 Ad
1914 1851 2128 1906 nullum

513 1945 699 1995 autem
743 1939 1038 1997 hominum
1115 1941 1446 2014 respiciebat
1501 1949 1771 2012 praesente
1837 1940 2125 2014 magistro,

517 2027 686 2101 idque
729 2045 903 2086 unum
950 2031 1202 2100 curabat,
1245 2039 1310 2087 ut
1337 2031 1417 2085 illi
1461 2045 1746 2087 summum
1789 2029 2159 2102 impenderet-

516 2116 812 2174 honorem.
842 2119 992 2174 Dicit
1010 2119 1161 2175 enim
1187 2137 1202 2175 :
1235 2143 1260 2168 ι
1289 2120 1552 2186 Domine,
1578 2120 1624 2176 si
1656 2117 1854 2176 fuisses
1882 2119 1988 2186 hic,
2017 2135 2130 2175 non

518 2204 710 2264 fuisset
737 2215 996 2264 mortuus
1046 2208 1216 2264 frater
1245 2224 1424 2265 meus.
1460 2231 1485 2258 ν
1537 2208 1756 2264 Martha
1784 2217 1970 2264 autem
1997 2208 2126 2264 nihil

523 2297 630 2352 tale
665 2295 815 2364 fecit,
845 2313 1027 2370 neque
1075 2297 1225 2354 enim
1273 2297 1532 2370 procidit,
1575 2296 1671 2354 sed
1705 2298 1882 2370 magis
1906 2298 2127 2354 Christo

520 2387 874 2457 promittente
901 2386 947 2442 ei
969 2387 1037 2443 de
1070 2386 1240 2444 fratre
1267 2388 1517 2456 meliora,
1549 2388 1802 2460 apparuit
1825 2388 2124 2444 incredula.

515 2477 762 2531 Tametsi
799 2485 854 2532 et
883 2477 998 2548 ipsa
1027 2478 1194 2533 Maria
1242 2477 1421 2534 adhuc
1473 2475 1796 2549 imperfecta
1851 2477 2124 2546 videatur,

513 2563 650 2622 dum
689 2565 840 2633 dicit,
893 2588 919 2615 α
961 2565 1018 2622 Si
1058 2565 1254 2623 fuisses
1304 2566 1414 2634 hic,
1462 2583 1577 2622 non
1627 2565 1824 2623 fuisset
1871 2575 2127 2624 mortuus

513 2654 684 2711 frater
722 2671 900 2724 meus,
931 2680 956 2705 υ
991 2664 1233 2714 attamen
1262 2657 1512 2714 Christus
1547 2655 1619 2713 ad
1667 2656 1811 2713 hanc
1853 2673 1965 2714 non
1992 2657 2127 2714 dicit

515 2745 668 2816 quod
695 2745 766 2802 ad
791 2761 1044 2802 sororem
1069 2746 1208 2819 ejus,
1231 2763 1296 2803 eo
1327 2745 1478 2818 quod
1508 2747 1682 2802 multa
1723 2746 1884 2803 turba
1911 2747 2123 2816 aderat,

515 2843 572 2890 et
599 2851 711 2890 non
753 2845 872 2892 erat
917 2844 1132 2908 tempus
1160 2837 1442 2909 ejusmodi
1482 2837 1806 2907 verborum,
1836 2837 1933 2894 sed
1960 2853 2020 2894 se
2048 2839 2124 2895 illi

515 2932 848 2996 attemperat
881 2933 940 2981 et
964 2924 1210 2981 denudat
1239 2925 1540 2982 humanam
1564 2941 1724 2983 suam
1752 2935 2031 2992 naturam,
2069 2935 2126 2984 et

513 3013 776 3071 humanae
813 3023 1026 3072 natura
1079 3016 1470 3089 proprietatem
1512 3015 1734 3074 indicat.
1784 3017 1932 3074 Audi
1973 3017 2123 3075 enim

512 3103 645 3176 quid
672 3104 821 3161 dicat
844 3105 1198 3178 evangelista.

2156 1821 2203 1882 B

2235 595 2473 668 Ἰησοῦς,
2506 598 2563 654 οὖ
2603 594 2849 675 βραδύνει
2881 599 2912 666 ἡ
2948 594 3135 674 Μαρία
3156 639 3173 669 ,
3213 593 3337 653 ἀλλ’
3369 617 3398 654 σι
3435 593 3716 674 ἐγείρεται,
3749 592 3844 652 καὶ

2315 685 2327 704 \
2447 686 2463 707 3
2510 685 2521 704 κ
2600 684 2624 708 ν
2950 683 2975 707 σ
3181 688 3212 702 ~
3398 689 3414 708 ρ
3524 685 3541 705 9
3619 683 3642 704 ιι

2236 709 2364 766 προς
2405 709 2562 744 αυτον
2594 709 2831 764 ερχετάι.
2876 712 2901 738 υ
2979 690 3115 744 Οθεν
3149 686 3343 758 δηλον,
3387 711 3457 752 ως
3487 707 3586 742 ουκ
3617 709 3681 743 αν
3709 707 3842 763 προ-

2237 774 2425 833 έλαϐεν
2457 774 2622 845 αὐτὴν
2670 779 2704 846 ἡ
2759 777 2954 856 Μάρθα
2993 773 3110 834 οὐδὲ
3149 774 3434 855 πρότερον,
3491 773 3642 853 εἴπερ
3703 773 3842 850 ἔγνω

2238 862 2374 937 αὕτη
2418 863 2508 922 τὸν
2570 866 2785 936 Ἰησοῦν
2835 864 3150 944 ἐρχόμενον.
3214 891 3241 918 ιι
3298 862 3472 923 Οὔπω
3524 863 3580 922 δὲ
3631 863 3844 934 Ἰησοῦς

2237 953 2477 1022 ἐληλύθει
2526 955 2598 1021 εἷς
2645 953 2740 1024 τὴν
2786 955 2996 1030 κώμην.
3040 978 3071 1011 )›
3121 953 3518 1034 Σχολαιότερον
3550 950 3655 1032 γὰρ
3707 952 3836 1012 ἐϐά-

2239 1044 2406 1118 διζεν,
2451 1043 2536 1100 ἵνα
2569 1042 2644 1120 μὴ
2678 1042 2798 1124 δόξῃ
2849 1045 3034 1104 ἑαυτὸν
3083 1044 3412 1124 ἐπιρῥίπτειν
3441 1046 3519 1123 τῷ
3564 1043 3840 1121 θαύματι,

2238 1134 2356 1189 ἀλλ’
2413 1136 2482 1199 ὡς
2542 1131 2847 1209 ἀξιούμενος
2895 1133 3023 1212 παρ’
3060 1133 3298 1205 ἐκείνων,
3352 1137 3508 1191 τοῦτο
3553 1131 3844 1204 πεποιηκέ-

2237 1244 2346 1304 ναι.
2376 1221 2488 1282 Καὶ
2521 1223 2809 1304 ἐπειδήπερ
2855 1222 2915 1281 τὸ
2963 1221 3158 1300 μέλλον
3183 1221 3427 1301 γενέσθαι
3475 1226 3654 1300 θαῦμα
3703 1221 3842 1299 μέγα

2236 1301 2300 1383 ἦν
2326 1360 2339 1384 ,
2375 1311 2468 1370 καὶ
2497 1301 2604 1371 οἶον
2634 1301 2872 1390 ὀλιγάκις
2921 1312 3218 1390 πεποίηκε,
3251 1311 3344 1371 καὶ
3392 1312 3612 1390 ἔμελλον
3654 1310 3843 1370 πολλοὶ

2237 1401 2528 1482 κερδαίνειν
2579 1404 2645 1460 δι’
2699 1403 2897 1481 αὐτοῦ,
2953 1401 3040 1461 διὰ
3091 1410 3244 1463 τοῦτο
3301 1404 3569 1478 οἰκονομεῖ
3614 1400 3840 1470 πολλοὺς

2235 1490 2482 1570 γενέσθαι
2512 1496 2604 1550 τοῦ
2631 1490 2903 1567 θαύματος
2937 1492 3230 1572 μάρτυρας.
3266 1491 3419 1563 Φησὶ
3464 1489 3569 1570 γὰρ
3617 1493 3645 1548 6
3677 1492 3845 1568 εὖαγιο

2234 1579 2513 1658 γελιστής,
2539 1582 2619 1639 ὅτι
2653 1604 2680 1638 ‹(
2712 1583 2780 1642 Οἱ
2811 1581 3058 1641 Ἰουδαῖοι
3099 1584 3147 1641 οἱ
3178 1581 3324 1648 ὄντες
3357 1583 3411 1639 ἐν
3454 1584 3531 1662 τῷ
3561 1579 3690 1659 οἴκῳ
3721 1580 3842 1657 μετ’

2237 1673 2439 1744 αὐτῆς,
2475 1671 2858 1742 ἠκολούθησαν
2899 1672 3056 1749 αὐτῇ.
3111 1693 3140 1728 »
3177 1670 3514 1752 Θερμότερον
3563 1668 3620 1728 δὲ
3651 1675 3684 1742 ἡ
3712 1673 3842 1730 Μα-

2239 1759 2325 1840 ρία
2353 1760 2500 1839 παρὰ
2531 1759 2627 1832 τὴν
2661 1759 2892 1842 ἀδελφὴν
2929 1761 3158 1840 Μάρθαν
3189 1763 3459 1836 προσῆλθε
3491 1762 3566 1839 τῷ
3596 1759 3839 1840 Χριστῷ.

2243 1871 2272 1906 α
2322 1849 2538 1910 Ἰδοῦσα
2568 1848 2671 1929 γὰρ
2708 1851 2868 1909 αὐτὸν
2888 1896 2902 1922 ,
2936 1846 3130 1930 φησὶν,
3163 1851 3350 1910 ἔπεσεν
3377 1852 3540 1908 αὐτοῦ
3573 1849 3700 1930 πρὸς
3726 1849 3844 1917 τοὺς

2233 1941 2430 2006 πόδας·
2498 1963 2525 1997 »
2577 1942 2671 1999 οὐχ
2707 1941 3012 1999 αἰδεσθεῖσα
3049 1939 3137 1999 τὸν
3187 1940 3376 2020 ὄχλον,
3422 1940 3522 2021 οὐχ
3576 1939 3842 1998 ὑποπτεύ-

2233 2053 2397 2102 σασα,
2427 2029 2595 2102 ὅλως,
2627 2028 2742 2102 ὅτι,
2774 2031 2910 2098 εἰκὸς
2954 2022 3090 2089 εἶναί
3134 2053 3282 2097 τινας
3328 2031 3439 2088 ἐκεῖ
3480 2032 3724 2108 ἀπεχθῶς
3765 2032 3844 2108 τῷ

2233 2121 2456 2198 Χριστῷ
2533 2118 2781 2199 ἔχοντας·
2853 2119 3032 2179 πάντα
3103 2117 3161 2179 δὲ
3240 2118 3568 2198 ἀνθρώπινον
3643 2119 3842 2178 σκοπὸν

2232 2208 2568 2283 ἐκϐαλοῦσα,
2615 2208 2873 2289 παρόντος
2926 2215 3016 2269 τοῦ
3066 2209 3420 2283 διδασκάλου,
3471 2207 3564 2268 καὶ
3615 2208 3844 2286 ἔμμονος

2230 2297 2486 2376 γενομένη
2519 2302 2614 2370 τῆς
2658 2301 2730 2365 εἷς
2763 2297 2921 2356 αὐτὸν
2955 2304 3148 2374 τιμῆς,
3197 2298 3359 2379 φησί’
3397 2321 3424 2354 σ
3466 2298 3668 2377 Κύριε,
3702 2301 3748 2356 εἰ
3775 2289 3844 2371 ἧς

2231 2381 2371 2466 ὧδε,
2404 2389 2501 2446 οὐκ
2535 2386 2598 2446 ἂν
2633 2388 2867 2448 ἀπέθανέ
2899 2413 3000 2466 μου
3031 2393 3059 2448 6
3098 2389 3340 2469 ἀδελφός.
3372 2409 3400 2446 ›)
3450 2387 3520 2447 Ἦ
3552 2388 3608 2447 δὲ
3640 2389 3842 2468 Μάρθα

2233 2477 2378 2537 οὐδὲν
2428 2481 2664 2537 τοιοῦτον
2715 2487 2886 2538 ποιεῖ·
2940 2477 3063 2537 οὔτε
3116 2477 3218 2558 γὰρ
3284 2477 3649 2557 προσπίπτει,
3701 2477 3842 2538 ἀλλὰ

2233 2569 2436 2644 μᾶλλον
2486 2571 2563 2650 τῷ
2614 2569 2835 2647 Χριστῷ
2896 2568 3304 2649 ὑπισχνουμένῳ
3357 2569 3492 2648 αὐτῇ
3558 2567 3682 2648 περὶ
3748 2572 3840 2627 τοῦ

2232 2661 2461 2739 ἀδελφοῦ
2513 2657 2580 2716 τὰ
2624 2659 2962 2740 χρηστότερα
2993 2657 3235 2739 φαίνεται
3279 2662 3604 2720 ἀπιστοῦσα.
3643 2656 3758 2718 Κᾶν
3806 2661 3842 2730 ἡ

2229 2748 2414 2828 Μαρία
2447 2747 2502 2807 δὲ
2535 2749 2738 2829 ἀτελῶς
2765 2748 2856 2806 καὶ
2912 2747 3047 2822 αὕτη
3082 2747 3328 2829 φαίνεται
3369 2746 3570 2827 ἔχουσα
3607 2745 3696 2807 διὰ
3742 2751 3841 2806 τοῦ

2229 2839 2424 2912 εἰπεῖν,
2453 2861 2484 2894 ιι
2517 2839 2587 2898 Εἰ
2611 2828 2672 2909 ἧς
2701 2828 2802 2896 ὧδε
2821 2883 2836 2912 ,
2865 2839 2960 2897 οὐκ
2990 2838 3051 2897 ἂν
3075 2837 3304 2898 ἀπέθανέ
3339 2861 3442 2914 μου
3472 2841 3500 2895 6
3526 2836 3767 2918 ἀδελφὸς,
3809 2860 3838 2894 ››

2228 2927 2371 3004 ὅμως
2402 2927 2550 2987 οὐδὲν
2588 2927 2717 3008 πρὸς
2746 2927 2947 3002 ταύτην
2979 2931 3006 2986 6
3055 2927 3288 3007 Χριστὸς
3338 2926 3520 3006 λέγει,
3565 2918 3672 2987 οἷον
3713 2928 3849 3006 πρὸς

2226 3017 2321 3092 τήν
2354 3015 2585 3100 ἀδελφὴν
2612 3020 2773 3091 αὐτῆς
2793 3061 2808 3090 ,
2843 3017 2933 3078 διὰ
2963 3017 3023 3076 τὸ
3053 3017 3217 3078 πολὺν
3251 3020 3508 3096 παρεῖναι
3539 3016 3718 3096 ὄχλον,
3748 3017 3846 3075 καὶ

2228 3108 2306 3188 μὴ
2352 3098 2505 3166 εἶναι
2531 3107 2715 3188 καιρὸν
2757 3111 2862 3167 τῶν
2907 3107 3162 3168 τοιούτων
3220 3109 3501 3189 ῥημάτων.
3554 3109 3844 3185 Συγκατα-

516 3193 688 3287 ϐαίνει
742 3194 798 3255 δὲ
857 3198 1091 3274 μᾶλλον,
1144 3195 1240 3287 καὶ,
1277 3198 1571 3277 ἀπογυμνοί
1635 3195 1731 3270 τὴν
1781 3197 2113 3279 ἀνθρωπίνην
2144 3202 2332 3287 φύσιν,
2365 3199 2458 3259 καὶ
2499 3197 2568 3258 τὰ
2621 3197 2818 3270 ταύτης
2865 3199 3036 3258 οἰκεῖα
3086 3195 3422 3257 ἐνδείκνυται.
3507 3195 3693 3258 Ἄκουε
3736 3195 3847 3277 γὰρ

514 3284 568 3343 τί
609 3308 769 3366 φησιν
817 3289 846 3345 6
890 3286 1287 3366 εὖαγγελιστής.

585 3387 769 3443 Vnus.
815 3390 1008 3442 33-37.
1063 3408 1090 3435 ιι
1129 3389 1291 3442 Jesus
1318 3402 1446 3458 ergo
1485 3394 1547 3444 ut
1574 3386 1710 3443 vidit
1746 3403 1867 3444 eam
1897 3388 2115 3461 ploran-
2157 3386 2202 3451 C

515 3480 654 3543 tem,
683 3482 735 3530 et
761 3475 984 3532 Judzeos
1008 3475 1104 3549 qui
1141 3485 1409 3532 venerant
1451 3493 1578 3532 cum
1608 3493 1670 3534 ea
1699 3478 2000 3550 plorantes,
2043 3481 2125 3536 iu-

513 3562 742 3620 fremuit
787 3565 1003 3637 spiritu,
1053 3574 1108 3622 et
1151 3565 1395 3622 turbavit
1419 3567 1680 3639 seipsum,
1719 3576 1774 3624 et
1797 3567 1941 3625 dixit
1973 3589 1984 3624 :
2012 3571 2124 3628 Ubi

512 3653 775 3726 posuistis
821 3660 986 3713 eum?
1034 3655 1239 3713 Dicunt
1275 3657 1326 3713 ei
1372 3679 1384 3714 ε
1427 3659 1695 3728 Domine,
1740 3660 1864 3715 veni
1891 3667 1950 3716 et
1977 3660 2122 3717 vide.

512 3744 874 3816 Lacrymatus
912 3753 1000 3801 est
1025 3747 1200 3802 Jesus.
1243 3747 1515 3803 Dixerunt
1557 3763 1685 3821 ergo
1713 3747 1890 3806 Judwi
1933 3768 1946 3805 :
1982 3753 2123 3806 Ecce

510 3835 792 3906 quomodo
848 3835 1018 3907 662
1058 3837 1279 3894 amabat
1321 3854 1469 3895 eum.
1525 3839 1759 3908 Quidam
1818 3847 2004 3896 autem
2055 3857 2122 3896 ex

509 3923 645 3996 ipsis
675 3925 932 3982 dixerunt
966 3947 980 3982 :
1014 3929 1142 3984 Non
1183 3936 1405 4000 poterat
1431 3927 1523 3984 hic
1550 3927 1642 4000 qui
1675 3930 1890 4001 aperuit
1928 3929 2124 3986 oculos

510 4015 665 4083 caeci,
698 4013 881 4071 facere
920 4023 984 4070 ut
1023 4015 1110 4070 hic
1135 4033 1246 4072 non
1284 4021 1633 4072 moreretur?
1682 4040 1708 4065 «ι
1735 4018 1824 4072 Ad
1855 4018 2124 4089 lacrymas

509 4103 740 4175 quidem
768 4111 968 4159 natura
996 4112 1151 4159 mota
1181 4111 1284 4171 est,
1307 4113 1363 4160 et
1390 4104 1714 4160 turbabatur
1746 4113 1969 4176 propter
1998 4110 2123 4162 Ma-

509 4190 652 4247 riam
673 4191 902 4246 ﬂentem
929 4200 985 4247 et
1018 4191 1196 4262 ipsam
1233 4201 1290 4248 et
1313 4208 1410 4249 eos
1439 4192 1535 4264 qui
1563 4193 1813 4250 aderant.
1850 4194 2125 4252 Dominus

511 4279 762 4337 infremit
801 4281 860 4336 in
906 4280 1265 4338 affectionem
1316 4281 1537 4355 spiritu,
1585 4282 1691 4339 hoc
1742 4292 1844 4353 est,
1876 4283 2125 4358 increpat

513 4386 610 4443 per
639 4370 901 4442 spiritum
943 4370 1355 4442 confusionem,
1395 4380 1452 4429 et
1496 4371 1720 4430 cohibet
1746 4373 1921 4444 illam,
1961 4383 2018 4431 et
2045 4375 2125 4432 sic

512 4468 696 4533 rogat,
727 4469 789 4516 ut
828 4477 939 4517 non
969 4477 1100 4518 cum
1139 4463 1352 4519 ululatu
1395 4471 1540 4520 esset
1567 4464 1944 4537 interrogatio.
1976 4465 2122 4538 Quia

510 4551 661 4607 enim
691 4551 1048 4608 contristatus
1070 4550 1178 4608 fuit
1205 4553 1394 4624 [homo
1421 4554 1570 4610 enim
1595 4562 1714 4610 erat
1739 4557 1889 4625 vere]
1917 4563 1979 4612 ut
2006 4571 2123 4612 cre-

517 4640 698 4697 dibilis
726 4649 869 4697 esset
912 4642 1156 4698 humana
1185 4651 1403 4713 natura,
1448 4643 1699 4717 permisit
1728 4644 1808 4700 illi
1833 4645 2118 4717 proprium

512 4731 749 4802 operari,
795 4738 851 4786 et
877 4747 1067 4804 aspere
1102 4740 1304 4790 tractat
1327 4749 1579 4801 carnem,
1611 4735 1968 4807 increpatque
1993 4751 2119 4792 eam

509 4820 743 4891 Spiritus
784 4822 962 4877 sancti
1009 4822 1230 4879 virtute.
1262 4827 1464 4895 Itaque
1503 4840 1629 4880 caro
1665 4841 1779 4880 non
1823 4824 2002 4882 ferens
2030 4826 2113 4881 in-

510 4910 916 4982 crepationem,
966 4911 1220 4968 turbatur
1266 4921 1323 4970 et
1357 4913 1565 4983 fremit,
1617 4922 1672 4969 et
1710 4930 1839 4971 cum
1876 4931 2117 4972 mmrore

512 5009 739 5074 pugnat.
766 5003 904 5057 Haec
930 5010 1120 5058 autem
1147 5003 1332 5060 omnia
1382 5004 1662 5060 Dominus
1706 5013 1958 5061 naturam
2001 5005 2118 5078 pati

511 5090 806 5161 permittit,
834 5100 897 5147 ut
917 5091 1210 5148 confirmet
1239 5094 1388 5166 quod
1414 5109 1539 5149 vere
1567 5103 1622 5150 et
1647 5110 1758 5150 non
1787 5105 2118 5167 apparenter

510 5187 730 5237 tantum
778 5181 852 5238 sit
877 5181 1068 5252 homo,
1117 5191 1173 5238 et
1201 5191 1263 5239 ut
1299 5183 1498 5240 doceat
1538 5200 1639 5240 nos
1675 5193 1731 5240 et
1755 5186 2025 5242 terminos
2059 5195 2117 5243 et

512 5270 746 5328 modum
795 5272 1042 5329 tristitiae
1093 5288 1300 5344 ponere
1347 5273 1572 5346 ejusque
1623 5276 1924 5332 contrario.
1972 5277 2119 5332 Nam

513 5358 718 5431 absque
765 5363 1146 5435 compassione
1207 5371 1261 5419 et
1303 5364 1560 5437 lacrymis
1609 5381 1750 5434 esse,
1811 5365 2118 5423 bestiarum

512 5456 597 5503 est
635 5467 648 5503 :
695 5453 938 5509 multum
985 5463 1173 5510 autem
1215 5453 1523 5527 lacrymari,
1566 5455 1781 5526 plorare
1806 5464 1863 5511 et
1910 5455 2118 5512 contri-

510 5536 671 5606 stari,
716 5541 1034 5599 mulierum.
1086 5545 1263 5617 Igitur
1299 5561 1428 5602 cum
1458 5553 1663 5604 nostra:
1690 5545 1874 5602 carnis
1906 5554 1962 5602 et
1997 5561 2121 5601 san-

511 5625 696 5698 guinis
729 5631 1002 5704 particeps
1033 5637 1500 5710 esset,‘particeps
1536 5651 1761 5709 quoque
1790 5633 1898 5692 fuit
1921 5634 2119 5691 huma-

507 5731 707 5776 narum
746 5727 804 5778 et
842 5721 1176 5781 naturalium
1221 5724 1613 5795 affectionum,
1652 5735 1710 5784 et
1739 5725 1972 5784 istarum
2001 5740 2122 5783 mo-

2318 3407 2345 3435 α
2392 3378 2600 3452 Ἰησοῦς
2641 3366 2731 3437 οῦν
2765 3378 2835 3445 ὣς
2865 3365 2999 3436 εἶδεν
3046 3374 3212 3449 αὖτὴν
3244 3373 3565 3450 κλαίουσαν,
3597 3375 3691 3434 καὶ
3717 3374 3848 3447 τοὺς

2234 3469 2583 3535 συνελθόντας
2649 3468 2786 3548 αὐτῇ
2840 3465 3127 3534 Ἰουδαίους
3195 3466 3506 3539 κλαίοντας,
3556 3464 3849 3547 ἐνεϐριμή-

2233 3585 2365 3621 σατο
2404 3562 2481 3640 τῷ
2523 3547 2821 3636 πνεύματι,
2872 3556 2965 3617 καὶ
3010 3555 3256 3637 ἐτάραξεν
3301 3555 3520 3629 ἑαυτὸν,
3556 3555 3652 3614 καὶ
3706 3547 3845 3618 εἷπε

2231 3655 2350 3714 Ποῦ
2385 3648 2650 3710 τεθείκατε
2681 3647 2873 3723 ain-6v;
2923 3646 3181 3726 Λέγουσιν
3213 3649 3387 3727 αὐτῷ’
3435 3645 3633 3727 Κύριε,
3680 3645 3845 3726 ἔρχου

2235 3742 2328 3802 καὶ
2361 3741 2462 3800 ἴδε.
2492 3739 2826 3820 Ἐδάκρυσεν
2878 3741 2908 3798 6
2935 3736 3170 3811 Ἰησοῦς.
3214 3725 3438 3815 Ἔλεγον
3471 3725 3561 3796 οῦν
3606 3737 3655 3794 οἱ
3700 3725 3848 3797 Ἰου-

2231 3833 2395 3892 δαῖον
2440 3829 2550 3892 Ἴδε
2604 3833 2720 3899 πῶς
2774 3829 2959 3912 ἐφίλει,
2995 3827 3174 3887 αὐτόν.
3231 3827 3389 3895 Τινὲς
3450 3826 3504 3886 δὲ
3665 3828 3844 3887 αὐτῶν

2233 3913 2405 3982 εἶπονο
2465 3924 2583 3981 Οὐκ
2620 3909 2856 3992 ἠδύνατο
2899 3909 3084 3990 οὗτος,
3136 3919 3165 3974 6
3193 3917 3446 3997 [ἀνοίξας
3476 3915 3595 3984 τοὺς
3641 3917 3845 3997 ὀφθαλ-

2233 4011 2363 4091 μοὺς
2401 4015 2493 4071 τοῦ
2541 4010 2776 4089 τυφλοῦ,
2822 4010 3078 4080 ποιῆσαι,
3112 3995 3207 4065 ἵνα
3250 4007 3343 4066 καὶ
3390 3995 3538 4073 οὗτος
3589 3995 3846 4084 μὴίάπο-

2232 4099 2362 4180 θάνῃ
2383 4123 2400 4172 ;
2441 4124 2472 4158 »
2506 4100 2600 4166 Εἷς
2643 4097 2850 4176 δάκρυα
2895 4097 2992 4176 μὲν
3023 4101 3057 4169 ἡ
3090 4095 3243 4179 φύσις
3287 4099 3548 4175 ἐκινεῖτο,
3579 4095 3672 4155 καὶ
3718 4119 3846 4155 συν-

2232 4198 2408 4270 εχεῖτο
2438 4189 2526 4248 διὰ
2552 4186 2649 4262 τὴν
2679 4186 2900 4268 Μαρίαν
2925 4185 3220 4246 κλαίουσαν
3251 4187 3345 4246 καὶ
3378 4185 3569 4264 αὐτὴν,
3599 4184 3692 4244 καὶ
3720 4184 3845 4255 τοὺς

2233 4279 2596 4345 συνελθόντας.
2687 4277 2757 4338 Ὅ
2797 4277 2852 4338 δὲ
2887 4276 3080 4357 Κύριος
3104 4276 3441 4357 ἐμϐριμᾶται
3466 4278 3542 4356 τῷ
3588 4281 3748 4334 πάθει
3785 4277 3844 4334 ἐν

2229 4373 2308 4451 τῷ
2369 4369 2671 4447 πνεύματι,
2724 4365 3028 4441 τουτέστιν,
3077 4369 3301 4447 ἐπιτιμᾷ
3333 4366 3420 4424 διὰ
3468 4370 3563 4424 τοῦ
3598 4365 3843 4443 πνεύμα-

2231 4483 2317 4526 τος
2364 4462 2431 4540 τῇ
2493 4455 2780 4537 συγχύσει,
2850 4457 2941 4516 καὶ
3005 4455 3190 4537 ἐπέχει
3240 4455 3474 4530 ταύτην,
3523 4456 3614 4514 καὶ
3677 4454 3845 4522 οὕτως

2230 4553 2439 4630 ἐρωτᾷ,
2472 4549 2612 4606 ὥστε
2646 4545 2721 4626 μὴ
2769 4546 2907 4626 μετὰ
2950 4549 3253 4628 ὀλοφυρμοῦ
3304 4546 3550 4624 γενέσθαι
3579 4543 3675 4630 τὴν
3709 4546 3838 4626 ἐρώ-

2229 4625 2407 4710 τησιν..
2441 4638 2603 4698 Ἐπεὶ
2647 4625 2748 4718 γὰρ
2774 4625 3018 4708 ἐλυπήθη
3111 4639 3384 4716 ἄνθρωπος
3423 4633 3527 4716 γὰρ
3580 4625 3644 4707 ἦν
3695 4625 3835 4708 ἀλη-

2152 4711 2201 4774 D
2232 4732 2362 4801 θῶς,
2395 4728 2487 4788 καὶ
2519 4726 2604 4786 διὰ
2635 4727 2697 4788 τὸ
2725 4725 3101 4786 πιστώσασθαι
3134 4726 3227 4798 τήν
3262 4724 3594 4805 ἀνθρωπίνην
3632 4724 3789 4804 φύσιν
3815 4769 3834 4798 ,

2232 4817 2454 4878 ἐνέδωκε
2488 4816 2656 4897 ταύτῃ
2705 4815 2766 4876 τὸ
2819 4815 2947 4876 ἴδιον
2995 4815 3393 4898 ἐργάσασθαι),
3443 4813 3536 4873 καὶ
3571 4813 3834 4884 ἐπιπλήτ-

2228 4933 2307 4969 τει
2337 4913 2405 4987 τῇ
2441 4906 2621 4988 σαρκὶ,
2661 4906 2751 4965 καὶ
2781 4909 3006 4988 ἐπιτιμᾷ
3043 4907 3175 4986 αὐτῇ
3220 4911 3286 4985 τῇ
3331 4909 3427 4964 τοῦ
3459 4903 3610 4983 ἁγίου
3657 4903 3834 4964 Πνεύ-

2229 4986 2394 5078 ματος
2427 4986 2671 5074 δυνάμει.
2711 4995 2777 5056 Ἦ
2810 4986 2898 5055 οῦν
2951 4994 3080 5077 σὰρξ
3115 4996 3192 5073 μὴ
3234 4997 3523 5073 ἐνεγκοῦσα
3572 4992 3668 5065 τὴν
3710 4995 3835 5052 ἐπι-υ

2227 5089 2479 5166 τίμησιν,
2536 5085 2890 5167 ταράσσεται,
2942 5087 3034 5146 καὶ
3082 5085 3298 5166 τρέμει,
3347 5084 3440 5143 καὶ
3497 5087 3589 5156 τῆς
3658 5082 3836 5156 λύπης

2228 5186 2559 5259 περικρατεῖ.
2615 5177 2808 5238 Ταῦτα
2863 5175 2918 5236 δὲ
2977 5176 3152 5237 πάντα
3208 5182 3474 5254 συγχωρεῖ
3525 5171 3621 5247 τὴν
3676 5172 3832 5254 φύσιν

2229 5269 2458 5348 πάσχειν
2492 5273 2520 5327 6
2556 5266 2784 5346 Κύριος,
2819 5267 2931 5342 ἅμα
2974 5263 3068 5342 μὲν
3093 5266 3183 5326 καὶ
3219 5264 3482 5348 βεᾷαιῶν,
3513 5264 3594 5323 ὅτι
3625 5265 3832 5336 ἀληθῶς

2229 5346 2426 5418 καὶέοὖ
2459 5356 2598 5417 κατὰ
2641 5356 2936 5438 φαντασίαν
2987 5357 3260 5435 ἄνθρωπος
3302 5346 3400 5430 ἧν,
3452 5352 3566 5433 ἅμα
3629 5353 3682 5412 δὲ
3729 5351 3829 5411 καὶ

2229 5448 2496 5508 παιδεύων
2528 5452 2674 5526 ἡμᾶς
2710 5448 2802 5506 καὶ
2850 5445 3000 5526 ὅρους
3032 5445 3126 5506 καὶ
3180 5445 3351 5524 μέτρα
3397 5448 3492 5516 τῆς
3531 5443 3702 5516 λύπης
3737 5441 3832 5501 καὶ

2229 5543 2324 5610 τῆς
2357 5537 2586 5604 ἀλυπίας
2639 5537 2816 5605 τιθείς.
2901 5537 2982 5598 Τό
3016 5560 3073 5595 τε
3103 5535 3207 5614 γὰρ
3239 5534 3548 5613 ἀσυμπαθὲς
3577 5534 3668 5592 καὶ
3695 5532 3828 5591 ἄδα-

2230 5650 2359 5708 κρυ,
2390 5629 2674 5708 θηριῶδες,
2703 5626 2764 5686 τό
2806 5650 2862 5685 τε
2908 5627 3216 5707 πολύδακρυ
3251 5625 3345 5686 καὶ
3393 5625 3704 5707 φιλόθρηνον
3737 5620 3828 5680 καὶ

2229 5717 2532 5778 πολύλυπον
2557 5763 2576 5797 ,
2631 5717 2972 5798 γυναικῶδες.
3019 5715 3179 5780 Ἐπεὶ
3226 5715 3398 5778 τοίνυν
3447 5713 3830 5789 κεκοινώνηκεν
