4198 6454
329 355 420 408 101
1147 350 1541 410 ΕΝΑΒΒΛΤΙΟ
1580 351 1644 405 IN
1685 347 1962 404 EVANGEE

2071 345 2116 400 M
2150 343 2450 400 JOANNIS.
2491 374 2559 382 —-
2598 345 2748 399 CAP.
2788 345 2872 400 Χῐ.

3573 351 3676 406 102

342 484 464 556 ἣμῖν
497 480 701 559 σαρκὸς
729 479 830 539 καὶ
879 478 1110 557 αἵματος
1140 523 1157 556 ,
1205 481 1312 538 τῶν
1345 475 1686 558 ἀνθρωπίνων
1718 472 1810 533 καὶ
1857 496 1962 554 φυ-

2075 469 2210 527 dum
2248 485 2314 526 ac
2354 484 2680 526 mensuram
2727 468 2892 525 nobis
2921 469 3334 527 demonstravit.
3365 473 3674 546 lnterrogat

349 575 507 630 σικῶν
561 569 819 650 μετέχει,
870 569 966 628 καὶ
1007 568 1178 648 μέτρα
1217 566 1415 628 τούτων
1447 563 1770 625 ὁποδεικνύει
1799 566 1950 639 ἡμῖν.

351 661 566 742 Ἐρωτᾷ
595 659 679 720 δέ’
739 683 769 717 ι
831 662 952 721 Ποῦ
1005 657 1314 730 τεθείκατε;
1373 681 1404 713 ι)
1458 659 1557 734 οὐχ
1603 658 1673 722 ὡς
1727 655 1962 732 ἀγνοῶν,

356 753 498 826 (πῶς
525 749 653 830 γὰρ,
689 749 856 822 ὅπου,
880 748 974 808 καὶ
1003 747 1277 828 πόῤῥωθεν
1315 743 1389 805 ὢν
1414 790 1431 818 ,
1462 744 1580 823 ᾔδει
1610 744 1689 803 ὅτι
1716 742 1962 802 τετελεύ-

351 842 585 920 mnu)
637 839 761 898 ἀλλ’
792 837 933 899 ὥστε
978 837 1056 915 μὴ
1086 838 1237 907 δόξας
1404 833 1618 914 δόξαι],
1655 836 1726 901 ὡς
1775 831 1961 891 ἑαυτὸν

351 929 656 1010 ἕπιῤῥίπτει
731 933 810 1009 τῷ
867 927 1141 1003 θαύματι,
1203 926 1380 986 πάντα
1439 949 1500 984 τε
1552 922 1685 1004 παρ’
1747 921 1959 982 ἐκείνων

352 1021 644 1095 μανθάνειν
692 1017 1044 1098 βουλόμενος,
1089 1015 1182 1076 καὶ
1223 1011 1701 1096 παρακαλούμενος
1751 1021 1957 1088 ποιεῖν,

348 1109 443 1168 ἵνα
473 1110 569 1168 καὶ
598 1109 775 1180 πάσης
803 1106 1037 1187 ὑποψίας
1062 1105 1344 1183 ἀπαλλάξῃ
1376 1104 1437 1164 τὸ
1468 1103 1708 1180 σημεῖον.
1737 1099 1962 1174 Ἐπειδὴ

354 1200 413 1257 δὲ
466 1197 683 1258 οὐδέπω
735 1196 883 1256 οὐδὲν
927 1195 1218 1276 τεκμήριον
1271 1198 1366 1266 τῆς
1397 1198 1488 1252 τοῦ
1540 1191 1789 1271 Λαζάρου
1822 1194 1964 1250 ἀνα-

355 1289 596 1356 στάσεως
650 1287 942 1358 ἐδείκνυτο,
999 1284 1116 1345 οὐδὲ
1149 1283 1314 1352 οὕτως
1360 1281 1629 1358 ἐνομίζετο
1677 1280 1963 1362 ἔρχεσθαι,

353 1381 425 1446 ὡς
475 1376 795 1448 ἀναστήσων
845 1374 1040 1452 αὐτὸν,
1080 1375 1199 1435 ἀλλ’
1249 1378 1320 1442 ὥς
1369 1373 1674 1455 θρηνήσων,
1721 1369 1963 1449 λέγουσιν

350 1471 531 1546 αὐτῷ·
589 1489 618 1525 ιι
665 1465 864 1545 Κύριε,
911 1464 1072 1546 ἔρχου
1120 1463 1213 1524 καὶ
1253 1463 1352 1523 ἴδε.
1385 1487 1418 1522 ν
1506 1463 1580 1523 Οἱ
1632 1460 1687 1520 δὲ
1743 1459 1964 1540 πονηροὶ

350 1560 610 1618 Ἰουδαῖοι
673 1556 836 1616 πάλιν
883 1561 980 1629 τῆς
1025 1553 1282 1634 πονηρίας
1341 1553 1448 1614 οὐδ’
1497 1550 1635 1618 ὅλως
1687 1549 1961 1632 ἀφίενται,

353 1646 531 1706 καίτοι
591 1652 865 1726 συμφορᾶς
910 1644 1235 1717 τηλικαύτης
1282 1642 1386 1723 πρὸ
1453 1643 1744 1723 ὀφθαλμῶν
1794 1640 1964 1726 αὐτῶν

2069 568 2254 615 autem
2285 577 2299 616 :
2335 582 2360 608 α
2407 559 2516 616 Ubi
2552 558 2846 630 posuistis?
2892 582 2918 608 ι»
2949 575 3061 615 non
3110 569 3172 615 ut
3212 560 3509 632 ignorans;
3541 579 3676 635 quo-

2070 648 2236 705 modo
2261 649 2408 705 enim
2437 648 2730 721 ignoraret,
2760 648 2856 720 qui
2885 649 3093 705 sciebat
3121 658 3176 705 et
3200 659 3510 720 mortuum,
3542 668 3672 710 cum

2069 740 2257 812 procul
2282 742 2460 796 esset?
2504 755 2701 796 verum
2730 738 2847 793 vult
2875 739 3066 794 omnia
3107 739 3179 796 ab
3217 739 3296 797 eis
3324 740 3558 814 discere,
3601 758 3672 800 ne

2069 831 2318 901 seipsum
2362 829 2632 886 miraculo
2699 836 2907 885 temere
2959 829 3207 902 ingerere
3250 829 3526 900 videatur,
3572 833 3673 890 sed

2067 927 2331 976 exoratus
2373 919 2576 987 facere,
2630 927 2694 974 ut
2747 926 2804 975 et
2843 919 2912 975 ab
2941 919 3099 975 omni
3152 920 3466 992 suspicione
3495 920 3677 993 ipsum

2069 1010 2292 1082 signum
2323 1009 2598 1066 liberaret.
2633 1009 2778 1078 Quia
2830 1017 3021 1066 autem
3065 1009 3218 1066 nulla
3268 1010 3450 1067 adhuc
3492 1012 3672 1084 conje-

2070 1108 2226 1156 ctura
2252 1099 2664 1156 resurrectionis
2685 1098 2882 1155 Lazari
2918 1107 3140 1155 ostensa
3161 1108 3310 1167 erat,
3339 1116 3523 1173 neque
3549 1101 3676 1158 illuc

2069 1189 2369 1262 putabatur
2405 1189 2619 1245 venisse
2667 1196 2729 1245 ut
2773 1189 3202 1246 resuscitaturus
3255 1189 3433 1259 illum,
3477 1190 3576 1248 sed
3611 1199 3674 1249 ut

2069 1267 2474 1352 deploraturus,
2507 1278 2702 1336 dicunt
2729 1279 2781 1336 ei
2813 1298 2827 1336 :
2865 1301 2892 1328 α
2926 1280 3194 1348 Domine,
3221 1280 3345 1336 veni
3389 1289 3445 1337 et
3471 1280 3614 1339 vide.
3642 1304 3668 1332 ιι

2071 1369 2292 1442 Maligni
2338 1378 2528 1426 autem
2573 1368 2754 1426 Judaei
2825 1369 3029 1426 iterum
3082 1369 3486 1443 malignitatem
3540 1387 3674 1428 con-

2072 1467 2286 1530 texunt,
2325 1459 2552 1517 tametsi
2589 1467 2746 1516 tanta
2795 1460 3084 1516 calamitas
3114 1468 3241 1517 ante
3287 1461 3478 1518 oculos
3520 1461 3672 1534 ipso-

2071 1565 2198 1606 rum
2245 1549 2350 1606 sita
2394 1557 2528 1606 erat.
2576 1549 2682 1606 Sed
2711 1549 2841 1622 quid
2887 1550 3118 1606 dicunt?
3151 1568 3183 1604 ιι
3225 1553 3350 1607 Non
3378 1554 3559 1623 potuit
3589 1551 3679 1608 hi0

2073 1639 2170 1711 qui
2193 1639 2404 1712 aperuit
2448 1639 2640 1696 oculos
2685 1640 2815 1695 caeci
2846 1638 3023 1696 facere
3065 1648 3127 1696 ut
3171 1640 3263 1697 hic
3296 1657 3408 1697 non
3435 1657 3681 1698 morere-

362 1736 644 1814 κειμένης⁶
690 1736 830 1796 ἀλλὰ
888 1735 942 1793 τί
996 1757 1184 1816 φασιν;
1240 1761 1266 1786 α
1324 1735 1447 1794 Οὐκ
1495 1731 1729 1804 ἠδύνατο
1778 1719 1958 1803 οἶτος,

362 1831 373 1838 .
427 1832 440 1838 -
516 1825 553 1838 ιν
729 1825 743 1838 ι
835 1827 850 1838 ς
898 1829 917 1838 Α
962 1827 981 1838 ι
1072 1823 1087 1838 ι
1233 1827 1267 1838 Α.
1424 1823 1445 1838 \
1487 1826 1520 1838 ιιι
1702 1824 1735 1838 ~
1872 1816 1896 1838 ﬂ

2074 1733 2204 1785 tur?
2229 1753 2254 1778 ι
2278 1728 2621 1785 Vellicabant
2638 1737 2826 1784 autem
2850 1730 3182 1786 miraculum
3207 1730 3336 1787 caeci
3356 1730 3675 1802 illuminati,

2236 1817 2491 1838 ,ληημι
2520 1818 2727 1838 ,ε-κμημ-
3256 1823 3323 1838 πη.
3448 1837 3457 1838 κ
3631 1829 3673 1838 ._

352 1831 381 1884 6
410 1825 621 1895 ἀνοίξας
668 1825 786 1891 τοὺς
825 1823 1129 1905 ὀφθαλμοὺς
1175 1827 1267 1882 τοῦ
1321 1823 1556 1904 τυφλοῦ,
1608 1824 1830 1892 ποιῆσαι
1872 1816 1959 1876 ἵνα

354 1916 432 1994 μὴ
464 1915 557 1976 καὶ
588 1907 738 1982 οὗτος
775 1915 1050 1994 ἀποθάνῃς
1091 1941 1116 1966 ν
1153 1911 1544 1978 Διαϐάλλοντες
1581 1910 1638 1969 δὲ
1671 1908 1732 1969 τὸ
1763 1908 1852 1970 ἐπὶ
1882 1911 1960 1990 τῷ

355 2009 536 2086 τυςρλῷ
569 2011 782 2083 θαῦμα,
832 2004 1005 2064 ταῦτά
1048 2027 1228 2085 φασιν.
1313 2001 1652 2084 Ὀφείλοντες
1682 1998 1787 2079 γὰρ
1825 2003 1961 2058 θαυ-

357 2098 544 2174 μάζειν
593 2096 653 2155 τὸ
701 2101 923 2172 σημεῖον
971 2095 1170 2168 έκεῖνο,
1222 2094 1270 2153 οἱ
1321 2092 1377 2152 δὲ
1428 2090 1535 2150 ἀπὸ
1584 2097 1676 2150 τοῦ
1732 2088 1960 2149 θανάτου

356 2184 544 2245 τούτου
591 2187 804 2245 κάκεῖνο
855 2186 929 2251 ὡς
977 2181 1055 2261 μὴ
1115 2182 1326 2262 γεγονὸς
1381 2179 1815 2253 ἐνδιαϐάλλουσι,
1869 2177 1961 2237 καὶ

2070 1835 2200 1875 cum
2226 1817 2493 1874 deberent
2516 1818 2734 1891 signum
2779 1818 2914 1875 illud
2945 1817 3224 1875 admirari.
3256 1823 3328 1875 Et
3354 1820 3411 1875 hi
3440 1837 3472 1877 a
3502 1829 3683 1879 morte

2068 1909 2217 1966 illius
2265 1908 2436 1966 etiam
2464 1909 2601 1966 illud
2641 1908 2796 1980 quasi
2839 1925 2952 1966 non
2993 1917 3136 1966 esset
3184 1908 3419 1979 factum,
3464 1911 3676 1967 calum-

2067 1999 2310 2068 niantur,
2361 1999 2736 2072 elevandoque
2780 2015 2851 2056 ac
2885 1999 3126 2057 taxando
3172 2009 3586 2073 praeoccupant,
3624 2009 3680 2058 et

2068 2104 2182 2146 non
2227 2097 2618 2162 exspectatum:
2672 2089 2844 2146 ﬁnem
2881 2089 2984 2147 rei.
3036 2093 3122 2146 Ita
3150 2090 3414 2164 jipsorum
3465 2099 3680 2148 mentes

2068 2186 2395 2252 corruperat
2423 2178 2652 2236 invidia.

355 2273 944 2355 προκαταλαμϐάνουσι
997 2276 1114 2342 ταῖς
1167 2271 1542 2353 κατηγορίαις,
1598 2271 1694 2332 οὐκ
1748 2273 2094 2347 ἀναμένοντες
2143 2269 2206 2330 τὸ
2257 2269 2407 2339 τέλος
2456 2275 2549 2330 τοῦ
2599 2269 2942 2352 πράγματοςο
2985 2268 3124 2330 οὕτω
3171 2270 3540 2353 διεφθαρμένοι
3587 2270 3682 2342 τὰς

353 2365 573 2445 γνώμας
603 2356 738 2436 ἦσαν
765 2372 841 2444 τῷ
869 2362 1064 2445 σρθόνῳ.

440 2477 473 2513 ε
523 2457 592 2516 Ὁ
622 2443 831 2526 Ἰησοῦς
847 2443 936 2512 οὖν
963 2455 1125 2512 πάλιν
1140 2450 1544 2530 ἐμϐριμώμενος
1574 2450 1626 2508 ἐν
1651 2451 1850 2528 ἑαυτῷ,
1874 2448 1958 2530 ἔρ-

353 2568 510 2625 χεται
550 2547 625 2612 εἷς
675 2543 739 2602 τὸ
783 2551 1065 2620 μνημεῖον.
1098 2532 1207 2602 ἿΙν
1255 2542 1309 2599 δὲ
1354 2539 1658 2618 σπήλαιον,
1698 2537 1791 2598 καὶ
1823 2537 1961 2606 λίθος

355 2635 600 2694 ἐπέκειτο
652 2632 741 2694 ἐπ’
783 2634 951 2713 αὐτῷ.
986 2632 1148 2709 Λέγει
1181 2636 1209 2692 6
1240 2631 1473 2704 Ἰησοῦςο
1510 2627 1703 2708 Ἄρατε
1746 2629 1835 2688 τὸν
1875 2627 1958 2687 λί-

358 2731 470 2785 θον.
505 2722 668 2802 Λέγει
710 2724 855 2802 αὖτῷ
889 2727 925 2794 ἡ
973 2721 1174 2801 ἀδελφὴ
1233 2726 1324 2780 τοῦ
1374 2719 1683 2792 τεθνηκότος
1733 2718 1958 2797 Μάρθα·

365 2815 561 2895 Κύριε,
596 2813 701 2886 ἤδη
748 2813 884 2895 ὄζει·
917 2820 1226 2893 τεταρταῖος
1254 2810 1357 2892 γάρ
1405 2813 1542 2871 ἔστι.
1579 2808 1737 2888 Λέγει
1769 2811 1903 2890 αὐτῇ
1933 2811 1960 2867 6

2137 2457 2322 2514 Vnus.
2380 2462 2577 2514 38-42.
2614 2477 2642 2507 ιι
2680 2459 2842 2514 Jesus
2891 2472 3024 2530 ergo
3069 2473 3289 2515 rursum
3332 2457 3579 2518 fremens
3619 2459 3678 2517 in

2066 2546 2382 2618 semetipso,
2416 2547 2566 2602 venit
2600 2546 2672 2603 ad
2704 2535 3153 2603 monumentum.
3186 2550 3322 2604 Erat
3348 2557 3535 2605 autem
3559 2565 3680 2621 spe-

2070 2635 2253 2707 lunca,
2284 2644 2342 2693 et
2383 2637 2521 2709 lapis
2558 2636 2852 2708 impositus
2880 2645 2994 2694 erat
3022 2637 3092 2692 ei.
3147 2638 3241 2693 Ait
3285 2641 3448 2695 Jesus
3482 2657 3497 2696 :
3542 2639 3675 2696 Tol-

2070 2726 2165 2784 lite
2195 2726 2455 2799 lapidem.
2503 2726 2655 2783 Dicit
2697 2727 2745 2784 ei
2792 2726 3011 2783 Martha
3044 2743 3202 2784 soror
3234 2728 3351 2801 ejus
3386 2729 3482 2801 qui
3523 2745 3675 2786 mor-

2069 2825 2202 2875 tuus
2228 2817 2367 2874 ferat
2407 2836 2421 2873 :
2455 2817 2716 2886 Domine,
2736 2817 2856 2890 jam
2895 2817 3029 2886 olet,
3074 2819 3478 2890 quatriduanus
3525 2819 3675 2876 enim

359 2904 595 2976 Ἰησσῦςσ
626 2905 746 2964 Οὐκ
776 2893 924 2962 εἶπόν
954 2926 1071 2975 σοι,
1106 2900 1186 2960 ὅτι
1232 2902 1321 2961 ἐὰν
1351 2899 1646 2992 πιστεύσῃς
1661 2898 1832 2998 ,νὸψει
1860 2898 1958 2970 τὴν

2071 2916 2172 2965 est.
2217 2907 2360 2964 Dicit
2388 2908 2440 2964 ei
2468 2911 2630 2964 Jesus
2672 2909 2914 2964 :Nonne
2961 2906 3076 2963 dixi
3117 2909 3217 2964 tibi
3245 2907 3396 2980 quod
3424 2909 3467 2966 si
3499 2909 3679 2966 credi-

361 2993 511 3062 δόξαν
540 2998 634 3052 τοῦ
683 2994 854 3067 Θεοῦ,
881 2983 1066 3071 τΗραν
1118 2982 1205 3050 οῦν
1251 2989 1338 3049 τὸν
1379 2988 1541 3062 λίθον,
1586 2979 1646 3047 οἷς
1677 2979 1744 3061 ἦν
1787 2993 1815 3048 6
1871 3012 1960 3046 τε-

360 3083 563 3155 θνηκὼς
595 3082 858 3158 κείμενος.
892 3080 963 3142 Ὃ
1009 3080 1064 3140 δὲ
1112 3080 1319 3154 Ἰησοῦς
1352 3071 1449 3158 ἦρε
1486 3076 1606 3146 τοὺς
1659 3077 1961 3159 ὀφθαλμοὺς

359 3175 498 3248 ἀνω,
529 3171 622 3233 καὶ
669 3162 786 3232 εἷπε
805 3195 819 3210 ο
847 3170 1060 3252 Πάτερ,
1111 3172 1413 3252 εὐχαριστῶ
1443 3192 1526 3228 σοι
1547 3212 1564 3241 ,
1614 3166 1694 3227 ὅτι
1726 3168 1961 3241 ἤκουσάς

361 3287 494 3340 μου·
535 3261 640 3340 ἐγὼ
686 3261 742 3320 δὲ
790 3261 970 3340 ᾔδειν,
1003 3262 1083 3320 ὅτι
1121 3259 1352 3320 πάντοτέ
1403 3283 1504 3337 μου
1547 3258 1780 3332 ἀκούεις,
1823 3258 1962 3318 ἀλλὰ

358 3353 448 3412 διὰ
498 3353 588 3412 τὸν
641 3352 801 3432 ὄχλον
836 3351 924 3410 τὸν
968 3353 1298 3430 περιεστῶτα
1347 3341 1530 3424 εἶπον,
1587 3346 1676 3407 ἵνα
1731 3347 1961 3406 πιστεύ-

355 3465 522 3502 σωσιν
543 3491 557 3515 ,
591 3440 674 3499 ὅτι
704 3441 768 3498 σύ
795 3463 862 3518 με
895 3440 1236 3506 ἀπέστειλας.
1273 3462 1302 3497 ιι
1393 3437 1466 3499 Τί
1504 3438 1704 3511 δήποτε
1734 3439 1844 3496 ἀνω
1872 3436 1963 3496 καὶ

354 3534 506 3592 κάτω
547 3536 576 3590 6
631 3529 1009 3609 εὖαγγελιστὴς
1060 3529 1274 3611 στρέφει
1334 3530 1415 3588 ὅτι
1472 3551 1504 3582 ιί
1550 3525 1881 3606 Ἐδάκρυσεν
1937 3529 1964 3584 ὁ

355 3621 597 3694 Ἰησοῦς,
633 3644 661 3678 )›
705 3621 799 3679 καὶ
840 3619 922 3678 ὅτι
963 3643 990 3678 α
1031 3618 1345 3701 ἔνεϐριμᾶτο
1374 3621 1450 3699 τῷ
1479 3617 1638 3678 πάθει
1652 3639 1669 3689 ;
1705 3641 1736 3674 ι)
1771 3615 1876 3676 Διὰ
1904 3617 1964 3676 τὸ

357 3715 547 3787 μαθεῖν
580 3715 782 3788 ζὴμᾶς,
832 3709 910 3769 ὅτι
962 3711 1169 3781 ἀληθῶς
1215 3708 1313 3779 τὴν
1359 3705 1626 3788 ἡμετέραν
1669 3706 1823 3787 φύσιν
1866 3729 1964 3765 πε-

359 3801 666 3882 ριεϐάλετο.
754 3797 984 3872 Ἐπειδὴ
1033 3798 1138 3880 γὰρ
1168 3796 1314 3878 παρὰ
1345 3799 1549 3864 πάντας
1592 3797 1708 3866 τοὺς
1747 3800 1964 3876 εὐαγγε-

357 3890 545 3960 λιστὰς
597 3890 904 3971 ὑψηλότερα
954 3888 1086 3968 περὶ
1132 3893 1224 3948 τοῦ
1277 3888 1480 3969 Κυρίου
1509 3887 1824 3968 φθέγγεται,
1873 3885 1966 3946 καὶ

357 3986 592 4059 θεολογεῖ
625 3981 838 4059 μεγάλα
865 3977 1017 4054 τινὰ,
1057 3978 1144 4036 διὰ
1181 3983 1337 4038 τοῦτο
1373 3977 1465 4036 καὶ
1500 3982 1552 4037 ἐν
1579 3977 1686 4045 τοῖς
1720 3999 1962 4055 σωματι-

356 4079 468 4138 κοῖς
519 4070 657 4128 πολὺ
703 4068 1056 4148 ταπεινότερα
1090 4071 1390 4148 φθέγγεται.
1476 4063 1646 4127 ςὈθιεν
1680 4067 1772 4126 καὶ
1802 4069 1856 4125 ἐν
1885 4068 1964 4146 τῷ

359 4161 539 4220 πένθει
570 4160 710 4219 πολὺ
752 4158 812 4218 τὸ
844 4156 1172 4238 ἀνθρώπινον
1202 4157 1343 4238 ἔχειν
1385 4156 1543 4239 φησὶν
1567 4203 1585 4236 ,
1624 4156 1732 4217 ἀπὸ
1775 4155 1965 4216 τούτου

359 4252 614 4310 δεικνύων
665 4253 760 4320 τῆς
812 4250 1008 4329 σαρκὸς
1063 4247 1160 4318 τὴν
1210 4247 1500 4323 ἀλήθειαν,
1541 4245 1629 4329 ἵνα
1677 4244 1740 4306 σὺ
1793 4245 1962 4326 μάθῃς

2077 4262 2395 4311 monstrans
2439 4251 2616 4308 carnis
2655 4253 2940 4308 veritatem
2991 4271 3004 4306 :

356 4340 439 4400 δτι
479 4341 526 4398 εἰ
558 4339 652 4398 καὶ
682 4338 819 4407 Θεὸς
852 4331 944 4413 ἦν,
986 4335 1127 4398 ἀλλὰ
1157 4337 1248 4396 καὶ
1278 4335 1550 4417 ἄνθρωπος
1580 4328 1665 4410 ἧν.
1748 4335 1966 4416 εὨσπερ

357 4429 461 4509 γὰρ
505 4435 535 4490 6
573 4433 786 4496 Λουκᾶς
837 4428 945 4488 ἀπὸ
985 4431 1082 4499 τῆς
1113 4425 1369 4509 ἀγωνίας,
1421 4425 1514 4486 καὶ
1559 4432 1650 4485 τοῦ
1699 4425 1963 4506 θρόμϐου,

358 4519 450 4579 καὶ
481 4525 578 4578 τοῦ
635 4519 883 4599 ἱδρῶτος,
930 4515 1071 4577 οὕτω
1119 4515 1210 4578 καὶ
1264 4507 1416 4584 οὗτος
1459 4515 1566 4574 ἀπὸ
1614 4520 1706 4575 τοῦ
1748 4515 1965 4582 πένθους

359 4613 677 4682 πιστοῦται,
738 4607 824 4668 ὅτι
874 4607 1050 4688 σάρκα
1118 4608 1328 4678 ἀληθῶς
1378 4605 1620 4686 ἐφόρεσε.
1690 4604 1850 4672 Τίνος
1910 4605 1964 4663 δὲ

360 4698 533 4759 ἕνεκεν
565 4697 688 4777 οὐχὶ
707 4740 724 4768 ,
753 4701 851 4756 τοῦ
876 4697 1021 4755 λίθου
1053 4694 1412 4775 ἐπικειμένου,
1447 4695 1694 4768 ἐποίησεν
1729 4697 1964 4766 ἀναστῆ-

360 4813 444 4848 ναι
469 4790 557 4848 τὸν
591 4789 878 4867 Λάζαρον,
911 4786 1055 4847 ἀλλὰ
1088 4785 1260 4866 λέγει,
1306 4783 1555 4866 «Ἄρατε
1584 4785 1673 4844 τὸν
1718 4784 1894 4858 λίθον;
1933 4811 1958 4838 ι»

362 4879 471 4939 Καὶ
500 4878 603 4960 γὰρ
639 4880 666 4935 6
707 4880 867 4953 σῶμα
904 4876 1126 4948 κινήσας
1161 4875 1346 4957 νεκρὸν
1394 4879 1462 4956 τῇ
1509 4879 1692 4956 φωνῇ,
1728 4874 1820 4934 καὶ
1867 4877 1967 4956 ψυ·

359 4969 540 5049 χώσας
591 4968 682 5028 τὸν
730 4966 836 5040 ἤδη
886 4965 1270 5048 διεῤῥυηκότα,
1317 4967 1502 5046 πολλῷ
1557 4967 1762 5042 μᾶλλον
1819 4965 1963 5024 λίθον

357 5062 569 5131 κινῆσαι
597 5058 820 5139 ἴσχυσεν
858 5056 921 5116 ἂν
1042 5061 1212 5137 φωνῇ.
1255 5077 1283 5115 (ι
1311 5054 1528 5136 Ἄρατε,
1557 5055 1733 5134 λέγει,
1767 5053 1858 5114 τὸν
1886 5054 1968 5114 λί-

357 5153 461 5223 θον,
497 5174 528 5206 ι
581 5147 670 5206 ἵνα
721 5145 916 5214 αὖτοὺς
952 5145 1228 5226 μάρτυρας
1283 5145 1484 5226 ποιήσῃ
1520 5151 1614 5205 τοῦ
1664 5144 1965 5222 θαύματος,

352 5236 436 5298 ἵνα
472 5239 548 5317 μή
585 5238 750 5297 πάλιν
783 5235 1016 5317 λέγωσιν
1048 5239 1120 5306 ὡς
1147 5235 1237 5294 ἐπὶ
1267 5240 1359 5295 τοῦ
1389 5239 1609 5317 τυφλοῦ,
1633 5235 1714 5294 ὅτι
1741 5259 1770 5291 ιι
1794 5227 1966 5302 Οὗτός

353 5331 507 5407 ἐστιν,
540 5332 666 5390 Οὐκ
707 5328 858 5387 ἔστιν
908 5317 1081 5393 οἶτος.
1119 5351 1146 5379 ι»
1186 5325 1268 5407 Τὸ
1313 5325 1416 5407 γὰρ
1449 5325 1848 5405 παραγενέσθαι
1894 5330 1966 5393 εἰς

350 5419 435 5480 τὸν
480 5420 670 5496 τόπον,
718 5418 814 5479 καὶ
851 5415 942 5477 τὸν
994 5417 1142 5476 λίθον
1197 5406 1325 5495 ἀραι
1359 5425 1476 5484 ταῖς
1522 5418 1698 5475 αὐτῶν
1747 5417 1964 5496 χερσὶν,

347 5511 496 5573 ἱκανὰ
553 5503 622 5586 ἦν
667 5506 1030 5586 ἐπιστομίσαι
1083 5504 1202 5575 τοὺς
1254 5510 1726 5587 ἀγνωμονοῦντας,
1758 5505 1961 5586 μάρτυ-

399 5706 440 5744 ³¹
470 5709 612 5765 Luc.
648 5715 842 5768 χλιι,
871 5702 942 5751 44
974 5709 1126 5765 seqq.

2068 2997 2233 3068 deris,
2255 2998 2436 3055 visura
2466 3014 2522 3054 es
2551 2998 2787 3071 gloriam
2815 2996 2951 3054 Dei?
2985 2999 3338 3054 Sustulerunt
3361 3015 3491 3072 ergo
3536 3000 3676 3071 lapi—

2069 3085 2200 3144 dem
2224 3103 2255 3145 a
2283 3087 2406 3145 loco
2434 3088 2529 3144 ubi
2557 3088 2604 3143 is
2639 3097 2894 3144 mortuus
2923 3086 3103 3144 fuerat
3130 3089 3355 3160 positus.
3380 3091 3544 3146 Jesus
3571 3106 3675 3146 au-

2069 3184 2188 3236 tem
2229 3178 2432 3234 tollens
2479 3193 2705 3234 sursum
2751 3177 2966 3240 oculos,
3006 3177 3145 3234 dixit
3197 3195 3210 3232 :
3252 3181 3438 3246 Pater,
3469 3179 3676 3251 gratias

2070 3284 2173 3341 ago
2201 3268 2324 3340 tibi,
2353 3269 2617 3341 quoniam
2654 3268 2858 3325 audisti
2902 3283 3011 3324 me.
3055 3271 3172 3340 Ego
3211 3277 3400 3325 autem
3431 3269 3677 3326 sciebam

2073 3358 2228 3430 quod
2272 3374 2492 3431 semper
2533 3358 2688 3415 audis
2730 3374 2844 3426 me,
2887 3358 2983 3415 sed
3019 3367 3245 3430 propter
3289 3360 3518 3416 turbam
3553 3375 3678 3432 quae

2071 3448 2407 3516 circumstat,
2442 3448 2575 3518 dixi,
2607 3455 2669 3504 ut
2694 3447 2921 3504 credant
2948 3448 3117 3520 663
3149 3448 3297 3520 quod
3345 3457 3406 3506 tu
3449 3465 3541 3506 me
3570 3449 3677 3505 mi-

2073 3538 2229 3594 seris.
2264 3560 2290 3588 »
2326 3539 2509 3608 Quare
2549 3537 2878 3610 evangelista
2905 3552 3128 3594 sursum
3155 3538 3529 3611 deorsumque
3554 3555 3676 3597 ver-

2073 3628 2142 3683 tit
2168 3627 2319 3700 quod
2365 3650 2390 3676 »
2423 3628 2758 3699 lacrymatus
2785 3628 2860 3683 sit
2897 3629 3079 3697 Jesus,
3118 3646 3146 3680 «
3175 3637 3231 3684 et
3266 3651 3290 3677 α
3326 3628 3680 3686 infremuerit

2073 3715 2349 3788 passioni?
2384 3739 2408 3765 υ
2437 3717 2520 3772 Ut
2546 3731 2648 3772 nos
2675 3715 2956 3772 discamus
2985 3715 3134 3786 quod
3180 3732 3306 3772 vere
3334 3725 3532 3774 natura
3567 3733 3679 3774 no-

2073 3813 2186 3862 stra
2225 3805 2462 3860 amictus
2489 3803 2677 3860 fuerit.
2729 3806 2872 3859 Nam
2899 3820 3026 3860 cum
3056 3819 3220 3875 super
3268 3821 3464 3860 omnes
3510 3820 3676 3862 evan-

2073 3895 2294 3969 gelistas
2318 3894 2644 3950 sublimiora
2670 3892 2738 3949 de
2767 3893 3016 3949 Domino
3049 3894 3331 3965 loquatur,
3380 3902 3437 3949 et
3475 3909 3676 3968 magna

2074 3984 2378 4043 divinitatis
2407 3983 2526 4056 ejus
2579 3983 2838 4055 mysteria
2867 3981 3074 4050 tradat,
3143 3992 3436 4055 eapropter
3500 3992 3556 4040 et
3619 3984 3678 4039 in

2073 4074 2454 4146 corporalibus
2502 4072 2800 4128 humiliora
2831 4071 3111 4144 loquitur:
3158 4072 3303 4129 unde
3339 4082 3396 4130 et
3422 4074 3477 4129 iu
3524 4074 3676 4130 luctu

2074 4164 2212 4221 dicit
2253 4163 2404 4236 quod
2448 4161 2607 4218 valde
2652 4176 2711 4217 se
2748 4161 3037 4217 hominem
3087 4161 3413 4233 ostenderit,
3462 4179 3527 4220 ex
3571 4163 3678 4220 hoc

3061 4259 3123 4308 ut
3160 4261 3220 4309 tu
3265 4252 3446 4310 discas
3504 4254 3676 4325 quod,

2076 4344 2329 4418 quamvis
2367 4346 2517 4399 Deus
2553 4340 2741 4410 fuerit,
2793 4340 2958 4398 fuerit
3003 4349 3058 4398 et
3103 4341 3287 4398 homo.
3335 4345 3480 4398 Nam
3531 4344 3677 4399 sicut

2072 4435 2248 4489 Lucas
2277 4432 2347 4489 ab
2375 4431 2577 4505 agonia
2618 4439 2676 4487 et
2725 4431 2897 4503 guttis
2926 4429 3241 4502 sanguineis
3268 4441 3324 4488 et
3360 4431 3566 4488 sudore
3600 4433 3670 4497 ⁸³,

2072 4525 2149 4580 ita
2178 4532 2232 4579 et
2257 4522 2349 4579 hic
2375 4538 2408 4579 a
2458 4523 2607 4578 luctu
2632 4520 2888 4577 credibile
2921 4519 3051 4578 facit
3088 4519 3236 4592 quod
3282 4536 3506 4577 carnem
3557 4539 3678 4579 vere

2073 4613 2383 4685 gestaverit.
2430 4613 2507 4666 At
2546 4610 2704 4683 cujus
2727 4610 2898 4683 gratia
2943 4626 3058 4666 non
3108 4611 3458 4683 superposito
3491 4610 3673 4684 lapide

2075 4701 2425 4759 resuscitavit
2442 4702 2740 4769 Lazarum,
2763 4699 2860 4757 sed
2883 4699 3036 4769 dicit,
3070 4719 3099 4753 ιι
3119 4700 3318 4756 Tollite
3348 4701 3626 4774 lapidem?
3649 4727 3673 4752 ιι

2074 4793 2297 4849 Etenim
2325 4806 2457 4848 cum
2477 4791 2716 4848 moverit
2743 4798 3029 4846 mortuum
3048 4806 3249 4864 corpus
3275 4807 3430 4862 voce,
3467 4801 3523 4850 et
3549 4809 3680 4850 eum

2075 4884 2171 4956 qui
2215 4881 2536 4938 difﬂuxerat
2591 4880 2940 4949 animaverit,
2988 4880 3168 4938 multo
3215 4882 3391 4955 magis
3441 4881 3678 4954 lapidem

2073 4987 2300 5030 movere
2336 4972 2604 5044 potuisset
2650 4986 2806 5027 voce.
2840 4993 2867 5020 ι
2900 4970 3120 5044 Tollite,
3149 4971 3304 5042 dicit,
3349 4970 3615 5044 lapidem,
3651 4995 3676 5020 ιο

2075 5071 2138 5120 ut
2174 5062 2251 5118 illi
2289 5069 2460 5118 testes
2489 5059 2627 5116 ﬁant
2653 5060 2924 5130 miraculi,
2951 5068 3006 5116 et
3032 5077 3103 5117 ne
3125 5062 3325 5118 iterum
3362 5060 3546 5117 dicant
3570 5061 3680 5115 sic-

2073 5161 2136 5210 ut
2182 5151 2252 5210 de
2295 5168 2445 5208 caeco
2488 5171 2564 5208 ζα
2613 5151 2720 5207 Hic
2768 5159 2872 5222 est,
2921 5153 3048 5208 Non
3097 5159 3180 5208 est
3216 5151 3325 5207 hic.
3374 5172 3400 5200 ιι
3436 5153 3578 5207 Nam
3622 5160 3681 5208 et

2075 5243 2263 5300 adesse
2292 5243 2347 5298 in
2375 5243 2496 5299 loco
2547 5249 2602 5298 et
2629 5243 2822 5300 tollere
2851 5241 3089 5314 lapidem
3118 5241 3231 5297 suis
3259 5240 3540 5310 manibus,
3568 5240 3681 5297 suf-

2075 5334 2309 5391 ﬁcientia
2351 5343 2512 5390 erant
2553 5333 2626 5390 ad
2671 5332 2980 5389 obturanda
3037 5332 3383 5404 ingratorum
3412 5346 3534 5401 ora,
3583 5333 3680 5406 qui

2073 5432 2242 5482 testes
2288 5424 2432 5497 signi
2469 5421 2605 5480 facti
2661 5429 2832 5478 erant.
2886 5423 3062 5477 Porro
3110 5419 3327 5477 Martha
3378 5422 3520 5478 male
3557 5439 3680 5479 cre-

2073 5514 2198 5572 dula
2224 5513 2360 5570 dixit
2394 5531 2408 5569 :
2447 5531 2474 5566 ιι
2499 5515 2529 5568 J
2538 5527 2628 5568 am
2661 5510 2839 5578 fcetet,
2872 5509 3280 5584 quatriduanus
3327 5511 3479 5568 enim
3509 5521 3609 5582 est,
3652 5536 3676 5562 ιο
