4198 6452
565 401 664 456 103

558 613 855 670 titudinem
883 613 1113 670 fratrem
1138 614 1391 669 suscitari
1423 634 1439 670 :
1469 614 1544 671 ita
1587 614 1769 670 adhuc
1789 613 1944 669 humi
1976 622 2161 684 repta-

559 703 674 760 bat.
701 710 778 759 At
805 703 1057 759 Christus
1098 718 1222 760 eam
1250 703 1527 760 recordari
1574 703 1786 761 faciens
1814 719 2009 760 eorum
2038 717 2162 774 qua:

561 800 693 848 ante
714 792 950 858 dixerat,
979 800 1036 848 et
1062 791 1234 849 ferme
1263 802 1326 850 ut
1346 795 1491 850 male
1517 810 1826 850 memorem
1851 794 2159 864 increpans,

558 879 737 937 dicit;
790 905 816 932 σι
850 885 1045 939 Nonne
1080 882 1199 939 dixi
1237 884 1336 940 tibi
1365 884 1513 956 quod
1555 885 1601 940 si
1634 884 1948 953 credideris,
1979 883 2160 938 visura

559 970 636 1028 sis
663 971 897 1042 gloriam
919 972 1056 1029 Dei?
1088 996 1112 1021 ι
1145 973 1448 1045 Discipulis
1475 973 1640 1046 igitur
1663 974 1882 1029 dicebat
1914 993 1926 1029 ε
1968 995 1992 1021 α
2025 975 2159 1028 Pro-

559 1067 680 1130 pter
710 1060 815 1116 hoc
849 1069 1103 1118 mortuus
1147 1070 1231 1119 est
1249 1065 1512 1131 Lazarus,
1545 1071 1608 1119 ut
1637 1063 1971 1136 gloriﬁcetur
1990 1062 2159 1118 Filius

557 1149 681 1206 Dei.
715 1173 740 1199 ιι
773 1150 1008 1208 Martha:
1023 1167 1149 1208 vero
1166 1151 1376 1224 inquit:
1409 1177 1434 1203 ι
1465 1153 1717 1209 Gloriam
1749 1152 1954 1208 videbis
1978 1151 2102 1220 Dei,
2128 1176 2153 1202 η

557 1238 626 1296 de
647 1243 804 1296 Patre
821 1240 1026 1298 dicens.
1042 1241 1342 1299 Infirmitas
1362 1243 1512 1299 enim
1534 1242 1886 1300 audientium
1916 1242 1971 1297 in
1991 1258 2156 1299 causa

559 1337 646 1386 est
673 1338 736 1386 ut
763 1330 880 1388 haec
919 1332 1067 1388 varie
1095 1330 1370 1389 dicantur.
1410 1337 1554 1390 Nam
1580 1349 1707 1389 cum
1728 1332 1887 1388 Judei
1915 1341 2158 1388 astarent

559 1418 658 1487 ibi,
687 1436 798 1477 non
841 1421 1075 1495 dignum
1106 1433 1220 1478 erat
1261 1423 1444 1480 dicere
1472 1424 1780 1479 Dominum
1816 1443 1831 1478 :
1879 1446 1904 1472 α
1935 1422 2157 1480 Videbis

562 1509 792 1581 gloriam
817 1512 942 1567 Filii
986 1513 1112 1568 Dei.
1151 1537 1176 1562 ιι
1205 1513 1427 1586 Alioqui
1459 1513 1604 1569 visus
1650 1512 1844 1568 fuisset
1881 1511 1948 1568 de
1976 1513 2156 1585 seipso

555 1608 879 1672 arroganter
905 1601 1075 1674 loqui.
1114 1605 1271 1658 Nunc
1312 1611 1500 1659 autem
1529 1603 1598 1659 de
1641 1605 1802 1658 Patre
1830 1603 2038 1658 caelesti
2067 1602 2156 1658 di-

555 1704 704 1758 cens,
731 1706 1047 1747 sermonem
1068 1691 1200 1748 facit
1228 1692 1646 1760 modestiorem,
1669 1693 1964 1763 minusque
1987 1709 2155 1764 repu-

552 1777 843 1836 diandum.
875 1782 1054 1852 Quare
1098 1790 1283 1838 autem
1325 1791 1574 1854 precatus
1615 1791 1716 1852 est,
1775 1782 1887 1838 imo
1927 1798 2158 1853 precan-

551 1867 624 1925 tis
663 1869 899 1940 ﬁguram
945 1871 1217 1944 suscepit?
1270 1872 1449 1945 ipsum
1511 1873 1820 1928 Dominum
1875 1871 2154 1928 dicentem
2189 1867 2237 1930 B
2265 1865 2443 1922 Θεοῦ·
2496 1890 2519 1916 ››

549 1957 698 2014 audi.
777 1959 960 2032 Inquit
1015 1961 1164 2017 enim
1221 1979 1236 2018 :
1312 1984 1339 2011 α
1411 1963 1643 2034 Propter
1703 1962 2156 2018 circumstantem

549 2049 774 2104 turbam
829 2049 966 2119 dixi,
1011 2058 1075 2106 ut
1119 2049 1353 2107 credant
1402 2051 1553 2123 quod
1603 2059 1665 2107 tu
1722 2067 1812 2107 me
1858 2052 2089 2106 miseris.
2124 2073 2150 2100 ιο

550 2137 714 2206 Quod
734 2147 921 2194 autem
949 2138 1109 2212 dicit,
1159 2139 1233 2196 ita
1267 2156 1326 2196 se
1356 2141 1556 2197 habet:
1589 2144 1668 2198 Ut
1695 2158 1762 2197 ne
1787 2141 2155 2198 adversarium

548 2227 651 2282 Dei
677 2244 766 2284 me
792 2237 1002 2301 putent,
1035 2238 1098 2286 ut
1122 2245 1193 2286 ne
1223 2229 1434 2298 dicant,
1463 2234 1592 2286 Non
1621 2240 1704 2287 est
1724 2247 1787 2287 ex
1812 2235 1954 2301 Deo,
1986 2241 2047 2288 ut
2070 2247 2157 2288 os-

548 2317 775 2374 tendam
801 2335 940 2392 opus
976 2319 1081 2376 hoc
1107 2319 1231 2376 fieri
1265 2321 1571 2378 secundum
1621 2330 1774 2378 tuam
1800 2323 2153 2378 voluntatem.

549 2407 714 2477 Quod
759 2418 943 2465 autem
986 2409 1090 2465 hoc
1119 2411 1212 2478 sit,
1253 2418 1311 2466 et
1341 2427 1455 2466 non
1503 2419 1728 2483 propter
1766 2411 1936 2468 alium
1966 2429 2149 2484 usum,

547 2497 643 2554 sed
669 2507 893 2571 propter
915 2500 1335 2556 circumstantes
1377 2500 1636 2557 videatur
1665 2517 1843 2571 orare,
1877 2501 1997 2559 vide
2021 2519 2151 2558 ora-

539 2587 748 2644 tionem
779 2606 793 2646 :
829 2612 853 2638 ‹‹
882 2590 1092 2646 Gratias
1115 2606 1216 2663 ago
1242 2590 1364 2658 tibi,
1407 2591 1537 2663 quia
1569 2592 1771 2648 audisti
1801 2608 1907 2648 me.
1939 2612 1966 2643 »
2013 2593 2150 2662 Quis

543 2685 729 2734 autem
762 2679 940 2735 oravit
971 2680 1050 2736 sic
1095 2683 1380 2753 unquam?
1408 2681 1564 2737 Prius
1592 2681 1745 2737 enim
1780 2698 1944 2753 quam
1975 2681 2148 2739 dixis-

542 2774 629 2822 set
656 2767 882 2838 aliquid,
927 2769 1123 2841 inquit,
1165 2793 1191 2819 «ι
1221 2770 1438 2827 Audisti
1472 2787 1582 2827 me.
1620 2795 1643 2819 ι»
1679 2774 1749 2826 Et
1775 2771 1850 2827 ita
1878 2788 1993 2827 non
2033 2788 2147 2827 ora-

541 2855 646 2922 tio,
693 2857 790 2912 sed
840 2856 1013 2927 ﬁgura
1057 2859 1320 2915 orationis
1370 2867 1474 2925 est,
1519 2868 1576 2916 et
1624 2859 1893 2915 indicium
1941 2861 2143 2915 solum.

546 2944 711 3017 Quod
745 2954 931 3002 autem
957 2963 1070 3002 non
1100 2964 1238 3020 opus
1267 2948 1466 3004 habeat
1497 2949 1762 3016 oratione,
1785 2949 2144 3006 manifestum

541 3044 722 3092 estex
761 3035 948 3093 multis
997 3037 1138 3103 aliis,
1185 3054 1308 3109 quae
1353 3039 1558 3110 absque
1607 3040 1853 3095 oratione
1889 3038 2139 3096 faciebat.

541 3124 712 3197 664
737 3148 762 3174 «ι
781 3126 905 3181 Tibi
921 3126 1069 3195 dico,
1084 3126 1451 3195 daemonium,
1471 3128 1730 3200 egredere
1750 3129 1818 3184 ab
1834 3129 1922 3185 illo
1945 3129 2089 3198 ιδ’-⁸³,
2119 3151 2142 3178 υ

541 3213 638 3262 et:
676 3228 702 3256 α
734 3207 896 3276 Volo,
945 3209 1190 3265 mundus
1233 3218 1352 3265 esto
1380 3209 1445 3277 ⁸⁸,
1480 3232 1507 3258 ιι
1547 3219 1600 3266 et
1633 3227 1646 3265 :
1689 3233 1713 3258 κ
1763 3211 2146 3267 Remittantur

542 3295 640 3351 tibi
665 3306 882 3368 peccata
925 3305 1018 3353 tua
1047 3297 1112 3363 ⁸⁵,
1162 3321 1188 3347 ι
1224 3299 1376 3370 quod
1418 3301 1720 3356 maximum
1752 3300 2028 3357 omnium.
2073 3304 2144 3358 Et

540 3387 679 3440 mari
714 3406 726 3442 :
764 3386 871 3442 Sile
908 3395 965 3442 et
1004 3388 1223 3459 quiesce
1253 3387 1313 3444 ⁸⁸.
1361 3412 1388 3438 ιο
1423 3391 1688 3445 Precatur
1724 3390 1906 3462 itaque
1951 3400 2013 3446 ut
2041 3390 2143 3447 cir-

534 3483 883 3531 cumstantes
910 3477 1138 3533 credant
1167 3477 1318 3549 quod
1341 3495 1368 3534 e
1389 3479 1645 3550 supernis
1666 3479 1756 3547 sit,
1788 3489 1848 3536 et
1866 3497 1978 3535 non
2010 3497 2143 3537 con-

536 3565 743 3619 trarius
767 3567 903 3621 Deo.
923 3569 1070 3623 Nam
1096 3568 1143 3622 si
1169 3568 1288 3624 haec
1321 3567 1547 3636 faciens,
1580 3577 1641 3625 et
1665 3571 1928 3626 omnibus
1959 3571 2140 3628 modis

537 3655 831 3710 ostendens
872 3671 1028 3712 suam
1071 3673 1199 3730 erga
1233 3660 1455 3716 Patrem
1501 3659 1895 3730 gratitudinem
1943 3661 2138 3717 :nihi-

535 3742 776 3801 lominus
813 3745 1084 3814 dixerant,
1119 3770 1144 3796 α
1192 3749 1319 3804 Non
1359 3757 1445 3805 est
1474 3764 1541 3805 ex
1577 3753 1700 3808 Deo
1734 3770 1747 3807 :
1789 3773 1815 3802 ιο
1855 3750 1989 3824 quid
2024 3767 2133 3808 non

533 3831 816 3905 dixissent,
849 3835 894 3894 si
915 3836 1047 3892 nihil
1079 3836 1190 3894 tale
1215 3837 1470 3896 fecisset?

605 4105 790 4162 Vens.
843 4110 1033 4162 43-46.
1083 4129 1111 4156 α
1149 4111 1331 4177 Atque
1368 4122 1498 4162 cum
1547 4107 1667 4164 haec
1701 4107 1950 4178 dixisset,
1999 4124 2134 4165 voce

532 4211 730 4268 magna
778 4195 1033 4253 clamavit
1074 4216 1085 4252 :
1145 4197 1372 4265 Lazare,
1424 4197 1545 4252 veni
1594 4196 1756 4253 foras.
1807 4201 1880 4254 Et
1931 4199 2134 4270 prodiit

530 4285 626 4356 qui
657 4284 832 4341 fuerat
873 4294 1152 4354 mortuus,
1191 4301 1389 4342 manus
1417 4295 1471 4341 et
1507 4285 1675 4358 pedes
1718 4287 1926 4344 habens
1955 4289 2130 4361 rejun-

528 4382 652 4430 ctos
679 4373 857 4431 fasciis
877 4375 1288 4446 sepulcralibus.
1312 4379 1383 4432 Et
1407 4375 1579 4432 facies
1601 4377 1744 4433 illius
1764 4379 1988 4436 sudario
2013 4387 2128 4435 erat

529 4463 801 4520 obvincta.
841 4465 995 4522 Dicit
1031 4465 1109 4521 eis
1151 4466 1315 4521 Jesus
1367 4485 1380 4521 :

529 4553 694 4610 abire.
725 4555 891 4610 Multi
919 4571 1047 4627 ergo
1065 4571 1138 4613 ex
1165 4555 1370 4612 Judzeis
1387 4555 1478 4627 qui
1499 4565 1757 4612 venerant
1779 4557 1848 4613 ad
1864 4557 2122 4627 Mariam,

527 4653 585 4698 et
615 4643 857 4699 viderant
890 4659 1012 4715 qua:
1039 4643 1255 4700 fecisset
1279 4649 1463 4713 Jesus,
1507 4645 1865 4702 crediderunt
1899 4647 1952 4702 in
1973 4663 2122 4703 eum.

527 4731 768 4801 Quidam
800 4741 985 4788 autem
1026 4750 1092 4790 ex
1131 4734 1265 4805 ipsis
1301 4735 1565 4791 abierunt
1612 4735 1679 4791 ad
1715 4736 2040 4805 Pharisaaos,
2072 4745 2128 4794 et

525 4821 786 4877 dixerunt
814 4823 892 4877 eis
917 4837 1038 4893 qua:
1077 4821 1294 4879 fecisset
1323 4814 1500 4880 Jesus.
1534 4847 1560 4874 »
1588 4825 1729 4881 Cum
1754 4825 1958 4898 gratias
1981 4826 2125 4899 egis-

524 4919 610 4968 set
632 4912 776 4967 Patri
815 4913 1092 4967 Dominus
1137 4914 1320 4985 potius
1357 4931 1523 4986 quam
1547 4924 1778 4984 orasset,
1827 4924 1888 4972 ut
1913 4917 2123 4973 dictum

523 5011 607 5058 est
633 5006 773 5068 (non
794 5002 945 5058 enim
969 5003 1160 5074 egebat
1192 5004 1444 5061 oratione
1469 5014 1526 5061 et
1570 5007 1832 5062 orationis
1851 5005 2119 5076 subsidio,

523 5100 714 5164 utpote
731 5092 956 5164 aequalis
980 5093 1127 5148 Patri
1148 5095 1415 5165 potentia)
1441 5096 1642 5152 clamat
1665 5112 1799 5153 voce
1822 5112 2038 5170 magna,
2061 5106 2123 5156 ut

521 5184 909 5240 auctoritatem
939 5191 995 5239 et
1020 5189 1348 5254 potestatem
1369 5184 1597 5240 habens.
1622 5188 1750 5242 Non
1777 5187 1930 5244 enim
1945 5189 2115 5245 dixit:

522 5273 586 5326 In
622 5275 850 5329 nomine
886 5275 1058 5330 Patris
1101 5274 1236 5344 mei,
1283 5276 1489 5330 Lazare
1517 5275 1634 5332 veni
1671 5274 1854 5346 foras;
1885 5295 2064 5350 neque
2101 5298 2116 5336 :

522 5363 808 5419 Resuscita
847 5381 997 5427 eum,
1041 5367 1219 5430 Pater,
1254 5364 1352 5420 sed
1387 5381 1512 5421 cum
1549 5367 1896 5434 auctoritate,
1943 5378 2004 5425 ut
2033 5370 2118 5425 di-

523 5457 674 5506 ctum
716 5460 820 5523 est,
863 5455 1100 5510 omnino
1152 5471 1249 5511 ora
1291 5471 1486 5511 eorum
1523 5456 1788 5513 obturans
1837 5459 1930 5529 qui
1964 5459 2118 5514 illum

523 5541 684 5596 Patre
730 5543 1005 5600 minorem
1047 5544 1256 5601 dicunt.
1309 5545 1453 5615 Quid
1503 5547 1650 5603 enim
1713 5564 1813 5618 par
1862 5550 2116 5619 potestati

593 5720 636 5753 ⁸²
674 5720 718 5754 ⁸³
744 5722 904 5777 Joan.
944 5736 1034 5792 ix,
1062 5728 1115 5790 8,
1152 5729 1236 5780 16.
1313 5724 1360 5762 ⁸⁸
1391 5727 1534 5782 Luc.
1566 5740 1656 5793 iv,
1683 5731 1769 5781 35.

1583 389 2103 456 THEOPHYLACTI
2142 390 2498 447 BULGAPJ/E
2533 391 2850 449 ARCHIEP.

559 523 720 595 quasi
761 523 1103 595 impossibile
1143 523 1466 580 existimans
1495 533 1720 596 propter
1746 522 1964 580 dierum
2012 522 2142 578 mul-

2274 541 2364 598 ρας
2392 517 2700 596 γενομένους
2747 522 2839 578 τοῦ
2879 516 3125 596 σημείου.

1851 5725 1901 5763 ⁸⁵
1931 5727 2134 5784 Matth.
2165 5744 2303 5798 Ylll,
2331 5734 2382 5784 3.

3771 394 3872 450 104

3215 517 3298 578 Τὸ
3329 517 3415 589 δὲ,
3471 545 3498 571 α
3535 515 3682 588 Ἤδη
3732 518 3871 588 ὄζει·

2269 595 2576 687 τεταρταῖος
2619 607 2721 688 γάρ
2755 609 2894 667 ἐστιν
2918 652 2934 681 ,
2967 630 2995 667 ι)
3050 610 3352 666 ἀπιστοῦσα
3383 595 3529 666 εἶπεν
3557 613 3592 680 ἡ
3642 607 3872 685 Μάρθα,

2267 698 2340 765 ὡς
2393 698 2648 756 ἀδύνατον
2707 688 2840 756 εἶναι
2887 696 3155 774 νομίσασα
3223 697 3286 756 τὸ
3354 698 3652 768 ἀναστῆναι
3713 701 3872 768 αὐτῆς

2267 787 2357 845 τὸν
2406 788 2633 868 ἀδελφὸν
2669 787 2758 846 διὰ
2787 787 2848 846 τὸ
2899 791 3065 864 μῆκος
3114 789 3218 844 τῶν
3268 790 3521 866 ἡμερῶνο
3552 785 3737 854 ὀὕτως
3793 785 3870 846 ἔτι

2267 876 2414 935 κάτω
2449 877 2746 957 στρέφεται.
2793 875 2862 938 ⁸0
2905 878 2959 934 δὲ
3014 875 3247 956 Χριστὸς
3297 876 3720 953 ἀναμιμνήσκων
3771 878 3868 934 αὐ-

2266 965 2363 1040 τὴν
2391 1013 2409 1042 ,
2459 956 2532 1023 ῶν
2569 956 2698 1046 πρὸς
2729 965 2893 1038 αὐτὴν
2925 967 3197 1046 διελέχθη,
3244 965 3356 1046 καὶΔ
3383 966 3574 1044 σχεδὸν
3607 967 3868 1041 ἐπιτιμῶν

2267 1059 2338 1123 ὣς
2377 1044 2755 1134 ἀμνημονούσῃ
2778 1101 2794 1128 ,
2830 1056 3023 1136 φησίνο
3061 1082 3087 1108 α
3141 1058 3261 1114 Οὐκ
3309 1044 3454 1114 εἶπόν
3507 1079 3611 1132 σοι,
3652 1055 3734 1112 ὅτι
3777 1054 3868 1136 ἐᾲν

2265 1146 2584 1226 πιστεύσῃς,
2615 1144 2732 1226 ὄψει
2763 1144 2858 1218 τὴν
2886 1144 3039 1213 δόξαν
3073 1149 3164 1206 τοῦ
3197 1147 3369 1218 Θεοῦ,
3407 1169 3437 1199 )›
3469 1147 3600 1212 Τοῖς
3645 1143 3738 1220 μὲν
3771 1135 3862 1204 οὐν

2267 1240 2528 1311 μαθηταῖς
2604 1234 2816 1311 ἔλεγεν·
2895 1257 2924 1292 α
3000 1233 3123 1294 Ἵνα
3201 1233 3425 1312 δοξασθῇ
3490 1239 3518 1295 ὁ
3576 1233 3706 1300 Υἱὸς
3775 1237 3868 1293 τοῦ

2265 1328 2442 1398 Θεοῦ,
2479 1349 2510 1382 ιι
2563 1323 2650 1382 διὰ
2691 1329 2849 1384 τοῦτο
2878 1324 3111 1383 ἀπέθανε
3144 1323 3406 1402 Λάζαρος·
3443 1329 3509 1406 τῇ
3547 1322 3603 1381 δὲ
3635 1321 3869 1404 Μάρθα,

2269 1437 2300 1470 α
2345 1411 2458 1485 Τὴν
2493 1412 2670 1487 δόξαν,
2707 1414 2891 1494 φησὶν,
2929 1413 3048 1494 ὄψει
3073 1418 3164 1472 τοῦ
3190 1416 3367 1487 Θεοῦ,
3399 1439 3429 1470 ι)
3465 1411 3588 1493 περὶ
3630 1417 3720 1472 τοῦ
3747 1415 3869 1473 Πα-

2264 1502 2382 1582 τρὸς
2423 1504 2615 1582 λέγων.
2703 1501 2773 1562 Ἡ
2827 1503 2929 1584 γὰρ
2993 1505 3234 1563 ἀσθένεια
3272 1508 3377 1563 τῶν
3429 1502 3725 1562 ἀκουόντων
3773 1507 3866 1560 τοῦ

2264 1592 2524 1673 διαφόρως
2570 1593 2639 1652 τὰ
2681 1591 2944 1672 λεγόμενα
2995 1591 3241 1668 λέγεσθαι
3287 1592 3431 1652 αἰτία
3479 1592 3646 1654 ἐστίν.
3711 1589 3868 1650 Ἐπεὶ

2306 1682 2320 1703 \
2398 1681 2414 1702 >
2574 1691 2594 1701 -
2796 1682 2809 1704 ι
3121 1685 3146 1699 ~
3244 1683 3258 1704 ς
3352 1673 3385 1704 Ὺ
3546 1681 3558 1701 \
3661 1681 3675 1701 ι
3817 1680 3832 1702 I

2262 1705 2365 1763 γαρ
2417 1685 2645 1742 Ιουδαιοι
2674 1705 3005 1765 παρισταντο
3035 1684 3172 1754 ἔχει,
3209 1706 3304 1740 ουκ
3349 1706 3414 1755 ην
3457 1684 3598 1748 εἷκος
3625 1705 3716 1740 τον
3751 1683 3867 1740 Κυ-

2267 1795 2375 1852 ριον
2423 1774 2622 1845 εἰπεῖν,
2671 1772 2753 1831 ὅτι
2801 1798 2827 1827 α
2869 1769 3034 1850 Ὄψει
3084 1771 3178 1843 τὴν
3245 1770 3398 1840 δόξαν
3452 1777 3545 1830 τοῦ
3595 1773 3726 1832 Υίοῦ
3769 1775 3867 1832 τοῦ

2569 1853 2605 1934 ἧ
2648 1861 2750 1942 γὰρ
2803 1861 2866 1920 ἂν
2927 1861 3070 1930 ἔδοξε
3119 1861 3243 1941 περὶ
3292 1864 3480 1920 ἑαυτοῦ
3543 1863 3863 1938 κομπάζειν.

2264 1955 2374 2012 Νῦν
2425 1951 2480 2010 δὲ
2531 1951 2658 2031 περὶ
2702 1957 2796 2010 τοῦ
2851 1952 3060 2032 Πατρὸς
3113 1949 3296 2024 εἰπὼν,
3343 1949 3864 2031 εὐπαραδεκτότερον

2262 2041 2354 2100 καὶ
2407 2040 2760 2121 μετριώτερον
2794 2040 3014 2114 ἐποίησε
3046 2039 3132 2098 τὸν
3179 2039 3357 2118 λόγον.
3410 2039 3567 2099 Διατί
3617 2039 3672 2098 δὲ
3703 2038 3860 2119 εὔχε-

2263 2154 2387 2208 ται,
2428 2133 2631 2207 μᾶλλον
2665 2131 2720 2189 δὲ
2755 2133 2914 2210 εὐχῆς
2965 2133 3152 2210 σχῆμα
3188 2129 3448 2201 ἀνέλαϐε,
3482 2131 3643 2188 αὐτοῦ
3675 2130 3864 2208 λέγον-

2261 2243 2348 2288 τος
2368 2220 2612 2280 ἄκουσον.
2701 2221 2854 2292 Φησὶ
2883 2219 3019 2300 γάρ·
3055 2243 3084 2274 α
3110 2215 3212 2278 Διὰ
3235 2218 3324 2277 τὸν
3349 2222 3680 2298 περιεστῶτα
3703 2218 3864 2298 ὄχλον

2262 2299 2448 2384 εἶπον,
2481 2308 2570 2369 ἵνα
2607 2310 2966 2369 πιστεύσωσιν
3001 2307 3084 2368 ὅτι
3135 2309 3200 2367 σύ
3234 2331 3300 2382 με
3337 2307 3678 2375 ἀπέστειλας.
3717 2333 3748 2365 ιι
3784 2307 3864 2370 ⁸⁵0

2261 2398 2316 2457 δὲ
2369 2398 2539 2478 λέγει,
2597 2404 2833 2459 τοιοῦτον
2885 2402 3061 2458 ἐστιν’
3111 2397 3232 2460 Ἵνα
3283 2397 3357 2474 μὴ
3392 2397 3627 2458 ἀντίθεόν
3663 2421 3729 2476 με
3775 2422 3864 2459 νο·

2261 2488 2524 2567 μίσωσιν,
2558 2491 2648 2548 ἵνα
2679 2487 2754 2567 μὴ
2795 2490 3054 2568 λέγωσιν,
3089 2488 3168 2547 ὅτι
3212 2510 3239 2545 α
3293 2491 3412 2548 Οὐκ
3464 2487 3607 2546 ἔστιν
3657 2489 3717 2545 ἐκ
3765 2493 3861 2546 τοῦ

2258 2581 2434 2637 Θεοῦ·
2469 2603 2500 2636 π
2545 2577 2634 2636 ἵνα
2682 2577 2834 2646 δείξω
2880 2578 3022 2637 κατὰ
3063 2577 3282 2654 γνώμην
3335 2577 3434 2651 σὴν
3465 2577 3524 2636 τὸ
3572 2577 3722 2656 ἔργον
3771 2601 3860 2654 γε·

2256 2668 2491 2745 νόμενον.
2529 2667 2664 2729 εὈτι
2695 2668 2750 2727 δὲ
2784 2666 2939 2728 τοῦτό
2969 2670 3081 2727 ἐστι
3121 2669 3212 2726 καὶ
3245 2669 3302 2725 οὐ
3335 2668 3402 2725 δι’
3431 2667 3602 2739 ἄλλην
3631 2667 3820 2745 χρείαν
3845 2717 3860 2741 ,

2257 2759 2397 2816 ἀλλὰ
2431 2759 2517 2818 διὰ
2550 2758 2670 2825 τοὺς
2716 2763 3078 2839 περιεστῶτας
3109 2759 3252 2816 δοκεῖ
3301 2758 3587 2836 εὔχεσθαι,
3631 2758 3708 2815 ἴδε
3757 2757 3858 2828 τὴν

2255 2846 2454 2927 εὐχήνο
2516 2875 2541 2902 ‹‹
2605 2850 2930 2927 Εὐχαριστῶ
2974 2871 3088 2919 σοι,
3137 2849 3218 2907 ὅτι
3263 2846 3498 2920 ἤκουσάς
3542 2871 3660 2924 μου.
3698 2873 3722 2899 ι
3761 2847 3859 2914 Τίς

2253 2936 2310 2995 δὲ
2338 2937 2503 3006 οὕτως
2537 2936 2732 3009 ηὔξατό
2785 2959 2950 3016 wore;
2985 2936 3127 3016 Πρὶν
3173 2937 3276 3016 γάρ
3325 2961 3376 2995 τι
3429 2941 3618 3008 εἰπεῖν,
3668 2938 3856 3016 φησὶν,

2255 3053 2280 3080 α
2313 3025 2584 3095 Ἤκουσάς
2611 3051 2732 3104 μου.
2759 3054 2782 3081 ιο
2809 3025 2983 3087 ’Ὥστε
3009 3029 3106 3086 οὐκ
3133 3026 3290 3106 εὐχὴ,
3317 3024 3452 3085 ἀλλὰ
3478 3030 3669 3106 σχῆμα
3692 3028 3860 3105 εὐχῆς

2257 3121 2412 3176 τοῦτο
2432 3162 2448 3190 ,
2488 3117 2580 3176 καὶ
2609 3117 2863 3195 ἔνδειγμα
2909 3119 3088 3192 μόνον.
3112 3114 3248 3178 Ὀτι
3287 3114 3342 3174 δὲ
3373 3119 3430 3175 οὐ
3472 3118 3640 3174 δεῖται
3673 3117 3858 3194 εὐχῆς,

2269 3169 2448 3190 -_---,
2489 3169 2579 3176 .-ω
2610 3169 2746 3176 υ---
2833 3169 2863 3174 π
2937 3169 3088 3177 -,,,,,
3152 3169 3248 3178 ν--
3291 3169 3341 3174 η
3377 3169 3426 3175 --
3476 3169 3639 3174 --ηπ
3674 3169 3722 3175 ,-
3753 3169 3858 3194 (η,

2181 3169 2227 3236 C
2255 3206 2414 3279 δῆλον
2439 3207 2528 3288 ἀφ’
2561 3197 2634 3265 ὧν
2667 3169 2825 3267 ἄλλὲ
2843 3169 3017 3265 πολλὰ
3047 3203 3211 3285 χωρὶς
3237 3208 3396 3285 εὐχῆς
3421 3207 3609 3268 ἐποίει.
3698 3169 3858 3266 «ῙΣοὶ

2253 3296 2412 3375 λέγω,
2444 3297 2742 3375 δαιμόνιον,
2767 3295 2939 3364 ἔξελθε
2971 3296 3024 3361 ἐξ
3055 3299 3217 3355 αὐτοῦ
3238 3318 3252 3332 ⁸
3291 3321 3313 3347 υ
3343 3297 3464 3368 καὶ,
3496 3321 3520 3348 α
3555 3293 3735 3368 Θέλω,
3762 3319 3861 3354 κα-

2251 3387 2560 3467 θαρίσθητι·
2615 3414 2639 3439 ι
2671 3385 2786 3462 καὶ,
2846 3408 2875 3443 (ι
2913 3387 3204 3466 Ἀφέωνται
3238 3387 3291 3442 αἱ
3337 3383 3598 3464 ἁμαρτίαι
3647 3407 3780 3460 σου,
3823 3411 3853 3441 ι)

2248 3473 2486 3553 ὃμεῖζον
2535 3475 2752 3534 πάντων
2804 3473 2934 3532 ἐστί·
2983 3475 3073 3533 καὶ
3118 3478 3187 3554 τῇ
3220 3474 3498 3550 θαλάσσῃ,
3545 3494 3572 3528 (ι
3622 3475 3857 3550 Σιώπα,

2247 3566 2552 3649 πεφίμωσο.
2608 3590 2639 3623 Ὠ
2710 3564 2833 3625 Ἵνα
2876 3564 3050 3624 τοίνυν
3094 3566 3142 3624 οἱ
3209 3567 3558 3644 περιεστῶτες
3629 3565 3854 3622 πιστεύ-

2249 3679 2452 3732 σωσιν,
2485 3657 2568 3717 ὅτι
2621 3655 2818 3715 ἄνωθέν
2865 3656 3015 3731 ἐστι,
3061 3654 3153 3714 καὶ
3202 3658 3298 3714 οὐκ
3350 3654 3616 3726 ἀντίθεος,
3661 3653 3854 3714 τούτου

2246 3745 2420 3807 ἕνεκεν
2464 3746 2706 3828 εὔχεται.
2761 3748 2832 3807 Εἰ
2870 3749 3042 3804 ταῦτα
3085 3744 3188 3824 γὰρ
3241 3749 3536 3818 ποιοῦντος,
3571 3743 3664 3802 καὶ
3714 3743 3855 3803 πάν-

2242 3842 2390 3897 τοθεν
2419 3835 2716 3904 δεικνύντος
2743 3835 2837 3908 τὴν
2862 3835 2994 3915 πρὸς
3032 3833 3122 3894 τὸν
3162 3833 3383 3913 Πατέρα
3414 3830 3849 3912 εὐγνωμοσύνην,

2240 3925 2386 4000 ὅμως
2415 3926 2627 4003 ἔλεγον,
2661 3926 2744 3984 ὅτι
2779 3947 2807 3982 (‹
2840 3927 2960 3984 Οὐκ
2995 3923 3138 3982 ἔστιν
3169 3925 3229 3981 ἐκ
3265 3928 3357 3982 τοῦ
3388 3925 3556 4001 Θεοῦ,
3589 3944 3619 3982 ι)
3656 3923 3707 3981 τί
3755 3917 3851 3981 οὖν

2242 4017 2336 4073 οὐκ
2362 4015 2428 4074 ἂν
2476 4006 2621 4074 εἶπον
2643 4061 2660 4089 ,
2690 4017 2736 4073 εἰ
2771 4014 2937 4091 μηδὲν
2989 4019 3220 4072 τοιοῦτον
3253 4013 3454 4091 ἐποίει;

2332 4125 2362 4162 (ι
2411 4103 2521 4163 Καὶ
2570 4109 2742 4162 ταῦτα
2796 4102 2987 4180 εἰπὼν,
3042 4106 3192 4182 φωνῇ
3243 4103 3455 4183 μεγάλῃ
3505 4101 3849 4183 ἐκραύγασε·

2240 4192 2489 4274 Λάζαρε,
2521 4193 2673 4272 δεῦρο
2721 4191 2838 4262 ἔξω.
2889 4191 2997 4253 Καὶ
3046 4192 3256 4265 ἐξῆλθεν
3301 4195 3329 4250 ὁ
3377 4191 3660 4269 τεθνηκὼς,
3704 4193 3852 4251 δεδε-

2241 4282 2396 4360 μένος
2453 4285 2549 4350 τὰς
2597 4283 2786 4363 χεῖρας
2837 4281 2928 4340 καὶ
2986 4281 3108 4349 τοὺς
3151 4282 3318 4349 πόδας
3369 4282 3610 4362 κειρίαις,
3665 4282 3756 4340 καὶ
3811 4287 3845 4354 ἡ

2237 4373 2355 4454 ὄψις
2405 4375 2567 4433 αὐτοῦ
2633 4372 2900 4453 σουδαρίῳ
2968 4371 3318 4453 περιεδέδετο.
3374 4374 3537 4448 Λέγει
3588 4374 3762 4438 αὐτοῖς
3818 4375 3848 4431 ὃ

1437 4466 1640 4522 Solvite
1689 4483 1842 4533 eum,
1872 4477 1928 4524 et
1971 4468 2126 4526 sinite

2250 4463 2483 4535 Ἰησοῦςο
2521 4462 2736 4525 Λύσατε
2766 4462 2958 4536 αὐτὸν,
3003 4462 3095 4521 καὶ
3141 4463 3300 4542 ἄφετε
3341 4463 3583 4541 ὑπάγειν.
3637 4461 3845 4522 Πολλοὶ

2237 4543 2325 4612 οὐν
2377 4555 2437 4612 ἐκ
2477 4556 2580 4611 τῶν
2622 4551 2892 4612 Ἰουδαίων
2923 4552 2971 4610 οἳ
3011 4551 3244 4617 ἐλθόντες
3272 4551 3400 4632 πρὸς
3445 4551 3544 4623 τὴν
3594 4552 3842 4630 Μαρίαν,

2235 4643 2328 4703 καὶ
2381 4644 2699 4720 θεασάμενοι
2753 4643 2786 4701 ἃ
2826 4640 3072 4713 ἐποίησεν
3133 4644 3160 4699 ὃ
3219 4642 3468 4717 Ἰησοῦς,
3521 4639 3842 4701 ἐπίστευσαν

2236 4735 2308 4801 εἷς
2357 4732 2537 4792 αὐτόν.
2589 4733 2746 4798 Τινὲς
2809 4733 2864 4791 δὲ
2916 4731 2968 4800 ἐξ
3019 4732 3190 4790 αὐτῶν
3247 4733 3485 4805 ἀπῆλθον
3546 4731 3677 4810 πρὸς
3722 4729 3844 4798 τοὺς

2237 4823 2595 4903 Φαρισαίους,
2627 4822 2719 4882 καὶ
2757 4811 2903 4880 εἶπον
2931 4822 3102 4889 αὐτοῖς
3127 4819 3161 4878 ἃ
3190 4821 3434 4894 ἐποίησεν
3467 4824 3495 4880 ὁ
3541 4819 3769 4893 Ἰησοῦς.
3799 4843 3828 4878 ››

2237 4911 2646 4994 Εὐχαριστήσας
2689 4915 2765 4992 τῷ
2818 4909 3000 4991 Πατρὶ
3043 4915 3071 4970 ὁ
3119 4909 3314 4990 Κύριος
3360 4912 3563 4989 μᾶλλον
3601 4909 3636 4981 ἢ
3681 4909 3838 4978 εὐξά-

2234 5025 2391 5078 μενος
2454 5005 2546 5078 (ὡς
2601 5001 2809 5080 εἴρηται
2855 5001 2978 5081 γὰρ,
3017 5004 3112 5060 οὐκ
3161 5000 3327 5060 ἐδεῖτο
3371 5003 3531 5079 εὐχῆς
3589 4997 3682 5058 καὶ
3740 5003 3838 5070 τῆς

2233 5093 2291 5150 ἐκ
2320 5091 2516 5164 ταύτης
2559 5094 2748 5171 ῥοπῆς,
2783 5093 2854 5158 ὡς
2899 5090 3215 5168 ἷσοδύναμος
3263 5093 3340 5171 τῷ
3393 5088 3620 5169 Πατρὶ),
3656 5089 3838 5169 κράζει

2231 5186 2380 5262 φωνῇ
2430 5180 2663 5260 μεγάλῃ,
2713 5183 2997 5260 αὐθεντικῇ
3057 5179 3150 5239 καὶ
3219 5181 3533 5258 δεσποτικῇ.
3587 5181 3670 5238 Οὐ
3727 5177 3834 5258 γὰρ

2231 5262 2408 5346 εἶπεν,
2456 5272 2549 5332 Ἐν
2581 5271 2808 5344 ὀνόματι
2850 5275 2944 5331 τοῦ
2979 5268 3192 5349 Πατρός
3238 5293 3365 5345 μου,
3415 5268 3650 5348 Λάζαρε,
3680 5270 3836 5347 δεῦρο

2231 5361 2350 5438 ἔξω,
2385 5361 2536 5435 οὐδὲ,
2569 5361 2896 5433 Ἀνάστησον
2934 5359 3126 5434 αὐτὸν,
3165 5359 3373 5438 Πάτερ,
3412 5357 3550 5432 ἀλλ’,
3583 5362 3653 5426 ὡς
3695 5357 3835 5437 εἴρη-

2228 5475 2351 5526 ται,
2409 5455 2764 5525 αὐθεντικῶς,
2839 5451 3157 5532 ἐμφράττων
3228 5449 3407 5508 πάντα
3459 5448 3527 5508 τὰ
3586 5447 3831 5524 στόματα

2229 5545 2333 5600 τῶν
2377 5541 2629 5600 ἐλάττονα
2672 5545 2856 5600 τοῦτον
2904 5540 3165 5619 λεγόντων
3209 5542 3304 5600 τοῦ
3349 5535 3582 5620 Πατρός.
3613 5537 3688 5599 Τί
3727 5538 3830 5618 γὰρ

2462 5729 2508 5767 εδ
2534 5727 2732 5785 Matth.
2769 5743 2856 5794 ιχ,
2886 5732 2934 5781 2.
