4198 6522
358 471 452 525 105
1182 471 1575 529 ENARRATIO
1613 473 1681 528 IN
1721 467 2152 530 EVANGELIUM
2187 475 2484 534 JOANNIS.
2526 508 2596 520 —
2631 479 2784 535 CAP.
2823 479 2909 535 ΧΙ.

3592 479 3696 538 106

357 586 495 654 ἶσον’
519 595 618 665 τῆς
649 595 905 664 ἐξουσίας
958 594 1164 669 ταύτης
1203 595 1395 673 γένοιτ’
1426 596 1501 676 κᾶν
1525 642 1542 676 ,
1587 595 1670 656 ὅτι
1720 601 1789 665 ὣς
1837 601 1976 666 ζῶντε

2100 599 2226 657 huic
2279 599 2382 658 fuit
2416 619 2669 676 unquam
2716 603 2852 658 dum
2889 602 3136 675 loquitur
3176 610 3400 660 mortuo
3430 612 3696 678 tanquam

364 684 730 763 διαλεγόμενος
777 688 862 767 τῷ
891 685 1238 758 τελευτηκότι
1275 686 1446 768 φησί·
1489 709 1517 745 (ι
1564 688 1796 764 Λάζαρε,
1831 689 1984 769 δεῦρο

370 775 499 844 ἕως
538 798 566 832 ι)
608 776 702 842 Εἷς
734 775 896 856 ἔργον
941 774 999 834 δὲ
1029 776 1125 835 καὶ
1174 783 1260 834 νῦν
1305 775 1460 849 ἐξέϐη
1491 776 1586 848 τὸ,
1641 799 1671 834 (ι
1715 774 1983 858 Ἔρχεται

377 865 523 944 ὥρα,
556 862 645 924 ὅτε
694 869 746 925 οῖ
777 865 963 944 νεκροὶ
997 865 1318 925 ἀκούσονται
1365 871 1459 937 τῆς
1503 870 1677 946 φωνῆς
1707 872 1798 924 τοῦ
1847 869 1983 926 Υἱοῦ

374 961 464 1014 τοῦ
492 960 675 1025 Θεοῦ,
719 955 816 1013 καὶ
865 957 914 1013 οἱ
954 957 1280 1024 ἀκούσαντες
1326 956 1601 1026 ζήσονται.
1649 978 1678 1013 ››
1723 955 1847 1015 Ἵνα
1878 957 1982 1038 γὰρ

372 1045 449 1122 μή
473 1069 549 1110 τις
592 1044 811 1124 νομίσῃ,
841 1045 924 1104 ὅτι
951 1047 1080 1125 παρ’
1111 1045 1288 1124 ἐτέρου
1333 1044 1495 1104 ἔλαϐε
1540 1043 1638 1117 τὴν
1665 1046 1980 1125 ἐμέργειαν,

374 1133 621 1213 προλέγει
668 1140 856 1209 τοῦτο,
886 1133 916 1193 ὃ
948 1135 1036 1192 διὰ
1066 1138 1172 1192 τῶν
1198 1135 1366 1215 ἔργων
1394 1134 1579 1202 δείξειν
1631 1133 1871 1210 ἔμελλεν.
1907 1136 1978 1197 ¢li

374 1225 543 1283 τοίνυν
577 1225 789 1302 μεγάλη
818 1223 966 1303 φωνῆ
989 1231 1084 1282 τοῦ
1112 1227 1362 1305 Σωτῆρος
1381 1269 1396 1297 ,
1439 1223 1530 1282 τὸν
1557 1224 1804 1306 Λάζαρον
1848 1229 1978 1285 ἀνα-

376 1313 645 1386 στήσασα,
677 1313 946 1390 σύμϐολόν
989 1315 1104 1372 ἐστι
1141 1319 1234 1387 τῆς
1268 1313 1508 1393 μεγάλης
1550 1313 1844 1392 σάλπιγγος
1885 1319 1978 1388 τῆς

374 1401 673 1478 μελλούσης
713 1407 920 1482 ’ἷιχῆσαι
963 1405 1016 1462 ἐν
1062 1407 1130 1484 τῇ
1171 1409 1320 1484 κοινῇ
1364 1402 1672 1465 ἀναστάσει.
1726 1403 1890 1480 Μέγα
1923 1405 1979 1464 δὲ

371 1490 588 1570 ἔκραξεν
635 1495 665 1550 ὁ
710 1492 926 1572 Κύριος,
975 1491 1063 1550 διὰ
1102 1498 1293 1570 τοῦτο,
1326 1491 1415 1552 ἵνα
1446 1492 1515 1552 τὰ
1545 1495 1650 1550 τῶν
1699 1491 1978 1565 ἹΞλλήνων

370 1581 622 1663 ἐμφράξῃ
671 1581 948 1659 στόματα,
1002 1586 1107 1640 τῶν
1162 1580 1561 1659 μυθευομένων,
1599 1584 1650 1640 ἐν
1698 1585 1775 1663 τῷ
1835 1583 1978 1662 μνή-

370 1695 503 1747 ματι
535 1661 671 1729 εἶναι
715 1671 810 1743 τὴν
852 1673 1051 1751 ψυχήν.
1105 1671 1206 1737 ⁶Ως
1233 1674 1333 1752 γὰρ
1362 1673 1630 1754 πόρρωθεν
1666 1661 1827 1731 οὖσαν
1875 1675 1976 1730 αὐ-

372 1759 466 1831 τὴν
535 1759 622 1818 διὰ
672 1764 768 1831 τῆς
823 1765 1059 1841 κραυγῆς
1108 1762 1514 1840 προσκαλεῖται.
1568 1761 1794 1840 Ὥσπερ
1838 1763 1893 1820 δὲ
1941 1768 1976 1837 ἡ

369 1850 660 1916 ἀνάστασις
708 1850 844 1922 αὕτη
889 1855 923 1921 ἡ
978 1853 1195 1931 μερικὴ,
1255 1851 1394 1911 οὕτω
1431 1851 1521 1911 καὶ
1567 1857 1599 1922 ἡ
1652 1850 1878 1911 καθόλου
1923 1855 1978 1913 ἐν

373 1941 561 2021 ἀτόμῳ
602 1939 693 1998 καὶ
892 1942 1182 2020 ὀφθαλμοῦξ
1207 1940 1377 2000 ἔσται.
1424 1964 1455 2000 (ι
1489 1941 1714 2012 Ἐξῆλθε
1743 1941 1830 2017 δὲ,
1871 1966 1973 2020 φη-

371 2030 477 2106 σὶν,
507 2033 537 2088 ὃ
582 2029 848 2102 τεθνηκὼς
898 2030 1175 2106 δεδεμένος
1213 2031 1306 2098 τὰς
1353 2040 1539 2112 χεῖρας
1569 2030 1662 2090 καὶ
1715 2031 1831 2099 τοὺς
1863 2031 1974 2091 πό-

372 2119 484 2187 δας.
522 2148 547 2170 ι
593 2120 715 2180 Οὐκ
758 2121 978 2180 ἔλαττον
1026 2119 1130 2199 γὰρ
1163 2119 1330 2179 ἐδόκει
1359 2111 1496 2180 εἶναι
1543 2121 1836 2200 παράδοξον
1883 2128 1973 2181 τοῦ

372 2210 709 2281 ἀναστῆναι,
765 2209 825 2268 τὸ
874 2209 1101 2278 ἐξελθεῖν
1147 2210 1462 2289 δεδεμένον·
1525 2209 1616 2270 καὶ
1681 2216 1860 2289 θαῦμα
1913 2204 1974 2285 ἦν

369 2299 507 2366 ὅλως
551 2299 611 2357 τὸ
665 2298 936 2374 δεδεμένον
999 2302 1288 2373 κινεῖσθαι,
1348 2300 1684 2378 συνημμένον
1745 2301 1977 2377 θαύματι

368 2393 446 2470 τῷ
493 2391 811 2459 ἀναστῆναι.
861 2388 1082 2449 Κελεύει
1131 2390 1187 2448 δὲ
1229 2389 1386 2450 αὐτὸν
1433 2393 1614 2465 λῦσαι,
1651 2389 1795 2458 ὅπως
1836 2395 1975 2466 πλη-

368 2479 484 2538 σίον
537 2477 851 2556 γενόμενοι,
918 2478 1012 2537 καὶ
1068 2479 1370 2560 ἁψάμενοι,
1436 2479 1620 2540 ἴδωσιν
1691 2479 1770 2538 ὅτι
1830 2471 1975 2552 οὗτος

370 2567 566 2634 ἐκεῖνός
597 2569 764 2628 ἐστιν.
800 2567 1065 2646 ’Υπάγειν
1092 2569 1147 2628 δὲ
1192 2569 1349 2629 αὐτόν
1386 2593 1547 2650 φησι,
1585 2570 1674 2628 διά
1703 2571 1763 2629 τὸ
1795 2572 1971 2649 ἀκόμ-

368 2681 603 2717 παστον·
651 2660 707 2716 οὗ
745 2658 849 2737 γὰρ
892 2657 1149 2736 ἐπάγεται
1190 2660 1378 2730 αὐτὸν,
1431 2659 1549 2718 οὐδὲ
1602 2660 1804 2719 κελεύει
1857 2663 1973 2738 μετ’

370 2752 530 2807 αὐτοῦ
599 2747 949 2826 περιπατεῖν,
1011 2747 1150 2806 ὥστε
1197 2748 1618 2808 ἐπιδείκνυσθαι.
1676 2750 1973 2827 Γενομένου

368 2839 424 2896 δὲ
470 2841 563 2895 τοῦ
603 2837 898 2914 θαύματος,
947 2839 996 2896 οἱ
1041 2836 1136 2915 μὲν
1185 2838 1504 2898 ἐπίστευσαν
1553 2842 1660 2898 τῶν
1701 2840 1975 2916 θεασαμέ-

370 2952 472 2985 νων
495 2974 513 3006 ,
543 2929 590 2985 οἱ
638 2927 695 2984 δὲ
729 2927 1068 3004 ἀπήγγειλαν
1113 2935 1224 2994 τοῖς
1255 2929 1581 3006 Φαρισαίοις
1603 2975 1617 2999 ,
1654 2929 1974 2988 διαϐάλλον-

368 3041 454 3084 τες
482 3016 696 3084 πάντως
746 3017 935 3089 αὐτὸν,
981 3019 1053 3084 ὡς
1099 3016 1311 3076 ἀνόσιόν
1351 3041 1402 3076 τι
1449 3017 1855 3098 τετολμηκότα,
1888 3010 1973 3078 οἶα

368 3106 457 3165 τὸν
487 3105 818 3182 τεθαμμένον
853 3106 1163 3186 ἀνασκάψαι
1193 3107 1586 3187 προστάξαντα.

2097 690 2316 760 viventi,
2343 701 2400 748 et
2431 691 2564 749 dicit
2595 714 2608 750 :
2645 716 2672 743 α
2693 695 2914 762 Lazare,
2944 692 3066 748 veni
3095 690 3280 750 foras?
3315 716 3341 742 ιο
3369 697 3510 750 Ecce
3545 711 3696 752 nunc

2093 795 2260 852 opere
2289 781 2580 854 impletum
2618 791 2699 838 est
2730 782 2833 838 hoc
2870 781 3021 854 quod
3061 781 3198 838 dixit
3237 801 3250 836 :
3296 804 3322 831 ε
3366 783 3528 839 Venit
3561 784 3695 840 hora

2095 886 2224 926 cum
2249 872 2455 927 mortui
2488 871 2718 927 audient
2754 887 2948 928 vocem
2990 871 3110 928 Filii
3136 871 3228 927 Dei
3260 889 3274 925 :
3311 880 3365 928 et
3385 872 3478 944 qui
3500 873 3694 931 audie-

2097 959 2208 1014 rint
2237 960 2421 1016 vivent
2451 961 2544 1016 ⁸⁸3³
2572 987 2594 1010 ν
2624 965 2768 1019 Nam
2812 977 2882 1017 ne
2905 961 3029 1032 quis
3056 962 3330 1017 existimet
3358 961 3506 1034 quod
3534 965 3698 1019 Jesus

2093 1048 2162 1104 ab
2200 1049 2310 1106 alio
2352 1051 2622 1124 acceperit
2657 1052 3063 1123 Operationem,
3112 1051 3359 1123 praedicit
3399 1051 3506 1107 hoc
3542 1052 3694 1124 quod

2093 1154 2192 1210 per
2255 1155 2420 1211 opera
2470 1148 2884 1197 monstraturus
2944 1148 3084 1196 erat.
3139 1142 3438 1207 Caeterum,
3489 1156 3693 1212 magna

2093 1243 2195 1282 vox
2221 1229 2516 1285 Salvatoris
2539 1245 2662 1302 qua:
2693 1233 2966 1286 Lazarum
2993 1230 3242 1299 suscitat,
3265 1229 3583 1302 symbolum
3607 1237 3693 1288 est

2093 1333 2306 1390 magnae
2335 1319 2483 1376 tubae
2509 1335 2633 1392 quae
2672 1328 2940 1376 sonatura
2974 1328 3060 1376 est
3102 1319 3160 1374 in
3185 1319 3471 1375 communi
3510 1319 3692 1378 result/-

2091 1406 2351 1463 rectione.
2386 1411 2584 1479 Magna
2625 1417 2811 1465 autem
2839 1425 2973 1465 voce
3014 1409 3270 1465 clamavit
3309 1409 3606 1477 Dominus,
3633 1417 3691 1465 et

2092 1496 2148 1551 id
2173 1505 2398 1569 propter
2433 1497 2557 1566 hoc,
2606 1507 2670 1554 ut
2698 1500 3010 1555 osbtrueret
3039 1515 3135 1555 ora
3166 1498 3474 1570 gentilium,
3507 1498 3691 1555 dicen-

2090 1585 2228 1642 tium
2275 1588 2334 1641 in
2382 1588 2648 1659 sepulcris
2697 1604 2815 1645 esse
2854 1588 3092 1644 animas.
3140 1590 3316 1644 Vocat
3358 1589 3511 1644 enim
3538 1588 3692 1644 illam

2089 1691 2218 1731 cum
2245 1677 2487 1734 clamore
2529 1686 2591 1733 ut
2620 1679 2811 1749 procul
2844 1678 3156 1734 absentem.
3203 1676 3691 1748 Quemadmodum

2088 1774 2277 1822 autem
2307 1767 2643 1824 resurrectio
2685 1768 2790 1824 ista
2839 1767 3209 1839 particularis,
3254 1769 3326 1823 ita
3365 1769 3536 1824 etiam
3564 1767 3690 1823 uni-

2087 1856 2316 1912 versalis
2343 1857 2403 1911 in
2435 1864 2723 1912 momento
2752 1864 2809 1913 et
2850 1856 2908 1911 in
2935 1857 3050 1912 ictu
3087 1855 3234 1912 oculi
3263 1857 3388 1912 erit.
3438 1877 3466 1908 «
3496 1859 3693 1927 Egres-

2090 1961 2185 2001 sus
2213 1954 2400 2002 autem
2435 1955 2540 2016 est,
2567 1947 2764 2019 inquit,
2808 1946 2903 2018 qui
2928 1954 3182 2002 mortuus
3216 1954 3358 2015 erat,
3397 1945 3694 2002 obvinctus

2089 2050 2289 2092 manus
2335 2044 2392 2092 et
2421 2035 2605 2108 pedes.
2642 2059 2666 2084 ιι
2702 2039 2831 2092 Non
2861 2036 3046 2091 minus
3075 2035 3225 2092 enim
3254 2035 3544 2091 videbatur
3572 2050 3692 2091 esse

2088 2125 2340 2182 mirabile
2367 2126 2612 2182 vinctum
2644 2125 2850 2198 egredi,
2897 2141 3066 2198 quam
3094 2125 3370 2182 suscitari.
3420 2127 3490 2180 Et
3515 2125 3689 2181 mira-

2084 2215 2274 2272 culum
2304 2225 2424 2272 erat
2459 2231 2584 2272 vere
2606 2216 2858 2272 vinctum
2906 2215 3141 2281 moveri,
3174 2214 3537 2288 conjunctum
3579 2214 3686 2270 mi-

2083 2306 2274 2362 raculo
2324 2306 2764 2362 resurrectionis.
2807 2305 2975 2362 Jubet
3024 2322 3152 2363 vero
3217 2305 3372 2361 illum
3420 2304 3583 2375 solvi,
3630 2312 3692 2360 ut

2083 2411 2254 2467 prope
2283 2394 2413 2451 facti
2453 2405 2507 2451 et
2543 2397 2880 2467 attingentes
2900 2395 3126 2451 videant
3154 2395 3302 2466 quod
3333 2395 3422 2450 ille
3451 2394 3566 2467 ipse
3594 2394 3687 2452 sit.

2085 2485 2254 2540 Abire
2281 2494 2470 2541 autem
2502 2485 2657 2541 illum
2699 2485 2864 2554 dicit,
2903 2484 2972 2554 ad
3015 2483 3332 2556 fugiendam
3361 2485 3690 2540 ostentatio-

2082 2590 2232 2631 nem.
2265 2577 2390 2630 Non
2434 2575 2587 2630 enim
2615 2574 2770 2630 ducit
2801 2573 2956 2629 illum
2985 2589 3192 2639 secum,
3229 2590 3407 2645 neque
3430 2573 3590 2645 jubet
3626 2581 3690 2629 ut

2081 2679 2271 2720 secum
2319 2664 2572 2720 ambulet
2618 2673 2678 2720 ut
2709 2665 2789 2719 sic
2829 2679 2948 2719 sese
2998 2671 3252 2719 ostentet.
3298 2664 3466 2718 Facto
3504 2670 3690 2718 autem

2086 2753 2375 2820 miraculo,
2402 2755 2765 2825 spectantium
2795 2753 2882 2808 alii
2913 2753 3141 2825 quidem
3181 2752 3564 2820 crediderunt,
3601 2752 3690 2808 alii

2082 2853 2269 2900 autem
2300 2844 2764 2900 annuntiaverunt
2808 2843 3120 2910 Pharisaeis,
3158 2843 3562 2900 calumniantes
3601 2843 3688 2898 ni—

2081 2933 2289 2989 mirum
2316 2942 2379 2988 ut
2406 2933 2707 3006 profanam
2738 2949 2862 2990 rem
2892 2949 3060 2990 ausus
3087 2931 3276 3003 fuerit,
3320 2933 3593 3006 imperare
3627 2940 3691 2990 ut

2081 3021 2383 3080 effodiatur
2411 3023 2675 3096 sepultus.

455 3219 485 3252 σ
521 3196 833 3273 Συνήγαγον
882 3187 970 3255 οὖν
1015 3200 1064 3256 οἱ
1095 3200 1386 3276 ἀρχιερεῖς,
1431 3196 1524 3256 καὶ
1575 3199 1624 3256 οἱ
1674 3201 1974 3280 Φαρισαῖοι

2153 3211 2331 3265 Vsus.
2381 3215 2475 3277 47,
2506 3212 2598 3265 48.
2635 3231 2659 3257 α
2705 3210 3184 3280 Congregaverunt
3223 3222 3356 3280 ergo
3399 3205 3691 3280 pontiﬁces

366 3285 667 3364 συνέδριον·
719 3286 811 3342 καὶ
865 3285 1044 3362 ἔλεγον
1073 3309 1087 3322 ·
1139 3285 1212 3345 Τί
1265 3291 1553 3362 ποιοῦμεν,
1604 3285 1685 3345 ὅτι
1737 3279 1885 3354 οὗτος
1946 3291 1974 3346 δ

363 3375 642 3453 ἄνθρωπος
682 3373 858 3433 πολλὰ
908 3383 1107 3451 σημεῖα
1137 3384 1310 3448 ποιεῖ;
1365 3376 1496 3436 Ἐὰν
1546 3380 1768 3459 ἀφῶμεν
1817 3378 1971 3436 αὐτὸν

360 3465 537 3537 οὕτω,
593 3463 790 3530 πάντες
825 3465 1199 3524 πιστεύσουσιν
1233 3469 1305 3532 εἷς
1356 3465 1545 3524 αὐτόν·
1594 3466 1687 3524 καὶ
1725 3467 1972 3526 ἐλεύσον-

363 3579 451 3614 ται
495 3559 545 3614 οἱ
599 3553 895 3629 (Ρωμαῖοι,
943 3553 1036 3612 καὶ
1090 3557 1306 3635 ἀροῦσιν
1352 3559 1508 3632 ἡμῶν
1541 3555 1632 3615 καὶ
1670 3557 1759 3614 τὸν
1811 3557 1971 3615 τόπον

363 3645 456 3704 καὶ
499 3644 563 3702 τὸ
613 3645 781 3709 ἔθνος.
836 3666 865 3702 ι)
932 3644 1064 3703 Δέον
1113 3644 1503 3716 ἐκπλήττεσθαι
1534 3643 1626 3703 καὶ
1687 3647 1972 3721 θαυμάζειν

359 3736 449 3794 τὸν
481 3739 794 3804 τηλικαῦτα
821 3739 1072 3792 ποιοῦντα
1117 3733 1367 3812 θαύματα
1387 3782 1405 3811 ,
1459 3737 1663 3812 μᾶλλον
1699 3735 1977 3815 βουλεύον-

361 3848 452 3882 ται
503 3827 555 3882 οἱ
605 3827 905 3904 Φαρισαῖοι
951 3823 1110 3882 αὐτὸν
1169 3826 1391 3900 ἀνελεῖν,
1442 3825 1572 3901 ὅπερ
1625 3816 1690 3896 ῆν
1745 3825 1975 3906 ἐσχάτης

364 3913 571 3985 ἀνοίας,
605 3913 690 3971 ὅτι
731 3913 821 3972 τὸν
852 3917 906 3973 ἐν
935 3917 1046 3979 τοῖς
1081 3916 1186 3972 τῶν
1229 3915 1405 3973 ἄλλων
1437 3915 1656 3990 σώμασι
1687 3920 1777 3973 τοῦ
1809 3913 1974 3972 θανά-

363 4028 456 4062 του
513 4003 956 4084 περιγενόμενον,
1012 4003 1224 4084 θανάτῳ
1293 4003 1634 4085 παραδώσειν
1699 4004 1976 4080 ἐνόμιζον,

363 4094 503 4153 ὥστε
534 4094 634 4165 τὴν
665 4092 820 4161 δόξαν
861 4095 1025 4152 αὐτοῦ
1059 4093 1422 4175 συγκαλύψαι,
1454 4096 1547 4153 καὶ
1577 4093 1715 4171 μετὰ
1742 4101 1978 4154 τοσαῦτα

364 4184 621 4258 θαύματα
678 4183 952 4262 ἄνθρωπον
1010 4182 1162 4262 ψιλὸν
1243 4184 1400 4242 αὐτὸν
1453 4185 1765 4261 νομίζουσι,
1821 4211 1844 4237 α
1905 4182 1980 4244 Τί

365 4277 626 4348 ποιοῖμεν
653 4317 671 4345 ,
728 4273 1009 4350 λέγοντες,
1059 4270 1141 4330 ὅτι
1189 4276 1217 4332 ὁ
1270 4273 1543 4354 ἄνθρωπος
1597 4266 1748 4341 οὗτος
1797 4272 1973 4332 πολλὰ

363 4363 572 4436 σημεῖα
610 4370 789 4434 ποιεῖ;
822 4384 851 4419 ο
896 4363 1006 4422 Καὶ
1034 4363 1088 4421 τί
1117 4367 1273 4422 τοῦτο
1311 4362 1558 4441 ἔγκλημα
1580 4407 1598 4436 ,
1633 4365 1679 4422 εἰ
1717 4385 1748 4422 (ι
1777 4366 1976 4435 σημεῖα

364 4461 543 4526 mei;
588 4456 687 4512 Δεῖ
733 4456 1048 4530 πιστεῦσαι,
1096 4451 1189 4510 καὶ
1235 4458 1656 4532 προσκυνῆσαι,
1708 4452 1800 4512 καὶ
1860 4477 1974 4530 μη-

366 4542 481 4600 κέτι
534 4542 765 4617 νομίζειν
819 4542 1096 4620 ἄνθρωπον
1137 4541 1313 4622 ψιλόν,
1366 4541 1516 4622 Ὀρα
1542 4543 1600 4601 δὲ
1655 4541 1750 4617 τὴν
1799 4542 1975 4602 σκαιό-

365 4653 507 4701 τητα
563 4634 668 4689 τῶν
725 4631 1078 4708 Φαρισαίων·
1133 4630 1223 4690 τὸν
1282 4630 1412 4691 λαὸν
1477 4634 1759 4692 ἄνασεῖσαι
1813 4656 1977 4691 σπου-

367 4720 639 4793 δάζοντες,
678 4720 1014 4798 ἐμϐάλλουσι
1065 4720 1248 4800 λόγον,
1295 4723 1367 4790 ὡς
1421 4721 1707 4799 μέλλοντος
1737 4727 1828 4781 τοῦ
1873 4725 1977 4780 τῶν

363 4808 644 4870 Ἰουδαίων
699 4809 932 4882 πλήθους
983 4807 1334 4885 κινδυνεύειν,
1395 4811 1486 4870 καὶ
1526 4812 1628 4872 ὑπὸ
1682 4810 1978 4890 Ῥωμαίων

365 4900 668 4958 ἀπολέσθαι
716 4900 806 4958 ἐπὶ
855 4901 1060 4983 ὑποψία
1106 4900 1435 4981 τυραννίδος.
1480 4923 1508 4958 ε
1569 4904 1634 4961 Εἰ
1665 4901 1772 4980 γὰρ
1805 4901 1978 4982 ἀφίω-

368 5012 501 5066 μεν,
538 4989 712 5070 φησὶ,
757 4995 983 5068 τοῦτον,
1038 5013 1070 5048 ι)
1110 4990 1269 5070 ὄχλον
1321 4989 1488 5050 πολὺν
1539 4989 1643 5059 ἕξει
1687 4990 1860 5050 ὀπίσω
1891 4992 1982 5049 αὖ·

362 5084 480 5151 τοῦ,
513 5078 854 5156 ἀπαγόμενον
909 5081 1016 5139 ὕπὸ
1061 5085 1157 5152 τῆς
1207 5084 1313 5140 τῶν
1349 5077 1587 5156 σημείων
1641 5079 1968 5154 ἐπιδείξεως,

361 5172 461 5228 καὶ
503 5169 693 5229 λοιπὸν
723 5175 867 5246 ἡμᾶς
907 5171 1112 5238 πάντας
1143 5170 1566 5230 ὑποπτεύσουσιν
1621 5172 1669 5230 οἱ
1711 5169 1980 5248 Ῥωμαῖοι

360 5259 455 5317 ἐπὶ
502 5259 817 5336 τυραννίδι,
875 5282 906 5317 (ι
957 5261 1050 5318 καὶ
1084 5265 1302 5340 ἀροῦσιν
1361 5262 1517 5335 ἡμῶν
1567 5281 1597 5317 ι)
1659 5259 1754 5326 τὰς
1800 5259 1980 5326 πόλεις

360 5350 458 5408 καὶ
506 5349 850 5430 ἀφανίσουσι.
891 5351 1083 5410 Ταῦτα
1134 5350 1226 5422 δὲ,
1258 5353 1328 5417 ὥς
1372 5349 1540 5429 ἔφην,
1577 5349 1757 5428 ἔλεγον
1792 5352 1852 5409 ἐκ
1880 5372 1976 5407 πο-

359 5441 570 5518 νηρίας.
607 5441 726 5501 Ἰνα
751 5439 860 5520 γὰρ
892 5440 968 5517 μὴ
998 5439 1087 5498 διὰ
1129 5439 1314 5519 φθόνον
1347 5439 1568 5508 δόξωσιν
1613 5439 1978 5498 ἐπιϐουλεύειν

361 5532 444 5609 τῷ
475 5533 730 5612 Χριστῷ,
773 5530 863 5589 τὸν
917 5530 1089 5589 κοινὸν
1123 5530 1361 5589 κίνδυνον
1394 5532 1468 5597 εἷς
1505 5528 1669 5608 μέσον
1697 5527 1941 5610 φέρουσιν
1964 5571 1980 5600 ,

363 5631 780 5701 παρακινοῦντες
829 5619 927 5679 τὸν
981 5619 1111 5678 λαὸν
1161 5619 1303 5678 κατὰ
1357 5622 1593 5700 Χριστοῦ
1621 5664 1637 5694 ,
1686 5623 1757 5688 ὡς
1805 5617 1977 5679 αἰτίου

416 5812 489 5850 ’δ’
516 5817 692 5874 Joan.
731 5824 800 5874 γ,
833 5810 929 5861 25.

631 5910 904 5967 PA‘I'HOL.
945 5900 1045 5955 GR.
1089 5898 1301 5954 CXXIV.

2006 4511 2057 4574 D

2082 3305 2138 3355 et
2161 3297 2421 3355 Pharisaei
2447 3298 2615 3369 665
2647 3299 2964 3365 concilium,
2993 3313 3057 3353 ac
3082 3297 3337 3353 dicebant
3377 3315 3392 3353 :
3423 3296 3568 3367 Quid
3604 3297 3685 3354 fa-

2081 3388 2281 3455 cimus,
2320 3387 2443 3459 quia
2477 3387 2646 3444 homo
2677 3388 2762 3443 hic
2815 3387 2988 3444 multa
3031 3387 3185 3459 signa
3216 3386 3384 3443 facit?
3415 3386 3469 3443 Si
3520 3385 3689 3443 dimi-

2083 3478 2320 3533 serimus
2343 3493 2470 3532 eum
2501 3479 2600 3546 sic,
2631 3493 2824 3534 omnes
2861 3476 3086 3532 credent
3117 3477 3174 3532 in
3203 3492 3356 3545 eum,
3387 3484 3441 3531 et
3469 3476 3689 3532 venient

2082 3567 2346 3636 Romani,
2384 3575 2442 3622 et
2480 3569 2672 3623 tollent
2707 3576 2963 3623 nostrum
2997 3575 3119 3621 tum
3167 3566 3367 3635 locum,
3402 3573 3525 3621 tum
3553 3581 3687 3638 gen-

2083 3663 2220 3712 tem.
2266 3681 2292 3705 »
2331 3655 2810 3728 Obstupescendus
2831 3666 2885 3712 et
2917 3655 3256 3711 admirabilis
3279 3665 3396 3711 erat
3415 3656 3506 3727 qui
3534 3663 3688 3712 tanta

2085 3745 2325 3802 faciebat
2343 3745 2625 3800 miracula.
2650 3745 2907 3801 Pharisaei
2929 3753 3116 3799 autem
3136 3759 3260 3799 eum
3278 3744 3456 3815 magis
3476 3759 3689 3815 quame-

2085 3834 2221 3891 bant
2265 3834 2532 3902 occidere,
2567 3833 2620 3888 id
2653 3833 2801 3906 quod
2840 3840 3104 3888 extremae
3131 3832 3461 3904 insipientia:
3495 3831 3686 3901 fuerit,

2087 3923 2237 3998 quod
2259 3923 2429 3979 morti
2449 3939 2507 3979 se
2526 3923 2828 3979 tradituros
2852 3921 3236 3978 existimabant
3265 3937 3395 3976 eum
3421 3919 3513 3992 qui
3539 3936 3689 3976 mor-

2087 4014 2270 4071 temin
2301 4014 2536 4070 aliorum
2565 4012 2815 4068 vincebat
2840 4011 3163 4084 corporibus
3194 4029 3208 4066 :
3238 4009 3688 4081 conabanturque

2088 4104 2166 4160 ita
2204 4103 2434 4176 gloriam
2463 4103 2580 4175 ejus
2611 4103 2923 4171 obscurare,
2969 4109 3134 4172 atque
3167 4109 3292 4172 post
3328 4108 3483 4156 tanta
3517 4101 3688 4156 mira-

2088 4195 2210 4250 cula
2258 4209 2458 4266 purum
2490 4193 2781 4248 hominem
2824 4207 2947 4248 esse
2997 4190 3432 4260 arbitrabantur,
3482 4213 3509 4239 ιι
3543 4188 3689 4260 Quid

2087 4281 2343 4351 facimus,
2376 4304 2402 4334 »
2451 4281 2722 4350 dicentes,
2758 4304 2785 4332 ι
2836 4281 2965 4352 quia
2993 4280 3084 4335 hic
3114 4280 3286 4336 homo
3316 4280 3492 4336 multa
3531 4279 3688 4350 signa

2088 4370 2252 4428 facit?
2295 4395 2320 4422 ιο
2353 4374 2424 4428 Et
2469 4372 2629 4442 quale
2667 4371 2773 4426 hoc
2819 4369 3054 4437 crimen,
3102 4369 3253 4440 quod
3301 4368 3458 4439 signa
3508 4367 3686 4423 facit?

2085 4460 2393 4533 Oportebat
2441 4477 2572 4533 ergo
2610 4459 2833 4516 credere
2876 4469 2931 4515 et
2958 4458 3212 4527 adorare,
3259 4466 3314 4513 et
3349 4473 3460 4512 non
3503 4455 3688 4512 adhuc

2087 4550 2292 4607 habere
2319 4567 2419 4622 pro
2455 4549 2683 4606 homine
2713 4565 2872 4621 puro.
2903 4547 3040 4605 Vide
3069 4555 3255 4604 autem
3292 4544 3689 4617 malignitatem

2085 4641 2431 4708 Judaaorum,
2483 4639 2748 4712 populum
2780 4652 3133 4694 commovere
3164 4634 3525 4703 studentium,
3555 4635 3689 4708 quia

2087 4732 2358 4787 rationem
2403 4728 2644 4786 afferunt
2695 4729 2852 4801 quasi
2894 4727 3079 4800 populi
3131 4724 3428 4782 multitudo
3469 4725 3691 4796 pericli-

2088 4829 2264 4877 tatura
2295 4828 2456 4887 esset,
2487 4827 2541 4875 et
2581 4835 2613 4874 a
2651 4817 2922 4874 Romanis
2960 4815 3234 4889 perdenda
3276 4814 3348 4872 ob
3389 4813 3693 4890 tyrannidis

2087 4911 2476 4982 suSpicionem.
2522 4911 2666 4964 Nam
2717 4927 2745 4960 ιι
2780 4907 2835 4964 Si
2876 4907 3290 4979 permiserimus
3332 4921 3462 4962 eum
3511 4904 3611 4971 sic,
3656 4923 3686 4956 ιι

2085 5000 2308 5056 turbam
2329 4998 2563 5054 multam
2585 4997 2808 5053 habebit
2831 5004 2960 5070 post
2978 5012 3056 5065 se,
3085 5011 3208 5068 quae
3227 4995 3513 5067 signorum
3535 4991 3694 5049 exhi-

2087 5088 2298 5146 bitione
2345 5096 2628 5160 sequetur,
2660 5096 2716 5143 et
2739 5102 2842 5143 nos
2867 5102 3065 5142 omnes
3085 5085 3157 5142 de
3199 5083 3490 5158 tyrannide
3509 5095 3694 5152 suspe-

2087 5187 2204 5235 ctos
2224 5178 2504 5234 habebunt
2524 5177 2776 5246 Romani,
2807 5184 2863 5232 et
2889 5177 3086 5232 tollent
3106 5183 3324 5230 nostras
3352 5170 3618 5239 civitates,
3640 5177 3698 5226 et

2087 5276 2352 5325 evertent.
2379 5269 2513 5323 Haec
2539 5275 2748 5334 autem,
2779 5273 2840 5321 ut
2857 5265 2994 5333 dixi,
3026 5281 3139 5337 prae
3172 5262 3380 5318 malitia
3413 5259 3692 5316 dicebant.

2088 5358 2168 5414 Ut
2205 5357 2356 5413 enim
2395 5373 2506 5413 non
2537 5356 2790 5413 videatur
2823 5354 3070 5410 insidiari
3097 5351 3320 5409 Christo
3352 5357 3576 5422 propter
3605 5349 3696 5405 in-

2087 5445 2296 5504 vidiam
2342 5463 2641 5503 commune
2675 5444 2982 5517 periculum
3017 5443 3071 5498 in
3123 5439 3372 5497 medium
3427 5438 3694 5509 afferunt,

2088 5538 2426 5594 concitantes
2473 5536 2741 5608 populum
2790 5541 2981 5589 contra
3028 5531 3332 5597 Christum,
3377 5529 3534 5603 quasi
3577 5545 3697 5602 per-

2089 5625 2312 5685 ditionis
2361 5634 2555 5684 auctor
2580 5626 2670 5682 ille
2708 5631 2852 5681 esset
2885 5621 3137 5681 futurus.
3190 5621 3392 5694 Accipe
3429 5629 3612 5678 autem
3643 5626 3706 5674 et
