  <div class='ocr_page' id='page_1' title='image "/cluster/home/n/w/nwhite01/storage/ocr_20150623/124:no.2/coo.31924054870294/062.png"; bbox 0 0 4198 6460; ppageno 0'>
   <div class='ocr_carea' id='block_1_1' title="bbox 308 488 407 544">
    <p class='ocr_par' dir='ltr' id='par_1_1' title="bbox 308 488 407 544">
     <span class='ocr_line' id='line_1_1' title="bbox 308 488 407 544; baseline -0.02 0"><span class='ocrx_word' id='word_1_1' title='bbox 308 488 407 544; x_wconf 69' lang='grc'><strong>109</strong></span> 
     </span>
    </p>
   </div>
   <div class='ocr_carea' id='block_1_2' title="bbox 1139 483 2864 541">
    <p class='ocr_par' dir='ltr' id='par_1_2' title="bbox 1139 483 2864 541">
     <span class='ocr_line' id='line_1_2' title="bbox 1139 483 2864 541; baseline -0.001 -1"><span class='ocrx_word' id='word_1_2' title='bbox 1139 484 1529 541; x_wconf 79' lang='lat' dir='ltr'><strong>ENARRATIO</strong></span> <span class='ocrx_word' id='word_1_3' title='bbox 1569 487 1633 540; x_wconf 85' lang='lat' dir='ltr'><strong>IN</strong></span> <span class='ocrx_word' id='word_1_4' title='bbox 1673 483 2107 540; x_wconf 79' lang='lat' dir='ltr'><strong>EVANGELIUM</strong></span> <span class='ocrx_word' id='word_1_5' title='bbox 2142 483 2438 540; x_wconf 77' lang='lat' dir='ltr'><strong>JOA‘NNIS.</strong></span> <span class='ocrx_word' id='word_1_6' title='bbox 2477 514 2548 524; x_wconf 89' lang='lat'>—</span> <span class='ocrx_word' id='word_1_7' title='bbox 2583 483 2734 539; x_wconf 85' lang='lat' dir='ltr'><strong>CAP.</strong></span> <span class='ocrx_word' id='word_1_8' title='bbox 2775 485 2864 540; x_wconf 85' lang='lat' dir='ltr'><strong>XI.</strong></span> 
     </span>
    </p>
   </div>
   <div class='ocr_carea' id='block_1_3' title="bbox 3545 495 3647 549">
    <p class='ocr_par' dir='ltr' id='par_1_3' title="bbox 3545 495 3647 549">
     <span class='ocr_line' id='line_1_3' title="bbox 3545 495 3647 549; baseline 0 -1"><span class='ocrx_word' id='word_1_9' title='bbox 3545 495 3647 549; x_wconf 82' lang='lat' dir='ltr'><strong>HO</strong></span> 
     </span>
    </p>
   </div>
   <div class='ocr_carea' id='block_1_4' title="bbox 314 608 1980 697">
    <p class='ocr_par' dir='ltr' id='par_1_4' title="bbox 314 608 1980 695">
     <span class='ocr_line' id='line_1_4' title="bbox 314 608 1980 695; baseline -0.003 -22"><span class='ocrx_word' id='word_1_10' title='bbox 314 611 592 695; x_wconf 69' lang='grc' dir='ltr'>ἀρχιερεὺς</span> <span class='ocrx_word' id='word_1_11' title='bbox 649 611 730 671; x_wconf 81' lang='grc' dir='ltr'>ὢν</span> <span class='ocrx_word' id='word_1_12' title='bbox 801 615 898 671; x_wconf 88' lang='grc' dir='ltr'><strong>τοῦ</strong></span> <span class='ocrx_word' id='word_1_13' title='bbox 951 612 1190 671; x_wconf 83' lang='grc' dir='ltr'>ἐνιαυτοῦ</span> <span class='ocrx_word' id='word_1_14' title='bbox 1245 609 1444 670; x_wconf 83' lang='grc' dir='ltr'>ἐκείνου</span> <span class='ocrx_word' id='word_1_15' title='bbox 1509 608 1980 691; x_wconf 56' lang='grc' dir='ltr'>προεφήτευσενμ</span> 
     </span>
    </p>
   </div>
   <div class='ocr_carea' id='block_1_5' title="bbox 2074 608 3651 697">
    <p class='ocr_par' dir='ltr' id='par_1_5' title="bbox 2074 616 3651 697">
     <span class='ocr_line' id='line_1_5' title="bbox 2074 616 3651 697; baseline 0.007 -26"><span class='ocrx_word' id='word_1_16' title='bbox 2074 634 2176 674; x_wconf 79' lang='lat' dir='ltr'><strong>:um</strong></span> <span class='ocrx_word' id='word_1_17' title='bbox 2211 625 2355 674; x_wconf 87' lang='lat' dir='ltr'><strong>esset</strong></span> <span class='ocrx_word' id='word_1_18' title='bbox 2397 616 2650 689; x_wconf 85' lang='lat' dir='ltr'><strong>pontifex</strong></span> <span class='ocrx_word' id='word_1_19' title='bbox 2676 618 2805 673; x_wconf 90' lang='lat' dir='ltr'><strong>anni</strong></span> <span class='ocrx_word' id='word_1_20' title='bbox 2834 617 2998 682; x_wconf 88' lang='lat' dir='ltr'><strong>illius,</strong></span> <span class='ocrx_word' id='word_1_21' title='bbox 3031 616 3358 676; x_wconf 84' lang='lat' dir='ltr'><strong>vaticinatus</strong></span> <span class='ocrx_word' id='word_1_22' title='bbox 3381 631 3466 678; x_wconf 89' lang='lat' dir='ltr'><strong>est</strong></span> <span class='ocrx_word' id='word_1_23' title='bbox 3499 625 3651 697; x_wconf 92' lang='lat' dir='ltr'><strong>quod</strong></span> 
     </span>
    </p>
   </div>
   <div class='ocr_carea' id='block_1_6' title="bbox 317 700 1931 780">
    <p class='ocr_par' dir='ltr' id='par_1_6' title="bbox 317 700 1931 780">
     <span class='ocr_line' id='line_1_6' title="bbox 317 700 1931 780; baseline -0.004 -16"><span class='ocrx_word' id='word_1_24' title='bbox 317 705 402 764; x_wconf 72' lang='grc' dir='ltr'>ὅτι</span> <span class='ocrx_word' id='word_1_25' title='bbox 438 704 668 780; x_wconf 74' lang='grc' dir='ltr'>ἔμελλεν</span> <span class='ocrx_word' id='word_1_26' title='bbox 721 701 939 774; x_wconf 84' lang='grc' dir='ltr'>Ἰησοῦς</span> <span class='ocrx_word' id='word_1_27' title='bbox 995 700 1350 772; x_wconf 79' lang='grc' dir='ltr'><strong>ἀποθνήσκειν</strong></span> <span class='ocrx_word' id='word_1_28' title='bbox 1385 700 1518 780; x_wconf 79' lang='grc' dir='ltr'>ὑπὲρ</span> <span class='ocrx_word' id='word_1_29' title='bbox 1570 705 1664 758; x_wconf 92' lang='grc' dir='ltr'><strong>τοῦ</strong></span> <span class='ocrx_word' id='word_1_30' title='bbox 1716 700 1931 775; x_wconf 83' lang='grc' dir='ltr'>ἔθνους,</span> 
     </span>
    </p>
   </div>
   <div class='ocr_carea' id='block_1_7' title="bbox 326 788 1938 875">
    <p class='ocr_par' dir='ltr' id='par_1_7' title="bbox 326 788 1938 875">
     <span class='ocr_line' id='line_1_7' title="bbox 326 788 1938 875; baseline -0.005 -21"><span class='ocrx_word' id='word_1_31' title='bbox 326 796 418 855; x_wconf 84' lang='grc' dir='ltr'><strong>καί</strong></span> <span class='ocrx_word' id='word_1_32' title='bbox 453 797 556 875; x_wconf 68' lang='grc' dir='ltr'>οὐχ</span> <span class='ocrx_word' id='word_1_33' title='bbox 606 792 747 871; x_wconf 75' lang='grc' dir='ltr'>ὑπὲρ</span> <span class='ocrx_word' id='word_1_34' title='bbox 809 796 905 850; x_wconf 86' lang='grc' dir='ltr'><strong>τοῦ</strong></span> <span class='ocrx_word' id='word_1_35' title='bbox 969 790 1145 858; x_wconf 82' lang='grc' dir='ltr'>ἔθνους</span> <span class='ocrx_word' id='word_1_36' title='bbox 1198 790 1377 867; x_wconf 88' lang='grc' dir='ltr'>μόνον,</span> <span class='ocrx_word' id='word_1_37' title='bbox 1431 789 1552 849; x_wconf 82' lang='grc' dir='ltr'>ἀλλ’</span> <span class='ocrx_word' id='word_1_38' title='bbox 1595 788 1684 849; x_wconf 80' lang='grc' dir='ltr'><strong>ἵνα</strong></span> <span class='ocrx_word' id='word_1_39' title='bbox 1730 791 1820 848; x_wconf 88' lang='grc' dir='ltr'>καὶ</span> <span class='ocrx_word' id='word_1_40' title='bbox 1869 789 1938 847; x_wconf 81' lang='grc' dir='ltr'><strong>τὰ</strong></span> 
     </span>
    </p>
   </div>
   <div class='ocr_carea' id='block_1_8' title="bbox 331 878 1936 960">
    <p class='ocr_par' dir='ltr' id='par_1_8' title="bbox 331 878 1936 960">
     <span class='ocr_line' id='line_1_8' title="bbox 331 878 1936 960; baseline -0.004 -15"><span class='ocrx_word' id='word_1_41' title='bbox 331 886 486 945; x_wconf 81' lang='grc' dir='ltr'>τέκνα</span> <span class='ocrx_word' id='word_1_42' title='bbox 531 887 628 943; x_wconf 86' lang='grc' dir='ltr'><strong>τοῦ</strong></span> <span class='ocrx_word' id='word_1_43' title='bbox 659 887 810 944; x_wconf 85' lang='grc' dir='ltr'>Θεοῦ</span> <span class='ocrx_word' id='word_1_44' title='bbox 841 881 909 938; x_wconf 76' lang='grc' dir='ltr'><strong>τὰ</strong></span> <span class='ocrx_word' id='word_1_45' title='bbox 940 879 1387 959; x_wconf 82' lang='grc' dir='ltr'><strong>διεσκορπισμένα</strong></span> <span class='ocrx_word' id='word_1_46' title='bbox 1419 878 1694 960; x_wconf 80' lang='grc' dir='ltr'>συναγάγῃ</span> <span class='ocrx_word' id='word_1_47' title='bbox 1743 883 1816 947; x_wconf 81' lang='grc' dir='ltr'>εἷς</span> <span class='ocrx_word' id='word_1_48' title='bbox 1859 878 1936 939; x_wconf 78' lang='grc' dir='ltr'>ἓν.</span> 
     </span>
    </p>
   </div>
   <div class='ocr_carea' id='block_1_9' title="bbox 335 962 1936 1050">
    <p class='ocr_par' dir='ltr' id='par_1_9' title="bbox 335 962 1936 1050">
     <span class='ocr_line' id='line_1_9' title="bbox 335 962 1936 1050; baseline -0.007 -14"><span class='ocrx_word' id='word_1_49' title='bbox 335 976 451 1036; x_wconf 79' lang='grc' dir='ltr'><strong>Ἀπ’</strong></span> <span class='ocrx_word' id='word_1_50' title='bbox 506 973 710 1046; x_wconf 78' lang='grc' dir='ltr'><strong>ἐκείνης</strong></span> <span class='ocrx_word' id='word_1_51' title='bbox 760 962 850 1031; x_wconf 61' lang='grc' dir='ltr'><strong>οὖν</strong></span> <span class='ocrx_word' id='word_1_52' title='bbox 903 975 998 1042; x_wconf 78' lang='grc' dir='ltr'><strong>τῆς</strong></span> <span class='ocrx_word' id='word_1_53' title='bbox 1045 970 1251 1050; x_wconf 84' lang='grc' dir='ltr'>ἡμέρας</span> <span class='ocrx_word' id='word_1_54' title='bbox 1295 969 1800 1048; x_wconf 80' lang='grc' dir='ltr'>συνεϐουλεύσαντο,</span> <span class='ocrx_word' id='word_1_55' title='bbox 1851 965 1936 1026; x_wconf 81' lang='grc' dir='ltr'><strong>ἵνα</strong></span> 
     </span>
    </p>
   </div>
   <div class='ocr_carea' id='block_1_10' title="bbox 335 1058 1939 1129">
    <p class='ocr_par' dir='ltr' id='par_1_10' title="bbox 335 1058 1939 1129">
     <span class='ocr_line' id='line_1_10' title="bbox 335 1058 1939 1129; baseline -0.006 -4"><span class='ocrx_word' id='word_1_56' title='bbox 335 1063 719 1125; x_wconf 75' lang='grc' dir='ltr'>ἀποκτείνωσιν</span> <span class='ocrx_word' id='word_1_57' title='bbox 769 1060 951 1121; x_wconf 78' lang='grc' dir='ltr'>αὐτόν.</span> <span class='ocrx_word' id='word_1_58' title='bbox 989 1082 1017 1117; x_wconf 74' lang='grc' dir='ltr'><strong>ιι</strong></span> <span class='ocrx_word' id='word_1_59' title='bbox 1073 1059 1225 1120; x_wconf 82' lang='grc' dir='ltr'>Μετὰ</span> <span class='ocrx_word' id='word_1_60' title='bbox 1261 1063 1366 1118; x_wconf 80' lang='grc' dir='ltr'><strong>τῶν</strong></span> <span class='ocrx_word' id='word_1_61' title='bbox 1415 1059 1591 1118; x_wconf 80' lang='grc' dir='ltr'>ἄλλων</span> <span class='ocrx_word' id='word_1_62' title='bbox 1622 1058 1802 1117; x_wconf 80' lang='grc' dir='ltr'>καὶτὸ</span> <span class='ocrx_word' id='word_1_63' title='bbox 1844 1063 1939 1129; x_wconf 77' lang='grc' dir='ltr'><strong>τῆς</strong></span> 
     </span>
    </p>
   </div>
   <div class='ocr_carea' id='block_1_11' title="bbox 335 1147 1939 1237">
    <p class='ocr_par' dir='ltr' id='par_1_11' title="bbox 335 1147 1939 1237">
     <span class='ocr_line' id='line_1_11' title="bbox 335 1147 1939 1237; baseline -0.006 -23"><span class='ocrx_word' id='word_1_64' title='bbox 335 1153 743 1237; x_wconf 72' lang='grc' dir='ltr'>ἀρχιερωσύνης</span> <span class='ocrx_word' id='word_1_65' title='bbox 783 1149 1040 1237; x_wconf 37' lang='grc' dir='ltr'>ῃᾶξίωμα</span> <span class='ocrx_word' id='word_1_66' title='bbox 1104 1147 1255 1230; x_wconf 81' lang='grc' dir='ltr'>παρὰ</span> <span class='ocrx_word' id='word_1_67' title='bbox 1325 1158 1434 1219; x_wconf 84' lang='grc' dir='ltr'>τοῖς</span> <span class='ocrx_word' id='word_1_68' title='bbox 1494 1147 1772 1215; x_wconf 81' lang='grc' dir='ltr'>Ἰουδαίοις</span> <span class='ocrx_word' id='word_1_69' title='bbox 1832 1147 1939 1206; x_wconf 82' lang='grc' dir='ltr'>διέ-</span> 
     </span>
    </p>
   </div>
   <div class='ocr_carea' id='block_1_12' title="bbox 337 1231 1940 1327">
    <p class='ocr_par' dir='ltr' id='par_1_12' title="bbox 337 1231 1940 1327">
     <span class='ocr_line' id='line_1_12' title="bbox 337 1231 1940 1327; baseline -0.007 -22"><span class='ocrx_word' id='word_1_70' title='bbox 597 1242 710 1323; x_wconf 75' lang='grc' dir='ltr'><strong>Ἀφ’</strong></span> <span class='ocrx_word' id='word_1_71' title='bbox 756 1231 814 1300; x_wconf 68' lang='grc' dir='ltr'>οἷ</span> <span class='ocrx_word' id='word_1_72' title='bbox 854 1240 958 1318; x_wconf 85' lang='grc' dir='ltr'><strong>γὰρ</strong></span> <span class='ocrx_word' id='word_1_73' title='bbox 995 1239 1198 1309; x_wconf 85' lang='grc' dir='ltr'>ὠνηταὶ</span> <span class='ocrx_word' id='word_1_74' title='bbox 1229 1237 1506 1317; x_wconf 85' lang='grc' dir='ltr'>γεγόνασιν</span> <span class='ocrx_word' id='word_1_75' title='bbox 1541 1241 1596 1295; x_wconf 82' lang='grc' dir='ltr'>αἱ</span> <span class='ocrx_word' id='word_1_76' title='bbox 1623 1237 1813 1318; x_wconf 72' lang='grc' dir='ltr'>ἀρχαὶ,</span> <span class='ocrx_word' id='word_1_77' title='bbox 1844 1239 1940 1294; x_wconf 82' lang='grc' dir='ltr'>οὐκ</span> 
     </span>
    </p>
   </div>
   <div class='ocr_carea' id='block_1_13' title="bbox 340 1327 1940 1410">
    <p class='ocr_par' dir='ltr' id='par_1_13' title="bbox 340 1327 1940 1410">
     <span class='ocr_line' id='line_1_13' title="bbox 340 1327 1940 1410; baseline -0.008 -15"><span class='ocrx_word' id='word_1_78' title='bbox 340 1337 420 1395; x_wconf 79' lang='grc' dir='ltr'>ἔτι</span> <span class='ocrx_word' id='word_1_79' title='bbox 452 1336 541 1393; x_wconf 77' lang='grc' dir='ltr'><strong>τὸν</strong></span> <span class='ocrx_word' id='word_1_80' title='bbox 571 1333 788 1391; x_wconf 77' lang='grc' dir='ltr'>ἅπαντα</span> <span class='ocrx_word' id='word_1_81' title='bbox 816 1331 1008 1410; x_wconf 79' lang='grc' dir='ltr'>χρόνον</span> <span class='ocrx_word' id='word_1_82' title='bbox 1052 1333 1148 1402; x_wconf 80' lang='grc' dir='ltr'><strong>τῆς</strong></span> <span class='ocrx_word' id='word_1_83' title='bbox 1178 1333 1333 1402; x_wconf 79' lang='grc' dir='ltr'>ζωῆς,</span> <span class='ocrx_word' id='word_1_84' title='bbox 1385 1327 1502 1386; x_wconf 80' lang='grc' dir='ltr'>ἀλλ’</span> <span class='ocrx_word' id='word_1_85' title='bbox 1535 1327 1773 1386; x_wconf 84' lang='grc' dir='ltr'>ἐνιαυτὸν</span> <span class='ocrx_word' id='word_1_86' title='bbox 1817 1327 1940 1385; x_wconf 86' lang='grc' dir='ltr'>κατ’</span> 
     </span>
    </p>
   </div>
   <div class='ocr_carea' id='block_1_14' title="bbox 341 1415 1942 1500">
    <p class='ocr_par' dir='ltr' id='par_1_14' title="bbox 341 1415 1942 1500">
     <span class='ocr_line' id='line_1_14' title="bbox 341 1415 1942 1500; baseline -0.006 -17"><span class='ocrx_word' id='word_1_87' title='bbox 341 1423 580 1484; x_wconf 80' lang='grc' dir='ltr'>ἐνιαυτὸν</span> <span class='ocrx_word' id='word_1_88' title='bbox 624 1421 919 1500; x_wconf 79' lang='grc' dir='ltr'>ἱεράτευον.</span> <span class='ocrx_word' id='word_1_89' title='bbox 955 1416 1112 1490; x_wconf 82' lang='grc' dir='ltr'>Πλὴν</span> <span class='ocrx_word' id='word_1_90' title='bbox 1175 1417 1314 1477; x_wconf 76' lang='grc' dir='ltr'>ἀλλὰ</span> <span class='ocrx_word' id='word_1_91' title='bbox 1363 1417 1456 1476; x_wconf 82' lang='grc' dir='ltr'><strong>καὶ</strong></span> <span class='ocrx_word' id='word_1_92' title='bbox 1505 1415 1643 1476; x_wconf 73' lang='grc' dir='ltr'>οὕτω</span> <span class='ocrx_word' id='word_1_93' title='bbox 1697 1417 1942 1497; x_wconf 84' lang='grc' dir='ltr'>διεφθαρ-</span> 
     </span>
    </p>
   </div>
   <div class='ocr_carea' id='block_1_15' title="bbox 341 1505 1942 1593">
    <p class='ocr_par' dir='ltr' id='par_1_15' title="bbox 341 1505 1942 1593">
     <span class='ocr_line' id='line_1_15' title="bbox 341 1505 1942 1593; baseline -0.007 -19"><span class='ocrx_word' id='word_1_94' title='bbox 341 1516 504 1593; x_wconf 83' lang='grc' dir='ltr'>μένου</span> <span class='ocrx_word' id='word_1_95' title='bbox 527 1517 622 1573; x_wconf 87' lang='grc' dir='ltr'><strong>τοῦ</strong></span> <span class='ocrx_word' id='word_1_96' title='bbox 651 1511 950 1588; x_wconf 77' lang='grc' dir='ltr'>ἀξιώματος</span> <span class='ocrx_word' id='word_1_97' title='bbox 975 1553 991 1582; x_wconf 88' lang='grc'><strong>,</strong></span> <span class='ocrx_word' id='word_1_98' title='bbox 1023 1510 1165 1586; x_wconf 81' lang='grc' dir='ltr'>ὅμως</span> <span class='ocrx_word' id='word_1_99' title='bbox 1195 1507 1288 1568; x_wconf 80' lang='grc' dir='ltr'><strong>καὶ</strong></span> <span class='ocrx_word' id='word_1_100' title='bbox 1315 1507 1393 1566; x_wconf 82' lang='grc' dir='ltr'>ἔτι</span> <span class='ocrx_word' id='word_1_101' title='bbox 1420 1512 1598 1587; x_wconf 78' lang='grc' dir='ltr'>παρῆν</span> <span class='ocrx_word' id='word_1_102' title='bbox 1624 1505 1685 1566; x_wconf 86' lang='grc' dir='ltr'>τὸ</span> <span class='ocrx_word' id='word_1_103' title='bbox 1719 1507 1942 1580; x_wconf 81' lang='grc' dir='ltr'>Πνεῦμα</span> 
     </span>
    </p>
   </div>
   <div class='ocr_carea' id='block_1_16' title="bbox 339 1592 1940 1682">
    <p class='ocr_par' dir='ltr' id='par_1_16' title="bbox 339 1592 1940 1682">
     <span class='ocr_line' id='line_1_16' title="bbox 339 1592 1940 1682; baseline -0.007 -18"><span class='ocrx_word' id='word_1_104' title='bbox 339 1592 400 1665; x_wconf 83' lang='grc' dir='ltr'>τὸ</span> <span class='ocrx_word' id='word_1_105' title='bbox 452 1603 603 1682; x_wconf 76' lang='grc' dir='ltr'>ἅγιον</span> <span class='ocrx_word' id='word_1_106' title='bbox 655 1603 710 1661; x_wconf 80' lang='grc' dir='ltr'>ἐν</span> <span class='ocrx_word' id='word_1_107' title='bbox 762 1608 868 1667; x_wconf 85' lang='grc' dir='ltr'>τοῖς</span> <span class='ocrx_word' id='word_1_108' title='bbox 908 1602 1203 1682; x_wconf 73' lang='grc' dir='ltr'>χρισθεῖσιν</span> <span class='ocrx_word' id='word_1_109' title='bbox 1251 1601 1513 1679; x_wconf 83' lang='grc' dir='ltr'>ἐνεργοῦν.</span> <span class='ocrx_word' id='word_1_110' title='bbox 1561 1593 1792 1668; x_wconf 85' lang='grc' dir='ltr'>Ἐπειδὴ</span> <span class='ocrx_word' id='word_1_111' title='bbox 1839 1594 1860 1676; x_wconf 56' lang='grc' dir='ltr'>ι</span> 
     </span>
    </p>
   </div>
   <div class='ocr_carea' id='block_1_17' title="bbox 341 1680 1943 1771">
    <p class='ocr_par' dir='ltr' id='par_1_17' title="bbox 341 1680 1943 1771">
     <span class='ocr_line' id='line_1_17' title="bbox 341 1680 1943 1771; baseline -0.008 -16"><span class='ocrx_word' id='word_1_112' title='bbox 341 1694 465 1755; x_wconf 76' lang='grc' dir='ltr'>ἐπεὶ</span> <span class='ocrx_word' id='word_1_113' title='bbox 502 1680 599 1771; x_wconf 79' lang='grc' dir='ltr'><strong>δὲ]</strong></span> <span class='ocrx_word' id='word_1_114' title='bbox 647 1690 738 1750; x_wconf 79' lang='grc' dir='ltr'><strong>καὶ</strong></span> <span class='ocrx_word' id='word_1_115' title='bbox 788 1687 884 1756; x_wconf 72' lang='grc' dir='ltr'><strong>τὰς</strong></span> <span class='ocrx_word' id='word_1_116' title='bbox 929 1691 1114 1768; x_wconf 82' lang='grc' dir='ltr'>χεῖρας</span> <span class='ocrx_word' id='word_1_117' title='bbox 1151 1680 1288 1768; x_wconf 74' lang='grc' dir='ltr'>ἦραν</span> <span class='ocrx_word' id='word_1_118' title='bbox 1338 1685 1480 1747; x_wconf 81' lang='grc' dir='ltr'>κατὰ</span> <span class='ocrx_word' id='word_1_119' title='bbox 1522 1691 1618 1745; x_wconf 90' lang='grc' dir='ltr'><strong>τοῦ</strong></span> <span class='ocrx_word' id='word_1_120' title='bbox 1665 1688 1943 1765; x_wconf 77' lang='grc' dir='ltr'>Χριστοῦ,</span> 
     </span>
    </p>
   </div>
   <div class='ocr_carea' id='block_1_18' title="bbox 342 1774 1940 1860">
    <p class='ocr_par' dir='ltr' id='par_1_18' title="bbox 342 1774 1940 1860">
     <span class='ocr_line' id='line_1_18' title="bbox 342 1774 1940 1860; baseline -0.007 -17"><span class='ocrx_word' id='word_1_121' title='bbox 342 1787 640 1856; x_wconf 83' lang='grc' dir='ltr'>τηνικαῦτα</span> <span class='ocrx_word' id='word_1_122' title='bbox 697 1781 970 1844; x_wconf 80' lang='grc' dir='ltr'>παντελῶς</span> <span class='ocrx_word' id='word_1_123' title='bbox 1025 1783 1058 1850; x_wconf 87' lang='grc' dir='ltr'><strong>ἡ</strong></span> <span class='ocrx_word' id='word_1_124' title='bbox 1123 1777 1279 1860; x_wconf 79' lang='grc' dir='ltr'>χάρις</span> <span class='ocrx_word' id='word_1_125' title='bbox 1341 1775 1531 1843; x_wconf 78' lang='grc' dir='ltr'>αὐτοὺς</span> <span class='ocrx_word' id='word_1_126' title='bbox 1588 1774 1940 1860; x_wconf 69' lang='grc' dir='ltr'>ἐγκατέλιπε,</span> 
     </span>
    </p>
   </div>
   <div class='ocr_carea' id='block_1_19' title="bbox 341 1856 1945 1952">
    <p class='ocr_par' dir='ltr' id='par_1_19' title="bbox 341 1856 1945 1952">
     <span class='ocr_line' id='line_1_19' title="bbox 341 1856 1945 1952; baseline -0.007 -18"><span class='ocrx_word' id='word_1_127' title='bbox 341 1875 438 1935; x_wconf 74' lang='grc' dir='ltr'><strong>καὶ</strong></span> <span class='ocrx_word' id='word_1_128' title='bbox 468 1875 726 1952; x_wconf 78' lang='grc' dir='ltr'>μετῆλθεν</span> <span class='ocrx_word' id='word_1_129' title='bbox 781 1870 869 1928; x_wconf 76' lang='grc' dir='ltr'>ἐπὶ</span> <span class='ocrx_word' id='word_1_130' title='bbox 901 1867 1022 1937; x_wconf 76' lang='grc' dir='ltr'>τοὺς</span> <span class='ocrx_word' id='word_1_131' title='bbox 1068 1856 1416 1936; x_wconf 76' lang='grc' dir='ltr'>ἀποστόλους.</span> <span class='ocrx_word' id='word_1_132' title='bbox 1461 1869 1532 1927; x_wconf 82' lang='grc' dir='ltr'><strong>Οἱ</strong></span> <span class='ocrx_word' id='word_1_133' title='bbox 1565 1866 1660 1943; x_wconf 82' lang='grc' dir='ltr'>μὲν</span> <span class='ocrx_word' id='word_1_134' title='bbox 1709 1856 1799 1924; x_wconf 67' lang='grc' dir='ltr'><strong>οὖν</strong></span> <span class='ocrx_word' id='word_1_135' title='bbox 1851 1865 1945 1923; x_wconf 83' lang='grc' dir='ltr'>ἄλ-</span> 
     </span>
    </p>
   </div>
   <div class='ocr_carea' id='block_1_20' title="bbox 347 1954 1944 2040">
    <p class='ocr_par' dir='ltr' id='par_1_20' title="bbox 347 1954 1944 2040">
     <span class='ocr_line' id='line_1_20' title="bbox 347 1954 1944 2040; baseline -0.006 -16"><span class='ocrx_word' id='word_1_136' title='bbox 347 1969 462 2040; x_wconf 89' lang='grc' dir='ltr'>λοι,</span> <span class='ocrx_word' id='word_1_137' title='bbox 521 1966 574 2022; x_wconf 84' lang='grc' dir='ltr'>ἐν</span> <span class='ocrx_word' id='word_1_138' title='bbox 637 1960 785 2030; x_wconf 84' lang='grc' dir='ltr'>τάξει</span> <span class='ocrx_word' id='word_1_139' title='bbox 853 1961 1048 2037; x_wconf 76' lang='grc' dir='ltr'>βουλῆς</span> <span class='ocrx_word' id='word_1_140' title='bbox 1105 1956 1194 2016; x_wconf 83' lang='grc' dir='ltr'><strong>τὸν</strong></span> <span class='ocrx_word' id='word_1_141' title='bbox 1255 1961 1346 2016; x_wconf 88' lang='grc' dir='ltr'><strong>τοῦ</strong></span> <span class='ocrx_word' id='word_1_142' title='bbox 1413 1959 1652 2040; x_wconf 71' lang='grc' dir='ltr'>Χριστοῦ</span> <span class='ocrx_word' id='word_1_143' title='bbox 1719 1954 1944 2014; x_wconf 83' lang='grc' dir='ltr'>θᾶνατον</span> 
     </span>
    </p>
   </div>
   <div class='ocr_carea' id='block_1_21' title="bbox 347 2037 1946 2128">
    <p class='ocr_par' dir='ltr' id='par_1_21' title="bbox 347 2037 1946 2128">
     <span class='ocr_line' id='line_1_21' title="bbox 347 2037 1946 2128; baseline -0.008 -13"><span class='ocrx_word' id='word_1_144' title='bbox 347 2037 697 2116; x_wconf 63' lang='grc' dir='ltr'>ἐσκέπτοντο·</span> <span class='ocrx_word' id='word_1_145' title='bbox 753 2052 782 2108; x_wconf 99' lang='lat'><strong>6</strong></span> <span class='ocrx_word' id='word_1_146' title='bbox 848 2047 904 2107; x_wconf 86' lang='grc' dir='ltr'>δὲ</span> <span class='ocrx_word' id='word_1_147' title='bbox 957 2045 1232 2128; x_wconf 76' lang='grc' dir='ltr'>ἀρχιερεὺς</span> <span class='ocrx_word' id='word_1_148' title='bbox 1293 2047 1458 2114; x_wconf 76' lang='grc' dir='ltr'>οὕτως</span> <span class='ocrx_word' id='word_1_149' title='bbox 1508 2037 1573 2120; x_wconf 68' lang='grc' dir='ltr'><strong>ἦν</strong></span> <span class='ocrx_word' id='word_1_150' title='bbox 1635 2045 1946 2127; x_wconf 81' lang='grc' dir='ltr'>μιαιφόνος,</span> 
     </span>
    </p>
   </div>
   <div class='ocr_carea' id='block_1_22' title="bbox 349 2135 1952 2221">
    <p class='ocr_par' dir='ltr' id='par_1_22' title="bbox 349 2135 1952 2221">
     <span class='ocr_line' id='line_1_22' title="bbox 349 2135 1952 2221; baseline -0.008 -16"><span class='ocrx_word' id='word_1_151' title='bbox 349 2145 490 2205; x_wconf 79' lang='grc' dir='ltr'>ὥστε</span> <span class='ocrx_word' id='word_1_152' title='bbox 536 2144 711 2221; x_wconf 83' lang='grc' dir='ltr'>γυμνῇ</span> <span class='ocrx_word' id='word_1_153' title='bbox 854 2139 1061 2220; x_wconf 78' lang='grc' dir='ltr'>κεφαλῇ</span> <span class='ocrx_word' id='word_1_154' title='bbox 1107 2136 1243 2214; x_wconf 81' lang='grc' dir='ltr'>μετὰ</span> <span class='ocrx_word' id='word_1_155' title='bbox 1295 2137 1619 2221; x_wconf 70' lang='grc' dir='ltr'>ἰταμότητος</span> <span class='ocrx_word' id='word_1_156' title='bbox 1665 2135 1952 2215; x_wconf 75' lang='grc' dir='ltr'>ἀποφήνα-</span> 
     </span>
    </p>
   </div>
   <div class='ocr_carea' id='block_1_23' title="bbox 352 2218 1953 2311">
    <p class='ocr_par' dir='ltr' id='par_1_23' title="bbox 352 2218 1953 2311">
     <span class='ocr_line' id='line_1_23' title="bbox 352 2218 1953 2311; baseline -0.007 -17"><span class='ocrx_word' id='word_1_157' title='bbox 352 2240 474 2294; x_wconf 83' lang='grc' dir='ltr'>σθαι</span> <span class='ocrx_word' id='word_1_158' title='bbox 520 2218 660 2292; x_wconf 70' lang='grc' dir='ltr'>κατὰ</span> <span class='ocrx_word' id='word_1_159' title='bbox 687 2218 959 2311; x_wconf 76' lang='grc' dir='ltr'>Χριστοῦ·</span> <span class='ocrx_word' id='word_1_160' title='bbox 1002 2229 1203 2304; x_wconf 86' lang='grc' dir='ltr'>μᾶλλον</span> <span class='ocrx_word' id='word_1_161' title='bbox 1248 2224 1344 2306; x_wconf 86' lang='grc' dir='ltr'>μὲν</span> <span class='ocrx_word' id='word_1_162' title='bbox 1385 2218 1475 2287; x_wconf 67' lang='grc' dir='ltr'><strong>οὖν</strong></span> <span class='ocrx_word' id='word_1_163' title='bbox 1504 2227 1595 2285; x_wconf 85' lang='grc' dir='ltr'><strong>καὶ</strong></span> <span class='ocrx_word' id='word_1_164' title='bbox 1635 2233 1741 2293; x_wconf 86' lang='grc' dir='ltr'>τοῖς</span> <span class='ocrx_word' id='word_1_165' title='bbox 1773 2224 1953 2293; x_wconf 84' lang='grc' dir='ltr'>ἄλλοις</span> 
     </span>
    </p>
   </div>
   <div class='ocr_carea' id='block_1_24' title="bbox 351 2313 1954 2402">
    <p class='ocr_par' dir='ltr' id='par_1_24' title="bbox 351 2313 1954 2402">
     <span class='ocr_line' id='line_1_24' title="bbox 351 2313 1954 2402; baseline -0.006 -19"><span class='ocrx_word' id='word_1_166' title='bbox 351 2321 745 2402; x_wconf 77' lang='grc' dir='ltr'>ἐπιμέμφεται,</span> <span class='ocrx_word' id='word_1_167' title='bbox 795 2321 867 2387; x_wconf 83' lang='grc' dir='ltr'>ὥς</span> <span class='ocrx_word' id='word_1_168' title='bbox 904 2316 981 2396; x_wconf 84' lang='grc' dir='ltr'><strong>μὴ</strong></span> <span class='ocrx_word' id='word_1_169' title='bbox 1017 2324 1237 2379; x_wconf 85' lang='grc' dir='ltr'>συνιεῖσι</span> <span class='ocrx_word' id='word_1_170' title='bbox 1279 2316 1341 2375; x_wconf 79' lang='grc' dir='ltr'><strong>τὸ</strong></span> <span class='ocrx_word' id='word_1_171' title='bbox 1388 2315 1540 2394; x_wconf 86' lang='grc' dir='ltr'>δέον,</span> <span class='ocrx_word' id='word_1_172' title='bbox 1587 2313 1680 2375; x_wconf 77' lang='grc' dir='ltr'><strong>καὶ</strong></span> <span class='ocrx_word' id='word_1_173' title='bbox 1734 2316 1954 2394; x_wconf 83' lang='grc' dir='ltr'>ἀργοῦσι</span> 
     </span>
    </p>
   </div>
   <div class='ocr_carea' id='block_1_25' title="bbox 351 2403 1952 2493">
    <p class='ocr_par' dir='ltr' id='par_1_25' title="bbox 351 2403 1952 2493">
     <span class='ocr_line' id='line_1_25' title="bbox 351 2403 1952 2493; baseline -0.007 -20"><span class='ocrx_word' id='word_1_174' title='bbox 351 2414 474 2493; x_wconf 76' lang='grc' dir='ltr'>περὶ</span> <span class='ocrx_word' id='word_1_175' title='bbox 517 2413 618 2484; x_wconf 78' lang='grc' dir='ltr'>τὴν</span> <span class='ocrx_word' id='word_1_176' title='bbox 674 2414 766 2468; x_wconf 83' lang='grc' dir='ltr'><strong>τοῦ</strong></span> <span class='ocrx_word' id='word_1_177' title='bbox 819 2409 1179 2490; x_wconf 74' lang='grc' dir='ltr'>συμφέροντος</span> <span class='ocrx_word' id='word_1_178' title='bbox 1229 2406 1440 2488; x_wconf 78' lang='grc' dir='ltr'>σκέψιν.</span> <span class='ocrx_word' id='word_1_179' title='bbox 1495 2433 1522 2459; x_wconf 78' lang='grc' dir='ltr'><strong>ιι</strong></span> <span class='ocrx_word' id='word_1_180' title='bbox 1585 2404 1773 2482; x_wconf 84' lang='grc' dir='ltr'>Ὑμεῖς</span> <span class='ocrx_word' id='word_1_181' title='bbox 1819 2403 1952 2485; x_wconf 81' lang='grc' dir='ltr'>γὰρ,</span> 
     </span>
    </p>
   </div>
   <div class='ocr_carea' id='block_1_26' title="bbox 353 2494 1956 2585">
    <p class='ocr_par' dir='ltr' id='par_1_26' title="bbox 353 2494 1956 2585">
     <span class='ocr_line' id='line_1_26' title="bbox 353 2494 1956 2585; baseline -0.006 -24"><span class='ocrx_word' id='word_1_182' title='bbox 353 2501 514 2585; x_wconf 75' lang='grc' dir='ltr'>φησὶν</span> <span class='ocrx_word' id='word_1_183' title='bbox 534 2546 552 2575; x_wconf 90' lang='grc'><strong>,</strong></span> <span class='ocrx_word' id='word_1_184' title='bbox 590 2501 687 2560; x_wconf 79' lang='grc' dir='ltr'><strong>οὒκ</strong></span> <span class='ocrx_word' id='word_1_185' title='bbox 728 2498 906 2559; x_wconf 80' lang='grc' dir='ltr'>οἴδατε</span> <span class='ocrx_word' id='word_1_186' title='bbox 931 2497 1100 2558; x_wconf 77' lang='grc' dir='ltr'>οὐδέν.</span> <span class='ocrx_word' id='word_1_187' title='bbox 1134 2524 1158 2548; x_wconf 72' lang='grc' dir='ltr'><strong>ιν</strong></span> <span class='ocrx_word' id='word_1_188' title='bbox 1189 2496 1364 2576; x_wconf 82' lang='grc' dir='ltr'>Ἀργοί</span> <span class='ocrx_word' id='word_1_189' title='bbox 1397 2499 1550 2572; x_wconf 81' lang='grc' dir='ltr'>ἐστε,</span> <span class='ocrx_word' id='word_1_190' title='bbox 1594 2494 1760 2576; x_wconf 72' lang='grc' dir='ltr'>φησὶ,</span> <span class='ocrx_word' id='word_1_191' title='bbox 1796 2497 1868 2561; x_wconf 85' lang='grc' dir='ltr'><strong>εἷς</strong></span> <span class='ocrx_word' id='word_1_192' title='bbox 1895 2494 1956 2552; x_wconf 86' lang='grc' dir='ltr'>τὸ</span> 
     </span>
    </p>
   </div>
   <div class='ocr_carea' id='block_1_27' title="bbox 352 2584 1958 2668">
    <p class='ocr_par' dir='ltr' id='par_1_27' title="bbox 352 2584 1958 2668">
     <span class='ocr_line' id='line_1_27' title="bbox 352 2584 1958 2668; baseline -0.008 -13"><span class='ocrx_word' id='word_1_193' title='bbox 352 2584 570 2666; x_wconf 71' lang='grc' dir='ltr'>νοῆσαι,</span> <span class='ocrx_word' id='word_1_194' title='bbox 621 2589 714 2649; x_wconf 81' lang='grc' dir='ltr'>καὶ</span> <span class='ocrx_word' id='word_1_195' title='bbox 763 2590 822 2648; x_wconf 85' lang='grc' dir='ltr'>οὖ</span> <span class='ocrx_word' id='word_1_196' title='bbox 863 2591 1134 2668; x_wconf 79' lang='grc' dir='ltr'>λογίζεσθε</span> <span class='ocrx_word' id='word_1_197' title='bbox 1177 2584 1258 2644; x_wconf 80' lang='grc' dir='ltr'><strong>ὅτι</strong></span> <span class='ocrx_word' id='word_1_198' title='bbox 1297 2586 1555 2665; x_wconf 74' lang='grc' dir='ltr'>συμφέρει</span> <span class='ocrx_word' id='word_1_199' title='bbox 1604 2585 1696 2644; x_wconf 81' lang='grc' dir='ltr'>ἕνα</span> <span class='ocrx_word' id='word_1_200' title='bbox 1748 2589 1958 2643; x_wconf 86' lang='grc' dir='ltr'>ἀποθα-</span> 
     </span>
    </p>
   </div>
   <div class='ocr_carea' id='block_1_28' title="bbox 354 2673 1958 2757">
    <p class='ocr_par' dir='ltr' id='par_1_28' title="bbox 354 2673 1958 2757">
     <span class='ocr_line' id='line_1_28' title="bbox 354 2673 1958 2757; baseline -0.007 -15"><span class='ocrx_word' id='word_1_201' title='bbox 354 2693 487 2757; x_wconf 80' lang='grc' dir='ltr'>νεῖν,</span> <span class='ocrx_word' id='word_1_202' title='bbox 509 2682 600 2742; x_wconf 76' lang='grc' dir='ltr'>καὶ</span> <span class='ocrx_word' id='word_1_203' title='bbox 627 2683 860 2750; x_wconf 78' lang='grc' dir='ltr'>σωθῆναι</span> <span class='ocrx_word' id='word_1_204' title='bbox 888 2679 976 2738; x_wconf 79' lang='grc' dir='ltr'><strong>τὸν</strong></span> <span class='ocrx_word' id='word_1_205' title='bbox 999 2677 1127 2737; x_wconf 83' lang='grc' dir='ltr'>λαὸν</span> <span class='ocrx_word' id='word_1_206' title='bbox 1157 2676 1358 2736; x_wconf 84' lang='grc' dir='ltr'>πάντα.</span> <span class='ocrx_word' id='word_1_207' title='bbox 1386 2678 1564 2736; x_wconf 88' lang='grc' dir='ltr'>Τοῦτο</span> <span class='ocrx_word' id='word_1_208' title='bbox 1585 2674 1639 2733; x_wconf 82' lang='grc' dir='ltr'>δὲ</span> <span class='ocrx_word' id='word_1_209' title='bbox 1679 2673 1769 2733; x_wconf 73' lang='grc' dir='ltr'>καὶ</span> <span class='ocrx_word' id='word_1_210' title='bbox 1802 2673 1958 2741; x_wconf 76' lang='grc' dir='ltr'>αὐτὸς</span> 
     </span>
    </p>
   </div>
   <div class='ocr_carea' id='block_1_29' title="bbox 359 2757 1960 2852">
    <p class='ocr_par' dir='ltr' id='par_1_29' title="bbox 359 2757 1960 2852">
     <span class='ocr_line' id='line_1_29' title="bbox 359 2757 1960 2852; baseline -0.008 -20"><span class='ocrx_word' id='word_1_211' title='bbox 359 2773 458 2852; x_wconf 76' lang='grc' dir='ltr'>μὲν</span> <span class='ocrx_word' id='word_1_212' title='bbox 492 2773 667 2850; x_wconf 84' lang='grc' dir='ltr'>σκαιῷ</span> <span class='ocrx_word' id='word_1_213' title='bbox 697 2772 939 2850; x_wconf 82' lang='grc' dir='ltr'>λογισμῷ</span> <span class='ocrx_word' id='word_1_214' title='bbox 969 2757 1118 2839; x_wconf 74' lang='grc' dir='ltr'>εἶπε,</span> <span class='ocrx_word' id='word_1_215' title='bbox 1151 2765 1293 2838; x_wconf 78' lang='grc' dir='ltr'>πλὴν</span> <span class='ocrx_word' id='word_1_216' title='bbox 1335 2769 1368 2838; x_wconf 90' lang='grc' dir='ltr'>ἡ</span> <span class='ocrx_word' id='word_1_217' title='bbox 1398 2765 1554 2845; x_wconf 78' lang='grc' dir='ltr'>χάρις</span> <span class='ocrx_word' id='word_1_218' title='bbox 1582 2772 1674 2825; x_wconf 89' lang='grc' dir='ltr'><strong>τοῦ</strong></span> <span class='ocrx_word' id='word_1_219' title='bbox 1711 2763 1960 2840; x_wconf 87' lang='grc' dir='ltr'>Πνεύμα-</span> 
     </span>
    </p>
   </div>
   <div class='ocr_carea' id='block_1_30' title="bbox 359 2854 1962 2941">
    <p class='ocr_par' dir='ltr' id='par_1_30' title="bbox 359 2854 1962 2941">
     <span class='ocr_line' id='line_1_30' title="bbox 359 2854 1962 2941; baseline -0.007 -19"><span class='ocrx_word' id='word_1_220' title='bbox 359 2886 447 2930; x_wconf 82' lang='grc' dir='ltr'><strong>τος</strong></span> <span class='ocrx_word' id='word_1_221' title='bbox 482 2865 558 2941; x_wconf 81' lang='grc' dir='ltr'><strong>τῷ</strong></span> <span class='ocrx_word' id='word_1_222' title='bbox 607 2859 837 2936; x_wconf 88' lang='grc' dir='ltr'>στόματι</span> <span class='ocrx_word' id='word_1_223' title='bbox 877 2857 1079 2917; x_wconf 83' lang='grc' dir='ltr'>ἐκείνου</span> <span class='ocrx_word' id='word_1_224' title='bbox 1113 2857 1378 2936; x_wconf 80' lang='grc' dir='ltr'>ἐχρήσατο</span> <span class='ocrx_word' id='word_1_225' title='bbox 1407 2855 1538 2934; x_wconf 82' lang='grc' dir='ltr'>πρὸς</span> <span class='ocrx_word' id='word_1_226' title='bbox 1578 2855 1674 2927; x_wconf 75' lang='grc' dir='ltr'><strong>τὴν</strong></span> <span class='ocrx_word' id='word_1_227' title='bbox 1708 2859 1799 2912; x_wconf 89' lang='grc' dir='ltr'><strong>τοῦ</strong></span> <span class='ocrx_word' id='word_1_228' title='bbox 1833 2854 1962 2929; x_wconf 85' lang='grc' dir='ltr'>μέλ-</span> 
     </span>
    </p>
   </div>
   <div class='ocr_carea' id='block_1_31' title="bbox 361 2941 1963 3030">
    <p class='ocr_par' dir='ltr' id='par_1_31' title="bbox 361 2941 1963 3030">
     <span class='ocr_line' id='line_1_31' title="bbox 361 2941 1963 3030; baseline -0.008 -18"><span class='ocrx_word' id='word_1_229' title='bbox 361 2957 539 3018; x_wconf 79' lang='grc' dir='ltr'>λοντος</span> <span class='ocrx_word' id='word_1_230' title='bbox 565 2947 924 3030; x_wconf 82' lang='grc' dir='ltr'>προφητείαν,</span> <span class='ocrx_word' id='word_1_231' title='bbox 956 2951 1002 3006; x_wconf 86' lang='grc' dir='ltr'><strong>εἰ</strong></span> <span class='ocrx_word' id='word_1_232' title='bbox 1040 2947 1254 3018; x_wconf 74' lang='grc' dir='ltr'>καὶτῆς</span> <span class='ocrx_word' id='word_1_233' title='bbox 1295 2955 1490 3024; x_wconf 70' lang='grc' dir='ltr'>μιαρᾶς</span> <span class='ocrx_word' id='word_1_234' title='bbox 1538 2946 1698 3002; x_wconf 81' lang='grc' dir='ltr'>αὐτοῦ</span> <span class='ocrx_word' id='word_1_235' title='bbox 1739 2941 1963 3023; x_wconf 84' lang='grc' dir='ltr'>καρδίας</span> 
     </span>
    </p>
   </div>
   <div class='ocr_carea' id='block_1_32' title="bbox 363 3028 1964 3122">
    <p class='ocr_par' dir='ltr' id='par_1_32' title="bbox 363 3028 1964 3122">
     <span class='ocr_line' id='line_1_32' title="bbox 363 3028 1964 3122; baseline -0.006 -23"><span class='ocrx_word' id='word_1_236' title='bbox 363 3045 466 3122; x_wconf 77' lang='grc' dir='ltr'><strong>οὐχ</strong></span> <span class='ocrx_word' id='word_1_237' title='bbox 490 3028 696 3122; x_wconf 26' lang='grc' dir='ltr'>ἥψατο..</span> <span class='ocrx_word' id='word_1_238' title='bbox 721 3038 928 3099; x_wconf 80' lang='grc' dir='ltr'>Σκόπει</span> <span class='ocrx_word' id='word_1_239' title='bbox 956 3028 1045 3096; x_wconf 66' lang='grc' dir='ltr'><strong>οὖν</strong></span> <span class='ocrx_word' id='word_1_240' title='bbox 1074 3035 1214 3108; x_wconf 90' lang='grc' dir='ltr'>πόση</span> <span class='ocrx_word' id='word_1_241' title='bbox 1258 3040 1348 3094; x_wconf 86' lang='grc' dir='ltr'><strong>τοῦ</strong></span> <span class='ocrx_word' id='word_1_242' title='bbox 1384 3033 1697 3111; x_wconf 87' lang='grc' dir='ltr'>Πνεύματος</span> <span class='ocrx_word' id='word_1_243' title='bbox 1733 3037 1768 3105; x_wconf 86' lang='grc' dir='ltr'>ἡ</span> <span class='ocrx_word' id='word_1_244' title='bbox 1801 3031 1964 3090; x_wconf 81' lang='grc' dir='ltr'>δύνα-</span> 
     </span>
    </p>
   </div>
   <div class='ocr_carea' id='block_1_33' title="bbox 364 3121 1964 3210">
    <p class='ocr_par' dir='ltr' id='par_1_33' title="bbox 364 3121 1964 3210">
     <span class='ocr_line' id='line_1_33' title="bbox 364 3121 1964 3210; baseline -0.008 -19"><span class='ocrx_word' id='word_1_245' title='bbox 364 3121 481 3210; x_wconf 85' lang='grc' dir='ltr'>μις·</span> <span class='ocrx_word' id='word_1_246' title='bbox 512 3130 621 3190; x_wconf 78' lang='grc' dir='ltr'>ἀπὸ</span> <span class='ocrx_word' id='word_1_247' title='bbox 661 3129 766 3209; x_wconf 78' lang='grc' dir='ltr'><strong>γὰρ</strong></span> <span class='ocrx_word' id='word_1_248' title='bbox 814 3126 1048 3194; x_wconf 80' lang='grc' dir='ltr'>διανοίας</span> <span class='ocrx_word' id='word_1_249' title='bbox 1077 3134 1311 3200; x_wconf 85' lang='grc' dir='ltr'>πονηρᾶς</span> <span class='ocrx_word' id='word_1_250' title='bbox 1346 3124 1564 3207; x_wconf 79' lang='grc' dir='ltr'>ῥήματα</span> <span class='ocrx_word' id='word_1_251' title='bbox 1591 3121 1964 3203; x_wconf 77' lang='grc' dir='ltr'>παρεσκεύασε</span> 
     </span>
    </p>
   </div>
   <div class='ocr_carea' id='block_1_34' title="bbox 363 3213 1965 3300">
    <p class='ocr_par' dir='ltr' id='par_1_34' title="bbox 363 3213 1965 3300">
     <span class='ocr_line' id='line_1_34' title="bbox 363 3213 1965 3300; baseline -0.007 -19"><span class='ocrx_word' id='word_1_252' title='bbox 363 3223 675 3300; x_wconf 75' lang='grc' dir='ltr'>προελθεῖν,</span> <span class='ocrx_word' id='word_1_253' title='bbox 731 3216 1062 3298; x_wconf 85' lang='grc' dir='ltr'>προφητείαν</span> <span class='ocrx_word' id='word_1_254' title='bbox 1105 3216 1296 3296; x_wconf 85' lang='grc' dir='ltr'>ἔχοντα</span> <span class='ocrx_word' id='word_1_255' title='bbox 1343 3214 1678 3292; x_wconf 79' lang='grc' dir='ltr'>θαυμαστήν.</span> <span class='ocrx_word' id='word_1_256' title='bbox 1722 3213 1965 3275; x_wconf 86' lang='grc' dir='ltr'>Ἀποθα-</span> 
     </span>
    </p>
   </div>
   <div class='ocr_carea' id='block_1_35' title="bbox 367 3303 1967 3390">
    <p class='ocr_par' dir='ltr' id='par_1_35' title="bbox 367 3303 1967 3390">
     <span class='ocr_line' id='line_1_35' title="bbox 367 3303 1967 3390; baseline -0.005 -22"><span class='ocrx_word' id='word_1_257' title='bbox 367 3313 547 3377; x_wconf 87' lang='grc' dir='ltr'>νόντος</span> <span class='ocrx_word' id='word_1_258' title='bbox 592 3309 694 3390; x_wconf 79' lang='grc' dir='ltr'><strong>γὰρ</strong></span> <span class='ocrx_word' id='word_1_259' title='bbox 740 3309 977 3388; x_wconf 82' lang='grc' dir='ltr'>Χριστοῦ</span> <span class='ocrx_word' id='word_1_260' title='bbox 1028 3305 1218 3373; x_wconf 86' lang='grc' dir='ltr'>πάντες</span> <span class='ocrx_word' id='word_1_261' title='bbox 1259 3306 1309 3364; x_wconf 75' lang='grc' dir='ltr'>οἱ</span> <span class='ocrx_word' id='word_1_262' title='bbox 1353 3303 1730 3370; x_wconf 81' lang='grc' dir='ltr'>πιστεύσαντες</span> <span class='ocrx_word' id='word_1_263' title='bbox 1767 3304 1827 3360; x_wconf 80' lang='grc' dir='ltr'><strong>ἐκ</strong></span> <span class='ocrx_word' id='word_1_264' title='bbox 1876 3306 1967 3360; x_wconf 89' lang='grc' dir='ltr'><strong>τοῦ</strong></span> 
     </span>
    </p>
   </div>
   <div class='ocr_carea' id='block_1_36' title="bbox 367 3391 1968 3475">
    <p class='ocr_par' dir='ltr' id='par_1_36' title="bbox 367 3391 1968 3475">
     <span class='ocr_line' id='line_1_36' title="bbox 367 3391 1968 3475; baseline -0.007 -13"><span class='ocrx_word' id='word_1_265' title='bbox 367 3406 547 3467; x_wconf 84' lang='grc' dir='ltr'>ἔθνους</span> <span class='ocrx_word' id='word_1_266' title='bbox 589 3403 682 3470; x_wconf 75' lang='grc' dir='ltr'><strong>τῆς</strong></span> <span class='ocrx_word' id='word_1_267' title='bbox 726 3398 964 3475; x_wconf 82' lang='grc' dir='ltr'>μεγάλης</span> <span class='ocrx_word' id='word_1_268' title='bbox 1011 3395 1103 3455; x_wconf 84' lang='grc' dir='ltr'>καὶ</span> <span class='ocrx_word' id='word_1_269' title='bbox 1161 3395 1374 3456; x_wconf 78' lang='grc' dir='ltr'>αἰωνίου</span> <span class='ocrx_word' id='word_1_270' title='bbox 1414 3394 1682 3461; x_wconf 81' lang='grc' dir='ltr'>κολάσεως</span> <span class='ocrx_word' id='word_1_271' title='bbox 1725 3391 1968 3464; x_wconf 82' lang='grc' dir='ltr'>ἀπηλλά-</span> 
     </span>
    </p>
   </div>
   <div class='ocr_carea' id='block_1_37' title="bbox 367 3480 1969 3572">
    <p class='ocr_par' dir='ltr' id='par_1_37' title="bbox 367 3480 1969 3572">
     <span class='ocr_line' id='line_1_37' title="bbox 367 3480 1969 3572; baseline -0.007 -22"><span class='ocrx_word' id='word_1_272' title='bbox 367 3513 571 3572; x_wconf 77' lang='grc' dir='ltr'>γησαν·</span> <span class='ocrx_word' id='word_1_273' title='bbox 613 3489 707 3546; x_wconf 80' lang='grc' dir='ltr'><strong>καὶ</strong></span> <span class='ocrx_word' id='word_1_274' title='bbox 738 3489 840 3566; x_wconf 78' lang='grc' dir='ltr'><strong>οὔχ</strong></span> <span class='ocrx_word' id='word_1_275' title='bbox 869 3485 1002 3566; x_wconf 74' lang='grc' dir='ltr'>ὑπὲρ</span> <span class='ocrx_word' id='word_1_276' title='bbox 1044 3491 1135 3544; x_wconf 87' lang='grc' dir='ltr'><strong>τοῦ</strong></span> <span class='ocrx_word' id='word_1_277' title='bbox 1181 3487 1310 3544; x_wconf 87' lang='grc' dir='ltr'>λαοῦ</span> <span class='ocrx_word' id='word_1_278' title='bbox 1353 3485 1507 3561; x_wconf 89' lang='grc' dir='ltr'>μόνον</span> <span class='ocrx_word' id='word_1_279' title='bbox 1540 3489 1632 3542; x_wconf 87' lang='grc' dir='ltr'><strong>τοῦ</strong></span> <span class='ocrx_word' id='word_1_280' title='bbox 1674 3480 1969 3543; x_wconf 84' lang='grc' dir='ltr'>Ἰουδαϊκοῦ</span> 
     </span>
    </p>
   </div>
   <div class='ocr_carea' id='block_1_38' title="bbox 367 3572 1970 3656">
    <p class='ocr_par' dir='ltr' id='par_1_38' title="bbox 367 3572 1970 3656">
     <span class='ocr_line' id='line_1_38' title="bbox 367 3572 1970 3656; baseline -0.007 -16"><span class='ocrx_word' id='word_1_281' title='bbox 367 3581 668 3656; x_wconf 74' lang='grc' dir='ltr'>ἀπέθανεν,</span> <span class='ocrx_word' id='word_1_282' title='bbox 708 3579 829 3636; x_wconf 74' lang='grc' dir='ltr'>ἀλλ’</span> <span class='ocrx_word' id='word_1_283' title='bbox 855 3575 944 3636; x_wconf 74' lang='grc' dir='ltr'><strong>ἵνα</strong></span> <span class='ocrx_word' id='word_1_284' title='bbox 989 3574 1082 3635; x_wconf 74' lang='grc' dir='ltr'><strong>καὶ</strong></span> <span class='ocrx_word' id='word_1_285' title='bbox 1125 3573 1193 3633; x_wconf 77' lang='grc' dir='ltr'><strong>τὰ</strong></span> <span class='ocrx_word' id='word_1_286' title='bbox 1236 3575 1402 3634; x_wconf 81' lang='grc' dir='ltr'>λοιπὰ</span> <span class='ocrx_word' id='word_1_287' title='bbox 1452 3572 1615 3633; x_wconf 83' lang='grc' dir='ltr'>τέκνα</span> <span class='ocrx_word' id='word_1_288' title='bbox 1640 3577 1735 3632; x_wconf 89' lang='grc' dir='ltr'><strong>τοῦ</strong></span> <span class='ocrx_word' id='word_1_289' title='bbox 1787 3575 1970 3643; x_wconf 83' lang='grc' dir='ltr'>Θεοῦ,</span> 
     </span>
    </p>
   </div>
   <div class='ocr_carea' id='block_1_39' title="bbox 365 3661 1971 3743">
    <p class='ocr_par' dir='ltr' id='par_1_39' title="bbox 365 3661 1971 3743">
     <span class='ocr_line' id='line_1_39' title="bbox 365 3661 1971 3743; baseline -0.008 -11"><span class='ocrx_word' id='word_1_290' title='bbox 365 3670 649 3742; x_wconf 75' lang='grc' dir='ltr'>τουτέστι,</span> <span class='ocrx_word' id='word_1_291' title='bbox 711 3667 780 3725; x_wconf 80' lang='grc' dir='ltr'><strong>τὰ</strong></span> <span class='ocrx_word' id='word_1_292' title='bbox 836 3667 999 3742; x_wconf 82' lang='grc' dir='ltr'>ἔθνη,</span> <span class='ocrx_word' id='word_1_293' title='bbox 1068 3667 1141 3733; x_wconf 83' lang='grc' dir='ltr'>εἷς</span> <span class='ocrx_word' id='word_1_294' title='bbox 1197 3663 1252 3723; x_wconf 85' lang='grc' dir='ltr'>ἓν</span> <span class='ocrx_word' id='word_1_295' title='bbox 1311 3664 1614 3743; x_wconf 76' lang='grc' dir='ltr'>συναγάγῃ.</span> <span class='ocrx_word' id='word_1_296' title='bbox 1673 3661 1854 3723; x_wconf 86' lang='grc' dir='ltr'>Τέκνα</span> <span class='ocrx_word' id='word_1_297' title='bbox 1917 3661 1971 3720; x_wconf 81' lang='grc' dir='ltr'>δὲ</span> 
     </span>
    </p>
   </div>
   <div class='ocr_carea' id='block_1_40' title="bbox 367 3750 1974 3836">
    <p class='ocr_par' dir='ltr' id='par_1_40' title="bbox 367 3750 1974 3836">
     <span class='ocr_line' id='line_1_40' title="bbox 367 3750 1974 3836; baseline -0.007 -16"><span class='ocrx_word' id='word_1_298' title='bbox 367 3766 510 3825; x_wconf 79' lang='grc' dir='ltr'>Θεοῦ</span> <span class='ocrx_word' id='word_1_299' title='bbox 538 3756 789 3836; x_wconf 83' lang='grc' dir='ltr'>ὀνομάζει</span> <span class='ocrx_word' id='word_1_300' title='bbox 817 3756 886 3816; x_wconf 78' lang='grc' dir='ltr'><strong>τὰ</strong></span> <span class='ocrx_word' id='word_1_301' title='bbox 923 3759 1080 3828; x_wconf 77' lang='grc' dir='ltr'>ἔθνη,</span> <span class='ocrx_word' id='word_1_302' title='bbox 1119 3753 1154 3825; x_wconf 84' lang='grc' dir='ltr'>ἢ</span> <span class='ocrx_word' id='word_1_303' title='bbox 1188 3753 1293 3814; x_wconf 81' lang='grc' dir='ltr'><strong>ἀπὸ</strong></span> <span class='ocrx_word' id='word_1_304' title='bbox 1324 3758 1417 3813; x_wconf 87' lang='grc' dir='ltr'><strong>τοῦ</strong></span> <span class='ocrx_word' id='word_1_305' title='bbox 1450 3752 1732 3829; x_wconf 87' lang='grc' dir='ltr'>μέλλοντος</span> <span class='ocrx_word' id='word_1_306' title='bbox 1761 3750 1974 3810; x_wconf 87' lang='grc' dir='ltr'>ἔσεσθαι</span> 
     </span>
    </p>
   </div>
   <div class='ocr_carea' id='block_1_41' title="bbox 370 3840 1973 3932">
    <p class='ocr_par' dir='ltr' id='par_1_41' title="bbox 370 3840 1973 3932">
     <span class='ocr_line' id='line_1_41' title="bbox 370 3840 1973 3932; baseline -0.008 -21"><span class='ocrx_word' id='word_1_307' title='bbox 370 3850 524 3932; x_wconf 80' lang='grc' dir='ltr'>(ἐπεὶ</span> <span class='ocrx_word' id='word_1_308' title='bbox 554 3849 663 3928; x_wconf 81' lang='grc' dir='ltr'><strong>γὰρ</strong></span> <span class='ocrx_word' id='word_1_309' title='bbox 693 3847 916 3924; x_wconf 83' lang='grc' dir='ltr'>ἔμελλον</span> <span class='ocrx_word' id='word_1_310' title='bbox 962 3843 1207 3925; x_wconf 86' lang='grc' dir='ltr'>γενέσθαι</span> <span class='ocrx_word' id='word_1_311' title='bbox 1235 3844 1396 3906; x_wconf 85' lang='grc' dir='ltr'>τέκνα</span> <span class='ocrx_word' id='word_1_312' title='bbox 1434 3845 1576 3904; x_wconf 88' lang='grc' dir='ltr'>Θεοῦ</span> <span class='ocrx_word' id='word_1_313' title='bbox 1599 3887 1616 3915; x_wconf 93' lang='grc'><strong>,</strong></span> <span class='ocrx_word' id='word_1_314' title='bbox 1655 3840 1820 3909; x_wconf 76' lang='grc' dir='ltr'>οὕτως</span> <span class='ocrx_word' id='word_1_315' title='bbox 1869 3841 1973 3900; x_wconf 83' lang='grc' dir='ltr'><strong>αὖ-</strong></span> 
     </span>
    </p>
   </div>
   <div class='ocr_carea' id='block_1_42' title="bbox 371 3928 1976 4017">
    <p class='ocr_par' dir='ltr' id='par_1_42' title="bbox 371 3928 1976 4017">
     <span class='ocr_line' id='line_1_42' title="bbox 371 3928 1976 4017; baseline -0.008 -16"><span class='ocrx_word' id='word_1_316' title='bbox 371 3928 490 4009; x_wconf 68' lang='grc' dir='ltr'>τοὺς</span> <span class='ocrx_word' id='word_1_317' title='bbox 529 3938 809 4014; x_wconf 80' lang='grc' dir='ltr'>ὀνομάζει·</span> <span class='ocrx_word' id='word_1_318' title='bbox 840 3934 1026 4017; x_wconf 83' lang='grc' dir='ltr'>ὥσπερ</span> <span class='ocrx_word' id='word_1_319' title='bbox 1058 3935 1152 3995; x_wconf 79' lang='grc' dir='ltr'><strong>καὶ</strong></span> <span class='ocrx_word' id='word_1_320' title='bbox 1191 3937 1430 4016; x_wconf 73' lang='grc' dir='ltr'>ἀλλαχοῦ</span> <span class='ocrx_word' id='word_1_321' title='bbox 1466 3956 1660 4016; x_wconf 87' lang='grc' dir='ltr'>φησιν,</span> <span class='ocrx_word' id='word_1_322' title='bbox 1691 3935 1772 3991; x_wconf 83' lang='grc' dir='ltr'>ὅτι</span> <span class='ocrx_word' id='word_1_323' title='bbox 1801 3960 1827 3986; x_wconf 74' lang='grc' dir='ltr'><strong>α</strong></span> <span class='ocrx_word' id='word_1_324' title='bbox 1864 3928 1976 3992; x_wconf 82' lang='grc' dir='ltr'>Καὶ</span> 
     </span>
    </p>
   </div>
   <div class='ocr_carea' id='block_1_43' title="bbox 375 4023 1975 4110">
    <p class='ocr_par' dir='ltr' id='par_1_43' title="bbox 375 4023 1975 4110">
     <span class='ocr_line' id='line_1_43' title="bbox 375 4023 1975 4110; baseline -0.008 -18"><span class='ocrx_word' id='word_1_325' title='bbox 375 4033 513 4091; x_wconf 77' lang='grc' dir='ltr'>ἄλλα</span> <span class='ocrx_word' id='word_1_326' title='bbox 544 4027 794 4110; x_wconf 76' lang='grc' dir='ltr'>πρόϐατα</span> <span class='ocrx_word' id='word_1_327' title='bbox 827 4025 968 4107; x_wconf 79' lang='grc' dir='ltr'><strong>ἔχω,</strong></span> <span class='ocrx_word' id='word_1_328' title='bbox 1012 4054 1038 4079; x_wconf 72' lang='grc' dir='ltr'><strong>ν</strong></span> <span class='ocrx_word' id='word_1_329' title='bbox 1071 4024 1178 4085; x_wconf 80' lang='grc' dir='ltr'><strong>ἀπὸ</strong></span> <span class='ocrx_word' id='word_1_330' title='bbox 1214 4030 1307 4086; x_wconf 89' lang='grc' dir='ltr'><strong>τοῦ</strong></span> <span class='ocrx_word' id='word_1_331' title='bbox 1352 4023 1635 4102; x_wconf 87' lang='grc' dir='ltr'>μέλλοντος</span> <span class='ocrx_word' id='word_1_332' title='bbox 1664 4023 1757 4082; x_wconf 76' lang='grc' dir='ltr'><strong>καὶ</strong></span> <span class='ocrx_word' id='word_1_333' title='bbox 1806 4026 1975 4081; x_wconf 87' lang='grc' dir='ltr'>ταῦτα</span> 
     </span>
    </p>
   </div>
   <div class='ocr_carea' id='block_1_44' title="bbox 373 4112 1979 4199">
    <p class='ocr_par' dir='ltr' id='par_1_44' title="bbox 373 4112 1979 4199">
     <span class='ocr_line' id='line_1_44' title="bbox 373 4112 1979 4199; baseline -0.007 -18"><span class='ocrx_word' id='word_1_334' title='bbox 373 4120 627 4199; x_wconf 72' lang='grc' dir='ltr'>καλῶν),</span> <span class='ocrx_word' id='word_1_335' title='bbox 656 4117 691 4189; x_wconf 78' lang='grc' dir='ltr'>ἢ</span> <span class='ocrx_word' id='word_1_336' title='bbox 723 4117 853 4177; x_wconf 80' lang='grc' dir='ltr'>καθὸ</span> <span class='ocrx_word' id='word_1_337' title='bbox 877 4117 1090 4176; x_wconf 85' lang='grc' dir='ltr'>πάντων</span> <span class='ocrx_word' id='word_1_338' title='bbox 1126 4115 1316 4196; x_wconf 83' lang='grc' dir='ltr'>Πατήρ</span> <span class='ocrx_word' id='word_1_339' title='bbox 1346 4116 1484 4189; x_wconf 77' lang='grc' dir='ltr'>ἐστι,</span> <span class='ocrx_word' id='word_1_340' title='bbox 1512 4112 1696 4195; x_wconf 82' lang='grc' dir='ltr'>τρόπῳ</span> <span class='ocrx_word' id='word_1_341' title='bbox 1725 4114 1979 4190; x_wconf 85' lang='grc' dir='ltr'>δημιουρ·-</span> 
     </span>
    </p>
   </div>
   <div class='ocr_carea' id='block_1_45' title="bbox 372 4203 1974 4292">
    <p class='ocr_par' dir='ltr' id='par_1_45' title="bbox 372 4203 1974 4292">
     <span class='ocr_line' id='line_1_45' title="bbox 372 4203 1974 4292; baseline -0.007 -23"><span class='ocrx_word' id='word_1_342' title='bbox 372 4215 511 4292; x_wconf 79' lang='grc' dir='ltr'>γικῷ</span> <span class='ocrx_word' id='word_1_343' title='bbox 566 4207 826 4288; x_wconf 82' lang='grc' dir='ltr'>γεννήσας</span> <span class='ocrx_word' id='word_1_344' title='bbox 882 4211 1058 4284; x_wconf 76' lang='grc' dir='ltr'>ἡμᾶς,</span> <span class='ocrx_word' id='word_1_345' title='bbox 1114 4206 1205 4264; x_wconf 80' lang='grc' dir='ltr'>καὶ</span> <span class='ocrx_word' id='word_1_346' title='bbox 1268 4204 1400 4264; x_wconf 83' lang='grc' dir='ltr'>καθὸ</span> <span class='ocrx_word' id='word_1_347' title='bbox 1457 4203 1743 4281; x_wconf 86' lang='grc' dir='ltr'>τετίμηκεν</span> <span class='ocrx_word' id='word_1_348' title='bbox 1796 4206 1974 4292; x_wconf 79' lang='grc' dir='ltr'>ἡμᾶς,</span> 
     </span>
    </p>
   </div>
   <div class='ocr_carea' id='block_1_46' title="bbox 373 4289 1976 4372">
    <p class='ocr_par' dir='ltr' id='par_1_46' title="bbox 373 4289 1976 4372">
     <span class='ocr_line' id='line_1_46' title="bbox 384 4289 1829 4360; baseline -0.008 1"><span class='ocrx_word' id='word_1_349' title='bbox 384 4289 667 4360; x_wconf 51' lang='lat'><strong>‘4&quot;</strong></span> <span class='ocrx_word' id='word_1_350' title='bbox 859 4295 875 4354; x_wconf 82' lang='grc' dir='ltr'><strong>ί</strong></span> <span class='ocrx_word' id='word_1_351' title='bbox 1066 4295 1167 4353; x_wconf 76' lang='grc' dir='ltr'>ι’</span> <span class='ocrx_word' id='word_1_352' title='bbox 1361 4293 1570 4353; x_wconf 67' lang='lat' dir='ltr'><strong>‘ac</strong></span> <span class='ocrx_word' id='word_1_353' title='bbox 1718 4289 1829 4330; x_wconf 73' lang='grc' dir='ltr'><strong>ου</strong></span> 
     </span>
     <span class='ocr_line' id='line_1_47' title="bbox 373 4312 1976 4372; baseline -0.009 -10"><span class='ocrx_word' id='word_1_354' title='bbox 373 4328 443 4362; x_wconf 79' lang='grc' dir='ltr'><strong>κα</strong></span> <span class='ocrx_word' id='word_1_355' title='bbox 555 4322 734 4358; x_wconf 84' lang='grc' dir='ltr'>ιικονα</span> <span class='ocrx_word' id='word_1_356' title='bbox 789 4321 854 4356; x_wconf 84' lang='grc' dir='ltr'><strong>κτ</strong></span> <span class='ocrx_word' id='word_1_357' title='bbox 881 4320 976 4366; x_wconf 89' lang='grc' dir='ltr'><strong>σας</strong></span> <span class='ocrx_word' id='word_1_358' title='bbox 1036 4319 1235 4356; x_wconf 84' lang='grc' dir='ltr'>οκειαν</span> <span class='ocrx_word' id='word_1_359' title='bbox 1289 4317 1382 4355; x_wconf 88' lang='grc' dir='ltr'><strong>και</strong></span> <span class='ocrx_word' id='word_1_360' title='bbox 1479 4317 1549 4372; x_wconf 89' lang='grc' dir='ltr'><strong>μο</strong></span> <span class='ocrx_word' id='word_1_361' title='bbox 1573 4316 1700 4352; x_wconf 87' lang='grc' dir='ltr'>ωσιν</span> <span class='ocrx_word' id='word_1_362' title='bbox 1793 4312 1976 4370; x_wconf 87' lang='grc' dir='ltr'>ωσπερ</span> 
     </span>
    </p>
   </div>
   <div class='ocr_carea' id='block_1_47' title="bbox 376 4382 1976 4467">
    <p class='ocr_par' dir='ltr' id='par_1_47' title="bbox 376 4382 1976 4467">
     <span class='ocr_line' id='line_1_48' title="bbox 376 4382 1976 4467; baseline -0.009 -16"><span class='ocrx_word' id='word_1_363' title='bbox 376 4383 463 4451; x_wconf 61' lang='grc' dir='ltr'><strong>οὖν</strong></span> <span class='ocrx_word' id='word_1_364' title='bbox 490 4390 585 4448; x_wconf 85' lang='grc' dir='ltr'><strong>καὶ</strong></span> <span class='ocrx_word' id='word_1_365' title='bbox 616 4390 670 4446; x_wconf 79' lang='grc' dir='ltr'>ἐν</span> <span class='ocrx_word' id='word_1_366' title='bbox 703 4396 816 4456; x_wconf 86' lang='grc' dir='ltr'>ταῖς</span> <span class='ocrx_word' id='word_1_367' title='bbox 857 4385 1125 4467; x_wconf 84' lang='grc' dir='ltr'>Πράξεσιν</span> <span class='ocrx_word' id='word_1_368' title='bbox 1171 4389 1198 4444; x_wconf 88' lang='grc' dir='ltr'>ὁ</span> <span class='ocrx_word' id='word_1_369' title='bbox 1241 4387 1456 4467; x_wconf 80' lang='grc' dir='ltr'>Παῦλος</span> <span class='ocrx_word' id='word_1_370' title='bbox 1506 4383 1637 4462; x_wconf 70' lang='grc' dir='ltr'>πρὸς</span> <span class='ocrx_word' id='word_1_371' title='bbox 1667 4382 1976 4456; x_wconf 84' lang='grc' dir='ltr'>Ἀθηναίους</span> 
     </span>
    </p>
   </div>
   <div class='ocr_carea' id='block_1_48' title="bbox 376 4465 1979 4560">
    <p class='ocr_par' dir='ltr' id='par_1_48' title="bbox 376 4465 1979 4560">
     <span class='ocr_line' id='line_1_49' title="bbox 376 4465 1979 4560; baseline -0.007 -20"><span class='ocrx_word' id='word_1_372' title='bbox 376 4481 734 4560; x_wconf 72' lang='grc' dir='ltr'>δημηγορῶν,</span> <span class='ocrx_word' id='word_1_373' title='bbox 789 4476 950 4558; x_wconf 85' lang='grc' dir='ltr'>φησί·</span> <span class='ocrx_word' id='word_1_374' title='bbox 1013 4503 1039 4529; x_wconf 73' lang='grc' dir='ltr'><strong>α</strong></span> <span class='ocrx_word' id='word_1_375' title='bbox 1106 4474 1261 4544; x_wconf 84' lang='grc' dir='ltr'>Γένος</span> <span class='ocrx_word' id='word_1_376' title='bbox 1336 4465 1426 4533; x_wconf 67' lang='grc' dir='ltr'><strong>οὖν</strong></span> <span class='ocrx_word' id='word_1_377' title='bbox 1492 4475 1824 4553; x_wconf 73' lang='grc' dir='ltr'>ὑπάρχοντες</span> <span class='ocrx_word' id='word_1_378' title='bbox 1883 4473 1979 4530; x_wconf 86' lang='grc' dir='ltr'><strong>τοῦ</strong></span> 
     </span>
    </p>
   </div>
   <div class='ocr_carea' id='block_1_49' title="bbox 2047 708 3653 780">
    <p class='ocr_par' dir='ltr' id='par_1_49' title="bbox 2047 708 3653 780">
     <span class='ocr_line' id='line_1_50' title="bbox 2047 708 3653 780; baseline 0.004 -16"><span class='ocrx_word' id='word_1_379' title='bbox 2047 710 2209 764; x_wconf 90' lang='lat' dir='ltr'><strong>Jesus</strong></span> <span class='ocrx_word' id='word_1_380' title='bbox 2260 708 2568 764; x_wconf 91' lang='lat' dir='ltr'><strong>moriturus</strong></span> <span class='ocrx_word' id='word_1_381' title='bbox 2631 715 2775 763; x_wconf 87' lang='lat' dir='ltr'><strong>esset</strong></span> <span class='ocrx_word' id='word_1_382' title='bbox 2809 723 2908 780; x_wconf 88' lang='lat' dir='ltr'><strong>pro</strong></span> <span class='ocrx_word' id='word_1_383' title='bbox 2932 716 3116 780; x_wconf 89' lang='lat' dir='ltr'><strong>gente,</strong></span> <span class='ocrx_word' id='word_1_384' title='bbox 3165 717 3222 764; x_wconf 92' lang='lat' dir='ltr'><strong>et</strong></span> <span class='ocrx_word' id='word_1_385' title='bbox 3269 725 3382 766; x_wconf 89' lang='lat' dir='ltr'><strong>non</strong></span> <span class='ocrx_word' id='word_1_386' title='bbox 3437 719 3653 772; x_wconf 89' lang='lat' dir='ltr'><strong>tantum</strong></span> 
     </span>
    </p>
   </div>
   <div class='ocr_carea' id='block_1_50' title="bbox 2049 797 3655 872">
    <p class='ocr_par' dir='ltr' id='par_1_50' title="bbox 2049 797 3655 872">
     <span class='ocr_line' id='line_1_51' title="bbox 2049 797 3655 872; baseline 0.004 -19"><span class='ocrx_word' id='word_1_387' title='bbox 2049 813 2150 871; x_wconf 89' lang='lat' dir='ltr'><strong>pro</strong></span> <span class='ocrx_word' id='word_1_388' title='bbox 2168 805 2350 870; x_wconf 83' lang='lat' dir='ltr'><strong>gente,</strong></span> <span class='ocrx_word' id='word_1_389' title='bbox 2377 797 2472 854; x_wconf 92' lang='lat' dir='ltr'><strong>sed</strong></span> <span class='ocrx_word' id='word_1_390' title='bbox 2498 807 2560 853; x_wconf 93' lang='lat' dir='ltr'><strong>ut</strong></span> <span class='ocrx_word' id='word_1_391' title='bbox 2594 797 2736 852; x_wconf 94' lang='lat' dir='ltr'><strong>ﬁlios</strong></span> <span class='ocrx_word' id='word_1_392' title='bbox 2777 797 2878 853; x_wconf 93' lang='lat' dir='ltr'><strong>Dei</strong></span> <span class='ocrx_word' id='word_1_393' title='bbox 2911 798 3007 870; x_wconf 89' lang='lat' dir='ltr'><strong>qui</strong></span> <span class='ocrx_word' id='word_1_394' title='bbox 3053 807 3211 854; x_wconf 90' lang='lat' dir='ltr'><strong>erant</strong></span> <span class='ocrx_word' id='word_1_395' title='bbox 3233 799 3490 872; x_wconf 89' lang='lat' dir='ltr'><strong>dispersi,</strong></span> <span class='ocrx_word' id='word_1_396' title='bbox 3515 819 3655 860; x_wconf 88' lang='lat' dir='ltr'><strong>con-</strong></span> 
     </span>
    </p>
   </div>
   <div class='ocr_carea' id='block_1_51' title="bbox 2049 887 3655 960">
    <p class='ocr_par' dir='ltr' id='par_1_51' title="bbox 2049 887 3655 960">
     <span class='ocr_line' id='line_1_52' title="bbox 2049 887 3655 960; baseline 0.004 -18"><span class='ocrx_word' id='word_1_397' title='bbox 2049 895 2304 959; x_wconf 87' lang='lat' dir='ltr'><strong>gregaret</strong></span> <span class='ocrx_word' id='word_1_398' title='bbox 2335 888 2391 942; x_wconf 93' lang='lat' dir='ltr'><strong>in</strong></span> <span class='ocrx_word' id='word_1_399' title='bbox 2409 902 2600 942; x_wconf 92' lang='lat' dir='ltr'><strong>unum.</strong></span> <span class='ocrx_word' id='word_1_400' title='bbox 2630 887 2720 943; x_wconf 81' lang='lat' dir='ltr'><strong>Ab</strong></span> <span class='ocrx_word' id='word_1_401' title='bbox 2748 887 2841 944; x_wconf 93' lang='lat' dir='ltr'><strong>illo</strong></span> <span class='ocrx_word' id='word_1_402' title='bbox 2861 902 2997 960; x_wconf 86' lang='lat' dir='ltr'><strong>ergo</strong></span> <span class='ocrx_word' id='word_1_403' title='bbox 3035 887 3126 944; x_wconf 88' lang='lat' dir='ltr'><strong>die</strong></span> <span class='ocrx_word' id='word_1_404' title='bbox 3155 889 3545 948; x_wconf 87' lang='lat' dir='ltr'><strong>consultabant</strong></span> <span class='ocrx_word' id='word_1_405' title='bbox 3571 892 3655 949; x_wconf 89' lang='lat' dir='ltr'><strong>in-</strong></span> 
     </span>
    </p>
   </div>
   <div class='ocr_carea' id='block_1_52' title="bbox 2055 977 3656 1052">
    <p class='ocr_par' dir='ltr' id='par_1_52' title="bbox 2055 977 3656 1052">
     <span class='ocr_line' id='line_1_53' title="bbox 2055 977 3656 1052; baseline 0.004 -21"><span class='ocrx_word' id='word_1_406' title='bbox 2055 977 2229 1032; x_wconf 86' lang='lat' dir='ltr'><strong>vicem</strong></span> <span class='ocrx_word' id='word_1_407' title='bbox 2270 985 2330 1032; x_wconf 91' lang='lat' dir='ltr'><strong>ut</strong></span> <span class='ocrx_word' id='word_1_408' title='bbox 2359 977 2737 1032; x_wconf 88' lang='lat' dir='ltr'><strong>interﬁcerent</strong></span> <span class='ocrx_word' id='word_1_409' title='bbox 2762 993 2912 1032; x_wconf 91' lang='lat' dir='ltr'><strong>eum.</strong></span> <span class='ocrx_word' id='word_1_410' title='bbox 2961 1000 2986 1025; x_wconf 85' lang='grc'><strong>››</strong></span> <span class='ocrx_word' id='word_1_411' title='bbox 3027 979 3166 1034; x_wconf 90' lang='lat' dir='ltr'><strong>Cum</strong></span> <span class='ocrx_word' id='word_1_412' title='bbox 3217 979 3337 1035; x_wconf 89' lang='lat' dir='ltr'><strong>aliis</strong></span> <span class='ocrx_word' id='word_1_413' title='bbox 3364 981 3509 1052; x_wconf 91' lang='lat' dir='ltr'><strong>apud</strong></span> <span class='ocrx_word' id='word_1_414' title='bbox 3552 983 3656 1038; x_wconf 88' lang='lat' dir='ltr'><strong>Ju-</strong></span> 
     </span>
    </p>
   </div>
   <div class='ocr_carea' id='block_1_53' title="bbox 2052 1065 3648 1142">
    <p class='ocr_par' dir='ltr' id='par_1_53' title="bbox 2052 1065 3648 1142">
     <span class='ocr_line' id='line_1_54' title="bbox 2052 1065 3648 1142; baseline 0.003 -20"><span class='ocrx_word' id='word_1_415' title='bbox 2052 1066 2203 1123; x_wconf 75' lang='lat' dir='ltr'><strong>daeos</strong></span> <span class='ocrx_word' id='word_1_416' title='bbox 2239 1075 2292 1122; x_wconf 92' lang='lat' dir='ltr'><strong>et</strong></span> <span class='ocrx_word' id='word_1_417' title='bbox 2334 1065 2683 1137; x_wconf 75' lang='lat' dir='ltr'><strong>pontificatus</strong></span> <span class='ocrx_word' id='word_1_418' title='bbox 2715 1066 2950 1138; x_wconf 85' lang='lat' dir='ltr'><strong>dignitas</strong></span> <span class='ocrx_word' id='word_1_419' title='bbox 2995 1075 3116 1123; x_wconf 88' lang='lat' dir='ltr'><strong>erat</strong></span> <span class='ocrx_word' id='word_1_420' title='bbox 3154 1077 3433 1142; x_wconf 90' lang='lat' dir='ltr'><strong>corrupta,</strong></span> <span class='ocrx_word' id='word_1_421' title='bbox 3483 1071 3648 1127; x_wconf 87' lang='lat' dir='ltr'><strong>simul</strong></span> 
     </span>
    </p>
   </div>
   <div class='ocr_carea' id='block_1_54' title="bbox 2053 1153 3657 1234">
    <p class='ocr_par' dir='ltr' id='par_1_54' title="bbox 2053 1153 3657 1234">
     <span class='ocr_line' id='line_1_55' title="bbox 2053 1153 3657 1234; baseline 0.004 -22"><span class='ocrx_word' id='word_1_422' title='bbox 2053 1171 2118 1212; x_wconf 89' lang='lat' dir='ltr'><strong>ac</strong></span> <span class='ocrx_word' id='word_1_423' title='bbox 2148 1155 2383 1212; x_wconf 85' lang='lat' dir='ltr'><strong>venalitii</strong></span> <span class='ocrx_word' id='word_1_424' title='bbox 2428 1155 2560 1212; x_wconf 84' lang='lat' dir='ltr'><strong>facti</strong></span> <span class='ocrx_word' id='word_1_425' title='bbox 2597 1153 2826 1212; x_wconf 88' lang='lat' dir='ltr'><strong>fuerunt</strong></span> <span class='ocrx_word' id='word_1_426' title='bbox 2865 1155 3225 1230; x_wconf 86' lang='lat' dir='ltr'><strong>principatus,</strong></span> <span class='ocrx_word' id='word_1_427' title='bbox 3261 1175 3331 1215; x_wconf 91' lang='lat' dir='ltr'><strong>ne</strong></span> <span class='ocrx_word' id='word_1_428' title='bbox 3375 1159 3516 1216; x_wconf 88' lang='lat' dir='ltr'><strong>ultra</strong></span> <span class='ocrx_word' id='word_1_429' title='bbox 3559 1177 3657 1234; x_wconf 87' lang='lat' dir='ltr'><strong>per</strong></span> 
     </span>
    </p>
   </div>
   <div class='ocr_carea' id='block_1_55' title="bbox 2056 1245 3657 1318">
    <p class='ocr_par' dir='ltr' id='par_1_55' title="bbox 2056 1245 3657 1318">
     <span class='ocr_line' id='line_1_56' title="bbox 2056 1245 3657 1318; baseline 0.004 -17"><span class='ocrx_word' id='word_1_430' title='bbox 2056 1261 2222 1302; x_wconf 90' lang='lat' dir='ltr'><strong>omne</strong></span> <span class='ocrx_word' id='word_1_431' title='bbox 2272 1254 2492 1318; x_wconf 87' lang='lat' dir='ltr'><strong>tempus</strong></span> <span class='ocrx_word' id='word_1_432' title='bbox 2520 1245 2647 1302; x_wconf 77' lang='lat' dir='ltr'><strong>vitae</strong></span> <span class='ocrx_word' id='word_1_433' title='bbox 2690 1261 2856 1312; x_wconf 84' lang='lat' dir='ltr'><strong>unus,</strong></span> <span class='ocrx_word' id='word_1_434' title='bbox 2903 1245 2998 1302; x_wconf 91' lang='lat' dir='ltr'><strong>sed</strong></span> <span class='ocrx_word' id='word_1_435' title='bbox 3048 1247 3319 1304; x_wconf 89' lang='lat' dir='ltr'><strong>duntaxat</strong></span> <span class='ocrx_word' id='word_1_436' title='bbox 3352 1249 3406 1305; x_wconf 89' lang='lat' dir='ltr'><strong>in</strong></span> <span class='ocrx_word' id='word_1_437' title='bbox 3444 1266 3657 1308; x_wconf 90' lang='lat' dir='ltr'><strong>annum</strong></span> 
     </span>
    </p>
   </div>
   <div class='ocr_carea' id='block_1_56' title="bbox 2057 1333 3658 1410">
    <p class='ocr_par' dir='ltr' id='par_1_56' title="bbox 2057 1333 3658 1410">
     <span class='ocr_line' id='line_1_57' title="bbox 2057 1333 3658 1410; baseline 0.004 -19"><span class='ocrx_word' id='word_1_438' title='bbox 2057 1351 2231 1391; x_wconf 90' lang='lat' dir='ltr'><strong>unum</strong></span> <span class='ocrx_word' id='word_1_439' title='bbox 2270 1334 2580 1392; x_wconf 90' lang='lat' dir='ltr'><strong>sacerdotio</strong></span> <span class='ocrx_word' id='word_1_440' title='bbox 2633 1333 2978 1408; x_wconf 85' lang='lat' dir='ltr'><strong>fungeretur.</strong></span> <span class='ocrx_word' id='word_1_441' title='bbox 3030 1339 3102 1392; x_wconf 89' lang='lat' dir='ltr'><strong>Et</strong></span> <span class='ocrx_word' id='word_1_442' title='bbox 3152 1339 3403 1410; x_wconf 88' lang='lat' dir='ltr'><strong>quamvis</strong></span> <span class='ocrx_word' id='word_1_443' title='bbox 3429 1341 3508 1397; x_wconf 91' lang='lat' dir='ltr'><strong>ita</strong></span> <span class='ocrx_word' id='word_1_444' title='bbox 3537 1356 3658 1397; x_wconf 86' lang='lat' dir='ltr'><strong>cor-</strong></span> 
     </span>
    </p>
   </div>
   <div class='ocr_carea' id='block_1_57' title="bbox 2057 1424 3660 1502">
    <p class='ocr_par' dir='ltr' id='par_1_57' title="bbox 2057 1424 3660 1502">
     <span class='ocr_line' id='line_1_58' title="bbox 2057 1424 3660 1502; baseline 0.004 -20"><span class='ocrx_word' id='word_1_445' title='bbox 2057 1433 2217 1498; x_wconf 88' lang='lat' dir='ltr'><strong>rupta</strong></span> <span class='ocrx_word' id='word_1_446' title='bbox 2247 1424 2388 1482; x_wconf 82' lang='lat' dir='ltr'><strong>foret</strong></span> <span class='ocrx_word' id='word_1_447' title='bbox 2423 1426 2687 1497; x_wconf 85' lang='lat' dir='ltr'><strong>dignitas,</strong></span> <span class='ocrx_word' id='word_1_448' title='bbox 2729 1425 2910 1484; x_wconf 89' lang='lat' dir='ltr'><strong>adhuc</strong></span> <span class='ocrx_word' id='word_1_449' title='bbox 2954 1435 3144 1483; x_wconf 92' lang='lat' dir='ltr'><strong>tamen</strong></span> <span class='ocrx_word' id='word_1_450' title='bbox 3182 1427 3376 1486; x_wconf 87' lang='lat' dir='ltr'><strong>aderat</strong></span> <span class='ocrx_word' id='word_1_451' title='bbox 3417 1430 3660 1502; x_wconf 89' lang='lat' dir='ltr'><strong>Spiritus</strong></span> 
     </span>
    </p>
   </div>
   <div class='ocr_carea' id='block_1_58' title="bbox 2057 1514 3660 1593">
    <p class='ocr_par' dir='ltr' id='par_1_58' title="bbox 2057 1514 3660 1593">
     <span class='ocr_line' id='line_1_59' title="bbox 2057 1514 3660 1593; baseline 0.005 -22"><span class='ocrx_word' id='word_1_452' title='bbox 2057 1523 2280 1571; x_wconf 77' lang='lat' dir='ltr'><strong>sanctus</strong></span> <span class='ocrx_word' id='word_1_453' title='bbox 2323 1531 2556 1586; x_wconf 88' lang='lat' dir='ltr'><strong>operans</strong></span> <span class='ocrx_word' id='word_1_454' title='bbox 2597 1516 2652 1571; x_wconf 92' lang='lat' dir='ltr'><strong>in</strong></span> <span class='ocrx_word' id='word_1_455' title='bbox 2691 1514 2778 1571; x_wconf 91' lang='lat' dir='ltr'><strong>his</strong></span> <span class='ocrx_word' id='word_1_456' title='bbox 2807 1516 2902 1588; x_wconf 91' lang='lat' dir='ltr'><strong>qui</strong></span> <span class='ocrx_word' id='word_1_457' title='bbox 2948 1517 3100 1572; x_wconf 90' lang='lat' dir='ltr'><strong>uncti</strong></span> <span class='ocrx_word' id='word_1_458' title='bbox 3147 1527 3326 1574; x_wconf 90' lang='lat' dir='ltr'><strong>erant.</strong></span> <span class='ocrx_word' id='word_1_459' title='bbox 3354 1521 3660 1593; x_wconf 85' lang='lat' dir='ltr'><strong>Postquam</strong></span> 
     </span>
    </p>
   </div>
   <div class='ocr_carea' id='block_1_59' title="bbox 2061 1605 3660 1677">
    <p class='ocr_par' dir='ltr' id='par_1_59' title="bbox 2061 1605 3660 1677">
     <span class='ocr_line' id='line_1_60' title="bbox 2061 1605 3660 1677; baseline 0.004 -16"><span class='ocrx_word' id='word_1_460' title='bbox 2061 1612 2248 1661; x_wconf 88' lang='lat' dir='ltr'><strong>autem</strong></span> <span class='ocrx_word' id='word_1_461' title='bbox 2286 1620 2488 1661; x_wconf 90' lang='lat' dir='ltr'><strong>manus</strong></span> <span class='ocrx_word' id='word_1_462' title='bbox 2530 1605 2841 1677; x_wconf 85' lang='lat' dir='ltr'><strong>injeceruut</strong></span> <span class='ocrx_word' id='word_1_463' title='bbox 2886 1605 2947 1662; x_wconf 91' lang='lat' dir='ltr'><strong>in</strong></span> <span class='ocrx_word' id='word_1_464' title='bbox 2990 1609 3203 1675; x_wconf 88' lang='lat' dir='ltr'><strong>Jesum,</strong></span> <span class='ocrx_word' id='word_1_465' title='bbox 3249 1616 3385 1665; x_wconf 91' lang='lat' dir='ltr'><strong>tunc</strong></span> <span class='ocrx_word' id='word_1_466' title='bbox 3423 1611 3660 1667; x_wconf 88' lang='lat' dir='ltr'><strong>omnino</strong></span> 
     </span>
    </p>
   </div>
   <div class='ocr_carea' id='block_1_60' title="bbox 2061 1694 3660 1773">
    <p class='ocr_par' dir='ltr' id='par_1_60' title="bbox 2061 1694 3660 1773">
     <span class='ocr_line' id='line_1_61' title="bbox 2061 1694 3660 1773; baseline 0.004 -23"><span class='ocrx_word' id='word_1_467' title='bbox 2061 1695 2233 1765; x_wconf 83' lang='lat' dir='ltr'><strong>gratia</strong></span> <span class='ocrx_word' id='word_1_468' title='bbox 2262 1695 2557 1766; x_wconf 85' lang='lat' dir='ltr'><strong>dereliquit</strong></span> <span class='ocrx_word' id='word_1_469' title='bbox 2596 1694 2742 1764; x_wconf 90' lang='lat' dir='ltr'><strong>illos,</strong></span> <span class='ocrx_word' id='word_1_470' title='bbox 2770 1703 2825 1751; x_wconf 91' lang='lat' dir='ltr'><strong>et</strong></span> <span class='ocrx_word' id='word_1_471' title='bbox 2860 1695 3074 1752; x_wconf 88' lang='lat' dir='ltr'><strong>transiit</strong></span> <span class='ocrx_word' id='word_1_472' title='bbox 3109 1696 3177 1753; x_wconf 91' lang='lat' dir='ltr'><strong>ad</strong></span> <span class='ocrx_word' id='word_1_473' title='bbox 3223 1699 3521 1770; x_wconf 89' lang='lat' dir='ltr'><strong>apostolos.</strong></span> <span class='ocrx_word' id='word_1_474' title='bbox 3551 1701 3660 1773; x_wconf 87' lang='lat' dir='ltr'><strong>Igi-</strong></span> 
     </span>
    </p>
   </div>
   <div class='ocr_carea' id='block_1_61' title="bbox 2062 1784 3663 1856">
    <p class='ocr_par' dir='ltr' id='par_1_61' title="bbox 2062 1784 3663 1856">
     <span class='ocr_line' id='line_1_62' title="bbox 2062 1784 3663 1856; baseline 0.004 -17"><span class='ocrx_word' id='word_1_475' title='bbox 2062 1793 2156 1840; x_wconf 88' lang='lat' dir='ltr'><strong>tur</strong></span> <span class='ocrx_word' id='word_1_476' title='bbox 2203 1785 2296 1840; x_wconf 88' lang='lat' dir='ltr'><strong>alii</strong></span> <span class='ocrx_word' id='word_1_477' title='bbox 2338 1784 2563 1856; x_wconf 86' lang='lat' dir='ltr'><strong>quidem</strong></span> <span class='ocrx_word' id='word_1_478' title='bbox 2605 1784 2660 1838; x_wconf 91' lang='lat' dir='ltr'><strong>in</strong></span> <span class='ocrx_word' id='word_1_479' title='bbox 2708 1784 2886 1856; x_wconf 89' lang='lat' dir='ltr'><strong>specie</strong></span> <span class='ocrx_word' id='word_1_480' title='bbox 2925 1786 3142 1842; x_wconf 89' lang='lat' dir='ltr'><strong>concilii</strong></span> <span class='ocrx_word' id='word_1_481' title='bbox 3186 1796 3425 1844; x_wconf 87' lang='lat' dir='ltr'><strong>mortem</strong></span> <span class='ocrx_word' id='word_1_482' title='bbox 3453 1789 3663 1846; x_wconf 88' lang='lat' dir='ltr'><strong>Christi</strong></span> 
     </span>
    </p>
   </div>
   <div class='ocr_carea' id='block_1_62' title="bbox 2057 1872 3661 1950">
    <p class='ocr_par' dir='ltr' id='par_1_62' title="bbox 2057 1872 3661 1950">
     <span class='ocr_line' id='line_1_63' title="bbox 2057 1872 3661 1950; baseline 0.004 -22"><span class='ocrx_word' id='word_1_483' title='bbox 2057 1873 2492 1941; x_wconf 89' lang='lat' dir='ltr'><strong>meditabantur,</strong></span> <span class='ocrx_word' id='word_1_484' title='bbox 2536 1872 2784 1945; x_wconf 78' lang='lat' dir='ltr'><strong>pontifex</strong></span> <span class='ocrx_word' id='word_1_485' title='bbox 2835 1883 3027 1930; x_wconf 89' lang='lat' dir='ltr'><strong>autem</strong></span> <span class='ocrx_word' id='word_1_486' title='bbox 3073 1876 3148 1931; x_wconf 89' lang='lat' dir='ltr'><strong>ita</strong></span> <span class='ocrx_word' id='word_1_487' title='bbox 3195 1885 3315 1933; x_wconf 89' lang='lat' dir='ltr'><strong>erat</strong></span> <span class='ocrx_word' id='word_1_488' title='bbox 3362 1879 3661 1950; x_wconf 87' lang='lat' dir='ltr'><strong>sanguina-</strong></span> 
     </span>
    </p>
   </div>
   <div class='ocr_carea' id='block_1_63' title="bbox 2057 1961 3663 2036">
    <p class='ocr_par' dir='ltr' id='par_1_63' title="bbox 2057 1961 3663 2036">
     <span class='ocr_line' id='line_1_64' title="bbox 2057 1961 3663 2036; baseline 0.002 -16"><span class='ocrx_word' id='word_1_489' title='bbox 2057 1964 2195 2033; x_wconf 88' lang='lat' dir='ltr'><strong>rius,</strong></span> <span class='ocrx_word' id='word_1_490' title='bbox 2223 1969 2283 2020; x_wconf 90' lang='lat' dir='ltr'><strong>ut</strong></span> <span class='ocrx_word' id='word_1_491' title='bbox 2329 1971 2385 2019; x_wconf 91' lang='lat' dir='ltr'><strong>et</strong></span> <span class='ocrx_word' id='word_1_492' title='bbox 2427 1961 2580 2019; x_wconf 91' lang='lat' dir='ltr'><strong>nudo</strong></span> <span class='ocrx_word' id='word_1_493' title='bbox 2611 1962 2782 2036; x_wconf 88' lang='lat' dir='ltr'><strong>(quod</strong></span> <span class='ocrx_word' id='word_1_494' title='bbox 2809 1963 2988 2031; x_wconf 90' lang='lat' dir='ltr'><strong>aiunt)</strong></span> <span class='ocrx_word' id='word_1_495' title='bbox 3033 1964 3230 2036; x_wconf 89' lang='lat' dir='ltr'><strong>capite,</strong></span> <span class='ocrx_word' id='word_1_496' title='bbox 3277 1975 3472 2024; x_wconf 89' lang='lat' dir='ltr'><strong>contra</strong></span> <span class='ocrx_word' id='word_1_497' title='bbox 3500 1968 3663 2026; x_wconf 87' lang='lat' dir='ltr'><strong>Chri-</strong></span> 
     </span>
    </p>
   </div>
   <div class='ocr_carea' id='block_1_64' title="bbox 2058 2052 3665 2125">
    <p class='ocr_par' dir='ltr' id='par_1_64' title="bbox 2058 2052 3665 2125">
     <span class='ocr_line' id='line_1_65' title="bbox 2058 2052 3665 2125; baseline 0.004 -15"><span class='ocrx_word' id='word_1_498' title='bbox 2058 2062 2206 2110; x_wconf 91' lang='lat' dir='ltr'><strong>stum</strong></span> <span class='ocrx_word' id='word_1_499' title='bbox 2237 2052 2721 2125; x_wconf 90' lang='lat' dir='ltr'><strong>impudentissime</strong></span> <span class='ocrx_word' id='word_1_500' title='bbox 2750 2052 3080 2110; x_wconf 90' lang='lat' dir='ltr'><strong>sententiam</strong></span> <span class='ocrx_word' id='word_1_501' title='bbox 3109 2054 3294 2112; x_wconf 89' lang='lat' dir='ltr'><strong>ferret.</strong></span> <span class='ocrx_word' id='word_1_502' title='bbox 3314 2058 3437 2112; x_wconf 92' lang='lat' dir='ltr'><strong>Imo</strong></span> <span class='ocrx_word' id='word_1_503' title='bbox 3456 2065 3512 2114; x_wconf 86' lang='lat' dir='ltr'><strong>et</strong></span> <span class='ocrx_word' id='word_1_504' title='bbox 3530 2059 3665 2116; x_wconf 91' lang='lat' dir='ltr'><strong>alios</strong></span> 
     </span>
    </p>
   </div>
   <div class='ocr_carea' id='block_1_65' title="bbox 2059 2141 3664 2220">
    <p class='ocr_par' dir='ltr' id='par_1_65' title="bbox 2059 2141 3664 2220">
     <span class='ocr_line' id='line_1_66' title="bbox 2059 2141 3664 2220; baseline 0.003 -20"><span class='ocrx_word' id='word_1_505' title='bbox 2059 2143 2280 2216; x_wconf 89' lang='lat' dir='ltr'><strong>quidem</strong></span> <span class='ocrx_word' id='word_1_506' title='bbox 2330 2141 2701 2216; x_wconf 87' lang='lat' dir='ltr'><strong>reprehendit,</strong></span> <span class='ocrx_word' id='word_1_507' title='bbox 2748 2143 2901 2216; x_wconf 91' lang='lat' dir='ltr'><strong>quod</strong></span> <span class='ocrx_word' id='word_1_508' title='bbox 2952 2160 3071 2200; x_wconf 92' lang='lat' dir='ltr'><strong>non</strong></span> <span class='ocrx_word' id='word_1_509' title='bbox 3098 2145 3468 2218; x_wconf 87' lang='lat' dir='ltr'><strong>intelligerent</strong></span> <span class='ocrx_word' id='word_1_510' title='bbox 3513 2147 3664 2220; x_wconf 92' lang='lat' dir='ltr'><strong>quod</strong></span> 
     </span>
    </p>
   </div>
   <div class='ocr_carea' id='block_1_66' title="bbox 2062 2231 3666 2310">
    <p class='ocr_par' dir='ltr' id='par_1_66' title="bbox 2062 2231 3666 2310">
     <span class='ocr_line' id='line_1_67' title="bbox 2062 2231 3666 2310; baseline 0.004 -21"><span class='ocrx_word' id='word_1_511' title='bbox 2062 2233 2373 2306; x_wconf 87' lang='lat' dir='ltr'><strong>oportebat,</strong></span> <span class='ocrx_word' id='word_1_512' title='bbox 2411 2241 2469 2289; x_wconf 92' lang='lat' dir='ltr'><strong>et</strong></span> <span class='ocrx_word' id='word_1_513' title='bbox 2512 2231 2693 2305; x_wconf 82' lang='lat' dir='ltr'><strong>ignavi</strong></span> <span class='ocrx_word' id='word_1_514' title='bbox 2723 2240 2910 2289; x_wconf 89' lang='lat' dir='ltr'><strong>essent</strong></span> <span class='ocrx_word' id='word_1_515' title='bbox 2955 2233 3015 2290; x_wconf 90' lang='lat' dir='ltr'><strong>in</strong></span> <span class='ocrx_word' id='word_1_516' title='bbox 3043 2233 3389 2306; x_wconf 84' lang='lat' dir='ltr'><strong>dispicienda</strong></span> <span class='ocrx_word' id='word_1_517' title='bbox 3434 2237 3568 2310; x_wconf 92' lang='lat' dir='ltr'><strong>quid</strong></span> <span class='ocrx_word' id='word_1_518' title='bbox 3597 2237 3666 2295; x_wconf 89' lang='lat' dir='ltr'><strong>ad</strong></span> 
     </span>
    </p>
   </div>
   <div class='ocr_carea' id='block_1_67' title="bbox 2061 2323 3666 2401">
    <p class='ocr_par' dir='ltr' id='par_1_67' title="bbox 2061 2323 3666 2401">
     <span class='ocr_line' id='line_1_68' title="bbox 2061 2323 3666 2401; baseline 0.004 -21"><span class='ocrx_word' id='word_1_519' title='bbox 2061 2339 2181 2380; x_wconf 88' lang='lat' dir='ltr'><strong>rem</strong></span> <span class='ocrx_word' id='word_1_520' title='bbox 2228 2323 2518 2380; x_wconf 88' lang='lat' dir='ltr'><strong>conducat.</strong></span> <span class='ocrx_word' id='word_1_521' title='bbox 2571 2344 2599 2373; x_wconf 87' lang='grc'><em>‹‹</em></span> <span class='ocrx_word' id='word_1_522' title='bbox 2636 2325 2781 2379; x_wconf 89' lang='lat' dir='ltr'><strong>Nam</strong></span> <span class='ocrx_word' id='word_1_523' title='bbox 2812 2339 2932 2392; x_wconf 92' lang='lat' dir='ltr'><strong>vos,</strong></span> <span class='ocrx_word' id='word_1_524' title='bbox 2975 2324 3178 2396; x_wconf 88' lang='lat' dir='ltr'><strong>inquit,</strong></span> <span class='ocrx_word' id='word_1_525' title='bbox 3231 2327 3457 2382; x_wconf 89' lang='lat' dir='ltr'><strong>nescitis</strong></span> <span class='ocrx_word' id='word_1_526' title='bbox 3505 2327 3666 2401; x_wconf 82' lang='lat' dir='ltr'><strong>quid-</strong></span> 
     </span>
    </p>
   </div>
   <div class='ocr_carea' id='block_1_68' title="bbox 2064 2411 3666 2487">
    <p class='ocr_par' dir='ltr' id='par_1_68' title="bbox 2064 2411 3666 2487">
     <span class='ocr_line' id='line_1_69' title="bbox 2064 2411 3666 2487; baseline 0.003 -18"><span class='ocrx_word' id='word_1_527' title='bbox 2064 2429 2252 2485; x_wconf 86' lang='lat' dir='ltr'><strong>quam.</strong></span> <span class='ocrx_word' id='word_1_528' title='bbox 2296 2437 2320 2462; x_wconf 77' lang='grc' dir='ltr'><strong>ιι</strong></span> <span class='ocrx_word' id='word_1_529' title='bbox 2366 2411 2629 2482; x_wconf 90' lang='lat' dir='ltr'><strong>Desides,</strong></span> <span class='ocrx_word' id='word_1_530' title='bbox 2685 2411 2884 2484; x_wconf 89' lang='lat' dir='ltr'><strong>inquit,</strong></span> <span class='ocrx_word' id='word_1_531' title='bbox 2933 2413 3065 2468; x_wconf 91' lang='lat' dir='ltr'><strong>estis</strong></span> <span class='ocrx_word' id='word_1_532' title='bbox 3117 2414 3185 2469; x_wconf 93' lang='lat' dir='ltr'><strong>ad</strong></span> <span class='ocrx_word' id='word_1_533' title='bbox 3226 2414 3666 2487; x_wconf 86' lang='lat' dir='ltr'><strong>intelligendum,</strong></span> 
     </span>
    </p>
   </div>
   <div class='ocr_carea' id='block_1_69' title="bbox 2065 2501 3667 2574">
    <p class='ocr_par' dir='ltr' id='par_1_69' title="bbox 2065 2501 3667 2574">
     <span class='ocr_line' id='line_1_70' title="bbox 2065 2501 3667 2574; baseline 0.002 -15"><span class='ocrx_word' id='word_1_534' title='bbox 2065 2512 2117 2559; x_wconf 91' lang='lat' dir='ltr'><strong>et</strong></span> <span class='ocrx_word' id='word_1_535' title='bbox 2141 2519 2250 2558; x_wconf 87' lang='lat' dir='ltr'><strong>non</strong></span> <span class='ocrx_word' id='word_1_536' title='bbox 2279 2503 2536 2574; x_wconf 87' lang='lat' dir='ltr'><strong>cogitatis</strong></span> <span class='ocrx_word' id='word_1_537' title='bbox 2555 2501 2707 2573; x_wconf 92' lang='lat' dir='ltr'><strong>quod</strong></span> <span class='ocrx_word' id='word_1_538' title='bbox 2733 2501 2985 2573; x_wconf 87' lang='lat' dir='ltr'><strong>expediat</strong></span> <span class='ocrx_word' id='word_1_539' title='bbox 3011 2518 3187 2558; x_wconf 92' lang='lat' dir='ltr'><strong>unum</strong></span> <span class='ocrx_word' id='word_1_540' title='bbox 3214 2505 3379 2573; x_wconf 87' lang='lat' dir='ltr'><strong>mori,</strong></span> <span class='ocrx_word' id='word_1_541' title='bbox 3397 2513 3452 2560; x_wconf 92' lang='lat' dir='ltr'><strong>et</strong></span> <span class='ocrx_word' id='word_1_542' title='bbox 3469 2506 3667 2563; x_wconf 88' lang='lat' dir='ltr'><strong>salvari</strong></span> 
     </span>
    </p>
   </div>
   <div class='ocr_carea' id='block_1_70' title="bbox 2065 2592 3669 2665">
    <p class='ocr_par' dir='ltr' id='par_1_70' title="bbox 2065 2592 3669 2665">
     <span class='ocr_line' id='line_1_71' title="bbox 2065 2592 3669 2665; baseline 0.002 -16"><span class='ocrx_word' id='word_1_543' title='bbox 2065 2609 2290 2649; x_wconf 90' lang='lat' dir='ltr'><strong>omnem</strong></span> <span class='ocrx_word' id='word_1_544' title='bbox 2328 2593 2614 2664; x_wconf 88' lang='lat' dir='ltr'><strong>populum.</strong></span> <span class='ocrx_word' id='word_1_545' title='bbox 2665 2596 2786 2648; x_wconf 85' lang='lat' dir='ltr'><strong>Hoc</strong></span> <span class='ocrx_word' id='word_1_546' title='bbox 2825 2599 3013 2648; x_wconf 89' lang='lat' dir='ltr'><strong>autem</strong></span> <span class='ocrx_word' id='word_1_547' title='bbox 3045 2592 3159 2664; x_wconf 91' lang='lat' dir='ltr'><strong>ipse</strong></span> <span class='ocrx_word' id='word_1_548' title='bbox 3185 2593 3410 2665; x_wconf 91' lang='lat' dir='ltr'><strong>quidem</strong></span> <span class='ocrx_word' id='word_1_549' title='bbox 3444 2595 3669 2654; x_wconf 91' lang='lat' dir='ltr'><strong>sinistro</strong></span> 
     </span>
    </p>
   </div>
   <div class='ocr_carea' id='block_1_71' title="bbox 2065 2681 3671 2754">
    <p class='ocr_par' dir='ltr' id='par_1_71' title="bbox 2065 2681 3671 2754">
     <span class='ocr_line' id='line_1_72' title="bbox 2065 2681 3671 2754; baseline 0.002 -16"><span class='ocrx_word' id='word_1_550' title='bbox 2065 2682 2254 2738; x_wconf 90' lang='lat' dir='ltr'><strong>animo</strong></span> <span class='ocrx_word' id='word_1_551' title='bbox 2284 2681 2439 2738; x_wconf 86' lang='lat' dir='ltr'><strong>dixit.</strong></span> <span class='ocrx_word' id='word_1_552' title='bbox 2470 2683 2870 2737; x_wconf 88' lang='lat' dir='ltr'><strong>Verumtamen</strong></span> <span class='ocrx_word' id='word_1_553' title='bbox 2914 2681 3086 2754; x_wconf 83' lang='lat' dir='ltr'><strong>gratia</strong></span> <span class='ocrx_word' id='word_1_554' title='bbox 3115 2682 3353 2753; x_wconf 89' lang='lat' dir='ltr'><strong>Spiritus</strong></span> <span class='ocrx_word' id='word_1_555' title='bbox 3397 2700 3494 2740; x_wconf 88' lang='lat' dir='ltr'><strong>ore</strong></span> <span class='ocrx_word' id='word_1_556' title='bbox 3523 2685 3671 2742; x_wconf 90' lang='lat' dir='ltr'><strong>illius</strong></span> 
     </span>
    </p>
   </div>
   <div class='ocr_carea' id='block_1_72' title="bbox 2069 2770 3671 2846">
    <p class='ocr_par' dir='ltr' id='par_1_72' title="bbox 2069 2770 3671 2846">
     <span class='ocr_line' id='line_1_73' title="bbox 2069 2770 3671 2846; baseline 0.002 -18"><span class='ocrx_word' id='word_1_557' title='bbox 2069 2789 2166 2828; x_wconf 89' lang='lat' dir='ltr'><strong>usa</strong></span> <span class='ocrx_word' id='word_1_558' title='bbox 2207 2781 2292 2830; x_wconf 89' lang='lat' dir='ltr'><strong>est</strong></span> <span class='ocrx_word' id='word_1_559' title='bbox 2336 2771 2408 2828; x_wconf 91' lang='lat' dir='ltr'><strong>ad</strong></span> <span class='ocrx_word' id='word_1_560' title='bbox 2457 2771 2862 2843; x_wconf 75' lang='lat' dir='ltr'><strong>praedicendum</strong></span> <span class='ocrx_word' id='word_1_561' title='bbox 2910 2770 3113 2839; x_wconf 88' lang='lat' dir='ltr'><strong>futura,</strong></span> <span class='ocrx_word' id='word_1_562' title='bbox 3145 2773 3365 2828; x_wconf 87' lang='lat' dir='ltr'><strong>tametsi</strong></span> <span class='ocrx_word' id='word_1_563' title='bbox 3402 2775 3671 2846; x_wconf 90' lang='lat' dir='ltr'><strong>pollutum</strong></span> 
     </span>
    </p>
   </div>
   <div class='ocr_carea' id='block_1_73' title="bbox 2069 2860 3671 2936">
    <p class='ocr_par' dir='ltr' id='par_1_73' title="bbox 2069 2860 3671 2936">
     <span class='ocr_line' id='line_1_74' title="bbox 2069 2860 3671 2936; baseline 0.002 -18"><span class='ocrx_word' id='word_1_564' title='bbox 2069 2879 2164 2919; x_wconf 82' lang='lat' dir='ltr'><strong>cor</strong></span> <span class='ocrx_word' id='word_1_565' title='bbox 2186 2863 2304 2935; x_wconf 90' lang='lat' dir='ltr'><strong>ejus</strong></span> <span class='ocrx_word' id='word_1_566' title='bbox 2343 2877 2453 2916; x_wconf 89' lang='lat' dir='ltr'><strong>non</strong></span> <span class='ocrx_word' id='word_1_567' title='bbox 2482 2861 2742 2934; x_wconf 86' lang='lat' dir='ltr'><strong>attigerit.</strong></span> <span class='ocrx_word' id='word_1_568' title='bbox 2767 2860 2902 2916; x_wconf 90' lang='lat' dir='ltr'><strong>Vide</strong></span> <span class='ocrx_word' id='word_1_569' title='bbox 2936 2861 3103 2934; x_wconf 87' lang='lat' dir='ltr'><strong>igitur</strong></span> <span class='ocrx_word' id='word_1_570' title='bbox 3129 2863 3298 2934; x_wconf 77' lang='lat'><strong>667</strong></span> <span class='ocrx_word' id='word_1_571' title='bbox 3342 2877 3549 2935; x_wconf 89' lang='lat' dir='ltr'><strong>quanta</strong></span> <span class='ocrx_word' id='word_1_572' title='bbox 3576 2881 3671 2936; x_wconf 86' lang='lat' dir='ltr'><strong>po-</strong></span> 
     </span>
    </p>
   </div>
   <div class='ocr_carea' id='block_1_74' title="bbox 2070 2950 3676 3026">
    <p class='ocr_par' dir='ltr' id='par_1_74' title="bbox 2070 2950 3676 3026">
     <span class='ocr_line' id='line_1_75' title="bbox 2070 2950 3676 3026; baseline 0.004 -20"><span class='ocrx_word' id='word_1_573' title='bbox 2070 2952 2237 3008; x_wconf 89' lang='lat' dir='ltr'><strong>tentia</strong></span> <span class='ocrx_word' id='word_1_574' title='bbox 2265 2951 2516 3023; x_wconf 91' lang='lat' dir='ltr'><strong>Spiritus.</strong></span> <span class='ocrx_word' id='word_1_575' title='bbox 2551 2951 2701 3006; x_wconf 86' lang='lat' dir='ltr'><strong>Fecit</strong></span> <span class='ocrx_word' id='word_1_576' title='bbox 2729 2950 2878 3006; x_wconf 93' lang='lat' dir='ltr'><strong>enim</strong></span> <span class='ocrx_word' id='word_1_577' title='bbox 2907 2958 2969 3006; x_wconf 93' lang='lat' dir='ltr'><strong>ut</strong></span> <span class='ocrx_word' id='word_1_578' title='bbox 3009 2967 3039 3006; x_wconf 91' lang='lat' dir='ltr'><strong>a</strong></span> <span class='ocrx_word' id='word_1_579' title='bbox 3071 2952 3215 3008; x_wconf 89' lang='lat' dir='ltr'><strong>mala</strong></span> <span class='ocrx_word' id='word_1_580' title='bbox 3261 2962 3449 3010; x_wconf 90' lang='lat' dir='ltr'><strong>mente</strong></span> <span class='ocrx_word' id='word_1_581' title='bbox 3479 2971 3676 3026; x_wconf 88' lang='lat' dir='ltr'><strong>proce-</strong></span> 
     </span>
    </p>
   </div>
   <div class='ocr_carea' id='block_1_75' title="bbox 2071 3039 3673 3115">
    <p class='ocr_par' dir='ltr' id='par_1_75' title="bbox 2071 3039 3673 3115">
     <span class='ocr_line' id='line_1_76' title="bbox 2071 3039 3673 3115; baseline 0.002 -18"><span class='ocrx_word' id='word_1_582' title='bbox 2071 3042 2268 3098; x_wconf 90' lang='lat' dir='ltr'><strong>derent</strong></span> <span class='ocrx_word' id='word_1_583' title='bbox 2293 3041 2457 3096; x_wconf 88' lang='lat' dir='ltr'><strong>verba</strong></span> <span class='ocrx_word' id='word_1_584' title='bbox 2483 3041 2799 3097; x_wconf 88' lang='lat' dir='ltr'><strong>mirabilem</strong></span> <span class='ocrx_word' id='word_1_585' title='bbox 2829 3039 3080 3096; x_wconf 88' lang='lat' dir='ltr'><strong>habentia</strong></span> <span class='ocrx_word' id='word_1_586' title='bbox 3112 3043 3479 3114; x_wconf 88' lang='lat' dir='ltr'><strong>prophetiam.</strong></span> <span class='ocrx_word' id='word_1_587' title='bbox 3506 3047 3673 3115; x_wconf 88' lang='lat' dir='ltr'><strong>Nam,</strong></span> 
     </span>
    </p>
   </div>
   <div class='ocr_carea' id='block_1_76' title="bbox 2072 3129 3679 3206">
    <p class='ocr_par' dir='ltr' id='par_1_76' title="bbox 2072 3129 3679 3206">
     <span class='ocr_line' id='line_1_77' title="bbox 2072 3129 3679 3206; baseline 0.003 -19"><span class='ocrx_word' id='word_1_588' title='bbox 2072 3139 2296 3187; x_wconf 86' lang='lat' dir='ltr'><strong>mortuo</strong></span> <span class='ocrx_word' id='word_1_589' title='bbox 2346 3129 2584 3194; x_wconf 88' lang='lat' dir='ltr'><strong>Christo,</strong></span> <span class='ocrx_word' id='word_1_590' title='bbox 2641 3145 2839 3186; x_wconf 89' lang='lat' dir='ltr'><strong>omnes</strong></span> <span class='ocrx_word' id='word_1_591' title='bbox 2877 3130 2969 3202; x_wconf 88' lang='lat' dir='ltr'><strong>qui</strong></span> <span class='ocrx_word' id='word_1_592' title='bbox 3014 3131 3368 3188; x_wconf 89' lang='lat' dir='ltr'><strong>crediderunt</strong></span> <span class='ocrx_word' id='word_1_593' title='bbox 3409 3148 3474 3189; x_wconf 80' lang='lat' dir='ltr'><strong>ex</strong></span> <span class='ocrx_word' id='word_1_594' title='bbox 3515 3144 3679 3206; x_wconf 88' lang='lat' dir='ltr'><strong>gente</strong></span> 
     </span>
    </p>
   </div>
   <div class='ocr_carea' id='block_1_77' title="bbox 2074 3219 3682 3293">
    <p class='ocr_par' dir='ltr' id='par_1_77' title="bbox 2074 3219 3682 3293">
     <span class='ocr_line' id='line_1_78' title="bbox 2074 3219 3682 3293; baseline 0.002 -16"><span class='ocrx_word' id='word_1_595' title='bbox 2074 3239 2106 3278; x_wconf 90' lang='lat' dir='ltr'><strong>a</strong></span> <span class='ocrx_word' id='word_1_596' title='bbox 2136 3237 2342 3293; x_wconf 85' lang='lat' dir='ltr'><strong>magno</strong></span> <span class='ocrx_word' id='word_1_597' title='bbox 2381 3229 2436 3277; x_wconf 91' lang='lat' dir='ltr'><strong>et</strong></span> <span class='ocrx_word' id='word_1_598' title='bbox 2474 3229 2683 3277; x_wconf 67' lang='lat' dir='ltr'><strong>mterno</strong></span> <span class='ocrx_word' id='word_1_599' title='bbox 2729 3219 2997 3292; x_wconf 88' lang='lat' dir='ltr'><strong>supplicio</strong></span> <span class='ocrx_word' id='word_1_600' title='bbox 3037 3220 3246 3277; x_wconf 89' lang='lat' dir='ltr'><strong>liberati</strong></span> <span class='ocrx_word' id='word_1_601' title='bbox 3313 3221 3559 3279; x_wconf 89' lang='lat' dir='ltr'><strong>fuerunt.</strong></span> <span class='ocrx_word' id='word_1_602' title='bbox 3608 3227 3682 3282; x_wconf 89' lang='lat' dir='ltr'><strong>Et</strong></span> 
     </span>
    </p>
   </div>
   <div class='ocr_carea' id='block_1_78' title="bbox 2076 3310 3684 3384">
    <p class='ocr_par' dir='ltr' id='par_1_78' title="bbox 2076 3310 3684 3384">
     <span class='ocr_line' id='line_1_79' title="bbox 2076 3310 3684 3384; baseline 0.002 -16"><span class='ocrx_word' id='word_1_603' title='bbox 2076 3329 2188 3369; x_wconf 90' lang='lat' dir='ltr'><strong>non</strong></span> <span class='ocrx_word' id='word_1_604' title='bbox 2212 3329 2310 3384; x_wconf 92' lang='lat' dir='ltr'><strong>pro</strong></span> <span class='ocrx_word' id='word_1_605' title='bbox 2335 3319 2498 3384; x_wconf 88' lang='lat' dir='ltr'><strong>gente</strong></span> <span class='ocrx_word' id='word_1_606' title='bbox 2523 3311 2707 3368; x_wconf 91' lang='lat' dir='ltr'><strong>solum</strong></span> <span class='ocrx_word' id='word_1_607' title='bbox 2726 3310 2952 3368; x_wconf 88' lang='lat' dir='ltr'><strong>Judaica</strong></span> <span class='ocrx_word' id='word_1_608' title='bbox 2984 3320 3235 3369; x_wconf 89' lang='lat' dir='ltr'><strong>mortuus</strong></span> <span class='ocrx_word' id='word_1_609' title='bbox 3263 3322 3367 3381; x_wconf 90' lang='lat' dir='ltr'><strong>est,</strong></span> <span class='ocrx_word' id='word_1_610' title='bbox 3399 3313 3496 3370; x_wconf 89' lang='lat' dir='ltr'><strong>sed</strong></span> <span class='ocrx_word' id='word_1_611' title='bbox 3526 3323 3583 3371; x_wconf 90' lang='lat' dir='ltr'><strong>et</strong></span> <span class='ocrx_word' id='word_1_612' title='bbox 3619 3324 3684 3372; x_wconf 90' lang='lat' dir='ltr'><strong>ut</strong></span> 
     </span>
    </p>
   </div>
   <div class='ocr_carea' id='block_1_79' title="bbox 2079 3401 3683 3477">
    <p class='ocr_par' dir='ltr' id='par_1_79' title="bbox 2079 3401 3683 3477">
     <span class='ocr_line' id='line_1_80' title="bbox 2079 3401 3683 3477; baseline 0.001 -18"><span class='ocrx_word' id='word_1_613' title='bbox 2079 3403 2170 3459; x_wconf 91' lang='lat' dir='ltr'><strong>alii</strong></span> <span class='ocrx_word' id='word_1_614' title='bbox 2192 3401 2286 3458; x_wconf 88' lang='lat' dir='ltr'><strong>ﬁlii</strong></span> <span class='ocrx_word' id='word_1_615' title='bbox 2333 3402 2456 3466; x_wconf 91' lang='lat' dir='ltr'><strong>Dei,</strong></span> <span class='ocrx_word' id='word_1_616' title='bbox 2490 3401 2596 3457; x_wconf 89' lang='lat' dir='ltr'><strong>hoc</strong></span> <span class='ocrx_word' id='word_1_617' title='bbox 2623 3406 2707 3458; x_wconf 91' lang='lat' dir='ltr'><strong>est</strong></span> <span class='ocrx_word' id='word_1_618' title='bbox 2735 3409 2928 3473; x_wconf 82' lang='lat' dir='ltr'><strong>gentes</strong></span> <span class='ocrx_word' id='word_1_619' title='bbox 2969 3402 3023 3458; x_wconf 90' lang='lat' dir='ltr'><strong>in</strong></span> <span class='ocrx_word' id='word_1_620' title='bbox 3051 3418 3228 3458; x_wconf 88' lang='lat' dir='ltr'><strong>unum</strong></span> <span class='ocrx_word' id='word_1_621' title='bbox 3282 3419 3683 3477; x_wconf 88' lang='lat' dir='ltr'><strong>congregaren-</strong></span> 
     </span>
    </p>
   </div>
   <div class='ocr_carea' id='block_1_80' title="bbox 2079 3491 3683 3564">
    <p class='ocr_par' dir='ltr' id='par_1_80' title="bbox 2079 3491 3683 3564">
     <span class='ocr_line' id='line_1_81' title="bbox 2079 3491 3683 3564; baseline 0.003 -16"><span class='ocrx_word' id='word_1_622' title='bbox 2079 3501 2188 3548; x_wconf 88' lang='lat' dir='ltr'><strong>tur.</strong></span> <span class='ocrx_word' id='word_1_623' title='bbox 2233 3491 2400 3548; x_wconf 86' lang='lat' dir='ltr'><strong>Filios</strong></span> <span class='ocrx_word' id='word_1_624' title='bbox 2448 3500 2632 3547; x_wconf 90' lang='lat' dir='ltr'><strong>autem</strong></span> <span class='ocrx_word' id='word_1_625' title='bbox 2663 3491 2766 3546; x_wconf 90' lang='lat' dir='ltr'><strong>Dei</strong></span> <span class='ocrx_word' id='word_1_626' title='bbox 2804 3492 3060 3548; x_wconf 89' lang='lat' dir='ltr'><strong>nominat</strong></span> <span class='ocrx_word' id='word_1_627' title='bbox 3097 3501 3313 3564; x_wconf 90' lang='lat' dir='ltr'><strong>gentes,</strong></span> <span class='ocrx_word' id='word_1_628' title='bbox 3360 3493 3444 3550; x_wconf 89' lang='lat' dir='ltr'><strong>vel</strong></span> <span class='ocrx_word' id='word_1_629' title='bbox 3500 3496 3569 3551; x_wconf 91' lang='lat' dir='ltr'><strong>ab</strong></span> <span class='ocrx_word' id='word_1_630' title='bbox 3616 3513 3683 3553; x_wconf 89' lang='lat' dir='ltr'><strong>eo</strong></span> 
     </span>
    </p>
   </div>
   <div class='ocr_carea' id='block_1_81' title="bbox 2079 3581 3687 3655">
    <p class='ocr_par' dir='ltr' id='par_1_81' title="bbox 2079 3581 3687 3655">
     <span class='ocr_line' id='line_1_82' title="bbox 2079 3581 3687 3655; baseline 0.003 -17"><span class='ocrx_word' id='word_1_631' title='bbox 2079 3581 2229 3655; x_wconf 88' lang='lat' dir='ltr'><strong>quod</strong></span> <span class='ocrx_word' id='word_1_632' title='bbox 2276 3589 2394 3637; x_wconf 91' lang='lat' dir='ltr'><strong>erat</strong></span> <span class='ocrx_word' id='word_1_633' title='bbox 2440 3581 2720 3648; x_wconf 88' lang='lat' dir='ltr'><strong>futurum;</strong></span> <span class='ocrx_word' id='word_1_634' title='bbox 2770 3581 3228 3654; x_wconf 83' lang='lat' dir='ltr'><strong>quandoquidem</strong></span> <span class='ocrx_word' id='word_1_635' title='bbox 3280 3583 3428 3640; x_wconf 91' lang='lat' dir='ltr'><strong>enim</strong></span> <span class='ocrx_word' id='word_1_636' title='bbox 3484 3583 3687 3644; x_wconf 76' lang='lat' dir='ltr'><strong>futurae</strong></span> 
     </span>
    </p>
   </div>
   <div class='ocr_carea' id='block_1_82' title="bbox 2079 3671 3689 3744">
    <p class='ocr_par' dir='ltr' id='par_1_82' title="bbox 2079 3671 3689 3744">
     <span class='ocr_line' id='line_1_83' title="bbox 2079 3671 3689 3744; baseline 0.001 -16"><span class='ocrx_word' id='word_1_637' title='bbox 2079 3681 2235 3728; x_wconf 89' lang='lat' dir='ltr'><strong>erant</strong></span> <span class='ocrx_word' id='word_1_638' title='bbox 2263 3671 2357 3726; x_wconf 89' lang='lat' dir='ltr'><strong>ﬁlii</strong></span> <span class='ocrx_word' id='word_1_639' title='bbox 2390 3671 2516 3739; x_wconf 89' lang='lat' dir='ltr'><strong>Dei,</strong></span> <span class='ocrx_word' id='word_1_640' title='bbox 2564 3671 2644 3726; x_wconf 89' lang='lat' dir='ltr'><strong>sic</strong></span> <span class='ocrx_word' id='word_1_641' title='bbox 2687 3686 2782 3727; x_wconf 89' lang='lat' dir='ltr'><strong>eas</strong></span> <span class='ocrx_word' id='word_1_642' title='bbox 2809 3672 3064 3727; x_wconf 90' lang='lat' dir='ltr'><strong>nominat</strong></span> <span class='ocrx_word' id='word_1_643' title='bbox 3093 3691 3105 3726; x_wconf 88' lang='lat'>:</span> <span class='ocrx_word' id='word_1_644' title='bbox 3137 3673 3595 3744; x_wconf 89' lang='lat' dir='ltr'><strong>quemadmodun</strong></span> <span class='ocrx_word' id='word_1_645' title='bbox 3631 3683 3689 3730; x_wconf 92' lang='lat' dir='ltr'><strong>et</strong></span> 
     </span>
    </p>
   </div>
   <div class='ocr_carea' id='block_1_83' title="bbox 2080 3761 3688 3832">
    <p class='ocr_par' dir='ltr' id='par_1_83' title="bbox 2080 3761 3688 3832">
     <span class='ocr_line' id='line_1_84' title="bbox 2080 3761 3688 3832; baseline 0 -12"><span class='ocrx_word' id='word_1_646' title='bbox 2080 3762 2189 3820; x_wconf 91' lang='lat' dir='ltr'><strong>alio</strong></span> <span class='ocrx_word' id='word_1_647' title='bbox 2215 3762 2337 3818; x_wconf 91' lang='lat' dir='ltr'><strong>loco</strong></span> <span class='ocrx_word' id='word_1_648' title='bbox 2364 3761 2563 3832; x_wconf 88' lang='lat' dir='ltr'><strong>inquit,</strong></span> <span class='ocrx_word' id='word_1_649' title='bbox 2619 3783 2644 3808; x_wconf 75' lang='grc' dir='ltr'><strong>α</strong></span> <span class='ocrx_word' id='word_1_650' title='bbox 2672 3763 2743 3816; x_wconf 90' lang='lat' dir='ltr'><strong>Et</strong></span> <span class='ocrx_word' id='word_1_651' title='bbox 2767 3761 2904 3817; x_wconf 91' lang='lat' dir='ltr'><strong>alias</strong></span> <span class='ocrx_word' id='word_1_652' title='bbox 2940 3777 3072 3818; x_wconf 91' lang='lat' dir='ltr'><strong>oves</strong></span> <span class='ocrx_word' id='word_1_653' title='bbox 3102 3761 3277 3818; x_wconf 81' lang='lat' dir='ltr'><strong>habeo</strong></span> <span class='ocrx_word' id='word_1_654' title='bbox 3321 3761 3369 3799; x_wconf 75' lang='lat'><strong>3°</strong></span> <span class='ocrx_word' id='word_1_655' title='bbox 3415 3786 3442 3813; x_wconf 73' lang='grc' dir='ltr'>ιι</span> <span class='ocrx_word' id='word_1_656' title='bbox 3479 3783 3491 3819; x_wconf 92' lang='lat'>:</span> <span class='ocrx_word' id='word_1_657' title='bbox 3524 3763 3594 3819; x_wconf 89' lang='lat' dir='ltr'><strong>ab</strong></span> <span class='ocrx_word' id='word_1_658' title='bbox 3621 3779 3688 3820; x_wconf 90' lang='lat' dir='ltr'><strong>eo</strong></span> 
     </span>
    </p>
   </div>
   <div class='ocr_carea' id='block_1_84' title="bbox 2082 3850 3690 3924">
    <p class='ocr_par' dir='ltr' id='par_1_84' title="bbox 2082 3850 3690 3924">
     <span class='ocr_line' id='line_1_85' title="bbox 2082 3850 3690 3924; baseline 0.002 -18"><span class='ocrx_word' id='word_1_659' title='bbox 2082 3850 2232 3924; x_wconf 91' lang='lat' dir='ltr'><strong>quod</strong></span> <span class='ocrx_word' id='word_1_660' title='bbox 2261 3850 2515 3907; x_wconf 86' lang='lat' dir='ltr'><strong>futurum</strong></span> <span class='ocrx_word' id='word_1_661' title='bbox 2551 3858 2685 3920; x_wconf 90' lang='lat' dir='ltr'><strong>erat,</strong></span> <span class='ocrx_word' id='word_1_662' title='bbox 2719 3850 2887 3906; x_wconf 90' lang='lat' dir='ltr'><strong>etiam</strong></span> <span class='ocrx_word' id='word_1_663' title='bbox 2939 3851 3071 3907; x_wconf 89' lang='lat' dir='ltr'><strong>istas</strong></span> <span class='ocrx_word' id='word_1_664' title='bbox 3100 3865 3336 3921; x_wconf 86' lang='lat' dir='ltr'><strong>vocans;</strong></span> <span class='ocrx_word' id='word_1_665' title='bbox 3369 3852 3450 3908; x_wconf 92' lang='lat' dir='ltr'><strong>vel</strong></span> <span class='ocrx_word' id='word_1_666' title='bbox 3499 3868 3690 3909; x_wconf 88' lang='lat' dir='ltr'><strong>secun-</strong></span> 
     </span>
    </p>
   </div>
   <div class='ocr_carea' id='block_1_85' title="bbox 2083 3939 3689 4015">
    <p class='ocr_par' dir='ltr' id='par_1_85' title="bbox 2083 3939 3689 4015">
     <span class='ocr_line' id='line_1_86' title="bbox 2083 3939 3689 4015; baseline 0 -17"><span class='ocrx_word' id='word_1_667' title='bbox 2083 3941 2219 3998; x_wconf 92' lang='lat' dir='ltr'><strong>dum</strong></span> <span class='ocrx_word' id='word_1_668' title='bbox 2241 3940 2392 4014; x_wconf 90' lang='lat' dir='ltr'><strong>quod</strong></span> <span class='ocrx_word' id='word_1_669' title='bbox 2421 3939 2678 3996; x_wconf 90' lang='lat' dir='ltr'><strong>omnium</strong></span> <span class='ocrx_word' id='word_1_670' title='bbox 2704 3943 2862 3996; x_wconf 90' lang='lat' dir='ltr'><strong>Pater</strong></span> <span class='ocrx_word' id='word_1_671' title='bbox 2884 3949 2989 4009; x_wconf 89' lang='lat' dir='ltr'><strong>est,</strong></span> <span class='ocrx_word' id='word_1_672' title='bbox 3016 3940 3252 3998; x_wconf 90' lang='lat' dir='ltr'><strong>creando</strong></span> <span class='ocrx_word' id='word_1_673' title='bbox 3273 3957 3378 3998; x_wconf 88' lang='lat' dir='ltr'><strong>nos</strong></span> <span class='ocrx_word' id='word_1_674' title='bbox 3405 3957 3689 4015; x_wconf 85' lang='lat' dir='ltr'><strong>generans,</strong></span> 
     </span>
    </p>
   </div>
   <div class='ocr_carea' id='block_1_86' title="bbox 2084 4029 3694 4104">
    <p class='ocr_par' dir='ltr' id='par_1_86' title="bbox 2084 4029 3694 4104">
     <span class='ocr_line' id='line_1_87' title="bbox 2084 4029 3694 4104; baseline 0.001 -16"><span class='ocrx_word' id='word_1_675' title='bbox 2084 4032 2167 4088; x_wconf 86' lang='lat' dir='ltr'><strong>vel</strong></span> <span class='ocrx_word' id='word_1_676' title='bbox 2212 4029 2521 4088; x_wconf 89' lang='lat' dir='ltr'><strong>secundum</strong></span> <span class='ocrx_word' id='word_1_677' title='bbox 2550 4030 2698 4102; x_wconf 92' lang='lat' dir='ltr'><strong>quod</strong></span> <span class='ocrx_word' id='word_1_678' title='bbox 2737 4029 3020 4088; x_wconf 89' lang='lat' dir='ltr'><strong>decoravit</strong></span> <span class='ocrx_word' id='word_1_679' title='bbox 3047 4047 3148 4088; x_wconf 92' lang='lat' dir='ltr'><strong>nos</strong></span> <span class='ocrx_word' id='word_1_680' title='bbox 3191 4030 3265 4087; x_wconf 90' lang='lat' dir='ltr'><strong>ad</strong></span> <span class='ocrx_word' id='word_1_681' title='bbox 3294 4032 3599 4104; x_wconf 87' lang='lat' dir='ltr'><strong>imaginem</strong></span> <span class='ocrx_word' id='word_1_682' title='bbox 3636 4041 3694 4089; x_wconf 90' lang='lat' dir='ltr'><strong>et</strong></span> 
     </span>
    </p>
   </div>
   <div class='ocr_carea' id='block_1_87' title="bbox 2085 4119 3694 4192">
    <p class='ocr_par' dir='ltr' id='par_1_87' title="bbox 2085 4119 3694 4192">
     <span class='ocr_line' id='line_1_88' title="bbox 2085 4119 3694 4192; baseline 0.001 -14"><span class='ocrx_word' id='word_1_683' title='bbox 2085 4120 2503 4178; x_wconf 88' lang='lat' dir='ltr'><strong>similitudinem</strong></span> <span class='ocrx_word' id='word_1_684' title='bbox 2553 4119 2838 4192; x_wconf 89' lang='lat' dir='ltr'><strong>propriam</strong></span> <span class='ocrx_word' id='word_1_685' title='bbox 2876 4120 3141 4189; x_wconf 88' lang='lat' dir='ltr'><strong>condens,</strong></span> <span class='ocrx_word' id='word_1_686' title='bbox 3187 4121 3332 4176; x_wconf 90' lang='lat' dir='ltr'><strong>sicut</strong></span> <span class='ocrx_word' id='word_1_687' title='bbox 3369 4129 3426 4177; x_wconf 93' lang='lat' dir='ltr'><strong>et</strong></span> <span class='ocrx_word' id='word_1_688' title='bbox 3473 4121 3531 4177; x_wconf 91' lang='lat' dir='ltr'><strong>in</strong></span> <span class='ocrx_word' id='word_1_689' title='bbox 3576 4124 3694 4179; x_wconf 84' lang='lat' dir='ltr'><strong>Ac-</strong></span> 
     </span>
    </p>
   </div>
   <div class='ocr_carea' id='block_1_88' title="bbox 2083 4209 3690 4284">
    <p class='ocr_par' dir='ltr' id='par_1_88' title="bbox 2083 4209 3690 4284">
     <span class='ocr_line' id='line_1_89' title="bbox 2083 4209 3690 4284; baseline 0.001 -19"><span class='ocrx_word' id='word_1_690' title='bbox 2083 4211 2157 4268; x_wconf 89' lang='lat' dir='ltr'><strong>tis</strong></span> <span class='ocrx_word' id='word_1_691' title='bbox 2200 4211 2400 4267; x_wconf 88' lang='lat' dir='ltr'><strong>Paulus</strong></span> <span class='ocrx_word' id='word_1_692' title='bbox 2441 4209 2510 4266; x_wconf 89' lang='lat' dir='ltr'><strong>ad</strong></span> <span class='ocrx_word' id='word_1_693' title='bbox 2551 4209 2917 4267; x_wconf 86' lang='lat' dir='ltr'><strong>Athenienses</strong></span> <span class='ocrx_word' id='word_1_694' title='bbox 2957 4211 3315 4280; x_wconf 88' lang='lat' dir='ltr'><strong>concionans,</strong></span> <span class='ocrx_word' id='word_1_695' title='bbox 3346 4210 3524 4284; x_wconf 92' lang='lat' dir='ltr'><strong>inquit</strong></span> <span class='ocrx_word' id='word_1_696' title='bbox 3570 4211 3642 4249; x_wconf 70' lang='lat'><strong>39&quot;</strong></span> <span class='ocrx_word' id='word_1_697' title='bbox 3674 4226 3690 4266; x_wconf 88' lang='lat'><strong>:</strong></span> 
     </span>
    </p>
   </div>
   <div class='ocr_carea' id='block_1_89' title="bbox 2089 4299 3695 4376">
    <p class='ocr_par' dir='ltr' id='par_1_89' title="bbox 2089 4299 3695 4376">
     <span class='ocr_line' id='line_1_90' title="bbox 2089 4299 3695 4376; baseline 0.001 -19"><span class='ocrx_word' id='word_1_698' title='bbox 2089 4322 2116 4350; x_wconf 80' lang='grc' dir='ltr'><strong>α</strong></span> <span class='ocrx_word' id='word_1_699' title='bbox 2158 4303 2344 4358; x_wconf 88' lang='lat' dir='ltr'><strong>Genus</strong></span> <span class='ocrx_word' id='word_1_700' title='bbox 2397 4299 2562 4373; x_wconf 84' lang='lat' dir='ltr'><strong>igitur</strong></span> <span class='ocrx_word' id='word_1_701' title='bbox 2617 4315 2746 4356; x_wconf 90' lang='lat' dir='ltr'><strong>cum</strong></span> <span class='ocrx_word' id='word_1_702' title='bbox 2789 4301 2966 4357; x_wconf 90' lang='lat' dir='ltr'><strong>simus</strong></span> <span class='ocrx_word' id='word_1_703' title='bbox 3024 4301 3142 4358; x_wconf 85' lang='lat' dir='ltr'><strong>Dei.</strong></span> <span class='ocrx_word' id='word_1_704' title='bbox 3214 4324 3241 4351; x_wconf 71' lang='grc' dir='ltr'><strong>ι</strong></span> <span class='ocrx_word' id='word_1_705' title='bbox 3317 4303 3510 4374; x_wconf 89' lang='lat' dir='ltr'><strong>Itaque</strong></span> <span class='ocrx_word' id='word_1_706' title='bbox 3566 4301 3695 4376; x_wconf 91' lang='lat' dir='ltr'><strong>quia</strong></span> 
     </span>
    </p>
   </div>
   <div class='ocr_carea' id='block_1_90' title="bbox 2087 4387 3692 4461">
    <p class='ocr_par' dir='ltr' id='par_1_90' title="bbox 2087 4387 3692 4461">
     <span class='ocr_line' id='line_1_91' title="bbox 2087 4387 3692 4461; baseline 0.001 -16"><span class='ocrx_word' id='word_1_707' title='bbox 2087 4387 2258 4446; x_wconf 91' lang='lat' dir='ltr'><strong>homo</strong></span> <span class='ocrx_word' id='word_1_708' title='bbox 2292 4388 2491 4445; x_wconf 89' lang='lat' dir='ltr'><strong>animal</strong></span> <span class='ocrx_word' id='word_1_709' title='bbox 2517 4396 2600 4444; x_wconf 89' lang='lat' dir='ltr'><strong>est</strong></span> <span class='ocrx_word' id='word_1_710' title='bbox 2637 4389 2954 4461; x_wconf 88' lang='lat' dir='ltr'><strong>principale,</strong></span> <span class='ocrx_word' id='word_1_711' title='bbox 2998 4397 3054 4445; x_wconf 89' lang='lat' dir='ltr'><strong>et</strong></span> <span class='ocrx_word' id='word_1_712' title='bbox 3095 4388 3381 4446; x_wconf 90' lang='lat' dir='ltr'><strong>secundun</strong></span> <span class='ocrx_word' id='word_1_713' title='bbox 3409 4391 3515 4446; x_wconf 91' lang='lat' dir='ltr'><strong>hoc</strong></span> <span class='ocrx_word' id='word_1_714' title='bbox 3552 4391 3692 4447; x_wconf 91' lang='lat' dir='ltr'><strong>assi-</strong></span> 
     </span>
    </p>
   </div>
   <div class='ocr_carea' id='block_1_91' title="bbox 2088 4477 3694 4546">
    <p class='ocr_par' dir='ltr' id='par_1_91' title="bbox 2088 4477 3694 4546">
     <span class='ocr_line' id='line_1_92' title="bbox 2088 4477 3694 4546; baseline 0.001 -12"><span class='ocrx_word' id='word_1_715' title='bbox 2088 4478 2340 4535; x_wconf 89' lang='lat' dir='ltr'><strong>milatum</strong></span> <span class='ocrx_word' id='word_1_716' title='bbox 2365 4482 2506 4546; x_wconf 87' lang='lat' dir='ltr'><strong>Deo,</strong></span> <span class='ocrx_word' id='word_1_717' title='bbox 2539 4478 2686 4535; x_wconf 90' lang='lat' dir='ltr'><strong>ﬁlius</strong></span> <span class='ocrx_word' id='word_1_718' title='bbox 2722 4478 2824 4534; x_wconf 92' lang='lat' dir='ltr'><strong>Dei</strong></span> <span class='ocrx_word' id='word_1_719' title='bbox 2850 4477 3050 4535; x_wconf 88' lang='lat' dir='ltr'><strong>dicitur</strong></span> <span class='ocrx_word' id='word_1_720' title='bbox 3076 4479 3272 4534; x_wconf 88' lang='lat' dir='ltr'><strong>omnis.</strong></span> <span class='ocrx_word' id='word_1_721' title='bbox 3304 4478 3541 4535; x_wconf 87' lang='lat' dir='ltr'><strong>Proinde</strong></span> <span class='ocrx_word' id='word_1_722' title='bbox 3565 4495 3694 4535; x_wconf 91' lang='lat' dir='ltr'><strong>cum</strong></span> 
     </span>
    </p>
   </div>
   <div class='ocr_carea' id='block_1_92' title="bbox 376 4558 1980 4646">
    <p class='ocr_par' dir='ltr' id='par_1_92' title="bbox 376 4558 1980 4646">
     <span class='ocr_line' id='line_1_93' title="bbox 376 4558 1980 4646; baseline -0.01 -13"><span class='ocrx_word' id='word_1_723' title='bbox 376 4574 547 4633; x_wconf 83' lang='grc' dir='ltr'>Θεοῦ.</span> <span class='ocrx_word' id='word_1_724' title='bbox 578 4558 610 4622; x_wconf 18' lang='grc' dir='ltr'><strong><em>ιτ</em></strong></span> <span class='ocrx_word' id='word_1_725' title='bbox 634 4567 795 4628; x_wconf 78' lang='grc' dir='ltr'>Ἐπεὶ</span> <span class='ocrx_word' id='word_1_726' title='bbox 827 4564 1000 4625; x_wconf 90' lang='grc' dir='ltr'>τοίνυν</span> <span class='ocrx_word' id='word_1_727' title='bbox 1049 4566 1272 4646; x_wconf 77' lang='grc' dir='ltr'>ἀρχικὸν</span> <span class='ocrx_word' id='word_1_728' title='bbox 1309 4567 1438 4633; x_wconf 76' lang='grc' dir='ltr'>ζῶον</span> <span class='ocrx_word' id='word_1_729' title='bbox 1473 4567 1500 4621; x_wconf 83' lang='lat'><strong>6</strong></span> <span class='ocrx_word' id='word_1_730' title='bbox 1545 4563 1853 4643; x_wconf 84' lang='grc' dir='ltr'>ἄνθρωπος,</span> <span class='ocrx_word' id='word_1_731' title='bbox 1887 4558 1980 4619; x_wconf 76' lang='grc' dir='ltr'><strong>καὶ</strong></span> 
     </span>
    </p>
   </div>
   <div class='ocr_carea' id='block_1_93' title="bbox 2074 4558 3695 4646">
    <p class='ocr_par' dir='ltr' id='par_1_93' title="bbox 2092 4566 3695 4640">
     <span class='ocr_line' id='line_1_94' title="bbox 2092 4566 3695 4640; baseline -0.001 -16"><span class='ocrx_word' id='word_1_732' title='bbox 2092 4569 2370 4640; x_wconf 85' lang='lat' dir='ltr'><strong>dispersos</strong></span> <span class='ocrx_word' id='word_1_733' title='bbox 2409 4583 2513 4624; x_wconf 85' lang='lat' dir='ltr'><strong>nos</strong></span> <span class='ocrx_word' id='word_1_734' title='bbox 2537 4566 2704 4624; x_wconf 89' lang='lat' dir='ltr'><strong>variis</strong></span> <span class='ocrx_word' id='word_1_735' title='bbox 2729 4567 2910 4625; x_wconf 92' lang='lat' dir='ltr'><strong>modis</strong></span> <span class='ocrx_word' id='word_1_736' title='bbox 2947 4569 3173 4625; x_wconf 89' lang='lat' dir='ltr'><strong>Satanas</strong></span> <span class='ocrx_word' id='word_1_737' title='bbox 3201 4584 3232 4624; x_wconf 90' lang='lat' dir='ltr'><strong>a</strong></span> <span class='ocrx_word' id='word_1_738' title='bbox 3270 4571 3392 4624; x_wconf 92' lang='lat' dir='ltr'><strong>Deo</strong></span> <span class='ocrx_word' id='word_1_739' title='bbox 3421 4575 3477 4623; x_wconf 90' lang='lat' dir='ltr'><strong>et</strong></span> <span class='ocrx_word' id='word_1_740' title='bbox 3510 4567 3581 4624; x_wconf 87' lang='lat' dir='ltr'><strong>ab</strong></span> <span class='ocrx_word' id='word_1_741' title='bbox 3604 4568 3695 4623; x_wconf 87' lang='lat' dir='ltr'><strong>in-</strong></span> 
     </span>
    </p>
   </div>
   <div class='ocr_carea' id='block_1_94' title="bbox 379 4652 1981 4738">
    <p class='ocr_par' dir='ltr' id='par_1_94' title="bbox 379 4652 1981 4738">
     <span class='ocr_line' id='line_1_95' title="bbox 379 4652 1981 4738; baseline -0.007 -18"><span class='ocrx_word' id='word_1_742' title='bbox 379 4659 520 4720; x_wconf 75' lang='grc' dir='ltr'>κατὰ</span> <span class='ocrx_word' id='word_1_743' title='bbox 577 4662 735 4717; x_wconf 84' lang='grc' dir='ltr'>τοῦτο</span> <span class='ocrx_word' id='word_1_744' title='bbox 780 4658 908 4738; x_wconf 82' lang='grc' dir='ltr'><strong>Θεῷ</strong></span> <span class='ocrx_word' id='word_1_745' title='bbox 945 4655 1315 4734; x_wconf 84' lang='grc' dir='ltr'>ὁμοιωμένον,</span> <span class='ocrx_word' id='word_1_746' title='bbox 1365 4653 1548 4714; x_wconf 86' lang='grc' dir='ltr'>τέκνον</span> <span class='ocrx_word' id='word_1_747' title='bbox 1579 4655 1722 4713; x_wconf 82' lang='grc' dir='ltr'>Θεοῦ</span> <span class='ocrx_word' id='word_1_748' title='bbox 1766 4652 1981 4730; x_wconf 87' lang='grc' dir='ltr'>λέγεται</span> 
     </span>
    </p>
   </div>
   <div class='ocr_carea' id='block_1_95' title="bbox 380 4735 1985 4829">
    <p class='ocr_par' dir='ltr' id='par_1_95' title="bbox 380 4735 1985 4829">
     <span class='ocr_line' id='line_1_96' title="bbox 380 4735 1985 4829; baseline -0.007 -20"><span class='ocrx_word' id='word_1_749' title='bbox 380 4760 511 4817; x_wconf 69' lang='grc' dir='ltr'>πᾶς.</span> <span class='ocrx_word' id='word_1_750' title='bbox 557 4735 1078 4829; x_wconf 83' lang='grc' dir='ltr'>Διεσκορπισμένους</span> <span class='ocrx_word' id='word_1_751' title='bbox 1119 4735 1208 4804; x_wconf 65' lang='grc' dir='ltr'><strong>οὖν</strong></span> <span class='ocrx_word' id='word_1_752' title='bbox 1240 4743 1404 4811; x_wconf 76' lang='grc' dir='ltr'>οὕτως</span> <span class='ocrx_word' id='word_1_753' title='bbox 1446 4748 1590 4822; x_wconf 83' lang='grc' dir='ltr'>ἡμᾶς</span> <span class='ocrx_word' id='word_1_754' title='bbox 1639 4741 1797 4810; x_wconf 82' lang='grc' dir='ltr'>ὄντας</span> <span class='ocrx_word' id='word_1_755' title='bbox 1850 4740 1985 4821; x_wconf 83' lang='grc' dir='ltr'>(πο-</span> 
     </span>
    </p>
   </div>
   <div class='ocr_carea' id='block_1_96' title="bbox 383 4828 1988 4918">
    <p class='ocr_par' dir='ltr' id='par_1_96' title="bbox 383 4828 1988 4918">
     <span class='ocr_line' id='line_1_97' title="bbox 383 4828 1988 4918; baseline -0.006 -21"><span class='ocrx_word' id='word_1_756' title='bbox 383 4838 659 4918; x_wconf 76' lang='grc' dir='ltr'>λυτρόπως</span> <span class='ocrx_word' id='word_1_757' title='bbox 689 4828 792 4917; x_wconf 77' lang='grc' dir='ltr'><strong>γὰρ</strong></span> <span class='ocrx_word' id='word_1_758' title='bbox 819 4840 847 4895; x_wconf 93' lang='lat'><strong>6</strong></span> <span class='ocrx_word' id='word_1_759' title='bbox 874 4838 1128 4901; x_wconf 81' lang='grc' dir='ltr'>Σατανᾶς</span> <span class='ocrx_word' id='word_1_760' title='bbox 1156 4834 1402 4905; x_wconf 79' lang='grc' dir='ltr'>ἀλλήλων</span> <span class='ocrx_word' id='word_1_761' title='bbox 1437 4833 1532 4892; x_wconf 77' lang='grc' dir='ltr'>καὶ</span> <span class='ocrx_word' id='word_1_762' title='bbox 1561 4838 1654 4892; x_wconf 83' lang='grc' dir='ltr'><strong>τοῦ</strong></span> <span class='ocrx_word' id='word_1_763' title='bbox 1687 4835 1828 4892; x_wconf 83' lang='grc' dir='ltr'>Θεοῦ</span> <span class='ocrx_word' id='word_1_764' title='bbox 1868 4828 1988 4896; x_wconf 81' lang='grc' dir='ltr'>τοὺς</span> 
     </span>
    </p>
   </div>
   <div class='ocr_carea' id='block_1_97' title="bbox 386 4922 1991 5009">
    <p class='ocr_par' dir='ltr' id='par_1_97' title="bbox 386 4922 1991 5009">
     <span class='ocr_line' id='line_1_98' title="bbox 386 4922 1991 5009; baseline -0.005 -23"><span class='ocrx_word' id='word_1_765' title='bbox 386 4927 697 5009; x_wconf 73' lang='grc' dir='ltr'>ἀνθρώπως</span> <span class='ocrx_word' id='word_1_766' title='bbox 743 4927 1081 5004; x_wconf 78' lang='grc' dir='ltr'>ἀποδιεῖλεν,</span> <span class='ocrx_word' id='word_1_767' title='bbox 1132 4922 1353 4984; x_wconf 74' lang='grc' dir='ltr'>ἕκαστον</span> <span class='ocrx_word' id='word_1_768' title='bbox 1409 4927 1486 5004; x_wconf 82' lang='grc' dir='ltr'><strong>τῷ</strong></span> <span class='ocrx_word' id='word_1_769' title='bbox 1525 4922 1749 4995; x_wconf 86' lang='grc' dir='ltr'>πλησίον</span> <span class='ocrx_word' id='word_1_770' title='bbox 1794 4923 1991 4998; x_wconf 82' lang='grc' dir='ltr'>ἐπιμα·</span> 
     </span>
    </p>
   </div>
   <div class='ocr_carea' id='block_1_98' title="bbox 386 5009 1990 5097">
    <p class='ocr_par' dir='ltr' id='par_1_98' title="bbox 386 5009 1990 5097">
     <span class='ocr_line' id='line_1_99' title="bbox 386 5009 1990 5097; baseline -0.006 -19"><span class='ocrx_word' id='word_1_771' title='bbox 386 5022 543 5091; x_wconf 56' lang='lat' dir='ltr'><strong>vivat</strong></span> <span class='ocrx_word' id='word_1_772' title='bbox 597 5019 685 5077; x_wconf 77' lang='grc' dir='ltr'><strong>διὰ</strong></span> <span class='ocrx_word' id='word_1_773' title='bbox 736 5015 1118 5097; x_wconf 74' lang='grc' dir='ltr'>φιλοπλουτίας</span> <span class='ocrx_word' id='word_1_774' title='bbox 1163 5014 1255 5074; x_wconf 77' lang='grc' dir='ltr'><strong>καὶ</strong></span> <span class='ocrx_word' id='word_1_775' title='bbox 1303 5013 1600 5095; x_wconf 82' lang='grc' dir='ltr'>φιλοδοξίας</span> <span class='ocrx_word' id='word_1_776' title='bbox 1642 5009 1990 5092; x_wconf 86' lang='grc' dir='ltr'>παρασκευά-</span> 
     </span>
    </p>
   </div>
   <div class='ocr_carea' id='block_1_99' title="bbox 388 5101 1981 5188">
    <p class='ocr_par' dir='ltr' id='par_1_99' title="bbox 388 5101 1981 5188">
     <span class='ocr_line' id='line_1_100' title="bbox 388 5101 1981 5188; baseline -0.005 -20"><span class='ocrx_word' id='word_1_777' title='bbox 388 5111 552 5188; x_wconf 85' lang='grc' dir='ltr'>σας),</span> <span class='ocrx_word' id='word_1_778' title='bbox 586 5110 659 5176; x_wconf 80' lang='grc' dir='ltr'><strong>εἰς</strong></span> <span class='ocrx_word' id='word_1_779' title='bbox 695 5105 747 5166; x_wconf 82' lang='grc' dir='ltr'>ἓν</span> <span class='ocrx_word' id='word_1_780' title='bbox 780 5110 810 5165; x_wconf 91' lang='lat'><strong>6</strong></span> <span class='ocrx_word' id='word_1_781' title='bbox 843 5105 1077 5186; x_wconf 78' lang='grc' dir='ltr'>Χριστὸς</span> <span class='ocrx_word' id='word_1_782' title='bbox 1114 5109 1260 5182; x_wconf 83' lang='grc' dir='ltr'>ἡμᾶς</span> <span class='ocrx_word' id='word_1_783' title='bbox 1305 5103 1511 5184; x_wconf 85' lang='grc' dir='ltr'>ἤγαγεν</span> <span class='ocrx_word' id='word_1_784' title='bbox 1536 5148 1553 5178; x_wconf 90' lang='grc'><strong>,</strong></span> <span class='ocrx_word' id='word_1_785' title='bbox 1588 5105 1662 5169; x_wconf 80' lang='grc' dir='ltr'><strong>εἰς</strong></span> <span class='ocrx_word' id='word_1_786' title='bbox 1691 5102 1820 5181; x_wconf 88' lang='grc' dir='ltr'>μίαν</span> <span class='ocrx_word' id='word_1_787' title='bbox 1853 5101 1981 5162; x_wconf 83' lang='grc' dir='ltr'><strong>Ἐκ-</strong></span> 
     </span>
    </p>
   </div>
   <div class='ocr_carea' id='block_1_100' title="bbox 385 5189 1997 5273">
    <p class='ocr_par' dir='ltr' id='par_1_100' title="bbox 385 5189 1997 5273">
     <span class='ocr_line' id='line_1_101' title="bbox 385 5189 1997 5273; baseline -0.006 -15"><span class='ocrx_word' id='word_1_788' title='bbox 385 5199 614 5273; x_wconf 79' lang='grc' dir='ltr'>κλησίαν</span> <span class='ocrx_word' id='word_1_789' title='bbox 658 5199 752 5256; x_wconf 77' lang='grc' dir='ltr'>καὶ</span> <span class='ocrx_word' id='word_1_790' title='bbox 805 5197 958 5273; x_wconf 80' lang='grc' dir='ltr'>ζυγὸν</span> <span class='ocrx_word' id='word_1_791' title='bbox 1014 5195 1107 5254; x_wconf 76' lang='grc' dir='ltr'>ἕνα</span> <span class='ocrx_word' id='word_1_792' title='bbox 1150 5192 1496 5273; x_wconf 87' lang='grc' dir='ltr'>συναγαγὼν,</span> <span class='ocrx_word' id='word_1_793' title='bbox 1531 5192 1625 5252; x_wconf 82' lang='grc' dir='ltr'>καὶ</span> <span class='ocrx_word' id='word_1_794' title='bbox 1673 5191 1794 5260; x_wconf 75' lang='grc' dir='ltr'>τοὺς</span> <span class='ocrx_word' id='word_1_795' title='bbox 1845 5189 1997 5269; x_wconf 83' lang='grc' dir='ltr'>ἐγγὺς</span> 
     </span>
    </p>
   </div>
   <div class='ocr_carea' id='block_1_101' title="bbox 383 5280 1996 5366">
    <p class='ocr_par' dir='ltr' id='par_1_101' title="bbox 383 5280 1996 5366">
     <span class='ocr_line' id='line_1_102' title="bbox 383 5280 1996 5366; baseline -0.007 -17"><span class='ocrx_word' id='word_1_796' title='bbox 383 5290 474 5348; x_wconf 77' lang='grc' dir='ltr'><strong>καὶ</strong></span> <span class='ocrx_word' id='word_1_797' title='bbox 533 5286 656 5356; x_wconf 85' lang='grc' dir='ltr'>τοὺς</span> <span class='ocrx_word' id='word_1_798' title='bbox 702 5287 918 5366; x_wconf 73' lang='grc' dir='ltr'>μακρὰν</span> <span class='ocrx_word' id='word_1_799' title='bbox 971 5284 1029 5344; x_wconf 82' lang='grc' dir='ltr'>ἓν</span> <span class='ocrx_word' id='word_1_800' title='bbox 1085 5288 1243 5362; x_wconf 80' lang='grc' dir='ltr'>σῶμα</span> <span class='ocrx_word' id='word_1_801' title='bbox 1290 5283 1556 5356; x_wconf 81' lang='grc' dir='ltr'>ποιήσας·</span> <span class='ocrx_word' id='word_1_802' title='bbox 1601 5280 1690 5341; x_wconf 83' lang='grc' dir='ltr'><strong>ἵνα</strong></span> <span class='ocrx_word' id='word_1_803' title='bbox 1739 5285 1768 5340; x_wconf 91' lang='lat'><strong>6</strong></span> <span class='ocrx_word' id='word_1_804' title='bbox 1821 5283 1874 5339; x_wconf 84' lang='grc' dir='ltr'>ἐν</span> <span class='ocrx_word' id='word_1_805' title='bbox 1927 5283 1996 5362; x_wconf 82' lang='grc' dir='ltr'><strong>τῇ</strong></span> 
     </span>
    </p>
   </div>
   <div class='ocr_carea' id='block_1_102' title="bbox 387 5369 1994 5460">
    <p class='ocr_par' dir='ltr' id='par_1_102' title="bbox 387 5369 1994 5460">
     <span class='ocr_line' id='line_1_103' title="bbox 387 5369 1994 5460; baseline -0.007 -20"><span class='ocrx_word' id='word_1_806' title='bbox 387 5381 580 5460; x_wconf 78' lang='grc' dir='ltr'>Ῥώμῃ</span> <span class='ocrx_word' id='word_1_807' title='bbox 630 5376 956 5452; x_wconf 78' lang='grc' dir='ltr'>καθήμενος,</span> <span class='ocrx_word' id='word_1_808' title='bbox 990 5375 1080 5434; x_wconf 81' lang='grc' dir='ltr'>τὸν</span> <span class='ocrx_word' id='word_1_809' title='bbox 1119 5378 1173 5434; x_wconf 81' lang='grc' dir='ltr'><strong>ἐν</strong></span> <span class='ocrx_word' id='word_1_810' title='bbox 1205 5373 1372 5454; x_wconf 73' lang='grc' dir='ltr'>Ἰνδίᾳ</span> <span class='ocrx_word' id='word_1_811' title='bbox 1402 5372 1533 5432; x_wconf 86' lang='grc' dir='ltr'>ὄντα</span> <span class='ocrx_word' id='word_1_812' title='bbox 1553 5420 1570 5446; x_wconf 88' lang='grc'><strong>,</strong></span> <span class='ocrx_word' id='word_1_813' title='bbox 1613 5369 1774 5449; x_wconf 79' lang='grc' dir='ltr'>μέλος</span> <span class='ocrx_word' id='word_1_814' title='bbox 1804 5371 1994 5432; x_wconf 83' lang='grc' dir='ltr'>οἰκεῖον</span> 
     </span>
    </p>
   </div>
   <div class='ocr_carea' id='block_1_103' title="bbox 381 5460 1996 5550">
    <p class='ocr_par' dir='ltr' id='par_1_103' title="bbox 381 5460 1996 5550">
     <span class='ocr_line' id='line_1_104' title="bbox 381 5460 1996 5550; baseline -0.007 -19"><span class='ocrx_word' id='word_1_815' title='bbox 381 5472 697 5550; x_wconf 81' lang='grc' dir='ltr'>λογίζηται,</span> <span class='ocrx_word' id='word_1_816' title='bbox 749 5467 844 5528; x_wconf 82' lang='grc' dir='ltr'><strong>καὶ</strong></span> <span class='ocrx_word' id='word_1_817' title='bbox 888 5468 1106 5525; x_wconf 84' lang='grc' dir='ltr'>πάντων</span> <span class='ocrx_word' id='word_1_818' title='bbox 1151 5463 1279 5542; x_wconf 87' lang='grc' dir='ltr'>μίαν</span> <span class='ocrx_word' id='word_1_819' title='bbox 1326 5461 1564 5541; x_wconf 76' lang='grc' dir='ltr'>κεφαλὴν</span> <span class='ocrx_word' id='word_1_820' title='bbox 1618 5465 1856 5542; x_wconf 80' lang='grc' dir='ltr'>ὁμολογῇ</span> <span class='ocrx_word' id='word_1_821' title='bbox 1906 5460 1996 5519; x_wconf 84' lang='grc' dir='ltr'><strong>τὸν</strong></span> 
     </span>
    </p>
   </div>
   <div class='ocr_carea' id='block_1_104' title="bbox 387 5551 1998 5643">
    <p class='ocr_par' dir='ltr' id='par_1_104' title="bbox 387 5551 1998 5643">
     <span class='ocr_line' id='line_1_105' title="bbox 387 5551 1998 5643; baseline -0.008 -20"><span class='ocrx_word' id='word_1_822' title='bbox 387 5563 639 5643; x_wconf 78' lang='grc' dir='ltr'>Χριστόν.</span> <span class='ocrx_word' id='word_1_823' title='bbox 686 5561 768 5622; x_wconf 74' lang='grc' dir='ltr'><strong>Τὸ</strong></span> <span class='ocrx_word' id='word_1_824' title='bbox 801 5558 890 5631; x_wconf 84' lang='grc' dir='ltr'>δὲ,</span> <span class='ocrx_word' id='word_1_825' title='bbox 925 5584 946 5609; x_wconf 78' lang='grc' dir='ltr'><strong>ι</strong></span> <span class='ocrx_word' id='word_1_826' title='bbox 977 5555 1096 5615; x_wconf 78' lang='grc' dir='ltr'>Ἀπ’</span> <span class='ocrx_word' id='word_1_827' title='bbox 1129 5553 1328 5626; x_wconf 74' lang='grc' dir='ltr'>ἐκείνης</span> <span class='ocrx_word' id='word_1_828' title='bbox 1368 5559 1464 5625; x_wconf 76' lang='grc' dir='ltr'><strong>τῆς</strong></span> <span class='ocrx_word' id='word_1_829' title='bbox 1493 5551 1701 5634; x_wconf 82' lang='grc' dir='ltr'>ἡμέρας</span> <span class='ocrx_word' id='word_1_830' title='bbox 1745 5551 1998 5611; x_wconf 83' lang='grc' dir='ltr'>συνεϐου-</span> 
     </span>
    </p>
   </div>
   <div class='ocr_carea' id='block_1_105' title="bbox 387 5639 2000 5731">
    <p class='ocr_par' dir='ltr' id='par_1_105' title="bbox 387 5639 2000 5731">
     <span class='ocr_line' id='line_1_106' title="bbox 387 5639 2000 5731; baseline -0.007 -19"><span class='ocrx_word' id='word_1_831' title='bbox 387 5639 666 5731; x_wconf 80' lang='grc' dir='ltr'>λεύσαντο,</span> <span class='ocrx_word' id='word_1_832' title='bbox 712 5649 810 5712; x_wconf 77' lang='grc' dir='ltr'>ἵνα</span> <span class='ocrx_word' id='word_1_833' title='bbox 848 5644 1211 5706; x_wconf 83' lang='grc' dir='ltr'>ἀποκτείνωσι</span> <span class='ocrx_word' id='word_1_834' title='bbox 1239 5643 1329 5704; x_wconf 82' lang='grc' dir='ltr'><strong>τὸν</strong></span> <span class='ocrx_word' id='word_1_835' title='bbox 1360 5644 1570 5718; x_wconf 90' lang='grc' dir='ltr'>Ἰησοῦν</span> <span class='ocrx_word' id='word_1_836' title='bbox 1592 5689 1610 5725; x_wconf 93' lang='grc'><strong>,</strong></span> <span class='ocrx_word' id='word_1_837' title='bbox 1665 5671 1690 5697; x_wconf 82' lang='lat'><strong><em>»</em></strong></span> <span class='ocrx_word' id='word_1_838' title='bbox 1731 5643 1884 5718; x_wconf 83' lang='grc' dir='ltr'>δηλοῖ</span> <span class='ocrx_word' id='word_1_839' title='bbox 1919 5639 2000 5701; x_wconf 79' lang='grc' dir='ltr'><strong>ὅτι</strong></span> 
     </span>
    </p>
   </div>
   <div class='ocr_carea' id='block_1_106' title="bbox 438 5842 897 5915">
    <p class='ocr_par' dir='ltr' id='par_1_106' title="bbox 438 5842 897 5915">
     <span class='ocr_line' id='line_1_107' title="bbox 438 5842 897 5915; baseline -0.024 -5"><span class='ocrx_word' id='word_1_840' title='bbox 438 5849 676 5910; x_wconf 79' lang='lat' dir='ltr'><strong>&quot;Joan.</strong></span> <span class='ocrx_word' id='word_1_841' title='bbox 699 5859 772 5915; x_wconf 84' lang='lat' dir='ltr'><strong>x,</strong></span> <span class='ocrx_word' id='word_1_842' title='bbox 805 5842 897 5899; x_wconf 84' lang='lat'><strong>16.</strong></span> 
     </span>
    </p>
   </div>
   <div class='ocr_carea' id='block_1_107' title="bbox 2092 4657 3695 4730">
    <p class='ocr_par' dir='ltr' id='par_1_107' title="bbox 2092 4657 3695 4730">
     <span class='ocr_line' id='line_1_108' title="bbox 2092 4657 3695 4730; baseline 0.001 -17"><span class='ocrx_word' id='word_1_843' title='bbox 2092 4659 2265 4715; x_wconf 88' lang='lat' dir='ltr'><strong>vicem</strong></span> <span class='ocrx_word' id='word_1_844' title='bbox 2317 4657 2558 4726; x_wconf 87' lang='lat' dir='ltr'><strong>divulsit,</strong></span> <span class='ocrx_word' id='word_1_845' title='bbox 2641 4666 2705 4714; x_wconf 91' lang='lat' dir='ltr'><strong>ut</strong></span> <span class='ocrx_word' id='word_1_846' title='bbox 2772 4659 3142 4730; x_wconf 86' lang='lat' dir='ltr'><strong>unusquisque</strong></span> <span class='ocrx_word' id='word_1_847' title='bbox 3200 4659 3422 4714; x_wconf 72' lang='lat' dir='ltr'><strong>szeviret</strong></span> <span class='ocrx_word' id='word_1_848' title='bbox 3501 4666 3695 4715; x_wconf 89' lang='lat' dir='ltr'><strong>contra</strong></span> 
     </span>
    </p>
   </div>
   <div class='ocr_carea' id='block_1_108' title="bbox 2092 4747 3695 4821">
    <p class='ocr_par' dir='ltr' id='par_1_108' title="bbox 2092 4747 3695 4821">
     <span class='ocr_line' id='line_1_109' title="bbox 2092 4747 3695 4821; baseline 0 -17"><span class='ocrx_word' id='word_1_849' title='bbox 2092 4748 2403 4821; x_wconf 82' lang='lat' dir='ltr'><strong>proximum</strong></span> <span class='ocrx_word' id='word_1_850' title='bbox 2455 4755 2678 4818; x_wconf 90' lang='lat' dir='ltr'><strong>propter</strong></span> <span class='ocrx_word' id='word_1_851' title='bbox 2734 4747 3048 4803; x_wconf 87' lang='lat' dir='ltr'><strong>divitiarum</strong></span> <span class='ocrx_word' id='word_1_852' title='bbox 3095 4764 3342 4805; x_wconf 89' lang='lat' dir='ltr'><strong>amorem</strong></span> <span class='ocrx_word' id='word_1_853' title='bbox 3393 4757 3451 4804; x_wconf 92' lang='lat' dir='ltr'><strong>et</strong></span> <span class='ocrx_word' id='word_1_854' title='bbox 3493 4764 3695 4805; x_wconf 89' lang='lat' dir='ltr'><strong>vanam</strong></span> 
     </span>
    </p>
   </div>
   <div class='ocr_carea' id='block_1_109' title="bbox 2093 4836 3703 4911">
    <p class='ocr_par' dir='ltr' id='par_1_109' title="bbox 2093 4836 3703 4911">
     <span class='ocr_line' id='line_1_110' title="bbox 2093 4836 3703 4911; baseline 0 -17"><span class='ocrx_word' id='word_1_855' title='bbox 2093 4838 2364 4911; x_wconf 86' lang='lat' dir='ltr'><strong>gloriam;</strong></span> <span class='ocrx_word' id='word_1_856' title='bbox 2390 4837 2644 4894; x_wconf 86' lang='lat' dir='ltr'><strong>Christus</strong></span> <span class='ocrx_word' id='word_1_857' title='bbox 2685 4836 2759 4892; x_wconf 91' lang='lat' dir='ltr'><strong>ita</strong></span> <span class='ocrx_word' id='word_1_858' title='bbox 2801 4837 2856 4892; x_wconf 89' lang='lat' dir='ltr'><strong>in</strong></span> <span class='ocrx_word' id='word_1_859' title='bbox 2903 4854 3076 4894; x_wconf 89' lang='lat' dir='ltr'><strong>unam</strong></span> <span class='ocrx_word' id='word_1_860' title='bbox 3125 4855 3228 4895; x_wconf 90' lang='lat' dir='ltr'><strong>nos</strong></span> <span class='ocrx_word' id='word_1_861' title='bbox 3255 4839 3479 4911; x_wconf 84' lang='lat' dir='ltr'><strong>collegit</strong></span> <span class='ocrx_word' id='word_1_862' title='bbox 3514 4838 3703 4895; x_wconf 87' lang='lat' dir='ltr'><strong>Eccle-</strong></span> 
     </span>
    </p>
   </div>
   <div class='ocr_carea' id='block_1_110' title="bbox 2093 4927 3701 5000">
    <p class='ocr_par' dir='ltr' id='par_1_110' title="bbox 2093 4927 3701 5000">
     <span class='ocr_line' id='line_1_111' title="bbox 2093 4927 3701 5000; baseline -0.001 -15"><span class='ocrx_word' id='word_1_863' title='bbox 2093 4929 2256 4997; x_wconf 87' lang='lat' dir='ltr'><strong>siam,</strong></span> <span class='ocrx_word' id='word_1_864' title='bbox 2313 4935 2369 4984; x_wconf 92' lang='lat' dir='ltr'><strong>et</strong></span> <span class='ocrx_word' id='word_1_865' title='bbox 2411 4927 2518 4984; x_wconf 88' lang='lat' dir='ltr'><strong>sub</strong></span> <span class='ocrx_word' id='word_1_866' title='bbox 2568 4943 2742 4982; x_wconf 90' lang='lat' dir='ltr'><strong>unum</strong></span> <span class='ocrx_word' id='word_1_867' title='bbox 2797 4928 2977 5000; x_wconf 89' lang='lat' dir='ltr'><strong>coegit</strong></span> <span class='ocrx_word' id='word_1_868' title='bbox 3039 4928 3234 5000; x_wconf 75' lang='lat' dir='ltr'><strong>iugum</strong></span> <span class='ocrx_word' id='word_1_869' title='bbox 3282 4937 3398 4986; x_wconf 89' lang='lat' dir='ltr'><strong>tam</strong></span> <span class='ocrx_word' id='word_1_870' title='bbox 3448 4945 3546 4986; x_wconf 89' lang='lat' dir='ltr'><strong>eos</strong></span> <span class='ocrx_word' id='word_1_871' title='bbox 3607 4927 3701 5000; x_wconf 91' lang='lat' dir='ltr'><strong>qui</strong></span> 
     </span>
    </p>
   </div>
   <div class='ocr_carea' id='block_1_111' title="bbox 2096 5015 3705 5090">
    <p class='ocr_par' dir='ltr' id='par_1_111' title="bbox 2096 5015 3705 5090">
     <span class='ocr_line' id='line_1_112' title="bbox 2096 5015 3705 5090; baseline -0.001 -16"><span class='ocrx_word' id='word_1_872' title='bbox 2096 5034 2290 5090; x_wconf 86' lang='lat' dir='ltr'><strong>prope,</strong></span> <span class='ocrx_word' id='word_1_873' title='bbox 2324 5033 2494 5089; x_wconf 88' lang='lat' dir='ltr'><strong>quam</strong></span> <span class='ocrx_word' id='word_1_874' title='bbox 2522 5032 2618 5072; x_wconf 89' lang='lat' dir='ltr'><strong>eos</strong></span> <span class='ocrx_word' id='word_1_875' title='bbox 2646 5017 2736 5088; x_wconf 92' lang='lat' dir='ltr'><strong>qui</strong></span> <span class='ocrx_word' id='word_1_876' title='bbox 2778 5017 2941 5090; x_wconf 87' lang='lat' dir='ltr'><strong>longe</strong></span> <span class='ocrx_word' id='word_1_877' title='bbox 2972 5026 3154 5088; x_wconf 89' lang='lat' dir='ltr'><strong>erant,</strong></span> <span class='ocrx_word' id='word_1_878' title='bbox 3187 5035 3364 5075; x_wconf 90' lang='lat' dir='ltr'><strong>unum</strong></span> <span class='ocrx_word' id='word_1_879' title='bbox 3395 5033 3595 5090; x_wconf 88' lang='lat' dir='ltr'><strong>corpus</strong></span> <span class='ocrx_word' id='word_1_880' title='bbox 3623 5015 3705 5072; x_wconf 86' lang='lat' dir='ltr'><strong>fa-</strong></span> 
     </span>
    </p>
   </div>
   <div class='ocr_carea' id='block_1_112' title="bbox 2096 5106 3704 5180">
    <p class='ocr_par' dir='ltr' id='par_1_112' title="bbox 2096 5106 3704 5180">
     <span class='ocr_line' id='line_1_113' title="bbox 2096 5106 3704 5180; baseline -0.002 -16"><span class='ocrx_word' id='word_1_881' title='bbox 2096 5109 2263 5177; x_wconf 90' lang='lat' dir='ltr'><strong>ciens,</strong></span> <span class='ocrx_word' id='word_1_882' title='bbox 2297 5114 2359 5163; x_wconf 90' lang='lat' dir='ltr'><strong>ut</strong></span> <span class='ocrx_word' id='word_1_883' title='bbox 2384 5107 2430 5162; x_wconf 89' lang='lat' dir='ltr'><strong>is</strong></span> <span class='ocrx_word' id='word_1_884' title='bbox 2451 5106 2544 5178; x_wconf 92' lang='lat' dir='ltr'><strong>qui</strong></span> <span class='ocrx_word' id='word_1_885' title='bbox 2571 5109 2768 5163; x_wconf 76' lang='lat' dir='ltr'><strong>Romae</strong></span> <span class='ocrx_word' id='word_1_886' title='bbox 2797 5106 3030 5176; x_wconf 88' lang='lat' dir='ltr'><strong>habitet,</strong></span> <span class='ocrx_word' id='word_1_887' title='bbox 3057 5124 3187 5164; x_wconf 91' lang='lat' dir='ltr'><strong>eum</strong></span> <span class='ocrx_word' id='word_1_888' title='bbox 3218 5109 3310 5180; x_wconf 91' lang='lat' dir='ltr'><strong>qui</strong></span> <span class='ocrx_word' id='word_1_889' title='bbox 3338 5109 3394 5162; x_wconf 89' lang='lat' dir='ltr'><strong>in</strong></span> <span class='ocrx_word' id='word_1_890' title='bbox 3419 5107 3570 5163; x_wconf 86' lang='lat' dir='ltr'><strong>India</strong></span> <span class='ocrx_word' id='word_1_891' title='bbox 3600 5114 3704 5174; x_wconf 86' lang='lat' dir='ltr'><strong>est,</strong></span> 
     </span>
    </p>
   </div>
   <div class='ocr_carea' id='block_1_113' title="bbox 2100 5197 3706 5265">
    <p class='ocr_par' dir='ltr' id='par_1_113' title="bbox 2100 5197 3706 5265">
     <span class='ocr_line' id='line_1_114' title="bbox 2100 5197 3706 5265; baseline -0.002 -10"><span class='ocrx_word' id='word_1_892' title='bbox 2100 5214 2266 5256; x_wconf 89' lang='lat' dir='ltr'><strong>suum</strong></span> <span class='ocrx_word' id='word_1_893' title='bbox 2295 5197 2618 5254; x_wconf 89' lang='lat' dir='ltr'><strong>membrum</strong></span> <span class='ocrx_word' id='word_1_894' title='bbox 2689 5213 2808 5254; x_wconf 87' lang='lat' dir='ltr'><strong>esse</strong></span> <span class='ocrx_word' id='word_1_895' title='bbox 2869 5197 3079 5265; x_wconf 87' lang='lat' dir='ltr'><strong>credat,</strong></span> <span class='ocrx_word' id='word_1_896' title='bbox 3129 5207 3185 5254; x_wconf 92' lang='lat' dir='ltr'><strong>et</strong></span> <span class='ocrx_word' id='word_1_897' title='bbox 3232 5197 3483 5254; x_wconf 92' lang='lat' dir='ltr'><strong>omnium</strong></span> <span class='ocrx_word' id='word_1_898' title='bbox 3531 5212 3706 5252; x_wconf 88' lang='lat' dir='ltr'><strong>unum</strong></span> 
     </span>
    </p>
   </div>
   <div class='ocr_carea' id='block_1_114' title="bbox 2101 5284 3709 5360">
    <p class='ocr_par' dir='ltr' id='par_1_114' title="bbox 2101 5284 3709 5360">
     <span class='ocr_line' id='line_1_115' title="bbox 2101 5284 3709 5360; baseline -0.001 -16"><span class='ocrx_word' id='word_1_899' title='bbox 2101 5295 2271 5360; x_wconf 90' lang='lat' dir='ltr'><strong>caput</strong></span> <span class='ocrx_word' id='word_1_900' title='bbox 2301 5285 2540 5344; x_wconf 86' lang='lat' dir='ltr'><strong>fateatur</strong></span> <span class='ocrx_word' id='word_1_901' title='bbox 2569 5302 2690 5343; x_wconf 90' lang='lat' dir='ltr'><strong>esse</strong></span> <span class='ocrx_word' id='word_1_902' title='bbox 2718 5287 2999 5344; x_wconf 89' lang='lat' dir='ltr'><strong>Christum</strong></span> <span class='ocrx_word' id='word_1_903' title='bbox 3042 5287 3136 5342; x_wconf 76' lang='lat'><strong>°°*.</strong></span> <span class='ocrx_word' id='word_1_904' title='bbox 3175 5285 3339 5356; x_wconf 89' lang='lat' dir='ltr'><strong>Quod</strong></span> <span class='ocrx_word' id='word_1_905' title='bbox 3381 5293 3571 5342; x_wconf 88' lang='lat' dir='ltr'><strong>autem</strong></span> <span class='ocrx_word' id='word_1_906' title='bbox 3612 5284 3709 5352; x_wconf 90' lang='lat' dir='ltr'><strong>ait,</strong></span> 
     </span>
    </p>
   </div>
   <div class='ocr_carea' id='block_1_115' title="bbox 2110 5377 3708 5444">
    <p class='ocr_par' dir='ltr' id='par_1_115' title="bbox 2110 5377 3708 5444">
     <span class='ocr_line' id='line_1_116' title="bbox 2110 5377 3708 5444; baseline -0.006 -9"><span class='ocrx_word' id='word_1_907' title='bbox 2110 5400 2136 5427; x_wconf 85' lang='grc'><strong>‹‹</strong></span> <span class='ocrx_word' id='word_1_908' title='bbox 2178 5378 2264 5435; x_wconf 83' lang='lat' dir='ltr'><strong>Ab</strong></span> <span class='ocrx_word' id='word_1_909' title='bbox 2297 5377 2388 5433; x_wconf 92' lang='lat' dir='ltr'><strong>illo</strong></span> <span class='ocrx_word' id='word_1_910' title='bbox 2409 5377 2494 5433; x_wconf 90' lang='lat' dir='ltr'><strong>die</strong></span> <span class='ocrx_word' id='word_1_911' title='bbox 2523 5377 2911 5433; x_wconf 88' lang='lat' dir='ltr'><strong>consultarunt</strong></span> <span class='ocrx_word' id='word_1_912' title='bbox 2939 5385 3002 5433; x_wconf 92' lang='lat' dir='ltr'><strong>ut</strong></span> <span class='ocrx_word' id='word_1_913' title='bbox 3042 5377 3410 5431; x_wconf 82' lang='lat' dir='ltr'><strong>interﬁcerent</strong></span> <span class='ocrx_word' id='word_1_914' title='bbox 3437 5377 3653 5444; x_wconf 87' lang='lat' dir='ltr'><strong>Jesum,</strong></span> <span class='ocrx_word' id='word_1_915' title='bbox 3681 5398 3708 5425; x_wconf 73' lang='grc' dir='ltr'><strong>ιν</strong></span> 
     </span>
    </p>
   </div>
   <div class='ocr_carea' id='block_1_116' title="bbox 2107 5466 3714 5540">
    <p class='ocr_par' dir='ltr' id='par_1_116' title="bbox 2107 5466 3714 5540">
     <span class='ocr_line' id='line_1_117' title="bbox 2107 5466 3714 5540; baseline -0.001 -16"><span class='ocrx_word' id='word_1_916' title='bbox 2107 5467 2424 5524; x_wconf 87' lang='lat' dir='ltr'><strong>manifestat</strong></span> <span class='ocrx_word' id='word_1_917' title='bbox 2441 5467 2588 5540; x_wconf 92' lang='lat' dir='ltr'><strong>quod</strong></span> <span class='ocrx_word' id='word_1_918' title='bbox 2613 5468 2684 5524; x_wconf 88' lang='lat' dir='ltr'><strong>ab</strong></span> <span class='ocrx_word' id='word_1_919' title='bbox 2711 5467 2801 5523; x_wconf 91' lang='lat' dir='ltr'><strong>illo</strong></span> <span class='ocrx_word' id='word_1_920' title='bbox 2822 5466 2910 5523; x_wconf 88' lang='lat' dir='ltr'><strong>die</strong></span> <span class='ocrx_word' id='word_1_921' title='bbox 2930 5467 3261 5522; x_wconf 88' lang='lat' dir='ltr'><strong>sententiam</strong></span> <span class='ocrx_word' id='word_1_922' title='bbox 3280 5467 3676 5523; x_wconf 87' lang='lat' dir='ltr'><strong>conﬁrmarunt</strong></span> <span class='ocrx_word' id='word_1_923' title='bbox 3700 5488 3714 5523; x_wconf 89' lang='lat'><strong>:</strong></span> 
     </span>
    </p>
   </div>
   <div class='ocr_carea' id='block_1_117' title="bbox 2108 5556 3721 5631">
    <p class='ocr_par' dir='ltr' id='par_1_117' title="bbox 2108 5556 3721 5631">
     <span class='ocr_line' id='line_1_118' title="bbox 2108 5556 3721 5631; baseline -0.001 -16"><span class='ocrx_word' id='word_1_924' title='bbox 2108 5568 2163 5616; x_wconf 90' lang='lat' dir='ltr'><strong>et</strong></span> <span class='ocrx_word' id='word_1_925' title='bbox 2186 5567 2340 5615; x_wconf 88' lang='lat' dir='ltr'><strong>antea</strong></span> <span class='ocrx_word' id='word_1_926' title='bbox 2371 5559 2599 5631; x_wconf 89' lang='lat' dir='ltr'><strong>quidem</strong></span> <span class='ocrx_word' id='word_1_927' title='bbox 2625 5557 2834 5614; x_wconf 64' lang='lat' dir='ltr'><strong>caedem</strong></span> <span class='ocrx_word' id='word_1_928' title='bbox 2863 5557 2984 5629; x_wconf 87' lang='lat' dir='ltr'><strong>ejus</strong></span> <span class='ocrx_word' id='word_1_929' title='bbox 3027 5556 3456 5624; x_wconf 89' lang='lat' dir='ltr'><strong>meditabantur,</strong></span> <span class='ocrx_word' id='word_1_930' title='bbox 3509 5558 3607 5615; x_wconf 92' lang='lat' dir='ltr'><strong>sed</strong></span> <span class='ocrx_word' id='word_1_931' title='bbox 3638 5573 3721 5614; x_wconf 86' lang='lat' dir='ltr'><strong>re-</strong></span> 
     </span>
    </p>
   </div>
   <div class='ocr_carea' id='block_1_118' title="bbox 2109 5647 3726 5721">
    <p class='ocr_par' dir='ltr' id='par_1_118' title="bbox 2109 5647 3726 5721">
     <span class='ocr_line' id='line_1_119' title="bbox 2109 5647 3726 5721; baseline -0.001 -16"><span class='ocrx_word' id='word_1_932' title='bbox 2109 5649 2357 5720; x_wconf 87' lang='lat' dir='ltr'><strong>missius,</strong></span> <span class='ocrx_word' id='word_1_933' title='bbox 2387 5657 2441 5705; x_wconf 87' lang='lat' dir='ltr'><strong>ct</strong></span> <span class='ocrx_word' id='word_1_934' title='bbox 2462 5648 2692 5721; x_wconf 62' lang='lat' dir='ltr'><strong>quaestio</strong></span> <span class='ocrx_word' id='word_1_935' title='bbox 2711 5647 2889 5720; x_wconf 87' lang='lat' dir='ltr'><strong>magis</strong></span> <span class='ocrx_word' id='word_1_936' title='bbox 2907 5656 3029 5704; x_wconf 89' lang='lat' dir='ltr'><strong>erat</strong></span> <span class='ocrx_word' id='word_1_937' title='bbox 3053 5664 3220 5721; x_wconf 91' lang='lat' dir='ltr'><strong>quam</strong></span> <span class='ocrx_word' id='word_1_938' title='bbox 3244 5649 3552 5718; x_wconf 84' lang='lat' dir='ltr'><strong>sententia;</strong></span> <span class='ocrx_word' id='word_1_939' title='bbox 3579 5664 3726 5706; x_wconf 90' lang='lat' dir='ltr'><strong>nunc</strong></span> 
     </span>
    </p>
   </div>
   <div class='ocr_carea' id='block_1_119' title="bbox 981 5831 2092 5909">
    <p class='ocr_par' dir='ltr' id='par_1_119' title="bbox 981 5831 2092 5909">
     <span class='ocr_line' id='line_1_120' title="bbox 981 5831 2092 5909; baseline -0.007 -12"><span class='ocrx_word' id='word_1_940' title='bbox 981 5832 1058 5876; x_wconf 66' lang='grc' dir='ltr'><strong>δ”</strong></span> <span class='ocrx_word' id='word_1_941' title='bbox 1078 5838 1201 5896; x_wconf 81' lang='lat' dir='ltr'><strong>Act.</strong></span> <span class='ocrx_word' id='word_1_942' title='bbox 1224 5841 1488 5909; x_wconf 66' lang='lat'><strong>“11,29.</strong></span> <span class='ocrx_word' id='word_1_943' title='bbox 1565 5831 1634 5870; x_wconf 64' lang='lat'><strong>9°“</strong></span> <span class='ocrx_word' id='word_1_944' title='bbox 1667 5831 1870 5908; x_wconf 85' lang='lat' dir='ltr'><strong>Ephes.</strong></span> <span class='ocrx_word' id='word_1_945' title='bbox 1901 5848 1978 5906; x_wconf 81' lang='grc' dir='ltr'><strong>ιι,</strong></span> <span class='ocrx_word' id='word_1_946' title='bbox 2011 5837 2092 5889; x_wconf 83' lang='grc'><strong>16.</strong></span> 
     </span>
    </p>
   </div>
  </div>
