4198 6452
561 506 614 558 Η
633 507 652 558 l
1573 489 2092 552 THEOPHYLACTI
2130 493 2488 551 BULGARUE
2524 491 2841 552 ARCHIEP.

3764 496 3868 551 H2

553 634 741 684 autem
808 623 1118 696 perfectum
1191 619 1487 695 judicium,
1542 629 1598 678 et
1643 621 1802 677 ﬁrma
1859 619 2149 677 sententia.

2267 619 2360 678 ἀπ’
2407 620 2607 692 ἐκείνης
2645 623 2742 692 τῆς
2791 617 2997 697 ἡμέρας
3037 615 3229 698 κυρίως
3267 614 3360 675 xui
3407 615 3621 685 τελείως
3659 616 3864 698 ἐκύρω-

557 739 583 765 α
623 716 780 771 Prius
805 714 973 782 enim,
992 712 1191 784 inquit,
1210 711 1535 783 quaerebant
1558 710 1806 766 occidere
1826 709 1998 766 illum.
2033 733 2058 758 υ
2089 713 2154 764 Et

553 806 674 877 ipse
701 819 922 876 quoque
947 818 1042 858 eos
1070 817 1312 873 arguens
1340 800 1540 872 inquit,
1577 823 1601 848 α
1631 801 1721 854 Me
1745 799 1988 871 quaeritis
2017 799 2154 854 occi-

554 894 705 951 dere.
739 917 762 941 »
791 891 1088 949 Considera
1135 891 1306 962 igitur
1337 888 1661 960 pontiﬁcalis
1708 888 2008 944 sacerdotis
2049 888 2151 943 vir-

555 987 755 1050 tutem,
787 980 1068 1054 quomodo
1116 981 1272 1050 plena
1305 979 1378 1034 sit
1422 978 1592 1050 gratia
1631 977 1885 1047 Spiritus,
1937 977 2152 1032 tametsi

555 1071 762 1144 indigni
802 1071 913 1126 sint
952 1070 1047 1143 qui
1088 1069 1235 1124 illam
1280 1076 1488 1140 gerant.
1544 1070 1614 1122 Et
1646 1066 1857 1122 honora
1899 1065 2155 1122 sacerdo-

553 1169 637 1218 tes
664 1161 825 1232 digne
851 1167 1070 1232 propter
1097 1158 1327 1231 gratiam
1358 1158 1411 1212 in
1441 1157 1539 1223 eis,
1573 1172 1685 1212 non
1715 1164 1940 1227 propter
1964 1171 2154 1211 eorum

555 1249 914 1307 voluntatem.
948 1247 1123 1319 Igitur
1145 1263 1257 1302 non
1288 1247 1435 1302 solus
1459 1245 1691 1318 Caiphas
1717 1244 2153 1317 pr0phetat°‘.°’,

553 1339 651 1396 sed
679 1347 735 1394 et
769 1337 854 1393 alii
895 1337 1054 1393 multi
1107 1334 1317 1408 indigni
1366 1335 1548 1391 futura
1605 1335 1879 1400 viderunt,
1940 1333 2156 1390 Pharao

555 1429 624 1486 de
648 1427 926 1484 fertilitate
963 1441 1026 1482 ac
1081 1425 1367 1482 sterilitate
1429 1424 1494 1493 ³³,
1527 1423 2039 1480 Nabuchodonosor
2088 1423 2157 1478 de

554 1519 738 1591 regnis
763 1525 821 1572 et
846 1516 1066 1574 Christo
1081 1514 1146 1580 ⁸⁵,
1167 1523 1221 1571 et
1244 1514 1474 1570 Balaam
1499 1513 1567 1570 de
1591 1513 1808 1570 Christo
1829 1512 1889 1567 ⁸⁸.
1915 1515 2040 1568 Non
2066 1527 2160 1568 au-

555 1616 672 1664 tem
699 1606 965 1663 continuo
1005 1605 1050 1661 si
1081 1604 1202 1675 quis
1251 1603 1560 1676 prophetat,
1602 1601 1867 1673 propheta
1907 1601 2109 1657 dicitur
2142 1622 2154 1658 :

553 1697 651 1755 sed
687 1696 734 1753 si
773 1697 898 1768 quis
928 1694 1214 1766 propheta,
1242 1693 1332 1749 ille
1357 1701 1414 1748 et
1447 1692 1737 1764 prophetat
1767 1711 1782 1748 :
1813 1691 1951 1747 sicut
1980 1707 2160 1763 neque

554 1785 738 1843 omnis
761 1785 882 1856 quis
900 1783 1231 1840 medicinam
1255 1790 1430 1854 parat,
1457 1781 1700 1838 medicus
1733 1799 1746 1836 :
1780 1781 1875 1838 sed
1899 1780 1991 1854 qui
2005 1780 2160 1852 juxta

2261 733 2360 768 σαν
2411 708 2507 780 τὴν
2550 708 2791 788 γνώμην,
2853 707 2961 768 Καὶ
3004 707 3108 787 πρὸ
3171 705 3358 765 τούτου
3408 704 3504 782 μὲν
3557 706 3661 786 γὰρ
3707 709 3863 768 ἐσκέ-

2261 821 2456 857 πτοντο
2485 798 2606 878 περὶ
2631 804 2721 857 τοῦ
2753 799 2931 879 φόνου,
2967 796 3105 855 ἀλλὰ
3132 794 3534 875 μαλακώτερον,
3568 795 3661 854 xui
3691 798 3859 869 ζήτη-

2263 912 2344 955 σις
2388 889 2590 964 μᾶλλον
2629 879 2693 960 ἦν
2733 889 2795 946 τὸ
2836 895 3100 968 πρᾶγμα,
3135 883 3227 944 xui
3273 887 3367 944 οὐκ
3419 885 3714 965 ἀπόφασιςο
3773 891 3862 944 νῦν

2263 977 2318 1035 δὲ
2367 977 2543 1036 τελεία
2601 976 2799 1054 κρίσις,
2852 976 2944 1034 καὶ
2993 978 3169 1055 ψῆφος
3226 972 3594 1054 κεκυρωμένη.
3658 975 3863 1054 Πρώην

2261 1065 2366 1146 γὰρ
2409 1094 2433 1119 κ
2477 1065 2723 1143 ἐζήτουν,
2760 1064 2947 1144 φησὶν,
2994 1067 3307 1123 ἀποκτεῖναι
3341 1063 3526 1122 αὐτόν’
3566 1091 3590 1115 ιο
3635 1065 3727 1122 xui
3762 1067 3864 1123 αὖ·

2263 1143 2350 1223 τὸς
2405 1153 2460 1214 δὲ
2519 1153 2706 1223 αὐτοὺς
2753 1143 3012 1232 ἐλέγχων,
3062 1143 3257 1232 φησὶιῖ,
3309 1152 3390 1211 ὅτι
3445 1180 3468 1204 α
3525 1152 3750 1225 Ζητεῖτέ
3796 1177 3863 1230 με

2265 1247 2592 1303 ἀποκτεῖναι.
2645 1270 2669 1298 ι
2716 1243 3001 1316 Σκόπησον
3031 1242 3122 1301 οὖν
3163 1245 3257 1312 τῆς
3293 1242 3671 1321 ἀρχιερατικῆς
3713 1242 3864 1310 ἀξίας

2263 1333 2359 1406 τὴν
2401 1333 2644 1410 δύναμιν,
2684 1337 2798 1401 πῶς
2827 1333 2980 1411 γέμει
3004 1335 3231 1411 τῆςυτοῦ
3268 1331 3580 1408 Πνεύματος
3610 1333 3864 1410 χάριτος,

2265 1425 2363 1483 κᾶν
2413 1425 2460 1480 οῖ
2508 1421 2706 1495 ταύτην
2769 1428 3047 1504 φοροῦντες
3091 1409 3220 1479 ὦσιν
3275 1420 3498 1490 ἀνάξιοι.
3565 1422 3670 1480 Καὶ
3726 1421 3860 1501 τίμα

2266 1536 2354 1588 μοι
2389 1511 2508 1579 τοὺς
2551 1516 2814 1592 ἀρχιερεῖς
2869 1511 3024 1580 ἀξίως
3066 1515 3163 1582 τῆς
3213 1513 3265 1570 ἐν
3311 1511 3484 1577 αὐτοῖς
3523 1509 3770 1592 χάριτος,
3806 1515 3865 1572 οὗ

2263 1605 2358 1674 τῆς
2389 1603 2562 1660 αὐτῶν
2600 1600 2978 1681 προαιρέσεως.
3021 1601 3104 1661 Οὖ
3145 1599 3302 1676 μόνον
3351 1599 3406 1658 δὲ
3449 1600 3554 1677 ἄρα
3609 1601 3863 1682 Καϊάφας

2264 1691 2610 1773 προφητεύει,
2655 1692 2792 1750 ἀλλὰ
2821 1690 2912 1749 xui
2955 1691 3108 1749 ἄλλοι
3152 1689 3341 1749 πολλοὶ
3381 1688 3583 1758 ἀνάξιοι
3629 1687 3698 1748 τὰ
3730 1693 3869 1768 μέλη-

2265 1771 2422 1840 λοντα
2454 1771 2619 1839 ε’ἷδον⁹
2652 1779 2867 1861 Φαραὼ
2908 1779 2974 1838 τὰ
3007 1779 3130 1860 περὶ
3171 1783 3266 1851 τῆς
3306 1777 3554 1860 εὐφορίας
3585 1777 3679 1837 xui
3725 1781 3866 1860 a’upo-

553 1871 813 1930 medendi
868 1872 1144 1929 rationem
1194 1871 1470 1940 medetur,
1521 1871 1565 1928 is
1613 1871 1866 1927 medicus
1918 1870 2158 1938 dicatur;

550 1977 729 2035 neque
739 1963 945 2035 justus,
971 1961 1190 2034 justum
1217 1959 1483 2033 quiddam
1520 1958 1750 2029 faciens,
1773 1957 1871 2016 sed
1899 1959 1991 2031 qui
2021 1959 2162 2030 iuste

552 2051 710 2119 facit,
745 2051 902 2123 juxta
951 2051 1160 2107 dictum
1204 2050 1340 2106 illud
1373 2067 1387 2104 :
1426 2051 1583 2106 Juste
1633 2049 1784 2122 quod
1821 2049 2040 2120 justum
2081 2056 2166 2104 est

551 2155 902 2213 persequere.
936 2138 1239 2210 Prophetat
1266 2146 1322 2195 et
1363 2139 1618 2210 Caiphas,
1649 2138 1746 2194 sed
1781 2154 1893 2194 non
1921 2136 2163 2210 prophe-

551 2229 660 2285 tica
685 2236 894 2296 mente,
924 2236 980 2285 et
1009 2237 1298 2300 propterea
1329 2243 1445 2283 non
1470 2227 1753 2299 propheta.

556 2318 648 2377 xui
703 2316 843 2377 κατὰ
887 2317 976 2377 τὸν
1026 2317 1258 2398 ἰατρικὸν
1304 2317 1458 2395 λόγον
1500 2320 1664 2377 ποιῶν
1701 2316 1762 2375 τὸ
1809 2316 2075 2397 ἰατρικὸν,
2135 2318 2327 2381 ἐκεῖνος
2391 2317 2453 2376 ἂν
2497 2316 2710 2396 λεχθείη
2771 2317 2974 2396 ἰατρόςο
3039 2314 3222 2397 ὥσπερ
3271 2318 3363 2376 καὶ
3426 2315 3626 2383 δίκαιος
3686 2320 3784 2399 οὐχ
3840 2321 3873 2377 6

553 2411 718 2468 ποιῶν
762 2406 961 2468 δίκαιόν
1003 2430 1087 2480 τι,
1143 2406 1265 2466 ἀλλ’
1321 2412 1349 2466 6
1387 2406 1602 2475 δικαίως
1650 2411 1848 2478 ποιῶν,
1902 2406 2042 2466 κατὰ
2102 2404 2160 2464 τὸ
2220 2407 2522 2486 εἰρημένον·
2575 2407 2808 2474 Δικαίως
2869 2405 2930 2464 τὸ
2989 2405 3193 2465 δίκαιον
3256 2405 3478 2476 διώξεις.
3531 2407 3870 2488 Προφητεύει

2273 1870 2410 1950 ρίας·
2458 1869 2946 1950 Ναϐουχοδονόσωρ
3004 1869 3069 1927 τὰ
3115 1870 3236 1948 περὶ
3280 1870 3385 1926 τῶν
3439 1870 3722 1947 βασιλειῶν
3774 1869 3869 1930 xui

2271 1964 2362 2018 τοῦ
2401 1962 2671 2039 Χριστοῦ,
2706 1960 2797 2018 καὶ
2839 1957 3075 2036 Βαλαὰμ
3107 1957 3231 2039 περὶ
3275 1959 3540 2037 Χριστοῦ.
3576 1959 3694 2018 Οὐκ
3741 1959 3870 2027 εἴτις

2274 2047 2328 2108 δὲ
2378 2048 2733 2130 προφητεύει,
2785 2047 3063 2128 προφήτης
3118 2047 3181 2106 ἂν
3228 2046 3477 2126 λεχθείη’
3533 2047 3672 2130 oin:
3692 2048 3742 2106 εἴ
3785 2073 3869 2117 τις

2270 2127 2568 2218 προφήτης,
2607 2141 2797 2205 ἐκεῖνος
2844 2127 2936 2196 καὶ
2987 2135 3337 2218 προφητεύει·
3385 2133 3567 2217 ὥσπερ
3611 2127 3702 2198 οὖν
3745 2139 3866 2198 οὐδὲ

2271 2236 2376 2294 πᾶς
2421 2231 2448 2286 6
2494 2227 2732 2308 ἰατρικόν
2773 2251 2825 2286 τι
2870 2229 3066 2301 ποιῶν,
3123 2225 3228 2300 ἤδη
3282 2226 3374 2285 καὶ
3427 2225 3637 2305 ἷατρόςυ
3682 2230 3800 2288 ἀλλ’
3837 2232 3870 2288 6

2193 1922 2240 1984 Β

551 2497 644 2556 καὶ
677 2498 966 2577 Καῖάφας,
1001 2498 1122 2554 ἀλλ’
1161 2499 1218 2554 οὐ
1254 2500 1568 2578 προφητικῷ
1613 2499 1881 2576 λογισμῷο
1917 2496 2012 2554 οὐκ
2052 2495 2154 2574 ἄρα
2198 2496 2497 2578 προφήτης.

625 2599 802 2653 Vnus.
848 2599 1032 2652 54-56.
1087 2617 1114 2644 σι
1166 2596 1324 2650 Jesus
1379 2611 1510 2667 ergo
1536 2595 1652 2666 jam
1705 2611 1819 2650 non
1870 2594 2158 2666 propalam

553 2685 872 2743 ambulabat
925 2685 1069 2740 inter
1118 2683 1366 2752 Iudaeos,
1413 2684 1514 2740 sed
1566 2683 1701 2740 abiit
1755 2685 1815 2738 in
1874 2684 2157 2755 regionem

547 2775 702 2846 juxta
733 2773 1035 2839 desertum,
1066 2772 1120 2827 in
1150 2772 1430 2827 civitatem
1463 2787 1589 2842 qua:
1619 2771 1819 2827 dicitur
1861 2771 2155 2843 Ephraim,

551 2870 608 2917 et
635 2860 708 2916 ibi
738 2860 1060 2916 versabatur
1081 2860 1254 2930 668
1281 2875 1410 2916 cum
1439 2859 1720 2930 discipulis
1749 2859 1881 2914 suis.
1914 2860 2159 2915 Instabat

551 2958 736 3006 autem
762 2949 968 3006 Pascha
988 2947 1337 3012 Judazorum,
1369 2956 1425 3003 et
1452 2949 1818 3005 ascenderunt
1847 2949 2007 3004 multi
2033 2949 2156 3004 Hie-

547 3039 786 3095 rusalem
817 3055 847 3094 e
892 3039 1122 3110 regione
1161 3046 1292 3093 ante
1323 3037 1554 3105 Pascha,
1599 3045 1660 3093 ut
1689 3037 2038 3108 puriﬁcarent
2073 3054 2152 3094 se.

548 3130 886 3199 Quaerebam
910 3143 1040 3200 ergo
1065 3131 1278 3194 Jesum,
1309 3135 1364 3182 et
1391 3127 1851 3199 colloquebantur
1875 3127 2015 3183 inter
2038 3144 2158 3184 sese

2355 2615 2381 2639 α
2433 2589 2639 2660 Ἰησοῦς
2693 2578 2783 2646 οὖν
2846 2589 2942 2646 οὐκ
2995 2585 3074 2646 ἔτι
3127 2585 3406 2667 παρρησίᾳ
3457 2586 3766 2666 περιεπάτει
3812 2591 3870 2648 ἐν

2265 2685 2375 2744 τοῖς
2398 2676 2708 2755 Ἰουδαίοις,
2745 2676 2885 2735 ἀλλὰ
2917 2677 3185 2757 πόῤῥωθεν
3229 2677 3303 2742 εἷς
3346 2675 3443 2747 τὴν
3490 2675 3674 2756 χώραν
3708 2676 3862 2755 ἐγγὺς

2266 2769 2359 2836 τῆς
2412 2764 2613 2844 ἐρήμου
2667 2767 2738 2832 εἷς
2799 2763 3043 2846 Ἐφραὶμ
3105 2765 3396 2846 λεγομένην
3456 2766 3648 2837 πόλιν,
3707 2767 3875 2826 κάκεῖ

2269 2843 2493 2931 διέτριϐε
2533 2854 2668 2930 μετὰ
2712 2857 2813 2913 τῶν
2849 2843 3099 2930 μαθητῶν
3147 2856 3328 2912 αὑτοῦ.
3363 2843 3471 2912 Ἦν
3509 2853 3565 2912 δὲ
3606 2852 3761 2933 ἐγγὺς
3802 2856 3867 2914 τὸ

2273 2943 2473 3022 Πάσχα
2514 2946 2620 3001 τῶν
2651 2942 2953 3014 Ἰουδαίων,
3000 2943 3091 3002 xui
3133 2941 3402 3014 ἀνέϐησαν
3434 2943 3621 3001 πολλοὶ
3653 2945 3724 3010 εἰς
3746 2941 3862 3003 Ἱε-

2271 3035 2537 3112 ροσόλυμα
2583 3034 2644 3090 ἐκ
2691 3036 2784 3104 τῆς
2831 3033 3013 3112 χώρας
3052 3032 3158 3112 πρὸ
3189 3037 3282 3090 τοῦ
3318 3031 3552 3111 Πάσχα,
3598 3031 3684 3090 ἵνα
3717 3033 3871 3111 ἁγνί-

2267 3111 2428 3179 σωσιν
2472 3120 2709 3188 ἑαυτούς.
2743 3111 3004 3193 .Ἒζῆτουν
3048 3111 3134 3181 οὖν
3174 3121 3262 3180 τὸν
3307 3119 3514 3193 Ἰησοῦν
3540 3167 3556 3196 ,
3604 3121 3696 3180 xui
3743 3122 3867 3182 ἔλε-

547 3219 605 3274 in
643 3219 854 3290 templo
901 3225 1154 3273 stantes:
1206 3215 1349 3285 Quid
1394 3216 1607 3272 videtur
1652 3216 1805 3271 vobis
1858 3216 2009 3287 quod
2045 3233 2151 3273 non

2266 3233 2355 3288 γον
2395 3210 2510 3287 μετ’
2542 3211 2788 3282 ἀλλήλων
2831 3212 2884 3268 ἐν
2942 3215 3017 3290 τῷ
3062 3212 3189 3292 ἱερῷ
3239 3211 3546 3283 ἑστηκότες·
3597 3209 3669 3271 Τί
3717 3213 3870 3271 δοκεῖ

550 3307 704 3364 venit
731 3306 801 3363 ad
822 3306 972 3362 diem
1001 3305 1246 3361 festum?
1267 3303 1556 3361 Dederunt
1573 3313 1762 3361 autem
1792 3306 2078 3377 pontiﬁces
2100 3316 2152 3362 et

546 3393 803 3452 Pharisaai
857 3401 1216 3466 praeceptum,
1279 3401 1340 3447 ut
1390 3393 1433 3448 si
1487 3393 1608 3465 quis
1677 3393 2021 3466 cognovisset
2057 3395 2151 3450 ubi

547 3492 710 3553 esset,
763 3482 1050 3550 indicaret,
1095 3491 1159 3538 ut
1212 3481 1748 3553 comprehenderent
1791 3499 1942 3538 eum.
2004 3506 2028 3532 ι
2090 3488 2151 3539 In

542 3572 1064 3630 condemnationem
1093 3571 1652 3642 Judaaorum‘secedit
1693 3573 1990 3642 Dominus,
2039 3590 2151 3629 non

548 3661 772 3734 refugit,
794 3669 848 3718 et
877 3661 1043 3717 simul
1072 3676 1177 3716 nos
1205 3660 1367 3716 docet
1393 3663 1489 3729 (ιι),
1523 3677 1593 3716 ne
1621 3677 1724 3716 nos
1748 3669 1958 3718 temere
2001 3663 2150 3733 peri-

539 3751 677 3807 culis
708 3751 1024 3821 ingeramus
1053 3750 1224 3805 etiam
1254 3765 1354 3820 pro
1385 3750 1622 3821 pietate;
1655 3750 1752 3806 sed
1781 3759 1990 3806 stemus
2024 3749 2150 3822 q'ui-

537 3839 666 3897 dem
690 3839 928 3906 fortiter,
958 3839 1280 3912 deprehensi
1313 3859 1325 3894 :
1356 3855 1470 3895 non
1496 3839 1818 3910 deprehensi
1841 3848 2053 3909 autem,
2081 3857 2150 3896 ne

537 3923 600 3984 in
626 3929 999 3985 voluntarium
1025 3929 1326 4000 periculum
1351 3937 1572 4000 pr0pter
1601 3929 1872 3984 incertum
1893 3937 2150 3986 eventum

535 4019 832 4074 irruamus.
863 4015 1002 4072 Vide
1044 4026 1229 4072 autem
1281 4017 1504 4071 stultam
1563 4016 1885 4072 Judteorum
1932 4027 2148 4074 senten-

534 4107 704 4172 tiam;
736 4120 915 4176 neque
963 4111 1215 4176 tempore
1245 4104 1560 4160 festivitatis
1599 4121 1629 4160 a
1668 4105 1818 4161 caede
1847 4106 2146 4176 abstinent,

535 4195 632 4252 sed
671 4194 883 4250 caedem
930 4195 1285 4249 committere
1326 4195 1659 4262 consultant,
1692 4203 1749 4250 et
1784 4196 2150 4253 ascenderunt

537 4292 600 4342 ut
643 4284 1082 4354 puriﬁcarentur.
1115 4283 1219 4351 Qui
1269 4292 1561 4353 peccarant
1592 4285 1670 4339 vel
1693 4293 1908 4355 sponte,
1955 4287 2036 4341 vel
2066 4287 2149 4342 in-

536 4373 655 4441 viti,
686 4389 798 4429 non
814 4373 1046 4445 agebant
1066 4373 1298 4440 Pascha,
1332 4373 1438 4427 nisi
1469 4373 1622 4444 prius
1648 4373 1918 4444 puriﬁcati
1942 4385 2147 4442 essent,

2263 3301 2418 3376 ὗμῐν,
2449 3298 2529 3356 ὅτι
2562 3301 2618 3356 οὐ
2652 3299 2727 3376 μὴ
2761 3297 2886 3379 ἔλθῃ
2924 3302 2995 3366 εἷς
3023 3301 3121 3371 τὴν
3171 3297 3387 3378 ἕορτήν;
3431 3297 3769 3359 Δεδώκεισαν
3809 3301 3866 3360 δὲ

2261 3390 2310 3446 οἳ
2342 3391 2606 3468 ἀρχιερεῖς
2652 3388 2742 3447 καὶ
2784 3391 2830 3448 οἱ
2883 3390 3179 3468 Φαρισαῖοι
3213 3386 3454 3458 ἐντολὴν,
3514 3386 3603 3447 ἵνα
3649 3390 3740 3448 ἐάν
3785 3414 3868 3460 τις

2262 3480 2368 3556 γνῷ
2399 3483 2501 3536 ποῦ
2537 3479 2650 3537 ἐστι
2671 3523 2688 3554 ,
2723 3477 2962 3559 μηνύσῃ,
2991 3475 3132 3545 ὅπως
3162 3475 3428 3535 πιάσωσιν
3463 3476 3651 3540 αὐτόν.
3698 3504 3724 3530 ιο
3768 3482 3873 3549 Εἷς

2261 3567 2570 3647 κατάκριμα
2606 3571 2710 3626 τῶν
2743 3567 3008 3628 Ἰουδαίων
3049 3570 3316 3646 ἀναχωρεῖ
3345 3570 3373 3625 6
3415 3565 3628 3647 Κύριος,
3663 3569 3720 3626 οὖ
3749 3569 3868 3627 δει-

2261 3658 2421 3730 λιῶν,
2473 3655 2587 3733 ἅμα
2640 3656 2695 3714 δὲ
2749 3658 2842 3716 xui
2883 3663 3026 3732 ἡμᾶς
3077 3656 3342 3717 διδάσκων
3394 3657 3470 3731 μὴ
3521 3658 3861 3737 ἐγπιῤῥίπτειν

2263 3745 2477 3813 ἑαυτοὺς
2510 3747 2584 3812 είς
2611 3747 2899 3819 κινδύνους,
2937 3746 3036 3805 κᾶν
3063 3747 3195 3826 ὑπὲρ
3227 3745 3501 3812 εὐσεϐείας
3529 3736 3657 3805 ὦσιν
3678 3791 3695 3819 ,
3721 3748 3867 3808 ἀλλὰ

2247 3834 2842 3910 ’καταλαμϐανομένους
2889 3834 2984 3910 μὲν
3029 3834 3280 3892 ἵστασθαι
3327 3834 3614 3912 γενναίως,
3651 3835 3724 3911 μὴ
3756 3859 3867 3896 κα-

2260 3924 2620 4003 ταληφθέντας
2651 3922 2738 3996 δὲ,
2791 3927 2865 3991 εἷς
2917 3923 3216 3983 ἐθελούσιον
3263 3925 3499 3983 κίνδυνον
3555 3923 3631 4000 μὴ
3682 3949 3864 4004 παρα-

2263 4013 2572 4085 ϐάλλεσθαι,
2611 4011 2696 4070 διὰ
2729 4011 2789 4070 τὸ
2824 4017 2916 4083 τῆς
2947 4011 3218 4080 ἐκϐάσεως
3248 4013 3465 4087 ἄδηλον.
3494 4011 3645 4094 ⁶¹Οροι
3678 4013 3731 4072 δὲ
3762 4015 3865 4086 τὴν

2262 4100 2482 4173 ἀνόητον
2525 4101 2744 4180 γνώμην
2782 4105 2885 4159 τῶν
2920 4101 3214 4176 Ἰουδαίων,
3243 4103 3386 4170 ὅπως
3435 4103 3546 4162 οὐδ’
3579 4106 3630 4161 ἐν
3661 4107 3738 4183 τῷ
3766 4108 3866 4176 τῆς

2260 4193 2442 4267 ἑορτῆς
2495 4194 2663 4271 καιρῷ
2720 4194 2812 4262 τῆς
2859 4190 3163 4272 μιαιφονίας
3222 4191 3529 4271 ἀπείχοντο,
3583 4192 3722 4250 ἀλλὰ
3765 4194 3864 4252 καὶ

2259 4279 2412 4360 φόνον
2461 4277 2845 4338 ἐϐουλεύσαντο
2881 4281 3105 4360 δρᾶσαι,
3140 4280 3232 4340 xui
3275 4279 3552 4340 ἀνέϐαινον
3602 4280 3864 4360 ἆγνισθη-

2259 4369 2494 4445 σόμενοι.
2527 4371 2598 4429 Οἱ
2627 4367 2731 4448 γὰρ
2764 4370 3134 4450 ἡμαρτηκότες
3165 4369 3199 4442 ἢ
3245 4369 3493 4443 ἑκούσια,
3591 4371 3819 4430 ἀκούσια
3841 4417 3859 4451 ,

526 4464 684 4537 juxta
717 4463 1196 4531 consuetudinem,
1245 4463 1341 4517 loti
1374 4471 1428 4518 et
1463 4463 1801 4534 jejunantes,
1833 4473 1888 4520 et
1917 4465 2046 4532 rasi,
2087 4475 2141 4521 et

2261 4459 2351 4516 οὐκ
2402 4456 2606 4517 ἐτέλουν
2646 4458 2708 4518 τὸ
2745 4459 2970 4538 Πάσχα,
3005 4462 3051 4517 εἰ
3099 4455 3174 4536 μὴ
3223 4459 3479 4538 πρότερον
3527 4459 3858 4537 ἡγνίσθησαν

532 4551 797 4624 deputata
841 4551 1099 4623 quaedam
1144 4551 1416 4608 sacriﬁcia
1473 4551 1792 4608 offerentes.
1846 4553 1928 4609 llli
1980 4554 2146 4626 igitur

532 4641 730 4712 Optimi
759 4640 1161 4697 insidiabantur
1200 4641 1471 4706 Domino,
1517 4649 1572 4696 et
1596 4639 1852 4698 dicebant
1887 4660 1901 4697 :
1939 4662 1968 4695 (ι
1999 4643 2145 4716 Quid

532 4728 752 4785 videtur
771 4729 924 4784 vobis
946 4730 1094 4801 quod
1116 4746 1230 4785 non
1254 4729 1433 4785 veniat
1457 4729 1525 4786 ad
1551 4729 1754 4787 festum
1778 4734 1801 4786 ?
1835 4755 1859 4779 »
1888 4734 2010 4787 Hoc
2037 4743 2140 4800 est,

532 4818 854 4874 Necessario
882 4819 1058 4874 aderit
1107 4839 1118 4875 :
1149 4828 1204 4875 et
1255 4819 1299 4874 si
1346 4808 1481 4874 nihil
1512 4819 1682 4888 aliud,
1713 4829 1932 4892 tempus
1976 4821 2145 4895 doget

531 4907 690 4963 illum
722 4907 1026 4979 illaqueari.
1063 4911 1110 4964 Ο
1133 4909 1400 4964 malitiam
1433 4913 1445 4963 ι
1479 4912 1620 4965 Cum
1654 4911 1833 4983 magis
1854 4914 2145 4982 oportebat

532 4997 935 5054 condemnatos
987 5006 1207 5069 propter
1248 4996 1601 5054 festivitatem
1645 5000 1949 5068 absolvere,
2008 5009 2142 5057 tunc

531 5087 743 5143 insonti
782 5086 1129 5142 insidiantur.
1192 5091 1264 5143 Et
1314 5088 1357 5142 si
1387 5089 1612 5159 quidem
1668 5090 1862 5161 privati
1891 5090 2011 5147 haec
2037 5092 2139 5147 soli

537 5173 820 5244 fecissent,
861 5175 1042 5232 visum
1071 5175 1268 5232 fuisset
1312 5177 1608 5248 imperitiae
1660 5179 1946 5236 dandum:
1995 5197 2143 5237 nunc

529 5273 714 5321 autem
744 5265 1005 5322 Pharisazi
1037 5266 1357 5337 prmcipinnt
1401 5275 1462 5321 ut
1496 5267 1763 5338 prodatur
1797 5277 1853 5323 et
1893 5285 2142 5340 compre-

530 5351 818 5409 hendatur.
868 5358 1040 5410 Recte
1086 5354 1260 5426 igitur
1298 5355 1545 5411 abscedit
1572 5357 1639 5411 ab
1683 5357 1812 5412 illis.
1848 5360 1990 5412 Nam
2019 5374 2141 5413 ver-

531 5439 666 5496 bum
699 5443 798 5498 Dei
830 5443 980 5513 prius
1009 5444 1235 5516 quidem
1265 5445 1438 5500 libere
1471 5445 1795 5500 ambulabat
1821 5446 1876 5500 in
1900 5445 2135 5515 Iudaeis,

533 5544 660 5584 cum
689 5545 784 5602 per
811 5533 1103 5604 prophetas
1127 5535 1548 5590 annuntiaretur
1578 5556 1592 5592 ;
1628 5551 1778 5590 nunc
1806 5543 1994 5591 autem
2027 5553 2138 5592 non

2254 4545 2392 4606 κατὰ
2429 4547 2489 4606 τὸ
2522 4546 2667 4616 ἔθος,
2729 4547 3008 4624 λουόμενοί
3057 4572 3115 4607 τε
3169 4548 3261 4607 xui
3317 4548 3699 4622 νηστεύοντες,
3755 4551 3854 4609 xui

2255 4634 2524 4716 ξυράμενοι
2547 4683 2590 4730 ,ω
2619 4637 2709 4697 xui
2763 4639 2946 4705 θυσίας
2997 4637 3143 4705 τινὰς
3198 4638 3579 4716 νενομισμένας
3627 4641 3862 4720 προσφέ-

2258 4749 2448 4806 ροντες.
2509 4727 2675 4788 Οὗτοι
2716 4728 2887 4786 τοίνυν
2935 4730 2983 4786 οἱ
3033 4727 3303 4806 βέλτιστοι
3350 4730 3397 4786 οἱ
3449 4727 3539 4787 τὸν
3590 4730 3855 4807 ἁγνισμὸν

2255 4816 2582 4892 ποιούμενοι,
2634 4816 2909 4896 ἐνήδρευον
2964 4816 3052 4874 τὸν
3101 4815 3334 4896 Κύριον,
3379 4816 3470 4876 καί
3517 4841 3677 4899 φασιν
3713 4845 3738 4873 α
3785 4820 3859 4880 Τί

2255 4905 2489 4980 δοκεῖτε,
2521 4905 2601 4964 ὅτι
2631 4908 2688 4963 οὖ
2727 4905 2801 4983 μὴ
2845 4904 2973 4983 ἔλθῃ
3010 4907 3080 4973 εἷς
3112 4905 3206 4978 τὴν
3241 4905 3468 4987 ἑορτήνς
3509 4933 3534 4960 υ
3559 4907 3856 4983 τουτέστιν,

2255 4991 2347 5062 Ἐξ
2379 4993 2616 5071 ἀνάγκης
2655 4997 2908 5070 ἐμπεσεῖν
2948 4996 3162 5072 μέλλεν
3206 5000 3234 5055 6
3283 4994 3385 5074 γὰρ
3417 4995 3632 5076 καιρὸς,
3679 4999 3724 5055 εἰ
3762 4999 3858 5057 καὶ

2255 5083 2420 5161 μηδὲν
2451 5082 2613 5155 ἄλλο,
2658 5083 2950 5162 ἀναγκάσει
2993 5083 3150 5144 αὐτὸν
3202 5087 3607 5165 παγιδευθῆναι.
3656 5083 3732 5144 Ὢ
3762 5091 3860 5158 τῆς

2253 5171 2531 5252 πονηρίαςῐ
2596 5171 2732 5232 "Ore
2801 5175 3005 5249 μᾶλλον
3056 5174 3148 5232 xui
3214 5173 3334 5240 τοὺς
3405 5175 3854 5254 ὁμολογουμένως

2253 5261 2602 5341 κατακρίτους
2635 5261 2740 5320 ἔδει
2776 5263 3026 5322 ἀπολύειν
3071 5263 3160 5321 διὰ
3203 5263 3300 5335 τὴν
3342 5264 3567 5342 ἑορτὴν,
3615 5265 3732 5324 τότε
3763 5265 3856 5324 τὸν

2255 5351 2488 5410 ἀναίτιον
2534 5351 2880 5432 ἐνεδρεύουσι.
2930 5352 3070 5413 Ἀλλ’
3114 5355 3161 5412 εἰ
3216 5352 3310 5430 μὲν
3351 5356 3400 5413 οἱ
3450 5355 3656 5412 ἰδιῶται
3699 5353 3857 5431 μόνοι

2252 5447 2422 5499 ταῦτα
2466 5441 2708 5518 ἐποίουν,
2763 5442 2934 5502 ἐδόκει
2986 5441 3048 5499 ἂν
3092 5442 3325 5520 ἀμαθίας
3367 5433 3503 5501 εἶναι
3550 5442 3612 5502 τὸ
3656 5443 3856 5512 πάθοςο

2252 5534 2342 5588 νῦν
2379 5529 2432 5589 δὲ
2465 5533 2763 5612 Φαρισαῖοι
2794 5532 3163 5606 ἐντέλλονται,
3205 5528 3292 5590 ἵνα
3336 5537 3726 5613 καταμηνυθῇ,
3756 5534 3854 5593 xui

603 5689 642 5724 ⁹¹
672 5690 715 5724 θ’
741 5691 940 5748 Matth.
974 5709 1149 5762 xxvr,
1182 5701 1271 5751 63.
1347 5695 1392 5730 93
1421 5696 1563 5752 Gen.
1596 5711 1723 5764 λιι,
1761 5699 1781 5752 1
1817 5713 1975 5771 seqq.
2051 5696 2094 5732 9"
2120 5701 2262 5756 Dan.
2296 5715 2372 5770 ιι,
2405 5706 2425 5757 ι
2461 5716 2614 5773 seqq.
2690 5701 2735 5735 9‘
2760 5704 2929 5760 Num.
2965 5717 3138 5772 xxrv,
3167 5709 3199 5760 3
3227 5714 3382 5777 seqq.

598 5803 672 5865 (a)
704 5802 769 5856 In
800 5798 932 5856 edit.
965 5802 1090 5858 Lut.
1123 5805 1344 5859 interim
1374 5809 1424 5860 et
1455 5821 1549 5860 nos
1585 5805 1800 5862 docens.
