4198 6464
410 431 509 484 ll3
1228 433 1621 491 ENARRATIO
1659 436 1725 491 IN
1764 436 2194 492 EVANGELIUM
2228 436 2526 494 JOANNIS.
2561 469 2630 478 —-
2668 439 2816 495 CAP.
2857 441 2964 495 XII.

3654 443 3757 500 114

416 557 723 637 συλληφθῇ.
770 558 979 626 Καλῶς
1032 550 1124 619 οὖν
1187 560 1460 640 ἀναχωρεῖ
1487 560 1593 620 ἀπὸ
1624 561 1823 620 τούτων
1856 565 1884 620 ὅ
1929 561 2023 623 Κύ·

2155 563 2323 631 ultra,
2367 563 2461 620 sed
2499 564 2712 621 secedit
2759 565 2818 620 in
2854 563 3235 634 solitudinem,
3267 567 3517 638 gentium
3562 569 3752 625 Eccle-

415 670 540 725 ριος.
624 644 698 706 Ὀ
733 645 842 727 γὰρ
879 649 1056 727 Λόγος
1079 655 1170 708 τοῦ
1220 651 1363 709 Θεοῦ
1402 651 1656 731 πρότερον
1693 651 1790 728 μὲν
1826 656 2044 734 παῤῥη-

421 738 514 818 σία
542 737 860 816 περιεπάτει
899 742 956 797 ἐν
986 739 1096 806 τοῖς
1139 738 1446 813 Ἰουδαίοις,
1486 741 1572 799 διὰ
1607 745 1712 800 τῶν
1755 745 2044 824 προφητῶν

425 826 957 905 καταγγελλόμενος·
1015 834 1104 886 νῦν
1138 828 1192 886 δὲ
1244 830 1340 888 οὐκ
1384 829 1503 902 ἔτι,
1559 830 1676 890 ἀλλ’
1707 832 2042 911 ἀνεχώρησεν

424 921 502 984 εἰς
529 916 628 988 τὴν
660 919 860 997 ἔρημον
900 921 1008 976 τῶν
1063 919 1221 976 ἐθνῶν
1253 919 1568 999 συναγωγὴν
1620 922 1741 1001 περὶ
1769 913 1832 993 ἧς
1883 923 2040 1002 εἴρη-

423 1031 550 1080 ται,
613 1005 692 1065 ὅτι
737 1036 758 1058 -
800 1007 993 1068 Πολλὰ
1027 1008 1094 1066 τὰ
1126 1007 1287 1067 τέκνα
1339 1012 1434 1080 τῆς
1487 1010 1688 1088 ἐρήμου
1737 1015 1964 1088 μᾶλλον,
2002 1013 2036 1085 ἢ

422 1101 521 1167 τῆς
567 1096 795 1177 ἐχούσης
823 1096 912 1156 τὸν
963 1097 1152 1178 ἄνδρα.
1192 1125 1216 1151 υ
1248 1098 1444 1178 Ἐγγὺς
1475 1100 1530 1158 δὲ
1579 1100 1819 1181 Ἐφραίμ
1859 1105 2032 1176 ἐστιν,

423 1192 460 1259 ἡ
493 1188 686 1268 ἔρημος
712 1186 873 1258 αὕτη.
959 1185 1203 1272 Ἐφραὶμ
1231 1189 1286 1247 δὲ
1320 1187 1531 1267 λέγεται
1561 1215 1584 1241 ο
1629 1190 1982 1272 καρποφορία.
2012 1221 2035 1246 υ

430 1275 678 1356 ’Λδελφὸς
713 1276 769 1335 δὲ
799 1276 1017 1356 ὕστερος
1069 1270 1247 1352 οὗτος,
1276 1285 1368 1338 τοῦ
1419 1282 1687 1352 Μανασσῆ
1732 1270 2033 1360 πρεσϐυτέ-

429 1389 523 1441 ρου
551 1366 731 1432 ὄντος·
767 1368 1070 1436 Μανασσῆς
1118 1367 1172 1426 δὲ
1219 1369 1565 1448 ἑρμηνεύεται
1595 1398 1617 1420 α
1651 1369 1756 1427 ἀπὸ
1795 1371 1974 1443 λήθης.
2007 1399 2031 1423 υ

426 1453 499 1514 Ὀ
555 1454 733 1514 τοίνυν
773 1454 1050 1513 Ἰουδαίων
1095 1455 1218 1523 λαὸς
1255 1456 1613 1537 πρεσϐύτερος
1662 1458 1769 1526 υἱὸς
1817 1451 1880 1531 ἧν
1937 1465 2031 1519 τοῦ

419 1548 566 1603 Θεοῦ
601 1545 651 1622 (ε
687 1543 816 1611 Υἱὸς
844 1543 947 1622 γάρ
981 1567 1113 1621 μου,
1140 1547 1266 1626 φησὶ
1285 1591 1301 1620 ,
1327 1547 1659 1626 πρωτότοκος
1687 1546 1911 1627 Ἰσραὴλ
1943 1549 2026 1630 ιι),

420 1633 593 1705 λήθην
625 1633 680 1692 δὲ
717 1636 874 1692 αὐτοῦ
909 1633 1039 1712 ἔσχε
1070 1634 1236 1701 Θεός⁶
1257 1637 1347 1694 τὸν
1378 1637 1433 1694 δὲ
1465 1633 1731 1717 Ἐφραὶμ,
1763 1638 2026 1718 τουτέστι,

2156 654 2318 721 siam,
2365 653 2436 710 de
2476 669 2582 725 qua
2623 654 2835 711 dictum
2865 662 2952 711 est
2985 673 2997 710 :
3046 677 3072 704 ι
3113 654 3235 710 Filii
3280 655 3510 712 desertae
3546 657 3750 728 plures,

2155 759 2325 815 quam
2381 742 2497 815 ejus
2542 759 2667 815 quae
2715 743 2886 800 habet
2927 744 3108 801 virum
3156 743 3220 798 ⁸⁸.
3273 767 3300 794 ια
3355 746 3528 800 Porro
3575 762 3747 818 prope

2154 833 2416 906 Ephrmm
2467 842 2584 889 erat
2612 833 2855 889 solitudo
2883 834 2990 889 illa.
3035 835 3290 906 Ephraam
3337 842 3522 890 autem
3551 833 3754 892 dicitur

2157 941 2182 975 (ί
2217 921 2486 978 fertilitas.
2524 941 2551 975 ι)
2583 926 2774 980 Frater
2803 923 2892 979 hic
2913 922 3184 995 posterior
3207 931 3323 979 erat
3346 926 3630 994 Manasse,
3656 927 3752 996 qui

2148 1020 2283 1068 natu
2314 1012 2494 1084 major
2520 1021 2652 1069 erat.
2682 1014 2937 1068 Manasse
2967 1029 3095 1070 vero
3130 1013 3525 1085 interpretatur
3553 1033 3578 1066 «
3605 1013 3753 1069 obli-

2148 1102 2257 1158 vio.
2300 1124 2327 1151 »
2351 1104 2539 1174 Itaque
2561 1101 2888 1158 Iudaeorum
2915 1103 3149 1174 populus
3177 1111 3295 1158 erat
3319 1101 3462 1158 ﬁlius
3497 1103 3599 1159 Dei
3629 1118 3748 1159 ma-

2136 1192 2231 1264 jor
2267 1200 2420 1248 natu.
2458 1211 2486 1246 ((
2517 1193 2686 1250 Filius
2706 1193 2855 1249 enim
2883 1208 3060 1262 meus,
3101 1193 3301 1264 inquit,
3347 1193 3751 1264 primogenitus

2143 1281 2317 1338 Israel
2346 1294 2423 1337 97.
2459 1305 2484 1330 ι
2536 1281 2644 1338 Sed
2688 1283 2836 1338 venit
2883 1283 2938 1337 in
2985 1281 3316 1338 oblivionem
3362 1297 3554 1338 coram
3605 1286 3745 1338 Deo.

2143 1371 2406 1443 Ephraem
2451 1379 2659 1439 autem,
2707 1371 2812 1428 hoc
2854 1379 2936 1428 est
2979 1370 3317 1427 fertilitatem
3368 1387 3434 1427 ex
3490 1371 3749 1443 gentibus

2138 1459 2452 1517 secundum
2473 1460 2655 1518 filium
2674 1460 2804 1516 facit
2827 1461 3099 1517 Dominus
3113 1459 3180 1516 93.
3201 1464 3264 1516 In
3285 1460 3566 1517 desertum
3584 1461 3748 1532 igitur

2139 1550 2426 1622 Ephraam,
2471 1551 2722 1622 gentium
2754 1550 2962 1606 scilicet
2997 1550 3300 1606 Ecclesiam
3344 1565 3442 1622 per
3489 1552 3749 1620 Evange—

2135 1639 2276 1696 lium
2303 1637 2654 1711 frugiferam,
2683 1639 2929 1695 Verbum
2963 1639 3116 1706 exiit,
3146 1637 3342 1695 Iudaea
3371 1639 3655 1696 derelicta.

420 1721 520 1793 τὴν
570 1721 626 1791 ἐξ
679 1726 841 1782 ἐθνῶν
890 1725 1284 1806 καρποφορίαν,
1337 1725 1575 1805 δεύτερον
1636 1738 1864 1788 ποιεῖται
1909 1729 2017 1788 υἱὸν
2070 1733 2098 1789 6
2152 1731 2362 1808 Κύριος.
2456 1731 2548 1796 Εἷς
2574 1729 2670 1802 τὴν
2702 1729 2901 1809 ἔρημον
2929 1719 3018 1787 οὖν
3049 1729 3322 1809 Ἐφραῒμ,
3362 1727 3458 1802 τὴν
3489 1727 3542 1797 ἐξ
3584 1730 3745 1788 ἐθνῶν

421 1811 760 1884 Ἰἰκκλησίαν
789 1811 887 1883 τὴν
917 1817 1412 1895 καρποφορηθεῖσαν
1444 1813 1530 1875 διὰ
1563 1821 1655 1876 τοῦ
1691 1819 2034 1897 Εὗαγγελίου,
2076 1823 2104 1880 6
2141 1819 2312 1900 Λόγος
2343 1817 2555 1892 ἐξῆλθεν
2575 1863 2592 1893 ,
2623 1819 2720 1891 τὴν
2753 1817 3012 1880 Ἰουδαίαν
3044 1818 3380 1881 καταλιπών.

996 1985 1287 2046 ΚΕΦΑΛ.
1341 1987 1456 2048 ΙΒ’.

421 2107 545 2170 Περὶ
602 2112 685 2166 τῆς
729 2106 995 2170 ἀλειψάσης
1059 2109 1145 2158 τὸν
1189 2111 1364 2173 Κύριον
1411 2111 1563 2175 μύρῳ.
1609 2113 1728 2175 Περὶ
1778 2112 1848 2162 ὧν
1901 2113 2034 2164 εἶπεν

495 2163 704 2235 Ἶούδάς.
729 2163 1192 2243 Περίτοῦδναρίου.
1214 2163 1332 2245 Περὶ
1357 2163 1453 2232 τῶν
1477 2163 1720 2242 Ἑλλήνων
1745 2185 2032 2248 προσελθόν-

491 2269 618 2311 των,
655 2255 734 2302 καὶ
773 2254 1061 2316 ἐρωτώντων
1098 2255 1180 2304 τὸν
1220 2255 1484 2305 Φίλιππον.
1519 2258 1634 2320 Περὶ
1659 2262 1746 2316 τῆς
1782 2264 1939 2321 φωνῆς
1974 2260 2030 2308 ἐκ

488 2329 576 2373 τοῦ
602 2324 808 2388 οὐρανοῦ
834 2327 1178 2386 ἀκουσθείσης.

499 2468 526 2493 ι
558 2439 634 2499 ⁸0
651 2434 741 2498 οὖν
762 2439 972 2525 Ἰησοῦς
993 2441 1096 2524 πρὸ
1118 2442 1172 2512 ἒξ
1195 2447 1410 2525 ἡμερῶν
1432 2451 1523 2505 τοῦ
1550 2444 1752 2524 Πάσχα
1773 2435 1930 2517 ἦλθεν
1953 2447 2026 2513 εἷς

419 2527 725 2604 Βηθανίαν,
757 2529 890 2589 ὅπου
933 2523 998 2604 ἧν
1027 2523 1274 2612 Λάζαρος
1378 2523 1685 2606 τεθνηκὼς,
1709 2533 1764 2592 ὃν
1816 2534 2024 2612 ἤγειρεν

414 2621 478 2678 ἐκ
509 2623 732 2698 νεκρῶν.
766 2619 1066 2693 Ἐποίησαν
1122 2614 1212 2682 οὖν
1261 2624 1406 2704 αὖτῷ
1455 2625 1664 2683 δεῖπνον
1695 2623 1830 2682 ἐκεῖ·
1865 2623 1956 2682 καὶ
1987 2627 2021 2696 ἡ

420 2710 623 2788 Μάρθα
656 2711 918 2782 διηκόνει,
961 2715 989 2769 6
1027 2711 1080 2770 δὲ
1112 2711 1356 2792 Λάζαρος
1380 2703 1458 2780 εἶς
1485 2704 1550 2785 ἧν
1571 2715 1675 2770 τῶν
1707 2736 2024 2772 συνανακει-

419 2798 596 2874 μένων
631 2800 796 2880 αὐτῷ.
882 2799 948 2861 ἸΙ
982 2792 1071 2860 οὖν
1119 2802 1309 2882 Μαρία
1351 2802 1593 2861 λαϐοῦσα
1621 2802 1808 2881 λίτραν
1853 2803 2024 2882 μύρου

416 2887 610 2968 νάρδου
661 2894 913 2960 πιστικῆς
957 2892 1272 2968 πολιτίμου,
1329 2893 1517 2973 ἤλειψε
1559 2890 1678 2960 τοὺς
1717 2892 1883 2958 πόδας
1932 2898 2023 2952 τοῦ

417 2975 630 3050 Ἰησοῦ,
674 2979 770 3037 καὶ
827 2977 1044 3056 ἐξέμαξε
1093 2981 1210 3047 ταῖς
1257 2981 1418 3061 θριξὶν
1473 2985 1635 3052 αὐτῆς
1682 2979 1801 3048 τοὺς
1856 2980 2022 3050 πόδας

417 3067 598 3128 αὐτῶ.
688 3066 758 3124 ⁶Η
805 3066 860 3126 δὲ
910 3071 1051 3127 οίκία
1111 3070 1394 3148 ἐπληρώθη
1458 3073 1518 3130 ἐκ
1559 3073 1655 3141 τῆς
1712 3071 1882 3148 ὀσμῆς
1929 3076 2024 3130 τοῦ

415 3156 610 3236 μύρου.
642 3185 667 3209 ι
821 3157 1021 3239 δεκάτῃ
1051 3164 1144 3219 τοῦ
1175 3159 1341 3238 μηνὸς
1377 3159 1720 3239 λαμϐάνουσι
1762 3161 1819 3218 τὸ
1851 3161 1905 3218 ἐν
1954 3165 2022 3241 τῇ

2059 1993 2110 2056 Β

2702 1987 2958 2050 CAPUT
3001 1989 3184 2050 XVII.

2141 2123 2212 2166 De
2240 2123 2442 2166 muliere
2468 2124 2610 2177 pedes
2638 2123 2819 2168 Christi
2845 2128 3064 2176 ungente.
3092 2123 3162 2166 De
3191 2125 3249 2168 iis
3277 2133 3381 2178 qua:
3408 2123 3568 2166 ludas
3599 2123 3744 2164 dixit.

2194 2196 2263 2238 De
2295 2195 2428 2246 pullo
2454 2197 2618 2240 asime.
2651 2198 2720 2238 De
2754 2196 2933 2240 ercis
2957 2195 3239 2240 adeuntibus
3267 2200 3310 2238 et
3340 2193 3744 2247 interrogantibus

2194 2266 2488 2320 Philippum.
2517 2268 2586 2310 De
2615 2277 2723 2312 voce
2749 2277 2775 2310 ε
2799 2267 2916 2311 calo
2941 2267 3126 2310 audita.

2207 2455 2393 2511 Vsus.
2443 2461 2552 2511 1-3.
2585 2478 2610 2503 α
2655 2457 2819 2512 Jesus
2863 2471 2996 2527 ergo
3047 2465 3174 2512 ante
3212 2471 3304 2512 sex
3344 2455 3464 2512 dies
3505 2456 3741 2513 Paschaa

2135 2543 2285 2599 venit
2303 2544 2660 2613 Bethaniam,
2677 2545 2774 2601 ubi
2797 2545 3039 2600 Lazarus
3062 2544 3238 2601 fuerat
3257 2553 3536 2614 mortuus,
3565 2546 3739 2617 669

2135 2648 2304 2705 quem
2333 2634 2620 2690 suscitavit
2650 2650 2681 2690 a
2722 2634 2982 2690 mortuis.
3015 2635 3287 2690 Fecerunt
3314 2642 3501 2689 autem
3538 2633 3585 2689 ei
3619 2649 3738 2691 coe-

2133 2739 2266 2778 nam
2294 2721 2387 2790 ibi,
2415 2731 2470 2779 et
2502 2724 2721 2780 Martha
2761 2723 3124 2794 ministrabat,
3155 2725 3400 2780 Lazarus
3429 2739 3557 2779 vero
3593 2739 3740 2779 unus

2133 2820 2254 2868 erat
2282 2811 2351 2869 de
2381 2829 2616 2870 numero
2635 2813 3110 2870 discumbentium
3132 2830 3262 2869 cum
3291 2829 3372 2869 eo.
3404 2813 3577 2868 Maria
3603 2829 3738 2886 ergo

2133 2902 2347 2973 accepit
2382 2902 2576 2958 libram
2606 2904 2872 2976 unguenti
2923 2903 3080 2960 nardi
3112 2903 3319 2974 pisticae
3359 2903 3638 2974 pretiosae,
3682 2910 3740 2959 et

2133 2991 2294 3046 unxit
2321 2991 2486 3063 pedes
2518 2994 2670 3059 Jesu,
2704 3003 2759 3048 et
2785 2993 3008 3049 extersit
3031 2992 3195 3063 pedes
3224 2992 3340 3063 ejus
3361 2992 3570 3062 capillis
3596 2992 3733 3048 suis.

2135 3082 2349 3136 Domus
2399 3089 2585 3138 autem
2633 3083 2860 3154 impleta
2905 3089 2988 3138 est
3031 3097 3095 3136 ex
3139 3081 3310 3136 odore
3362 3081 3646 3151 unguenti.
3705 3103 3730 3131 ι

2134 3170 2363 3226 Decima
2423 3171 2652 3244 quidem
2728 3171 2930 3228 mensis
2986 3171 3267 3241 accipiunt
3323 3185 3482 3225 ovem
3530 3170 3734 3226 immo-

413 3250 512 3304 τοῦ
562 3247 765 3328 Πάσχα
798 3249 957 3328 ἑορτῇ
996 3248 1354 3327 τυθησόμενον
1405 3249 1704 3331 πρόϐατον,
1741 3248 1922 3308 ἔκτοτε
1967 3251 2021 3308 δὲ

2133 3258 2355 3315 landam
2405 3259 2464 3315 in
2495 3260 2699 3316 Pascha
2749 3259 2817 3328 9’,
2847 3268 2903 3315 et
2943 3276 3009 3315 ex
3042 3275 3108 3316 eo
3157 3268 3405 3331 tempore
3453 3258 3734 3330 requirere

412 3336 525 3394 τῶν
556 3336 683 3414 πρὸς
730 3335 825 3408 τὴν
878 3337 1066 3417 ἑορτὴν
1108 3339 1421 3412 ἐπιτηδείων
1474 3341 1756 3419 ἄρχονται.
1797 3337 2023 3416 Ἀμέλει

410 3425 506 3482 καὶ
664 3426 766 3506 πρὸ
802 3426 858 3495 ἒξ
905 3431 1158 3508 ἡμερῶν,
1207 3427 1242 3500 ἥ
1295 3431 1408 3488 ἐστι
1462 3430 1651 3502 ἐννάτη
1698 3433 1790 3486 τοῦ
1823 3427 2018 3505 μηνὸς,

411 3514 703 3595 ἁδρότερον
755 3519 1068 3590 ἑστιῶνται,
1123 3518 1214 3577 καὶ
1246 3517 1501 3598 προοίμια
1555 3523 1650 3589 τῆς
1705 3520 1892 3596 ἑορτῆς
1923 3517 2020 3589 τὴν

408 3605 618 3683 ipsi?”
690 3605 892 3678 ταύτην
945 3612 1242 3668 ποιοῦνται.
1307 3608 1406 3669 Διὸ
1463 3607 1554 3667 καὶ
1625 3608 1834 3679 Ἰησοῦς
1893 3631 2022 3665 συν-

408 3704 689 3768 εστιᾶται,
715 3697 788 3761 εἷς
813 3695 1083 3768 Βηθανίαν
1114 3696 1296 3755 ἐλθών.
1329 3697 1512 3766 Δεῖξαι
1538 3695 1593 3755 δὲ
1619 3696 1785 3756 θέλων
1812 3699 1841 3754 6
1863 3697 2021 3776 εὐαγ-

407 3783 660 3861 γελιστής
699 3789 792 3855 τῆς
823 3789 1050 3858 ἀληθοῦς
1102 3787 1445 3854 ἀναστάσεως
1490 3791 1584 3844 τοῦ
1631 3786 1880 3866 Λαζάρου
1913 3809 2016 3860 ση-

412 3877 588 3950 μεῖον,
619 3873 808 3954 φησίν·
860 3902 886 3927 ι
929 3872 1001 3935 Ὀ
1052 3874 1109 3934 δὲ
1166 3876 1411 3956 Λάζαρος
1453 3866 1524 3943 εἷς
1558 3867 1622 3948 ἦν
1655 3879 1759 3933 τῶν
1795 3897 2020 3934 συνανα-

411 3965 697 4039 κειμένων.
737 3992 765 4017 ι
849 3966 932 4024 Οὖ
986 3962 1092 4046 γὰρ
1122 3966 1301 4043 φανεὶς
1351 3965 1501 4033 εὐθὺς
1550 3965 1840 4038 ἀπέθανεν,
1897 3966 2016 4024 ἀλλ’

409 4053 616 4127 ἔμεινεν
655 4055 744 4112 ἐπὶ
787 4053 951 4112 πολὺν
988 4056 1171 4134 καιρὸν
1218 4056 1400 4114 ἐσθίων
1450 4055 1542 4114 καὶ
1583 4055 1777 4128 πίνων,
1820 4053 1912 4113 καὶ
1950 4053 2017 4113 τὰ

412 4142 550 4200 ἄλλα
581 4141 652 4200 τὰ
673 4143 874 4217 συνήθη
907 4145 1182 4203 διατελῶν.
1213 4143 1317 4204 Διὰ
1349 4145 1402 4203 δὲ
1430 4149 1521 4204 τοῦ
1556 4146 1756 4217 εἰπεῖν,
1788 4143 1868 4202 ὅτι
1899 4171 1922 4196 «ι
1949 4142 2017 4204 Ἡ

412 4232 615 4309 Μάρθα
653 4233 915 4309 διηκόνει,
965 4262 990 4285 υ
1027 4234 1292 4311 ἐσήμανεν
1323 4235 1405 4292 ὅτι
1439 4239 1490 4295 ἐν
1522 4234 1766 4316 ἧςοῖκία
1797 4235 1960 4305 αὐτῆς
1983 4238 2016 4306 ἡ

413 4322 648 4388 ἑστίασις
679 4313 763 4393 ἧν.
805 4321 953 4402 ⁶Ορα
1002 4322 1058 4382 δέ
1097 4347 1186 4401 μοι
1233 4324 1332 4394 τὴν
1375 4323 1556 4382 πίστιν
1592 4327 1686 4395 τῆς
1737 4324 2014 4400 γυναικὸς,

411 4413 526 4475 πῶς
575 4413 634 4470 οὔ
681 4413 1049 4492 θεραπαινίσιν
1103 4414 1372 4494 ἐπιτρέπει
1421 4412 1516 4484 τὴν
1549 4412 1852 4484 διακονίαν,
1901 4411 2017 4470 ἀλλ’

414 4500 549 4570 αὕτη
572 4499 641 4558 δι’
669 4503 860 4572 ἑαυτῆς
885 4500 1088 4573 ταύτην
1111 4505 1362 4561 ποιεῖται.
1450 4502 1559 4562 Καὶ
1591 4507 1618 4561 6
1642 4503 1852 4568 Παῦλος
1875 4499 2017 4580 λέγει

2129 3347 2398 3420 incipiunt
2453 3365 2578 3422 quae
2619 3349 2927 3405 necessaria
2971 3348 3041 3404 ad
3095 3347 3320 3404 festum.
3376 3349 3628 3419 Denique
3682 3355 3738 3404 et

2129 3453 2285 3494 omna
2319 3453 2444 3510 quae
2471 3448 2600 3494 ante
2628 3455 2720 3494 sex
2747 3439 2885 3507 dies,
2915 3454 3039 3510 quae
3075 3447 3160 3494 est
3183 3454 3326 3493 nona
3353 3438 3583 3505 mensis,
3615 3438 3736 3493 lau-

2124 3527 2233 3582 tius
2261 3528 2570 3597 epulantur,
2607 3536 2664 3583 et
2708 3526 3193 3596 initiafestivitatis
3239 3527 3334 3582 illo
3379 3527 3466 3583 die
3500 3527 3730 3582 faciunt.

2131 3615 2262 3672 Ideo
2291 3625 2345 3672 et
2372 3619 2532 3673 Jesus
2566 3617 2732 3673 simul
2763 3617 2998 3672 coenavit
3026 3617 3082 3671 in
3119 3615 3444 3673 Bethaniam
3486 3615 3730 3672 veniens.

2129 3705 2432 3761 Ostendere
2479 3713 2666 3761 autem
2715 3705 2904 3760 volens
2953 3705 3283 3777 evangelista
3343 3719 3486 3760 vera:
3541 3721 3730 3760 resur-

2127 3793 2390 3849 rectionis
2436 3794 2627 3849 Lazari
2677 3793 2914 3865 signum,
2963 3794 3097 3849 dicit
3142 3813 3154 3848 :
3210 3811 3239 3845 κ
3268 3795 3515 3847 Lazarus
3543 3801 3730 3849 autem

2129 3898 2273 3939 unus
2316 3891 2434 3938 erat
2471 3882 2936 3938 recumbentium.
2968 3905 2994 3930 ιο
3026 3885 3150 3937 Non
3176 3880 3326 3935 enim
3366 3888 3428 3934 ut
3455 3881 3728 3951 apparuit,

2127 3971 2320 4028 statim
2338 3982 2591 4028 mortuus
2611 3979 2718 4043 est,
2741 3970 2836 4027 sed
2864 3971 3066 4026 mansit
3082 3969 3256 4026 multo
3274 3979 3545 4041 tempore,
3567 3969 3730 4026 solita

2127 4060 2352 4130 faciens,
2383 4061 2686 4118 comedens
2722 4077 2786 4117 ac
2819 4060 3032 4127 bibens,
3061 4067 3224 4132 atque
3266 4059 3367 4114 alia
3406 4073 3595 4130 agens.
3628 4057 3731 4114 Di-

2126 4151 2303 4207 cendo
2345 4160 2530 4207 autem
2559 4150 2706 4224 quod
2741 4170 2767 4202 «
2812 4150 3025 4204 Martha
3070 4148 3425 4215 ministravit,
3459 4171 3483 4195 ν
3517 4147 3729 4219 signiﬁ-

2127 4241 2268 4296 cavit
2292 4241 2442 4313 quod
2473 4241 2527 4296 in
2548 4241 2717 4297 domo
2740 4240 2858 4312 ejus
2877 4255 3032 4295 coena
3062 4237 3251 4294 fuerit.
3277 4239 3521 4295 Observa
3542 4247 3729 4293 autem

2126 4329 2294 4386 ﬁdem
2346 4329 2613 4398 mulieris,
2674 4329 2958 4402 quomodo
3009 4344 3123 4384 non
3169 4327 3480 4400 permiserit
3523 4326 3733 4383 ancillis

2127 4419 2523 4488 ministerium,
2553 4419 2648 4476 sed
2680 4435 2777 4491 per
2808 4421 3045 4490 seipsam
3087 4417 3386 4474 ministret.
3420 4419 3492 4472 Et
3529 4417 3731 4472 Paulus

2124 4507 2196 4565 de
2224 4509 2454 4565 muliere
2490 4509 2651 4565 vidua
2681 4509 2835 4575 dicit,
2875 4523 2998 4580 quae
3025 4515 3346 4563 sanctorum
3379 4505 3544 4576 pedes
3575 4505 3725 4560 lava-

413 4588 536 4667 περὶ
566 4589 816 4667 γυναικὸς
842 4593 1048 4671 χήρας,
1080 4590 1115 4662 ἣ
1148 4591 1313 4670 ἆγίων
1343 4591 1509 4657 πόδας
1562 4590 1757 4672 ἔνιψεν·
1791 4618 1813 4642 α
1867 4594 2016 4664 Αὕτη

2133 4606 2258 4654 ret:
2307 4599 2540 4671 «Igitur
2593 4598 2707 4670 ipsa
2755 4566 3014 4653 omnibus
3061 4595 3332 4651 ministrat
3373 4566 3435 4650 ῖς
3473 4617 3498 4641 ιο
3551 4593 3729 4648 Maria

414 4679 510 4752 μὲν
557 4673 649 4738 οὖν
684 4684 834 4760 κοινῇ
874 4690 1009 4737 πᾶσι
1058 4681 1307 4740 διακονεῖο
1344 4704 1372 4738 ι
1432 4685 1467 4752 ἡ
1499 4679 1555 4740 δὲ
1604 4680 1790 4760 Μαρία
1824 4683 1894 4746 εἷς
1931 4680 2018 4739 τὸν

416 4769 650 4846 Χριστὸν
701 4769 861 4844 μόνον
897 4769 1200 4852 περιίστησι
1229 4770 1325 4842 τὴν
1354 4769 1516 4847 τιμὴν
1536 4813 1552 4843 ,
1604 4769 1787 4842 ἐπειδὴ
1823 4773 1924 4850 οὐχ
1951 4773 2022 4837 ὡς

416 4858 683 4940 ἀνθρώπῳ
735 4858 988 4940 προσέχει
1033 4859 1232 4940 τούτῳ,
1286 4862 1407 4919 ἀλλ’
1462 4862 1532 4928 ὡς
1590 4863 1735 4939 Θεῷ.
1793 4859 1874 4919 Τὸ
1915 4859 2019 4938 γὰρ

414 4948 580 5025 μύρον
631 4947 719 5007 διὰ
764 4955 920 5008 τοῦτο
966 4946 1174 5027 ἐξέχεε,
1208 4949 1298 5006 καὶ
1325 4957 1448 5018 ταῖς
1488 4950 1622 5031 θριξὶ
1656 4955 1752 5020 τῆς
1783 4952 2018 5028 κεφαλῆς

411 5037 694 5112 ἐξέμαξεν,
747 5039 844 5097 οὐκ
889 5036 1091 5118 ἔχουσα
1139 5038 1388 5112 τοιαύτην
1427 5042 1553 5117 περὶ
1603 5041 1763 5097 αὐτοῦ
1808 5038 2017 5110 ὑπόλη-

417 5130 530 5206 ψιν,
567 5127 685 5186 οἵαν
739 5130 790 5186 οῖ
822 5127 1017 5187 πολλοὶ
1061 5130 1130 5194 ὡς
1181 5127 1305 5208 περὶ
1333 5129 1515 5205 λψιλοῦ
1569 5127 1864 5207 ἀνθρώπου,
1898 5127 2018 5185 ἀλλ’

411 5219 484 5283 ὡς
533 5215 813 5277 Δεσπότου
851 5217 947 5276 καὶ
1000 5215 1221 5296 Κυρίου.
1269 5218 1512 5299 Ληφθείη
1559 5218 1604 5275 δ’
1647 5217 1775 5289 δινὴ
1826 5216 2017 5296 Μαρία

407 5306 622 5385 τρόποις
665 5309 953 5384 ἀναγωγῆς
1005 5307 1078 5372 είς
1111 5305 1204 5376 τὴν
1249 5305 1473 5377 θεότητα
1525 5310 1613 5365 τοῦ
1669 5306 1884 5386 Πατρὸς
1927 5303 2018 5364 καὶ

412 5396 611 5475 Κυρίου
647 5397 892 5457 πάντων·
938 5394 1131 5474 Μαρία
1164 5394 1267 5474 γὰρ
1313 5423 1338 5448 ιι
1379 5394 1533 5474 κυρία
1567 5422 1590 5447 ι
1643 5393 2014 5474 ἑρμηνεύεται.

410 5483 482 5547 Ἦ
531 5488 702 5548 τοίνυν
755 5485 924 5568 κυρία
971 5483 1189 5543 πάντων
1222 5485 1406 5557 θεότης
1452 5489 1543 5543 τοῦ
1579 5485 1792 5565 Πατρὸς
1836 5483 2019 5566 ἔχρισε

407 5576 518 5646 τοὺς
565 5579 736 5649 πόδας
783 5580 888 5638 τοῦ
935 5574 1155 5652 Ἰησοῦ,
1187 5573 1282 5648 τὴν
1313 5573 1397 5634 ἐπ’
1431 5573 1674 5655 ἐσχάτων
1705 5573 1879 5656 σάρκα
1924 5577 2018 5634 τοῦ

451 5773 617 5835 κιεε.
653 5785 797 5839 Liv,
826 5772 882 5824 1.

2128 4697 2318 4745 autem
2341 4689 2444 4744 soli
2468 4687 2686 4745 Christo
2706 4687 2978 4743 honorem
3009 4684 3295 4758 impendit,
3318 4683 3578 4755 quoniam
3600 4698 3729 4739 eum

2127 4794 2239 4835 non
2268 4777 2564 4837 accedebat
2588 4785 2646 4833 ut
2678 4777 2984 4844 hominem,
3018 4776 3116 4832 sed
3145 4784 3205 4831 ut
3233 4780 3429 4830 Deum.
3463 4776 3601 4830 Nam
3625 4789 3729 4829 un-

2127 4877 2396 4941 guentum
2417 4876 2706 4940 propterea
2743 4865 2962 4934 effudit,
2990 4874 3046 4922 et
3081 4865 3289 4937 capillis
3319 4865 3514 4936 capitis
3551 4863 3727 4930 tersit,

2127 4959 2278 5032 quod
2305 4974 2419 5013 non
2444 4957 2673 5013 haberet
2700 4957 3015 5028 opinionem
3043 4955 3112 5012 de
3151 4955 3265 5021 illo,
3293 4955 3512 5025 qualem
3545 4952 3726 5021 multi,

2125 5055 2390 5119 tanquam
2431 5047 2501 5103 de
2539 5062 2679 5118 puro
2723 5045 2968 5113 homine,
3008 5044 3106 5101 sed
3133 5053 3195 5099 ut
3235 5043 3476 5098 Domino
3504 5049 3558 5095 et
3588 5043 3726 5094 Deo.

2124 5136 2440 5192 Assumitur
2492 5143 2676 5190 autem
2725 5135 2898 5190 Maria
2949 5135 3007 5189 in
3057 5133 3354 5204 anagogica
3395 5128 3731 5200 expositione

2125 5225 2194 5282 ad
2221 5225 2482 5281 deitatem
2515 5225 2696 5281 Patris
2725 5232 2778 5280 et
2809 5223 3035 5279 Domini
3074 5221 3347 5286 omnium,
3378 5218 3550 5274 Maria
3578 5217 3729 5272 enim

2130 5338 2155 5364 α
2197 5313 2428 5370 domina
2459 5333 2487 5367 »
2528 5315 2945 5385 interpretatur.
2978 5311 3149 5382 Igitur
3199 5308 3441 5364 Domina
3471 5304 3730 5361 omnium

2127 5403 2305 5460 deitas
2335 5403 2510 5458 Patris
2545 5403 2711 5458 unxit
2741 5401 2904 5474 pedes
2944 5402 3098 5466 Jesu,
3144 5411 3367 5452 carnem
3405 5395 3529 5452 dico
3565 5394 3730 5450 Verbi

2127 5507 2252 5564 qua:
2282 5491 2338 5548 in
2357 5491 2690 5559 novissimis,
2719 5496 3000 5562 unguento
3024 5485 3282 5558 Spiritus,
3301 5485 3447 5541 sicut
3471 5491 3526 5539 et
3557 5481 3733 5540 David

2126 5582 2257 5640 dicit
2293 5603 2307 5641 :
2365 5604 2392 5631 α
2435 5583 2730 5652 Propterea
2762 5578 2929 5634 unxit
2954 5584 3009 5633 te
3055 5579 3227 5644 Deus,
3257 5577 3407 5632 Deus
3451 5581 3583 5630 tuus
3611 5573 3733 5629 oleo

968 5761 1016 5796 ⁸⁷
1038 5759 1213 5819 Exod.
1236 5777 1324 5833 tv,
1354 5767 1444 5820 22.
1517 5761 1565 5801 ’³
1591 5763 1799 5820 Jerem.
1818 5777 2000 5834 XXXI,
2024 5767 2115 5832 20,
2144 5778 2300 5836 seqq.
2374 5760 2420 5796 9’
2445 5758 2616 5818 Exod.
2645 5774 2760 5828 χιι,
2783 5763 2836 5814 3.
2914 5757 2932 5791 ¹
2964 5759 2988 5814 1
3019 5755 3163 5814 Tim.
3196 5771 3250 5826 v,
3285 5760 3368 5812 16.
