4198 6454
497 461 592 513 Ηὸ

1512 452 2027 508 THEOPHYLACTI
2065 452 2424 508 BULGARIAE
2463 451 2800 508 ARCHIEP.‘

3697 450 3798 504 HG

489 580 950 640 exsultationis."
967 600 995 634 »
1017 583 1086 635 Et
1104 594 1342 650 magnus
1365 577 1451 634 ille
1471 581 1665 634 Petrus
1687 598 1703 632 :
1731 600 1757 629 ‹‹
1791 580 2099 649 Cognoscat

2224 577 2442 659 Κυρίου,
2475 577 2593 647 ἤτοι
2622 581 2712 636 τοῦ
2757 575 2964 654 Λόγου,
2999 574 3167 656 φημὶ,
3197 576 3274 653 τῷ
3320 573 3473 655 μύρῳ
3507 576 3598 634 τοῦ
3630 573 3804 635 Πνεύ-

491 671 675 729 omnis
704 670 908 726 domus
937 670 1125 738 Israel,
1159 669 1289 741 quia
1320 668 1622 724 Dominum
1651 677 1705 723 et
1725 667 1997 724 Christum
2030 668 2090 724 il-

496 762 616 818 lum
635 765 787 817 Deus
815 759 967 827 fecit,
985 759 1135 814 hunc
1150 762 1182 815 J
1186 774 1344 814 esum
1364 773 1534 829 quem
1556 773 1653 814 vos
1669 758 2093 815 cruciﬁxistis’.»

498 853 646 908 Nam
692 865 824 907 caro
863 867 894 906 a
919 848 1102 906 Verbo
1142 855 1458 920 assumpta,
1504 847 1692 904 divino
1736 849 1961 920 Spiritu,
2003 848 2096 920 qui

499 939 730 997 accessit
770 937 842 994 ad
873 947 1093 994 uterum
1118 937 1379 1009 Virginis,
1428 944 1596 994 uncta
1638 946 1723 993 est
1769 945 1827 992 et
1862 936 2001 994 facta
2043 937 2098 994 id

499 1028 649 1101 quod
677 1028 943 1098 Verbum,
968 1026 1074 1083 hoc
1100 1034 1185 1083 est
1211 1031 1398 1083 Deus:
1429 1025 1792 1098 implevitque
1821 1025 2100 1082 mundum

501 1134 603 1176 sua
630 1116 944 1190 fragrantia,
992 1117 1135 1173 sicut
1185 1124 1240 1172 et
1267 1124 1616 1188 unguentum
1645 1116 1840 1173 Mariae
1869 1115 2100 1172 domum

502 1222 731 1264 omnem
771 1207 918 1262 bono
945 1206 1114 1262 odore
1137 1206 1386 1277 replevit.
1418 1205 1522 1278 Qui
1552 1213 1743 1262 autem
1780 1204 1958 1276 capilli
1983 1204 2102 1276 qui-

503 1297 608 1354 bus
636 1296 863 1352 extersit
888 1295 1075 1367 pedes?
1095 1295 1196 1352 Vel
1236 1303 1384 1351 certe
1414 1294 1511 1367 qui
1539 1304 1738 1350 ornant
1769 1302 1938 1366 caput
1975 1295 2097 1361 Dei,

505 1393 561 1442 et
577 1385 934 1458 principalem
959 1385 1074 1456 ejus
1096 1392 1447 1456 potestatem,
1475 1384 1674 1440 sancti.
1705 1384 1778 1439 Hi
1802 1383 1952 1439 enim
1975 1383 2104 1455 quia

509 1483 642 1530 sunt
669 1474 724 1530 in
753 1474 986 1547 gloriam
1015 1473 1140 1544 Dei,
1175 1473 1420 1529 mundus
1455 1481 1510 1528 et
1543 1481 1774 1529 ornatus
1803 1473 1995 1544 utique
2022 1471 2103 1527 di-

506 1571 729 1633 cuntur,
761 1564 886 1636 quia
910 1572 966 1620 et
992 1563 1284 1635 participes
1309 1561 1440 1618 facti
1470 1572 1600 1618 sunt
1625 1562 1895 1618 unctionis
1926 1563 2108 1618 carnis

507 1653 760 1722 Domini,
814 1669 955 1725 quos
997 1662 1055 1709 et
1099 1652 1275 1708 David
1324 1651 1378 1700 ³«
1426 1651 1715 1724 participes
1768 1676 1793 1702 ι»
1842 1659 2022 1720 vocat,
2054 1659 2109 1706 et

507 1742 712 1799 Paulus
753 1757 972 1814 quoque
1002 1741 1071 1797 ad
1100 1740 1410 1798 Corinthios
1446 1740 1582 1796 dicit
1618 1759 1632 1796 :
1679 1763 1704 1789 α
1755 1740 1862 1810 Qui
1906 1740 2108 1795 conlir-

2207 692 2402 744 ματος·
2441 667 2576 727 καθὰ
2609 667 2700 727 xui
2731 666 2900 728 Δαυῖδ
2938 689 3096 746 φησιο
3139 691 3160 719 ι
3195 663 3298 725 Διὰ
3344 670 3500 723 τοῦτο
3533 663 3713 744 ἔχρισέ
3743 689 3804 725 σε

2206 761 2233 816 6
2265 757 2429 828 Θεὸς,
2463 761 2490 814 6
2519 756 2656 824 Θεός
2687 781 2779 816 σου
2820 756 2998 816 ἔλαιον
3041 754 3434 833 ἀγαλλιάσεως·
3468 781 3492 806 ι
3526 755 3618 812 καὶ
3647 758 3674 812 6
3712 753 3805 831 μέ-

2204 871 2303 926 γας
2354 848 2578 926 Πέτρος,
2614 873 2639 898 σι
2693 845 3016 905 Γινωσκέτω
3063 854 3168 911 πᾶς
3221 833 3361 910 οἶκος
3419 842 3671 924 Ἰσραὴλ,
3725 843 3807 902 ὅτι

2209 935 2406 1016 Κύριον
2440 937 2529 994 καὶ
2575 936 2810 1014 Χριστὸν
2856 936 3012 995 αὐτὸν
3065 938 3092 993 6
3127 933 3264 1001 Θεὸς
3320 933 3569 1004 ἐποίησε,
3622 938 3806 993 τοῦτον

2207 1025 2296 1084 τὸν
2351 1025 2563 1098 Ἰησοῦν
2599 1024 2656 1083 ὃν
2688 1029 2840 1103 ὑμεῖς
2871 1024 3265 1104 ἐσταυρώσατε.
3312 1049 3335 1076 υ
3419 1021 3490 1082 Ἦ
3525 1022 3628 1102 γὰρ
3657 1046 3806 1104 προ-

2208 1118 2469 1194 ληφθεῖσα
2497 1114 2598 1173 ὑπὸ
2627 1123 2719 1174 τοῦ
2749 1114 2923 1192 Λόγου
2955 1111 3086 1192 σὰρξ
3121 1118 3198 1195 τῷ
3228 1111 3351 1191 θείῳ
3385 1111 3664 1190 Πνεύματι
3683 1156 3700 1185 ,
3732 1115 3810 1192 τῷ

2211 1204 2300 1263 ἐπὶ
2337 1203 2435 1276 τὴν
2475 1205 2683 1284 μήτραν
2726 1209 2820 1276 τῆς
2871 1202 3137 1282 παρθένου
3185 1202 3456 1262 ἐπελθόντι
3502 1207 3813 1282 χρισθεῖσα,

2212 1294 2304 1352 καὶ
2329 1294 2589 1374 γενομένη
2616 1295 2746 1373 ὅπερ
2778 1297 2806 1351 6
2837 1292 3026 1366 Λόγος,
3058 1293 3320 1368 τουτέστι,
3349 1292 3508 1368 Θεὸς,
3532 1292 3815 1373 ἐπλήρωσε

2212 1383 2302 1442 τὸν
2334 1384 2533 1460 κόσμον
2583 1383 2835 1454 εὐωδίας,
2872 1379 3058 1462 ὥσπερ
3096 1382 3187 1440 xui
3222 1381 3286 1441 τὸ
3326 1386 3420 1454 τῆς
3449 1381 3670 1459 Μαρίας
3709 1379 3817 1458 μύ-

2217 1496 2304 1554 ρον
2336 1472 2425 1532 τὸν
2460 1464 2602 1533 οἷκον
2641 1472 2928 1530 εὖωδίασεν
2959 1473 3196 1554 ἅπαντα.
3282 1472 3438 1539 Τίνες
3467 1469 3522 1530 δὲ
3554 1473 3609 1528 αἱ
3637 1469 3818 1552 τρίχες

2216 1552 2272 1622 αἱ
2316 1562 2618 1639 ἔκμάξασαι
2669 1561 2791 1629 τοὺς
2844 1560 3042 1634 πόδας;
3072 1552 3151 1621 7H
3196 1559 3409 1628 πάντως
3451 1561 3500 1620 οἱ
3549 1566 3817 1637 κοσμοῦν-

2216 1677 2300 1721 τες
2327 1652 2424 1723 τὴν
2455 1652 2691 1732 κεφαλὴν
2723 1657 2814 1711 τοῦ
2847 1653 3022 1723 Θεοῦ,
3059 1649 3151 1710 xui
3185 1651 3282 1722 τὴν
3313 1649 3541 1731 ἀρχικὴν
3579 1649 3816 1718 ἐξουσίαν

2219 1745 2376 1801 αὐτοῦ
2432 1743 2479 1800 οἱ
2534 1742 2692 1820 ἅγιοι.
2749 1732 2916 1800 Οῦτοι
2962 1741 3067 1820 γὰρ
3121 1743 3192 1808 εἷς
3249 1739 3404 1808 δόξαν
3445 1743 3589 1800 Θεοῦ
3640 1739 3817 1818 ὄντες,

508 1839 628 1886 mat
655 1846 756 1886 nos
783 1829 1068 1886 vobiscum
1096 1829 1155 1885 in
1175 1829 1418 1896 Christo,
1447 1837 1502 1885 et
1522 1829 1682 1885 unxit
1709 1845 1812 1886 nos
1844 1833 1996 1885 Deus
2017 1829 2058 1882 4.
2079 1850 2104 1878 ››

2224 1831 2420 1909 κόσμος
2451 1831 2514 1890 ἂν
2549 1834 2706 1890 αὐτοῦ
2749 1833 2982 1910 λεχθεῖεν
3003 1876 3020 1904 ,
3063 1830 3115 1890 οἳ
3145 1829 3237 1890 xui
3267 1835 3359 1889 τοῦ
3401 1829 3695 1910 χρίσματος
3722 1835 3822 1900 τῆς

2277 1929 2308 1937 ιι.
2344 1925 2388 1937 Ir
2463 1920 2476 1937 I
2729 1921 2742 1937 \
2919 1919 2931 1937 I
3322 1919 3334 1937 \
3429 1918 3453 1937 Α
3593 1919 3606 1937 \
3660 1923 3675 1937 Δ
3763 1915 3820 1937 λῇ

509 1923 579 1976 Et
618 1920 820 1991 passim
848 1919 1096 1976 Christos
1121 1920 1327 1976 scimus
1374 1919 1482 1975 dici
1514 1935 1632 1988 eos,
1672 1919 1762 1991 qui
1801 1918 2108 1974 secundum

508 2009 795 2066 Christum
823 2009 1090 2064 vixerunt.
1123 2008 1295 2080 Igitur
1321 2023 1418 2080 per
1450 2009 1676 2078 capillos
1699 2008 1997 2064 Christiani
2027 2008 2109 2062 in-

509 2098 856 2170 telliguntur,
883 2098 1056 2168 67o
1084 2097 1176 2169 qui
1215 2097 1380 2169 pedes
1424 2105 1774 2152 exterserunt
1799 2099 1966 2162 Jesu,
2001 2119 2022 2146 α
2056 2105 2112 2152 et

517 2187 812 2259 participes
834 2185 962 2242 facti
996 2193 1128 2241 sunt
1155 2185 1357 2242 divina:
1393 2186 1676 2242 unctionis
1703 2185 1744 2240 ⁵.
1773 2209 1798 2235 ι»
1827 2189 2108 2242 Mortuum

518 2276 785 2349 quiddam
805 2276 986 2346 capilli
1011 2284 1157 2340 sunt,
1183 2275 1389 2331 mortui
1408 2283 1602 2332 suntet
1616 2275 1670 2330 hi
1691 2275 1786 2347 qui
1811 2281 1938 2332 sunt
1959 2275 2112 2330 Chri-

515 2365 604 2422 sti.
637 2387 664 2414 ιι
703 2366 940 2421 Carnem
981 2365 1126 2420 enim
1157 2380 1314 2420 suam
1343 2365 1760 2432 cruciﬁxerunt,
1801 2373 1855 2420 et
1881 2365 2114 2420 mortiﬁ-

515 2463 712 2510 carunt
728 2454 978 2510 membra
994 2469 1116 2525 qum
1135 2469 1299 2525 super
1318 2462 1548 2523 terram,
1567 2454 1884 2527 mundoque
1906 2454 2112 2510 mortui

515 2551 643 2601 sunt
663 2544 710 2600 δ.
735 2565 762 2595 ››
798 2546 1015 2600 Ornant
1043 2551 1209 2616 caput
1241 2543 1449 2615 capilli,
1475 2551 1531 2599 et
1559 2545 1733 2616 gloria
1760 2554 1890 2600 sunt
1926 2545 2070 2600 illius
2095 2563 2108 2598 :

515 2634 691 2707 gloria
719 2632 820 2690 Dei
863 2641 994 2689 sunt
1035 2642 1090 2689 et
1126 2633 1321 2702 sancti,
1363 2649 1601 2704 quorum
1641 2635 1732 2690 lux
1777 2649 1969 2689 coram
2014 2634 2112 2690 ho-

516 2723 759 2780 minibus
799 2721 990 2794 fulget,
1046 2731 1100 2778 et
1147 2722 1486 2793 gloriﬁcatur
1524 2724 1763 2795 promer]
1794 2739 1889 2779 eos
1925 2727 2110 2780 Pater.

515 2813 597 2869 Illi
619 2820 674 2867 et
702 2811 952 2868 eduutac
975 2811 1246 2867 bibuntin
1267 2812 1500 2883 gloriam
1530 2813 1654 2880 Dei,
1686 2820 1741 2868 et
1763 2813 1817 2868 in
1845 2813 2117 2869 membris

519 2900 829 2975 gloriﬁcant
892 2916 1020 2956 eum
1066 2913 1087 2951 7
1132 2942 1146 2957 .
1194 2904 1267 2957 Et
1309 2910 1373 2957 tu
1427 2917 1644 2974 quoque
1695 2903 1820 2973 quia
1867 2910 2116 2958 mentem

517 2998 672 3047 tuam
699 2997 965 3062 tanquam
987 2989 1226 3045 alterum
1250 2991 1528 3046 Lazarum
1557 2990 1903 3046 resuscitavit
1932 2993 2114 3060 Jesus,

519 3088 574 3137 et
609 3079 845 3151 suscipis
878 3079 1034 3135 illum
1065 3079 1120 3135 in
1165 3079 1399 3137 domum
1439 3079 1638 3137 animae
1666 3085 1797 3150 tuae,
1848 3088 1905 3136 et
1931 3082 2118 3137 convi-

2219 1929 2308 1980 τοῦ
2343 1920 2538 2002 Κυρίου
2587 1921 2779 2003 σαρκὸς
2805 1919 3057 2000 γεγόνασι
3104 1919 3362 1993 κοινωνοὶ,
3401 1918 3488 1986 οὓς
3521 1919 3614 1978 xui
3645 1915 3820 1980 Δαυῖδ

2220 2034 2349 2092 φησι
2378 2039 2402 2064 ιι
2435 2011 2712 2091 μετόχους.
2745 2039 2766 2062 υ
2794 2010 2900 2070 Καὶ
2921 2011 3138 2076 Παῦλος
3164 2008 3217 2068 δὲ
3243 2007 3372 2088 πρὸς
3397 2008 3701 2089 Κορινθίους
3723 2032 3820 2089 φη-

2221 2102 2320 2158 σίν·
2350 2129 2373 2153 α
2403 2100 2467 2158 Ὁ
2494 2100 2723 2179 βεϐαιῶν
2752 2104 2892 2177 ἡμᾶς
2915 2097 3009 2158 σὺν
3035 2103 3158 2175 ὑμῖν
3180 2101 3253 2166 εἷς
3283 2097 3516 2178 Χριστὸν
3537 2142 3552 2170 ,
3585 2097 3676 2156 xui
3701 2098 3823 2177 χρί-

2222 2213 2318 2256 σας
2345 2195 2488 2268 ἡμᾶς
2518 2194 2546 2248 6
2579 2189 2732 2256 Θεός-
2767 2217 2790 2241 υ
2841 2189 2951 2249 Καὶ
2987 2195 3268 2268 πανταχοῦ
3311 2186 3572 2269 Χριστοὺς
3599 2187 3822 2264 οἴδαμεν

2221 2280 2536 2357 λεγομένους
2563 2277 2683 2345 τοὺς
2733 2278 2872 2337 κατὰ
2918 2279 3144 2356 Χριστὸν
3194 2277 3478 2350 ζήσαντας.
3533 2278 3605 2336 Οἱ
3647 2277 3822 2336 τοίνυν

2222 2369 2532 2448 Χριστιανοὶ
2587 2372 2641 2428 αἱ
2702 2369 2876 2448 τρίχες
2932 2366 2996 2425 ἂν
3049 2374 3310 2440 νοηθεῖεν,
3372 2370 3428 2425 αἱ
3480 2364 3599 2434 τοὺς
3654 2367 3826 2434 πόδας

2222 2464 2317 2516 τοῦ
2369 2462 2551 2531 Ἰησοῦ
2601 2459 2936 2535 ἐκμάξασαι,
2979 2457 3070 2516 xui
3124 2463 3488 2537 μετασχοῦσαι
3539 2461 3632 2516 τοῦ
3682 2456 3824 2514 θείου

2223 2547 2576 2627 χαρίσματος,
2608 2548 2811 2630 Νεκράν
2862 2573 2912 2606 τι
2964 2550 3018 2605 αἱ
3062 2547 3269 2626 τρίχες,
3299 2547 3471 2628 νεκροὶ
3502 2545 3593 2605 καὶ
3637 2547 3685 2604 οἳ
3730 2549 3825 2604 τοῦ

2225 2637 2459 2717 Χριστοῦ
2479 2662 2492 2675 ·
2525 2637 2622 2709 τὴν
2652 2637 2756 2716 γὰρ
2786 2639 2960 2718 σάρκα
3001 2636 3366 2717 ἐσταύρωσαν,
3400 2635 3494 2695 xui
3524 2635 3824 2714 ἐνέκρωσαν

2225 2728 2289 2785 τὰ
2325 2727 2460 2803 μέλη
2494 2727 2560 2786 τὰ
2611 2729 2697 2787 ἐπὶ
2727 2731 2821 2798 τῆς
2871 2731 2996 2804 γῆς,
3041 2726 3131 2786 xui
3180 2730 3255 2806 τῷ
3303 2726 3490 2804 κόσμῳ
3535 2725 3818 2788 ἀπέθανον.

2229 2821 2508 2894 Κοσμοῦσι
2536 2818 2632 2890 τὴν
2665 2817 2900 2898 κεφαλὴν
2935 2822 2988 2876 αἱ
3021 2816 3234 2898 τρίχες,
3269 2816 3360 2898 καὶ
3386 2816 3509 2884 δόξα
3543 2815 3643 2874 εἶσὶ
3687 2814 3828 2872 ταύ-

2226 2931 2318 2980 της
2337 2929 2350 2943 °
2382 2906 2504 2974 δόξα
2529 2912 2619 2967 τοῦ
2659 2911 2831 2979 Θεοῦ,
2864 2906 2954 2966 καὶ
2983 2909 3032 2965 οἱ
3061 2897 3248 2985 νᾶγιοι,
3281 2897 3353 2965 ὧν
3385 2905 3589 2982 λάμπει
3627 2902 3688 2962 τὸ
3717 2905 3830 2984 φῶς

2230 2995 2524 3076 ἔμπροσθεν
2553 3001 2657 3056 τῶν
2707 2996 3018 3076 ἀνθρώπων,
3069 2995 3161 3054 xui
3205 2995 3474 3064 δοξάζεται
3508 2996 3577 3052 δι’
3633 2991 3827 3060 αὐτοὺς

2229 3090 2256 3144 6
2291 3086 2513 3165 Πατὴρ,
2545 3079 2620 3154 οἷς
2651 3087 2742 3145 xui
2789 3086 2850 3145 τὸ
2893 3085 3082 3145 ἐσθίειν
3112 3085 3204 3145 xui
3241 3087 3300 3145 τὸ
3348 3085 3516 3142 πίνειν
3558 3087 3630 3152 εἰς
3669 3081 3828 3150 δόξαν

519 3169 672 3226 vium
696 3168 863 3224 habet
892 3184 1020 3225 cum
1054 3184 1120 3224 eo
1144 3184 1303 3224 mens
1323 3185 1448 3240 qum
1469 3170 1765 3225 resurrexit
1797 3191 1810 3227 :
1843 3186 1989 3243 unge
2019 3186 2113 3241 pe-

2228 3177 2368 3236 Θεοῦ
2399 3179 2635 3255 γίνεται,
2668 3175 2719 3236 οἳ
2743 3175 2834 3235 xui
2865 3178 2919 3233 ἐν
2950 3184 3062 3244 τοῖς
3094 3176 3279 3253 μέλεσι
3311 3174 3611 3244 δοξάζουσιν
3642 3171 3822 3235 αὐτόν.

520 3258 621 3319 des
638 3257 864 3314 Domini
887 3267 1014 3314 ante
1046 3273 1141 3314 sex
1170 3258 1284 3315 dies
1312 3260 1557 3329 Paschaa,
1591 3260 1915 3333 priusquam
1939 3259 2124 3317 veniat

522 3347 734 3404 Pascha
761 3346 937 3404 futuri
973 3347 1182 3416 saeculi,
1230 3348 1481 3420 quandiu
1519 3349 1578 3404 in
1618 3349 1827 3406 mundo
1872 3349 1979 3406 hoc
2005 3365 2125 3406 ver-

522 3437 688 3506 saris,
740 3435 830 3509 qui
877 3436 937 3492 in
991 3451 1084 3492 sex
1140 3437 1339 3493 diebus
1389 3445 1474 3494 est
1541 3438 1796 3496 conditus
1848 3439 1893 3494 ⁸.
1950 3439 2124 3496 Pedes

524 3526 750 3594 Christi,
792 3527 1096 3598 Apostolus
1126 3535 1184 3583 et
1222 3529 1607 3600 Evangelium,
1657 3537 1731 3597 et,
1776 3537 1839 3584 ut
1868 3544 2122 3585 summa-

523 3617 630 3673 tim
650 3615 859 3685 dicam,
884 3617 1003 3688 ipsa
1031 3616 1298 3673 mandata
1329 3639 1341 3674 :
1367 3635 1464 3690 per
1487 3634 1550 3674 ea
1572 3619 1723 3675 enim
1749 3619 1805 3674 in
1825 3619 1985 3675 nobis
2001 3635 2125 3675 am-

524 3706 694 3762 bulat.
744 3705 835 3762 Ad
891 3705 1011 3762 haec
1060 3707 1226 3779 igitur
1274 3707 1536 3764 mandata
1584 3706 1724 3764 affer
1751 3718 2120 3782 unguentum,

433 3807 436 3812 '
524 3794 794 3853 affectum
867 3795 1122 3852 videlicet
1181 3811 1247 3852 ex
1295 3797 1454 3853 variis
1513 3797 1825 3867 virtutibus,
1883 3815 2124 3871 quarum

524 3885 734 3958 optima
753 3892 857 3953 est,
873 3893 1142 3956 tanquam
1161 3885 1390 3955 nardus,
1409 3886 1617 3943 fervida
1635 3887 1790 3957 ﬁdes,
1808 3888 2122 3944 collectum.

524 3974 649 4030 Nisi
676 3974 824 4030 enim
847 3972 1113 4029 fervidam
1141 3983 1196 4030 et
1226 3974 1534 4032 studiosam
1560 3976 1960 4048 virtutibusque
1987 3992 2126 4049 prae-

524 4063 702 4119 ditam
729 4062 1105 4118 habitudinem
1143 4079 1268 4136 erga
1309 4065 1571 4122 mandata
1607 4066 1932 4134 ostenderis,
1969 4083 2126 4123 mor-

525 4151 746 4222 tuisque
783 4150 892 4206 tuis
933 4151 1204 4207 membris
1255 4154 1414 4224 quasi
1461 4155 1669 4226 capillis
1705 4155 2021 4224 exterseris,
2072 4164 2130 4212 et

527 4240 635 4296 nisi
664 4240 822 4295 illum
848 4242 1142 4313 receperis,
1168 4257 1281 4297 non
1311 4244 1516 4314 poteris
1540 4244 1774 4301 domum
1803 4253 1951 4302 tuam
1974 4244 2126 4302 bono

528 4330 700 4388 odore
732 4330 960 4402 replere.
1014 4333 1157 4388 Sunt
1206 4333 1375 4389 etiam
1406 4334 1571 4405 pedes
1621 4336 1858 4406 Domini,
1912 4336 2124 4392 minimi

524 4419 750 4490 fratres,
788 4437 884 4492 per
925 4437 1063 4493 quos
1109 4421 1256 4480 vadit
1295 4423 1544 4480 Christus
1583 4425 1654 4480 ad
1692 4426 2121 4499 uniuscujusque

2237 3266 2342 3327 Kui
2385 3267 2450 3325 σὺ
2495 3265 2580 3341 δὲ,
2632 3267 2745 3325 ἐπεὶ
2781 3265 3037 3336 ἀνέστησέ
3070 3288 3163 3324 σου
3211 3265 3298 3325 τὸν
3339 3269 3456 3324 νοῦν
3489 3262 3674 3344 ὥσπερ
3707 3261 3831 3344 τινὰ

2231 3357 2475 3436 Λάζαρον
2505 3361 2532 3416 6
2555 3357 2784 3429 Ἰησοῦς,
2839 3356 2929 3415 xui
2969 3355 3206 3436 ὑποδέχῃ
3256 3355 3411 3413 αὖτὸν
3455 3357 3528 3420 εἷς
3561 3352 3651 3411 τὸν
3683 3341 3832 3411 οἶκον

2230 3451 2323 3516 τῆς
2353 3450 2528 3526 ψυχῆς
2554 3470 2676 3520 σου,
2705 3444 2797 3504 xui
2825 3453 3204 3524 συνευωχεῖται
3237 3447 3380 3524 αὐτῷ
3403 3442 3494 3502 xui
3523 3447 3550 3502 6
3575 3439 3834 3517 ἀναστὰς,

2233 3534 2449 3617 ἄλειψον
2500 3535 2618 3604 τοὺς
2661 3535 2828 3602 πόδας
2865 3543 2956 3593 τοῦ
3001 3533 3206 3614 Κυρίου
3252 3533 3355 3614 πρὸ
3386 3531 3442 3601 ἓξ
3488 3533 3704 3611 ἡμερῶν
3733 3535 3834 3590 τοῦ

2235 3625 2468 3705 Πάσχα,
2502 3625 2624 3705 πρὶν
2651 3625 2776 3705 ἔλθῃ
2813 3623 2873 3683 τὸ
2909 3624 3112 3704 Πᾶσχα
3141 3630 3232 3684 τοῦ
3281 3624 3564 3699 μέλλοντος
3614 3623 3833 3694 αἰῶνος,

2232 3713 2330 3783 ἕως
2393 3705 2479 3773 οἷν
2540 3719 2593 3774 ἐν
2650 3719 2727 3795 τῷ
2788 3713 2978 3794 κόσμῳ
3029 3713 3200 3794 τούτῳ
3275 3711 3470 3790 διάγεις
3525 3714 3602 3791 τῷ
3661 3712 3715 3768 ἓν
3775 3709 3835 3779 ἓξ

2231 3803 2456 3885 ἡμέραις
2483 3804 2880 3886 ἀπαρτισθέντι.
2911 3802 3081 3872 Πόδες
3111 3808 3204 3862 τοῦ
3229 3805 3464 3881 Χριστοῦ
3495 3805 3523 3859 6
3573 3799 3835 3860 Ἀπόστο-

2234 3898 2354 3966 λος,
2383 3894 2475 3953 xui
2504 3895 2564 3953 τὸ
2597 3893 2952 3973 Εὖαγγέλιον,
2981 3894 3072 3953 xui
3121 3894 3302 3959 ἅπλῶς
3353 3895 3518 3951 εἰπεῖν
3541 3938 3556 3966 ,
3591 3893 3645 3949 αἱ
3677 3891 3835 3948 ἐντο-

2233 3983 2350 4042 λαί·
2399 3985 2464 4041 δι’
2511 3986 2682 4043 αὐτῶν
2728 3982 2832 4062 γὰρ
2885 3985 3244 4061 ἐμπεριπατεῖ
3297 3983 3349 4039 ἐν
3403 3985 3557 4058 ἡμῖν.
3593 3978 3836 4045 Ταύταις

2235 4063 2324 4131 οῦν
2354 4082 2468 4139 ταῖς
2498 4073 2732 4139 ἐντολαῖς
2761 4072 3070 4152 προσάγαγε
3103 4072 3293 4151 μύρον,
3345 4069 3442 4144 τὴν
3477 4072 3535 4128 ἐκ
3566 4066 3834 4147 διαφόρων

2236 4163 2471 4241 ἀρετῶν,
2507 4153 2581 4220 ὧν
2611 4161 2672 4221 τὸ
2725 4170 2965 4244 κρεῖττον
2991 4166 3024 4232 ἡ
3076 4161 3244 4240 θερμὴ
3288 4165 3357 4228 ὡς
3405 4159 3591 4240 νάρδος
3621 4157 3830 4236 πίστις,

2236 4251 2732 4330 συγκεκροτημένην
2785 4251 3042 4312 διάθεσιν.
3091 4253 3160 4312 Εἰ
3210 4250 3286 4329 μὴ
3338 4250 3440 4330 γὰρ
3488 4245 3689 4330 θερμὴν
3741 4245 3837 4306 xui

2235 4340 2530 4400 σπουδαίαν
2562 4342 2654 4400 xui
2685 4341 2926 4420 ἐνάρετον
2965 4338 3150 4420 σχέσιν
3188 4339 3313 4416 περὶ
3354 4338 3449 4406 τὰς
3482 4335 3697 4404 ἐντολὰς
3748 4337 3834 4394 ἐν-

2233 4430 2408 4508 δείξῃ,
2481 4431 2572 4490 xui
2620 4440 2728 4499 τοῖς
2777 4429 3182 4511 νενεκρωμένοις
3231 4420 3320 4490 οῦν
3379 4428 3624 4506 μέλεσιν,
3675 4424 3836 4485 οἳονεὶ

515 4510 749 4583 januam
779 4525 1039 4583 quaerens
1084 4527 1210 4584 quae
1259 4513 1408 4570 utilia
1437 4523 1569 4570 sunt
1613 4531 1793 4587 :quos
1833 4532 1976 4588 unge
2014 4517 2113 4574 ele-

2233 4499 2373 4598 θριξῖ
2394 4499 2642 4598 έκμάξεις
2672 4519 2902 4593 ταύτας,
2931 4499 3028 4578 ’καὶ
3079 4520 3153 4585 εἷς
3180 4519 3338 4578 αὐτὸν
3369 4499 3689 4588 ἀναλάϐοις,
3735 4514 3835 4573 οὖκ

523 4615 802 4673 emosynae
825 4609 1132 4673 unguento.
1157 4608 1340 4675 Atque
1360 4604 1519 4659 multi
1537 4604 1764 4676 quidem
1795 4605 2126 4662 miserentur

523 4689 594 4746 ad
629 4691 1097 4760 ostentationem;
1122 4690 1244 4748 ideo
1268 4692 1478 4749 nullam
1526 4695 1584 4749 in
1626 4710 1684 4750 se
1711 4695 2007 4750 utilitatem
2032 4711 2125 4752 re-

523 4777 755 4850 cipiunt.
786 4801 812 4827 οι
839 4783 1186 4851 Receperunt
1201 4782 1348 4838 enim
1370 4782 1676 4839 mercedem
1699 4784 1758 4838 in
1783 4783 1886 4840 hac
1908 4783 2061 4839 vitas.
2090 4805 2117 4835 ››

522 4869 600 4923 At
625 4875 688 4923 tu
728 4875 976 4941 exsterge
1004 4870 1234 4942 capillos
1269 4872 1488 4944 capitis,
1521 4872 1818 4929 utilitatem
1842 4873 1898 4928 in
1934 4873 2122 4931 anima

521 4963 617 5013 tua
656 4957 859 5029 accipe,
895 4959 952 5014 in
985 4959 1269 5031 principali
1298 4969 1449 5033 parte
1492 4962 1710 5017 lucrum
1757 4962 2121 5034 eleemosynae

520 5062 794 5119 congrega
827 5064 841 5103 :
871 5055 926 5103 et
966 5048 1011 5103 si
1039 5048 1172 5119 quid
1211 5059 1496 5107 mortuum
1527 5051 1720 5120 habes,
1767 5060 1822 5107 et
1861 5051 2121 5108 inanima-

518 5144 667 5203 tum,
699 5137 843 5193 sicut
870 5145 1000 5193 sunt
1025 5139 1230 5210 capilli,
1256 5140 1314 5194 in
1335 5140 1443 5196 hoc
1465 5141 1615 5196 bono
1636 5149 1917 5212 unguento
1943 5141 2121 5197 intin-

517 5227 655 5298 gito.
679 5250 703 5276 α
725 5229 956 5284 Peccata
977 5228 1124 5284 enim
1143 5237 1262 5296 tua,
1288 5230 1484 5301 inquit,
1508 5230 1868 5303 eleemosynis
1891 5230 2113 5287 dele‘°.u

2234 4608 2468 4688 ἰσχύσεις
2494 4609 2783 4669 εὖωδιάσαι
2811 4632 2905 4667 σου
2935 4608 3023 4668 τὸν
3052 4597 3218 4667 οἶκον.
3307 4609 3479 4674 Πόδες
3502 4611 3595 4664 τοῦ
3626 4601 3833 4682 Κυρίου

2233 4698 2325 4756 xui
2358 4702 2406 4757 οἱ
2457 4700 2728 4779 ἐλάχιστοι
2763 4699 3012 4779 ἀδελφοὶ,
3065 4697 3132 4756 δι’
3161 4688 3237 4756 ὧν
3285 4697 3488 4778 βαδίζει
3534 4699 3562 4755 6
3591 4691 3836 4775 Χριστὸς

2233 4787 2319 4846 ἐπὶ
2351 4787 2447 4860 τὴν
2476 4788 2634 4868 θύραν
2668 4787 2891 4848 ἑκάστου
2922 4789 3090 4859 ζητῶν
3121 4785 3190 4845 τὰ
3217 4786 3450 4868 χρειώδη
3470 4783 3606 4868 ,οὓς
3647 4783 3834 4862 ἄλειφε

2231 4879 2308 4957 τῷ
2338 4881 2430 4948 τῆς
2477 4865 2837 4953 ἐλεημοσύνης
2867 4875 3035 4957 μύρῳ.
3072 4865 3276 4936 Πολλοὶ
3307 4874 3402 4954 μὲν
3448 4865 3538 4933 οῦν
3569 4875 3831 4950 ἐλεοῦσιν,

2232 4966 2372 5024 ἀλλὰ
2403 4966 2534 5047 πρὸς
2579 4964 2826 5035 ἐπίδειξιν
2854 4988 2868 5002 '
2914 4966 2992 5024 διὸ
3023 4965 3140 5024 οὐδὲ
3188 4968 3260 5034 εἷς
3305 4961 3494 5031 αὖτοὺς
3539 4960 3834 5040 ἀναδέχον-

2229 5079 2320 5114 ται
2374 5057 2470 5128 τὴν
2526 5057 2818 5136 ὠφέλειαν.
2876 5083 2902 5108 ι
2949 5055 3232 5136 Ἀπέχουσι
3283 5054 3386 5135 γὰρ
3438 5053 3530 5112 τὸν
3588 5050 3775 5128 μισθὸν
3806 5077 3833 5102 ιν

2229 5147 2483 5204 ἐνταῦθα·
2525 5146 2588 5204 σὺ
2622 5145 2676 5205 δὲ
2707 5144 2936 5219 ἔκμαξαι
2966 5149 3082 5211 ταῖς
3120 5143 3250 5224 θριξὶ
3282 5147 3378 5215 τῆς
3421 5142 3660 5222 κεφαλῆς
3681 5184 3698 5217 ,
3739 5139 3834 5198 καὶ

2229 5236 2302 5301 εἷς
2334 5233 2430 5307 τὴν
2463 5235 2642 5316 ψυχὴν
2675 5234 2938 5314 ἀναδέχου
2973 5234 3070 5306 τὴν
3104 5235 3388 5316 ὠφέλειαν,
3414 5233 3468 5290 ἐν
3517 5234 3594 5309 τῷ
3623 5235 3828 5308 ἡγεμο-

518 5318 648 5406 νικῷ
695 5317 844 5397 με’ρει
895 5317 956 5377 τὸ
1021 5319 1204 5399 κέρδος
1249 5323 1346 5390 τῆς
1408 5319 1766 5397 ἔλεημοσύνης
1820 5323 2105 5402 συνάγαγε,
2157 5325 2266 5387 Καὶ
2316 5323 2365 5382 εἴ
2409 5313 2688 5405 τιήνεκρὸν
2737 5313 2877 5406 ἔχεις
2918 5323 3010 5383 xui
3045 5323 3280 5405 ἄψυχον,
3327 5313 3433 5382 οἷον
3464 5323 3520 5380 αἱ
3549 5320 3749 5401 τρίχες,
3781 5320 3836 5377 ἐν

519 5403 690 5498 τούτῳ
742 5411 819 5486 τῷ
883 5410 1066 5490 ἀγαθῷ
1121 5409 1383 5490 χρίσματι
1452 5409 1810 5490 καταμύριζε.
1897 5439 1922 5466 α
1995 5413 2108 5482 Τὰς
2162 5415 2430 5498 ἁμαρτίας
2480 5403 2613 5496 γάρ-
2651 5403 2799 5494 σου,
2844 5415 3044 5497 φησὶν,
3098 5403 3161 5472 γέν
3207 5412 3588 5490 ἐλεημοσύναις
3635 5408 3836 5478 ἐξάλει-

519 5495 639 5574 ψον.
672 5521 698 5546 ..

593 5690 639 5723 ι*
663 5690 806 5747 Psal.
847 5706 1019 5762 XLIV,
1051 5699 1105 5750 8.
1182 5696 1204 5729 ²
1241 5699 1367 5753 Act.
1409 5713 1481 5768 II,
1513 5704 1600 5756 36.
1677 5699 1700 5734 ⁸
1727 5701 1874 5758 Psal.
1909 5715 2132 5770 cxvm,
2165 5707 2254 5758 63.
2333 5705 2357 5747 4
2388 5705 2440 5757 II
2470 5703 2600 5758 Cor.
2630 5716 2679 5770 ι,
2707 5705 2797 5756 21.
2872 5699 2895 5733 ⁸
2925 5699 3094 5756 Hebr.
3128 5714 3218 5767 v1,
3250 5704 3303 5755 4.

3380 5697 3402 5732 ⁸
3429 5698 3610 5756 Galat.
3646 5712 3706 5764 ν,
3739 5700 3832 5753 24.

519 5768 540 5802 ⁷
569 5769 767 5828 Matth.
801 5786 862 5828 ν.
898 5778 986 5843 16,
1014 5780 1105 5831 26.
1181 5776 1203 5809 ⁸
1227 5777 1366 5836 Gen.
1413 5795 1462 5847 ι,
1505 5787 1592 5837 31.
1668 5781 1690 5813 ³
1715 5781 1918 5839 Matth.
1946 5798 2034 5840 v1.
2082 5788 2113 5838 2

2224 5827 2226 5838 .
2303 5782 2346 5818 ¹⁰
2373 5785 2522 5840 Dan.
2556 5768 2790 5852 “5-24;
2818 5780 2983 5839 Eccli.
3011 5795 3111 5850 III,
3144 5785 3229 5836 33.
