4198 6468
405 445 497 495 ll7
1200 443 1592 500 ENARRATIO
1633 445 1697 500 IN
1738 439 2171 499 EVANGELIUM
2207 439 2507 497 JOANNIS.
2547 471 2619 482 —
2657 443 2812 500 CAP.
2853 445 2958 500 XII.

3640 456 3740 510 “8

482 594 506 621 ι
552 566 721 647 Λέγει
767 559 984 649 οὗνξεῖς
1029 571 1090 629 ἐκ
1134 573 1240 629 τῶν
1282 574 1534 648 μαθητῶν
1575 572 1761 646 αὐτοῦ,
1809 570 2015 637 Ἰούδας

2195 568 2485 624 VensA-s
2522 590 2546 616 α
2566 568 2716 624 Dicit
2728 585 2860 642 ergo
2875 585 3019 629 unus
3032 588 3098 629 ex
3114 571 3388 646 discipulis
3411 576 3548 649 ejus,
3562 579 3596 632 J
3599 576 3741 636 udas

412 659 656 735 Σίμωνος
686 659 1086 741 Ἰσκαριώτης,
1145 664 1174 720 ὁ
1208 658 1418 740 μέλλων
1450 660 1608 721 αὐτὸν
1639 661 2022 742 παραδιδόναι·

411 749 510 810 Διὰ
539 749 589 807 τί
618 752 782 808 τοῦτο
813 749 877 808 τὸ
929 749 1098 830 μύρον
1134 752 1230 810 οὖκ
1261 752 1478 832 ἐπράθη
1511 752 1829 832 τριακοσίων
1863 754 2024 824 δηνα-

415 839 557 919 ρίων,
590 847 685 897 καὶ
714 838 877 910 ἐδόθη
903 841 1184 920 πτωχοῖςς
1218 831 1353 901 Εἶπε
1386 841 1439 900 δὲ
1469 831 1647 917 τοῦτο,
1671 843 1772 922 οὐχ
1799 840 1880 900 ὅτι
1903 841 2026 923 περὶ

405 932 508 986 τῶν
536 932 774 1009 πτωχῶν
803 928 997 1012 ἔμελεν
1038 931 1186 1012 αὐτῷ
1208 977 1225 1007 ,
1262 933 1384 989 ἀλλ’
1415 930 1495 990 ὅτι
1525 930 1757 1004 κλέπτης
1789 923 1854 1004 ἧν
1875 977 1890 1004 ,
1925 930 2021 990 καὶ

414 1021 483 1100 107
502 1018 890 1100 γλωσσόκομον
925 1010 1067 1099 εἶχε,
1099 1010 1190 1080 καὶ
1229 1019 1296 1079 τὰ
1345 1021 1652 1100 βαλλόμενα
1703 1020 2018 1090 ἐϐάσταζεν.

415 1099 578 1170 Εἶπεν
623 1099 716 1167 οὖν
768 1110 797 1165 ὁ
847 1111 1087 1182 Ἰησοῦς·
1120 1106 1278 1190 Ἄφες
1321 1099 1516 1181 αὐτήν·
1564 1112 1636 1177 εἰς
1686 1109 1784 1183 τὴν
1815 1112 2023 1192 ἡμέραν

416 1205 507 1259 τοῦ
534 1202 904 1278 ἐνταφιασμοῦ
955 1222 1058 1275 μου
1088 1199 1376 1279 τετήρηκεν
1417 1200 1568 1262 αὐτό.
1602 1199 1740 1268 Τοὺς
1779 1199 2024 1281 πτωχοὺς

417 1291 522 1366 γὰρ
566 1287 802 1346 πάντοτε
835 1291 988 1370 ἔχετε
1035 1288 1150 1364 μεθ’
1194 1292 1430 1348 ἑαυτῶνο
1481 1291 1574 1368 ἐμὲ
1607 1289 1661 1349 δὲ
1705 1292 1764 1350 οὔ
1790 1290 2021 1350 πάντοτε

417 1378 594 1458 ἔχετε.
625 1405 647 1429 ι
679 1379 1113 1461 Φιλοχρήματος
1139 1377 1211 1437 ὢν
1244 1383 1272 1438 ὁ
1299 1378 1532 1454 Ἰούδας,
1556 1381 1795 1440 αἰτιᾶται
1817 1379 1906 1440 τὸν
1928 1385 2023 1453 τῆς

410 1471 571 1545 τιμῆς
610 1466 829 1546 τρόπον.
877 1467 1035 1529 Διατί
1063 1467 1164 1548 γὰρ
1217 1471 1312 1528 οὐκ
1343 1467 1616 1549 ἀργύριον,
1653 1469 1814 1550 φησὶ,
1854 1493 2021 1551 προσ-

411 1557 678 1640 ήνεγκας,
707 1555 795 1614 ἵνα
842 1555 953 1638 ἔχω
982 1557 1191 1629 δηλαδὴ
1224 1558 1445 1640 κλέψαι,
1482 1558 1620 1617 ἀλλὰ
1656 1559 1855 1638 μύρον;
1897 1563 2022 1626 Πῶς

411 1639 502 1704 οὖν
536 1648 697 1728 ἄλλος
729 1646 1107 1724 εὖαγγελιστὴς
1149 1639 1340 1728 λέγει,
1366 1646 1446 1706 ὅτι
1477 1649 1671 1716 πάντες
1700 1651 1748 1708 οἱ
1781 1649 2021 1727 μαθηταὶ

411 1741 570 1794 τοῦτο
621 1727 803 1808 dum;
873 1734 1095 1808 Ῥητέον
1151 1737 1351 1810 τοίνυν,
1402 1737 1481 1798 ὅτι
1529 1737 1620 1796 καὶ
1681 1737 1878 1806 πάντες
1923 1739 2018 1817 μὲν

415 1814 566 1884 εἷπον
586 1872 602 1898 ,
634 1827 755 1884 ἀλλ’
775 1830 834 1886 οὗ
860 1826 1082 1906 τοιαύτῃ
1115 1827 1421 1908 προαιρέσει
1445 1830 1493 1887 οἱ
1521 1828 1708 1902 ἄλλοι,
1737 1827 1822 1909 οἵᾳ
1851 1814 2017 1898 οὗτος.

414 1918 534 1975 Οὐκ
562 1915 768 1993 ἐλέγχει
813 1915 868 1976 δὲ
901 1916 1058 1975 αὐτὸν
1093 1919 1121 1974 ὁ
1159 1917 1380 1997 Κύριος,
1427 1917 1600 1978 καίτοι
1654 1941 1713 1994 γε
1739 1917 1892 1986 εἰδὼς
1921 1922 2015 1978 αὖ·

413 2003 503 2063 τὸν
533 2005 794 2083 κλεπτικῇ
833 2003 1023 2086 γνώμῃ
1074 2013 1230 2066 τοῦτο
1258 2007 1474 2066 εἰπόντα
1495 2030 1508 2044 ·
1539 2009 1598 2066 οὗ
1626 2005 1730 2086 γὰρ
1758 2006 2016 2080 ἠϐούλετο

415 2093 665 2174 ἐντρέψαι
709 2093 899 2167 αὐτὸν,
960 2096 1322 2175 μακροθυμεῖν
1373 2097 1465 2156 καὶ
1519 2102 1663 2174 ἡμᾶς
1715 2097 1848 2179 πρὸς
1896 2097 2016 2167 τοὺς

412 2184 680 2251 τοιούτους
726 2183 1017 2246 παιδεύων.
1073 2184 1584 2266 Ἐπικεκρυμμένως
1640 2188 1822 2264 μέντοι
1871 2191 2014 2248 ovet-

415 2274 546 2342 δίζει
577 2275 724 2354 αὖτῷ
753 2273 848 2347 τὴν
871 2273 1163 2354 προδοσίαν
1182 2321 1197 2348 ,
1228 2275 1322 2334 καὶ
1348 2273 1428 2335 ὅτι
1463 2277 1550 2336 διὰ
1580 2275 2012 2357 φιλοχρηματίαν

412 2363 599 2440 μέλλει
629 2365 916 2442 προδοῦναι
947 2364 1104 2424 αὖτὸν
1135 2367 1205 2431 εἷς
1252 2363 1498 2427 θάνατον.
1554 2366 1650 2427 Διὸ
1679 2366 1770 2426 καὶ
1800 2372 1891 2426 τοῦ
1929 2370 2011 2427 ἐν·

408 2457 718 2533 ταφιασμοῦ
761 2453 1062 2531 μέμνηται,
1103 2455 1361 2528 πλήσσων
1411 2456 1508 2528 τὴν
1553 2456 1802 2516 ἀσύνετον
1853 2458 2013 2516 αὐτοῦ

405 2541 667 2622 καρδίαν,
719 2543 883 2612 εἶπως
932 2544 1261 2625 διορθωθείη.
1311 2545 1423 2605 Καὶ
1462 2545 1524 2606 τὸ
1577 2547 1906 2626 ἐπαγόμενον
1957 2546 2011 2606 δὲ

405 2636 643 2691 τοιοῦτον
672 2635 794 2690 νοῦν
846 2657 964 2692 τινα
1016 2634 1282 2716 ἐμραίνει.
1342 2662 1367 2690 ι
1396 2634 1537 2705 Τοὺς
1583 2635 1831 2716 πτωχοὺς
1879 2635 2010 2714 γὰρ,

405 2722 567 2802 φησὶ,
596 2721 830 2782 πάντοτε
869 2724 1019 2803 ἔχετε
1061 2724 1176 2802 μεθ’
1207 2727 1438 2785 ἑαυτῶν·
1473 2726 1568 2803 ἐμὲ
1599 2728 1655 2785 δέ
1681 2728 1740 2785 οὗ
1782 2726 2010 2786 πάντοτε

406 2811 576 2891 ἔχετε.
610 2839 635 2863 ι
664 2810 837 2872 Ὅσον
869 2812 1049 2887 οὔπω,
1083 2813 1270 2895 φησὶν,
1314 2814 1724 2893 ἀπελεύσομαι,
1759 2820 1856 2875 σοῦ
1909 2841 2014 2875 κα·

405 2901 839 2969 τασκευάσαντός
884 2927 986 2980 μου
1025 2903 1112 2963 τὸν
1161 2905 1408 2966 θάνατον.
1448 2909 1516 2967 Εἴ
1548 2906 1722 2965 τοίνυν
1769 2905 2011 2986 ἐπαχθής

408 2991 495 3050 σοί
532 2995 678 3072 εἶμι,
711 2992 804 3052 καὶ
835 2993 1058 3075 φορτικὴ
1100 2999 1133 3067 ἡ
1166 2997 1238 3062 εἰς
1265 2995 1359 3072 ἐμὲ
1389 2994 1560 3073 τιμὴ,
1596 2996 1878 3074 ἀνάμεινον
1923 3019 2011 3074 μι-

407 3081 567 3161 κρὸν,
607 3083 699 3141 καὶ
750 3082 1114 3165 ἀπαλλαγήσῃ
1147 3109 1278 3164 μου,
1320 3086 1411 3145 καὶ
1441 3086 1563 3145 τότε
1599 3087 1909 3166 γνωσθήσῃ,
1964 3088 2009 3144 εἰ

406 3172 496 3230 διὰ
525 3171 646 3240 τοὺς
662 3173 907 3252 πτωχοὺς
935 3174 1152 3254 χρῄζεις
1182 3180 1275 3248 τῆς
1302 3181 1393 3236 τοῦ
1424 3174 1592 3272 μύρου
1614 3176 1877 3257 πράσεως.
1908 3174 2008 3236 Τί·
2047 3206 2094 3272 C

406 3286 495 3327 νος
526 3262 581 3320 δὲ
613 3263 808 3340 ἕνεκεν,
831 3263 881 3322 εἴ
906 3288 968 3342 γε
992 3266 1390 3345 φιλοχρήματος
1420 3257 1484 3338 ἦν
1508 3257 1606 3325 καὶ
1628 3266 1884 3339 κλέπτης,
1911 3264 2008 3338 τὴν

404 3354 516 3410 τῶν
543 3354 840 3432 χρημάτων
869 3355 1169 3432 οἰκονομίαν
1210 3359 1354 3438 αὐτῷ
1385 3356 1669 3438 ἐπέτρεψεν
1700 3360 1728 3415 ὁ
1775 3355 2006 3438 Κύριος;

399 3443 490 3502 Δι’
536 3441 670 3500 αὐτὸ
721 3442 818 3519 μὲν
865 3433 956 3500 οὖν
986 3449 1142 3504 τοῦτο
1172 3444 1253 3506 ὅτι
1286 3446 1518 3519 κλέπτης
1563 3433 1656 3521 ἦν,
1703 3445 1792 3505 ἵνα
1829 3457 2010 3506 πᾶσαν

401 3535 564 3591 αὐτοῦ
611 3533 815 3612 ἐκκόψῃ
867 3532 1156 3613 πρόρασιν.
1215 3536 1294 3595 Οὐ
1337 3535 1440 3616 γὰρ
1495 3527 1636 3617 εἶχεν
1685 3539 1881 3610 εἰπεῖν,
1909 3537 2010 3617 ,ὅτι

400 3622 489 3681 διὰ
520 3622 822 3701 χρημάτων
855 3621 1032 3700 ἔρωτα
1069 3624 1393 3703 προῦδωκεν.
1483 3616 1698 3698 Ἱκανὴν
1730 3625 1832 3707 γὰρ
1863 3616 2009 3706 εἶχεν

401 3713 461 3770 ἐκ
491 3718 586 3770 τοῦ
618 3713 1006 3791 γλωσσοκόμου
1035 3714 1406 3794 παραμυθίαν,
1441 3717 1558 3776 ἀλλ’
1591 3715 1709 3776 οὔτε
1747 3716 1808 3774 τὸ
1836 3717 2002 3794 γλωσ-

403 3802 637 3877 σόκομον
678 3801 820 3881 ἔχων
848 3802 1034 3870 πιστὸς
1061 3795 1148 3876 ἦν.
1237 3830 1260 3857 ε
1300 3803 1602 3874 Ἐϐάσταζε
1635 3835 1657 3858 ιο
1688 3805 1824 3884 γὰρ,
1855 3829 2011 3864 τουτ-

403 3889 573 3961 ίστιν,
626 3891 856 3951 ἔκλεπτε
887 3921 911 3945 α
954 3891 1022 3950 τὰ
1054 3893 1385 3971 βαλλόμενα,
1418 3921 1438 3947 υ
1470 3894 1562 3953 καὶ
1610 3894 1878 3974 ἱερόσυλος
1907 3887 2004 3970 ἦν,

401 3980 468 4038 τὰ
528 3983 601 4046 εἷς
679 3979 777 4052 τὴν
848 3981 995 4041 θείαν
1064 3982 1250 4062 χρείαν
1314 3985 1564 4062 διδόμενα
1636 3984 2010 4065 νοσφιζόμενος

401 4069 784 4147 (ἀκουέτωσαν
836 4070 890 4129 δὲ
942 4074 990 4130 οἱ
1019 4072 1314 4150 ἱερόσυλοι,
1365 4075 1519 4140 ποίας
1569 4073 1780 4154 μερίδος
1829 4074 1998 4155 εἶσὶ),

401 4160 496 4217 καὶ
557 4160 620 4217 τὸ
678 4159 967 4240 κεφάλαιον
1035 4166 1129 4232 τῆς
1180 4163 1404 4237 κακίας,
1461 4163 1678 4242 ὕστερον
1731 4162 2007 4241 προύδωκε

398 4248 490 4306 τόν
529 4247 749 4327 Κύριον.
837 4249 1130 4334 ⁶Ορᾷςζποῖ
1170 4250 1314 4331 φέρει
1349 4257 1382 4324 ἡ
1437 4253 1880 4334 φιλοχρηματία;
1916 4257 2010 4320 Εἷς

400 4339 714 4416 προδοσίαν.
749 4341 946 4406 Καλῶς
978 4331 1065 4400 οὖν
1100 4344 1127 4400 ὁ
1156 4344 1372 4408 Παῦλος
1405 4369 1425 4393 α
1644 4343 1861 4402 πάντων
1900 4347 2006 4402 τῶν

399 4431 584 4486 κακῶν
621 4453 654 4484 ιο
685 4429 884 4502 ταύτην
916 4430 1190 4503 ἐκάλεσεν,
1223 4435 1293 4498 ὡς
1321 4434 1620 4511 προδοῦσαν
1651 4433 1738 4491 τὸν
1771 4432 1968 4514 Κύριον
1987 4479 2002 4506 ,

399 4518 496 4574 καὶ
525 4519 653 4576 καθ’
701 4517 935 4593 ἑκάστην
965 4524 1109 4580 τοῦτ’
1137 4521 1266 4579 αὐτὸ
1291 4527 1570 4583 ποιοῦσαν.
1607 4521 1764 4590 Τινὲς
1792 4523 1848 4581 δέ
1877 4547 2007 4602 φασι

399 4609 488 4664 τὸν
527 4607 735 4668 Ἰούδαν
766 4611 1155 4689 ἐγιειρισθῆναι
1196 4609 1292 4683 τὴν
1336 4617 1441 4670 τῶν
1484 4611 1780 4693 χρημάτων
1824 4614 2004 4673 διακο-

402 4697 521 4754 νίαν
540 4744 556 4772 ,
585 4700 660 4763 ὣς
685 4699 940 4757 ἐλάττονα
972 4703 1078 4758 τῶν
1119 4700 1294 4759 ἄλλων
1314 4725 1327 4738 ·
1358 4701 1420 4761 τὸ
1446 4701 1551 4784 γὰρ
1594 4703 1718 4782 περὶ
1747 4701 2008 4782 χρήματα

406 4787 670 4844 διακονεῖν
691 4831 708 4858 ,
743 4793 834 4846 τοῦ
877 4788 1001 4868 περὶ
1031 4789 1381 4849 διδασκαλίαν
1429 4790 1650 4850 ἔλαττον
1673 4838 1688 4867 ,
1731 4796 1800 4859 ὡς
1831 4791 1924 4851 καὶ
1953 4795 2005 4851 ἐν

404 4883 518 4940 ταῖς
568 4876 811 4952 Πράξεσί
840 4902 997 4957 φασιν
1042 4881 1090 4937 οἱ
1141 4879 1462 4940 ἀπόστολον
1551 4904 1582 4937 α
1638 4882 1759 4942 Οὔκ
1811 4881 2008 4950 ἔξεστιν

403 4969 565 5041 ἡμῖν,
594 4967 955 5054 καταλιποῦσι
993 4965 1083 5025 τὸν
1131 4968 1287 5046 λόγον
1306 5018 1321 5044 ,
1353 4971 1614 5031 διακονεῖν
1644 4971 1950 5054 τραπέζαις.
1984 4999 2008 5025 υ

486 5084 512 5108 ιι
570 5053 763 5132 Ἔγνω
831 5046 920 5116 οὖν
974 5056 1132 5138 ὄχλος
1183 5058 1351 5126 πολὺς
1405 5063 1466 5118 ἐκ
1526 5063 1631 5118 τῶν
1682 5046 2006 5136 νἸουδαίων,

399 5146 484 5202 ὅτι
526 5145 641 5203 ἐκεῖ
698 5147 839 5219 ἐστι,
893 5147 988 5205 καὶ
1039 5138 1197 5219 ἦλθον
1248 5149 1308 5206 οὗ
1355 5148 1442 5207 διὰ
1499 5149 1588 5209 τὸν
1629 5149 1838 5224 Ἰησοῦν
1905 5151 2010 5226 μό·-

398 5259 524 5306 νον,
582 5234 706 5293 ἀλλ’
758 5232 845 5294 ἵνα
897 5235 991 5294 καὶ
1046 5235 1136 5294 τὸν
1193 5237 1440 5316 Λάζαρον
1492 5239 1701 5318 ἴδωσιν,
1755 5241 1810 5300 ὃν
1853 5239 2008 5318 ἤγει-

401 5347 489 5401 ρεν
548 5327 608 5383 ἐκ
666 5331 889 5406 νεκρῶν.
979 5325 1411 5388 Ἐϐουλεύσαντο
1480 5328 1535 5387 δὲ
1605 5333 1654 5388 οἱ
1715 5332 2010 5410 ἀρχιερεῖς,

395 5411 486 5471 ⁴ἵνα
534 5414 747 5474 καὶτὸν
795 5416 1051 5493 Λάζαρον
1103 5417 1521 5492 ἀποκτείνωσιν,
1571 5417 1652 5478 ὅτι
1702 5419 1893 5478 πολλοὶ
1942 5421 2008 5478 δι’

396 5504 554 5564 αὐτὸν
581 5509 786 5586 ὑπῆγον
837 5511 946 5565 τῶν
984 5505 1287 5581 Ἰουδαίων,
1321 5507 1414 5566 καὶ
1463 5507 1740 5568 ἐπίστευον
1786 5513 1860 5578 εἰς
1918 5511 2008 5571 τὸν

392 5594 622 5669 Ἰησοῦν.
674 5620 706 5656 ι
803 5595 1160 5675 Εὖγνώμονες
1211 5586 1348 5669 ἦσαν
1417 5588 1604 5674 οὗτοι,
1657 5603 1707 5658 οἱ
1760 5599 1889 5680 πρὸς
1920 5599 2008 5659 τὸν

2138 657 2379 713 Simonis
2404 658 2709 729 Iscariotes,
2743 660 2838 732 qui
2862 669 2979 717 erat
3004 678 3132 718 eum
3164 663 3479 735 proditurus
3510 685 3525 722 :
3557 671 3740 739 Quare

2135 746 2241 802 hoc
2265 756 2605 820 unguentum
2635 764 2754 806 non
2782 751 2953 807 veniit
2981 755 3237 810 trecentis
3263 755 3519 826 denariis,
3551 767 3606 814 et
3632 758 3730 815 da-

2133 844 2256 893 tum
2283 846 2369 893 est
2395 839 2618 910 egenis?
2646 841 2806 897 Dixit
2829 850 3014 898 autem
3040 842 3146 899 hoc
3176 860 3290 900 non
3319 845 3441 917 quia
3471 863 3736 920 pauperes

2135 926 2209 982 illi
2241 942 2393 984 curae
2421 937 2624 999 essent,
2654 930 2749 986 sed
2795 931 2922 1002 quia
2969 931 3058 988 fur
3087 941 3222 1004 erat,
3273 950 3339 991 ac
3390 939 3734 1010 marsupium

2132 1015 2394 1085 habebat,
2445 1034 2616 1090 eaque
2653 1035 2776 1092 quae
2814 1020 3194 1092 mittebantur,
3258 1025 3530 1096 portabat.
3577 1027 3735 1085 Dixit

2132 1121 2263 1179 ergo
2290 1108 2452 1166 Jesus
2502 1108 2679 1166 :Sine
2725 1109 2874 1166 illam
2916 1129 2931 1168 :
2977 1111 3034 1168 in
3081 1112 3229 1170 diem
3272 1115 3566 1187 sepulturae
3592 1132 3734 1177 meas

2131 1197 2372 1253 servavit
2411 1197 2580 1256 istud.
2632 1202 2901 1272 Pauperes
2949 1203 3099 1258 enim
3129 1219 3348 1276 semper
3389 1203 3604 1264 habetis
3631 1223 3734 1264 vo-

2130 1285 2365 1356 biscum,
2412 1303 2503 1344 me
2528 1304 2658 1345 vero
2701 1305 2815 1346 non
2844 1307 3059 1364 semper
3086 1292 3312 1350 habetis.
3343 1317 3368 1345 ι
3402 1297 3578 1354 Judas
3601 1313 3732 1356 cum

2131 1385 2279 1433 esset
2318 1393 2536 1449 avarus,
2584 1379 2939 1452 reprehendit
2979 1382 3210 1440 honoris
3251 1386 3504 1444 modum.
3551 1389 3733 1458 Quare

2129 1466 2276 1523 enim
2300 1483 2412 1524 non
2440 1468 2692 1526 obtulisti
2720 1472 3030 1541 pecuniam,
3059 1473 3255 1546 inquit,
3282 1485 3346 1532 ut
3375 1493 3596 1549 possem
3622 1478 3728 1534 sci-

2128 1555 2254 1612 licet
2282 1556 2474 1627 furari,
2501 1558 2602 1615 sed
2638 1566 3014 1632 unguentum?
3044 1564 3340 1632 Quomodo
3379 1567 3547 1640 igitur
3589 1569 3731 1626 alius

2129 1647 2456 1719 evangelista
2496 1647 2632 1705 dicit
2677 1651 2822 1721 quod
2857 1675 2882 1700 ιι
2929 1669 3124 1710 omnes
3151 1654 3402 1728 discipuli
3441 1656 3547 1713 hoc
3573 1657 3727 1715 dixe-

2127 1735 2239 1792 rint
2297 1742 2380 1794 "?
2434 1761 2459 1786 υ
2504 1739 2821 1795 Dicendum
2865 1741 3049 1814 igitur,
3100 1744 3249 1816 quod
3284 1761 3476 1801 omnes
3505 1747 3726 1819 quidem

2128 1824 2379 1896 dixerint,
2411 1825 2507 1883 sed
2533 1843 2646 1884 non
2687 1829 2779 1884 tali
2808 1838 2990 1886 mente
3016 1832 3126 1899 alii,
3157 1834 3303 1905 quali
3331 1835 3451 1891 iste.
3485 1839 3609 1892 Non
3637 1852 3729 1894 re-

2129 1916 2424 1989 prehendit
2462 1925 2650 1973 autem
2681 1934 2810 1975 eum
2844 1920 3140 1989 Dominus,
3169 1925 3418 1994 quamvis
3445 1925 3613 1981 sciret
3636 1924 3725 1982 fu-

2123 2005 2237 2061 raci
2267 2007 2451 2062 animo
2500 2005 2607 2062 hoc
2648 2008 2814 2079 671
2869 2009 3020 2066 illum
3050 2010 3255 2067 dixisse
3291 2013 3534 2082 (nolebat
3579 2015 3729 2072 enim

2124 2094 2279 2151 illum
2305 2095 2669 2166 confundere,
2705 2097 2909 2154 docens
2939 2107 2995 2156 et
3032 2116 3136 2156 nos
3164 2101 3502 2173 longanimes
3528 2104 3728 2162 debere

2122 2199 2240 2241 esse
2267 2200 2398 2259 erga
2417 2186 2594 2254 tales),
2613 2186 2710 2242 sed
2734 2188 2948 2244 occulte
2969 2191 3238 2261 approbat
3253 2191 3301 2247 ei
3332 2192 3723 2264 proditionem,

2123 2282 2180 2330 et
2220 2275 2370 2346 quod
2417 2284 2642 2348 propter
2670 2277 2956 2334 avaritiam
2987 2279 3290 2338 traditurus
3335 2291 3479 2338 esset
3510 2297 3638 2339 eum
3667 2284 3727 2340 in

2123 2372 2382 2420 mortem.
2439 2365 2568 2422 ldeo
2597 2374 2652 2422 et
2690 2369 2986 2438 sepulturae
3034 2371 3311 2440 meminit,
3343 2373 3726 2445 perstringens

2121 2453 2488 2524 insipientiam
2528 2455 2666 2526 ejus,
2699 2455 2745 2512 si
2786 2473 2898 2528 quo
2928 2466 3091 2529 pacto
3119 2459 3444 2532 corrigatur.
3479 2465 3549 2519 Et
3573 2462 3724 2534 quod

2121 2542 2397 2610 subditur,
2438 2543 2604 2599 talem
2653 2545 2950 2615 quemdam
2995 2562 3217 2602 sensum
3248 2547 3456 2608 habet:
3514 2573 3542 2600 κ
3580 2554 3722 2608 Pau-

2120 2647 2278 2705 peres
2320 2633 2488 2701 enim,
2530 2632 2730 2705 inquit,
2773 2649 2990 2706 semper
3027 2635 3238 2694 habetis
3288 2637 3592 2708 vobiscum,
3631 2655 3726 2696 me

2121 2731 2310 2778 autem
2351 2738 2466 2778 non
2503 2739 2720 2794 semper
2749 2724 2983 2793 habetis,
3017 2748 3042 2774 ιι
3075 2741 3142 2782 eo
3180 2727 3328 2799 quod
3360 2728 3510 2784 brevi
3539 2729 3722 2786 abitu-

2119 2828 2215 2868 rus
2259 2827 2407 2880 sum,
2451 2822 2506 2869 te
2544 2813 2688 2870 mihi
2732 2822 2973 2870 mortem
3031 2815 3404 2874 machinante.
3453 2818 3628 2891 Igitur
3675 2820 3720 2877 si

2119 2917 2388 2960 onerosus
2433 2902 2532 2958 tibi
2587 2919 2729 2974 sum,
2785 2911 2842 2960 et
2887 2905 3153 2962 molestus
3180 2906 3273 2963 ille
3301 2908 3360 2963 in
3398 2924 3489 2964 me
3520 2908 3718 2978 honor,

2118 2999 2368 3063 exspecta
2399 2991 2696 3064 paulisper,
2723 2999 2778 3049 et
2816 2993 2922 3050 eris
2952 2995 3089 3051 liber
3115 3012 3146 3052 a
3183 3012 3275 3053 me
3308 3017 3320 3053 :
3350 3005 3405 3053 et
3432 3006 3565 3054 tunc
3587 2999 3725 3056 scies

2117 3098 2253 3137 num
2277 3091 2500 3154 propter
2523 3097 2790 3155 pauperes
2829 3100 2972 3157 opus
2999 3085 3201 3142 habeas
3229 3089 3502 3159 unguenti
3529 3089 3717 3145 vendi-

2120 3170 2287 3227 tione.
2333 3175 2516 3243 Quare
2544 3181 2748 3243 autem,
2791 3174 2836 3230 si
2884 3174 3109 3245 quidem
3138 3191 3332 3232 avarus
3369 3185 3490 3233 erat
3526 3185 3583 3234 et
3608 3177 3720 3246 fur,

2121 3261 2481 3332 pecuniarum
2521 3261 2991 3334 dispensationem
3037 3264 3088 3320 ei
3130 3266 3380 3337 permisit
3406 3267 3722 3326 Dominus?

2118 3353 2349 3423 Propter
2393 3351 2538 3408 istud
2584 3351 2765 3425 ipsum
2806 3353 2956 3426 quod
2987 3352 3072 3410 fur
3115 3364 3255 3424 erat,
3304 3363 3368 3412 ut
3416 3372 3640 3412 omnem
3671 3357 3721 3414 ei

2119 3440 2466 3497 occasionem
2524 3441 2777 3499 auferret.
2836 3445 2963 3500 Non
3035 3444 3183 3500 enim
3250 3452 3468 3517 poterat
3532 3445 3721 3504 dicere

2118 3529 2270 3601 quod
2311 3539 2533 3603 propter
2561 3531 2917 3602 pecuniarum
2969 3549 3219 3590 amorem
3247 3549 3380 3591 eum
3415 3535 3722 3605 prodiderit

2117 3620 2258 3675 Nam
2303 3619 2438 3675 satis
2487 3621 2877 3678 consolationis
2922 3638 2988 3678 ex
3037 3623 3314 3694 marsupio
3364 3623 3622 3692 habebat,
3666 3632 3723 3682 et

2116 3723 2295 3780 neque
2341 3710 2690 3780 marsupium
2737 3726 2935 3782 gerens
2969 3710 3148 3768 ﬁdelis
3193 3721 3330 3769 erat.
3379 3736 3405 3762 α
3457 3715 3722 3771 Portabat

2118 3797 2286 3865 enim,
2318 3820 2342 3845 ιι
2375 3796 2482 3853 hoc
2521 3807 2604 3854 est
2629 3798 2936 3868 furabatur,
2988 3823 3013 3848 α
3055 3817 3178 3871 qum
3217 3801 3576 3858 mittebantur
3607 3826 3632 3852 ι)
3663 3812 3722 3860 et

2115 3887 2414 3959 sacrilegus
2451 3894 2588 3955 erat,
2627 3887 2686 3942 in
2733 3903 2898 3943 suum
2923 3904 3088 3945 usum
3131 3889 3347 3960 rapiens
3385 3905 3449 3945 ea
3499 3906 3624 3962 quae
3657 3892 3717 3948 in

2115 3976 2359 4032 divinum
2379 3976 2670 4033 dabantur.
2693 3976 2938 4033 Audiant
2954 3978 3203 4051 sacrilegi
3223 3995 3456 4051 quarum
3476 3982 3716 4052 partium

2115 4067 2237 4122 sint.
2263 4069 2333 4122 Et
2355 4075 2521 4138 caput
2551 4067 2776 4123 malitia:
2800 4076 2905 4136 est,
2936 4067 3086 4140 quod
3118 4077 3305 4140 postea
3340 4069 3581 4127 vendidit
3605 4075 3718 4126 Do-

2115 4156 2352 4212 minum.
2387 4156 2550 4213 Vides
2591 4173 2701 4228 quo
2730 4156 2873 4213 {erat
2900 4158 3161 4216 avaritia?
3192 4158 3281 4214 Ad
3324 4160 3709 4231 proditionem.

2115 4248 2264 4301 Bene
2293 4246 2458 4318 igitur
2497 4247 2701 4304 Paulus
2742 4269 2767 4295 α
2805 4247 3047 4304 radicem
3085 4249 3341 4304 omnium
3379 4251 3655 4308 malorum
3690 4273 3717 4299 ι»

2119 4334 2259 4391 hanc
2298 4336 2512 4392 vocavit
2554 4335 2618 4404 ¹²,
2665 4345 2858 4408 utpote
2887 4353 3010 4408 qum
3051 4338 3354 4410 prodiderit
3386 4340 3714 4408 Dominum,

2118 4433 2173 4482 et
2197 4425 2437 4496 quotidie
2465 4425 2572 4481 hoc
2599 4424 2787 4482 faciat.
2820 4427 3081 4482 Nonnulli
3107 4428 3262 4483 aiunt
3289 4427 3413 4485 ideo
3443 4429 3718 4486 creditam

2037 4495 2087 4558 Π
2113 4495 2275 4571 Iudae
2339 4515 2695 4586 pecuniarum
2749 4515 3234 4588 diSpensationem,
3289 4533 3387 4573 ceu
3443 4518 3717 4575 minorem

2117 4605 2256 4661 aliis.
2281 4606 2424 4660 Nam
2463 4605 2705 4676 pecuniis
2735 4606 3048 4662 ministrare
3077 4606 3259 4663 minus
3286 4614 3370 4662 est
3413 4623 3581 4678 quam
3610 4606 3715 4664 do-

2115 4694 2340 4762 ctrinae;
2367 4695 2514 4750 sicut
2539 4695 2674 4750 etin
2693 4693 2848 4752 Actis
2870 4695 3064 4751 dicunt
3083 4696 3313 4768 apostoli
3341 4716 3357 4751 :
3387 4720 3412 4746 ι
3436 4699 3563 4754 Non
3593 4697 3720 4754 licet

2117 4783 2276 4840 nobis
2304 4783 2494 4841 relicto
2523 4799 2778 4842 sermone
2805 4784 3118 4843 ministrare
3141 4787 3348 4845 mensis
3374 4785 3434 4843 ³³.
3473 4810 3498 4838 ι

2189 5063 2368 5120 Vnus.
2415 5069 2574 5120 9-11.
2629 5082 2658 5115 «
2707 5064 2982 5137 Cognovit
3027 5081 3159 5140 ergo
3203 5066 3366 5123 turba
3419 5067 3594 5123 multa
3652 5081 3719 5122 ex

2116 5153 2323 5210 Iudaeis
2359 5154 2509 5224 quod
2546 5162 2691 5210 esset
2727 5155 2886 5211 illic:
2934 5163 2991 5212 et
3032 5164 3300 5212 venerunt
3343 5171 3457 5211 non
3498 5163 3720 5227 pr0pter

2116 5245 2307 5300 Jesum
2355 5251 2595 5314 tantum,
2643 5244 2740 5302 sed
2789 5252 2850 5302 ut
2884 5247 3157 5302 Lazarum
3198 5259 3418 5316 quoque
3447 5244 3717 5314 viderent,

2123 5349 2287 5406 quem
2333 5334 2691 5390 suscitaverat
2730 5351 2760 5391 a
2801 5336 3054 5391 mortuis.
3097 5335 3494 5391 Consultabant
3533 5342 3720 5392 autem

2119 5423 2394 5498 principes
2433 5425 2788 5481 sacerdotum
2826 5433 2885 5480 ut
2914 5433 2971 5481 et
3007 5427 3285 5479 Lazarum
3330 5424 3722 5496 interﬁcerent,

2116 5516 2244 5588 quia
2273 5514 2434 5570 multi
2466 5523 2686 5586 propter
2715 5514 2869 5569 illum
2897 5512 3123 5569 abibant
3157 5529 3224 5569 ex
3252 5513 3480 5584 Judmis,
3511 5523 3566 5572 et
3600 5531 3719 5572 cre-

2118 5605 2321 5663 debant
2337 5605 2393 5661 in
2409 5606 2618 5662 Jesum.
2644 5627 2672 5653 ιι
2693 5603 2958 5659 Benevoli
2987 5602 3218 5660 fuerunt
3238 5603 3293 5661 hi
3319 5605 3415 5677 qui
3434 5604 3506 5662 ad
3532 5606 3724 5662 Iesum

453 5791 488 5824 ”
513 5789 729 5849 Matth.
766 5797 966 5852 xxvx,
997 5790 1055 5840 8.
1134 5783 1176 5816 "
1204 5785 1228 5839 Ι
1254 5783 1405 5843 Tim.
1434 5800 1523 5856 γι,
1559 5792 1646 5843 10.
1726 5786 1770 5821 ¹³
1793 5792 1918 5846 Act.
1947 5803 2036 5858 vI,
2068 5793 2118 5845 2.
