4198 6450
521 440 621 494 119

1533 423 2048 484 THEOPHYLACTI
2089 419 2448 476 BULGARMS
2486 417 2800 474 ARCHIEP.

3721 417 3822 470 l20

513 566 804 628 venerunt,
864 565 921 614 et
983 573 1095 613 non
1141 556 1282 614 sicut
1334 555 1444 623 alii,
1499 553 1752 609 malevoli
1805 559 1860 607 et
1915 547 2110 605 insani.

2229 547 2426 625 Κύριον
2471 543 2742 617 ἐλθόντες,
2777 541 2868 602 καὶ
2899 542 3038 628 οὐχὶ
3070 539 3210 601 κατὰ
3257 539 3378 608 τοὺς
3406 538 3621 607 λοιποὺς
3653 540 3824 620 ἀγνώ-

516 673 543 702 σι
575 652 862 706 Venerunt
881 647 1054 714 enim,
1077 647 1268 718 inquit,
1292 661 1403 700 non
1424 653 1646 716 propter
1669 645 1699 697 J
1704 656 1859 697 esum
1878 646 2118 703 tantum,

513 739 610 797 sed
640 747 704 794 ut
744 746 800 794 et
839 740 1112 792 Lazarum
1143 735 1396 790 viderent
1435 777 1448 790 .
1500 753 1528 784 δ)
1583 734 1723 788 Nam
1761 745 1888 786 cum
1931 743 2118 784 revera

514 828 818 884 maximum
861 826 1188 881 miraculum
1240 833 1410 891 esset,
1460 823 1619 878 multi
1664 821 1958 893 cupiebant
2001 819 2120 888 cjus

514 919 612 990 qui
641 923 956 973 surrexerat
976 923 1315 986 spectatores
1338 913 1454 967 ﬁeri
1487 933 1502 967 :
1531 910 1774 966 fortassis
1802 916 2116 979 exspectau-

513 1015 598 1064 tes
626 1006 813 1062 audire
842 1022 872 1061 a
897 1008 1108 1060 Lazaro
1132 1003 1200 1059 de
1240 1004 1308 1058 iis
1337 1017 1459 1074 qum
1490 1003 1549 1056 in
1589 999 1816 1055 inferno.
1860 996 2120 1052 Pharisaei

517 1105 703 1153 autem
735 1103 845 1150 tam
893 1093 1179 1149 inhumani
1215 1099 1392 1158 erant,
1442 1100 1504 1146 ut
1547 1107 1658 1146 non
1705 1090 1886 1145 solum
1909 1089 2120 1150 Jesum,

517 1184 617 1243 sed
645 1193 701 1240 et
730 1188 1004 1241 Lazarum
1035 1181 1283 1239 occidere
1311 1189 1600 1253 cuperent,
1644 1195 1709 1235 eo
1737 1177 1890 1251 quod
1933 1176 2122 1232 multis

518 1283 710 1330 auctor
752 1274 946 1330 salutis
974 1272 1151 1341 ﬁeret,
1187 1279 1242 1327 et
1270 1269 1540 1326 miraculo
1571 1286 1670 1324 suo
1700 1269 1769 1323 ad
1799 1267 1962 1323 [idem
1993 1267 2124 1322 sim-

521 1363 774 1436 pliciores
797 1362 1111 1418 adduceret.
1134 1365 1219 1417 Ita
1245 1360 1390 1432 apud
1419 1360 1544 1414 illos
1571 1359 1781 1414 crimen
1805 1365 1939 1422 erat,
1967 1355 2012 1409 si
2037 1355 2126 1410 cui

521 1452 822 1508 beneﬁeret
847 1470 860 1506 :
888 1453 1002 1507 imo
1021 1451 1126 1507 hoc
1149 1451 1292 1506 male
1314 1449 1547 1504 habebat
1567 1464 1684 1515 eos,
1713 1445 1862 1518 quod
1886 1446 2123 1501 instante

521 1541 611 1598 die
636 1541 779 1597 festo
807 1557 1002 1597 omnes
1032 1541 1101 1597 ad
1129 1539 1456 1595 Bethaniam
1487 1545 1791 1603 currerent,
1825 1536 2123 1606 ﬁerentque

521 1630 805 1688 auditores
831 1630 1106 1696 miraculi,
1143 1637 1198 1685 et
1226 1635 1560 1701 spectatores
1602 1626 1718 1698 ejus
1748 1625 1844 1698 qui
1875 1639 2120 1680 resurre-

521 1728 696 1776 xerat.

589 1911 762 1966 Vsns.
807 1913 988 1976 12,13.
1045 1930 1071 1957 α
1120 1909 1346 1965 Postero
1391 1906 1504 1974 die,
1549 1905 1713 1961 turba
1763 1904 1938 1960 multa
1991 1917 2115 1974 quae

518 2007 744 2054 venerat
765 1997 834 2054 ad
863 1998 1008 2054 diem
1033 1997 1258 2064 festum,
1291 2011 1416 2051 cum
1437 1994 1717 2050 audissent
1743 1993 1892 2064 quod
1910 1991 2125 2047 veniret

517 2089 678 2144 Jesus
719 2086 1188 2158 Hierosolymam,
1239 2091 1565 2156 acceperunt
1595 2084 1765 2154 672
1791 2097 1979 2137 ramos
2007 2081 2119 2152 pal-

520 2190 764 2243 marum,
789 2183 843 2230 et
865 2181 1253 2246 processerunt
1276 2173 1495 2228 obviam
1533 2173 1601 2238 ei,
1642 2179 1699 2226 et
1741 2169 2055 2226 clamabant
2107 2185 2119 2220 :

521 2265 811 2332 Hosanna,
837 2261 1163 2318 benedictus
1218 2261 1312 2333 qui
1342 2261 1489 2316 venit
1515 2261 1571 2316 in
1595 2261 1825 2316 nomine
1868 2258 2120 2329 Domini,

518 2368 616 2409 rex
636 2353 822 2408 Israel.
847 2375 875 2401 ι
903 2353 1045 2408 Cum
1070 2351 1380 2406 secessisset
1393 2351 1674 2422 paululum
1695 2349 1750 2404 in
1768 2348 2120 2404 solitudinem

519 2442 818 2509 Dominus,
870 2449 933 2497 ut
980 2440 1347 2512 restingueret
1388 2439 1633 2495 furorem
1690 2438 2116 2506 homicidarum,

519 2531 720 2586 iterum
779 2530 946 2585 libere
998 2528 1229 2597 accedit,
1287 2537 1342 2584 et
1399 2528 1659 2584 omnibus
1716 2525 2116 2582 manifestatur.

517 2620 764 2676 Instabat
791 2620 939 2676 enim
968 2627 1102 2674 tunc
1138 2628 1362 2690 tempus
1394 2618 1690 2690 passionis,
1739 2624 1794 2673 et
1836 2633 1949 2672 non
1978 2617 2118 2672 ultra

517 2709 808 2780 oportebat
830 2725 956 2764 eum
985 2708 1176 2775 latere,
1197 2708 1293 2764 sed
1322 2708 1452 2764 dare
1483 2723 1540 2763 se
1563 2724 1661 2778 pro
1690 2707 1867 2762 salute
1891 2707 2111 2762 mundi.

516 2798 655 2855 Vide
722 2806 908 2853 autem
971 2797 1418 2868 consequentiam
1476 2797 1767 2868 passionis.
1830 2795 2123 2852 Suscitavit

517 2889 810 2955 Lazarum,
841 2886 1110 2941 miraculo
1140 2885 1243 2940 hoc
1277 2887 1526 2941 maximo
1555 2886 1807 2940 omnium
1853 2885 1923 2940 ad
1954 2885 2120 2940 linem

517 2984 792 3032 reservato
844 2993 858 3030 :
901 2991 961 3030 ea
994 2983 1214 3046 propter
1253 2976 1411 3030 multi
1447 2975 1801 3029 conﬂuebant
1848 2981 1903 3028 et
1931 2973 2119 3028 crede-

517 3065 652 3121 bant
683 3063 1064 3120 :credentibus
1095 3064 1285 3118 multis
1312 3064 1493 3135 major
1518 3064 1842 3119 nascebatur
1867 3063 2067 3118 invidia
2101 3079 2114 3116 :

2146 1848 2195 1911 B

2234 623 2386 712 μονες
2433 636 2524 694 καὶ
2559 636 2870 699 λυττῶντες.
2956 659 2980 684 α
3009 623 3211 692 ’Ἦλθον
3256 631 3380 711 γὰρ,
3415 631 3608 713 φησὶν,
3641 632 3700 689 οὗ
3737 631 3826 689 διὰ

2230 726 2318 784 τὸν
2352 725 2560 795 Ἰησοῦν
2597 723 2777 801 μόνον,
2812 725 2932 782 ἀλλ’
2963 719 3051 780 ἵνα
3081 721 3170 780 καὶ
3202 721 3292 780 τὸν
3324 721 3570 800 Λάζαρον
3599 721 3765 780 ἴδωσι.
3801 748 3827 776 ι

2231 817 2329 893 Τῷ
2377 813 2490 872 ὄντι
2521 813 2624 892 γὰρ
2681 813 2932 891 μεγίστου
2984 817 3075 869 τοῦ
3128 811 3396 890 θαύματος
3445 811 3590 876 ὄντος
3635 812 3828 871 πολλοὶ

2230 903 2520 974 ’ἠϐούλοντο
2589 908 2774 962 θεαταὶ
2826 900 3071 981 γενέσθαι
3126 907 3220 960 τοῦ
3273 901 3638 973 ἀναστάντος,
3699 901 3829 968 ἴσως

2229 991 2626 1072 προσδοκῶντές
2667 1017 2719 1050 τι
2749 991 2992 1069 καὶπερὶ
3043 995 3146 1049 τῶν
3189 991 3239 1049 ἐν
3271 995 3346 1070 τῷ
3394 992 3496 1072 ᾄδῃ
3546 989 3694 1071 παρὰ
3733 997 3826 1050 τοῦ

2232 1083 2492 1162 Λαζάρου
2533 1082 2869 1143 ἀκούσεσθαι.
2918 1084 2989 1140 Οἳ
3036 1083 3090 1140 δὲ
3123 1085 3419 1162 Φαρισαῖοι
3457 1079 3622 1147 οὕτως
3652 1083 3829 1140 ἀπαν-

2232 1172 2454 1252 θρώπως
2511 1163 2694 1251 εἶχον,
2749 1171 2888 1231 ὥστε
2937 1174 2996 1230 οὖ
3045 1171 3203 1248 μόνον
3252 1173 3342 1230 τὸν
3384 1170 3591 1244 Ἰησοῦν
3641 1171 3833 1247 θέλειν,

2474 1260 2486 1284 \
2557 1264 2570 1283 \
2642 1265 2688 1320 Λ
2711 1262 2725 1283 Ι
2923 1266 2939 1283 ἢ
3110 1262 3135 1277 αν
3350 1260 3362 1280 Ι
3494 1260 3517 1283 ν

2233 1287 2266 1321 α
2403 1286 2493 1320 και
2521 1287 2608 1322 τον
2695 1267 2884 1343 αζαρον
2915 1285 3246 1334 αποκτειναι,
3282 1263 3415 1320 διοτι
3459 1284 3622 1328 αιτιος
3655 1285 3832 1335 σωτη-

2235 1354 2349 1432 ρίας
2397 1354 2611 1418 πολλοῖς
2655 1351 2896 1429 ἐγένετο,
2944 1355 3019 1432 τῷ
3059 1350 3178 1430 περὶ
3224 1351 3381 1410 αὑτὸν
3417 1351 3652 1428 θαύματι
3700 1352 3833 1433 πρὸς

2232 1442 2330 1514 τὴν
2398 1445 2577 1501 πίστιν
2645 1443 2970 1518 ἐπαγόμενος
3025 1439 3144 1508 τοὺς
3210 1441 3602 1522 ἀδολωτέρους·
3665 1439 3834 1509 οὕτως

2235 1531 2480 1610 ἔγκλημα
2524 1533 2651 1610 παρ’
2685 1533 2858 1598 αὐτοῖς
2888 1522 2951 1602 ἦν
3000 1530 3092 1590 καὶ
3135 1529 3196 1589 τὸ
3237 1532 3414 1598 καλῶς
3458 1537 3664 1592 παθεῖν.
3699 1532 3832 1592 Μά-

2233 1625 2392 1681 λιστα
2437 1619 2492 1679 δὲ
2536 1620 2751 1679 ἔδακνεν
2785 1620 2971 1688 αὐτοὺς
3003 1620 3094 1690 τὸ,
3129 1624 3223 1691 τῆς
3249 1624 3431 1702 ἑορτῆς
3462 1619 3826 1698 ἐνισταμένης,

2233 1711 2434 1778 πάντας
2479 1711 2567 1770 ἐπὶ
2607 1710 2702 1782 τὴν
2737 1710 3006 1781 Βηθανίαν
3037 1709 3279 1790 τρέχειν,
3318 1710 3408 1769 καὶ
3434 1711 3699 1791 ἀκροατὰς
3738 1716 3831 1772 τοῦ

2235 1799 2502 1875 θαύματος
2555 1799 2649 1858 καὶ
2701 1800 2971 1866 αὐτόπτας
3037 1805 3132 1858 τοῦ
3181 1800 3505 1868 ἀναστάντος
3572 1801 3830 1880 γίνεσθαι.

2236 1913 2265 1949 ιι
2307 1893 2395 1969 Τῇ
2432 1889 2682 1969 ἐπαύριον
2713 1889 2876 1969 ὄχλος
2907 1887 3070 1956 πολὺς
3117 1892 3145 1948 6
3181 1890 3346 1950 ἐλθὼν
3377 1893 3450 1958 εἰς
3489 1889 3584 1964 τὴν
3616 1892 3832 1970 ἑορτὴν,

2224 1977 2544 2046 ἀκούσαντες
2574 1981 2653 2037 ὅτι
2677 1979 2893 2060 ἔρχεται
2917 1983 2944 2037 6
2973 1979 3182 2051 Ἰησοῦς
3212 1982 3282 2046 εἷς
3304 1979 3674 2059 Ἱεροσόλυμα,
3703 1980 3831 2039 ἔλα-

2226 2069 2317 2128 ϐον
2355 2070 2420 2128 τὰ
2461 2063 2592 2148 βαΐα
2621 2074 2726 2128 τῶν
2758 2069 3032 2149 φοινίκων,
3066 2069 3158 2127 καὶ
3183 2069 3400 2141 ἐξῆλθον
3431 2072 3503 2137 εἷς
3535 2070 3832 2144 ὑπάντησιν

2225 2165 2426 2235 αὐτοῦ,
2455 2159 2544 2217 καὶ
2589 2158 2826 2238 ἔκραζον’
2863 2159 2959 2226 Ὡς
3003 2159 3159 2232 ἀννὰ,
3205 2159 3556 2238 εὐλογημένος
3597 2164 3624 2218 6
3673 2161 3832 2241 ἐρχόο

2225 2273 2378 2326 μενος
2423 2251 2478 2308 ἐν
2533 2249 2755 2326 ὀνόματι
2809 2249 3024 2331 Κυρίου,
3078 2248 3329 2326 βασιλεὺς
3372 2257 3462 2309 τοῦ
3512 2251 3759 2328 Ἰσραήλ.
3795 2275 3826 2307 n

2223 2338 2610 2419 Ἀναχωρήσας
2668 2339 2856 2417 μικρὸν
2910 2342 2982 2406 εἷς
3030 2339 3126 2409 τὴν
3173 2338 3371 2420 ἔρημον
3417 2344 3445 2398 6
3503 2339 3698 2419 Κύριος
3746 2339 3836 2399 διὰ

2224 2429 2286 2489 τὸ
2340 2427 2678 2486 κατασϐέσαι
2739 2427 2829 2487 τὸν
2899 2428 3063 2507 θυμὸν
3120 2433 3224 2488 τῶν
3285 2429 3603 2511 μιαιφόνων,
3671 2433 3835 2490 πάλιν

2227 2518 2505 2600 παῤῥησίᾳ
2535 2518 2874 2598 εἰσέρχεται,
2904 2520 2993 2577 καὶ
3021 2529 3183 2578 πᾶσιν
3213 2519 3574 2599 ἐμφανίζεται.
3667 2520 3836 2581 Ἐνει..

2228 2609 2411 2680 στήκει
2451 2607 2556 2688 γὰρ
2588 2607 2770 2666 λοιπὸν
2802 2611 2829 2665 6
2874 2609 3054 2688 καιρὸς
3086 2614 3177 2668 τοῦ
3227 2610 3460 2686 πάθους,
3499 2608 3594 2667 καὶ
3625 2611 3722 2669 οὐκ
3755 2611 3836 2670 ἔτι

2229 2699 2332 2756 ἔδει
2367 2699 2524 2757 αὐτὸν
2572 2697 2931 2776 κρύπτεσθαι,
2979 2699 3096 2759 ἀλλ’
3151 2698 3284 2779 ὑπὲρ
3341 2703 3435 2770 τῆς
3485 2705 3578 2758 τοῦ
3630 2700 3836 2775 κόσμου

2227 2787 2495 2866 σωτηρίας
2535 2789 2724 2846 ἑαυτὸν
2770 2789 2972 2848 δοῦναι.
3059 2786 3211 2866 εὈροι
3242 2788 3344 2868 γὰρ
3395 2790 3711 2848 ἀκολουθίαν
3739 2797 3834 2849 τοῦ

2226 2879 2440 2945 πάθους·
2526 2877 2810 2950 Ἀνέστησε
2853 2879 2940 2938 τὸν
2977 2879 3258 2959 Λάζαρον,
3313 2883 3495 2955 θαῦμα
3527 2883 3832 2940 τελευταῖον

2227 2974 2380 3025 τοῦτο
2449 2969 2687 3046 τηρήσας
2765 2969 2827 3027 τὸ
2886 2969 3100 3028 πάντων
3165 2968 3452 3046 μέγιστον’
3529 2969 3590 3027 ἐκ
3644 2969 3836 3030 τούτου

2231 3056 2419 3115 πολλοὶ
2469 3055 2780 3136 συνέτρεχον
2817 3057 2908 3116 καὶ
2957 3058 3271 3117 ἐπίστευον⁶
3325 3059 3385 3116 ἐκ
3429 3064 3522 3118 τοῦ
3564 3059 3838 3120 πιστεύειν

517 3153 783 3210 invidiam
820 3162 1006 3208 autem
1037 3161 1238 3209 secutae
1269 3161 1399 3208 sunt
1439 3153 1652 3209 insidia:
1682 3161 1738 3207 et
1782 3169 1938 3208 crux.
1971 3151 2116 3206 Dicit

2230 3146 2496 3245 πολλοὺς,
2528 3149 2555 3204 6
2599 3145 2782 3245 cpeo'voc;
2821 3148 3046 3245 μείζων·
3085 3149 3144 3206 ἐκ
3185 3146 3240 3206 δὲ
3272 3147 3461 3206 τούτου
3503 3151 3537 3212 ἡ
3573 3147 3836 3220 ἐπιϐουλὴ

517 3244 667 3299 enim
707 3263 720 3298 :
757 3265 783 3291 σι
812 3244 948 3298 Cum
971 3241 1250 3298 audissent
1273 3243 1450 3298 turbae
1476 3242 1621 3314 quod
1652 3242 1858 3297 veniret
1887 3243 2064 3307 Jesus,
2091 3264 2116 3288 ι»

517 3340 876 3387 occurrerunt
890 3332 936 3386 ei
953 3348 1082 3387 cum
1105 3331 1295 3403 gloria,
1320 3340 1542 3403 propter
1560 3331 1896 3386 miraculum
1923 3331 2118 3386 Lazari

515 3420 788 3493 majorem
835 3419 911 3475 illi
955 3420 1338 3491 impendentes
1382 3421 1650 3476 honorem
1701 3435 1868 3491 quam
1914 3419 2120 3474 homini

517 3525 659 3582 puro
680 3509 964 3565 debeatur.
992 3512 1119 3565 Non
1149 3509 1301 3564 enim
1325 3510 1464 3564 ultra
1506 3517 1568 3563 ut
1598 3511 1921 3580 prophetam
1950 3507 2121 3564 habe-

515 3597 650 3654 bant
677 3598 852 3653 illum.
897 3601 1081 3667 Quem
1118 3598 1267 3653 enim
1296 3597 1686 3670 prophetarum
1716 3607 1899 3670 patres
1927 3613 2122 3653 eorum

517 3686 597 3743 sic
624 3688 859 3743 venerati
893 3696 1022 3743 sunt
1050 3687 1184 3744 olim
1217 3690 1498 3759 unquam?
1544 3687 1706 3743 Unde
1741 3695 1796 3742 et
1819 3687 2078 3743 dicebant
2105 3705 2119 3742 :

517 3799 544 3824 α
562 3779 849 3848 Hosanna,
867 3777 1184 3832 benedictus
1211 3777 1304 3848 qui
1330 3777 1474 3832 venit
1497 3777 1556 3831 in
1577 3776 1802 3832 nomine
1820 3777 2068 3832 Domini.
2091 3799 2118 3824 »ι

515 3869 596 3921 Ex
641 3865 728 3921 his
786 3875 976 3923 autem
1023 3865 1201 3922 verbis
1247 3865 1552 3937 colligimus
1603 3866 1848 3937 primum
1892 3865 2120 3938 quidem

514 3955 663 4028 quod
706 3959 861 4011 Deus
911 3955 1004 4012 sit.
1052 3958 1194 4010 Nam
1251 3979 1276 4003 ιι
1322 3957 1583 4010 Hosanna
1637 3978 1662 4003 ι»
1711 3955 2119 4026 interpretatur,

513 4046 694 4111 Salva,
715 4044 966 4110 obsecro,
993 4044 1135 4099 sicut
1156 4053 1210 4099 et
1234 4044 1292 4098 in
1319 4045 1617 4100 centesimo
1646 4044 1860 4100 decimo
1890 4045 2120 4115 septimo

515 4133 736 4188 Psalmo
765 4148 794 4187 a
819 4133 984 4186 LXX
1003 4132 1058 4185 in
1079 4132 1334 4187 Grmcum
1366 4149 1583 4188 versum
1606 4141 1710 4200 est,
1734 4133 1824 4188 ubi
1856 4133 2120 4188 llebraice

515 4221 682 4278 habet
723 4240 736 4275 :
776 4244 801 4268 α
835 4223 1122 4283 Hosanna,
1173 4244 1198 4268 η
1232 4221 1428 4276 Graece
1455 4221 1649 4277 dicitur
1682 4241 1694 4276 :
1727 4244 1752 4269 «ι
1783 4224 1831 4277 Ο
1857 4222 2117 4290 Domine,

515 4312 686 4377 salva,
729 4309 979 4365 obsecro.
1016 4330 1043 4356 ν
1075 4308 1296 4365 Salvare
1339 4319 1523 4365 autem
1565 4311 1732 4366 solius
1773 4311 1870 4366 Dei
1910 4319 2032 4366 est:
2068 4319 2122 4366 et

514 4399 581 4455 ad
619 4399 799 4470 ipsum
841 4399 1050 4454 dictum
1080 4407 1204 4454 est:
1253 4420 1280 4449 «
1325 4400 1485 4454 Salva
1516 4415 1638 4467 nos,
1692 4399 1931 4455 Domine
1961 4404 2110 4455 Deus

2230 3235 2322 3294 καὶ
2355 3239 2382 3294 6
2428 3236 2676 3314 σταυρός.
2776 3257 2804 3293 ι(
2844 3236 3190 3303 Ἀκούσαντες
3231 3236 3354 3318 γὰρ,
3382 3236 3562 3318 φησὶν,
3603 3240 3651 3295 οἱ
3682 3237 3835 3318 ὄχλοι

2230 3324 2312 3382 ὅτι
2342 3324 2560 3405 ἔρχεται
2589 3328 2617 3382 6
2648 3327 2860 3397 Ἰησοῦς
2885 3371 2900 3398 ,
2941 3350 2967 3384 ››
3008 3324 3318 3397 ὑπήντησαν
3363 3329 3509 3405 αὖτῷ
3563 3327 3700 3404 μετὰ
3746 3328 3836 3387 δό-

2226 3412 2344 3487 ξης,
2394 3414 2480 3472 διὰ
2531 3414 2591 3471 τὸ
2635 3415 2723 3474 ἐπὶ
2768 3419 2845 3495 τῷ
2894 3416 3131 3496 Λαζάρῳ
3176 3419 3357 3492 θαῦμα
3405 3416 3616 3480 πάντως
3669 3417 3836 3494 τιμὴν

2227 3505 2374 3582 αὐτῷ
2438 3505 2792 3579 ἀπονέμοντες
2853 3508 3041 3582 μείζω,
3109 3505 3143 3575 ἢ
3196 3505 3336 3564 κατὰ
3391 3505 3490 3576 τὴν
3564 3506 3834 3588 ἀνθρώπῳ

2227 3592 2573 3677 ὅ-φειλομένην
2606 3595 2771 3673 ψιλῷ.
2862 3597 2982 3654 Οὐκ
3007 3595 3085 3653 ἔτι
3122 3595 3224 3674 γὰρ
3257 3596 3412 3654 αὐτὸν
3443 3599 3514 3663 ὡς
3543 3596 3832 3677 προφήτην

2228 3673 2372 3762 εἶχον
2395 3706 2408 3719 °
2459 3683 2575 3742 ἐπεὶ
2606 3691 2754 3741 ποῖον
2783 3685 3061 3765 προφήτην
3096 3683 3263 3750 οὕτως
3300 3687 3348 3742 οἱ
3379 3685 3604 3763 πατέρες
3652 3689 3833 3746 αὐτῶν

2227 3773 2550 3848 τετιμήκασί
2596 3793 2756 3844 ποι-ες
2822 3772 2988 3834 ⁴⁷Οθεν
3039 3773 3131 3832 καὶ
3177 3772 3384 3852 ἔλεγον³
3441 3802 3464 3826 α
3518 3774 3615 3841 Ὡς
3667 3775 3832 3850 ἀννὰ,

2229 3862 2580 3938 εὐλογημένος
2631 3865 2658 3918 6
2707 3863 2990 3942 ἐρχόμενος
3031 3863 3084 3920 ἐν
3127 3862 3348 3938 ὀνόματι
3389 3863 3607 3942 Κυρίου.
3660 3889 3685 3917 η
3727 3864 3832 3926 ἸΞκ

2227 3949 2280 4008 δὲ
2310 3951 2510 4009 τούτων
2545 3953 2648 4007 τῶν
2679 3951 2936 4030 ῥημάτων
2982 3952 3430 4030 συλλογιζόμεθα,
3460 3957 3671 4030 πρῶτον
3702 3954 3826 4034 μὲν,

2226 4038 2305 4095 ὅτι
2344 4038 2480 4104 Θεός
2525 4041 2670 4096 ἐστι·
2716 4039 2930 4119 τὸγὰρ,
2967 4061 2995 4096 ι(
3050 4038 3142 4108 Ὡς
3189 4040 3349 4114 ἀννὰ,
3393 4063 3423 4099 ))
3466 4043 3695 4101 Σῶσον
3736 4043 3826 4116 δὴ,

2227 4128 2611 4204 ἑρμηνεύεται,
2641 4131 2710 4194 ὡς
2739 4128 2829 4186 καὶ
2861 4131 2914 4187 ἐν
2953 4133 3028 4207 τῷ
3060 4132 3334 4209 ἑκατοστῷ
3378 4131 3825 4212 ἑπτακαιδεκάτῳ

2225 4218 2425 4296 ψαλμῷ
2467 4215 2613 4293 παρὰ
2647 4222 2750 4276 τῶν
2777 4216 3189 4294 Ἕϐδομήκοντα
3227 4217 3590 4292 ἑξελληνισθὲν
3622 4221 3818 4280 κεῖται*

2229 4313 2318 4364 τοῦ
2378 4305 2482 4384 γὰρ
2529 4305 2856 4388 Ἑϐραϊκοῦ,
2907 4335 2932 4361 α
2991 4309 3086 4374 Ὡς
3161 4306 3328 4381 ἀννὰ,
3383 4336 3406 4361 ιο
3456 4309 3700 4388 ἔχοντος,
3760 4311 3824 4369 τὸ

2229 4393 2578 4466 Ἑλληνικὸν,
2615 4423 2636 4447 α
2669 4386 2745 4456 ’Ὦ
2780 4397 2974 4476 Κύριε,
3009 4400 3180 4455 σῶσον
3210 4396 3305 4468 δὴ,
3354 4425 3378 4449 ν
3625 4399 3704 4460 Τὸ
3763 4402 3825 4460 δὲ

514 4497 735 4555 noster;
780 4511 806 4536 ιο
834 4497 889 4544 et
926 4504 988 4543 ex
1018 4487 1278 4543 omnibus
1305 4488 1441 4543 locis
1479 4489 1758 4560 collegerit
1798 4490 1923 4561 quis
1959 4489 2110 4561 quod

2227 4483 2412 4552 σώζειν
2444 4493 2534 4544 τοῦ
2571 4486 2713 4544 Θεοῦ
2746 4488 2904 4561 μόνου
2938 4485 3050 4546 ἐστὶ
3073 4531 3088 4561 ,
3140 4485 3233 4544 καὶ
3268 4487 3395 4565 πρὸς
3427 4487 3584 4546 αὐτὸν
3617 4489 3827 4568 εἴρηται

512 4579 746 4634 salutem
784 4577 885 4633 soli
930 4580 1049 4632 Deo
1081 4578 1363 4648 Scriptura
1397 4578 1626 4632 tribuat.
1664 4579 1836 4650 Igitur
1872 4578 2112 4649 primum

514 4667 739 4738 quidem
787 4665 892 4721 hoc
947 4665 1271 4734 ostendunt,
1326 4666 1471 4723 dicta
1513 4667 1691 4723 David
1749 4668 1851 4738 ipsi
1896 4667 2112 4723 Christo

513 4755 900 4822 attribuentes,
928 4754 1076 4826 quod
1100 4758 1250 4810 Deus
1277 4756 1376 4822 sit;
1418 4756 1611 4814 deinde
1634 4757 1780 4828 quod
1815 4765 1870 4812 et
1900 4758 2112 4828 proprie

512 4848 681 4900 Deus.
712 4846 854 4899 Nam
889 4867 912 4892 ι
943 4843 1046 4912 Qui
1089 4844 1253 4912 venit,
1281 4865 1307 4894 ))
1351 4845 1553 4916 inquit,
1599 4861 1710 4900 non
1738 4845 1843 4914 Qui
1870 4845 2109 4901 ducitur.

511 4934 653 4991 Nam
694 4932 801 4987 hoc
845 4932 1120 4988 servitutis
1151 4941 1252 4999 est,
1296 4933 1428 4988 illud
1458 4944 1642 4990 autem
1691 4935 1988 5005 potestatis.
2023 4935 2109 4990 Di-

509 5022 686 5078 cendo
703 5036 832 5077 vero
854 5042 864 5077 :
891 5044 914 5069 α
935 5023 999 5075 In
1013 5023 1243 5078 nomine
1259 5024 1503 5094 Domini,
1526 5047 1550 5072 η
1576 5025 1723 5080 istud
1737 5024 1914 5095 ipsum
1929 5024 2109 5088 docet,

509 5111 661 5184 quod
682 5112 796 5184 ipse
824 5126 984 5166 verus
1005 5111 1078 5166 sit
1108 5115 1289 5180 Deus;
1333 5129 1444 5168 non
1473 5114 1618 5168 enim
1645 5113 1838 5168 dicunt
1861 5129 1987 5168 eum
2017 5129 2108 5169 ve-

506 5201 627 5256 nire
656 5201 712 5255 in
740 5201 962 5256 nomine
991 5201 1150 5269 servi,
1194 5200 1289 5257 sed
1322 5202 1570 5257 Domini.
1611 5205 1681 5258 Et
1718 5203 1936 5273 insuper
1959 5219 2109 5259 asse-

505 5297 639 5344 runt
658 5289 806 5362 quod
842 5306 956 5345 non
986 5290 1058 5345 sit
1110 5289 1455 5347 adversarius
1485 5295 1625 5358 Deo,
1660 5290 1757 5346 sed
1796 5292 1850 5346 in
1886 5293 2110 5348 nomine

507 5377 688 5432 Patris
721 5379 949 5447 venerit,
991 5379 1132 5434 sicut
1166 5380 1354 5452 etipse
1383 5379 1658 5435 Dominus
1692 5380 1906 5451 inquit:
1935 5404 1957 5428 ‹‹
1992 5384 2109 5453 Ego

510 5465 633 5520 veni
673 5465 728 5520 in
772 5468 994 5523 nomine
1025 5468 1201 5524 Patris
1238 5469 1370 5538 mei,
1415 5469 1552 5524 alius
1600 5478 1786 5526 autem
1833 5470 2015 5525 veniet
2054 5472 2108 5526 in

511 5553 742 5610 nomine
784 5570 902 5610 suo.
967 5579 992 5604 ι»
1040 5560 1212 5613 Ροιτο
1261 5574 1446 5631 regem
1485 5560 1645 5614 Israel
1703 5560 2110 5632 appellaverunt

514 5657 667 5711 eum,
699 5641 942 5699 fortassis
961 5647 1213 5702 sensibile
1238 5647 1518 5719 quoddam
1554 5665 1783 5721 regnum
1810 5649 2110 5722 imaginan-

508 5739 595 5787 tes
622 5751 634 5788 :
660 5733 1055 5803 exspectabant
1083 5735 1227 5792 enim
1261 5745 1322 5793 ut
1347 5746 1592 5812 surgeret
1625 5755 1718 5795 rex
1746 5739 1924 5811 major
1943 5756 2107 5812 supra

2220 4573 2310 4644 τὸ,
2337 4601 2360 4626 α
2391 4576 2574 4633 Σῶσον
2597 4579 2766 4649 ἡμᾶς,
2794 4575 2956 4654 Κύριε
2985 4622 2999 4647 ,
3027 4578 3053 4634 6
3079 4575 3216 4642 Θεὸς
3235 4581 3407 4649 ἡμῶν.
3437 4605 3459 4629 ιο
3489 4577 3596 4637 Καὶ
3619 4602 3828 4638 παντα-

2220 4662 2373 4741 χόθεν
2431 4663 2494 4721 ἂν
2555 4662 2930 4742 συνελογίσατό
2986 4688 3084 4737 τις,
3144 4665 3223 4723 ὅτι
3279 4667 3376 4736 τὴν
3433 4667 3703 4747 σωτηρίαν
3744 4672 3825 4751 τῷ

2221 4754 2351 4831 Θεῷ
2405 4753 2548 4832 μόνῳ
2601 4758 2636 4825 ἡ
2685 4754 2874 4834 Γραφὴ
2927 4754 3227 4823 ἀνατίθησι.
3322 4759 3548 4834 Πρῶτον
3605 4757 3698 4834 μὲν
3730 4749 3824 4816 οὖν

2220 4847 2376 4900 τοῦτο
2407 4840 2730 4900 δεικνύουσιν
2781 4845 2826 4899 οἳ
2858 4843 2923 4902 τὰ
2965 4847 3055 4900 τοῦ
3104 4841 3272 4903 Δαυῒδ
3311 4844 3399 4902 ἐπὶ
3437 4845 3674 4925 Χριστοῦ
3725 4846 3824 4905 λέ-

2221 4953 2431 5009 γοντες,
2487 4929 2566 4989 ὅτι
2624 4931 2761 4998 Θεός
2823 4933 2996 4990 ἐστιν·
3059 4931 3276 5005 ἔπειτα,
3335 4934 3416 4992 ὅτι
3474 4934 3568 4992 καὶ
3626 4935 3824 5016 κυρίως

2220 5020 2376 5086 Θεός.
2411 5048 2435 5072 α
2467 5019 2530 5079 Ὁ
2555 5020 2836 5101 ἐρχόμενος
2869 5049 2892 5073 η
2914 5021 3040 5100 γὰρ,
3068 5022 3198 5103 φησὶ
3219 5067 3235 5096 ,
3262 5024 3383 5103 οὐχὶ
3409 5023 3709 5104 Ἀγόμενος.
3738 5026 3823 5086 Τὸ

2222 5107 2316 5185 μὲν
2377 5109 2480 5189 γὰρ
2537 5111 2777 5169 δουλικόν
2842 5135 2987 5184 πως,
3057 5111 3114 5170 τὸ
3173 5113 3226 5170 δὲ
3273 5112 3697 5185 ἐξουσιαστικὸν,
3757 5114 3824 5173 τὸ

2217 5196 2488 5278 ἔρχεσθαι.
2523 5200 2632 5259 Καὶ
2662 5203 2736 5280 τῷ
2769 5201 2936 5259 εἰπεῖν
2967 5200 3058 5278 δὲ,
3093 5229 3118 5252 σι
3149 5201 3246 5261 Ἐν
3284 5201 3506 5276 ὀνόματι
3535 5203 3760 5282 Κυρίου,
3792 5230 3816 5257 ν

2217 5287 2380 5369 ταύτὸ
2432 5293 2589 5346 τοῦτο
2649 5288 3024 5369 ἐμφαίνουσιν,
3077 5289 3137 5350 τὸ
3179 5290 3424 5362 ἀληθινὸν
3482 5291 3621 5352 Θεὸν
3661 5293 3820 5352 αὐτὸν

2219 5365 2380 5434 εἶναι·
2413 5379 2470 5434 οὗ
2501 5376 2604 5458 γὰρ
2636 5404 2658 5427 π
2693 5365 2745 5435 ἐν
2769 5378 2996 5455 ὀνόματι
3033 5401 3058 5436 a
3096 5378 3313 5454 δούλου,
3341 5380 3477 5439 ἀλλὰ
3505 5408 3528 5432 ιι
3560 5382 3760 5460 Κυρίου
3793 5410 3819 5434 ιι

2218 5465 2375 5546 φασὶν
2423 5466 2582 5525 αὐτὸν
2639 5467 2910 5548 ἔρχεσθαι.
2966 5469 3072 5527 Καὶ
3110 5469 3187 5528 ἔτι
3217 5473 3550 5549 παριστῶσιν
3599 5469 3680 5528 ὅτι
3723 5473 3820 5530 οὐκ

2217 5554 2358 5612 ἔστιν
2407 5556 2666 5628 ἀντίθεος,
2708 5559 2827 5614 ἀλλ’
2873 5558 2924 5614 ἐν
2967 5557 3188 5635 ὀνόματι
3221 5563 3312 5616 τοῦ
3361 5559 3576 5636 Πατρὸς
3620 5558 3816 5633 ἐλθὼν,

2216 5642 2399 5728 (gica-sp
2444 5643 2506 5714 δὴ
2553 5645 2644 5704 καὶ
2675 5644 2828 5711 αὐτὸς
2873 5649 2901 5703 6
2954 5646 3146 5725 Κύριός
3199 5670 3394 5728 φησιν,
3447 5647 3526 5706 ὅτι
3588 5674 3613 5702 α
3669 5648 3815 5728 Ἐγὼ

2217 5723 2382 5804 ἦλθον
2432 5736 2486 5792 ἐν
2542 5735 2618 5812 τῷ
2679 5733 2899 5812 ὀνόματι
2958 5723 3052 5795 τοῦ
3102 5723 3316 5818 Πατρός
3371 5761 3502 5814 μου,
3554 5738 3711 5805 ἄλλος
3749 5723 3815 5797 ’δὲ
