4198 6468
419 433 507 485 121
1231 429 1620 486 ENARBATIO
1657 430 1722 487 IN
1760 429 2025 486 EVANGE

2136 430 2195 486 lM
2229 430 2529 488 JOANNIS.
2565 459 2637 474 —
2674 433 2823 489 CAP.
2866 435 2972 491 Xll.
3647 443 3748 498 l22

415 558 688 618 ἐλεύσεται
735 559 793 617 ἐν
847 559 927 640 τῷ
975 558 1094 639 ἰδίῳ
1152 557 1397 636 ὀνόματι.
1448 586 1474 611 ιι
1530 558 1638 620 Καὶ
1703 558 1928 638 βασιλέα
1976 555 2025 617 δὲ

2145 574 2313 630 quam
2343 557 2450 615 fert
2487 558 2730 617 humana
2754 569 2984 631 natura,
3015 562 3108 634 qui
3141 561 3394 621 liberaret
3437 579 3533 622 eos
3561 582 3592 623 a
3637 568 3751 624 Ro-

419 654 512 707 τοῦ
548 648 784 727 Ἰσραὴλ
835 650 1142 708 ἀπεκάλουν
1176 649 1362 724 αὐτὸν,
1399 649 1542 728 τάχα
1591 648 1850 720 αἰσθητὴν
1887 653 2040 724 βασι-

2150 663 2448 704 manorum
2470 650 2724 723 imperio.

421 741 568 798 λείαν
614 738 1033 818 φανταζόμενοι.
1083 740 1434 821 Προσεδόκων
1487 738 1587 819 γὰρ
1638 738 2034 810 ἀναστήσεσθαί
2095 763 2214 798 τινα
2260 741 2483 820 βασιλέα
2540 742 2739 820 μείζω,
2790 740 2826 814 ἢ
2884 741 3023 802 κατὰ
3069 743 3164 817 τὴν
3215 744 3548 824 ἀνθρωπίνην
3593 747 3746 829 φύσιν

429 831 691 907 μέλλοντα
757 829 954 888 σώσειν
1006 830 1198 896 αὐτοὺς
1266 829 1374 889 ἀπὸ
1421 833 1517 901 τῆς
1564 832 1670 888 τῶν
1732 828 2022 905 Ῥωμαίων
2067 829 2422 910 ἐπικρατείας.

511 949 532 973 ι
586 919 770 999 Ιίύρὼν
803 920 859 978 δὲ
889 925 918 979 6
948 922 1160 990 Ἰησοῦς
1189 919 1392 1000 ὀνάριον
1415 965 1432 997 ,
1467 917 1707 979 ἐκάθισεν
1747 920 1832 978 ἐπ’
1869 921 1997 977 αὐτό
2017 943 2029 954 ο

427 1011 602 1078 καθώς
633 1014 744 1070 ἐστι
790 1008 1160 1090 γεγραμμένον
1180 1033 1192 1046 ·
1247 1009 1337 1081 Μὴ
1383 1008 1546 1089 φοϐοῦ
1566 1056 1581 1082 ,
1611 1007 1835 1089 θύγατερ
1870 1008 2030 1080 Σιὼν,

431 1102 540 1159 ἰδοὺ
604 1106 632 1160 6
697 1100 949 1179 βασιλεύς
1004 1123 1099 1158 σου
1165 1099 1381 1179 ἔρχεταί
1441 1122 1522 1158 σοι
1588 1099 1884 1176 καθήμενος
1942 1099 2028 1156 ἐπὶ

429 1194 609 1248 πῶλον
652 1189 792 1250 ὄνου.
826 1191 1018 1249 Ταῦτα
1049 1189 1104 1247 δὲ
1135 1193 1228 1248 οὐκ
1257 1188 1494 1267 ἔγνωσαν
1517 1190 1566 1247 οἱ
1598 1188 1837 1265 μαθηταὶ
1872 1191 2029 1248 αὐτοῦ

435 1282 498 1339 τὸ
535 1285 778 1361 πρῶτον,
811 1280 932 1337 ἀλλ’
965 1277 1051 1338 ὅτε
1077 1277 1337 1361 ἐδοξάσθη
1367 1283 1396 1337 6
1427 1277 1668 1351 Ἰησοῦς,
1715 1276 1836 1336 τότε
1867 1276 2030 1354 ἐμνή-

431 1359 665 1442 σθησαν,
717 1369 799 1429 ὅτι
849 1373 1020 1428 ταῦτα
1071 1359 1136 1440 ἦν
1181 1370 1270 1427 ἐπ’
1315 1371 1460 1448 αὐτῷ
1507 1367 1888 1447 γεγραμμένα,
1939 1366 2030 1426 καὶ

431 1466 606 1518 ταῦτα
655 1458 906 1531 ἐποίησαν
941 1460 1106 1538 αὐτῷ.
1144 1486 1168 1511 ιι
1219 1459 1347 1524 Πῶς
1396 1459 1442 1516 οἱ
1486 1457 1584 1534 μὲν
1619 1455 1772 1514 ἄλλοι
1803 1459 2028 1536 εὐαγγε-

435 1551 626 1608 λισταὶ
667 1549 756 1606 τὸν
803 1547 996 1626 Κύριόν
1047 1571 1181 1628 φασι
1225 1547 1353 1626 πρὸς
1395 1545 1515 1613 τοὺς
1545 1544 1788 1623 μαθητὰς
1832 1548 2028 1606 εἰπεῖν·

425 1667 453 1691 ι
492 1637 770 1706 Λύσαντες
822 1637 1052 1716 ἀγάγετέ
1101 1659 1218 1714 μοι’
1265 1662 1289 1689 ι
1339 1640 1366 1695 6
1412 1636 1467 1694 δὲ
1512 1635 1764 1707 Ἰωάννης
1803 1637 2030 1694 ἐνταῦθα

424 1730 577 1788 οὐδὲν
647 1726 874 1788 τοιοῦτόν
928 1750 1128 1806 φησιν,
1183 1726 1304 1785 ἀλλ’
1386 1725 1570 1793 ἁπλῶς
1645 1726 1785 1784 οὕτω
1843 1725 2025 1806 φησίν⁴

2141 1733 2237 1788 sed
2270 1742 2486 1790 tantum
2516 1735 2693 1807 inquit
2741 1755 2754 1793 :

430 1846 456 1870 ε
516 1816 706 1895 Εὓρὼν
739 1821 768 1875 6
797 1816 1002 1890 Ἰησοῦς
1030 1815 1271 1895 ὀνάριον;
1305 1843 1329 1868 ιι
1364 1815 1474 1876 Καὶ
1515 1814 1568 1874 τί
1593 1819 1783 1886 τοῦτο;
1819 1813 1894 1892 μὴ
1924 1816 2026 1896 γὰρ

431 1909 818 1986 διαφωνοῦσιν·
893 1907 1012 1964 ἀλλ’
1066 1905 1276 1964 ἐκείνων
1347 1904 1601 1964 εἰπόντων
1663 1903 2024 1985 πλατύτερον,

428 1989 581 2064 ὦτος
626 1993 1014 2075 ἐπιτομώτερον
1065 1994 1198 2076 ἔφη,
1245 1995 1340 2070 τὸ,
1409 2021 1435 2046 σι
1491 1992 1682 2075 Εὓρὼν
1735 1996 1764 2051 6
1821 1993 2028 2068 Ἰησοῦς

427 2086 661 2165 ὀνάριος.
724 2113 751 2139 ι
808 2085 976 2145 Λυθὲν
1031 2084 1134 2165 γὰρ
1198 2084 1346 2165 παρὰ
1405 2086 1510 2142 τῶν
1593 2086 1880 2162 μαθητῶν,
1936 2085 2027 2144 καὶ

427 2177 591 2256 ἀχθὲν
655 2166 772 2256 εἶρε
843 2174 935 2234 καὶ
993 2175 1234 2235 ἐκάθισεν
1285 2173 1368 2233 ἐπ’
1418 2174 1570 2237 αὐτό,
1631 2173 1736 2233 Διὰ
1793 2173 1848 2232 δὲ
1905 2173 2026 2232 τού-

425 2290 542 2338 του,
595 2265 688 2324 καὶ
757 2266 1084 2345 προφητείαν
1145 2264 1241 2342 μὲν
1298 2262 1532 2344 ἐπλήρου
1600 2269 1696 2323 τοῦ
1750 2263 2025 2342 Ζαχαρίου

428 2356 700 2422 εἰπόντος’
743 2383 768 2408 ιι
798 2353 892 2425 Μὴ
941 2353 1139 2435 φοϐοῦ,
1189 2352 1417 2432 θύγατερ
1451 2352 1595 2413 Σιὼν
1617 2399 1633 2430 ,
1669 2351 1781 2411 ἰδοὺ
1808 2356 1836 2410 6
1870 2356 2025 2431 βασι-

423 2445 546 2512 λεύς
598 2469 692 2504 σου
742 2443 954 2525 ἔρχεταί
991 2467 1075 2502 σοι
1127 2443 1426 2520 καθήμενος
1455 2442 1543 2502 ἐπὶ
1584 2445 1760 2501 πῶλον
1797 2440 1942 2503 ὄνου.
2003 2467 2028 2494 ι

423 2533 651 2606 Ἐπειδὴ
687 2535 797 2613 γὰρ
843 2537 917 2599 ὡς
955 2533 1044 2591 ἐπὶ
1093 2530 1153 2591 τὸ
1194 2533 1444 2592 πλεῖστον
1482 2535 1530 2592 οἱ
1576 2533 1628 2589 ἐν
1669 2530 2028 2610 Ἰερουσαλὴμ

422 2625 797 2702 βασιλεύοντες
833 2621 1006 2682 ἄδικοί
1050 2645 1107 2680 τε
1138 2613 1304 2695 ἦσαν,
1357 2624 1450 2680 καὶ
1496 2619 1832 2693 πλεονέκται,
1866 2622 2026 2701 φησὶν

421 2718 450 2772 6
483 2713 791 2794 προφήτης.
825 2739 848 2765 α
883 2712 978 2784 Μὴ
1011 2712 1198 2793 φοϐοῦ,
1232 2713 1374 2771 Σιών
1398 2734 1411 2748 ·
1445 2737 1470 2764 ιο
1501 2715 1528 2771 6
1556 2709 1660 2792 γὰρ
1689 2710 2028 2791 προφητευό-

424 2804 580 2880 μενός
638 2826 722 2861 σοι
778 2804 906 2882 παρ’
961 2804 1091 2877 ἐμοῦ
1152 2801 1416 2880 βασιλεὺς,
1460 2803 1520 2860 οὖ
1574 2805 1826 2874 τοιοῦτος,
1888 2798 2025 2858 ἀλλὰ

423 2902 591 2971 πρᾶος
624 2894 714 2951 καὶ
765 2892 1134 2972 μετριόφρων,
1180 2891 1272 2949 καὶ
1304 2891 1451 2951 οὐδὲν
1504 2889 1820 2958 ἀλαζονικὸν
1866 2892 2025 2949 ἐνδεια

423 2986 702 3060 κνύμενος·
769 2981 861 3040 καὶ
913 2983 1179 3040 δείκνυται
1228 2980 1334 3039 ἀπὸ
1384 2987 1477 3040 τοῦ
1525 2979 1631 3059 ὄνῳ
1694 2978 2026 3055 ἐπικαθήμε-

424 3096 510 3140 νος
551 3076 742 3133 ἐλθεῖν.
779 3073 862 3132 Οὖ
893 3070 996 3150 γὰρ
1037 3070 1394 3150 στρατόπεδον
1429 3069 1805 3148 ἐπισυρόμενος
1837 3073 2027 3140 εἰσῆλ-

423 3168 510 3221 θεν
533 3208 550 3236 ,
583 3162 701 3221 ἀλλ’
743 3163 846 3241 ὄνῳ
879 3158 1250 3240 ἐποχούμενος.
1293 3151 1405 3220 ῗΗν
1455 3158 1507 3218 δὲ
1542 3158 1634 3218 καὶ
1664 3164 1755 3218 τοῦ
1799 3158 2028 3236 μέλλον-

424 3275 516 3318 τος
552 3252 817 3328 σύμϐολον
847 3251 907 3309 τὸ
944 3252 1252 3309 ἐπικαθίσαι
1313 3249 1470 3309 αὐτὸν
1524 3248 1645 3330 ὄνῳ.
1702 3249 2024 3328 Ἀκάθαρτον

425 3341 531 3419 μὲν
582 3342 681 3419 γὰρ
724 3347 879 3401 τοῦτο
925 3343 1058 3408 ζῶον
1090 3340 1238 3419 παρὰ
1287 3342 1365 3420 τῷ
1412 3338 1584 3418 νόμῳ,
1626 3337 1914 3420 ,σύμϐολον
1969 3336 2024 3397 δὲ

419 3437 517 3490 τοῦ
566 3433 871 3509 ἀκαθάρτου
915 3434 1008 3488 τοῦ
1058 3432 1165 3487 τῶν
1196 3431 1357 3489 ἐθνῶν
1404 3431 1574 3504 λαοῦ,
1612 3419 1657 3508 ᾧ
1707 3427 2026 3500 ἐπικάθηται

417 3527 447 3581 6
493 3528 587 3580 τοῦ
629 3526 775 3581 Θεοῦ
823 3520 994 3597 Λόγος
1037 3518 1263 3590 Ἰησοῦς,
1311 3517 1618 3577 ὑποτάττων
1672 3515 1760 3575 τὸν
1816 3516 2024 3576 ἀνυπό-

416 3635 613 3670 τακτον
644 3611 737 3668 καὶ
785 3611 1104 3669 ἀπαίδευτον
1152 3613 1336 3668 τοῦτον
1369 3611 1440 3674 ὡς
1468 3611 1647 3667 πῶλον
1671 3653 1687 3682 ,
1724 3606 1886 3688 φημὶ,
1934 3606 2023 3665 τὸν

415 3703 531 3760 νέον
565 3701 732 3774 λαὸν,
766 3697 821 3757 ὃν
866 3697 959 3758 καὶ
1002 3697 1186 3777 ἀνάγει
1235 3698 1326 3756 ἐπὶ
1365 3696 1463 3769 τὴν
1519 3695 1774 3769 ἀληθινὴν
1830 3693 2028 3775 Ἰερου-

419 3792 652 3869 σαλὴμ,
703 3791 1004 3869 ὑποχείριον
1060 3789 1202 3867 αὐτῷ
1255 3787 1346 3846 καὶ
1400 3785 1659 3859 ὕποκλινῆ
1711 3783 2019 3864 γενόμενον.

421 3873 496 3940 Ἦ
531 3879 636 3959 γὰρ
683 3879 802 3959 οὐχὶ
832 3877 949 3944 τοὺς
989 3875 1041 3945 ἐξ
1071 3878 1227 3936 ἐθνῶν
1269 3875 1567 3955 συνήγαγεν
1616 3876 1703 3935 ἐπὶ
1737 3875 1823 3934 τὸν
1868 3877 2022 3956 οὖρα-

418 3971 506 4028 νὸν
536 3975 566 4030 6
601 3970 828 4049 Κύριος,
879 3967 1008 4026 λαὸν
1054 3967 1214 4024 αὐτοῦ
1243 3966 1593 4044 γενομένους,
1638 3965 1729 4024 καὶ
1778 3963 2024 4024 ὑπακού-

421 4083 619 4125 σαντας
659 4062 733 4139 τῷ
759 4061 1108 4137 κηρύγματι,
1136 4055 1404 4135 Ἐμήνυον
1457 4055 1512 4114 δὲ
1544 4053 1636 4113 καὶ
1687 4057 1735 4113 οἱ
1766 4053 2021 4134 φοίνικες,

419 4150 568 4227 τάχα
611 4149 708 4224 μὲν
745 4147 838 4206 καὶ
870 4146 931 4206 τὸ
973 4145 1192 4218 νικητὴν
1243 4145 1398 4204 αὐτὸν
1434 4144 1678 4222 γενέσθαι
1725 4149 1818 4202 τοῦ
1865 4143 2024 4202 θανά-

416 4261 513 4298 του
546 4237 926 4308 ἀναστήσαντα
955 4234 1043 4294 τὸν
1079 4235 1354 4314 Λάζαρον·
1405 4236 1434 4291 6
1477 4233 1579 4313 γὰρ
1617 4231 1789 4315 φοίνιξ
1826 4235 1879 4292 ἐν
1913 4233 2024 4300 τοῖς

421 4332 597 4408 ἀγῶσι
618 4330 726 4394 τοῖς
747 4334 992 4399 νικηταῖς
1015 4325 1238 4385 ἐδίδοτο.
1262 4324 1424 4403 Τάχα
1453 4324 1507 4383 δὲ
1537 4324 1725 4396 ἐδήλου
1748 4323 1838 4381 καὶ
1862 4322 1923 4380 τὸ
1943 4325 2024 4382 οὐ·

420 4419 600 4498 ράνιον
635 4407 768 4476 εἶναι
818 4416 909 4476 τὸν
941 4413 1373 4494 εὖφημούμενον,
1428 4414 1521 4472 καὶ
1565 4413 1752 4494 ὑψόθεν
1799 4411 2022 4483 ἥκοντα.

421 4510 598 4573 Μόνος
622 4506 728 4587 γὰρ
757 4511 862 4566 τῶν
894 4507 1069 4563 ἄλλων
1094 4503 1316 4583 δένδρων
1348 4501 1610 4562 ἀνατείνει
1639 4501 1734 4579 μὲν
1769 4503 1837 4569 εἷς
1864 4499 2026 4560 αὐτὸν

417 4601 508 4658 τὸν
535 4598 779 4677 οὐρανὸν,
807 4597 877 4663 ὥς
902 4597 1088 4668 εἰπεῖν,
1118 4596 1170 4653 ἐν
1197 4594 1316 4675 ὕψει
1339 4593 1394 4653 δὲ
1425 4603 1569 4671 κομᾷ
1604 4589 1827 4659 θαλλοὺς
1853 4591 2025 4674 φέρων

421 4688 509 4748 ἐπὶ
541 4691 641 4758 τῆς
689 4687 858 4762 κόμης
889 4683 1136 4750 λευκούςο
1187 4687 1240 4744 ἐν
1291 4682 1348 4741 δὲ
1377 4684 1454 4764 τῷ
1503 4681 1745 4762 στελέχει
1787 4681 1878 4740 καὶ
1919 4691 2025 4746 τοῖς

421 4777 605 4854 μέσοις
649 4775 778 4856 ἄχρι
805 4779 899 4845 τῆς
944 4778 1209 4855 κορυφῆς,
1251 4771 1453 4854 τραχύς
1503 4773 1619 4830 ἐστι
1674 4771 1766 4830 καὶ
1799 4767 2026 4830 δυσανό-

421 4870 634 4938 δευτος,
666 4863 786 4932 τοὺς
815 4865 901 4922 ἐπὶ
940 4867 1045 4922 τῶν
1094 4863 1302 4922 κλάδων
1336 4860 1600 4927 σκόλοπας
1649 4859 2026 4940 προϐαλλόμε-

419 4981 526 5022 νος.
557 4954 750 5020 Οὕτως
784 4945 871 5011 οὖν
918 4952 1010 5011 καὶ
1053 4955 1080 5011 6
1130 4951 1260 5033 πρὸς
1287 4951 1385 5022 τὴν
1421 4955 1513 5010 τοῦ
1546 4951 1678 5010 Υἷοῦ
1725 4950 1817 5008 καὶ
1847 4949 2023 5027 Λόγου

417 5051 511 5104 τοῦ
570 5049 715 5105 Θεοῦ
786 5046 979 5120 γνῶσιν
1041 5038 1312 5115 ἐλαύνων,
1388 5047 1643 5120 τραχεῖαν
1702 5039 1796 5117 μὲν
1858 5037 2024 5110 αὐτὴν

416 5135 636 5214 εὑρήσει
682 5131 777 5193 καὶ
831 5133 1070 5203 ἀνάντη,
1132 5130 1216 5189 διὰ
1273 5133 1378 5189 τῶν
1431 5128 1610 5189 κόπων
1681 5127 1874 5188 ὁδεύων
1929 5131 2024 5199 τῆς

417 5229 646 5306 ἀρετῆς·
680 5223 808 5305 πρὸς
853 5223 910 5281 δὲ
952 5221 1015 5281 τὸ
1060 5219 1188 5301 ὕψος
1236 5224 1330 5293 τῆς
1369 5218 1618 5299 γνώσεως
1676 5217 2022 5300 ἀφικόμενος,

413 5315 712 5384 ἐπεύξεται
770 5316 849 5394 τῷ
906 5310 1278 5391 λαμπροτάτῳ
1326 5313 1423 5382 τῆς
1486 5309 1800 5386 θεογνωσίας
1851 5308 2019 5388 φωτὶ,

411 5406 506 5465 καὶ
559 5409 628 5486 τῇ
681 5401 1031 5481 ἀποκαλύψει
1080 5405 1186 5459 τῶν
1231 5398 1581 5480 ἀπορρήτων,
1633 5398 1874 5478 καθάπερ
1918 5401 2022 5464 τοῖς

410 5505 502 5558 τοῦ
546 5496 776 5576 φοίνικος
803 5490 1154 5556 λευκοτάτοις
1201 5493 1429 5558 θαλλοῖς.
1487 5489 1566 5550 Σὺ
1609 5489 1668 5548 δέ
1697 5511 1787 5567 μοι
1817 5486 2024 5566 θαύμα-

409 5592 463 5657 ζε
511 5587 598 5648 τὸν
644 5579 1047 5668 εὖαγγελιστὴν
1073 5625 1092 5655 ,
1134 5582 1246 5646 πῶς
1292 5582 1386 5639 οὐκ
1432 5577 1840 5660 ἐπαισχύνεται,
1902 5577 2024 5637 ἀλλ’

466 5783 502 5818 ⁸⁸
527 5781 768 5841 Zachar.
799 5790 898 5844 ιχ,
935 5776 996 5826 9.

2216 931 2392 984 Vsus.
2433 934 2610 987 14-16.
2643 953 2666 979 α
2695 934 2900 988 Nactus
2931 940 3114 989 autem
3142 935 3301 990 Jesus
3330 935 3577 999 asellam.
3603 937 3749 992 sedit

2139 1032 2306 1088 super
2334 1033 2455 1074 eam
2507 1039 2519 1074 :
2567 1020 2704 1076 sicut
2749 1021 3022 1094 scriptum
3061 1031 3144 1079 est
3179 1045 3190 1079 :
3224 1025 3345 1080 Noli
3377 1024 3592 1093 timere,
3634 1025 3745 1082 ﬁlia

2140 1107 2290 1176 Sion,
2318 1123 2441 1164 ecce
2461 1125 2555 1164 rex
2580 1118 2710 1166 tuus
2739 1111 2888 1166 venit
2912 1111 3108 1168 sedens
3134 1129 3296 1184 super
3322 1114 3536 1185 pullum
3562 1115 3744 1172 asinae.

2140 1199 2274 1252 Haec
2300 1205 2480 1253 autem
2507 1215 2619 1254 non
2639 1202 3287 1274 cognoveruntdiscipuli
3308 1203 3432 1276 ejus
3460 1204 3700 1275 primum
3728 1222 3743 1260 :

2138 1287 2232 1342 sed
2282 1286 2506 1358 quando
2572 1289 2905 1360 gloriﬁcatus
2951 1299 3036 1346 est
3074 1293 3256 1361 Jesus,
3303 1301 3434 1348 tunc
3477 1295 3745 1351 recordati

2137 1384 2267 1431 sunt
2316 1378 2464 1448 quod
2495 1377 2611 1434 haec
2662 1389 2847 1435 essent
2884 1381 3086 1452 scripta
3116 1381 3183 1438 de
3213 1398 3299 1451 eo,
3330 1390 3385 1438 et
3429 1383 3576 1454 quod
3625 1384 3745 1440 haec

2138 1463 2394 1522 fecissent
2438 1466 2505 1523 ei.
2557 1490 2584 1516 ι
2635 1469 2930 1538 Quomodo
2983 1471 3076 1526 alii
3123 1472 3347 1542 quidem.
3394 1473 3743 1546 evangelista?

2139 1556 2441 1611 Dominum
2473 1556 2668 1613 dicunt
2691 1557 2761 1614 ad
2790 1559 3090 1630 discipulos
3114 1560 3353 1617 dixisse:
3383 1584 3407 1609 α
3432 1562 3658 1630 Solvite,
3688 1572 3746 1619 et

2140 1642 2397 1700 adducite
2449 1646 2615 1714 mihi;
2665 1669 2690 1696 ι
2723 1651 2968 1704 Joannes
3010 1659 3195 1708 autem
3238 1651 3378 1706 nihil
3431 1651 3536 1707 tale
3587 1651 3740 1722 dicit,

2816 1757 2844 1790 α
2871 1739 3076 1795 Nactus
3103 1743 3263 1796 Jesus
3301 1740 3561 1796 asellam?
3594 1764 3617 1790 υ
3671 1745 3746 1799 Et

2137 1823 2269 1895 quid
2315 1824 2451 1880 hoc?
2495 1827 2619 1880 Non
2647 1825 2794 1882 enim
2829 1827 2969 1882 inter
3011 1843 3068 1883 se
3106 1829 3402 1898 dissident;
3451 1831 3545 1885 sed
3571 1831 3740 1902 673

2137 1912 2287 1984 quod
2324 1912 2398 1968 illi
2437 1913 2702 1970 dixerunt
2745 1913 2942 1985 fusius,
2989 1916 3076 1972 hic
3123 1918 3366 1990 quodam
3409 1919 3742 1991 compendio

2137 2001 2278 2058 dixit
2329 2021 2340 2056 :
2393 2025 2418 2052 ιι
2463 2006 2673 2060 Nactus
2716 2007 2881 2061 Jesus
2920 2006 3168 2062 asellam.
3225 2029 3251 2055 ι»
3297 2008 3548 2064 Solutam
3588 2009 3742 2064 enim

2138 2107 2170 2147 a
2197 2091 2477 2164 discipulis
2503 2101 2558 2149 et
2580 2093 2875 2150 adductam
2905 2095 3132 2165 invenit,
3165 2105 3218 2152 et
3242 2097 3386 2152 sedit
3405 2113 3569 2168 super
3594 2114 3738 2166 eam,

2137 2189 2193 2237 et
2237 2190 2528 2254 propterea
2569 2183 2740 2238 etiam
2776 2183 3126 2256 prophetiam
3155 2185 3396 2258 implevit
3429 2187 3733 2259 Zachariae,

2137 2272 2234 2344 qui
2264 2271 2404 2327 dixit
2449 2290 2462 2326 :
2503 2295 2529 2322 σι
2576 2276 2660 2330 Ne
2703 2273 2913 2342 timeas,
2959 2274 3069 2330 ﬁlia
3117 2276 3269 2345 Sion,
3316 2291 3441 2332 ecce
3470 2293 3560 2332 rex
3606 2286 3734 2333 tuus

2138 2361 2287 2415 venit
2307 2361 2404 2416 tibi
2424 2361 2620 2418 sedens
2646 2379 2810 2434 super
2839 2364 3052 2435 pullum
3081 2366 3250 2421 asinae
3279 2365 3336 2419 ³⁵.
3372 2389 3397 2414 ι»
3431 2366 3568 2436 Quia
3598 2367 3744 2422 enim

2137 2458 2200 2504 ut
2221 2450 2517 2520 plurimum
2539 2467 2693 2522 reges
2711 2453 3016 2508 Jerusalem
3040 2453 3229 2525 injusti
3250 2463 3304 2510 et
3323 2456 3472 2510 avari
3495 2454 3742 2524 fuerunt,

2137 2537 2270 2594 dicit
2290 2539 2556 2610 pr0pheta
2584 2558 2597 2594 :
2627 2562 2652 2588 ιι
2681 2543 2760 2596 Ne
2782 2541 3006 2607 timeas,
3026 2542 3176 2597 Sion.
3209 2565 3236 2592 ν
3259 2546 3404 2598 Nam
3429 2560 3522 2599 rex
3539 2544 3608 2600 de
3630 2560 3742 2616 quo

2139 2626 2376 2698 praedico
2408 2628 2530 2695 tibi,
2567 2645 2684 2684 non
2727 2630 2852 2685 talis
2889 2639 2992 2698 est,
3039 2631 3134 2687 sed
3161 2632 3313 2686 mitis
3338 2641 3394 2688 et
3434 2631 3742 2702 modestus,

2138 2726 2192 2773 et
2227 2717 2436 2773 nullam
2467 2734 2578 2790 pra:
2607 2735 2664 2774 se
2689 2718 2870 2775 ferens
2908 2721 3272 2793 arrogantiam
3308 2740 3321 2777 :
3352 2722 3521 2794 idque
3551 2730 3742 2777 osten-

2136 2806 2288 2862 ditur
2331 2824 2396 2862 ex
2425 2823 2490 2863 eo
2516 2808 2664 2880 quod
2707 2808 2950 2865 insidens
2993 2811 3148 2865 asino
3179 2810 3379 2866 veniat.
3427 2814 3554 2866 Non
3595 2812 3741 2868 enim

2137 2897 2439 2952 exercitum
2471 2905 2596 2968 post
2650 2913 2708 2952 se
2740 2898 2962 2954 trahens
2992 2899 3278 2970 ingressus
3307 2908 3411 2968 est,
3444 2901 3540 2956 sed
3583 2902 3742 2956 asino

2138 2994 2346 3041 vectus.
2397 2989 2527 3041 Erat
2555 2995 2610 3041 et
2638 2986 2800 3042 futuri
2840 2989 3153 3060 symbolum
3197 2990 3343 3060 quod
3389 2989 3506 3062 ipse
3542 2989 3745 3046 sederit

2139 3091 2304 3146 super
2347 3076 2512 3130 asina.
2545 3077 2904 3133 lmmundum
2951 3079 3100 3133 enim
3134 3078 3338 3134 animal
3383 3079 3490 3134 hoc
3520 3079 3573 3134 in
3605 3080 3739 3151 lege,

2136 3165 2450 3237 symbolum
2499 3175 2615 3221 erat
2662 3166 2936 3222 immundi
2987 3168 3271 3238 gentilium
3319 3169 3528 3239 populi,
3576 3183 3742 3240 super

2136 3271 2246 3327 quo
2296 3256 2503 3310 insedit
2540 3256 2643 3311 Dei
2690 3257 2935 3312 Verbum
2963 3259 3145 3325 Jesus,
3178 3257 3475 3330 subjiciens
3507 3257 3741 3313 indomi-

2136 3353 2256 3400 tum
2282 3352 2338 3400 et
2362 3345 2696 3401 ineruditum
2729 3346 2884 3402 illum
2926 3347 3080 3418 quasi
3119 3348 3349 3418 pullum,
3381 3364 3589 3404 novum
3619 3348 3740 3404 dico

2137 3434 2424 3506 populum,
2446 3443 2500 3490 et
2523 3435 2752 3492 adduxit
2776 3436 2832 3491 in
2851 3438 3161 3493 Jerusalem
3177 3454 3387 3504 veram,
3414 3455 3541 3493 cum
3563 3437 3742 3493 factus

2135 3532 2279 3579 esset
2320 3523 2573 3580 subditus
2619 3526 2686 3580 ei.
2732 3529 2938 3581 Annon
2976 3535 3031 3581 et
3067 3543 3162 3582 eos
3209 3528 3300 3598 qui
3352 3543 3417 3583 ex
3459 3528 3738 3599 gentibus,

2133 3615 2479 3685 congregavit
2507 3613 2565 3668 in
2612 3614 2812 3670 coelum
2843 3615 3136 3684 Dominus,
3170 3615 3346 3672 factos
3390 3616 3491 3672 sibi
3540 3617 3595 3672 in
3636 3632 3734 3687 po-

2134 3704 2350 3774 pulum,
2381 3711 2436 3757 et
2482 3702 2799 3759 obedientes
2845 3704 2963 3776 ejus
3011 3705 3420 3776 prmdicationi?
3478 3707 3742 3762 Declara-

2133 3791 2270 3846 bant
2297 3797 2477 3846 autem
2516 3799 2571 3846 et
2600 3791 2819 3862 palmae,
2864 3792 3097 3848 fortasse
3127 3794 3352 3864 quidem
3381 3795 3530 3864 quod
3567 3802 3620 3849 et
3663 3795 3740 3850 vi-

2132 3889 2254 3936 ctor
2268 3879 2433 3935 fuerit
2458 3880 2675 3948 mortis,
2694 3881 3021 3936 resuscitato
3048 3883 3279 3937 Lazaro.
3305 3882 3493 3937 Palma
3521 3881 3664 3937 enim
3685 3883 3741 3937 in

2133 3968 2524 4025 certaminibus
2600 3969 2761 4024 datur
2835 3970 3153 4026 victoribus.
3216 3971 3489 4027 Fortassis
3553 3979 3739 4027 autem

2132 4059 2521 4132 signiﬁcabant
2547 4075 2672 4115 eum
2702 4059 2797 4132 qui
2824 4059 3171 4129 laudabatur,
3202 4060 3484 4116 caelestem
3509 4076 3650 4128 esse,
3685 4071 3740 4117 et

2133 4165 2163 4205 e
2189 4149 2426 4205 summis
2456 4149 2692 4205 venisse.
2717 4149 2842 4205 Sola
2867 4149 3011 4205 enim
3043 4151 3274 4206 aliarum
3295 4150 3558 4207 arborum
3584 4150 3742 4224 erigit

2133 4253 2192 4294 se
2223 4238 2274 4293 in
2300 4239 2483 4310 ipsum
2513 4240 2740 4307 cmlum,
2773 4247 2836 4295 ut
2859 4237 2937 4294 sic
2970 4239 3172 4305 dicam;
3202 4241 3261 4295 in
3295 4241 3619 4297 summitate
3641 4256 3736 4296 au-

2133 4335 2248 4383 tem
2277 4327 2404 4383 folia
2430 4328 2614 4396 habet,
2653 4329 2772 4383 alba
2803 4329 3052 4401 germina
3079 4329 3135 4383 in
3157 4328 3290 4385 folio
3327 4329 3538 4400 ferens;
3574 4346 3739 4402 porro

2137 4417 2196 4472 in
2220 4425 2416 4472 trunco
2447 4426 2501 4472 et
2529 4417 2729 4473 mediis
2773 4434 2942 4489 usque
2973 4418 3044 4473 ad
3076 4417 3356 4490 fastigium
3401 4435 3590 4490 aspera
3634 4428 3738 4487 est,

2139 4514 2195 4563 et
2224 4507 2308 4561 vix
2339 4507 2674 4563 ascensibilis
2709 4525 2722 4564 :
2768 4506 2826 4561 in
2867 4507 3041 4563 ramis
3086 4516 3274 4562 autem
3315 4508 3490 4579 virgas
3529 4516 3740 4564 erectas

2138 4597 2489 4667 promittens.
2537 4599 2616 4652 Ita
2671 4604 2727 4652 et
2754 4595 2849 4669 qui
2902 4595 2976 4651 ad
3029 4596 3410 4668 cognitionem
3467 4596 3634 4652 Verbi
3685 4606 3742 4653 et

2137 4687 2260 4743 Filii
2291 4686 2392 4741 Dei
2422 4694 2699 4758 properat,
2730 4701 2984 4756 asperam
3015 4686 3242 4757 quidem
3288 4685 3437 4741 illam
3480 4685 3737 4755 inveniet,

2136 4775 2427 4831 ambulans
2470 4792 2564 4847 per
2617 4774 2831 4831 labores
2873 4775 3106 4830 virtutis.
3151 4775 3392 4832 Veniens
3437 4785 3621 4831 autem
3667 4775 3740 4832 ad

2136 4864 2517 4922 summitatem
2555 4864 2818 4928 scientiae,
2857 4872 3174 4935 asseqnetur
3205 4863 3630 4938 fulgidissimum
3659 4865 3740 4920 lu-

2138 4971 2263 5011 men
2287 4954 2618 5026 cognitionis
2643 4953 2860 5017 divinm,
2890 4962 2945 5009 et
2967 4954 3358 5010 revelationem
3376 4955 3738 5010 invisibilium

2137 5053 2194 5100 et
2229 5042 2615 5111 ineifabilium,
2645 5043 2803 5114 quasi
2845 5043 3236 5100 candidissima
3267 5045 3572 5115 palmarum
3613 5058 3737 5113 ger-

2134 5134 2310 5190 mina.
2331 5135 2606 5189 Cazterum
2627 5132 2905 5189 admirare
2931 5132 3019 5189 hic
3038 5133 3429 5204 evangelistam
3453 5131 3738 5203 quomodo

2133 5239 2244 5279 non
2300 5223 2604 5290 erubescat,
2660 5221 2755 5278 sed
2807 5222 3026 5294 evulget
3079 5221 3322 5293 primum
3361 5220 3738 5292 apostolorum

2133 5313 2518 5385 ignorantiam.
2557 5335 2582 5361 α
2618 5314 2750 5368 Haec
2789 5311 2964 5378 enim,
2992 5311 3196 5382 inquit,
3227 5325 3342 5365 non
3372 5317 3742 5380 cognoverunt

2133 5403 2382 5474 discipuli
2413 5402 2532 5475 ejus
2563 5402 2824 5473 primum,
2856 5400 2952 5455 sed
2973 5399 3194 5472 quando
3222 5399 3382 5453 Jesus
3407 5398 3742 5470 glorificatus

2134 5503 2237 5552 est.
2271 5517 2296 5543 ι)
2321 5493 2570 5550 Gloriam
2598 5500 2785 5546 autem
2806 5488 2942 5545 dicit
2969 5487 3347 5544 ascensionem
3377 5496 3502 5560 post
3519 5503 3739 5545 crucem

2134 5593 2190 5643 et
2243 5583 2573 5657 passionem.
2622 5582 2776 5636 Tunc
2821 5578 2968 5634 enim
2997 5586 3374 5649 cognoverunt
3420 5579 3475 5634 in
3500 5577 3736 5634 adventu
