4198 6450
487 438 586 493 123

1509 435 2022 492 THEOPHYLACTI
2063 433 2419 490 BULGARIE
2458 432 2771 488 ARCHIEP.
3213 464 3222 474 -
3695 433 3790 486 124

481 563 732 636 Spiritus,
760 561 957 636 «quod
974 561 1044 619 de
1063 562 1158 618 illo
1186 571 1370 619 essent
1391 562 1610 634 scripta.
1630 585 1654 612 ι
1680 565 1822 617 Nam
1844 561 2092 618 fortassis

2215 559 2529 635 ἔκπομπεύει
2573 557 2670 632 τὴν
2717 556 2981 640 προτέραν
3032 556 3249 636 ἄγνοιαν
3296 559 3398 616 τῶν
3457 557 3788 618 ἀποστόλων.

492 654 768 710 sciverunt
789 651 936 726 quod
959 653 1170 709 fuerint
1193 654 1389 725 scripta
1421 675 1432 710 :
1467 653 1613 725 quod
1637 661 1823 708 autem
1853 652 1922 707 de
1942 653 2092 719 Jesu,

492 744 884 816 ignoraverunt
938 763 950 798 :
994 743 1162 815 idque
1210 744 1435 810 utiliter,
1494 743 1692 815 alioqui
1742 741 2097 798 seandalizati

491 831 726 889 fuissent
764 848 893 887 cum
937 833 1372 905 crucifigeretur,
1423 833 1697 904 siquidem
1740 848 1836 888 rex
1883 845 1914 888 a
1954 830 2098 888 Scri-

493 931 652 995 ptura
687 921 1048 977 annuntiatus
1077 920 1268 978 fuisset
1298 923 1422 978 talia
1454 938 1663 994 passus.

2207 678 2230 704 α
2277 653 2467 710 Ταῦτα
2497 648 2622 730 γὰρ,
2658 649 2845 731 φησὶν,
2878 651 2973 708 οὐκ
3012 646 3250 726 ἔγνωσαν
3289 652 3337 708 οἱ
3369 645 3608 723 μαθηταὶ
3641 649 3799 708 αὐτοῦ

2205 740 2265 800 τὸ
2297 739 2578 818 πρότερον,
2606 743 2726 799 ἀλλ’
2772 738 2858 798 ὅτε
2909 739 3113 811 Ἰησοῦς
3152 736 3434 810 ἐδοξάσθη.
3469 767 3493 790 ι
3543 737 3713 806 Δόξαν
3745 736 3801 796 δὲ

2205 831 2348 908 λέγει
2398 829 2494 899 τὴν
2541 827 2677 905 μετὰ
2724 829 2814 888 τὸν
2860 828 3087 908 σταυρὸν
3137 827 3327 887 καὶτὸ
3383 827 3551 894 πάθος
3604 826 3803 901 ἀνάλη-

2167 985 2182 994 ,
2207 924 2318 1000 ψιν.
2363 919 2500 979 Τότε
2550 919 2616 992 δὴ
2659 918 2779 978 τότε
2820 918 3054 996 ἔγνωσαν
3187 922 3281 976 τοῦ
3314 917 3629 995 Πνεύματος
3672 917 3808 976 πάν-

493 1036 594 1079 τως
638 1009 925 1092 παρουσίᾳ,
971 1037 994 1064 α
1037 1009 1115 1070 ὅτι
1167 1015 1254 1070 ἐπ’
1308 1014 1452 1092 αὐτῷ
1509 1003 1646 1085 ἦσαν
1697 1011 2138 1092 γεγραμμέναη»
2175 1004 2307 1070 Ὅτι
2358 1007 2453 1086 μὲν
2505 1006 2608 1090 γὰρ
2653 1009 2986 1088 ἐγέγραπτο,
3039 1006 3198 1087 τυχὸν
3244 1007 3472 1089 ᾔδεσανο
3519 1005 3600 1064 ὅτι
3633 1005 3687 1064 δὲ
3721 1008 3811 1066 ἐπὶ

494 1105 586 1160 τοῦ
618 1091 834 1174 Ἰησοῦ,
879 1107 1032 1161 τοῦτο
1085 1100 1277 1169 αὖτοὺς
1327 1091 1580 1161 ἐλάνθανε
1629 1102 2032 1182 συμφερόντως’
2155 1097 2258 1178 γὰρ
2305 1101 2368 1156 ἂν
2420 1098 2911 1170 ἐσκανδαλίσθησαν
2977 1099 3060 1156 ἐπ’
3108 1099 3249 1178 αὐτῷ
3304 1095 3715 1178 σταυρουμένῳ,
3766 1095 3816 1156 εἴ

495 1214 556 1270 γε
600 1190 851 1271 βασιλεὺς
883 1191 1032 1272 παρὰ
1067 1196 1161 1263 τῆς
1189 1195 1419 1272 Γραφῆς,
1450 1193 1913 1272 ἀναγορευόμενος,
1941 1195 2158 1250 τοιαῦτα
2188 1189 2404 1270 πάσχει.

567 1291 745 1346 Vsus.
793 1295 968 1345 17-19.
1003 1312 1027 1338 ιι
1065 1291 1393 1346 Testabatur
1429 1291 1598 1362 igitur
1634 1291 1795 1346 turba
1826 1305 1951 1362 qua:
1980 1296 2099 1345 erat

497 1395 626 1435 cum
646 1395 712 1435 eo
742 1379 962 1452 quando
982 1380 1258 1435 Lazarum
1285 1381 1495 1435 vocavit
1522 1381 1590 1436 de
1629 1388 2015 1444 monumento,
2044 1385 2100 1434 et

495 1468 775 1525 suscitavit
817 1484 945 1524 eum
977 1485 1010 1524 a
1048 1469 1304 1525 mortuis.
1344 1473 1636 1541 Propterea
1664 1479 1717 1525 et
1759 1469 1977 1524 obviam
2004 1483 2098 1523 ve-

497 1557 578 1613 nit
627 1557 675 1614 ei
717 1558 902 1626 turba,
934 1557 1082 1631 quod
1129 1558 1416 1615 audierant
1458 1575 1586 1614 eum
1617 1558 1849 1615 edidisse
1877 1558 1984 1613 hoc
2027 1557 2100 1612 si-

496 1663 690 1720 gnum.
717 1648 981 1704 Pharisaei
1003 1664 1135 1720 ergo
1159 1647 1421 1704 dixerunt
1442 1649 1584 1704 inter
1602 1664 1660 1704 se
1685 1667 1698 1702 :
1725 1647 1934 1704 Videtis
1954 1646 2102 1719 quod

497 1735 668 1808 674
698 1737 830 1792 nihil
851 1738 1286 1809 proﬁcitiSPecce
1314 1739 1554 1794 mundus
1585 1746 1707 1809 post
1722 1754 1850 1793 eum
1883 1737 2036 1793 abiit.
2076 1759 2101 1785 ιι

494 1827 703 1892 Turba,
749 1826 953 1898 inquit,
999 1842 1122 1899 quae
1168 1827 1380 1884 viderat
1409 1828 1741 1883 miraculum
1769 1828 1837 1884 de
1875 1829 2104 1894 Lazaro,

2288 1268 2333 1332 cii
2363 1276 2687 1358 Ἐμαρτύρει
2717 1268 2806 1336 οἷν
2855 1279 2884 1336 6
2929 1278 3088 1358 ὄχλος
3130 1281 3158 1336 6
3207 1273 3281 1335 ὣν
3335 1277 3454 1352 μετ’
3494 1278 3676 1349 αὐτοῦ,
3725 1275 3814 1336 ὅτε

2205 1367 2293 1427 τὸν
2341 1367 2591 1447 Λάζαρον
2645 1366 2912 1448 ἐφώνησεν
2963 1369 3025 1426 ἐκ
3069 1371 3161 1427 τοῦ
3221 1365 3503 1445 μνημείου,
3538 1364 3629 1426 καὶ
3671 1366 3816 1443 ἤγει-

2211 1482 2294 1540 ρεν
2352 1457 2510 1515 αὐτὸν
2584 1461 2642 1516 ἐκ
2697 1461 2919 1536 νεκρῶν.
2993 1457 3097 1517 Διὰ
3154 1461 3314 1516 τοῦτο
3367 1456 3459 1516 καὶ
3509 1456 3813 1530 ὑπήντησεν

2211 1550 2409 1630 αὖτῷὸ
2459 1547 2632 1626 ὄχλος,
2675 1547 2758 1607 ὅτι
2805 1547 3000 1619 ἤκουσε
3049 1545 3417 1630 τοῦτο-,αὖτὸν
3465 1546 3816 1618 πεποιηκέναι

2211 1639 2272 1698 τὸ
2315 1627 2551 1712 σημεῖον.
2601 1638 2673 1698 Οἵ
2725 1628 2816 1696 οὖν
2851 1640 3147 1718 Φαρισαῖοι
3192 1627 3340 1695 εἷπον
3386 1635 3517 1716 πρὸς
3564 1635 3816 1704 ἑαυτούς’

2214 1731 2505 1808 Θεωρεῖτε,
2551 1724 2635 1786 ὅτι
2685 1732 2783 1786 οὐκ
2834 1728 3087 1806 ὠφελεῖτε
3138 1725 3324 1800 οὗδέν;
3377 1721 3487 1786 Ἴδε
3539 1729 3567 1784 6
3618 1724 3817 1804 κόσμος

2217 1820 2452 1888 ἀπῆλθεν
2505 1817 2678 1876 ὀπίσω
2708 1819 2888 1880 αὐτοῦ.
2929 1845 2953 1869 ιο
2983 1815 3052 1877 ¢0
3082 1815 3238 1897 ὄχλος
3261 1863 3276 1889 ,
3313 1813 3495 1898 φησὶν,
3543 1817 3571 1874 6
3601 1813 3689 1874 ἐπὶ
3735 1819 3812 1896 τῷ

494 1915 650 1972 testis
688 1925 805 1972 erat
832 1924 888 1972 et
928 1898 1306 1973 annuntiatrix
1342 1917 1608 1989 potentiae
1650 1917 1863 1988 ipsius:
1898 1916 2022 1972 ideo
2053 1924 2106 1971 et

2218 1907 2448 1988 Λαζάρῳ
2486 1909 2547 1968 τὸ
2592 1912 2772 1983 θαῦμα
2807 1905 2952 1980 ἰδὼν,
3003 1908 3202 1987 μάρτυς
3244 1898 3334 1982 ἧν,
3380 1904 3473 1964 καὶ
3522 1903 3686 1985 κήρυξ
3717 1909 3814 1978 τῆς

495 2013 855 2062 occurrerunt
879 2005 926 2061 ei
955 2022 1085 2061 cum
1116 2006 1283 2077 gloria
1312 2007 1370 2061 hi
1418 2007 1512 2078 qui
1555 2005 1847 2062 audierant
1887 2005 1993 2061 hoc
2022 2004 2099 2060 fa-

497 2102 650 2150 ctum
699 2095 947 2166 signum,
987 2094 1196 2150 scilicet
1241 2094 1550 2151 credentes.
1584 2098 1776 2168 Neque
1805 2095 1955 2152 enim
1994 2094 2099 2150 nisi

497 2183 876 2252 credidissent,
909 2184 985 2239 ita
1013 2192 1239 2256 repente
1275 2183 1505 2240 fuissent
1545 2186 1814 2240 conversi.
1844 2182 2102 2240 Pharisaei

499 2281 686 2328 autem
713 2271 959 2330 dicentes
987 2293 1000 2328 :
1038 2296 1065 2322 α
1091 2273 1302 2330 Videtis
1329 2274 1476 2346 quod
1507 2290 1621 2330 non
1651 2274 1917 2344 proficitis
1946 2273 2104 2346 quid-

499 2377 688 2434 quam,
723 2385 748 2411 »
781 2378 894 2418 non
923 2378 988 2418 ex
1034 2363 1240 2419 malitia
1285 2363 1406 2420 haec
1447 2364 1764 2435 loquuntur,
1795 2380 1908 2419 non
1954 2363 2103 2419 enim

499 2450 720 2507 fuerunt
747 2466 814 2507 ex
843 2451 930 2507 his
950 2452 1042 2524 qui
1077 2461 1314 2508 mortem
1345 2453 1593 2509 meditati
1635 2460 1792 2509 erant
1819 2456 1851 2509 J
1857 2469 1973 2522 esu,
2006 2452 2104 2509 sed

500 2539 749 2596 benevoli
773 2541 1001 2614 quidem
1030 2557 1149 2597 esse
1179 2541 1451 2612 videntur,
1480 2542 1729 2598 nondum
1758 2542 1926 2598 libere
1958 2543 2104 2614 loqui

496 2628 783 2699 audentes,
817 2646 882 2686 eo
911 2631 1060 2702 quod
1087 2647 1203 2687 non
1229 2631 1506 2687 audebant
1533 2630 1826 2688 manifeste
1855 2632 2106 2688 resistere

497 2717 586 2774 his
612 2719 705 2792 qui
735 2728 929 2775 contra
956 2721 1264 2776 Dominum
1304 2721 1620 2788 saeviebant,
1652 2730 1708 2776 et
1743 2737 1840 2793 per
1861 2721 2106 2777 occasio-

497 2822 629 2862 nem
658 2817 879 2864 tentant
925 2809 1226 2880 reprimere
1276 2810 1418 2879 illos,
1458 2808 1570 2866 fere
1615 2811 1744 2866 talia
1785 2811 2033 2867 dicentes
2085 2827 2098 2864 :

500 2896 642 2966 Quae
668 2905 848 2953 vestra
889 2897 1098 2953 utilitas
1119 2914 1184 2954 ex
1211 2898 1399 2954 multis
1427 2907 1621 2956 contra
1647 2899 1933 2955 hominem
1957 2899 2107 2955 hunc

517 2985 746 3042 nsidiis?
800 2987 1084 3056 Quantum
1135 2987 1285 3043 enim
1331 2987 1682 3054 insidiamini,
1745 2997 1968 3044 tantum
2019 2988 2107 3044 hic

500 3076 716 3145 crescit,
739 3084 794 3132 et
821 3085 1054 3148 augetur
1078 3077 1250 3150 gloria
1275 3077 1413 3148 ejus.
1443 3101 1467 3126 «ι
1490 3080 1631 3133 Nam
1655 3077 1918 3145 mundus,
1945 3101 1972 3127 ν
1996 3077 2104 3134 hoc

2209 1996 2397 2056 τούτου
2463 1996 2770 2076 δυνάμεως·
2821 1997 2902 2056 διὸ
2951 1997 3043 2055 καὶ
3110 1995 3421 2070 ὑπήντησαν
3477 1997 3623 2074 αὐτῷ
3675 1998 3812 2071 μετὰ

2212 2086 2361 2158 δόξης
2428 2089 2476 2145 οἱ
2537 2087 2860 2154 ἀκούσαντες
2909 2091 3068 2145 τοῦτο
3121 2085 3367 2165 γενέσθαι
3416 2085 3478 2145 τὸ
3541 2093 3808 2162 σημεῖον,

2211 2175 2456 2248 δηλονότι
2502 2175 2902 2243 πιστεύσαντες.
2947 2177 3030 2235 Οὔ
3078 2175 3182 2255 γὰρ
3229 2174 3313 2248 ἂν,
3367 2176 3412 2233 εἷ
3443 2173 3518 2251 μὴ
3564 2173 3816 2233 ἐπίστευ-

2210 2289 2340 2339 σαν,
2385 2265 2549 2333 οὕτως
2579 2265 2766 2344 ἀθρόον
2797 2265 3183 2341 μετετέθησαν.
3221 2268 3294 2325 Οἱ
3323 2264 3378 2323 δὲ
3423 2267 3718 2344 Φαρισαῖοι
3761 2267 3812 2325 οἱ

2208 2354 2484 2430 λέγοντες,
2517 2355 2598 2414 ὅτι
2641 2383 2667 2409 ιι
2696 2357 2991 2434 Θεωρεῖτε,
3021 2354 3106 2415 ὅτι
3155 2356 3251 2414 οὐκ
3279 2355 3535 2435 ὠφελεῖτε
3576 2353 3750 2426 οὐδὲν,
3787 2381 3812 2408 υ

2209 2447 2306 2504 οὐκ
2356 2445 2464 2505 ἀπὸ
2511 2444 2767 2525 πονηρίας
2817 2449 2987 2504 ταῦτα
3058 2443 3373 2525 φθέγγονται
3400 2469 3415 2482 ·
3473 2445 3534 2504 οὔ
3589 2442 3696 2524 γὰρ
3751 2445 3813 2504 ἐκ

2211 2538 2314 2594 τῶν
2359 2535 2502 2596 κατὰ
2542 2543 2634 2596 τοῦ
2666 2537 2922 2614 Σωτῆρος
2975 2533 3320 2611 μελετώντων
3360 2526 3528 2608 ἦσαν,
3563 2535 3684 2592 ἀλλ’
3717 2535 3812 2593 εὖ·

2211 2624 2476 2704 γνώμονες
2525 2624 2622 2701 μὲν
2650 2624 2883 2684 ἐοίκασιν
2916 2614 3076 2701 εἶναι,
3128 2623 3559 2705 ἀπαρῤησίαστοι
3609 2622 3699 2682 δέ·
3731 2624 3815 2684 διὸ

2213 2715 2288 2792 μὴ
2339 2717 2636 2792 τολμῶντες
2695 2717 2934 2796 φανερῶς
2989 2716 3309 2786 ἀντιστῆναι
3362 2722 3469 2781 τοῖς
3524 2713 3666 2772 κατὰ
3718 2718 3817 2773 τοῦ

2215 2803 2414 2884 Κυρίου
2447 2807 2728 2878 λυττῶσιν,
2782 2803 2889 2862 ἀπὸ
2943 2807 3039 2876 τῆς
3092 2803 3363 2872 ἐκϐάσεως
3413 2807 3508 2864 τοῦ
3559 2802 3819 2883 πράγμα-

2212 2917 2299 2962 τος
2381 2896 2672 2972 πειρῶνται
2751 2893 3099 2953 ἀναστέλλειν
3200 2894 3430 2967 αὐτοὺς,
3532 2893 3818 2973 μονονουχὶ

2213 2989 2431 3042 τοιαῦτα
2457 2983 2694 3063 λέγοντες
2718 3006 2732 3020 °
2773 2983 2913 3043 Ποία
2964 2987 3087 3060 ὑμῖν
3118 2981 3349 3064 ὠφέλεια
3382 2980 3489 3041 ἀπὸ
3536 2984 3641 3040 τῶν
3684 2986 3820 3042 πολ-

2213 3073 2318 3132 λῶν
2373 3076 2477 3130 τῶν
2546 3073 2685 3132 κατὰ
2745 3077 2836 3132 τοῦ
2889 3071 3167 3151 ἀνθρώπου
3220 3072 3412 3131 τούτου
3471 3071 3816 3146 ἐπιϐουλῶν;

499 3173 583 3222 est
609 3166 792 3222 omnis
820 3165 1136 3233 multitudo,
1172 3184 1200 3218 ‹‹
1228 3175 1353 3237 post
1387 3182 1518 3223 eum
1549 3167 1725 3236 vadit;
1765 3188 1794 3222 »
1837 3175 2000 3239 atque
2029 3167 2101 3224 ita

2215 3159 2384 3224 ἰὈσον
2428 3161 2493 3220 ἂν
2527 3160 2932 3234 ἐπιϐουλεύητε,
2966 3169 3210 3222 τοσοῦτον
3244 3154 3389 3230 οἶτος
3438 3160 3687 3235 αὔξεται,
3721 3162 3816 3221 καὶ

499 3256 628 3327 quia
658 3255 792 3310 nihil
822 3255 1066 3322 efficitis,
1091 3265 1299 3314 cessate
1324 3256 1391 3312 ab
1435 3256 1672 3330 insidiis,
1711 3265 1773 3314 ut
1798 3273 1868 3314 ne
1897 3257 2104 3315 frustra

503 3343 827 3416 injustitiam
859 3345 1105 3418 patretis.

572 3617 737 3670 Vens.
783 3620 973 3672 20-25.
1017 3638 1044 3665 α
1094 3619 1263 3672 Erant
1303 3626 1495 3674 autem
1544 3617 1771 3690 quidam
1813 3619 1998 3675 Graeci
2045 3634 2111 3675 ex

502 3703 588 3760 his
623 3705 717 3776 qui
753 3705 1111 3762 ascenderant
1145 3715 1206 3762 ut
1233 3706 1531 3764 adorarent
1567 3709 1620 3762 in
1663 3706 1817 3764 festo.
1863 3708 1937 3764 Hi
1979 3724 2111 3780 ergo

499 3803 850 3850 accesserunt
897 3796 966 3852 ad
1018 3796 1353 3869 Philippum,
1408 3797 1503 3869 qui
1553 3806 1670 3853 erat
1721 3813 1752 3853 a
1809 3798 2110 3853 Bethsaida

499 3885 765 3951 Galilaeze,
793 3895 846 3941 et
865 3885 1132 3959 rogabant
1161 3903 1315 3953 eum,
1347 3886 1591 3943 dicentes
1616 3906 1628 3942 :
1668 3888 1932 3955 Domine,
1963 3888 2116 3943 volu-

499 3988 626 4028 mus
648 3975 839 4029 Jesum
859 3975 1063 4030 videre.
1093 3977 1258 4030 Venit
1281 3976 1585 4047 Philippus,
1611 3985 1667 4032 et
1690 3976 1821 4031 dicit
1847 3976 2109 4044 Andreae,

502 4064 751 4118 Andreas
770 4079 992 4118 rursum
1023 4072 1078 4119 et
1110 4063 1394 4134 Philippus
1419 4065 1610 4120 dicunt
1635 4067 1786 4120 Jesu.
1827 4068 1986 4120 Jesus
2013 4082 2112 4121 au-

501 4159 618 4206 tem
653 4151 942 4221 respondit
970 4153 1049 4206 eis
1077 4151 1271 4207 dicens
1304 4171 1318 4207 :
1361 4153 1528 4207 Venit
1560 4153 1696 4208 hora
1743 4161 1804 4209 ut
1844 4154 2113 4224 glorifice-

502 4247 595 4294 tur
640 4240 808 4295 Filius
852 4239 1112 4296 hominis.
1169 4245 1368 4310 Amen,
1419 4257 1580 4297 amen
1622 4241 1748 4298 dico
1796 4243 1970 4310 vobis,
2011 4243 2112 4300 nisi

502 4344 735 4400 granum
762 4327 1027 4384 frumenti
1049 4329 1325 4402 dejectum
1354 4331 1409 4386 in
1444 4339 1652 4386 terram
1687 4340 1975 4388 mortuum
2004 4332 2115 4389 fue-

505 4418 600 4487 rit,
649 4418 830 4490 ipsum
878 4420 1058 4474 solum
1107 4427 1296 4476 manet
1340 4437 1354 4475 :
1394 4420 1439 4476 si
1480 4437 1609 4477 vero
1663 4431 1956 4478 mortuum
2003 4422 2116 4478 fue-

502 4507 594 4572 rit,
637 4509 874 4564 multum
903 4508 1148 4565 fructum
1191 4507 1370 4566 affert.
1419 4533 1445 4560 »
1491 4515 1720 4582 Propter
1750 4512 2108 4583 pulchritudi-

2217 3252 2520 3313 ἐπιδίδωσιν
2568 3257 2602 3325 ἡ
2654 3251 2774 3320 δόξα
2807 3255 2991 3314 αὐτοῦ.
3043 3279 3068 3306 ι
3097 3251 3167 3311 Ὀ
3211 3253 3410 3329 κόσμος
3456 3279 3479 3304 υ
3523 3255 3650 3332 γὰρ,
3695 3251 3820 3324 ἤτοι

2217 3342 2278 3402 τὸ
2315 3352 2422 3401 πᾶν
2469 3345 2706 3417 πλῆθος,
2758 3369 2784 3395 σι
2836 3342 3010 3402 ὀπίσω
3063 3344 3222 3401 αὐτοῦ
3271 3345 3530 3414 ἀπῆλθεν.
3565 3370 3592 3396 ι
3634 3339 3819 3403 Ὥστε

2219 3432 2336 3492 ἐπεὶ
2390 3431 2537 3494 οὖδὲν
2584 3432 2796 3507 ἀνύετε,
2855 3433 3136 3493 παύσασθε
3188 3436 3295 3492 τῶν
3344 3432 3661 3509 ἐπιϐουλῶν,
3725 3431 3819 3492 ἵνα

2222 3522 2297 3602 μὴ
2324 3525 2558 3599 ἀνομῆτε
2583 3525 2846 3595 διακενῆς.

2299 3640 2326 3668 α
2371 3603 2553 3673 ’Ἦσαν
2585 3611 2640 3671 δέ
2670 3635 2808 3680 τινες
2832 3611 3101 3686 εΈλληνες
3127 3613 3188 3672 ἐκ
3216 3614 3321 3672 τῶν
3373 3611 3767 3693 ἀναϐαινόντων
3798 3659 3819 3693 ,

2217 3700 2306 3760 ἵνα
2353 3701 2794 3782 προσκυνήσωσιν
2844 3706 2895 3763 ἐν
3061 3705 3239 3782 ἑορτῇ.
3299 3692 3466 3762 Οὗτοι
3517 3705 3824 3781 προσῆλθον

2221 3791 2490 3874 Φιλίππῳ
2541 3796 2618 3872 τῷ
2680 3793 2788 3853 ἀπὸ
2855 3792 3136 3864 Βηθσαῖδᾶ
3186 3796 3281 3863 τῆς
3335 3790 3669 3866 Γαλιλαίας,
3723 3792 3824 3851 καὶ

2218 3881 2505 3960 ἠρώτησαν
2561 3881 2760 3958 αὐτὸν,
2819 3881 3094 3960 λέγοντεςο
3157 3881 3364 3962 Κύριε,
3433 3880 3654 3959 θέλομεν
3726 3881 3824 3941 τὸν

2221 3971 2427 4041 Ἰησοῦν
2462 3972 2610 4030 ἰδεῖν.
2643 3969 2909 4051 Ἔρχεται
2941 3970 3214 4037 Φίλιππος
3263 3971 3356 4030 καὶ
3398 3971 3542 4048 λέγει
3585 3973 3661 4051 τῷ
3699 3969 3824 4030 Ἀν-

2221 4060 2376 4140 δρέᾳο
2408 4059 2500 4118 καὶ
2546 4060 2705 4118 πάλιν
2754 4060 2996 4139 Ἀνδρέας
3028 4060 3428 4138 καὶςΦίλιππος
3475 4059 3690 4140 λέγουσι
3729 4064 3813 4140 τῷ

2222 4150 2421 4221 Ἰησοῦ.
2483 4149 2553 4209 ⁸0
2603 4149 2656 4208 δὲ
2724 4149 2928 4222 Ἰησοῦς
2978 4150 3303 4231 ἀπεκρίνατο
3351 4153 3559 4220 αὐτοῖς,
3611 4149 3820 4227 λέγων·

2220 4237 2513 4310 Ἰίλήλυθεν
2542 4243 2576 4310 ἡ
2610 4237 2757 4317 ὥρα,
2798 4239 2883 4298 ἵνα
2917 4238 3142 4319 δοξασθῇ
3174 4243 3201 4298 6
3245 4239 3372 4305 Υἱὸς
3393 4245 3487 4298 τοῦ
3519 4240 3822 4318 ἀνθρώπου.

2220 4326 2420 4404 Ἀμὴν,
2455 4326 2601 4404 ἀμὴν
2631 4328 2768 4406 λέγω
2796 4332 2920 4405 ὑμῖν
2939 4374 2956 4403 ,
2990 4330 3078 4387 ἐὰν
3128 4327 3202 4405 μὴ
3248 4334 3277 4389 ὂ
3309 4329 3498 4396 κόκκος
3527 4336 3621 4389 τοῦ
3669 4329 3822 4390 σίτου

2221 4417 2398 4476 πεσὼν
2439 4422 2511 4484 εἷς
2552 4417 2649 4490 τὴν
2683 4423 2781 4497 γῆν
2832 4418 3072 4497 ἀποθάνῃ
3099 4464 3114 4496 ,
3153 4418 3311 4486 αὐτὸς
3337 4418 3493 4494 μόνος
3525 4419 3695 4494 μένει⁹
3729 4418 3826 4477 ἐὰν

2223 4507 2277 4566 δὲ
2338 4506 2617 4588 ἀποθάνῃ,
2665 4507 2831 4567 πολὺν
2879 4510 3083 4589 καρπὸν
3138 4508 3306 4590 φέρει.
3373 4535 3398 4562 υ
3459 4509 3562 4569 Διὰ
3619 4507 3680 4566 τὸ
3727 4513 3825 4567 τοῦ

501 4613 631 4653 nem
675 4599 888 4670 templi,
931 4608 985 4654 et
1013 4615 1073 4654 ea
1119 4615 1242 4670 quae
1285 4599 1355 4654 de
1393 4599 1608 4656 Judznis
1649 4599 1973 4657 dicebantur
2003 4602 2105 4658 ad-

2217 4601 2343 4655 ναοῦ
2424 4597 2649 4669 κάλλος,
2722 4595 2816 4654 καὶ
2885 4597 2951 4655 τὰ
3008 4597 3270 4674 λεγόμενα
3339 4598 3488 4677 παρὰ
3550 4597 3828 4666 Ἰουδαίοις

501 4687 770 4756 miranda,
797 4688 953 4743 multi
982 4689 1146 4744 etiam
1171 4690 1494 4745 Graecorum
1525 4689 1891 4746 ascenderunt
1917 4692 2110 4748 adora-

502 4775 630 4830 turi.
675 4778 881 4831 Parum
911 4787 1098 4832 autem
1127 4778 1314 4834 aberat
1343 4779 1480 4851 quin
1511 4779 1564 4833 hi
1594 4781 1856 4854 proselyti
1891 4781 2108 4851 ﬁerent,

503 4864 612 4920 hoc
667 4873 752 4920 est
801 4865 873 4920 ad
928 4866 1278 4922 Judaismum
1329 4868 1670 4925 accederent.
1729 4870 1903 4942 Igitur
1964 4871 2108 4928 fama

502 4955 907 5011 communicata
931 4955 1000 5011 de
1026 4958 1178 5023 Jesu,
1202 4957 1470 5013 accedunt
1497 4959 1565 5013 ad
1591 4959 1921 5032 Philippum,
1945 4970 1999 5016 et
2025 4977 2114 5017 ro-

501 5052 768 5116 gaverunt
809 5061 937 5101 eum
981 5053 1044 5100 ut
1072 5046 1317 5102 viderent
1362 5050 1580 5117 Jesum,
1630 5048 1736 5104 hoc
1783 5058 1865 5105 est
1900 5050 2110 5122 petive—

499 5143 652 5190 runt.
701 5139 774 5190 At
812 5134 901 5191 ille
925 5133 1046 5203 (sed
1084 5135 1206 5190 vide
1237 5136 1583 5205 modestiam,
1633 5146 1688 5193 et
1713 5138 1923 5195 bonum
1965 5139 2112 5196 ordi-

500 5223 655 5296 nem)
691 5247 716 5272 «ι
747 5223 983 5280 Andrem
1001 5224 1157 5292 dicit,
1183 5248 1207 5274 υ
1231 5234 1496 5298 tanquam
1523 5227 1566 5282 ei
1596 5227 1689 5299 qui
1713 5237 1839 5284 ante
1863 5245 1922 5284 se
1947 5237 2066 5285 erat
2091 5249 2103 5285 :

501 5319 556 5366 et
581 5312 668 5367 ille
697 5329 808 5369 non
836 5323 1059 5387 arrogat
1096 5315 1194 5370 sibi
1234 5317 1667 5389 suggestionem,
1702 5333 1879 5389 neque
1921 5326 2110 5374 aucto-

506 5399 728 5456 ritatem
765 5412 1011 5475 usurpat,
1039 5404 1134 5460 sed
1164 5405 1326 5460 simul
1371 5407 1570 5477 accipit
1596 5413 1650 5460 et
1677 5407 2012 5479 Philippum,
2054 5416 2112 5463 et

504 5487 580 5543 ita
611 5488 839 5545 fidenter
867 5494 1111 5550 Domino
1156 5494 1422 5552 referunt.
1464 5499 1676 5551 Tantus
1722 5496 1882 5565 ordo,
1931 5512 2113 5552 amor-

505 5591 613 5649 que
659 5587 886 5635 mutuus
922 5581 1062 5638 inter
1107 5599 1201 5638 eos
1243 5593 1382 5640 erat.
1413 5585 1561 5654 Quid
1607 5586 1774 5658 igitur
1802 5586 2112 5645 Dominus?

505 5667 644 5722 Cum
689 5667 971 5740 discipulis
1015 5670 1378 5730 interdixisset
1434 5690 1504 5730 ne
1563 5675 1617 5730 in
1665 5676 1808 5731 viam
1863 5677 2111 5748 gentium

508 5755 743 5827 abirent,
793 5757 1110 5831 videretque
1152 5769 1341 5832 gentes
1389 5779 1448 5820 se
1475 5764 1590 5836 jam
1624 5766 1880 5825 accedere
1907 5767 2110 5838 (Graeci

2221 4685 2540 4763 θαυμαστὰ,
2573 4685 2762 4768 πολλοὶ
2802 4686 2892 4745 καὶ
2937 4691 3042 4746 τῶν
3077 4687 3353 4760 Ἑλλήνων
3390 4687 3622 4767 ἀνῄεσαν
3653 4711 3825 4768 προσ-

2220 4774 2560 4846 κυνήσοντες.
2609 4765 2773 4834 Οὗτοι
2825 4774 2880 4834 δὲ
2947 4775 3100 4854 ἐγγὺς
3146 4768 3284 4848 ἦσαν
3337 4784 3428 4836 τοῦ
3464 4765 3568 4835 καὶ
3600 4765 3826 4856 ,προσή-

2219 4868 2368 4947 λυτοι
2397 4865 2670 4943 γενέσθαι,
2705 4864 2824 4937 ἤτοι
2861 4869 2938 4947 τῷ
2978 4865 3310 4946 Ἰουδαϊσμῷ
3338 4855 3672 4944 προσελθεῖν.
3706 4869 3828 4938 Τῆς

2220 4946 2309 5014 οὖν
2366 4953 2488 5033 περὶ
2534 4961 2628 5013 τοῦ
2674 4955 2854 5026 Ἰησοῦ
2897 4946 3080 5035 φήμης
3127 4955 3493 5032 διαδοθείσης,
3555 4983 3581 5010 α
3641 4978 3820 5036 προσ-

2224 5044 2334 5102 ίασι
2375 5048 2452 5125 τῷ
2483 5043 2772 5127 Φιλίππῳ,
2824 5045 2916 5103 καὶ
2953 5044 3238 5124 ἠρώτησαν
3281 5045 3439 5104 αὐτὸν
3501 5073 3528 5097 ιι
3564 5043 3702 5104 ὥστε
3732 5043 3825 5103 τὸν

2221 5138 2431 5206 Ἰησοῦν
2480 5135 2627 5208 ἰδεῖν,
2667 5133 2971 5208 τουτέστιν,
3024 5134 3318 5213 ᾐτήσαντο.
3357 5134 3425 5196 ⁸Ο
3452 5134 3506 5194 δὲ
3535 5133 3693 5211 (ἀλλ’
3722 5133 3824 5215 ὅρα

2222 5223 2665 5303 μετριοερροσύνην
2698 5222 2790 5280 καὶ
2837 5223 3121 5302 εὐταξίαν)
3161 5251 3185 5276 ιι
3225 5228 3271 5306 ῷ
3317 5223 3534 5304 Ἀνδρέᾳ
3573 5223 3755 5302 λέγει,
3792 5250 3820 5276 υ

2221 5315 2290 5377 ὡς
2343 5314 2445 5392 πρὸ
2518 5314 2679 5371 αὐτοῦ
2739 5312 2872 5372 ὄντι.
2937 5315 3197 5380 Κάκεῖνος
3270 5315 3374 5393 οὐχ
3439 5313 3666 5394 ἁρπάζει
3723 5311 3825 5384 τὴν

2222 5402 2546 5479 ὑπόμνησιν,
2581 5402 2699 5461 οὐδὲ
2745 5403 3009 5476 αὖθεντεῖ,
3055 5403 3194 5462 ἀλλὰ
3242 5401 3684 5481 συμπαραλαϐὼν
3731 5403 3827 5462 καὶ

2222 5493 2530 5567 Φίλιππον,
2579 5491 2714 5551 οὕτω
2783 5495 2969 5572 θαῤῥεῖ
3032 5491 3129 5564 τὴν
3197 5493 3524 5569 ὑπόμνησιν·
3586 5491 3824 5566 τοσαύτη

2222 5581 2434 5650 εὐταξία
2493 5581 2583 5640 καὶ
2642 5581 2968 5662 φιλαλληλία
3043 5584 3222 5650 αὐτοῖς
3277 5579 3686 5642 ἐνεπολιτεύετο.
3747 5582 3826 5642 Τί

2222 5670 2394 5730 τοίνυν
2439 5676 2468 5730 6
2513 5671 2734 5750 Κύριος;
2782 5671 3007 5742 Ἐπειδὴ
3053 5679 3161 5739 τοῖς
3207 5678 3474 5749 μαθηταῖς
3514 5671 3824 5751 παρήγγει-

2222 5763 2311 5820 λεν
2363 5761 2435 5828 εἷς
2485 5759 2602 5820 ὁδὸν
2653 5762 2812 5820 ἐθνῶν
2859 5761 2934 5839 μὴ
2981 5762 3266 5837 ἀπελθεῖν,
3315 5763 3457 5843 ἑώρα
3497 5760 3552 5822 δὲ
3589 5761 3693 5836 ἤδη
3751 5759 3822 5821 τὰ
