4198 6450
496 426 594 479 127

1506 418 2018 475 THEOPHYLACTI
2055 417 2414 474 BULGARUE
2452 415 2769 473 ARCHIEP.

3692 410 3793 465 128

487 548 545 604 in
586 548 921 603 immensum
971 552 1193 617 tempus
1227 543 1398 617 jubeo
1427 543 1611 600 haberi
1653 543 1780 600 odio
1819 543 2080 612 animam,

2212 551 2364 604 icitur
2401 549 2554 603 τοῦτο
2595 541 2682 601 διὰ
2714 545 2808 602 τοῦ
2856 543 3203 620 προσθεῖναι,
3255 563 3280 588 α
3330 534 3430 596 Ἐν
3481 535 3558 615 τῷ
3608 533 3796 616 κόσμῳ

488 637 584 694 sed
629 636 684 692 in
735 635 842 691 hoc
904 634 1226 690 transitorio
1275 634 1485 690 mundo
1523 635 1757 689 aversari
1795 649 1917 690 eam
1967 649 2091 705 quae

484 726 586 782 tibi
613 733 728 781 tam
757 725 990 780 absurda
1029 725 1283 796 imperat.
1313 723 1511 780 Subdit
1537 733 1727 780 autem
1763 733 1818 780 et
1853 724 2088 792 lucrum,

488 816 692 884 dicens,
723 838 749 865 ι
779 818 840 870 In
874 823 1137 871 aeternam
1183 814 1347 869 vitam
1378 813 1650 870 custodiet
1677 829 1823 869 eam.
1858 837 1882 861 υ
1943 813 2090 869 Odio

490 905 717 978 quidem
767 904 933 960 habes
978 903 1047 958 ad
1089 911 1324 976 tempus,
1366 903 1420 958 in
1461 905 1659 960 saecula
1692 913 1878 959 autem
1909 918 2093 958 servas

491 996 759 1050 viventem
806 994 1043 1050 divinam
1086 995 1276 1049 vitam.
1326 994 1464 1049 Cum
1527 1003 1711 1049 autem
1772 993 2094 1049 adhortatur

490 1100 586 1141 eos
613 1085 791 1157 magis
827 1083 898 1140 ad
921 1092 1300 1155 contemptum
1336 1083 1618 1155 przesentis
1644 1084 1787 1145 vitae,
1822 1092 1878 1139 et
1899 1091 2094 1139 contra

492 1182 736 1230 mortem
777 1174 1004 1240 animat,
1050 1173 1199 1242 dicit,
1223 1174 1396 1244 676
1436 1196 1460 1222 α
1502 1173 1603 1245 Qui
1635 1173 1770 1228 mihi
1797 1172 2093 1241 ministrat,

492 1279 582 1319 me
628 1267 889 1336 sequatur
934 1279 949 1318 :
993 1285 1018 1311 ι»
1050 1263 1122 1318 ita
1177 1271 1468 1334 promptus
1507 1263 1581 1318 sit
1617 1261 1684 1318 ad
1727 1271 1990 1330 mortem,
2034 1271 2096 1318 ut

490 1369 612 1425 ego.
655 1353 1027 1409 Imitationem
1059 1357 1245 1408 autem
1276 1351 1366 1407 hic
1392 1369 1488 1424 per
1513 1368 1677 1424 opera
1702 1351 1854 1407 dicit.
1885 1351 2096 1407 Deinde

491 1453 546 1498 et
584 1442 892 1498 consolatio
921 1442 1191 1513 sequitur,
1231 1466 1255 1490 «
1284 1441 1394 1497 Ubi
1435 1457 1535 1514 ego
1565 1457 1711 1509 sum,
1759 1450 1815 1496 et
1846 1442 2097 1496 minister

493 1547 649 1586 meus
689 1532 806 1587 erit.
839 1555 864 1579 ι»
909 1531 1016 1587 Ubi
1065 1539 1250 1586 autem
1291 1531 1578 1587 Christus?
1622 1533 1685 1585 ln
1714 1531 1892 1586 caelis:
1926 1534 1986 1585 et
2023 1529 2096 1585 ita

495 1621 587 1692 qui
640 1635 736 1692 per
783 1629 1016 1676 mortem
1068 1635 1194 1676 eum
1237 1619 1505 1692 sequitur,
1555 1627 1611 1676 et
1655 1636 1768 1674 non
1805 1618 2099 1676 adhmserit

494 1708 624 1765 huic
660 1709 888 1779 mundo,
920 1709 1033 1764 illic
1077 1710 1183 1766 erit
1230 1709 1289 1765 in
1325 1709 1498 1766 cmlis.
1543 1711 1905 1782 Opponuntur
1947 1709 2095 1765 enim

494 1799 641 1855 inter
669 1814 728 1855 se
751 1813 972 1855 sursum
1017 1808 1074 1856 et
1105 1799 1386 1855 deorsum.
1419 1799 1523 1869 Qui
1553 1799 1729 1872 diligit
1769 1797 1910 1854 infra
1952 1813 2094 1865 esse,

2199 633 2392 714 τούτῳ.
2446 659 2470 686 υ
2520 632 2614 704 Μὴ
2666 632 2802 712 γὰρ,
2861 629 3053 712 φησὶν,
3120 631 3191 696 εἰς
3248 623 3546 704 ἀπέραντον
3603 625 3796 706 χρόνον

2198 723 2396 783 κελεύω
2451 731 2624 800 μισεῖν
2657 721 2754 794 τὴν
2805 719 3010 802 ψυχήνο
3069 720 3119 776 ἐν
3169 721 3246 799 τῷ
3296 715 3575 795 παροδικῷ
3622 714 3798 795 τούτῳ

2200 813 2386 894 κόσμῳ
2430 813 2799 893 ἀποστράφηθι
2856 810 3086 881 ταύτην,
3139 806 3531 866 ἐπιτάσσουσάν
3593 829 3676 865 σοι
3729 806 3802 865 τὰ

2203 905 2398 962 ἄτοπα.
2451 901 2674 981 Ἐπάγει
2724 901 2778 960 δὲ
2815 900 2876 960 τὸ
2909 900 3122 981 κέρδος·
3167 924 3192 950 α
3231 898 3326 964 Εἷς
3365 895 3504 968 ζωὴν
3553 895 3801 969 αἰώνιον,

2201 994 2367 1074 φησὶ,
2412 991 2628 1073 φυλάξει
2686 989 2872 1061 αὐτήν.
2941 1016 2966 1042 ιο
3024 992 3216 1055 Μισεῖς
3268 984 3366 1063 μὲν
3435 983 3802 1074 πρόσκαιρον,

2201 1073 2272 1152 εἰς
2309 1085 2500 1149 αἰῶνας
2548 1081 2602 1140 δὲ
2650 1087 2827 1160 τηρεῖς
2885 1081 3060 1147 ζῶσαν
3106 1077 3202 1148 τὴν
3254 1075 3399 1136 θείαν
3435 1073 3599 1147 ζωήν.
3650 1077 3808 1156 Προ-

2202 1171 2522 1252 τρεπόμενος
2565 1170 2619 1229 δὲ
2669 1167 2853 1235 αὐτοὺς
2903 1165 3065 1226 πλέον
3116 1166 3205 1226 ἐπὶ
3256 1167 3355 1237 τὴν
3407 1169 3500 1223 τοῦ
3536 1165 3810 1246 παρόντος

2207 1263 2323 1341 βίου
2375 1259 2802 1342 καταφρόνησιν,
2858 1258 2950 1316 xui
3001 1255 3142 1315 κατὰ
3193 1259 3284 1315 τοῦ
3326 1255 3554 1314 θανάτου
3604 1253 3803 1336 θαρρύ-

2203 1375 2304 1410 νων
2323 1396 2339 1424 ,
2370 1348 2558 1431 φησίν·
2585 1377 2610 1404 α
2641 1348 2712 1408 ¢0
2743 1349 2860 1425 ἐμοὶ
2886 1349 3144 1406 διακονῶν
3162 1391 3177 1417 ,
3207 1343 3326 1422 ἐμοὶ
3357 1342 3709 1402 ἀκολουθείτω
3731 1368 3745 1382 ο
3780 1371 3808 1397 ι

2205 1440 2368 1506 οὕτως
2415 1439 2622 1515 ἕτοιμος
2687 1439 2826 1497 ἔστω
2880 1436 3010 1516 πρὸς
3077 1434 3164 1493 τὸν
3219 1433 3486 1510 θάνατον,
3553 1436 3623 1499 ὣς
3673 1432 3805 1511 ἐγώ.

2205 1529 2577 1600 Ἀκολούθησιν
2607 1525 2712 1607 γὰρ
2754 1526 2848 1597 τὴν
2885 1527 2970 1584 διὰ
3003 1528 3106 1583 τῶν
3142 1523 3310 1603 ἔργων
3359 1524 3590 1582 ἐνταῦθα
3635 1523 3807 1602 λέγει.

2210 1610 2347 1680 Εἶτα
2388 1618 2480 1677 καὶ
2529 1621 2562 1688 ἡ
2616 1614 2964 1696 παραμυθία·
3018 1642 3043 1666 ιι
3093 1613 3272 1673 Ὅπου
3318 1611 3432 1689 εἰμὶ
3463 1611 3600 1690 ἐγὼ,
3651 1615 3744 1670 καὶ
3775 1615 3808 1671 6

2207 1708 2444 1775 διάκονος
2475 1711 2502 1767 6
2532 1706 2656 1783 ἐμὸς
2688 1705 2864 1765 ἔσται.
2900 1731 2922 1757 ι
2960 1707 3075 1763 Ποῦ
3119 1703 3174 1762 δὲ
3206 1705 3234 1760 6
3280 1699 3543 1783 Χριστός;
3590 1700 3682 1761 Ἐν
3722 1703 3814 1761 οὖα

2209 1799 2405 1878 ρανοῖς.
2459 1793 2632 1857 Ὥστε
2679 1799 2708 1853 6
2747 1795 2832 1853 διὰ
2871 1799 2965 1853 τοῦ
3010 1792 3238 1853 θανάτου
3273 1793 3419 1872 αὐτῷ
3469 1793 3804 1865 ἀκολουθῶν,

493 1903 714 1944 sursum
742 1903 857 1944 non
903 1889 1041 1958 erit;
1072 1888 1164 1961 qui
1210 1897 1403 1945 autem
1453 1889 1593 1962 fugit
1618 1903 1741 1960 quae
1785 1887 1926 1944 infra
1965 1895 2092 1944 sunt

2212 1889 2294 1947 καὶ
2333 1888 2408 1966 μὴ
2460 1889 2538 1967 τῷ
2585 1885 2773 1967 κόσμῳ
2825 1885 2996 1964 τούτῳ
3045 1881 3441 1964 προσηλωθεὶς,
3493 1883 3604 1940 ἐκεῖ
3657 1882 3814 1942 ἔσται

492 1987 547 2034 et
606 1977 899 2047 mundum,
954 1993 1178 2035 sursum
1205 1986 1261 2034 et
1303 1977 1357 2033 in
1400 1979 1555 2034 coelis
1597 1978 1720 2033 erit.
1781 2000 1806 2025 α
1860 1980 2002 2034 Nam
2045 1977 2090 2032 si

491 2067 616 2139 quis
639 2066 776 2122 mihi
804 2066 1225 2135 ministraverit,
1267 2067 1471 2138 inquit,
1507 2065 1799 2122 honorabit
1835 2081 1968 2122 eum
1994 2068 2095 2120 Pa-

492 2163 598 2212 ter.
629 2179 656 2205 ιι
682 2158 805 2211 Non
831 2155 980 2219 dixit,
1007 2159 1122 2226 Ego
1154 2155 1443 2212 honorabo
1469 2171 1622 2225 eum,
1648 2155 1744 2212 sed
1777 2178 1801 2203 α
1831 2157 1994 2211 Pater
2021 2174 2035 2212 :
2068 2178 2093 2204 ν

495 2243 900 2301 commendans
951 2260 1048 2317 per
1075 2244 1182 2300 hoc
1227 2245 1375 2318 quod
1421 2261 1580 2302 verus
1609 2245 1779 2301 Filius
1808 2245 1897 2302 sit.
1939 2248 2102 2301 Pater

496 2333 647 2390 enim
681 2333 891 2388 honore
927 2342 1290 2405 prosequetur
1313 2334 1499 2403 talem,
1526 2343 1588 2390 ut
1629 2334 1943 2390 ministrum
1983 2335 2098 2391 veri

496 2423 643 2480 Filii.
664 2425 934 2478 Praeterea
958 2439 1058 2494 per
1077 2423 1183 2479 hoc
1201 2423 1365 2480 docet
1385 2424 1535 2496 quod
1553 2440 1664 2479 non
1691 2423 1762 2479 sit
1785 2425 2097 2480 contrarius

495 2516 632 2568 Deo.
675 2515 826 2568 Deus
863 2511 1008 2568 enim
1053 2521 1108 2569 et
1136 2515 1302 2570 Pater
1345 2529 1457 2570 non
1500 2513 1897 2570 cohonestaret
1939 2513 2102 2568 mini-

491 2610 751 2659 strantem
793 2602 841 2657 ei
868 2601 958 2673 qui
997 2600 1097 2658 sibi
1135 2603 1450 2660 contrarius
1481 2604 1565 2658 sit.
1611 2603 1803 2676 Igitur,
1842 2619 1911 2658 ne
1941 2618 2096 2659 ame-

497 2707 625 2748 mus
686 2691 930 2747 animam
990 2700 1258 2760 nostram,
1314 2701 1376 2748 ut
1440 2709 1721 2748 servemus
1769 2709 1800 2748 a
1849 2692 2102 2764 periculis

495 2797 596 2852 pro
639 2781 891 2848 veritate,
938 2787 999 2836 ut
1027 2781 1266 2837 nolimus
1328 2781 1496 2852 afﬂigi
1542 2798 1639 2852 pro
1682 2782 1860 2848 bono;
1907 2782 2003 2839 sed
2054 2783 2100 2838 si

499 2869 722 2941 quidem
777 2869 1010 2925 ministri
1066 2869 1274 2925 Christi
1329 2885 1543 2938 sumus,
1599 2886 1938 2942 exponamus
1983 2887 2105 2927 eam

499 2957 749 3029 periculis
791 2974 890 3030 pro
930 2959 1178 3024 veritate,
1225 2966 1280 3014 et
1325 2961 1534 3014 erimus
1564 2960 1792 3016 omnino
1824 2957 1919 3015 ubi
1958 2976 2106 3016 nunc

501 3055 583 3103 est
623 3047 893 3104 Christus.
943 3049 1069 3103 Non
1113 3048 1181 3104 de
1236 3047 1434 3104 divinis
1471 3050 1665 3120 loquor
1721 3048 2102 3121 dignitatibus,

500 3153 630 3192 nam
687 3137 776 3192 ille
810 3145 1008 3193 natura
1045 3145 1132 3192 est
1175 3140 1346 3205 Deus,
1375 3136 1473 3193 sed
1516 3138 1575 3192 in
1623 3137 1820 3210 quibus
1863 3139 2106 3195 humana

2203 1979 2255 2037 ἐν
2286 1980 2546 2058 οὐρανοῖς.
2596 1975 2914 2035 Ἀντίκειται
2963 1971 3066 2058 γὲιρ
3099 1970 3348 2042 ἀλλήλοις
3377 1967 3439 2028 τὸ
3472 1969 3584 2029 ἄνω
3621 1969 3715 2030 καὶ
3748 1972 3812 2032 τὸ

2196 2053 2369 2128 κάτω.
2407 2064 2478 2125 ⁸0
2510 2066 2735 2144 ἀγαπῶν
2787 2063 2938 2122 κάτω
2967 2053 3131 2134 εἶναι,
3176 2060 3284 2119 ἄνω
3316 2062 3410 2119 οὐκ
3455 2057 3638 2118 ἔσται·
3679 2063 3708 2118 6
3751 2059 3812 2121 δὲ

2197 2156 2402 2238 φεύγων
2431 2154 2500 2213 τὰ
2529 2153 2679 2214 κάτω
2722 2151 2816 2212 xui
2849 2151 2937 2210 τὸν
2988 2153 3188 2226 κόσμον
3207 2193 3225 2223 ,
3275 2149 3386 2208 ἄνω
3416 2149 3508 2208 xui
3558 2150 3612 2208 ἐν
3641 2151 3815 2230 οὖρα-

2197 2237 2304 2313 νοῖς
2369 2245 2539 2304 ἔσται.
2589 2270 2612 2296 ιι
2674 2241 2812 2303 Ἐάν
2878 2264 2956 2307 τις
3002 2239 3105 2320 γὰρ
3157 2237 3277 2318 ἐμοὶ
3327 2239 3582 2320 διακονῇ,
3645 2239 3812 2318 φησὶ,

2195 2334 2411 2412 τιμήσει
2449 2333 2678 2393 αὐτὸν’δ
2732 2330 2929 2412 Πατήρ
2976 2316 3101 2408 μου..
3146 2316 3324 2388 »Οὐκ
3353 2316 3535 2404 εἶπεν,
3587 2316 3668 2387 ὅτι
3700 2331 3810 2390 Τι-

2199 2424 2356 2502 μήσω
2385 2423 2490 2503 ἐγὼ
2515 2421 2696 2495 αὐτὸν,
2730 2419 2872 2497 ἀλλ’,
2909 2447 2933 2471 ι
2961 2422 2988 2478 6
3024 2415 3235 2497 Πατὴρ,
3263 2445 3286 2468 ιι
3316 2415 3377 2476 τὸ
3409 2417 3627 2496 γνήσιον
3657 2441 3811 2499 παρ-

2202 2516 2360 2572 ιστῶν
2411 2511 2497 2571 διὰ
2549 2510 2767 2571 τούτου·
2814 2511 2886 2577 ὥς
2937 2507 3040 2588 γὰρ
3095 2506 3314 2584 γνησίου
3371 2509 3504 2568 Υίοῦ
3563 2506 3810 2567 διάκονον

2195 2609 2355 2679 τιμῆς
2389 2601 2606 2671 ἀξιώσει
2643 2603 2672 2658 6
2705 2598 2946 2671 ἀληθινὸς
2985 2598 3180 2674 Πατήρ
3204 2621 3216 2634 ·
3251 2595 3365 2672 ἅμα
3409 2596 3464 2654 δὲ
3499 2595 3594 2655 xui
3632 2597 3696 2656 τὸ
3729 2597 3811 2674 μὴ

2203 2685 2339 2752 εἶναι
2384 2693 2614 2757 ἀντίθεος
2668 2689 2756 2749 διὰ
2805 2688 2990 2748 τούτου
3039 2687 3330 2745 δείκνυσιν·
3383 2687 3479 2744 οὐκ
3526 2685 3588 2744 ἂν
3621 2687 3726 2766 γὰρ
3781 2691 3814 2746 ὁ

2202 2782 2340 2850 Θεὸς
2394 2781 2485 2840 καὶ
2531 2780 2726 2858 Πατὴρ
2777 2777 2936 2854 ἐτίμα
2988 2782 3171 2837 τοῦτον
3237 2775 3594 2852 ἀντικείμενον
3659 2779 3812 2858 αὐτῷ

2203 2872 2331 2932 ὄντα
2377 2869 2642 2929 διάκονον.
2702 2867 2808 2928 Καὶ
2842 2865 2918 2944 μὴ
2948 2867 3119 2925 τοίνυν
3149 2863 3458 2947 φιλήσωμεν
3496 2862 3594 2937 τὴν
3631 2866 3813 2947 ψυχὴν

2204 2965 2360 3036 ἡμῶν
2405 2963 2460 3019 ἐν
2487 2963 2564 3039 τῷ
2607 2957 2807 3031 ταύτην
2842 2960 2901 3016 ἐκ
2933 2961 3037 3016 τῶν
3075 2956 3208 3035 ὑπὲρ
3245 2960 3340 3027 τῆς
3394 2954 3649 3026 ἀληθείας
3686 2980 3807 3016 κιν-

2207 3051 2372 3110 δύνων
2424 3051 2733 3127 συντηρεῖν,
2778 3049 2870 3106 xui
2920 3046 2996 3122 μὴ
3059 3044 3228 3104 θέλειν
3289 3049 3615 3102 κακοπαθεῖν
3680 3044 3820 3128 ὑπὲρ

2214 3147 2306 3200 τοῦ
2362 3141 2555 3198 καλοῦν
2619 3139 2739 3196 ἀλλ’
2810 3137 2957 3215 εἴπερ
3014 3135 3245 3194 διάκονοι
3300 3135 3542 3210 Χριστοῦ
3604 3136 3812 3211 ἔσμεν,

501 3233 696 3281 natura
726 3227 911 3282 ornari
964 3234 1164 3298 potest,
1205 3234 1264 3282 ut
1309 3225 1397 3283 ille
1432 3229 1582 3284 Deus
1627 3236 1825 3283 natura
1853 3228 1948 3298 sit,
2006 3245 2105 3286 nos

2218 3232 2452 3306 ἐκδῶμεν
2499 3227 2698 3300 ταύτην
2736 3227 2842 3294 τοῖς
2891 3224 3031 3306 ὑπὲρ.
3075 3229 3168 3295 τῆς
3223 3222 3475 3294 ἀληθείας
3517 3223 3813 3304 κινδύνοις,

502 3315 577 3371 dii
611 3315 780 3386 gratia
814 3325 869 3371 et
891 3315 1208 3388 adOptione.

2217 3320 2309 3379 xui
2360 3304 2590 3394 ἱσόμεθα
2631 3315 2844 3382 πάντως
2889 3317 2942 3373 ἐν
2978 3304 3053 3380 οἷς
3101 3314 3218 3372 ἐστι
3259 3317 3348 3371 νῦν
3399 3315 3426 3370 6
3461 3313 3724 3393 Χριστὸς,
3757 3317 3816 3374 οὗ

501 3407 610 3471 τοῖς
651 3405 964 3486 θεοπρεπέσι
1006 3406 1148 3484 λέγω
1202 3403 1498 3490 ἀξιώμασιν
1535 3405 1763 3486 (ἐκεῖνος
1799 3406 1904 3487 γὰρ
1955 3407 2108 3490 φύσει
2139 3410 2336 3489 Θεὸς),
2391 3406 2508 3466 ἀλλ’
2541 3409 2594 3464 ἐν
2635 3396 2710 3472 οἷς
2760 3406 3034 3486 ἐνδέχεται
3086 3401 3180 3476 τὴν
3223 3401 3554 3483 ἀνθρωπίνην
3595 3402 3820 3484 διαπρέ-

504 3517 624 3552 πειν
659 3494 913 3554 δύνασθαι
959 3494 1148 3576 φύσιν,
1184 3487 1290 3553 οἶον
1321 3497 1515 3563 ἐκεῖνος
1544 3496 1680 3563 Θεὸς
1717 3497 1902 3576 φύσει,
1937 3487 2091 3576 ἧμεῖς
2128 3501 2232 3560 θεοὶ
2266 3487 2406 3560 θέσει
2443 3497 2531 3555 καὶ
2569 3495 2770 3577 χάριτι.

575 3594 750 3648 Vsus.
777 3598 867 3660 27,
907 3599 997 3649 28.
1031 3615 1056 3641 «ι
1086 3596 1245 3649 Nunc
1276 3593 1458 3650 anima
1500 3610 1626 3650 mea
1664 3594 1881 3650 turbata
1917 3605 2012 3652 est.
2040 3599 2110 3653 Et

503 3680 635 3753 quid
682 3681 898 3738 dicam?
946 3686 1122 3751 Pater,
1172 3698 1329 3738 serva
1375 3699 1465 3740 me
1515 3700 1578 3740 ex
1643 3683 1744 3740 hac
1789 3684 1950 3754 hora,
2011 3687 2108 3744 sed

504 3779 792 3843 propterea
819 3772 938 3828 veni
968 3772 1022 3828 in
1047 3771 1241 3828 horam
1273 3771 1432 3830 hanc.
1466 3778 1646 3841 Pater,
1669 3775 1876 3831 illustra
1903 3792 2109 3833 nomen

504 3868 677 3916 tuum.
728 3862 895 3918 Venit
945 3878 1076 3935 ergo
1121 3877 1222 3918 vox
1252 3861 1320 3919 de
1361 3863 1501 3920 coelo
1547 3883 1559 3920 :
1613 3867 1680 3919 Et
1726 3864 2013 3935 illustravi,
2055 3876 2112 3922 et

506 3965 700 4006 rursus
739 3951 1042 4008 illustrabo.
1096 3975 1122 4002 ν
1163 3952 1308 4023 Quid
1351 3961 1437 4008 est
1477 3952 1627 4024 quod
1673 3953 1838 4009 dicit?
1879 3955 2111 4011 Videtur

509 4039 661 4095 enim
705 4039 808 4094 sibi
850 4041 955 4110 ipsi
999 4041 1273 4096 contraria
1322 4041 1494 4112 loqui.
1546 4044 1688 4096 Nam
1729 4043 1824 4112 qui
1860 4045 2112 4113 superius

508 4127 729 4182 videtur
777 4129 1082 4184 admonere
1124 4137 1185 4183 ut
1221 4143 1572 4184 exerceamur
1607 4137 1664 4184 et
1701 4131 1876 4201 parati
1939 4132 2114 4188 simus

509 4215 578 4271 ad
628 4224 887 4284 mortem,
926 4224 982 4271 et
1021 4216 1146 4272 odio
1191 4216 1493 4273 habeamus
1517 4218 1781 4286 animam,
1825 4220 1913 4275 hic
1965 4236 2114 4277 nunc

512 4303 790 4373 turbatur,
831 4305 1031 4377 inquit,
1076 4306 1418 4362 moriturus:
1461 4307 1609 4378 quod
1647 4324 1757 4364 non
1795 4318 1878 4364 est
1909 4310 2110 4366 exhor-

514 4394 679 4450 tantis
713 4395 778 4450 ad
808 4404 1070 4465 mortem,
1124 4395 1221 4452 sed
1251 4397 1566 4452 avertentis.
1604 4399 1681 4452 At
1707 4398 1750 4453 si
1793 4407 1938 4456 recte
1974 4416 2113 4456 con-

515 4483 852 4552 sideraveris,
876 4485 1122 4542 invenies
1153 4485 1303 4558 quod
1325 4485 1529 4542 turbari
1569 4487 1772 4558 ipsum,
1804 4489 2114 4546 adhortatio

514 4573 586 4630 sit
619 4574 688 4629 ad
720 4583 1101 4647 contemptum
1142 4575 1357 4632 mortis.
1397 4577 1480 4632 Ut
1525 4577 1668 4632 enim
1712 4579 1909 4650 nequis
1948 4579 2119 4651 possit

513 4662 693 4718 dicere
735 4664 883 4735 quod
920 4665 1034 4736 ipse
1082 4672 1233 4720 extra
1280 4664 1554 4721 humanas
1581 4667 1861 4738 passiones
1907 4669 2113 4725 consti-

519 4759 692 4820 tutus,
727 4750 881 4808 facile
908 4753 975 4808 de
1018 4763 1193 4808 morte
1236 4753 1671 4826 philosophetur,
1727 4765 1778 4812 et
1816 4756 1931 4828 ipse
1967 4765 2116 4814 extra

2297 3615 2324 3641 ι
2360 3591 2471 3648 Νῦν
2496 3591 2528 3657 ἡ
2559 3586 2704 3666 ψυχή
2734 3609 2834 3663 μου
2871 3582 3221 3663 τετάρακται.
3266 3579 3378 3641 Καὶ
3405 3578 3459 3638 τί
3501 3579 3664 3656 εἴπω;
3700 3582 3822 3642 Πά-

2215 3703 2327 3759 τερ,
2356 3675 2528 3736 σῶσόν
2579 3697 2645 3753 με
2690 3676 2750 3733 ἐκ
2779 3678 2872 3745 τῆς
2899 3672 3042 3753 ὥρας
3081 3670 3306 3744 ταύτης;
3352 3670 3492 3759 ἀλλὰ
3534 3670 3623 3728 διὰ
3663 3677 3822 3731 τοῦτο

2216 3757 2373 3842 ἦλθον
2407 3769 2478 3832 εἷς
2518 3763 2615 3836 τὴν
2648 3765 2792 3845 ὥραν
2834 3762 3053 3834 ταύτην.
3099 3761 3327 3841 Πάτερ,
3371 3757 3588 3828 δόξασόν
3620 3783 3715 3819 σου
3759 3760 3820 3820 τὸ

2217 3857 2406 3932 ὄνομα.
2441 3846 2641 3916 Ἦλθεν
2681 3843 2769 3911 οὖν
2814 3850 2960 3932 φωνὴ
2991 3853 3050 3909 ἐκ
3089 3855 3184 3908 τοῦ
3231 3851 3479 3928 οὐρανοῦ.
3538 3850 3646 3909 Καὶ
3690 3851 3813 3910 ἐδό-

2220 3947 2378 4020 ξασα,
2431 3945 2526 4003 xui
2573 3945 2736 4002 πάλιν
2783 3941 3009 4010 δοξάσω.
3051 3968 3076 3992 ι
3115 3937 3190 3997 Τί
3235 3941 3349 3997 ἐστι
3377 3938 3594 3998 τοῦτοὸ
3636 3939 3818 4017 λέγεις

2220 4041 2378 4097 Δοκεῖ
2408 4033 2510 4114 γὰρ
2551 4035 2946 4111 ἐναντιοφωνεῖν
2995 4029 3150 4096 αὐτὸς
3185 4031 3376 4108 ἐαυτῷ.
3421 4027 3494 4088 ⁸0
3524 4029 3626 4110 γὰρ
3675 4030 3826 4089 ἀνω-

2220 4126 2360 4205 τέρω
2407 4121 2538 4202 πρὸς
2585 4121 2809 4180 θάνατον
2864 4122 3028 4179 δοκῶν
3098 4118 3439 4199 ἐπαλείφειν,
3499 4118 3592 4176 καὶ
3647 4120 3828 4195 μισεῖν

2221 4199 2318 4286 τὴν
2601 4209 3056 4290 προτρεπόμενος,
3107 4199 3254 4275 οἶτος
3308 4213 3400 4266 νῦν
3460 4208 3824 4286 ταράττεται,

2221 4303 2374 4386 φησὶ,
2419 4303 2626 4380 μέλλων
2669 4303 2984 4359 ἀποθανεῖν·
3028 4299 3057 4358 ὃ
3095 4300 3153 4358 οὗ
3184 4298 3620 4378 προτρεπομένου
3670 4297 3822 4357 ἐστὶν

2223 4385 2296 4462 εἰς
2358 4393 2606 4465 θάνατον,
2670 4392 2788 4448 ἀλλ’
2838 4387 3294 4470 ἀποτρεπομένου.
3348 4385 3488 4446 Ἀλλ’
3541 4389 3588 4446 εἰ
3647 4389 3832 4456 καλῶς

2224 4481 2546 4560 σκοπήσεις,
2588 4479 2863 4559 εὖρήσεις,
2910 4478 2988 4538 ὅτι
3017 4477 3108 4536 xui
3146 4477 3206 4535 τὸ
3246 4476 3604 4557 ταράττεσθαι
3655 4475 3818 4536 αὐτὸν

2225 4570 2501 4653 προτροπή
2555 4572 2696 4628 ἐστιν
2747 4571 2818 4634 εἶς
2865 4568 2924 4627 τὸ
2973 4565 3200 4625 θανάτου
3254 4569 3632 4645 καταφρονεῖν.
3697 4564 3828 4626 Ἵνα

2224 4662 2329 4742 γὰρ
2379 4659 2454 4738 μὴ
2486 4659 2586 4739 ἔχῃ
2635 4682 2712 4724 τις
2745 4656 2947 4737 λέγειν,
3001 4655 3082 4714 ὅτι
3134 4654 3290 4722 αὐτὸς
3327 4654 3426 4722 ἔξω
3457 4659 3564 4714 τῶν
3623 4657 3833 4734 ἀνθρω-

2231 4751 2392 4810 πίνων
2425 4754 2614 4808 παθῶν
2648 4745 2721 4804 ὢν
2744 4791 2759 4818 ,
2808 4745 3033 4812 εὐκόλως
3077 4744 3200 4824 περὶ
3249 4744 3479 4803 θανάτου
3515 4746 3827 4826 φιλοσοφεῖ,

521 4840 759 4912 pericula
799 4840 936 4896 alios
971 4819 1268 4898 admoneat
1302 4819 1582 4900 :ostendit
1615 4819 1763 4916 quod
1803 4819 1858 4901 et
1894 4847 2006 4919 ipse
2043 4847 2105 4903 ab

2381 4843 2397 4863 ε
2588 4836 2603 4858 \
2781 4833 2834 4854 λι
3004 4833 3027 4856 ν
3151 4819 3162 4824 ’
3464 4841 3484 4851 ι-
3528 4819 3539 4824 ’
3630 4833 3643 4854 I
3717 4819 3726 4826 ”

2230 4841 2320 4898 xui
2370 4863 2441 4905 ως
2492 4840 2640 4902 ἐκτος
2689 4851 2940 4894 κινουνων
2993 4837 3174 4901 αλλοις
3231 4857 3514 4914 παραινει,
3567 4835 3832 4894 δεικνυσιν

521 4929 778 4984 humanis
808 4930 1226 5001 praprietatibus
1259 4939 1500 4988 tentatus
1555 4933 1646 5001 sit,
1687 4942 1742 4989 et
1766 4943 1970 4991 nostrae
2012 4953 2114 4993 na-

518 5027 658 5076 turae
719 5017 880 5075 fuerit
939 5021 1231 5092 particeps,
1286 5023 1536 5094 quamvis
1603 5022 1809 5096 absque
1868 5033 2112 5095 peccato.

518 5108 727 5165 Idcirco
769 5110 1017 5180 quamvis
1044 5118 1279 5165 moereat
1303 5119 1359 5166 et
1395 5111 1648 5168 turbetur
1690 5122 1751 5168 ut
1795 5113 1984 5180 homo,
2021 5116 2117 5187 qui

518 5207 713 5255 natura
750 5199 876 5256 vitae
914 5215 1109 5254 amans
1141 5206 1244 5268 est,
1272 5215 1382 5256 non
1417 5209 1603 5257 tamen
1634 5212 1876 5259 mortem
1915 5203 2122 5260 devitat

523 5296 712 5359 utpote
767 5304 890 5362 quae
941 5297 1083 5345 esset
1135 5305 1232 5361 pro
1274 5289 1465 5345 mundi
1503 5292 1696 5348 salute.
1749 5315 1774 5341 α
1825 5297 2119 5366 Pr0pterea

523 5376 696 5443 enim,
723 5377 919 5449 inquit,
949 5379 1071 5434 veni
1110 5379 1167 5434 in
1205 5378 1349 5435 hanc
1375 5379 1592 5448 horam,
1632 5404 1657 5430 ιο
1698 5390 1760 5438 ut
1798 5399 1895 5454 pro
1934 5383 2118 5439 omni-

524 5462 626 5519 bus
661 5475 896 5522 mortem
935 5467 1247 5540 suscipiam.
1284 5471 1456 5524 Docet
1492 5479 1679 5527 autem
1710 5487 1807 5544 per
1837 5471 1956 5528 hazc
1997 5488 2118 5543 nos,

525 5559 586 5607 ut
624 5567 747 5620 nos,
779 5555 992 5612 etiamsi
1025 5559 1314 5614 turbemur
1337 5566 1395 5615 et
1418 5575 1771 5629 maereamus,
1803 5577 1916 5617 non
1946 5560 2120 5635 fugia-

529 5655 656 5696 mus
679 5656 777 5712 pro
800 5643 1029 5700 veritate
1064 5655 1303 5703 mortem
1333 5668 1346 5702 :
1372 5648 1499 5720 quia
1527 5657 1582 5706 et
1601 5666 1723 5723 ego,
1755 5650 1955 5724 inquit,
1993 5667 2123 5708 cum

529 5729 722 5787 turber
744 5729 934 5798 (homo
975 5733 1121 5790 enim
1153 5751 1279 5794 vere
1317 5751 1465 5806 sum,
1518 5747 1573 5795 et
1615 5740 1876 5812 permitto
1915 5749 2125 5799 natura;

2225 4929 2306 4989 ὅτι
2355 4929 2448 4988 καὶ
2504 4927 2660 4992 αὐτὸς
2706 4928 2814 4983 τῶν
2871 4924 3212 5005 ἀνθρωπίνων
3266 4923 3570 4999 ἰδιωμάτων
3639 4923 3834 4983 πεπεί-

2229 5042 2421 5101 ραται,
2475 5017 2569 5078 xui
2617 5021 2710 5088 τῆς
2757 5015 3024 5094 ἡμετέρας
3073 5012 3302 5092 μετέσχε
3353 5013 3590 5095 φύσεως,
3644 5015 3690 5072 εἶ
3737 5015 3833 5074 καὶ

2225 5108 2390 5190 χωρὶς
2415 5105 2708 5187 ἁμαρτίας.
2765 5105 2861 5163 Διὸ
2902 5103 3076 5162 καίτοι
3107 5105 3323 5179 ἀθυμῶν
3355 5107 3448 5160 xui
3487 5101 3834 5182 ταραττόμε-

2227 5220 2310 5267 νος
2358 5200 2430 5262 ὡς
2479 5195 2751 5275 ἄνθρωπος
2807 5191 2894 5252 διὰ
2923 5193 2984 5253 τὸ
3034 5193 3188 5274 φύσει
3222 5191 3517 5271 φιλόζωον,
3573 5190 3718 5269 ὅμως
3770 5194 3832 5251 οὗ

2226 5292 2571 5367 παραιτεῖται
2602 5282 2691 5342 τὸν
2723 5283 2981 5361 θάνατον,
3017 5287 3086 5350 ὡς
3115 5282 3202 5341 ἐπὶ
3234 5281 3473 5363 σωτηρίᾳ
3503 5285 3594 5340 τοῦ
3625 5281 3836 5358 κόσμου

2227 5362 2372 5435 ὄντα.
2425 5397 2452 5433 ιι
2498 5373 2602 5434 Διὰ
2649 5372 2752 5452 γὰρ
2785 5378 2960 5445 τοῦτο,
2994 5372 3178 5452 φησὶν,
3223 5362 3396 5442 ἦλθον
3425 5373 3498 5438 εἷς
3544 5369 3642 5438 τὴν
3685 5369 3834 5450 ὥραν

2229 5463 2448 5538 ταύτην,
2482 5490 2508 5520 ι
2541 5462 2630 5522 ἵνα
2660 5461 2749 5521 τὸν
2781 5461 2914 5542 ὑπὲρ
2945 5462 3162 5522 πάντων
3197 5459 3537 5539 ἀναδέξωμαι
3584 5459 3832 5523 θάνατον.

2232 5555 2486 5616 Διδάσκει
2583 5552 2638 5611 δὲ
2711 5556 2949 5634 φανερῶς
3034 5549 3120 5610 διὰ
3206 5548 3392 5609 τούτου
3487 5554 3658 5628 ἡμᾶς,
3743 5548 3834 5608 ἵνα

2234 5642 2370 5722 μηδὲ
2437 5648 2592 5723 ἡμεῖς
2657 5640 2759 5701 κᾶν
2839 5640 3262 5722 ταραττώμεθα,
3353 5638 3455 5698 κᾶν
3541 5640 3834 5716 ἀδημονῶ-

2238 5757 2368 5813 μεν,
2413 5732 2502 5793 τὸν
2581 5729 2714 5812 ῧπὲρ
2783 5733 2877 5804 τῆς
2926 5729 3177 5805 ἀληθείας
3230 5729 3509 5812 φεύγωμεν
3581 5727 3830 5788 θάνατον.
