2099 3230
186 223 238 254 129

587 222 784 252 ENARRATIO
803 222 838 251 ΙΝ
857 219 1075 250 EVANGELIUM
1092 219 1242 249 JOANNIS.
1262 234 1297 241 —
1317 221 1393 249 CAP.
1412 221 1465 249 ΧΠ.

1806 225 1856 251 130

191 285 272 319 Ἐπεὶ
291 285 382 326 κᾶγῶ,
399 285 487 328 φησὶ,
509 285 676 327 ταράττομαι
705 286 859 326 (ἄνθρωπος
884 284 936 325 γὰρ
959 285 997 325 τῷ

1061 286 1085 311 1t
1104 291 1154 311 sua
1169 283 1320 318 ostendat),
1336 287 1460 312 attamen
1481 292 1538 312 non
1553 283 1617 312 dico
1638 284 1673 312 ad
1688 285 1800 313 Patrem
1825 289 1857 312 ut

192 332 249 363 ὄντι
274 331 348 371 ιῐμὶ,
370 331 420 362 καὶ
444 332 578 372 συγχωρῶ
595 330 644 367 τὴν
666 330 742 371 φύσιν
769 330 803 359 τὰ
825 331 920 365 ἑαυτῆς
942 330 999 358 ἐπι-

196 375 381 417 δείκνυσθαι)·
404 375 479 415 ὅμως
504 376 535 406 οὗ
555 375 626 415 λέγω
652 375 718 415 πρὸς
741 375 785 405 τὸν
809 374 932 415 Πατέρα,
957 373 999 402 ἵνα

199 420 324 462 μούσῃ
347 433 361 448 ι
388 422 482 457 ξιτ-’ἥς
505 419 576 461 ὥρας
603 419 718 456 ταύτης·
742 434 754 446 τι
781 419 851 449 ἀλλὰ
869 419 894 448 τί
912 418 998 457 levo);

196 480 211 494 ι
233 466 340 506 Πάτερ,
364 465 475 500 δόξασόν
492 477 538 495 σου
562 465 593 495 τὸ
616 464 716 504 ὄνομα·
747 478 760 491 ι
781 464 920 500 τουτέστι,
947 463 1000 493 Τὸν

198 510 331 552 σταυρὸν,
359 509 466 541 καὶτὸν
492 509 559 550 ὑπὲρ
582 511 708 546 τῆς-τῶν
734 510 843 539 πάντων
869 508 1001 548 σωτηρίας

198 556 333 592 ιίνδιιναν,
360 554 504 592 εὗδόκησόν
531 566 564 594 με
591 554 779 589 ἀναδέξασθαι.
805 553 880 594 Ὅρα
908 553 934 582 δὲ
961 553 1001 582 ὅτι

199 600 279 636 δόξαν
299 601 372 632 Θεοῦ
386 600 525 639 ὠνόμασε,
539 599 570 629 τὸ
596 599 662 639 ὓπὲρ
684 601 731 635 τῆς
754 598 881 635 ἀληθείας
899 599 1001 627 ἀποθα-

203 648 273 677 νεῖν·
288 645 330 676 διὸ
352 645 400 676 καὶ
414 647 430 675 ὁ
456 644 572 685 Πατὴρ,
599 655 616 673 α
641 644 697 675 Καὶ
719 643 846 680 ἐδόξασα,
861 642 940 683 φησὶ,
955 642 1001 672 καὶ

199 691 282 722 πάλιν
456 702 470 717 ι
512 691 575 724 Τοῖς
598 701 627 719 τι
648 689 701 729 γὰρ
726 688 779 729 πρὸ
809 690 855 718 τοῦ
888 690 1002 727 σταυροῦ

197 736 350 775 θαύμασιν,
374 734 393 764 ἆ
407 735 435 765 ἐν
451 735 489 775 τῷ
504 734 561 774 ἐμῷ
579 733 689 774 ὀνόματι
706 734 819 770 ἐτέλεις,
845 746 857 760 α
875 732 1001 769 ἐδόξασα,

195 781 246 811 καὶ
260 780 346 811 πάλιν
368 793 381 807 ι
404 780 432 810 ἓν
458 779 533 820 αὖτῷ
553 780 592 819 τῷ
608 780 715 819 σταυρῷ
732 777 775 808 διὰ
803 780 850 807 σοῦ
876 777 1001 815 θαύματα

197 825 334 865 ποιήσας,
359 837 373 852 ιι
388 823 506 861 δοξάσω,
525 837 539 851 ι
565 823 612 854 καὶ
636 823 705 863 μετὰ
720 822 768 859 τὴν
784 821 871 863 ταφὴν
887 821 1003 857 ἀναστή-

199 882 251 905 σας
263 882 310 908 σε,
324 868 372 900 ul
389 868 419 899 τὸ
438 869 554 908 Πνεῦμα
572 867 696 909 πέμψας,
716 867 756 897 ἔτι
772 867 933 907 ἐνδοξότερον
956 866 1002 896 χαὶ

198 915 232 946 τὸ
246 915 313 955 ὶμδν
326 914 412 954 ὄνομα
425 913 473 944 καὶ
486 913 516 944 σὲ
531 914 707 949 καταστήσω.
723 911 801 946 Τινὲς
814 911 842 941 δὲ
855 912 896 947 τὸ,
914 926 927 938 ι
944 913 1003 942 Νῦν

1054 328 1140 356 salvet
1151 336 1195 356 me
1207 340 1220 353 ιι
1236 336 1273 357 ex
1288 328 1357 356 hora
1373 328 1433 357 hac.
1447 340 1460 353 ιι
1474 328 1527 357 Sed
1542 328 1612 365 quid
1622 328 1716 357 dico?«
1733 330 1855 363 lllustra,

1054 374 1145 407 Pater,
1161 377 1239 401 tuum
1250 381 1363 406 nomen,
1382 385 1395 398 ν
1413 373 1466 401 hoc
1480 378 1533 407 est,
1547 373 1679 410 probetur
1694 373 1744 401 tibi
1759 378 1789 401 ut
1805 382 1856 410 ego

1053 418 1201 454 suscipiam
1217 426 1329 446 crucem
1344 423 1371 446 et
1383 418 1536 454 periculum
1555 427 1604 454 pro
1617 418 1706 446 salute
1718 419 1855 446 omnium.

1053 462 1123 490 Vide
1138 466 1231 490 autem
1245 462 1320 498 quod
1342 462 1460 498 gloriam
1478 463 1533 491 Dei
1547 462 1705 491 nominavit
1720 462 1791 490 mori
1809 471 1857 498 pro

1054 507 1167 535 veritate
1189 507 1272 543 677
1300 517 1307 542 ;
1330 512 1483 543 propterea,
1500 509 1591 542 Pater,
1615 519 1628 532 ιι
1644 509 1679 535 Et
1701 507 1834 537 illustravi
1850 529 1857 541 ,

1054 552 1156 588 inquit,
1171 556 1198 580 et
1213 552 1312 580 iterum
1323 552 1474 580 illustrabo.
1494 564 1506 577 ιν
1520 554 1592 581 Nam
1605 558 1632 582 et
1646 555 1786 584 miraculis
1796 564 1858 592 qua:

1054 601 1118 624 ante
1138 605 1261 631 crucem,
1284 600 1312 625 et
1326 605 1388 633 quae
1402 597 1431 624 in
1452 605 1514 626 meo
1537 599 1652 627 nomine
1681 600 1856 636 perﬁciebas,

1057 653 1069 665 ιι
1093 641 1224 669 illustravi
1247 650 1253 669 :
1272 653 1285 666 »
1302 645 1330 670 et
1343 642 1447 670 iterum
1471 642 1548 671 factis
1570 651 1618 679 per
1634 648 1660 672 te
1676 645 1815 673 miraculis
1830 646 1857 673 in

1055 686 1112 722 ipsa
1130 694 1211 715 cruce
1234 698 1246 711 ιι
1267 686 1421 721 illustrabo,
1439 699 1451 712 ιι
1475 692 1503 715 et
1525 692 1587 723 post
1607 690 1777 725 sepulturam
1793 698 1857 718 cum

1056 731 1253 759 resuscitavero
1272 735 1309 765 te,
1326 736 1354 759 et
1367 732 1501 767 Spiritum
1519 733 1632 767 misero,
1649 735 1740 770 magis
1755 735 1857 771 glorio-

1055 784 1117 804 sum
1133 780 1160 804 et
1179 784 1273 804 meum
1287 784 1389 804 nomen
1402 780 1430 804 et
1443 781 1471 805 te
1486 779 1664 806 constituam.
1682 780 1752 807 Sunt
1766 784 1858 808 autem

1056 821 1103 856 qui
1117 821 1275 857 intelligunt
1286 821 1339 849 hoc
1354 821 1470 855 dictum,
1487 834 1500 847 ιι
1517 823 1598 851 Nunc
1612 824 1704 852 anima
1722 832 1783 852 mea
1798 829 1860 852 tur—

1057 865 1121 893 bata
1143 869 1184 893 est
1208 875 1215 892 :
1241 877 1253 890 ιι
1278 873 1335 893 non
1359 866 1437 902 quod
1460 867 1597 896 Dominus
1620 868 1719 896 timeat
1740 873 1860 897 mortem

1057 910 1210 938 secundum
1225 910 1377 938 humanam
1394 915 1535 946 naturam,
1561 913 1607 941 sed
1630 913 1780 948 praevideat
1804 914 1860 949 eje-

200 962 220 997 ἠ
337 970 389 999 μου
409 958 587 999 τετάρακται,
611 971 625 985 π
646 959 697 998 οὔχ
726 958 822 1002 ὣςντοῧ
846 956 936 1002 Ἰησοῦ
958 956 1002 985 τὸν

1061 955 1181 983 etionem
1203 955 1390 991 generationis
1412 955 1575 984 Iudaeorum
1599 958 1815 993 exasperatricis,
1834 962 1862 986 et

199 1005 317 1036 θάνατον
343 1003 509 1046 φοϐουμένου
543 1002 613 1034 κατᾶ
637 1002 669 1032 τὸ
693 1001 857 1043 ἀνθρώπινον
879 1001 1003 1040 λέγεσθαι

200 1049 332 1087 ἐνόησαν,
359 1049 430 1079 ἀλλὰ
458 1049 592 1089 προορῶν,
619 1046 699 1088 φασὶ,
727 1047 776 1083 τὴν
803 1046 936 1076 ἔκπτωσιν
958 1048 1005 1081 τῆς

201 1093 468 1134 παριπικραινσῦσης
491 1095 544 1123 τῶν
566 1091 702 1123 Ἰουδαίων
728 1095 836 1131 γενεᾶς,
854 1091 899 1121 καὶ
921 1092 1005 1129 ὓπερ-

201 1139 293 1180 αλγῶν
316 1139 420 1176 αὖτῠν,
444 1137 491 1168 καὶ
516 1137 683 1178 φειδόμενος,
708 1136 755 1166 καὶ
773 1136 932 1175 κηδόμενος,
952 1147 1004 1164 τα-

321 1196 331 1214 ι
351 1182 386 1213 δι’
405 1181 537 1221 ἕχείνους,
563 1183 610 1212 καὶ
634 1181 706 1222 λύπῃ
732 1181 860 1221 βάλλεται
876 1182 890 1210 ὁ
911 1180 1007 1220 φιλοίν-

201 1231 320 1270 Opertae.
367 1228 413 1259 οὗ
427 1227 480 1268 γὰρ
504 1226 550 1257 τὸν
576 1228 703 1263 Θᾶνατον,
723 1225 805 1267 φασὶ,
833 1225 1006 1266 φοϐούμενος,

202 1273 263 1304 ἐπεὶ
280 1272 349 1312 μηδὶ
365 1272 459 1312 ἠγνόει
475 1271 546 1306 τίνος
559 1271 647 1301 ἕνεκεν
670 1270 719 1307 τὴν
735 1270 800 1311 πρὸς
819 1272 890 1308 ἡμᾶς
911 1269 1006 1312 ἐποιῇ-

1058 999 1154 1027 dolens
1170 1008 1202 1028 ac
1224 1008 1340 1035 parcens
1362 1000 1403 1028 eis
1417 1001 1544 1028 turbatur
1560 1006 1671 1037 propter
1692 1010 1749 1036 eos,
1765 1007 1792 1030 et
1807 1003 1862 1030 mi—

1058 1045 1176 1073 sericors
1198 1045 1324 1072 dolorem
1349 1045 1376 1072 in
1393 1053 1421 1073 se
1435 1045 1543 1081 accipit.
1560 1048 1653 1082 Neque
1668 1047 1745 1074 enim
1765 1046 1863 1075 dicunt

1059 1089 1134 1126 quod
1158 1093 1278 1117 mortem
1300 1090 1407 1117 timeat.
1423 1092 1487 1118 Non
1509 1090 1583 1118 enim
1607 1092 1754 1127 ignorabat
1776 1100 1862 1128 quam

1060 1134 1095 1162 ob
1122 1142 1235 1162 causam
1259 1135 1294 1162 ad
1316 1143 1367 1162 nos
1389 1134 1528 1170 profectus
1551 1140 1634 1169 esset,
1660 1136 1731 1164 sicut
1752 1141 1779 1165 et
1804 1137 1863 1172 ipse

1060 1178 1137 1213 dicit,
1155 1190 1166 1203 ιι
1184 1180 1299 1214 Propter
1318 1179 1371 1207 hoc
1383 1180 1444 1207 veni
1458 1180 1485 1207 in
1499 1180 1598 1208 horam
1618 1181 1697 1209 hanc.
1717 1191 1731 1207 ι)
1750 1181 1861 1217 Alioqui

1061 1224 1200 1260 quomodo
1224 1224 1387 1251 adhortatus
1414 1223 1507 1252 fuisset
1529 1225 1607 1258 alios,
1631 1225 1727 1254 dicens
1751 1235 1759 1253 :
1786 1237 1799 1251 α
1822 1228 1863 1254 Ne

1060 1268 1183 1296 timeatis
1195 1277 1243 1297 eos
1258 1269 1306 1304 qui
1321 1268 1451 1296 occidunt
1465 1277 1565 1304 corpus
1580 1269 1626 1297 ‘5?
1643 1282 1654 1294 .›

201 1310 449 1359 σατυ-ἄφιεινίῶς
468 1316 515 1347 καὶ
542 1316 620 1350 αὐτὸς
642 1316 728 1356 λέγει·
760 1310 784 1341 γι
802 1314 853 1345 Διὰ
871 1317 949 1344 τοῦτο
974 1310 1052 1350 ἦλθον
1068 1315 1103 1346 εἰς
1126 1312 1173 1349 τὴν
1198 1313 1269 1353 ὥραν
1296 1314 1405 1350 ταύτην.
1432 1328 1443 1341 ν
1487 1316 1550 1348 Πῶς
1578 1314 1602 1343 δ’
1629 1314 1661 1344 ἂν
1686 1314 1747 1350 τοὺς
1770 1315 1865 1349 ἄλλους

202 1358 400 1404 προετρέπετο,
415 1375 427 1389 ι
442 1361 491 1398 Μὴ
513 1360 635 1402 φοϐεῖσθε
644 1384 652 1398 ,
666 1361 751 1399 λέγων
761 1383 769 1397 ,
784 1359 839 1389 ἀπὸ
854 1361 906 1389 τῶν
921 1358 1130 1388 ἀποκτεινόντων
1150 1358 1179 1388 τὸ
1194 1360 1287 1396 caput;
1308 1373 1319 1384 ιι

244 1421 260 1435 ι
281 1407 318 1438 ⁶0
345 1402 390 1438 οὖν
415 1407 495 1447 ὄχλος
518 1408 533 1436 ὁ
557 1405 655 1443 ἑστὼς,
679 1406 725 1435 καὶ
750 1405 881 1441 ἀκούσας,
911 1404 1000 1442 ἔλεγον

205 1451 320 1495 βροντὴν
342 1451 488 1493 γεγονέναι.
529 1450 621 1482 Ἄλλοι
649 1451 753 1491 ἔλεγον·
780 1448 904 1495 Ἀγγελος
932 1449 1004 1495 αὐτῷ

1094 1409 1178 1436 Vens.
1194 1410 1289 1436 29-33.
1309 1420 1320 1432 ιι
1344 1408 1436 1436 Turba
1451 1416 1516 1445 ergo
1531 1417 1593 1445 quae
1609 1409 1701 1437 stabat
1723 1414 1751 1438 et
1769 1409 1863 1438 audie-

1058 1456 1110 1486 rat,
1133 1453 1241 1481 dicebat
1255 1453 1410 1481 tonitruum
1426 1461 1485 1481 esse
1499 1453 1613 1481 factum.
1632 1454 1684 1482 Alii
1706 1454 1834 1483 dicebant
1857 1465 1863 1482 :

380 1490 386 1493 ν
406 1495 548 1545 ᾎπεκρίθη
577 1490 716 1545 Ἰησοίἲῇ⁸
726 1495 772 1525 καὶ
800 1490 874 1525 εἶπεν
886 1506 893 1513 ·
909 1494 1005 1545 Οὐιδι⁷

1061 1498 1183 1533 Angelus
1203 1498 1227 1525 ei
1251 1499 1359 1526 locutus
1381 1502 1431 1527 est.
1449 1499 1604 1535 Respondit
1622 1501 1712 1533 Jesus,
1728 1503 1757 1527 et
1771 1500 1840 1527 dixit
1855 1509 1861 1527 :

205 1542 254 1583 ἔμὲ
266 1544 286 1580 ἦ
299 1540 375 1584 φονῆ
391 1541 460 1578 αὕτη
473 1541 598 1581 γέγονεν,
619 1540 690 1571 ἀλλὰ
704 1541 738 1570 δι’
753 1542 832 1578 ὑμᾶς.
847 1541 903 1570 Νῦν
920 1538 1005 1579 κρίσις

206 1587 266 1618 {ad
288 1583 335 1618 τοῦ
359 1587 462 1624 κόσμου
486 1585 594 1623 τούτου,
619 1588 665 1615 νῦν
679 1587 694 1615 ὁ
718 1585 810 1625 ἄρχων
835 1586 881 1614 τοῦ
903 1583 1005 1622 κόσμου

206 1631 303 1663 τούτου
316 1630 513 1668 ἐκϐληθήσεται
528 1630 588 1665 ἔξω.
607 1630 692 1670 Κάγὼ
708 1629 754 1660 ἐὰν
778 1630 877 1669 ὕψωθῶ
903 1629 933 1658 ἐκ
961 1630 1008 1664 τῆς

206 1679 274 1718 γῆς,
286 1676 389 1711 πάντας
402 1675 508 1706 ἑλκύσω
522 1675 587 1716 πρὸς
600 1675 728 1714 ἐμαυτόν.
752 1675 841 1704 Τοῦτο
865 1673 892 1702 δὲ
914 1673 988 1711 ἔλεγε
997 1695 1005 1711 ,

203 1721 343 1761 σημαίνων
375 1720 444 1762 ποίῳ
477 1719 583 1761 θανάτῳ
618 1719 728 1759 ἔμελλεν
761 1718 951 1754 ἀποθνήσκειν.
993 1731 1005 1743 ι

206 1766 364 1809 nux-61:90!
385 1765 459 1809 ὄντος
477 1765 525 1795 καὶ
542 1764 718 1805 ἀμαθέστεροι
742 1765 767 1793 οἱ
782 1763 903 1802 πλείους,
920 1762 1007 1809 ἐνέμι-

204 1823 258 1843 σαν
274 1810 388 1853 βροντὴν
402 1805 471 1841 εἶναι
481 1810 531 1847 τὴν
545 1810 635 1851 φωνὴν
644 1832 652 1847 ,
678 1809 766 1839 καίτοι
788 1808 904 1847 εὔσημον
926 1803 1007 1837 οὖσαν

203 1857 254 1888 καὶ
265 1855 480 1897 τετρανιιιμένην.
523 1854 637 1897 Ἰξιιιχέως
655 1854 707 1894 γὰρ
719 1854 878 1884 ἐπελάθοντο
893 1855 945 1883 τῶν
960 1855 1008 1889 τῆς

204 1904 298 1943 φωνῆς
451 1922 461 1940 ,
474 1899 520 1930 τὸν
541 1895 607 1941 ἦχον
625 1899 702 1938 μόνον
725 1898 882 1938 κατέχοντες
898 1898 1006 1934 ταύτης.

203 1942 318 1987 θετιροι
344 1946 372 1976 δὲ
400 1949 524 1986 κατεῖχον
552 1944 600 1983 μὲν
623 1944 670 1974 καὶ
695 1942 730 1973 τὰ
747 1943 855 1985 ῥήματα
875 1942 943 1972 αὐτὰ
962 1944 1009 1978 τῆς

206 1993 315 2034 φωνῆς,
330 1990 402 2031 λόγω
413 1989 446 2026 δὴ
457 1989 506 2034 τὸ,
523 2000 538 2019 ε
551 1988 684 2034 Ἐδόξασα
694 2013 701 2025 ,
718 1989 764 2018 χαὶ
776 1988 856 2017 πάλιν
866 1987 1009 2034 νδοξοὶσωχ»

207 2031 248 2076 ᾗῇ
267 2034 399 2070 συνιέντες
412 2035 436 2064 δ’
454 2033 528 2074 ὅμως
551 2033 589 2068 τίς
608 2035 623 2064 ὃ
646 2035 706 2067 νοῦς
726 2034 779 2062 τῶν
798 2033 923 2074 ῥημάτων
947 2031 1011 2061 τού-

205 2092 278 2119 των,
291 2079 405 2120 ἔπιλον
421 2080 495 2121 αὖτῷ
518 2078 694 2115 λελαληκέναι
709 2077 807 2118 ᾤοντο,
826 2077 866 2107 διὸ
889 2077 934 2107 καὶ
951 2077 1011 2106 δυσ-

206 2125 294 2163 νόητα
308 2125 398 2159 αὐτοῖς
410 2119 486 2154 εἶναι
506 2126 606 2161 ταῦτα,
631 2124 666 2158 ὥς
682 2123 726 2153 ὑπ’
743 2123 856 2162 ἀγγέλου
869 2121 1008 2162 λεχθέντα.

1062 1544 1122 1571 Non
1144 1547 1258 1579 propter
1282 1551 1327 1571 me
1342 1543 1401 1571 haec
1422 1552 1475 1571 vox
1498 1544 1583 1577 venit,
1599 1544 1647 1572 sed
1671 1548 1783 1580 propter
1803 1552 1864 1572 vos.

1061 1588 1142 1615 Nunc
1165 1587 1299 1623 judicium
1332 1592 1373 1616 est
1403 1589 1501 1617 mundi
1525 1588 1622 1625 hujus;
1650 1597 1725 1616 nunc
1741 1589 1865 1624 princeps

1061 1632 1159 1660 mundi
1172 1633 1254 1669 hujus
1268 1633 1391 1669 ejicietur
1402 1632 1486 1662 foras.
1500 1635 1536 1661 Et
1546 1642 1596 1670 ego
1607 1634 1629 1661 si
1641 1634 1776 1661 exaltatus
1786 1632 1865 1661 fuero

1061 1685 1077 1705 a
1101 1681 1185 1711 terra,
1210 1686 1310 1705 omnes
1326 1678 1433 1706 traham
1458 1679 1492 1706 ad
1517 1679 1665 1714 meipsum.
1687 1680 1748 1706 Hoc
1770 1683 1865 1706 autem

1061 1721 1170 1750 dicebat
1195 1723 1352 1758 signiﬁcans
1373 1731 1427 1758 qua
1451 1727 1542 1751 morte
1569 1728 1642 1751 esset
1665 1724 1827 1751 moriturus.
1853 1735 1864 1747 ιι

1061 1767 1156 1796 Plures
1181 1776 1245 1795 cum
1259 1768 1405 1796 crassiores
1419 1772 1511 1796 essent
1524 1772 1552 1796 et
1574 1769 1769 1804 imperitiores,
1787 1772 1865 1803 puta-

1062 1817 1160 1841 verunt
1185 1812 1337 1840 tonitruum
1361 1820 1420 1840 esse
1446 1820 1555 1846 vocem,
1580 1813 1706 1848 quamvis
1722 1813 1866 1840 articulata

1063 1865 1115 1885 vox
1129 1861 1200 1884 esset
1222 1861 1249 1885 et
1271 1857 1472 1893 cognoscibilis.
1488 1857 1587 1885 Statim
1608 1857 1683 1885 enim
1698 1857 1774 1885 obliti
1789 1862 1869 1885 erant

1064 1901 1211 1929 verborum
1237 1901 1323 1935 vocis,
1349 1905 1377 1929 et
1404 1901 1494 1929 solum
1520 1901 1578 1937 ejus
1597 1909 1696 1929 sonum
1725 1902 1866 1930 tenebant.

1064 1946 1117 1974 Alii
1141 1950 1233 1974 autem
1255 1950 1283 1974 et
1297 1945 1378 1973 verba
1403 1946 1479 1973 vocis
1502 1946 1644 1979 tenebant,
1666 1954 1728 1982 qua:
1748 1945 1866 1981 dicebat,

1067 2002 1079 2015 σι
1101 1991 1245 2024 lllustravi,
1266 1995 1293 2018 et
1309 1991 1408 2018 iterum
1422 1990 1573 2018 illustrabo.
1596 2002 1609 2014 »
1625 1992 1689 2018 Non
1708 1990 1867 2026 intelligen-

1064 2040 1104 2064 tes
1140 2040 1232 2064 autem
1265 2035 1325 2071 quis
1349 2035 1496 2063 verborum
1520 2043 1626 2069 sensus,
1661 2036 1790 2072 angelum
1815 2035 1869 2071 ipsi

1064 2081 1188 2109 locutum
1219 2080 1303 2109 fuisse
1332 2081 1473 2117 putabant,
1504 2084 1532 2108 et
1565 2080 1627 2109 ideo
1659 2081 1703 2108 illa
1730 2081 1868 2108 intellectu

1064 2126 1200 2159 difﬁcilia,
1235 2130 1330 2162 utpote
1362 2126 1397 2153 ab
1422 2126 1521 2161 angelo
1546 2125 1630 2153 dicta.
1657 2127 1737 2153 Jesus
1763 2130 1868 2160 autem,

205 2171 245 2202 ⁸0
261 2169 292 2200 δὲ
310 2170 428 2206 Ἰησοῦς,
444 2182 458 2196 ε
474 2170 516 2200 Οὖ
531 2169 566 2199 δι’
583 2167 647 2208 ἐμὲ,
667 2168 748 2209 φησὶ,
768 2167 875 2207 γέγονεν
897 2166 964 2203 αὕτη
989 2169 1006 2202 ἡ

1064 2183 1076 2195 ιι
1098 2172 1161 2199 Non
1177 2174 1288 2207 pr0pter
1311 2178 1367 2204 me,
1388 2170 1487 2205 inquit,
1503 2169 1573 2198 facta
1597 2174 1638 2198 est
1659 2170 1719 2198 hac
1740 2178 1804 2204 vox,
1820 2170 1868 2199 sed

207 2214 302 2258 γυνὴ,
316 2214 387 2245 ἀλλὰ
411 2214 445 2244 δι’
462 2215 543 2251 ὑμᾶς.
561 2226 574 2241 ι
618 2213 694 2252 Ἐγὼ
709 2212 758 2258 μὲν
775 2212 827 2252 γὰρ
840 2212 887 2258 οἰικ
899 2211 1010 2258 Eheu-qv

206 2255 257 2292 ἑοῦ
275 2260 390 2299 μαθεῖν,
413 2257 454 2289 ὅτι
469 2257 592 2293 ἐδόξασεν
609 2259 625 2288 ὃ
639 2256 751 2298 Πατὴρ,
767 2258 813 2286 καὶ
829 2256 909 2286 πάλιν
937 2255 1012 2290 δοξά-

207 2316 252 2336 σει
273 2304 307 2335 τὸ
330 2304 413 2334 αὐτοῦ
434 2302 536 2343 ὄνομα·
563 2305 639 2343 ὗμεῑς
663 2302 691 2332 δὲ
719 2302 822 2332 ἐδέεσοε
845 2303 891 2331 τοῦ
907 2304 1012 2340 μαθεῖν,

208 2349 252 2381 ὅτι
265 2350 317 2380 οὐκ
340 2348 397 2388 εἰμὶ
421 2348 554 2386 ἀντίθεος,
580 2348 641 2378 ἀλλ’
663 2348 701 2381 εἷς
721 2346 798 2381 δόξαν
818 2350 864 2376 τοῦ
887 2346 1013 2384 ὀνόματος

207 2398 258 2426 τῶ
271 2395 359 2427 Θιοῧ.
376 2394 411 2425 Εἰ
424 2392 478 2434 γὰρ
495 2393 530 2423 δι’
545 2391 594 2433 ίμὶ
606 2392 639 2423 τὸ
653 2391 739 2431 ὄνομα
753 2393 801 2421 τοῦ
825 2393 897 2422 Θεοῦ
923 2390 1014 2434 μέλλέι

207 2439 380 2477 δοξάζισθαι,
504 2431 565 2478 εἰμι
594 2437 727 2473 ἀντίθεος
762 2450 775 2463 ι
804 2437 845 2466 Δι’
866 2437 935 2474 ὑμᾶς
968 2431 1013 2465 οὖν

207 2484 317 2525 γίγννιν
343 2485 363 2520 ἡ
384 2482 478 2525 φωνὴ,
501 2495 515 2511 ι
536 2481 581 2512 ἵνα
599 2483 685 2522 γνῶτε
705 2482 746 2512 ὅτι
763 2481 829 2521 πρὸς
857 2480 933 2515 δόξαν
960 2480 1015 2519 εἰμὶ

205 2532 255 2561 ππ
268 2531 355 2562 eam”
371 2527 425 2558 κᾶν
449 2527 489 2567 μὴ
513 2526 629 2564 δύνησθε
644 2527 672 2557 δὲ
687 2527 806 2567 γνῶναι,
832 2525 1015 2566 ἐρωτήσαντες

205 2577 270 2616 γοῦν
286 2574 399 2614 μάθετε,
419 2572 436 2603 8
451 2573 580 2612 ἀγνοεῖτε.
599 2572 641 2603 Τὸ
667 2571 712 2609 δὲ,
732 2585 744 2598 ι
765 2571 833 2616 Νῦν
850 2570 935 2610 χρίσις
957 2570 1015 2616 ἐστὶ

207 2611 257 2650 τοῦ
400 2611 517 2654 τούτου,
543 2631 556 2644 ι
575 2617 648 2647 δοκεῖ
673 2615 723 2656 μὲν
749 2615 925 2645 ἀνακόλουθον
947 2611 1016 2645 εἶναι

206 2668 264 2699 τοῖς
286 2663 341 2706 πρὸ
364 2663 461 2694 αὖτοῧ.
504 2661 593 2693 Ποίαν
607 2661 659 2702 γὰρ
679 2661 837 2706 ἀκολουθίαν
857 2660 913 2700 ἔχει
939 2663 1016 2689 τοῦτο

207 2710 275 2751 πρὸς
293 2705 342 2748 τί»,
367 2723 380 2738 ιι
396 2707 552 2744 Έδόξασα,
568 2707 638 2751 οιαὶ.
646 2706 728 2751 πάλιν
743 2705 862 2742 δοξάσω;
888 2718 902 2732 ιι
919 2705 1014 2751 Πάντη

207 2746 238 2786 δέ
251 2746 404 2787 W.
450 2751 534 2784 Ἐπεὶ
546 2749 598 2792 γὰρ
613 2746 687 2781 εἶπεν
703 2750 803 2781 ἄνωθεν
818 2751 833 2780 ὁ
853 2750 960 2791 Πατὴρ,
977 2750 1016 2780 ὅτι

205 2814 220 2829 ι
239 2800 370 2842 Λοξίεω,
385 2813 403 2828 ι
417 2797 560 2830 δείκνυσιν
575 2797 640 2836 ἡμῖν
655 2797 670 2826 ὁ
683 2795 786 2837 Κύριος
798 2795 842 2825 τὸν
856 2795 954 2836 τρόπον
967 2797 1015 2831 τῆς

234 2895 496 2930 limum”.

1067 2219 1180 2252 propter
1194 2223 1251 2243 vos.
1272 2227 1284 2239 »
1302 2215 1437 2251 Equidem
1450 2223 1507 2242 non
1528 2222 1597 2250 opus
1610 2214 1699 2242 habeo
1714 2219 1746 2243 ut
1764 2215 1870 2243 discam

1066 2261 1141 2297 quod
1160 2260 1303 2288 illustravit
1325 2261 1417 2292 Pater,
1440 2259 1597 2295 iterumque
1623 2259 1810 2287 illustraturus
1834 2259 1871 2286 sit

1066 2313 1171 2333 nomen
1191 2313 1274 2333 suum
1297 2313 1304 2332 :
1320 2312 1368 2332 vos
1382 2308 1475 2332 autem
1489 2312 1558 2339 opus
1570 2303 1691 2337 habetis,
1704 2307 1735 2331 ut
1758 2303 1871 2331 discatis

1068 2350 1144 2387 quod
1174 2358 1232 2378 non
1257 2349 1309 2378 sim
1332 2349 1503 2377 adversarius
1525 2350 1594 2383 Deo,
1618 2348 1666 2376 sed
1692 2348 1718 2376 in
1754 2348 1870 2384 gloriam

1068 2395 1193 2423 nominis
1211 2394 1272 2422 Dei.
1288 2395 1359 2422 Nam
1375 2394 1397 2422 si
1413 2402 1462 2429 per
1483 2402 1528 2421 me
1542 2402 1646 2422 nomen
1662 2393 1714 2421 Dei
1730 2393 1870 2421 illustran-

1068 2440 1148 2474 dum,
1163 2439 1303 2476 quomodo
1319 2447 1381 2467 sum
1395 2438 1569 2467 adversarius
1582 2438 1653 2466 Dei?
1670 2450 1682 2463 ιι
1696 2440 1810 2474 Propter
1822 2446 1872 2465 vos

1069 2485 1153 2521 igitur
1176 2484 1245 2513 facta
1266 2488 1307 2512 est
1329 2492 1392 2518 vox,
1420 2495 1432 2508 υ
1458 2488 1489 2512 ut
1502 2483 1595 2512 sciatis
1615 2483 1689 2519 quod
1711 2483 1740 2511 in
1754 2483 1870 2519 gloriam

1072 2530 1124 2558 sim
1141 2529 1203 2558 Dei.
1225 2529 1359 2564 Quamvis
1382 2533 1475 2557 autem
1491 2529 1559 2557 scire
1569 2537 1625 2556 non
1638 2528 1758 2564 possitis,
1772 2528 1872 2556 saltem

1070 2576 1249 2610 interrogate,
1283 2578 1311 2602 et
1344 2574 1440 2602 discite
1463 2573 1538 2609 quod
1571 2573 1711 2609 ignoratis.
1750 2570 1872 2599 Dicendo

1070 2624 1175 2655 autem,
1193 2631 1205 2643 ιι
1221 2620 1304 2647 Nunc
1316 2623 1357 2646 est
1365 2618 1501 2654 judicium
1514 2617 1611 2646 mundi
1626 2617 1719 2652 hujus,
1737 2627 1749 2641 η
1764 2615 1873 2643 videtur

1071 2664 1186 2701 quidem
1206 2663 1393 2699 superioribus
1406 2663 1480 2691 male
1500 2662 1649 2690 cohaerere.
1666 2661 1782 2695 Qualem
1796 2660 1873 2689 enim

1071 2709 1298 2746 consequentiam
1312 2708 1393 2736 habet
1404 2707 1457 2735 hoc
1478 2707 1512 2735 ad
1528 2706 1594 2734 illud
1606 2706 1681 2741 quod
1700 2706 1805 2734 dictum
1820 2709 1872 2739 est,

1074 2766 1086 2780 κ
1107 2756 1144 2783 Et
1169 2753 1315 2787 illustravi,
1340 2757 1367 2780 et
1390 2753 1489 2780 iterum
1520 2750 1686 2779 illustrabo?
1709 2762 1723 2775 ν
1754 2750 1873 2779 Omnino

1070 2804 1163 2828 autem
1183 2803 1257 2828 recte
1276 2797 1409 2834 sequitur.
1435 2797 1506 2825 Nam
1536 2796 1601 2832 quia
1621 2795 1746 2832 superius
1769 2795 1875 2823 dixerat
