4198 6472
498 432 589 484 131
1519 424 2034 482 THEOPHYLACTI
2073 421 2432 480 BULGARLE
2471 423 2787 481 ARCHIEP.

3701 419 3804 473 132

489 555 672 621 Pater,
723 575 749 601 α
782 550 1096 620 Illustrabo,
1132 573 1156 600 υ
1211 549 1452 607 ostendit
1486 550 1644 607 nobis
1673 551 1949 607 Dominus
1974 566 2093 606 mo-

2210 547 2387 621 δόξης.
2419 548 2514 617 Τίς
2544 549 2612 631 ᾗδὲ
2642 540 2822 622 οὗτος,
2855 547 2934 608 Τὸ
2962 545 3285 618 ἐκϐληθῆναι
3337 542 3434 621 μὲν
3464 541 3564 612 ἔξω
3593 541 3682 601 τὸν
3713 565 3807 602 x0-

490 642 629 698 dum
657 641 1061 698 illustrationis.
1094 643 1167 697 Et
1191 641 1314 713 quis
1341 641 1464 698 ille?
1492 643 1569 698 Ut
1594 641 1847 713 ejiciatur
1866 640 2093 714 quidem

488 731 638 790 foras
661 733 856 790 mundi
883 733 1180 801 Dominus,
1209 741 1264 787 et
1298 732 1584 800 vincatur;
1606 733 1881 805 judicetur
1907 740 2094 788 autem

490 823 752 891 mundus,
793 823 898 880 hoc
933 831 1017 879 est
1040 822 1108 878 de
1137 838 1202 878 eo
1240 822 1377 878 ultio
1403 831 1676 878 sumatur.
1713 822 1878 894 Quod
1907 831 2096 879 autem

489 913 647 981 dicit,
677 912 828 968 hunc
848 928 1069 968 sensum
1106 911 1272 967 habet
1311 912 1522 983 :678
1546 913 1708 968 Nunc
1725 911 2003 984 judicium
2042 920 2099 968 et

491 1002 632 1058 ultio
660 1001 855 1058 mundi
895 1002 976 1058 ﬁt.
1012 1001 1148 1070 Quia
1178 1000 1322 1057 enim
1350 1000 1602 1057 diabolus
1632 1001 1907 1057 mundum
1932 1003 2097 1058 morti

491 1092 743 1165 subjecit,
776 1099 999 1163 peccato
1049 1090 1309 1146 omnibus
1347 1090 1669 1146 hominibus
1711 1090 1967 1147 obnoxiis
2015 1089 2095 1147 fa-

491 1181 598 1238 ctis
639 1180 756 1237 :ad
800 1197 910 1248 me,
941 1179 1135 1252 inquit,
1168 1196 1298 1236 cum
1341 1180 1579 1248 venerit,
1620 1189 1676 1237 et
1715 1189 2000 1253 peccatum
2041 1180 2099 1236 in

493 1285 583 1327 me
629 1286 743 1326 non
787 1270 1079 1339 invenerit,
1109 1270 1279 1326 morti
1309 1278 1498 1326 autem
1538 1286 1603 1326 ex
1644 1287 1804 1342 azquo
1832 1269 2100 1326 submise-

492 1359 587 1429 rit,
630 1359 1096 1417 condemnabitur
1136 1376 1169 1416 a
1210 1375 1322 1428 me,
1363 1368 1416 1416 et
1445 1360 1526 1416 sic
1576 1377 1678 1433 ego
1719 1361 1985 1416 ultionem
2026 1359 2098 1417 de

491 1449 702 1506 mundo
730 1465 973 1506 sumam.
1008 1453 1139 1506 Esto
1166 1450 1318 1506 enim
1357 1449 1505 1522 quod
1545 1450 1668 1506 aliis
1698 1459 1938 1506 mortem
1966 1465 2098 1520 pro-

488 1547 611 1612 pter
675 1547 963 1614 peccatum
1019 1539 1272 1596 attulerit
1331 1540 1434 1595 :in
1481 1556 1571 1596 me
1626 1539 1758 1612 quid
1791 1540 1898 1596 tale
1956 1538 2102 1596 videt

491 1628 640 1702 quod
675 1629 738 1685 in
777 1629 1019 1701 reliquis,
1060 1637 1125 1686 ut
1151 1629 1394 1686 occidat?
1434 1631 1606 1702 Igitur
1651 1653 1676 1678 α
1709 1629 1905 1686 mundi
1941 1627 2096 1703 judi-

489 1719 660 1788 cium,
712 1743 738 1768 »
771 1718 878 1775 hoc
909 1727 992 1775 est
1020 1720 1182 1786 uitio,
1233 1735 1383 1776 nunc
1423 1735 1454 1774 a
1500 1736 1591 1775 me
1621 1718 1686 1776 ﬁt
1728 1720 1902 1791 :quia
1946 1719 2100 1775 enim

490 1824 592 1882 ego
626 1809 877 1865 occidam
905 1825 1036 1866 eum
1068 1809 1163 1882 qui
1194 1825 1387 1866 omnes
1417 1809 1639 1879 occidit,
1671 1818 1725 1866 et
1753 1826 1842 1866 me
1873 1824 2096 1882 quoque

488 1899 770 1956 insontem
814 1899 1036 1966 invasit,
1084 1900 1232 1955 ultor
1273 1915 1368 1956 ero
1412 1901 1666 1956 omnium
1714 1899 1810 1972 qui
1861 1900 1928 1955 ab
1974 1899 2096 1970 ipso

488 1988 656 2045 occisi
682 1997 835 2059 sunt,
867 1997 925 2046 et
952 1988 1200 2062 ejicietur
1229 1989 1374 2045 foras
1403 1997 1693 2062 tyrannus,
1728 2005 1826 2061 per
1855 1997 2096 2046 mortem

487 2093 674 2135 meam
715 2077 1140 2135 condemnatus.
1189 2082 1332 2135 Nam
1382 2097 1410 2130 (ι
1435 2079 1679 2151 ejicietur
1705 2077 1875 2147 foras,
1910 2101 1935 2126 ν
1969 2094 2095 2135 me-

487 2167 717 2239 taphora
764 2174 850 2223 est
875 2175 1092 2238 sumpta
1124 2167 1193 2223 ad
1232 2167 1316 2223 his
1343 2168 1435 2239 qui
1486 2166 1540 2222 in
1577 2167 1800 2240 judiciis
1828 2167 2094 2224 condem-

487 2264 712 2324 nantur,
744 2263 798 2312 et
825 2271 854 2312 a
878 2255 1142 2312 tribunali
1163 2256 1478 2330 exiguntur.
1509 2257 1610 2314 Vel
1637 2264 1693 2313 et
1711 2257 1791 2313 sic
1818 2257 1876 2313 in
1906 2257 2096 2313 intelli-

487 2361 610 2418 gas,
675 2367 703 2395 ι
749 2345 1014 2418 Ejicietur
1040 2345 1212 2414 foras,
1271 2369 1297 2396 ao
1357 2346 1462 2402 hoc
1513 2355 1598 2403 est
1654 2371 1680 2397 ιι
1731 2347 1787 2402 in
1842 2355 2092 2404 externas

488 2435 770 2504 tenebras;
806 2459 833 2485 »
882 2435 978 2492 sed
1021 2443 1077 2492 et
1121 2435 1428 2508 privabitur
1459 2437 1767 2508 principatu
1813 2453 1982 2508 quem
2038 2437 2091 2492 in

486 2524 741 2581 homines
769 2524 1029 2594 habebat,
1069 2533 1124 2582 et
1150 2542 1265 2582 non
1295 2527 1438 2582 ultra
1477 2526 1730 2599 regnabit
1756 2527 1895 2582 sicut
1940 2525 2093 2598 prius

485 2614 544 2670 in
588 2615 714 2683 illis,
757 2622 814 2672 et
855 2615 1075 2671 illorum
1126 2615 1434 2683 animabus,
1478 2631 1542 2672 ac
1573 2617 1791 2672 mortali
1841 2631 2092 2688 corpore.

488 2727 514 2753 ‹‹
565 2703 673 2760 Sed
721 2720 918 2760 omnes
963 2720 1064 2775 ego
1095 2705 1311 2760 traham
1356 2705 1424 2762 ad
1482 2721 1594 2774 me,
1647 2722 1780 2762 cum
1824 2707 2096 2762 exaltatus

487 2792 640 2849 fuero
683 2794 738 2848 in
765 2809 948 2849 cruce.
991 2816 1016 2842 η
1051 2796 1199 2849 Nam
1225 2810 1442 2863 omnes,
1492 2795 1665 2850 etiam
1697 2796 1786 2867 qui
1816 2811 1882 2851 ex
1912 2796 2094 2868 genti—

487 2882 611 2951 bus,
643 2882 715 2938 ad
761 2881 932 2938 ﬁdem
980 2882 1036 2938 in
1067 2898 1160 2938 me
1203 2883 1513 2940 trahentur.
1558 2885 1782 2940 Etenim
1828 2885 1958 2956 quia
1989 2884 2094 2956 ipsi

484 2986 600 3027 non
647 2979 874 3042 possunt
917 2971 986 3028 ad
1017 2987 1108 3026 me
1136 2972 1342 3041 venire,
1393 2988 1458 3028 eo
1487 2972 1636 3045 quod
1665 2990 1697 3029 a
1726 2981 1964 3046 tyranno
1995 2974 2092 3030 de-

483 3060 619 3117 tenti
643 3069 795 3127 sunt,
828 3077 954 3132 ego,
981 3061 1124 3117 victo
1159 3061 1254 3117 illo
1293 3070 1349 3118 et
1387 3061 1532 3118 foras
1559 3063 1757 3134 ejecto,
1784 3071 1838 3118 et
1866 3063 2094 3119 resectis

482 3151 666 3206 nervis
691 3151 949 3222 potentiae
983 3151 1100 3223 eius
1125 3159 1317 3208 contra
1346 3151 1623 3221 homines,
1664 3152 1883 3208 traham
1927 3153 2093 3208 etiam

481 3240 707 3296 nolente
731 3239 846 3297 illo.
880 3239 945 3296 Id
982 3240 1092 3296 alio
1122 3239 1239 3297 loco
1277 3240 1444 3297 etiam
1483 3241 1736 3314 rapinam
1761 3242 2088 3298 nominavit.

486 3353 512 3378 «ι
552 3330 749 3386 Nullus
792 3329 967 3397 enim,
997 3330 1200 3403 inquit,
1245 3339 1426 3402 potest
1475 3348 1599 3388 vasa
1642 3331 1800 3388 fortis
1839 3331 2092 3403 diripere,

483 3419 585 3475 nisi
629 3419 811 3490 alliget
854 3417 1055 3476 fortem
1091 3420 1152 3476 ¹⁸.
1204 3445 1228 3468 ν
1259 3451 1329 3460 -
1363 3443 1388 3470 α
1418 3421 1649 3478 Dicebat
1692 3430 1902 3492 autem,
1934 3424 2005 3477 Et
2045 3421 2095 3478 si

485 3509 758 3565 exaltatus
799 3507 974 3578 fuero,
1021 3509 1338 3582 signiﬁcans
1383 3527 1488 3582 qua
1518 3519 1702 3568 morte
1739 3520 1880 3567 esset
1918 3511 2091 3567 mori-

482 3605 664 3667 turus,
698 3620 725 3647 ιι
781 3597 885 3654 hoc
932 3607 1012 3655 est
1039 3599 1466 3673 cruciﬁgendus.
1498 3604 1640 3658 Nam
1689 3601 1795 3657 hoc
1825 3601 2095 3674 signiﬁcat

486 3686 719 3744 altitudo
747 3688 947 3744 crucis.

485 3777 648 3859 φησὶ,
695 3777 972 3856 σημαίνων
1021 3777 1159 3862 ποίῳ
1203 3779 1414 3862 θανάτῳ
1465 3779 1686 3856 ἔμελλεν
1725 3778 2098 3853 ἀποθνήσκεινο

481 3867 611 3950 ὕψος
651 3874 743 3927 τοῦ
785 3873 1037 3950 σταυροῦ.

555 3970 739 4024 Vnns.
789 3973 988 4023 34-36.
1021 3991 1047 4017 α
1082 3969 1390 4040 Respondit
1419 3968 1467 4023 ei
1514 3969 1676 4025 turba
1709 3989 1721 4025 :
1770 3971 1888 4026 Nos
1929 3969 2088 4026 audi-

479 4057 661 4113 vimus
703 4073 770 4112 ex
818 4057 937 4129 lege
983 4057 1133 4128 quod
1178 4058 1428 4113 Christus
1457 4067 1648 4114 manet
1689 4059 1746 4114 in
1793 4068 2088 4129 aeternum,

483 4154 539 4202 et
568 4145 849 4217 quomodo
894 4154 953 4200 tu
983 4145 1124 4201 dicis
1172 4163 1186 4200 :
1219 4148 1455 4218 Oportet
1483 4147 1706 4202 exaltari
1735 4147 1938 4203 Filium
1985 4148 2090 4203 h0-

481 4234 686 4290 minis?
716 4235 855 4303 Quis
893 4242 978 4289 est
1019 4234 1123 4290 iste
1155 4234 1330 4291 Filius
1358 4234 1645 4291 hominis?
1673 4237 1823 4291 Dixit
1851 4253 1981 4310 ergo
2011 4237 2090 4294 eis

2205 637 2550 720 σμοκράτορα
2601 639 2691 698 xui
2721 643 3030 713 νικηθῆναι,
3062 639 3309 714 κριθῆναι
3339 633 3394 694 δὲ
3439 632 3528 692 τὸν
3572 631 3806 708 κόσμον,

2203 733 2469 789 τουτέστιν
2505 731 2865 801 ἐκδικηθῆναι.
2951 727 3027 787 ⁸0
3073 726 3127 786 δὲ
3161 724 3338 803 λέγει,
3367 721 3602 784 τοιοῦτόν
3635 724 3778 780 ἐστιν

2205 821 2318 880 Νῦν
2348 819 2518 898 κρίσις
2551 819 2643 878 καὶ
2670 817 2939 891 ἐκδίκησις
2979 823 3071 876 τοῦ
3099 815 3301 892 κόσμου
3346 814 3533 873 τούτου
3578 812 3807 890 γίνεται.

2203 909 2359 968 Ἐπεὶ
2400 910 2505 988 γὰρ
2556 908 2646 967 τὸν
2691 909 2888 986 κόσμον
2922 913 2949 967 6
2999 905 3245 972 διάϐολος
3299 909 3376 986 τῷ
3433 902 3647 983 θανάτῳ
3696 905 3808 960 ὑπ-

2205 999 2393 1074 έθηκε,
2522 999 2758 1079 ἁμαρτία
2796 998 3000 1064 πάντας
3035 995 3344 1076 ἀνθρώπους
3387 993 3600 1073 ἐνόχους
3652 992 3812 1066 ποιή-

2207 1112 2333 1163 σας,
2386 1092 2458 1155 εἷς
2506 1088 2624 1166 ἐμὲ,
2659 1087 2854 1168 φησὶν,
2894 1085 3089 1160 ἐλθὼν,
3127 1085 3218 1144 καὶ
3271 1083 3536 1164 ἁμαρτίαν
3586 1081 3680 1159 μὲν
3730 1081 3810 1160 μή

2206 1178 2372 1259 εὑρὼν
2434 1181 2487 1238 ἐν
2545 1177 2697 1255 ἐμοὶ,
2752 1180 2830 1258 τῷ
2882 1178 3090 1257 θανάτῳ
3141 1175 3196 1234 δὲ
3249 1173 3391 1251 κάμὲ
3446 1173 3638 1244 ἐπίσης
3698 1181 3813 1238 τοῖς

2206 1268 2386 1336 ἄλλοις
2460 1267 2784 1347 ὑπαγαγὼν,
2837 1265 3288 1349 κατακριθήσεται
3349 1262 3439 1321 ὑπ’
3499 1266 3660 1340 ἐμοῦ,
3716 1261 3812 1321 καὶ

2205 1358 2370 1425 οὕτως
2402 1357 2508 1437 ἐγὼ
2559 1358 2825 1430 ἐκδικήσω
2856 1357 2944 1417 τὸν
2998 1356 3226 1430 κόσμον.
3311 1354 3499 1414 Ἔστω
3546 1351 3672 1433 γὰρ,
3703 1359 3816 1419 τοῖς

2209 1448 2386 1516 ἄλλοις
2427 1447 2515 1507 τὸν
2573 1447 2794 1507 θάνατον
2834 1447 2921 1507 διὰ
2969 1445 3064 1518 τὴν
3099 1444 3365 1526 ἁμαρτίαν
3400 1441 3723 1522 ἐπήνεγκεν,
3755 1443 3811 1500 ἐν

2209 1537 2328 1615 ἐμοὶ
2357 1537 2410 1597 τί
2449 1542 2684 1598 τοιοῦτον
2715 1527 2848 1596 εἶδεν
2880 1527 2986 1595 οῖον
3025 1543 3134 1601 τοῖς
3180 1535 3409 1606 λοιποῖς,
3451 1530 3540 1590 ἵνα
3588 1533 3680 1592 καὶ
3711 1530 3812 1607 ἐμὲ

2208 1627 2528 1706 θανατώσῃς
2560 1626 2753 1688 Τοίνυν
2805 1655 2829 1678 α
2858 1632 2951 1686 τοῦ
2998 1625 3201 1704 κόσμου
3233 1624 3434 1706 κρίσις,
3457 1651 3479 1676 ιο
3508 1621 3626 1695 ἤτοι
3666 1621 3810 1681 ἐκδί-

2205 1741 2391 1791 κησις,
2423 1723 2512 1776 νῦν
2559 1715 2648 1776 ὑπ’
2683 1719 2810 1793 ἐμοῦ
2841 1715 3066 1794 γίνεται.
3154 1715 3264 1776 Τὸν
3310 1714 3415 1794 γὰρ
3456 1711 3660 1779 πάντας
3707 1715 3812 1769 θα-

2205 1807 2550 1881 νατώσαντα,
2580 1797 2693 1866 εἶτα
2741 1807 2832 1867 καὶ
2866 1806 2983 1883 ἐμοὶ
3035 1808 3112 1886 τῷ
3160 1805 3381 1882 ἀναιτίῳ
3430 1801 3810 1882 προσϐαλόντα

2125 1874 2174 1936 Β
2207 1897 2514 1964 θανατώσας
2559 1897 2695 1975 ἐγὼ,
2741 1895 3022 1968 ἐκδικητὴς
3073 1894 3266 1970 ἔσομαι
3297 1893 3512 1952 πάντων
3566 1895 3670 1950 τῶν
3719 1889 3812 1950 ὑπ’

2212 1990 2371 2047 αὑτοῦ
2425 1985 2868 2059 θανατωθέντων,
2925 1984 3072 2044 καὶαι
3125 1982 3517 2056 ἐκϐληθήσεται
3565 1980 3666 2050 ἔξω
3711 2009 3736 2034 ιι
3781 1983 3812 2040 6

2210 2077 2498 2157 τύραννος,
2549 2076 2637 2136 διὰ
2688 2081 2779 2135 τοῦ
2831 2073 3054 2134 θανάτου
3120 2080 3212 2134 τοῦ
3263 2075 3395 2152 ἐμοῦ
3444 2070 3807 2152 κατακριθείς.

2209 2167 2286 2228 Τὸ
2336 2168 2467 2248 γὰρ,
2505 2193 2530 2220 α
2590 2164 3021 2238 Ἐκϐληθήσεται
3075 2163 3213 2242 ἔξω,
3271 2189 3296 2217 ι
3351 2161 3456 2223 ἀπὸ
3511 2170 3814 2242 μεταφορᾶς

2208 2260 2313 2314 τῶν
2366 2258 2419 2314 ἐν
2473 2259 2580 2324 τοῖς
2609 2254 2970 2335 δικαστηρίοις
3020 2251 3524 2335 κατακρινομένων,
3573 2250 3665 2310 xui
3716 2257 3812 2311 τοῦ

2211 2345 2554 2427 δικαστηρίου
2609 2344 3006 2422 ἐξωθουμένων,
3073 2344 3304 2423 εἴρηται.
3392 2341 3503 2402 Καὶ
3559 2339 3700 2400 οὕτω
3753 2339 3810 2399 δὲ

2210 2435 2413 2508 νοήσεις
2439 2437 2526 2508 τὸ,
2556 2463 2581 2491 «
2616 2434 3052 2507 Ἐκϐληθήσεται
3101 2433 3224 2509 ἔξω,
3283 2459 3308 2486 n
3343 2431 3460 2490 ἀντὶ
3484 2437 3608 2504 τοῦ,
3663 2457 3689 2485 α
3737 2431 3813 2498 εἷς

2207 2525 2268 2585 τὸ
2297 2527 2482 2593 σκότος
2528 2525 2588 2584 τὸ
2635 2524 2908 2605 ἐξώτερον.
2961 2552 2984 2578 ιι
3071 2523 3237 2583 Ἀλλὰ
3267 2522 3357 2581 καὶ
3405 2520 3505 2590 ἔξω
3536 2525 3632 2594 τῆς
3669 2519 3811 2579 κατὰ

2207 2618 2312 2674 τῶν
2344 2615 2634 2696 ἀνθρώπιον
2680 2613 2991 2681 δυναστείας
3040 2613 3355 2692 γενήσεται,
3387 2611 3480 2669 καὶ
3510 2612 3603 2670 οὐκ
3648 2610 3724 2669 ἔτι
3756 2611 3809 2668 ἐν

2208 2708 2414 2777 αὐτοῖς,
2453 2705 2544 2764 xui
2580 2706 2695 2771 ταῖς
2745 2706 2917 2762 αὐτῶν
2966 2705 3193 2784 ψυχαῖς,
3225 2703 3312 2762 xui
3356 2705 3432 2783 τῷ
3463 2706 3642 2779 θνητῷ
3694 2698 3809 2760 σώ-

2207 2819 2334 2871 ματι
2371 2793 2675 2875 βασιλεύσει
2706 2797 2774 2860 ὡς
2804 2793 2862 2852 τὸ
2909 2793 3194 2874 πρότερον,
3228 2790 3367 2850 ἀλλὰ
3407 2813 3437 2850 (ι
3465 2791 3669 2857 πάντας
3702 2787 3809 2868 ἐγὼ

2204 2885 2413 2944 ἑλκύσω
2443 2883 2574 2964 πρὸς
2603 2883 2862 2962 ἐμαυτὸν,
2895 2883 2983 2941 ἐὰν
3021 2886 3238 2964 ὑψωθῶ,
3297 2908 3322 2934 ιο
3372 2879 3461 2940 ἐπὶ
3508 2885 3602 2939 τοῦ
3637 2903 3808 2938 σταυ-

2205 2979 2316 3054 ροῦ.
2373 2975 2578 3041 Πάντες
2619 2973 2719 3053 γὰρ
2751 2974 2842 3032 xui
2888 2975 2935 3032 οἱ
2980 2973 3033 3041 ἐξ
3080 2975 3240 3031 ἐθνῶν
3285 2969 3416 3051 πρὸς
3463 2968 3556 3041 τὴν
3594 2971 3664 3036 εἷς
3715 2970 3811 3046 ἐμὲ

2204 3063 2382 3123 πίστιν
2418 3064 2860 3135 ἑλκυσθήσονται.
2948 3063 3106 3124 Ἐπεὶ
3136 3062 3238 3142 γὰρ
3272 3059 3423 3119 αὐτοὶ
3469 3061 3529 3118 οὗ
3560 3058 3811 3118 δύνανται

2128 3191 2173 3255 C
2201 3154 2332 3233 πρὸς
2359 3152 2452 3231 ἐμὲ
2501 3154 2708 3230 ἐλθεῖν,
2745 3156 2818 3220 ὡς
2849 3151 2952 3212 ὑπὸ
2981 3157 3073 3211 τοῦ
3117 3151 3374 3232 τυράννου
3423 3150 3806 3229 κατεχόμενοι·

2211 3244 2225 3255 .
2275 3241 2287 3255 ι
2457 3242 2469 3255 ,
2647 3244 2662 3255 .
2709 3242 2721 3255 .
2889 3242 2898 3255 .
2949 3245 2964 3255 .
3010 3240 3038 3255 ι,
3076 3244 3093 3255 .
3125 3239 3138 3255 ι
3236 3239 3282 3255 ..ν
3465 3241 3475 3255 ι
3566 3243 3599 3255 ...
3778 3237 3792 3255 ι

2202 3241 2308 3321 ἐγὼ
2351 3242 2571 3316 νικήσας
2605 3242 2762 3302 αὑτὸν
2816 3242 2908 3302 xui
2941 3239 3186 3301 ἐκϐαλὼν
3231 3239 3359 3315 ἔξω,
3391 3241 3484 3299 καὶ
3533 3243 3627 3311 τῆς
3665 3237 3807 3297 κατὰ

2200 3335 2305 3390 τῶν
2355 3331 2647 3414 ἀνθρώπων
2693 3332 3006 3400 δυναστείας
3050 3334 3212 3390 αὐτοῦ
3262 3330 3330 3390 τὰ
3379 3335 3537 3410 νεῦρα
3585 3328 3802 3407 τεμὼν,

2203 3421 2410 3482 ἑλκύσω
2459 3421 2552 3481 καὶ
2607 3424 2825 3490 ἄκοντος
2879 3420 3106 3483 ἐκείνου.
3193 3418 3374 3502 σοπερ
3420 3422 3666 3499 ἀλλαχοῦ
3712 3418 3808 3478 καὶ

2203 3512 2457 3592 ἁρπαγὴν
2488 3510 2782 3590 ὠνόμασεν.
2870 3539 2895 3566 ιι
2927 3511 3117 3580 Οὐδεὶς
3146 3511 3274 3593 γὰρ,
3305 3510 3452 3591 φησὶ,
3486 3509 3704 3568 δύναται
3732 3509 3805 3568 τὰ

2203 3603 2368 3674 σκεύη
2420 3607 2514 3661 τοῦ
2579 3604 2798 3682 ἰσχυροῦ
2869 3602 3191 3683 διαρπάσαι,
3248 3601 3339 3660 ἐὰν
3395 3599 3470 3678 μὴ
3522 3599 3659 3678 δήσῃ
3718 3599 3812 3659 τὸν

2203 3693 2442 3774 ἰσχυρόν.
2493 3721 2518 3745 n
2549 3726 2631 3740 —-
2661 3721 2682 3743 ιι
2715 3691 2914 3771 Ἰἰλεγε
2945 3690 3000 3750 δὲ
3037 3717 3061 3742 η
3095 3690 3188 3751 xui
3219 3690 3308 3765 τὸ,
3343 3719 3367 3743 ιι
3401 3689 3534 3750 Ἐὰν
3582 3691 3810 3769 ὑψωθῶ,

2150 3809 2176 3838 ιο
2223 3781 2525 3860 τουτέστιν,
2578 3784 2658 3842 ὅτι
2707 3786 3076 3860 σταυρωθῆναι
3126 3781 3336 3860 μέλλειο
3383 3786 3538 3841 τοῦτο
3591 3776 3694 3858 γὰρ
3748 3779 3814 3840 τὸ

2278 3990 2304 4017 εί
2335 3962 2625 4044 Ἀπεκρίθη
2661 3964 2805 4043 αὐτῷ
2835 3965 2863 4021 6
2915 3962 3101 4043 ὄχλοςο
3186 3960 3378 4039 ἹῙμεῖς
3406 3959 3712 4034 ἠκούσαμεν
3742 3960 3809 4018 ἐκ

2197 4056 2288 4111 τοῦ
2339 4052 2534 4129 νόμου,
2585 4053 2667 4114 ὅτι
2709 4057 2738 4111 6
2767 4053 2995 4133 Χριστὸς
3049 4052 3195 4129 μένει
3224 4054 3296 4120 εἷς
3339 4051 3427 4112 τὸν
3474 4052 3674 4109 αἰῶναο
3703 4049 3802 4108 xui

2198 4145 2310 4208 πῶς
2339 4140 2402 4201 σὺ
2432 4141 2632 4220 λέγεις,
2664 4142 2748 4202 ὅτι
2778 4145 2857 4202 δεῖ
2885 4145 3161 4224 ὑψωθῆναι
3189 4141 3444 4218 τὸνηΥἱὸν
3473 4145 3564 4198 τοῦ
3597 4137 3806 4224 ἀνθρώ-

2199 4251 2338 4305 που;
2374 4230 2470 4298 Τίς
2513 4234 2656 4290 ἐστιν
2689 4225 2836 4301 οὗτος
2885 4235 2912 4292 6
2959 4232 3088 4300 Υἱὸς
3136 4237 3228 4292 τοῦ
3279 4229 3592 4312 ἀνθρώπου,
3632 4219 3805 4290 Εἶπεν

479 4325 641 4380 Jesus
691 4342 704 4378 :
738 4322 942 4379 Adhuc
987 4323 1150 4380 breve
1189 4331 1411 4396 tempus
1452 4324 1641 4381 lumen
1671 4326 1953 4383 vobiscum
1985 4334 2086 4383 est.

2201 4313 2288 4379 οὖν
2339 4322 2514 4388 αὐτοῖς
2567 4327 2594 4382 6
2629 4322 2865 4396 Ἰησοῦς·
2920 4320 3050 4384 Ἔτι
3102 4321 3290 4402 μικρὸν
3338 4320 3526 4402 χρόνον
3577 4318 3638 4378 τὸ
3694 4321 3808 4399 φῶς

481 4412 781 4470 Ambulate
836 4412 1014 4470 donec
1075 4413 1255 4470 lucem
1303 4413 1539 4483 habetis,
1589 4431 1658 4472 ne
1706 4432 1803 4473 vos
1849 4417 2091 4475 tenebrae

481 4512 771 4576 occupent.
821 4506 894 4560 Et
943 4503 1041 4576 qui
1068 4505 1314 4560 ambulat
1359 4504 1415 4560 in
1462 4505 1727 4574 tenebris,
1765 4508 1944 4563 nescit
1980 4524 2090 4579 quo

483 4593 667 4650 vadat.
726 4597 880 4650 Dum
925 4593 1103 4650 lucem
1153 4594 1385 4663 habetis,
1415 4594 1623 4651 credite
1674 4595 1731 4650 in
1780 4596 1980 4667 lucem,
2029 4604 2094 4653 ut

482 4683 577 4738 ﬁlii
640 4684 775 4740 lucis
833 4683 976 4740 sitis.
1033 4707 1058 4734 ι›
1109 4684 1505 4741 Existimantes
1557 4685 1989 4757 reprehensuros
2031 4703 2089 4743 se

485 4773 817 4840 Dominum,
867 4782 925 4830 et
964 4772 1352 4830 confutaturos
1392 4791 1521 4844 eum
1569 4776 1724 4847 quasi
1778 4792 1892 4832 non
1946 4786 2091 4834 esset

481 4877 643 4919 verus
670 4862 940 4931 Christus,
971 4862 1167 4920 dicunt
1199 4883 1211 4919 :
1243 4864 1298 4922 Si
1324 4863 1574 4922 Christus
1598 4865 1823 4937 quidem
1851 4866 2091 4924 immor-

482 4953 608 5010 talis
635 4961 740 5021 est,
782 4960 845 5009 tu
878 4961 1069 5011 autem
1099 4954 1167 5011 de
1212 4963 1267 5011 te
1297 4954 1436 5011 dicis
1467 4955 1614 5026 quod
1643 4956 1719 5012 sis
1757 4957 2087 5028 moriturus,

481 5043 764 5116 quomodo
785 5043 952 5116 igitur
980 5044 1268 5101 credemus
1291 5053 1348 5100 te
1375 5061 1493 5101 esse
1513 5045 1832 5103 Christum?
1852 5049 1973 5103 Hoc
1996 5063 2089 5102 au-

480 5143 598 5191 tem
619 5133 902 5191 immerito
928 5132 1206 5191 dicebant.
1227 5137 1368 5191 Nam
1393 5135 1698 5206 Scriptura,
1724 5152 1889 5209 quam
1915 5136 2087 5208 legem

481 5225 776 5295 appellant,
807 5240 922 5280 non
949 5224 1130 5280 solum
1147 5225 1587 5294 resurrectionis,
1610 5225 1702 5282 sed
1733 5235 1788 5282 et
1818 5226 2090 5298 passionis

483 5315 757 5370 meminit.
787 5314 1005 5371 Etenim
1032 5314 1200 5371 Isaias
1228 5323 1526 5387 utrumque
1551 5315 1709 5388 ponit
1735 5335 1751 5370 :
1776 5317 2088 5388 passionem

483 5401 710 5470 quidem
740 5412 796 5459 et
825 5413 1086 5471 mortem,
1114 5403 1194 5461 sic
1218 5404 1411 5462 dicens
1434 5405 1495 5460 17:
1532 5429 1556 5453 α
1590 5409 1670 5462 Ut
1701 5406 1820 5461 ovis
1848 5405 1920 5462 ad
1950 5405 2090 5461 oeci-

484 5489 699 5547 sionem
746 5492 944 5550 ductus
991 5501 1103 5562 est;
1151 5514 1180 5548 »
1234 5497 1697 5552 resurrectionem
1744 5503 1951 5564 autem,
1996 5494 2088 5551 di-

485 5579 681 5650 cendo,
707 5603 733 5629 ιι
761 5583 828 5636 Et
846 5585 1122 5642 Dominus
1140 5586 1313 5642 voluit
1333 5602 1460 5643 eum
1478 5586 1766 5659 puriﬁcare
1785 5601 1817 5642 a
1837 5585 2012 5658 plaga,
2035 5593 2092 5641 et

560 5758 602 5792 ¹⁶
632 5762 806 5817 Marc.
843 5776 942 5831 ιιι,
972 5767 1060 5818 27.
1139 5763 1179 5797 1⁷
1210 5767 1312 5821 lsa.
1347 5781 1483 5834 LIII,
1516 5772 1568 5820 7.

2201 4410 2318 4488 μεθ’
2346 4414 2495 4487 ὑμῶν
2528 4414 2658 4472 ἐστι.
2705 4415 3060 4493 Περιπατεῐτε
3113 4410 3209 4479 ἕως
3241 4413 3300 4471 τὸ
3348 4416 3458 4492 φῶς
3492 4409 3678 4490 ἔχετε,
3715 4406 3806 4466 ἵνα

2201 4499 2277 4577 μὴ
2326 4501 2511 4560 σκοτία
2553 4505 2689 4582 ὑμᾶς
2745 4501 3058 4582 καταλάϐῃ.
3147 4501 3214 4563 Ὁ
3265 4503 3576 4582 περιπατῶν
3631 4501 3682 4559 ἐν

2202 4589 2387 4671 σκοτίᾳ
2407 4636 2426 4668 ,
2459 4593 2555 4651 οὐκ
2588 4581 2695 4650 οἶδε
2728 4597 2830 4651 ποῦ
2880 4591 3094 4669 ὑπάγει.
3180 4589 3330 4659 ἽΞως
3372 4589 3433 4649 τὸ
3463 4592 3572 4669 φῶς
3610 4587 3759 4668 ἔχετε
3781 4633 3801 4667 ,

2200 4682 2478 4742 πιστεύετε
2533 4683 2604 4748 εἷς
2643 4680 2706 4740 τὸ
2757 4687 2887 4762 φῶς,
2933 4679 3022 4742 ἵνα
3073 4680 3175 4741 υἱοὶ
3237 4680 3408 4763 φωτὸς
3466 4678 3711 4759 γένησθε.
3777 4703 3805 4733 ιι

2202 4772 2520 4848 Νομίζοντες
2571 4771 2806 4852 ἐλέγχειν
2849 4771 2938 4832 τὸν
2997 4771 3231 4852 Κύριον,
3271 4771 3363 4830 xui
3396 4768 3800 4848 ἐπιστομίζειν,

2200 4862 2270 4926 ὡς
2317 4862 2412 4920 οὐκ
2451 4859 2704 4937 ἀληθινὸν
2751 4861 2878 4921 ὄντα
2924 4862 3194 4943 Χριστὸν,
3247 4861 3441 4943 φασίν·
3499 4861 3570 4922 Ei.
3621 4862 3650 4918 6
3703 4858 3802 4936 μὲν

2199 4950 2429 5030 Χριστὸς
2463 4951 2724 5018 ἀθάνατός
2755 4955 2906 5026 ἐστι,
2957 4951 3020 5012 σὺ
3053 4951 3108 5011 δὲ
3159 4950 3328 5030 λέγεις
3374 4949 3498 5031 περὶ
3543 4953 3806 5024 σεαυτοῦ,

2199 5038 2282 5099 ὅτι
2330 5041 2541 5115 μέλλεις
2590 5041 2977 5119 ἀποθνήσκειν,
3033 5045 3148 5111 πῶς
3189 5041 3293 5122 ἄρα
3344 5064 3402 5100 σε
3443 5039 3801 5117 πιστεύσομεν

2199 5120 2331 5188 εἶναι
2360 5130 2448 5190 τὸν
2480 5130 2713 5211 Χριστόν
2734 5153 2750 5207 ;
2787 5135 2962 5193 Τοῦτο
3011 5131 3066 5192 δὲ
3109 5120 3414 5214 κακούργως
3447 5129 3646 5208 ἔλεγον.
3692 5128 3804 5190 Kui

2197 5218 2300 5300 γὰρ
2401 5219 2626 5302 Γραφὴ,
2678 5221 2743 5294 ἣν
2779 5222 2938 5300 νόμον
2993 5223 3372 5301 ὀνομάζουσιν,
3405 5223 3464 5280 οὖ
3517 5218 3674 5298 μόνον
3702 5222 3802 5292 τῆς

2199 5311 2571 5388 ἀναστάσεως,
2603 5311 2742 5370 ἀλλὰ
2784 5312 2876 5371 xui
2905 5317 2996 5372 τοῦ
3025 5313 3228 5380 πάθους
3259 5310 3597 5390 μνημονεύει.
3690 5307 3800 5370 Καὶ

2197 5396 2300 5479 γὰρ
2346 5397 2580 5469 (Ησαίας
2631 5402 2906 5483 ἀμφότερα
2957 5403 3166 5474 τίθησι·
3223 5401 3284 5461 τὸ
3335 5401 3431 5478 μὲν
3495 5400 3662 5467 πάθος
3707 5398 3799 5458 καὶ

2196 5488 2283 5548 τὸν
2315 5491 2571 5564 θάνατον,
2608 5490 2746 5551 οὕτω
2775 5493 2941 5568 λέγων
2961 5515 2973 5530 ·
3011 5522 3034 5546 ι
3069 5491 3170 5561 ⁶Ως
3221 5491 3492 5572 πρόϐατον
3523 5490 3613 5549 ἐπὶ
3656 5511 3800 5568 σιρα-

2197 5578 2296 5658 γὴν
2322 5579 2463 5660 ἤχθη
2486 5605 2498 5618 ·
2532 5608 2556 5634 ιο
2586 5581 2682 5654 τὴν
2713 5582 2767 5641 δὲ
2791 5581 3082 5642 ἀνάστασιν
3100 5620 3120 5654 ,
3151 5584 3202 5642 ἐν
3231 5586 3307 5663 τῷ
3329 5581 3514 5642 εἰπεῖν’
3541 5602 3572 5637 α
3602 5579 3798 5660 Κύριος
