4198 6452
399 394 498 447 133

1207 394 1600 452 ENARRATIO
1639 396 1707 451 IN
1746 394 2180 451 EVANGELIUM
2215 394 2516 452 JOANNIS.
2553 423 2624 437 —
2660 396 2812 452 CAP.
2851 397 2958 453 Xll.

3640 399 3741 454 134

408 517 656 599 βούλεται
689 517 998 598 καθαρίσαι
1021 519 1182 580 αὐτὸν
1214 520 1321 578 ἀπὸ
1346 523 1440 592 τῆς
1470 523 1682 598 πληγῆς
1699 568 1718 598 ,
1745 520 1838 580 καὶ
1861 520 2024 591 δεῖξαι

2138 529 2425 588 ostendere
2435 531 2484 586 ei
2501 531 2710 586 lumen.
2738 554 2762 580 ν
2785 529 2960 587 David
2975 543 3197 602 quoque
3219 537 3274 586 et
3292 529 3488 586 mortis
3500 537 3744 588 etresur-

408 607 564 668 αὖτὸν
618 609 756 689 φῶς.
798 635 826 661 ιι
885 607 996 668 Καὶ
1049 613 1078 668 6
1129 604 1298 670 Δαυῒδ
1343 615 1437 670 τοῦ
1484 611 1713 670 Θανάτου
1771 611 1884 689 ἅμα
1938 611 2029 671 καὶ

407 702 503 769 τῆς
534 695 888 764 ἀναστάσεως
919 698 1217 774 μέμνηται.
1253 727 1278 754 α
1313 703 1432 760 Οὖκ
1467 700 1872 782 ἐγκαταλείψεις
1902 699 2028 782 γὰρ,

413 789 567 872 φησὶ,
610 785 706 859 τὴν
737 786 922 867 ψυχήν
955 811 1057 864 μου
1089 792 1160 856 εἰς
1207 789 1358 871 ᾅδην.
1389 817 1415 842 ν
1465 791 1576 850 Καὶ
1621 794 1650 850 6
1692 789 2030 871 πατριάρχης

414 880 499 951 δὲ,
545 879 778 956 εὖλογῶν
823 876 919 935 τὸν
956 877 1167 938 Ἰούδαν
1192 923 1207 947 ,
1251 878 1376 959 περὶ
1407 880 1648 958 Χριστοῦ
1679 880 2028 960 προφητεύει·

426 992 456 1027 (ι
489 966 804 1030 Ἀναπεσὼν
861 967 1128 1044 ἐκοιμήθη
1178 969 1250 1035 ὣς
1298 967 1452 1040 λέων,
1497 970 1590 1028 καὶ
1645 972 1716 1035 ὡς
1763 969 2026 1046 σκύμνος·

415 1059 497 1128 τίς
534 1061 709 1138 ἐγερεῖ
742 1056 940 1131 αὖτόν;
975 1085 1000 1108 ιν
1027 1053 1200 1117 Ὥστε
1249 1057 1560 1138 ἀρνούμενοι
1606 1058 1667 1118 τὸ
1697 1058 1895 1133 πάθος,
1935 1059 2028 1118 καὶ

420 1147 515 1221 τὴν
568 1145 865 1207 ἀθανασίαν
909 1153 1444 1228 προσμαρτυροῦντες
1490 1151 1568 1229 τῷ
1621 1150 1866 1229 Χριστῷ,
1923 1172 2026 1207 κα-

424 1237 631 1317 κούργῳ
675 1234 868 1315 γνώμῃ
913 1241 1070 1295 τοῦτο
1121 1237 1354 1300 ἐποίουν.
1443 1263 1468 1290 α
1521 1236 1711 1314 Ἡμεῖς
1763 1237 2028 1315 ἐμάθομεν

421 1332 483 1387 ἐκ
512 1333 605 1386 τοῦ
641 1325 838 1402 νόμου,
874 1351 899 1376 ι
939 1325 1212 1399 τουτέστι,
1245 1330 1338 1398 τῆς
1380 1329 1599 1408 Γραφῆς
1650 1327 1894 1406 (λέγεται
1925 1327 2030 1408 γὰρ

414 1427 568 1477 πᾶσα
600 1422 634 1489 ἡ
668 1414 859 1496 Γραφὴ
884 1460 903 1492 ,
932 1417 1003 1482 ὥς
1042 1416 1304 1482 πολλάκις
1333 1416 1552 1494 εἴπομεν
1574 1463 1590 1490 ,
1636 1415 1858 1496 νόμος),
1895 1446 1916 1470 ι
1949 1417 2030 1476 ὅτι

410 1513 442 1568 6
495 1506 733 1588 Χριστὸς
791 1504 936 1582 μένει
998 1506 1070 1573 εἷς
1117 1504 1208 1564 τὸν
1259 1507 1449 1566 αἰῶνα.
1486 1530 1518 1563 n
1576 1506 1816 1574 Εἰκότως
1874 1511 2031 1566 τοῦτο

416 1598 677 1673 ἐμάθετε·
709 1623 732 1651 ι
765 1594 934 1655 Μὲνει
965 1592 1069 1674 γὰρ
1099 1597 1174 1663 εἷς
1215 1595 1302 1654 τὸν
1332 1598 1522 1674 αἰῶνα,
1572 1621 1603 1654 ιο
1650 1596 1742 1655 καὶ
1777 1600 1848 1664 ὥς
1893 1596 2031 1664 Θεὸς

415 1687 568 1766 μένει
605 1687 696 1744 καὶ
733 1683 867 1761 μετὰ
915 1683 1012 1756 τὴν
1064 1685 1391 1746 ἀνάστασιν·
1439 1685 1500 1746 τὸ
1549 1685 1603 1745 δὲ
1649 1685 1815 1753 πάθος
1865 1688 2026 1746 αὐτοῦ

411 1781 514 1838 οὐκ
544 1775 769 1853 ἐμάθετε
791 1819 808 1848 ,
841 1773 931 1833 καὶ
960 1777 1110 1848 πῶς,
1138 1778 1241 1834 τῶν
1275 1778 1446 1835 αὐτῶν
1479 1779 1524 1837 Γ
1531 1778 1708 1857 ραφῶν
1729 1821 1746 1849 ,
1773 1779 1845 1844 ὡς
1891 1774 2023 1836 ἐδεί-

415 1867 621 1946 ξαμεν,
655 1865 934 1946 ἀμφότερα
985 1867 1118 1940 ὁμοῦ
1177 1865 1576 1940 διδασκουσῶν,
1635 1891 1660 1920 ι
1718 1869 1848 1933 Πῶς
1891 1857 2023 1941 οἷν,

412 1956 583 2038 φασὶ,
621 1953 685 2015 σὺ
731 1954 936 2031 λέγεις,
984 1952 1065 2012 ὅτι
1117 1955 1194 2012 δεῖ
1231 1958 1506 2036 ὕψωθῆναι
1537 1954 1622 2013 τὸν
1655 1956 1783 2015 Υἱὸν
1807 1961 1900 2015 τοῦ
1932 1958 2020 2015 ἆν-

414 2045 659 2125 θρώπου;
711 2073 737 2097 ι
765 2042 972 2122 Ὁρᾷς,
1024 2043 1107 2104 ὅτι
1137 2043 1362 2104 καὶτῶν
1411 2045 1816 2124 αἰνιγματωδῶς
1864 2049 2022 2125 λεγο-

417 2136 598 2214 μένων
649 2133 800 2213 παρὰ
844 2132 1040 2212 Κυρίου
1091 2133 1267 2193 πολλὰ
1316 2133 1525 2208 ἐνόουν,
1574 2134 1756 2216 ὥσπερ
1797 2125 1885 2194 οὖν
1928 2136 2020 2196 καὶ

415 2226 480 2285 τὸ
511 2253 532 2278 ι
565 2227 842 2306 ὑψωθῆναι
875 2250 900 2275 ι
935 2222 1160 2306 ἐνόησαν
1185 2268 1201 2297 ,
1234 2223 1315 2282 ὅτι
1337 2224 1574 2304 περὶτοῦ
1604 2231 1834 2305 σταυροῦ
1859 2225 2019 2305 λέγει·

416 2314 587 2383 οὕτως
617 2313 724 2394 ἄρα
745 2311 922 2371 πολλὰ
967 2312 1064 2390 μὲν
1089 2303 1181 2371 οἷν
1210 2312 1384 2372 ἐνόουν
1407 2358 1425 2386 ,
1457 2315 1893 2382 ἐθελοκακοῦντες
1940 2316 2020 2394 δὲ,

419 2405 640 2485 ἄγνοιαν
672 2401 1090 2484 προεϐάλλοντο.
1127 2403 1332 2463 Σκόπει
1366 2401 1420 2462 δὲ
1450 2405 1542 2462 καὶ
1573 2403 1624 2462 τί
1663 2426 1811 2485 φασι·
1845 2431 1869 2458 ι
1897 2407 2023 2472 Πῶς

415 2495 484 2554 σὺ
522 2495 692 2573 λέγεις
721 2492 804 2574 ὅτι
845 2493 922 2552 δεῖ
953 2494 1227 2574 ὑψωθῆναι
1269 2492 1360 2552 τὸν
1391 2492 1522 2554 Υἱὸν
1563 2498 1654 2552 τοῦ
1707 2490 2023 2573 ἀνθρώπους

413 2586 496 2653 τίς
526 2572 670 2644 ἐστιν
703 2572 852 2649 οὗτος
879 2585 907 2642 6
940 2572 1069 2649 Υἱὸς
1098 2587 1192 2641 τοῦ
1241 2581 1559 2664 ἄνθρώπου;
1606 2604 1634 2641 ι)
1675 2572 2024 2664 Κακουργίας

414 2674 523 2754 γὰρ
583 2673 774 2750 μεστὸς
822 2675 850 2730 6
903 2670 1058 2750 λόγος
1112 2673 1320 2747 αὐτῶν,
1374 2673 1571 2732 ὡσανεὶ
1622 2679 1775 2732 τοῦτο
1843 2673 2024 2753 λεγόν-

416 2789 525 2824 των
555 2764 682 2844 (31)
707 2780 722 2794 ⁸
778 2762 918 2822 Οὐδὲ
964 2760 1184 2838 οἴδαμεν
1215 2761 1336 2842 περί
1383 2761 1522 2829 τίνος
1559 2761 1768 2844 λέγεις,
1827 2761 1918 2821 καὶ
1947 2761 2024 2831 τίς

418 2857 564 2914 ἐστιν
617 2858 645 2912 6
676 2851 803 2918 Υἱὸς
849 2856 945 2911 τοῦ
1005 2851 1321 2931 ἀνθρώπου·
1376 2851 1470 2912 καὶ
1525 2849 1668 2930 ὅμως
1720 2852 2026 2932 ἀποφαινό-

422 2950 560 3022 μεθα
589 2942 688 3014 τὴν
743 2940 994 3013 ἀλήθειαν
1022 2985 1038 3014 ,
1083 2939 1165 2999 ὅτι
1215 2944 1242 3001 6
1279 2941 1490 3018 μέλλων
1531 2944 1836 3024 ὓψωθῆναι,
1884 2941 2027 3010 ὅστις

426 3034 492 3092 ἂν
546 3032 634 3091 καὶ
669 3032 776 3108 εἴη,
839 3032 937 3090 οὐκ
987 3029 1132 3090 ἔστιν
1187 3034 1215 3090 6
1267 3030 1531 3112 Χριστός⁶
1581 3035 1694 3098 πῶς
1746 3029 1872 3112 γὰρ,
1925 3035 2030 3091 τῶν

2052 1829 2102 1893 Β

2138 620 2402 677 rectionis
2422 620 2765 677 mentionem
2800 620 2931 676 facit
2950 619 3021 676 18:
3059 643 3084 668 α
3113 622 3242 675 Non
3261 619 3625 692 derelinques,
3652 620 3742 676 in-

2137 711 2277 782 quit,
2327 711 2576 766 animam
2619 725 2804 767 meam
2859 709 2916 766 in
2964 707 3204 765 inferno.
3257 731 3282 758 n
3315 711 3386 765 Et
3435 709 3742 780 patriarcha

2138 815 2355 873 quoque
2371 799 2702 856 benedicens
2717 799 2946 868 Judam,
2969 798 3036 855 de
3061 798 3281 856 Christo
3304 798 3739 870 prophetizat”:

2139 911 2164 937 α
2199 890 2572 961 Requiescens
2601 889 2867 945 dormivit
2895 897 2956 944 ut
2985 888 3090 956 leo,
3121 897 3175 944 et
3216 889 3358 945 sicut
3388 889 3598 944 catulus
3625 889 3745 946 leo-

2134 979 2224 1034 nis
2261 979 2479 1050 679:
2533 979 2657 1051 quis
2694 977 2958 1035 excitabit
3009 982 3178 1035 eum?
3229 1001 3255 1026 ι»
3297 980 3478 1049 Atque
3525 977 3597 1034 ita
3650 979 3747 1050 qui

2135 1067 2540 1140 hic'negabant
2569 1067 2902 1140 passionem,
2933 1075 2987 1123 et
3020 1067 3501 1123 immortalitatem
3527 1067 3744 1124 Christo

2133 1157 2481 1226 tribuebant,
2525 1157 2767 1230 maligna
2807 1156 2861 1213 id
2893 1165 3078 1213 mente
3107 1155 3407 1213 faciebant.
3444 1179 3471 1205 α
3510 1159 3627 1214 Nos
3655 1156 3745 1213 di-

2135 1245 2374 1304 dicimus
2443 1263 2507 1303 ex
2582 1248 2723 1320 lege,
2777 1269 2804 1296 ››
2861 1245 2968 1303 hoc
3025 1253 3109 1302 est
3173 1246 3454 1318 Scriptura
3522 1245 3747 1317 (dicitur

2135 1336 2285 1392 enim
2309 1336 2494 1393 omnis
2513 1337 2815 1408 Scriptura,
2839 1345 2900 1392 ut
2923 1351 3070 1409 saepe
3091 1335 3355 1408 diximus,
3386 1337 3512 1404 lex),
3541 1358 3567 1385 ιι
3595 1335 3748 1409 quod

2135 1425 2386 1484 Chirstus
2431 1435 2623 1483 manet
2667 1427 2725 1482 in
2769 1434 3069 1483 aeternum.
3126 1449 3152 1476 ι»
3203 1426 3407 1483 Merito
3458 1425 3564 1483 hoc
3600 1425 3746 1482 didi-

2136 1515 2287 1572 cistis
2317 1534 2331 1572 :
2353 1540 2379 1566 «ι
2407 1519 2597 1572 Manet
2613 1517 2761 1572 enim
2781 1516 2833 1571 in
2849 1525 3139 1584 aeternum,
3172 1539 3198 1565 υ
3224 1525 3280 1573 et
3302 1525 3368 1572 ut
3385 1519 3535 1572 Deus
3556 1523 3747 1573 manet

2134 1605 2298 1661 etiam
2351 1614 2474 1677 post
2519 1605 3015 1675 resurrectionem;
3063 1607 3378 1678 passionem
3407 1614 3596 1662 autem
3626 1606 3745 1677 ejus

2133 1709 2248 1750 non
2277 1694 2567 1751 didicistis.
2594 1697 2664 1750 Et
2691 1695 2999 1767 quomodo,
3027 1711 3157 1752 cum
3187 1695 3396 1753 eaedem
3422 1697 3743 1767 Scripturae,

2133 1792 2198 1839 ut
2225 1784 2591 1852 ostendimus,
2627 1792 2862 1856 utraque
2886 1784 3154 1841 doceant?
3183 1808 3209 1833 ει
3232 1783 3527 1853 Quomodo
3551 1785 3742 1856 igitur,

2133 1874 2342 1943 dicunt,
2381 1882 2444 1930 tu
2489 1873 2626 1931 dicis
2669 1873 2822 1947 quod
2849 1881 3105 1946 oporteat
3153 1874 3378 1931 exaltari
3409 1874 3612 1930 Filium
3639 1873 3745 1931 ho-

2133 1964 2341 2020 minis?
2373 1987 2398 2013 »
2425 1963 2590 2020 Vides
2618 1963 2768 2036 quod
2791 1964 2966 2020 multa
2995 1972 3051 2019 et
3077 1979 3272 2020 eorum
3302 1979 3425 2036 quae
3447 1980 3479 2020 a
3497 1963 3741 2022 Domino

2131 2053 2370 2111 obscure
2417 2052 2770 2122 dicebantur,
2821 2052 3218 2126 intelligebant,
3274 2052 3746 2126 quemadmodum

2131 2151 2186 2200 et
2218 2167 2243 2194 α
2290 2143 2521 2200 exaltari
2563 2166 2588 2193 ι
2638 2143 3019 2213 intelligebant
3065 2142 3132 2199 de
3185 2159 3346 2199 cruce
3387 2142 3518 2199 dici.
3571 2143 3746 2216 Igitur

2131 2233 2304 2290 multa
2345 2233 2570 2306 quidem
2613 2232 2690 2289 sic
2717 2232 3114 2306 intelligebant,
3142 2232 3238 2289 sed
3277 2232 3585 2290 voluntaria
3627 2249 3746 2290 ma-

2129 2322 2245 2379 litia
2279 2322 2647 2396 ignorantiam
2681 2323 3072 2395 praetexebant.
3107 2322 3410 2379 Considera
3436 2323 3657 2395 insuper
3691 2330 3748 2380 et

2133 2413 2262 2485 quid
2277 2413 2496 2468 dicant:
2528 2435 2554 2462 α
2583 2411 2878 2481 Quomodo
2901 2408 2962 2468 tu
2986 2411 3122 2468 dicis
3149 2413 3299 2484 quod
3315 2421 3568 2484 oporteat
3593 2411 3747 2468 exal-

2132 2501 2242 2557 tari
2287 2501 2488 2558 Filium
2527 2500 2801 2556 hominis?
2830 2501 2967 2570 Quis
2995 2509 3082 2557 est
3129 2500 3222 2556 hic
3252 2501 3420 2558 Filius
3458 2500 3746 2558 hominis?

2133 2591 2345 2647 Malitia
2376 2590 2523 2647 enim
2547 2590 2742 2662 plenus
2771 2599 2854 2647 est
2881 2606 3064 2647 sermo
3093 2590 3338 2660 illorum,
3365 2591 3517 2662 quasi
3553 2590 3626 2644 ita
3653 2590 3744 2647 di-

2133 2682 2376 2738 centium
2427 2700 2441 2738 :
2488 2683 2630 2737 Ecce
2674 2681 2821 2737 enim
2867 2696 3047 2752 neque
3083 2681 3292 2736 scimus
3327 2680 3395 2736 de
3426 2697 3538 2752 quo
3567 2680 3740 2746 dicas,

2135 2781 2191 2829 et
2225 2772 2348 2844 quis
2398 2771 2471 2827 sit
2507 2771 2679 2828 Filius
2724 2770 2996 2840 hominis;
3023 2779 3266 2826 attamen
3290 2769 3631 2826 alﬁrmamus
3653 2785 3742 2826 ve-

2132 2863 2378 2929 ritatem,
2422 2861 2571 2932 quod
2613 2860 2862 2934 quisquis
2908 2860 3000 2916 ille
3029 2869 3112 2917 est
3154 2859 3501 2928 exaltandus,
3553 2861 3601 2916 is
3627 2875 3745 2917 non

2139 2952 2212 3008 sit
2257 2951 2528 3008 Christus.
2589 2949 2886 3024 Quomodo
2928 2950 3098 3016 enim,
3143 2966 3272 3006 cum
3319 2951 3616 3021 Scriptum
3659 2949 3744 3006 di-

2138 3050 2270 3098 cant
2311 3040 2590 3098 Christum
2636 3039 3008 3096 immortalem
3054 3044 3207 3097 esse?
3249 3039 3394 3111 Quid
3437 3040 3599 3112 igitur
3629 3041 3745 3096 Do-

424 3126 654 3203 Γραφῶν
699 3124 972 3201 λεγουσῶν
1002 3121 1094 3180 τὸν
1140 3123 1372 3202 Χριστὸν
1433 3123 1696 3181 ἀθάνατον
1748 3121 1922 3194 εἰναι;
1958 3121 2028 3182 Τί

2139 3132 2322 3188 minus
2376 3135 2460 3188 1'0?
2502 3131 2740 3187 Obturat
2784 3130 3008 3186 illorum
3045 3145 3162 3198 ora,
3205 3138 3259 3185 et
3313 3129 3554 3185 ostendit
3597 3129 3748 3201 quod

425 3205 518 3272 οὖν
549 3215 578 3269 6
621 3211 853 3292 Κύριος;
901 3210 1301 3290 Ἐπιστομίζων
1333 3211 1520 3280 αὖτοὺς
1541 3257 1558 3287 ,
1587 3210 1681 3271 καὶ
1713 3211 1914 3280 δεικνὺς
1944 3211 2026 3271 ὅτι

426 3303 492 3364 τὸ
536 3301 695 3368 πάθος
725 3300 872 3361 οὐδὲν
908 3299 1106 3360 κωλύει
1153 3299 1283 3382 πρὸς
1334 3302 1394 3360 τὸ
1425 3300 1601 3378 μένειν
1631 3302 1785 3361 αὐτὸν
1836 3304 1910 3370 εἰς
1937 3302 2026 3362 τὸν

423 3392 617 3463 αἰῶνα,
650 3414 680 3450 (ι
704 3389 834 3453 1Ἐτι
856 3390 1046 3471 μικρὸν
1069 3389 1256 3471 χρόνον
1284 3390 1346 3451 τὸ
1383 3394 1491 3473 φῶς
1517 3394 1632 3469 μεθ’
1659 3396 1809 3470 ὑμῶν
1833 3394 1970 3466 ἐστι,
2002 3420 2027 3445 κ

421 3483 556 3562 φησί
578 3505 594 3519 ·
638 3485 750 3563 φῶς
779 3480 884 3562 γὰρ
914 3481 1194 3558 ὠνόμασεν
1226 3479 1435 3543 ἔαυτόν.
1466 3479 1682 3563 ’Ὠσπερ
1709 3473 1796 3540 οἷν
1835 3481 1896 3541 τὸ
1922 3485 2028 3562 φῶς

415 3573 481 3632 τὸ
509 3572 736 3644 ἡλιακὸν
771 3573 866 3630 οὐκ
891 3572 1190 3651 ἀναιρεῖται
1217 3569 1397 3644 πάντη
1416 3616 1432 3645 ,
1482 3571 1623 3630 ἀλλὰ
1674 3570 1828 3630 δύνον
1862 3571 2026 3630 πάλιν

421 3661 739 3721 ἀνατέλλει·
797 3659 936 3719 οὕτω
993 3660 1089 3720 καὶ
1142 3662 1170 3718 6
1223 3658 1348 3737 ἐμὸς
1403 3659 1624 3729 θάνατος
1663 3663 1722 3720 οὗ
1773 3659 2029 3743 διαφθορά

420 3753 608 3826 ἔστιν,
661 3747 804 3808 ἀλλὰ
840 3747 988 3818 δύσις
1028 3749 1120 3809 καὶ
1160 3749 1522 3827 μετάστασις,
1553 3754 1647 3809 καὶ
1687 3750 1848 3810 πάλιν
1895 3752 2028 3809 ἀνα-

421 3844 561 3902 τελῶ
607 3840 697 3900 διὰ
738 3843 832 3911 τῆς
877 3839 1244 3908 ἀναστάσεως.
1279 3837 1456 3900 Ὤστε
1501 3839 1616 3900 ἐπεὶ
1659 3839 1805 3900 οὐδὲν
1835 3838 2030 3899 κωλύει

419 3931 482 3990 10
537 3928 706 3998 πάθος
746 3929 878 4011 πρὸς
922 3929 987 3990 τὸ
1048 3925 1216 3991 ἀΐδιον
1261 3920 1399 3989 εἶναι
1450 3952 1552 4006 με,
1607 3931 1664 3989 αἱ
1712 3929 1769 3989 δὲ
1817 3930 2031 4012 Γραφαὶ

421 4025 760 4103 μαρτυροῦσι
787 4020 908 4101 περὶ
953 4023 1047 4080 τοῦ
1102 4023 1358 4101 Χριστοῦ,
1404 4022 1476 4088 ὡς
1521 4014 1686 4087 ἀΐδιός
1727 4021 1887 4079 ἐστιν·
1927 4019 2033 4098 ἐγὼ

425 4114 530 4192 ἄρα
560 4112 674 4187 εἰμὶ
704 4113 733 4169 6
776 4109 1035 4189 Χριστὸς,
1082 4109 1180 4170 κᾶν
1231 4110 1287 4170 τὸ
1317 4110 1481 4178 πάθος
1511 4113 1760 4169 ὃποστῶ·
1792 4114 1901 4193 φῶς
1930 4111 2033 4193 γάρ

422 4205 569 4281 εἶμι·
601 4199 703 4260 κᾶν
748 4199 913 4274 δύνω,
956 4200 1121 4258 πάλιν
1173 4201 1438 4262 ἀνατελῶ.
1475 4226 1501 4255 ι(
1554 4199 1744 4276 ⁶Υμεῖς
1795 4192 1884 4260 οἷν
1931 4225 2034 4260 πε-

425 4301 733 4372 ριπατεῖτε,
783 4289 882 4357 ἕως
924 4288 986 4346 τὸ
1040 4293 1148 4368 φῶς
1177 4290 1361 4371 ἔχετε·
1412 4317 1436 4345 ιο
1487 4288 1764 4365 τουτέστι,
1804 4290 2038 4351 Πιστεύ-

424 4405 558 4441 σατε
616 4383 689 4448 εἷς
734 4377 851 4454 ἐμέ.
894 4381 1059 4439 Ποῖον
1110 4378 1165 4438 δὲ
1216 4379 1403 4462 καιρὸν
1440 4379 1670 4438 ἐνταῦθοὶ
1717 4404 1880 4462 φησι,
1926 4379 2035 4441 Τὸν

2137 3221 2321 3294 passio
2375 3237 2487 3278 non
2514 3220 2766 3294 prohibet
2795 3220 2926 3293 quin
2974 3220 3092 3292 ipse
3140 3241 3166 3269 α
3209 3227 3433 3276 maneat
3470 3219 3526 3274 in
3589 3227 3748 3275 aeter-

2135 3327 2271 3369 num
2301 3311 2363 3365 ’1.
2398 3334 2424 3360 υ
2459 3341 2526 3352 —-
2560 3333 2586 3358 «
2619 3310 2821 3367 Adhuc
2849 3310 2918 3367 ad
2957 3309 3120 3366 breve
3154 3317 3395 3381 tempus,
3428 3308 3628 3381 inquit,
3653 3308 3747 3364 lux

2135 3402 2448 3459 vobiscum.
2479 3424 2506 3451 «ι
2533 3402 2746 3457 Lucem
2767 3400 2917 3456 enim
2944 3399 3254 3456 nominavit
3281 3399 3542 3472 seipsum.
3577 3399 3750 3471 Igitur

2135 3492 2277 3549 sicut
2321 3490 2415 3547 lux
2475 3490 2670 3547 solaris
2708 3506 2824 3546 non
2869 3489 3096 3546 omnino
3162 3488 3430 3559 aufertur,
3477 3488 3574 3545 sed
3619 3504 3749 3545 cum

2139 3580 2419 3650 occiderit,
2451 3580 2655 3636 iterum
2692 3579 2960 3649 exoritur,
3006 3580 3083 3636 ita
3114 3587 3172 3635 et
3200 3595 3323 3636 mea
3351 3593 3504 3635 mors
3525 3594 3642 3634 non
3667 3585 3752 3636 est

2138 3670 2443 3742 corruptio,
2513 3669 2611 3727 sed
2690 3685 2920 3726 occasus
2967 3677 3022 3724 et
3058 3668 3369 3737 translatio,
3412 3676 3470 3724 et
3545 3667 3749 3724 iterum

2139 3760 2360 3818 exorior
2414 3775 2510 3832 per
2548 3758 3010 3815 resurrectionem
3059 3766 3272 3829 :atque
3321 3758 3396 3812 ita
3443 3772 3575 3812 cum
3614 3756 3749 3812 nihil

2138 3849 2393 3924 prohibet
2414 3848 2595 3921 passio
2619 3848 2756 3919 quin
2781 3855 3026 3904 aeternus
3073 3847 3205 3914 sim,
3233 3845 3530 3916 Scripturae
3563 3854 3751 3902 autem

2139 3947 2411 3997 testantur
2451 3938 2518 3995 de
2560 3937 2780 3994 Christo
2823 3935 2971 4010 quod
3013 3944 3256 3993 aeternus
3298 3935 3389 4003 sit,
3437 3949 3538 4006 ego
3584 3934 3752 4007 igitur

2140 4045 2269 4087 sum
2326 4029 2598 4097 Christus,
2647 4027 2864 4084 etiamsi
2908 4026 3221 4098 passionem
3264 4025 3595 4081 sustinuero.
3629 4026 3747 4080 Lux

2144 4120 2294 4177 enim
2339 4135 2490 4187 sum,
2538 4126 2593 4176 et
2637 4118 2684 4173 si
2728 4116 3002 4184 occidero,
3046 4116 3247 4172 iterum
3279 4114 3527 4184 exoriar;
3577 4138 3604 4164 τι
3653 4130 3752 4171 vos

2143 4211 2308 4283 igitur
2355 4208 2633 4266 ambulate
2680 4207 2923 4279 quandiu
2955 4207 3132 4263 lucem
3164 4205 3402 4273 habetis,
3447 4228 3472 4252 ν
3504 4205 3608 4261 hoc
3645 4212 3749 4274 est,

2145 4299 2363 4358 Credite
2394 4300 2450 4354 in
2480 4313 2590 4354 me.
2629 4297 2802 4367 Quale
2833 4304 3018 4352 autem
3055 4304 3274 4367 tempus
3297 4295 3403 4352 hoc
3426 4295 3548 4350 loco
3579 4294 3752 4351 dicit?

2144 4406 2280 4446 num
2319 4389 2426 4444 hoc
2453 4387 2602 4460 quod
2631 4395 2780 4453 ante,
2830 4387 2911 4442 vel
2954 4394 3080 4458 post
3114 4391 3362 4443 crucem?
3400 4387 3752 4456 Utrumque;

424 4471 532 4550 πρὸ
558 4475 654 4530 τοῦ
683 4475 915 4548 σταυροῦ
938 4513 957 4546 ,
991 4467 1027 4542 ἣ
1064 4468 1152 4528 τὸν
1187 4469 1324 4548 μετὰ
1373 4469 1463 4528 τὸν
1507 4468 1765 4550 σταυρὸν,
1798 4469 1833 4542 ἣ
1864 4472 2028 4551 ἀμφο-

2154 4502 2178 4528 ‹ι
2205 4478 2502 4537 Ambulate
2522 4500 2545 4526 υ
2565 4476 2740 4545 enim,
2766 4475 2962 4548 inquit,
2987 4482 3044 4531 et
3063 4473 3268 4530 credite
3285 4475 3338 4529 in
3369 4489 3480 4543 me,
3499 4482 3556 4528 et
3579 4474 3756 4545 prius-

423 4561 633 4640 τέρους.
671 4581 698 4616 ιι
725 4561 1111 4638 Περιπατεῖτε,
1134 4580 1162 4616 ))
1197 4559 1324 4640 γὰρ,
1350 4559 1511 4642 φησὶ,
1541 4560 1635 4618 καὶ
1663 4559 1939 4620 πῖστεύετε
1962 4562 2035 4629 εἰς

425 4649 557 4727 ἐμὲ,
607 4648 704 4708 καὶ
738 4649 864 4730 πρὶν
906 4647 942 4720 ἢ
991 4654 1309 4731 σταυρωθῶ,
1353 4649 1447 4709 καὶ
1479 4649 1617 4728 μετὰ
1658 4648 1746 4709 τὸν
1778 4649 2028 4730 σταυρόν.

424 4743 605 4802 Τοῦτο
657 4738 763 4820 γὰρ
830 4741 983 4812 δηλοῖ
1030 4742 1084 4799 ἐν
1139 4742 1214 4821 τῷ
1272 4738 1476 4820 λέγειν,
1532 4761 1562 4798 (ι
1608 4737 1758 4807 εἘως
1803 4739 1864 4798 1‘0
1926 4741 2035 4822 φῶς

427 4831 616 4909 ἔχετε·
644 4853 673 4888 n
710 4828 1010 4902 τουτέστιν,
1049 4826 1200 4896 "Emi;
1244 4830 1467 4890 δύνασθε
1499 4832 1574 4898 εἰς
1605 4829 1701 4908 ἐμὲ
1731 4829 2032 4889 πιστεύειν·

427 4919 656 4978 δύνασθε
706 4919 763 4978 δὲ
810 4920 904 4979 καὶ
933 4919 1038 5000 πρὸ
1090 4923 1182 4978 τοῦ
1235 4923 1506 5000 σταυροῦ,
1560 4917 1655 4978 καὶ
1689 4918 1826 4998 μετὰ
1865 4924 2036 4979 ταῦτα

427 5015 714 5069 πιστεῦσαι
755 5013 829 5077 εἰς
867 5008 989 5086 ἐμὲ,
1021 5007 1075 5077 ὅς
1104 5009 1214 5092 εἰμι
1245 5014 1374 5092 φῶς.
1419 5031 1450 5068 (ι
1480 5007 1548 5071 Ὁ
1590 5008 1645 5069 δὲ
1679 5014 1988 5091 περιπατῶν
2012 5039 2035 5064 ι

426 5101 484 5159 ἓν
623 5099 851 5181 ἀπιστίᾳ
872 5143 890 5174 ,
927 5122 959 5159 ιι
983 5100 1079 5159 οὐκ
1105 5089 1213 5158 οἶδε
1246 5089 1349 5160 ποῦ
1381 5099 1596 5176 ὑπάγει.
1629 5121 1659 5158 ›)
1751 5089 1910 5160 Πόσα
1936 5101 2038 5183 γὰρ

423 5191 476 5250 οἱ
500 5191 754 5251 Ἰουδαῖοι
783 5195 876 5251 νῦν
910 5189 1248 5274 ¹πράττουσι,
1288 5189 1380 5250 καὶ
1437 5191 1534 5250 οὖκ
1572 5189 1723 5252 ἴσασι
1764 5190 1819 5250 τί
1866 5192 2036 5272 πράτ-

2143 4585 2308 4643 quam
2327 4567 2633 4640 cruciﬁgar,
2665 4575 2721 4622 et
2749 4573 2874 4638 post
2893 4580 3136 4622 crucem.
3164 4566 3289 4620 Hoc
3309 4563 3462 4619 enim
3485 4561 3758 4635 signiﬁcat

2142 4658 2374 4716 dicendo
2403 4677 2416 4714 :
2443 4681 2467 4708 α
2493 4656 2752 4729 Quandiu
2773 4656 2953 4712 lucem
2975 4654 3205 4723 habetis,
3234 4677 3258 4704 »
3282 4654 3390 4710 hoc
3405 4661 3488 4710 est
3499 4651 3756 4723 Quandiu

2143 4749 2368 4823 potestis
2431 4748 2488 4804 in
2550 4762 2642 4803 me
2712 4745 2960 4802 credere.
3008 4744 3243 4802 Potestis
3283 4752 3471 4802 autem
3523 4752 3578 4800 et
3626 4751 3758 4800 ante

2143 4855 2365 4897 crucem
2385 4845 2441 4895 et
2459 4845 2647 4909 postea
2679 4835 2902 4893 credere
2922 4835 2978 4891 in
2999 4851 3111 4904 me,
3142 4835 3234 4909 qui
3261 4851 3386 4892 sum
3423 4834 3532 4890 lux.
3561 4856 3587 4883 α
3620 4833 3757 4904 Qui-

2145 4937 2334 4986 autem
2365 4925 2673 4983 ambulat»
2713 4925 2772 4982 in
2816 4923 3222 4992 incrudelitate,
3260 4948 3286 4974 «ι
3314 4923 3488 4982 nescit
3519 4938 3629 4996 quo
3663 4938 3756 4979 va-

2147 5019 2261 5077 dat.
2294 5041 2320 5068 »
2339 5017 2541 5075 Omnia
2561 5016 2728 5090 igitur
2746 5031 2869 5089 quae
2887 5015 3064 5073 Judaei
3085 5033 3233 5072 nunc
3255 5013 3485 5082 faciunt,
3507 5011 3760 5069 nesciunt

2148 5108 2281 5183 quid
2311 5107 2539 5176 faciant,
2598 5107 2696 5163 sed
2735 5106 2793 5162 in
2842 5106 3084 5163 tenebris
3126 5105 3351 5178 quidem
3411 5101 3758 5160 ambulantes

2148 5199 2403 5256 videntur
2433 5206 2639 5255 rectam
2659 5196 2805 5254 viam
2827 5196 3099 5253 incedere.
3126 5194 3361 5252 Omnino
3386 5200 3568 5249 autem
3600 5206 3760 5249 secus

504 5295 546 5334 ³⁸
576 5297 721 5356 Psal.
751 5312 863 5366 xv,
896 5303 986 5354 10.
1064 5295 1108 5332 ιθ
1136 5297 1276 5355 Gen.
1309 5312 1485 5367 xux,
1515 5301 1570 5355 9.
1645 5296 1690 5330 ²⁰
1722 5298 1747 5352 Ι
1777 5297 1925 5354 Tim.
1956 5313 1999 5368 1,
2037 5302 2131 5369 l7;
2161 5297 2333 5355 Eccli.
2365 5311 2588 5365 xxxvr,
2620 5300 2676 5352 2.
2751 5293 2792 5328 ²ι
2821 5297 2984 5353 Joan.
3013 5309 3131 5365 x11,
3163 5299 3251 5349 34.

1443 5416 1531 5476 Ex
1561 5414 1881 5478 collatione
1911 5416 2092 5480 codd.
2125 5417 2340 5478 Venet.
2377 5417 2435 5477 S.
2469 5413 2680 5476 Marci.

492 5527 600 5594 (31)
651 5523 836 5584 Codd.
892 5527 957 5578 31
996 5529 1074 5596 _et
1121 5527 1228 5596 32,
1299 5518 1508 5577 Ὡσανεὶ
1549 5527 1700 5596 τοῦτο
1743 5522 2031 5596 λεγόντων·

531 5598 754 5674 νομίσῃς.
778 5597 864 5651 ὅτι
902 5593 1019 5674 περὶ
1058 5598 1146 5674 σοῦ
1183 5595 1438 5674 λέγομεν)
1482 5593 1924 5674 καὶ-ἐἴπὲςίὸτι
1975 5595 2039 5674 διξ

416 5665 1143 5790 ἀπέχθειαννέναντιούμεθα·
1202 5665 1318 5720 ἰδοὶί
1361 5667 1458 5738 γὰρ
1504 5667 1619 5721 οὐδὲ
1670 5667 1879 5739 οἴδαμεν
1933 5667 2046 5738 περὶ

416 5749 532 5790 [ἶνιν
561 5749 769 5790 λέντες-
807 5763 861 5790 χ-
896 5759 949 5790 τ-
1021 5779 1036 5790 .
1075 5761 1100 5787 ι
1133 5739 1299 5790 Onasi
1326 5739 1403 5790 ita
1432 5739 1738 5790 dicentium
1771 5757 1786 5790 :
1825 5743 1907 5790 Ne
1939 5756 2044 5790 nu-

1021 5779 1036 5794 .
1075 5761 1100 5787 ι
1133 5739 1299 5811 Quasi
1326 5739 1404 5796 ita
1432 5739 1740 5798 dicentium
1771 5757 1786 5796 :
1824 5743 1907 5796 Nc
1939 5756 2044 5812 pu-

405 5749 532 5814 τίνος
559 5749 769 5824 λέγεις,
807 5763 861 5798 κ.
896 5759 949 5795 τ.

2145 5532 2252 5593 tes,
2276 5539 2383 5579 nos
2407 5520 2479 5578 de
2507 5530 2562 5579 te
2585 5518 2764 5592 loqui;
2799 5534 2866 5575 ac
2904 5533 2975 5574 ne
3003 5517 3176 5586 dicas,
3200 5516 3348 5593 quod
3379 5532 3446 5573 ex
3487 5515 3615 5593 o_dio
3655 5513 3760 5573 tibi

2147 5589 2502 5726 adversemur
2564 5611 2580 5650 :
2624 5589 2750 5650 ecce
2789 5593 2942 5648 enim
2997 5605 3182 5663 neque
3218 5589 3441 5648 scimus
3505 5589 3574 5647 de
3649 5603 3761 5661 quo

2189 5669 2324 5726 icas.
2373 5689 2401 5717 ιο
2433 5673 2540 5723 etc.

2307 5709 2324 5738 ,
2373 5689 2401 5717 ιο
2433 5689 2540 5723 eus.
