4198 6452
509 427 608 480 135

1529 418 2043 478 THEOPHYLACTI
2081 421 2440 478 BULGARl/E
2476 421 2791 478 ARCHIEP.

3710 416 3812 469 I36

501 549 706 617 evenit,
763 546 900 604 dum
945 547 1180 604 Sabbata
1226 554 1450 604 servant
1490 552 1547 601 et
1595 547 2097 606 circumcisionem.

2220 570 2428 621 τουσιν,
2479 549 2601 605 ἀλλ’
2648 549 2718 614 ὣς
2765 547 2818 606 ἐν
2869 543 3044 624 σκότῳ
3079 539 3411 621 βαδίζοντες,
3459 539 3670 597 δοκοῦσι
3717 537 3814 611 μὲν

501 637 608 694 Sed
637 653 752 692 non
776 637 852 692 ita
877 636 965 694 his
1001 638 1183 694 evenit
1209 637 1299 709 qui
1324 635 1688 693 crediderunt.
1716 639 1784 692 In
1826 638 1946 695 luce
1981 640 2102 710 qui-

500 725 629 782 dem
666 726 972 794 ambulant,
1024 735 1081 784 et
1123 727 1311 784 omnia
1353 742 1478 797 qua
1522 725 1754 781 salutem
1798 728 2101 796 continent,

505 814 736 872 faciunt.
777 817 1047 872 Umbram
1077 817 1226 872 enim
1257 816 1390 888 legis
1409 823 1466 870 et
1501 815 1789 871 tenebrosa
1817 819 2105 890 anigmata

503 904 839 974 effugerunt,
894 913 946 961 et
995 914 1344 962 accesserunt
1393 907 1567 977 680
1613 906 1681 962 ad
1728 905 1909 963 lucem
1981 923 2106 980 qua

505 994 904 1063 occultabatur,
935 1003 989 1052 et
1033 1012 1182 1052 nunc
1225 994 1459 1066 refulsit,
1500 1007 1554 1054 et
1594 999 1721 1055 facti
1773 1005 1906 1053 sunt
1937 1021 1963 1045 «ι
2007 997 2106 1052 ﬁlii

504 1083 664 1152 lucis,
694 1107 720 1133 ιο
760 1083 866 1140 hoc
896 1092 981 1140 est
1019 1085 1241 1143 Christi.
1286 1088 1427 1142 Nam
1472 1089 1626 1158 dicit,
1674 1108 1703 1141 (ι
1733 1097 1794 1145 ut
1823 1088 1923 1143 lilii
1967 1087 2107 1143 lucis

507 1172 674 1243 ﬁatis,
708 1196 735 1223 ιο
771 1173 876 1230 hoc
904 1182 1007 1243 est,
1036 1176 1143 1231 mei
1172 1175 1288 1231 lilii.
1330 1179 1571 1234 Tametsi
1606 1179 1661 1234 in
1694 1178 1916 1234 exordio
1940 1193 2099 1233 evan-

504 1262 692 1334 gelista
721 1263 988 1335 quosdam
1013 1280 1080 1320 ex
1113 1267 1232 1322 Deo
1263 1275 1424 1322 natos
1453 1267 1618 1335 dicat,
1642 1267 1746 1324 hoc
1774 1277 1959 1324 autem
1985 1267 2105 1322 loco

509 1375 535 1401 α
577 1352 710 1408 lucis
750 1352 894 1408 ﬁlios
921 1355 1270 1422 nominat”,
1309 1379 1334 1404 υ
1373 1356 1480 1412 hoc
1511 1365 1613 1424 est,
1647 1357 1874 1415 Christi.
1914 1362 2107 1428 Itaque

504 1441 913 1498 confundantur
941 1445 1104 1500 Arius
1143 1451 1199 1500 et
1225 1447 1553 1502 Eunomius.
1577 1449 1704 1504 Una
1729 1447 1874 1504 enim
1917 1463 2107 1520 opera-

505 1529 583 1588 tio
605 1531 778 1588 Patris
801 1541 856 1588 et
873 1532 998 1590 Filii
1019 1533 1188 1590 etiam
1217 1534 1324 1591 hoc
1345 1535 1464 1592 loco
1484 1536 1782 1594 indicatur.

581 1817 758 1872 Vsus.
790 1823 976 1875 36-40.
1024 1840 1050 1867 ι
1081 1820 1219 1876 Hac
1247 1817 1464 1876 locutus
1491 1828 1574 1877 est
1597 1823 1780 1892 Jesus,
1806 1837 1871 1878 ac
1897 1819 2111 1894 digres-

2212 637 2307 709 τὴν
2340 637 2498 718 ὀρθὴν
2529 636 2725 696 ὁδεύειν
2750 681 2767 710 ,
2795 642 2902 693 πᾶν
2926 634 2980 692 δὲ
3003 631 3306 692 τούναντίον
3332 628 3606 708 πάσχουσι
3623 671 3637 698 ,
3670 627 3818 686 Σάϐ-

2215 727 2378 786 ϐατον
2427 732 2675 805 τηροῦτες
2740 729 2831 784 καὶ
2887 721 3204 803 περιτομήν.
3292 718 3432 779 Ἀλλ’
3482 720 3584 798 οὐχ
3633 719 3680 774 οἱ
3728 741 3819 774 πι-

2216 816 2530 883 στεύσαντες
2579 816 2766 882 οὕτως.
2816 816 2911 875 Ἐν
2945 813 3079 895 φωτὶ
3127 811 3180 869 δὲ
3231 813 3612 890 περιπατοῦσι,
3642 806 3820 895 πάντα

2215 905 2280 965 τὰ
2329 905 2648 987 σωτηριώδη
2684 905 2916 984 ἐχόμενα
2959 894 3315 981 πράττοντες.
3347 899 3466 969 Τὴν
3515 896 3668 987 σκιὰν
3693 894 3818 987 ⁸γὰρ

2215 1001 2306 1054 τοῦ
2352 985 2514 1072 νόμου
2548 993 2641 1053 xui
2684 995 2743 1051 τὸ
2783 992 3052 1053 σκοτεινὸν
3102 993 3210 1048 τῶν
3247 987 3580 1066 αἰνιγμάτων
3622 985 3818 1066 ἐξέφυ-

2214 1110 2338 1165 γον,
2369 1085 2460 1144 καὶ
2485 1089 2562 1164 τῷ
2606 1085 2960 1163 κρυπτομένῳ
2991 1081 3125 1162 φωτὶ
3158 1081 3433 1157 λάμψαντι
3483 1078 3818 1156 προσῆλθον,

2215 1175 2307 1234 xui
2357 1175 2664 1253 γεγόνασι·
2716 1172 2887 1254 φωτὸς
2945 1171 3086 1241 υἱοὶ,
3152 1195 3177 1220 ι
3222 1167 3502 1238 τουτέστι,
3554 1168 3814 1254 Χριστοῦ.

2227 1286 2254 1321 ‹‹
2295 1264 2416 1324 Ἵνα
2445 1265 2570 1343 γὰρ,
2620 1253 2779 1343 φησὶν
2799 1309 2814 1336 ,
2845 1261 2950 1322 υἱοὶ
2985 1259 3154 1341 φωτὸς
3179 1257 3419 1336 γένησθε
3445 1280 3472 1315 n
3511 1256 3641 1334 ὅπερ
3673 1253 3820 1314 ἐστὶν

2217 1353 2377 1430 Ἐμοὶ
2408 1354 2530 1413 υἱοί.
2591 1353 2780 1413 Καίτοι
2828 1355 2880 1412 ἓν
2918 1350 3212 1431 προοιμίοις
3251 1351 3278 1406 6
3329 1344 3704 1424 εὖαγγελιστῆς
3760 1346 3820 1402 ἐκ

2215 1447 2358 1504 Θεοῦ
2408 1441 2722 1520 γεννηθῆναί
2791 1465 2936 1508 τινας
3007 1461 3198 1520 φησιν·
3259 1439 3483 1496 ἐνταῦθα
3541 1435 3596 1493 δὲ
3651 1433 3822 1513 φωτὸς

2217 1539 2360 1607 υἱοὺς
2398 1541 2672 1618 ὀνομάζει,
2704 1540 2968 1612 τουτέστι,
2999 1541 3091 1596 τοῦ
3143 1538 3402 1614 Χριστοῦ.
3440 1529 3823 1612 Αἷσχυναίσθω

2219 1621 2308 1690 οῦν
2349 1629 2555 1710 Ἄρειος
2597 1629 2687 1687 xui
2736 1627 3018 1706 Εὖνόμιος.
3110 1625 3231 1687 Μία
3262 1624 3366 1703 γὰρ
3405 1623 3642 1704 ἐνέργεια
3690 1623 3821 1681 Πα-

2215 1719 2334 1800 τρὸς
2363 1720 2454 1778 xui
2484 1722 2614 1779 Υἳοῦ
2633 1765 2649 1792 ,
2683 1717 2775 1776 xui
2809 1719 3041 1776 ἐντεῦθεν
3084 1715 3371 1774 δείκνυται.

2310 1812 2546 1870 «Ταῦτα
2587 1806 2839 1880 ἐλάλησεν
2873 1811 2900 1866 6
2941 1809 3172 1878 Ἰησοῦς·
3201 1803 3292 1863 καὶ
3321 1800 3586 1875 ἀπελθὼν,
3622 1799 3823 1881 ἐκρύϐη

503 1919 618 1974 sus,
678 1906 968 1963 abscondit
1026 1923 1085 1964 se
1133 1909 1202 1965 ab
1249 1909 1344 1964 eis.
1376 1910 1517 1966 Cum
1565 1891 1906 1968 autemtam
1935 1891 2105 1968 multa

2221 1898 2312 1957 ἀπ’
2345 1901 2544 1958 αὐτῶν.
2572 1901 2828 1958 Τοσαῦτα
2869 1895 2922 1955 δὲ
2951 1899 3111 1955 αὐτοῦ
3140 1892 3494 1966 πεποιηκότος
3523 1891 3591 1951 τὰ
3623 1899 3824 1966 σημεῖα

503 1995 656 2066 signa
698 1994 918 2052 fecisset
953 2013 1141 2053 coram
1169 1999 1268 2064 eis,
1299 2015 1414 2054 non
1443 1999 1743 2055 credebant
1779 2001 1835 2055 in
1865 2017 2013 2067 eum,
2046 2010 2110 2056 ut

503 2098 687 2140 sermo
717 2086 870 2141 Isaia
894 2087 1175 2157 propheta
1198 2087 1538 2158 impleretur,
1585 2105 1749 2160 quem
1778 2089 1916 2146 dixit
1951 2109 1964 2146 :
1999 2095 2109 2148 Do-

504 2173 677 2240 mine,
733 2175 857 2245 quis
878 2174 1110 2231 credidit
1161 2177 1402 2232 sermoni
1431 2181 1663 2234 nostro?
1722 2187 1779 2234 et
1822 2179 2108 2237 brachium

505 2261 728 2317 Domini
770 2262 858 2319 cui
899 2263 1205 2320 revelatum
1235 2270 1352 2323 est?
1380 2267 1676 2338 Propterea
1715 2283 1824 2323 non
1855 2278 2112 2340 poterant

503 2350 749 2419 credere,
781 2353 909 2424 quia
940 2353 1142 2408 iterum
1172 2353 1307 2410 dixit
1333 2355 1499 2412 Isaias
1531 2375 1543 2411 :
1579 2358 1884 2413 Exeacavit
1920 2361 2110 2416 oculos

505 2454 719 2510 eorum,
751 2449 805 2496 et
844 2442 1122 2498 induravit
1149 2460 1246 2499 cor
1282 2460 1500 2514 eorum,
1552 2461 1624 2502 ne
1667 2446 1888 2504 videant
1915 2450 2106 2518 oculis,

505 2537 560 2585 et
610 2545 678 2586 ne
725 2531 1028 2603 intelligant
1057 2533 1240 2601 corde,
1273 2541 1328 2590 et
1371 2543 1780 2605 convertantur,
1818 2545 1871 2592 et
1920 2553 2109 2594 sanem

505 2633 619 2674 eos.
656 2639 686 2672 »
719 2621 901 2690 Quare
936 2623 1240 2679 occultatus
1267 2632 1350 2680 est
1374 2624 1442 2681 ab
1471 2625 1589 2682 eis?
1615 2627 1741 2681 Non
1783 2627 1930 2683 enim
1962 2645 2109 2684 nunc

509 2730 538 2758 ι
592 2709 805 2780 lapides
846 2712 1091 2767 tulerunt
1137 2720 1327 2768 contra
1369 2730 1520 2783 eum,
1578 2739 1602 2764 υ
1637 2731 1812 2786 neque
1853 2716 2105 2788 blasphe-

503 2807 790 2853 maverunt
817 2799 957 2855 sicut
991 2801 1177 2871 prius;
1213 2818 1382 2873 quare
1421 2802 1592 2873 igitur
1644 2805 1954 2862 occultatus
1991 2811 2108 2863 est?

505 2887 822 2955 Ingrediens
890 2889 1057 2945 corda
1108 2905 1328 2956 eorum,
1391 2891 1612 2947 videbat
1674 2892 2107 2964 indignationem

505 2975 758 3030 cordium
803 2975 1095 3046 ferocium,
1127 2980 1379 3051 quamvis
1422 2981 1554 3036 nihil
1595 2981 1969 3053 loquerentur.
2001 2987 2106 3040 Ita-

505 3078 612 3136 que
659 3090 681 3112 α
731 3065 1020 3122 abscondit
1061 3083 1141 3137 se,
1188 3092 1213 3117 ν
1248 3069 1504 3140 mitigans
1550 3071 1772 3127 illorum
1819 3072 2103 3129 invidiam.

508 3155 650 3209 Nam
679 3155 826 3226 quod
855 3155 1182 3224 inviderint,
1209 3166 1264 3213 et
1291 3158 1599 3214 voluntaria
1625 3160 1830 3216 malitia
1851 3178 1960 3217 non
2005 3179 2111 3218 cre-

505 3243 764 3311 diderint,
797 3246 1035 3302 insinuat
1062 3248 1419 3320 evangelista,
1445 3249 1633 3305 dicens
1661 3270 1724 3305 :a
1751 3253 1891 3307 Cum
1923 3261 2108 3310 autem

503 3332 620 3404 ipse
648 3342 799 3390 tanta
830 3335 1047 3391 fecisset
1067 3337 1245 3409 signa,
1277 3354 1389 3393 non
1416 3339 1773 3396 crediderunt
1807 3342 1861 3397 in
1897 3359 2046 3398 eum.
2083 3368 2108 3393 ι»

509 3423 755 3479 Omnino
786 3440 900 3479 non
933 3441 1113 3496 parva
1144 3427 1365 3483 malitia
1391 3444 1550 3500 opus,
1603 3430 1772 3486 tantis
1806 3431 1976 3502 signis
2004 3449 2116 3487 non

507 3512 748 3568 credere.
800 3517 978 3570 Tanta
1023 3515 1171 3570 enim
1224 3517 1399 3588 signa,
1467 3518 1669 3590 inquit,
1716 3536 1841 3592 qua
1887 3529 2114 3592 prater-

507 3601 680 3656 mittit
705 3604 1050 3675 evangelista.
1081 3605 1391 3662 Abscondit
1433 3606 1598 3678 igitur
1639 3625 1698 3665 se
1755 3611 1936 3679 Jesus,
1983 3611 2118 3667 invi-

507 3690 658 3746 diam
702 3691 922 3748 illorum
973 3694 1254 3767 mitigans,
1303 3696 1635 3770 interimque
1664 3698 1743 3754 eis
1771 3708 1991 3771 tempus
2023 3701 2118 3757 dat

511 3789 568 3836 et
587 3782 786 3849 otium,
811 3791 869 3838 ut
901 3799 994 3853 per
1021 3785 1266 3855 quietem
1297 3784 1366 3840 de
1397 3788 1745 3844 sermonibus
1775 3797 1832 3844 et
1859 3791 2116 3862 operibus

513 3869 633 3941 ejus
676 3872 1027 3929 considerare
1079 3883 1306 3945 queant.
1357 3879 1438 3931 Ita
1483 3876 1655 3944 enim,
1683 3877 1956 3948 siquidem
2015 3896 2114 3936 vo-

509 3959 756 4027 luissent,
824 3963 1102 4032 pervenire
1151 3963 1222 4019 ad
1271 3965 1644 4036 cognitionem
1706 3966 1921 4024 deitatis
1971 3968 2117 4025 illius

510 4049 834 4119 potuissent.
881 4051 1144 4119 Quamvis
1185 4053 1331 4108 enim
1390 4054 1830 4112 incredulitatem
1891 4057 2117 4114 illorum

511 4147 818 4209 pranosset
876 4157 890 4194 :
923 4149 1170 4195 attamen
1200 4142 1385 4197 omnia
1415 4159 1538 4214 qua
1587 4145 1655 4200 ad
1684 4161 1742 4201 se
1784 4147 2112 4217 attinebant,

503 4225 767 4293 faciebat,
804 4235 854 4283 et
880 4229 1106 4297 secedit,
1137 4239 1198 4286 ut
1222 4229 1438 4287 dictum
1464 4242 1571 4299 est,
1599 4233 1729 4290 dato
1769 4235 1846 4291 eis
1868 4244 2116 4309 tempore

510 4315 884 4387 diguoscendi.
961 4339 986 4366 α
1039 4319 1200 4387 Quod
1265 4329 1448 4377 autem
1494 4339 1604 4378 non
1663 4324 2010 4382 crediderunt
2057 4328 2114 4382 in

513 4421 664 4472 eum,
705 4414 767 4461 ut
809 4423 990 4463 sermo
1031 4409 1182 4464 Isaia
1211 4409 1524 4482 impleatur,
1577 4436 1602 4461 ι»
1651 4429 1766 4470 non
1795 4424 1878 4471 est
1921 4432 2110 4472 sermo

2219 1989 2514 2070 ἔμπροσθεν
2561 1989 2769 2058 αὐτῶν,
2825 1988 2921 2045 οὐκ
2975 1985 3246 2044 ἐπίστευον
3296 1985 3369 2050 εἷς
3413 1981 3601 2070 αὐτόν]
3653 1979 3740 2038 ἵνα
3797 1985 3825 2039 6

2217 2059 2370 2158 λόγος
2399 2072 2627 2138 Ἡσαΐου
2679 2081 2770 2136 τοῦ
2801 2076 3073 2156 προφήτου
3107 2075 3410 2155 πληρωθῇ,
3446 2069 3500 2130 δν
3535 2059 3670 2129 εἶπε·
3703 2069 3825 2129 Κύ-

2222 2192 2330 2248 ριε,
2370 2167 2446 2235 τίς
2488 2167 2770 2226 ἐπίστευσε
2799 2170 2866 2244 τῇ
2929 2168 3062 2244 ἀκοῇ
3111 2167 3297 2240 ἡμῶνς
3338 2161 3446 2222 Kui
3499 2164 3526 2220 6
3579 2159 3824 2238 βραχίων

2222 2257 2421 2336 Κυρίου
2474 2255 2572 2314 τίνι
2611 2255 2992 2335 ἀπεκαλύφοη;
3048 2254 3133 2312 διὰ
3187 2258 3346 2311 τοῦτο
3401 2252 3497 2310 οὐκ
3553 2248 3821 2321 ἠδύναντο

2218 2335 2518 2417 πιστεύειν,
2581 2344 2662 2404 ὅτι
2711 2346 2870 2402 πάλιν
2935 2335 3079 2403 εἶπεν
3139 2339 3398 2408 Ἡσαΐας·
3462 2340 3824 2419 Τετύφλωκεν

2221 2439 2390 2496 αὐτῶν
2443 2435 2564 2502 τοὺς
2610 2432 2946 2515 ὀφθαλμοὺς,
2999 2432 3092 2491 xui
3143 2430 3470 2512 πεπώρωκεν
3505 2433 3677 2488 αὐτῶν
3721 2429 3821 2500 τὴν

2218 2526 2471 2606 καρδίαν,
2503 2524 2592 2585 ἵνα
2623 2524 2696 2601 μὴ
2735 2524 2888 2583 ἴδωσι
2938 2531 3044 2590 τοῖς
3092 2525 3404 2604 ὀφθαλμοῖς,
3463 2519 3554 2580 xui
3585 2519 3824 2590 νοήσωσι

2218 2621 2283 2695 τῇ
2313 2615 2506 2696 καρδίᾳ
2527 2661 2541 2688 ,
2574 2615 2668 2674 xui
2695 2617 3094 2694 ἐπιστραφῶσι,
3139 2612 3230 2671 xui
3263 2611 3498 2689 ίοὶσωμαι
3531 2608 3748 2675 αὐτούς.
3783 2630 3814 2666 ›)

2217 2708 2372 2774 Τίνος
2403 2705 2575 2764 ἕνεκεν
2621 2728 2648 2763 (ι
2677 2704 2876 2784 ἐκρύϐη
2906 2706 2996 2762 ἀπ’
3035 2705 3243 2776 ubi-63v;
3275 2725 3303 2759 ››
3337 2705 3418 2761 Οὐ
3447 2700 3550 2780 γὰρ
3590 2723 3617 2757 ιι
3648 2700 3826 2766 λίθους

2217 2788 2350 2875 ἦραν
2373 2817 2402 2852 ι)
2423 2801 2512 2854 νῦν
2540 2817 2568 2852 ιι
2589 2794 2707 2854 κατ’
2729 2797 2911 2869 αὐτοῦ,
2931 2817 2958 2852 ι)
2987 2794 3102 2851 οὐδὲ
3122 2791 3552 2873 ἔϐλασφήμησοίν
3575 2813 3626 2848 τι
3643 2795 3826 2848 τοιοῦ-

2216 2909 2305 2945 τον
2327 2875 2436 2944 οἷον
2464 2885 2784 2964 ἔμπροσθεν.
2817 2883 2973 2949 Τίνος
2996 2883 3171 2941 ἕνεκεν
3205 2881 3436 2960 ἐκρύϐη;
3469 2880 3577 2946 Τὰς
3600 2879 3827 2960 καρδίας

2221 2978 2389 3034 αὐτῶν
2421 2974 2756 3052 ἐμϐατεύων,
2789 2973 2904 3053 ᾔδει
2936 2972 3021 3031 τὸν
3056 2973 3220 3050 θυμὸν
3253 2973 3425 3053 αὖτίἶξν
3455 2967 3825 3047 ἀγριαίνοντα,

2218 3065 2264 3122 εἰ
2294 3064 2388 3122 xui
2415 3063 2582 3141 μηδὲν
2615 3051 2955 3145 ἐφθέγγοντο.
3006 3061 3319 3141 Κρύπτεται
3349 3051 3440 3120 οὖν
3472 3059 3828 3138 παραμυθού-

2221 3177 2374 3230 μενος
2421 3155 2596 3212 αὐτῶν
2646 3153 2735 3212 τὸν
2766 3151 2975 3233 φθόνον.
3066 3150 3197 3212 ⁸Ότι
3238 3173 3266 3208 α
3312 3153 3408 3209 οὐκ
3445 3149 3752 3219 ἐπίστευον,
3793 3171 3821 3205 ιι

2220 3245 2338 3302 ἀλλ’
2379 3243 2622 3324 ἐφθόνουν
2650 3289 2666 3317 ,
2699 3242 2918 3323 ᾐνίξατο
2968 3246 2995 3301 6
3035 3242 3412 3318 εὖαγγελιστὴς
3441 3237 3624 3297 εἰπών’
3666 3260 3694 3296 (ι
3722 3239 3831 3297 Το-

2225 3341 2397 3393 σαῦτα
2450 3333 2505 3391 δὲ
2538 3336 2699 3392 αὐτοῦ
2731 3340 2931 3408 σημεῖα
2975 3330 3352 3402 πεποιηκότος,
3397 3331 3494 3388 οὐκ
3545 3328 3825 3386 ἐπίστευον

2227 3425 2299 3490 εἷς
2330 3423 2509 3485 αὐτόν.
2543 3445 2572 3480 ι)
2627 3424 2855 3490 Πάντως
2899 3421 3006 3501 γὰρ
3053 3423 3112 3480 οὖ
3164 3429 3357 3500 μικρᾶς
3410 3417 3601 3483 κακίας
3647 3417 3832 3496 ἔργον,

2225 3512 2286 3570 τὸ
2316 3513 2585 3580 τοσούτοις
2617 3512 2860 3589 σημείοις
2892 3510 2967 3588 μὴ
2999 3515 3304 3571 πιστεῦσαι.
3343 3511 3597 3568 Τοσαῦτα
3629 3505 3682 3565 δὲ
3726 3531 3833 3578 ση-

2226 3610 2375 3679 μεῖα,
2417 3601 2610 3683 φησὶν,
2643 3602 2678 3660 ἃ
2723 3600 3016 3680 παρέλιπεν
3062 3603 3090 3658 6
3140 3599 3539 3677 εὖαγγελιστής.
3577 3595 3830 3675 Ἒκρύϐη

2224 3691 2396 3750 τοίνυν
2427 3695 2454 3749 6
2483 3691 2711 3763 Ἰησοῦς,
2745 3691 2832 3750 τὸν
2872 3689 3058 3770 φθόνον
3099 3691 3276 3755 αὖτῶς
3306 3685 3789 3768 παραμυθούμενος
3810 3732 3826 3758 ,

2226 3779 2340 3857 ἅμα
2393 3781 2449 3840 δὲ
2481 3781 2572 3839 xui
2604 3779 2774 3847 διδοὺς
2826 3779 3006 3853 αὖτοῖ,
3043 3777 3233 3858 καιρὸν
3288 3775 3380 3835 xui
3427 3774 3652 3856 σχολὴν,
3683 3773 3830 3834 ὥστε

2224 3875 2345 3930 καθ’
2386 3870 2619 3950 ἡσυχίαν
2674 3871 3092 3928 ἐπισκέπτεσθαι
3142 3869 3258 3934 τοὺς
3297 3866 3483 3943 λόγους
3533 3866 3689 3924 αὐτοῦ
3731 3863 3830 3922 xui

2223 3959 2316 4026 τὰς
2348 3959 2584 4041 πράξεις.
2619 3958 2783 4017 Οὕτω
2818 3958 2920 4038 γὰρ
2955 3957 3052 4031 ἂν,
3086 3958 3237 4036 εἴπερ
3271 3955 3587 4028 ἐϐούλοντο,
3623 3952 3828 4026 ἠδυνή-

2225 4053 2391 4120 θησαν
2445 4050 2612 4106 ἐλθεῖν
2645 4052 2718 4116 εἷς
2763 4048 3009 4120 αἴσθησιν
3041 4052 3134 4106 τοῦ
3165 4045 3466 4122 ἀξιώματος
3507 4050 3603 4117 τῆς
3646 4041 3832 4116 θεότη-

2223 4160 2308 4205 τος
2339 4140 2520 4198 αὐτοῦ.
2571 4141 2635 4198 Εἰ
2669 4137 2772 4217 γὰρ
2820 4137 2914 4197 καὶ
2945 4137 3040 4208 τὴν
3091 4136 3344 4194 ἀπιστίαν
3389 4135 3562 4192 αὐτῶν
3611 4132 3834 4213 προεγί-

2225 4250 2458 4301 νωσκεν,
2491 4228 2608 4286 ἀλλ’
2666 4226 2812 4304 ὅμως
2868 4226 2937 4286 τὰ
2985 4224 3116 4306 παρ’
3156 4228 3346 4284 ἑαυτοῦ
3399 4223 3577 4284 πάντα
3626 4221 3828 4296 ἐποίει,

2225 4317 2317 4376 καὶ
2367 4316 2658 4398 ὑπεχώρει,
2728 4319 2799 4383 ὡς
2852 4314 3094 4397 εἴρηται,
3155 4314 3336 4395 καιρὸν
3415 4315 3593 4380 αὐτοῖς
3651 4309 3829 4380 διδοὺς

2225 4408 2572 4487 διασκέψεως.
2629 4405 2709 4468 Τὸ
2737 4406 2816 4479 δὲ,
2871 4433 2896 4460 α
2929 4407 3047 4466 Οὖκ
3093 4404 3369 4463 ἐπίστευον
3413 4405 3484 4470 εἷς
3536 4400 3832 4460 αὖτόν·ἵνα

512 4510 710 4564 causa,
765 4497 861 4553 sed
888 4498 1065 4553 eventi
1099 4499 1512 4571 signiﬁcativus,
1540 4511 1605 4558 ut
1655 4518 1800 4573 sape
1847 4504 2109 4561 diximus.

2225 4499 2252 4554 6
2282 4496 2430 4576 λόγος
2459 4489 2693 4557 Ἡσαΐου
2743 4497 3028 4576 πληρωθῇ,
3072 4521 3095 4546 ι
3133 4497 3228 4553 οὐκ
3277 4493 3420 4552 ἔστιν
3474 4489 3833 4570 αἰτιολογίας,

512 4587 638 4640 Non
679 4585 823 4641 enim
866 4587 1086 4644 Christo
1128 4588 1472 4646 discredituri
1501 4601 1657 4648 erant
1697 4609 1763 4648 eo
1801 4595 1944 4665 quod
1977 4611 2118 4665 pra-

512 4673 651 4730 dixit
695 4675 801 4730 hoc
830 4677 1024 4744 Isaias;
1066 4678 1162 4734 sed
1219 4680 1346 4751 quia
1392 4680 1469 4736 illi
1535 4681 1882 4739 discredituri
1933 4694 2110 4751 erant,

518 4762 646 4818 ideo
691 4764 949 4834 pradixit
982 4767 1172 4822 Isaias.
1216 4771 1288 4825 Et
1329 4769 1461 4826 illud
1508 4790 1520 4826 :
1581 4794 1606 4820 α
1640 4774 1765 4828 Non
1816 4782 2114 4844 potuerunt

515 4851 760 4922 credere,
822 4854 946 4924 quia
993 4855 1190 4913 iterum
1243 4858 1377 4914 dixit
1425 4860 1590 4916 Isaias
1638 4885 1663 4910 »
1699 4861 1766 4917 de
1814 4862 1912 4930 eis,
1958 4879 2113 4919 eam-

512 4940 641 4998 dem
674 4941 838 4999 habet
879 4946 1226 5001 sententiam.
1278 4949 1381 5004 Per
1423 4950 1604 5004 omnia
1651 4951 1800 5006 enim
1831 4950 1950 5008 hac
2000 4952 2116 5007 vult

513 5047 778 5098 asserere,
826 5033 977 5106 quod
1005 5036 1284 5107 Scriptura
1332 5053 1446 5094 non
1474 5039 1548 5094 sit
1578 5039 1834 5106 mendax,
1880 5049 1935 5096 et
1963 5041 2111 5112 quod

512 5137 573 5177 ea
602 5138 725 5195 qua
764 5123 1017 5195 pradixit
1043 5126 1229 5193 Isaias,
1256 5143 1368 5182 non
1410 5129 1568 5183 aliter
1607 5139 1909 5185 evenerunt
1945 5147 2112 5202 quam

511 5209 671 5266 dixit.
721 5214 800 5268 Ut
829 5229 898 5268 ne
944 5214 1068 5287 quis
1113 5217 1285 5286 possit
1323 5218 1505 5272 dicere
1534 5225 1588 5272 et
1625 5218 1896 5288 dubitare,
1941 5237 2112 5292 quare

512 5301 662 5355 venit
708 5303 978 5369 Christus,
1040 5305 1088 5360 si
1127 5305 1335 5361 sciebat
1381 5306 1528 5376 quod
1569 5305 1748 5362 Judai
1787 5325 1903 5364 non
1955 5318 2113 5365 erant

512 5387 616 5442 sibi
655 5391 936 5459 credituri,
976 5394 1269 5450 introducit
1292 5402 1349 5451 et
1374 5396 1666 5467 pr0phetas
1690 5398 1783 5468 qui
1834 5399 1939 5454 hoc
1977 5415 2113 5471 pra-

514 5473 770 5533 dixerant
831 5499 845 5534 :
892 5489 948 5538 et
990 5483 1140 5554 quod
1185 5500 1298 5540 non
1343 5485 1611 5557 ignoravit
1670 5487 2111 5545 incredulitatem

513 5563 761 5637 illorum,
805 5579 860 5625 et
899 5571 1255 5633 nihilominus
1295 5576 1523 5648 venerit,
1568 5592 1635 5632 ne
1684 5577 1918 5634 habeant
1965 5580 2112 5652 quod

588 5746 676 5803 "1
704 5748 866 5807 Joan.
903 5764 1001 5821 III,
1033 5760 1080 5807 ι.

2227 4587 2343 4644 ἀλλ’
2378 4584 2646 4652 ἐκϐάσεως
2664 4630 2678 4658 ,
2707 4587 2778 4652 ὡς
2803 4585 3060 4652 πολλάκις
3091 4583 3332 4659 εἴπομεν.
3361 4585 3444 4643 Οὐ
3471 4580 3573 4661 γὰρ
3605 4579 3832 4657 ἔμελλον

2227 4678 2420 4734 ἐκεῖνοι
2467 4679 2543 4754 τῷ
2589 4677 2805 4754 Χριστῷ
2862 4677 3139 4745 ἀπιστεῖν,
3173 4672 3304 4730 διότι
3351 4679 3606 4750 προεῖπεν
3650 4671 3835 4738 αὐτοῖς

2224 4761 2474 4838 Ἡσαΐας,
2507 4764 2645 4822 ἀλλὰ
2675 4764 2806 4822 διότι
2835 4763 3057 4839 ἔμελλον
3085 4762 3233 4821 αὐτοὶ
3260 4762 3524 4833 ἀπιστεῖν,
3557 4759 3645 4818 διὰ
3672 4763 3833 4818 τοῦτο

2222 4861 2472 4932 προεῖπεν
2505 4856 2680 4920 αὐτοῖς
2710 4852 3058 4934 δπροφήτης.
3095 4851 3205 4911 Καὶ
3229 4849 3317 4924 τὸ,
3351 4877 3373 4904 σι
3409 4852 3526 4912 Οὐκ
3566 4849 3833 4921 ἠδύναντο

2222 4943 2524 5021 πιστεύειν,
2577 4941 2657 5002 ὅτι
2707 4933 2850 5001 εἶπεν
2889 4938 3122 5008 ⁸Ησαΐας
3171 4940 3333 5000 πάλιν
3379 4966 3404 4994 ι
3439 4939 3561 5014 περὶ
3612 4939 3822 5010 αὐτῶν,

2220 5037 2311 5104 τῆς
2343 5035 2502 5104 αὐτῆς
2547 5032 2748 5100 ἐννοίας
2802 5031 3009 5112 ἔχεται.
3059 5029 3164 5092 Διὰ
3210 5035 3427 5090 πάντων
3472 5029 3576 5108 γὰρ
3621 5027 3825 5086 τούτων

2220 5127 2375 5181 τοῦτο
2411 5123 2657 5202 βούλεται
2703 5127 3082 5199 παραστῆσαι,
3135 5120 3215 5180 ὅτι
3261 5125 3295 5192 ἡ
3350 5119 3540 5198 Γραφὴ
3596 5116 3831 5198 ἀψευδής

2221 5214 2357 5282 ἐστι,
2392 5212 2485 5271 xui
2515 5212 2595 5271 ὅτι
2627 5213 2661 5271 ἃ
2714 5212 3105 5290 προεφήτευσεν
3131 5216 3159 5271 6
3189 5208 3442 5279 ἹΙσαίας,
3496 5209 3598 5288 οὐχ
3630 5206 3826 5287 ἑτέρως

2221 5301 2550 5377 ἐκϐέϐηκεν,
2589 5302 2703 5362 ἀλλ’
2735 5305 2805 5370 ὡς
2837 5296 3000 5360 εἶπεν.
3031 5299 3151 5360 Ἵνα
3199 5300 3300 5378 γὰρ
3334 5299 3407 5377 μή
3458 5323 3535 5364 τις
3595 5298 3693 5376 ἔχῃ
3737 5296 3826 5354 λέ-

2222 5415 2356 5468 γειν,
2409 5392 2500 5452 καὶ
2555 5396 2770 5473 ἀπορεῖν
2824 5391 2962 5458 τίνος
3004 5390 3179 5450 ἕνεκεν
3227 5381 3384 5459 ἦλθεν
3433 5391 3459 5445 6
3491 5388 3750 5466 Χριστὸς,
3782 5386 3829 5443 εἷ

2223 5481 2340 5558 ᾔδει
2369 5483 2448 5541 ὅτι
2489 5485 2584 5541 οὐκ
2637 5483 2858 5557 ἔμελλον
2913 5483 3058 5560 αὐτῷ
3114 5483 3160 5538 οἱ
3213 5479 3458 5539 Ἰουδαῖοι
3508 5481 3828 5535 πιστεῦσαν

2224 5571 2424 5650 εἰσάγει
2455 5572 2546 5632 xui
2572 5571 2690 5638 τοὺς
2730 5569 3008 5652 προφήτας
3046 5574 3203 5629 τοῦτο
3231 5567 3822 5649 προκαταγγείλαντας,
