4198 6478
347 407 444 460 137
1167 413 1560 470 ENARRATIO
1598 414 1668 469 IN
1709 412 2141 469 EVANGELIUM
2175 415 2475 474 JOANNIS.
2519 452 2588 460 —
2617 422 2769 478 CAP.
2809 425 2916 479 Xll.

3584 437 3686 490 138

346 531 434 588 καὶ
465 531 552 589 ὅτι
583 535 692 592 οὒκ
722 535 909 613 ἠγνόει
955 535 1074 596 οὐδὲ
1106 539 1136 594 6
1162 535 1399 618 Χριστὸς
1440 536 1537 610 τὴν
1578 538 1832 598 ἀπιστίαν
1878 541 1961 597 αὖ·

2089 549 2309 611 peccato
2334 559 2436 600 suo
2463 555 2786 616 praetexam,
2809 563 2988 620 neque
3016 549 3228 620 possint
3253 551 3434 610 dicere
3456 556 3603 628 quod
3632 558 3689 614 Si

355 624 476 694 τῶν,
511 623 641 681 ἀλλ’
672 621 826 700 ὅμως
875 617 1054 701 ἦλθεν,
1099 625 1187 686 ἵνα
1340 627 1607 708 πρόφασιν
1653 628 1818 709 ἔχωσι
1849 630 1972 704 περὶ

359 715 449 794 τῆς
489 712 769 794 ἁμαρτίας
810 718 983 774 αὐτῶν
1008 765 1021 786 ,
1073 716 1209 794 μηδὲ
1246 716 1504 775 δύνωνται
1533 717 1742 794 λέγειν,
1771 718 1852 778 ὅτι
1907 722 1972 779 Εἰ

367 791 417 824 1's
579 791 625 825 θ’
780 804 794 823 I
1075 791 1082 794 “
1178 806 1189 823 ι
1496 809 1507 828 ι
1597 791 1681 830 θ’·κρ
1732 791 1735 792 ν

366 810 537 874 ηΑθεν,
573 826 976 880 επιστευσαμεν
1006 806 1092 864 ἄν.
1124 809 1203 865 Το
1245 807 1334 880 δὲ,
1374 829 1401 863 ι
1434 809 1552 866 Ουκ
1585 829 1846 878 ηουναντο
1878 832 1971 866 πι-

370 890 590 968 στεύειν,
632 922 656 945 υ
696 893 816 951 ἀντὶ
850 902 970 966 τοῦ,
1021 897 1114 954 οὐκ
1151 894 1372 969 ἤθελον,
1416 896 1546 956 νόει.
1573 894 1642 956 Ὀ
1672 896 1774 976 γὰρ
1804 897 1968 965 κακὸς

371 981 456 1038 καὶ
487 982 712 1062 πονηρὸς
762 982 1037 1064 ἄνθρωπος
1085 988 1144 1044 οὗ
1175 982 1398 1044 δύναται
1438 983 1708 1044 πιστεύειν
1746 986 1794 1052 ἔς
1825 989 1871 1044 τ’
1906 987 1968 1045 ἂν

372 1076 598 1138 τοιοῦτος
667 1071 784 1147 εἴη,
843 1075 911 1131 τὰ
967 1072 1174 1154 πονηρὰ
1249 1074 1453 1145 δηλαδὴ
1523 1075 1962 1156 προαιρούμενος.

374 1158 546 1218 Ὀταν
579 1161 632 1220 δὲ
691 1162 959 1241 ἀκούσῃς,
1007 1162 1088 1222 ὅτι
1136 1191 1162 1218 an
1213 1164 1566 1244 Τετύφλωκεν
1619 1167 1789 1224 αὐτῶν
1849 1166 1968 1236 τοὺς

377 1249 673 1328 ὀρθαλμοὺς
709 1254 736 1309 6
788 1252 955 1324 Θεὸς,
1003 1253 1096 1311 καὶ
1126 1254 1451 1334 πεπώρωκεν
1485 1257 1660 1312 αὐτῶν
1705 1257 1799 1326 τήν
1833 1280 1970 1335 καρ-

376 1340 501 1410 δίαν,
533 1369 556 1390 ι-
588 1340 663 1414 μὴ
691 1341 870 1416 νόμιζε
913 1341 996 1400 ὅτι
1029 1342 1212 1410 ἁπλῶς
1240 1343 1359 1411 τοὺς
1387 1343 1484 1419 μὲν
1535 1342 1759 1419 ἀγαθοὺς
1791 1347 1966 1424 ποιεῖ,

371 1430 487 1496 τοὺς
528 1430 582 1487 δὲ
630 1429 911 1510 πονηροὺς,
945 1431 1154 1510 ἄπαγεί
1197 1431 1339 1492 ἀλλὰ
1367 1434 1462 1502 τὴν
1496 1437 1586 1491 τοῦ
1633 1438 1775 1494 Θεοῦ
1805 1437 1966 1509 ἐγκα-

419 1519 451 1537 n
533 1522 545 1558 '
687 1519 700 1539 Ι
981 1519 995 1540 ρ
1275 1527 1308 1541 ~
1405 1513 1460 1540 ’ν’
1629 1522 1646 1541 ι
1781 1521 1802 1544 ν

366 1541 609 1597 ταλειγιν
641 1523 906 1599 τυφλωσιν
937 1544 1043 1578 νοει
1071 1525 1330 1593 παντελη.
1358 1524 1488 1582 Οἱον
1514 1547 1566 1582 τι
1586 1525 1754 1600 λεγω·
1811 1528 1969 1586 Εστω

367 1630 445 1672 τις
514 1610 743 1688 μετρίως
790 1609 1240 1690 πονηρευόμενος⁶
1306 1611 1480 1691 τούτῳ
1543 1613 1685 1670 δοκεῖ
1737 1623 1969 1675 συνεῖναι

369 1694 447 1754 ἔτι
498 1701 528 1755 6
575 1697 739 1765 Θεός·
778 1698 1047 1768 ἐλπίζεται
1092 1700 1198 1780 γὰρ
1241 1702 1652 1782 ἐπιστραφῆναι.
1682 1699 1854 1762 ιὈτοιν
1911 1706 1967 1766 δὲ

367 1787 438 1852 εἷς
493 1787 650 1865 κόρον
706 1791 805 1859 τῆς
853 1790 1044 1856 κακίας
1090 1791 1365 1869 ἐμφορηθῇ
1409 1796 1437 1850 6
1489 1790 1797 1871 ἄνθρωπος,
1847 1795 1966 1855 τότε

2082 631 2330 701 venisset,
2392 635 2836 692 credidissemns.
2905 640 3028 693 Hoc
3081 648 3268 697 autem
3330 643 3481 714 quod
3534 645 3685 714 dicit,

2081 719 2246 790 681
2282 745 2306 769 «
2339 725 2461 779 Non
2490 733 2786 795 potuerunt
2809 725 3054 792 credere,
3085 751 3110 776 »
3153 729 3448 799 signiﬁcat,
3490 733 3682 791 nolue-

2079 818 2226 864 runt.
2272 814 2414 867 Nam
2463 814 2640 870 malus
2681 824 2735 870 et
2780 816 3065 886 improbus
3115 817 3282 873 homo
3333 836 3450 876 non
3508 831 3688 892 potest

2079 899 2326 969 credere,
2365 904 2607 974 quandiu
2638 905 2766 960 talis
2819 905 3001 975 fuerit,
3054 909 3192 963 mala
3241 909 3446 965 scilicet
3483 912 3688 984 eligens

2079 1003 2142 1042 ac
2190 990 2397 1046 volens.
2450 995 2622 1048 Porro
2672 1010 2803 1049 cum
2849 995 3086 1050 audieris
3114 997 3263 1068 quod
3311 1021 3334 1046 ι
3390 1003 3687 1057 excaecarit

2079 1079 2266 1134 oculos
2296 1097 2491 1137 eorum
2523 1086 2692 1151 Deus,
2722 1093 2776 1139 et
2804 1084 3117 1141 induruerit
3157 1103 3250 1142 cor
3277 1104 3470 1144 eorum
3505 1109 3517 1143 :
3569 1114 3593 1139 ι»
3616 1107 3685 1146 ne

2077 1177 2234 1238 putes
2263 1169 2412 1240 quod
2436 1172 2753 1243 simpliciter
2783 1173 2885 1230 hos
2908 1176 3132 1246 quidem
3165 1181 3313 1232 Deus
3340 1178 3518 1234 bonos
3546 1179 3684 1237 fece-

2076 1258 2171 1323 rit,
2213 1259 2336 1315 illos
2378 1269 2565 1316 autem
2604 1263 2803 1332 malos,
2849 1264 3018 1320 absit!
3061 1264 3161 1321 sed
3210 1267 3314 1320 Dei
3345 1268 3686 1326 relictionem

2074 1350 2434 1405 caecationem
2461 1358 2637 1406 totam
2675 1353 2918 1425 intellige
2950 1372 2963 1408 :
2996 1363 3057 1408 ut
3085 1355 3324 1426 exempli
3349 1358 3524 1429 gratia
3554 1359 3686 1430 quid

2077 1436 2305 1494 dicam:
2358 1443 2454 1496 Est
2497 1441 2773 1513 quispiam
2813 1459 2929 1498 non
2969 1443 3124 1499 valde
3167 1445 3370 1514 malus,
3415 1463 3543 1503 cum
3571 1463 3684 1518 quo

2079 1527 2291 1583 videtur
2320 1529 2500 1586 adhuc
2529 1547 2646 1586 esse
2678 1533 2852 1596 Deus;
2895 1548 3018 1605 Spes
3062 1534 3213 1589 enim
3259 1543 3342 1590 est
3372 1537 3520 1607 quod
3546 1553 3681 1593 con-

2078 1624 2323 1672 vertatur
2377 1636 2388 1672 :
2445 1619 2663 1689 quando
2711 1629 2896 1675 autem
2940 1621 3154 1677 malitia
3204 1623 3446 1692 repletur
3488 1624 3680 1695 homo,

2077 1713 2208 1760 tunc
2239 1707 2566 1780 derelinquit
2593 1724 2721 1763 eum
2778 1712 2930 1764 Deus
2955 1719 3178 1781 propter
3206 1712 3414 1766 malam
3441 1713 3557 1785 ejus
3581 1730 3682 1770 vo-

2077 1793 2368 1851 luntatem.
2409 1797 2631 1851 Dicitur
2675 1805 2859 1852 autem
2889 1797 3060 1852 homo
3104 1807 3164 1853 ut
3205 1815 3404 1868 caecus,
3436 1802 3682 1871 privatus

368 1875 827 1952 ἕγκαταλιμπάνει
877 1875 972 1954 μὲν
1025 1879 1186 1937 αὐτὸν
1231 1885 1259 1939 6
1289 1879 1423 1947 Θεὸς
1474 1879 1560 1938 διὰ
1597 1883 1696 1954 τὴν
1735 1885 1961 1963 πονηρὰν

2079 1882 2267 1940 divino
2290 1885 2510 1950 lumine,
2541 1885 2593 1940 in
2621 1887 2862 1942 tenebris
2890 1887 3112 1943 malitiae
3136 1889 3442 1956 ambulare,
3469 1898 3522 1945 et
3548 1899 3682 1948 tunc

368 1965 532 2023 αὐτοῦ
580 1967 920 2046 προαίρεσιν·
953 1967 1166 2048 λέγεται
1212 1969 1265 2027 δὲ
1313 1975 1340 2028 6
1373 1969 1648 2049 ἄνθρωπος
1681 1976 1751 2040 ὡς
1776 1975 1966 2054 τυφλὸς

369 2054 568 2131 διάγειν
589 2101 606 2130 ,
636 2056 906 2136 στερηθεὶς
933 2065 1024 2118 τοῦ
1053 2060 1194 2116 θείου
1223 2058 1412 2139 φωτὸς,
1447 2061 1538 2118 καὶ
1582 2062 1634 2119 ἐν
1665 2064 1740 2141 τῷ
1789 2065 1966 2124 σκότει

369 2148 462 2212 τ’ἧς
495 2145 762 2224 ἁμαρτίας
799 2150 1142 2226 περιπατῶνο
1175 2150 1265 2206 καὶ
1303 2151 1486 2209 λοιπὸν
1517 2151 1784 2232 τύφλωσις
1819 2155 1964 2236 αὐτῷ

367 2232 508 2290 δοκεῖ
541 2237 576 2305 ἡ
606 2239 700 2294 τοῦ
736 2235 874 2295 θείου
916 2237 1087 2316 φωτὸς
1133 2238 1365 2298 ἀπουσία
1387 2262 1400 2274 ·
1430 2239 1524 2298 καὶ
1550 2240 1798 2319 πώρωσις
1826 2232 1963 2323 καρξ

366 2322 502 2393 δίας,
544 2329 580 2395 ἡ
624 2323 871 2404 στέρησις
921 2332 1012 2386 τοῦ
1057 2327 1197 2386 θείου
1250 2327 1408 2408 λόγου
1461 2335 1554 2390 τοῦ
1605 2331 1701 2397 τὰς
1746 2322 1966 2412 καρδίας

367 2415 474 2469 τῶν
506 2415 916 2494 ὑποδεχομένων
966 2415 1128 2476 αὐτὸν
1174 2418 1555 2495 μαλάττοντος.
1611 2424 1663 2481 Τ
1665 2422 1963 2503 ετύφλωται

361 2501 548 2560 λοιπὸν
595 2509 623 2562 ὁ
671 2504 746 2582 μὴ
795 2505 1231 2584 παραδεχόμενος
1269 2509 1406 2575 ὅλως
1456 2514 1648 2570 ἀκτῖνα
1686 2501 1778 2568 τοῦ
1824 2511 1962 2572 θείου

359 2591 519 2669 λόγου
576 2593 668 2650 καὶ
724 2594 1050 2675 πεπώρωται
1102 2598 1130 2652 6
1192 2594 1267 2673 μὴ
1320 2595 1408 2656 τὸν
1477 2599 1819 2675 μαλάττοντα
1869 2602 1963 2671 τὰς

357 2681 584 2758 καρδίας
611 2682 765 2759 λόγον
799 2683 964 2742 θέλων
1000 2685 1371 2761 ἐνωτίσασθαι,
1426 2689 1516 2746 καὶ
1545 2687 1680 2756 δ’λως
1708 2694 1742 2762 ἡ
1794 2693 1962 2751 ἀπου-

359 2774 453 2828 σία
470 2775 564 2829 τοῦ
595 2775 736 2832 Θεοῦ
757 2774 948 2854 τυφλοῖ
985 2774 1078 2833 καὶ
1113 2778 1364 2845 σκοτίζει.
1387 2774 1566 2837 Ὅταν
1589 2769 1678 2836 οῦν
1702 2780 1958 2861 ἀκούσῃς,

357 2858 442 2917 ὅτι
492 2864 682 2940 τυφλοῖ
714 2867 743 2921 6
776 2864 932 2936 Θεὸς,
983 2865 1121 2924 οὕτω
1167 2865 1272 2925 νόει
1296 2912 1314 2946 ,
1345 2866 1426 2926 ὅτι
1468 2871 1542 2948 τῷ
1577 2869 1655 2944 μὴ
1710 2858 1960 2950 παρεῖναι

355 2954 570 3033 τυφλοῖ.
631 2954 693 3014 Εἰ
735 2955 837 3040 γᾶιρ
867 2960 1047 3036 παρῆν
1079 2957 1234 3030 Θεὸς,
1287 2961 1380 3018 οὐκ
1434 2957 1498 3017 ἂν
1543 2959 1878 3040 τετύφλωται
1931 2968 1960 3022 6

357 3041 650 3121 ἄνθρωπος.
687 3047 752 3105 Εἰ
782 3037 846 3117 ἧν
871 3044 1043 3117 ἥλιος,
1075 3049 1171 3106 οὐκ
1203 3048 1265 3105 ἂν
1290 3047 1505 3107 σκοτία·
1540 3055 1633 3108 νῦν
1666 3037 1720 3108 δὲ
1753 3057 1781 3111 6
1809 3051 1960 3124 ἥλιος

357 3140 499 3190 ποιεῖ
544 3132 640 3205 τὴν
693 3136 882 3196 νύκτα.
924 3135 1086 3194 Ἀλλὰ
1126 3139 1269 3205 πῶς;
1319 3137 1604 3214 Δυόμενος.
1655 3139 1822 3200 Οὕτω
1867 3143 1958 3202 καὶ

354 3222 385 3278 6
432 3222 570 3288 Θεὸς
619 3223 843 3302 τυφλοὺς
892 3229 1036 3282 ποιεῖ
1075 3225 1196 3292 τοὺς
1226 3226 1537 3304 ἀνθρώπους
1591 3231 1670 3308 τῷ
1704 3229 1780 3307 μὴ
1814 3255 1955 3313 παρ·
1995 3274 2040 3337 C

360 3312 416 3337 ,Ξ
448 3333 495 3337 __
545 3333 558 3337 ,
584 3314 633 3337 ,7
664 3322 683 3330 ε
771 3315 848 3337 n,
949 3313 964 3332 ’
1173 3313 1216 3337 ἢκ
1276 3316 1299 3337 δ
1329 3315 1345 3337 \
1429 3315 1442 3337 Ἰ
1561 3318 1577 3337 Ἰ
1625 3321 1657 3334 κ
1835 3321 1848 3337 Ι

356 3312 500 3368 εἶναι
539 3314 731 3380 αὐτοῖς.
769 3315 855 3373 Οὔ
888 3313 1120 3394 πάρεστι
1169 3313 1223 3373 δὲ
1270 3315 1359 3374 διὰ
1386 3315 1485 3388 τὴν
1518 3318 1692 3376 αὐτῶν
1721 3312 1953 3397 κακίαν,

350 3399 448 3458 καὶ
502 3400 682 3460 ἔκτοτε
725 3406 797 3470 ὡς
855 3403 1043 3482 τυφλοὶ
1111 3405 1488 3487 ἀμετάστροφα
1551 3409 1954 3488 ἁμαρτάνουσι,

348 3488 445 3548 καὶ
490 3491 785 3567 ἀδιόρθωτα
843 3495 1285 3573 προσπταίουσιν.
1340 3493 1570 3572 Ἴδωμεν
1607 3498 1683 3562 ιδὲ
1737 3500 1829 3559 καὶ
1893 3501 1960 3560 τὰ

345 3583 442 3638 τοῦ
473 3577 740 3640 Ἡσαΐου·
771 3610 794 3635 ιι
831 3583 1017 3661 Κύριε,
1047 3583 1126 3650 τίς
1165 3583 1443 3644 ἐπίστευσε
1486 3590 1554 3665 τῇ
1594 3588 1728 3668 ἀκοῇ
1773 3594 1959 3667 ἡμῶν;

345 3669 468 3727 ἀντὶ
498 3674 630 3747 τοῦ,
672 3671 842 3738 οὐδεὶς
871 3674 1168 3732 ἐπίστευσε.
1215 3675 1293 3734 Τὸ
1321 3675 1444 3754 γὰρ,
1485 3702 1510 3727 ιι
1540 3675 1646 3752 τίς,
1691 3700 1720 3734 ››
1761 3682 1960 3741 πολλα-

345 3763 446 3835 χοῦ
500 3762 596 3830 τῆς
643 3761 897 3841 Γραφῆς,
949 3761 1069 3821 ἀντὶ
1110 3767 1229 3834 τοῦ,
1265 3765 1462 3836 οὐδεὶς,
1515 3773 1708 3827 κεῖται.
1751 3766 1846 3836 Ὡς
1896 3774 1956 3831 ἐκ

347 3847 644 3925 προσώπου
681 3851 738 3908 δὲ
785 3855 876 3909 τοῦ
919 3855 1162 3931 Χριστοῦ
1205 3842 1321 3910 εἷπε
1374 3857 1529 3914 τοῦτο
1583 3857 1610 3913 6
1641 3857 1953 3938 προφήτης,

346 3936 594 4014 λέγοντος
656 3939 875 4030 δηλαδὴ,
924 3946 1020 3999 τοῦ
1074 3943 1310 4020 Χριστοῦ
1368 3943 1498 4024 πρὸς
1550 3943 1640 4003 τὸν
1695 3936 1950 4030 Πατέρα·

347 4052 371 4077 ι
421 4029 629 4106 Κύριε,
661 4029 740 4095 τίς
789 4029 1072 4090 ἐπίστευσε
1114 4035 1181 4112 τῇ
1216 4035 1351 4112 ἀκοῇ
1384 4037 1575 4111 ἡμῶν;
1629 4061 1655 4086 ιο
1686 4037 1806 4094 ἀντὶ
1839 4029 1950 4113 τοῦ,

347 4117 541 4184 Οὐδεὶς
571 4116 856 4178 ἐπίστευσε
887 4123 966 4200 τῷ
1008 4120 1152 4200 λόγῳ
1180 4124 1332 4197 ἡμῶν
1357 4167 1374 4195 ,
1411 4122 1505 4181 καὶ
1538 4127 1615 4204 τῷ
1647 4125 1955 4206 κηρύγματι(

347 4229 452 4280 μου
475 4229 488 4240 ’
522 4209 653 4286 ὅπερ
682 4208 936 4287 κήρυγμα
971 4209 1137 4282 ἀκοὴν
1186 4209 1456 4289 ὠνόμασε.
1495 4213 1606 4272 Καὶ
1634 4213 1760 4293 γὰρ,
1821 4240 1850 4273 ιι
1885 4218 1951 4281 Ἃ

351 4293 555 4364 ἤκουσα
586 4296 736 4376 παρὰ
759 4305 852 4356 τοῦ
889 4298 1096 4378 Πατρός
1141 4323 1260 4377 μου,
1286 4301 1468 4382 φησὶν,
1510 4303 1685 4361 ἐκεῖνα
1712 4303 1874 4384 λέγω·
1917 4331 1947 4366 ³

2081 1973 2299 2028 caecitas
2338 1974 2558 2029 videtur
2587 1975 2638 2030 ei
2667 1974 2843 2030 divini
2875 1976 3096 2030 luminis
3120 1976 3387 2044 absentia,
3417 1985 3472 2033 et
3495 1980 3682 2036 cordis

2075 2062 2316 2128 caecitas,
2348 2064 2571 2134 privatio
2600 2065 2766 2119 divini
2795 2064 2967 2133 verbi,
2989 2066 3136 2136 quod
3175 2065 3341 2122 corda
3371 2068 3678 2139 suscipien-

2077 2151 2216 2207 tium
2257 2153 2477 2208 mulcet.
2529 2157 2846 2210 Excaecatur
2892 2163 3317 2226 consequenter,
3364 2157 3461 2228 qui
3498 2158 3682 2215 nullos

2073 2242 2302 2314 suscipit
2336 2242 2523 2299 radios
2563 2243 2734 2300 divini
2771 2244 2953 2312 verbi;
3004 2252 3060 2299 et
3098 2244 3385 2302 induratus
3428 2255 3532 2313 est,
3582 2247 3678 2320 qui

2072 2345 2388 2387 sermonem
2434 2333 2598 2388 corda
2654 2331 3000 2388 mollientem
3057 2333 3334 2405 suscipere
3382 2350 3495 2390 non
3542 2337 3678 2404 vult,

2072 2428 2128 2476 et
2171 2421 2400 2476 omnino
2464 2421 2717 2477 absentia
2767 2421 2872 2477 Dei
2935 2431 3172 2478 excaecat
3223 2430 3280 2478 et
3325 2423 3673 2481 obtenebrat.

2073 2509 2215 2565 Cum
2266 2510 2432 2582 igitur
2474 2510 2711 2565 audieris
2757 2509 2919 2581 quod.
2960 2519 3198 2566 excaecet
3248 2514 3421 2578 Deus,
3463 2512 3543 2567 sic
3587 2512 3677 2569 in-

2072 2597 2271 2669 tellige,
2303 2597 2449 2668 quod
2486 2606 2727 2653 excmcet
2753 2613 2883 2652 cum
2921 2613 3146 2669 presens
3173 2614 3287 2654 non
3315 2598 3407 2654 sit.
3438 2600 3495 2654 Si
3523 2599 3677 2656 enim

2070 2685 2338 2742 adfuisset
2388 2688 2552 2756 Deus,
2605 2703 2723 2741 non
2773 2695 3074 2742 excaecatus
3121 2685 3316 2742 luisset
3377 2686 3565 2743 homo.
3614 2689 3676 2745 Si

2071 2784 2189 2832 erat
2228 2776 2334 2844 sol,
2380 2792 2495 2831 non
2542 2777 2730 2847 utique
2775 2784 2933 2831 erant
2981 2775 3240 2831 tenebrae.
3292 2778 3450 2831 Nunc
3487 2786 3675 2833 autem

2070 2867 2150 2921 sol
2188 2864 2315 2921 facit
2356 2873 2603 2934 noctem,
2633 2864 2731 2919 sed
2759 2880 2868 2936 quo
2896 2870 3092 2936 pacto?
3135 2865 3409 2921 Occidens
3454 2884 3467 2922 :
3516 2866 3588 2920 ita
3621 2875 3676 2922 et

2069 2958 2220 3010 Deus
2248 2971 2424 3011 caecos
2464 2952 2597 3010 facit
2625 2955 2898 3023 homines,
2930 2971 3058 3009 cum
3085 2971 3197 3008 non
3229 2954 3387 3010 adest
3415 2956 3516 3010 eis.
3546 2959 3673 3012 Non

2067 3045 2222 3100 adest
2261 3053 2446 3101 autem
2491 3051 2716 3115 propter
2761 3043 2978 3098 illorum
3009 3043 3302 3112 malitiam,
3352 3052 3407 3098 et
3447 3053 3578 3099 tunc
3608 3051 3672 3100 ut

2066 3134 2197 3190 (εωοί
2228 3143 2478 3205 peccant,
2507 3150 2616 3188 non
2649 3149 2707 3189 se
2735 3141 3153 3202 convertentes,
3202 3141 3256 3187 et
3298 3133 3506 3205 absque
3538 3149 3667 3189 cor-

2066 3223 2314 3280 rectione
2370 3223 2751 3295 prolabuntur.
2811 3221 3110 3278 Videamus
3162 3232 3347 3278 autem
3405 3230 3460 3277 et
3516 3221 3674 3280 Isaia:

2066 3313 2229 3383 dicta,
2265 3332 2294 3367 (ι
2330 3313 2589 3380 Domine,
2634 3311 2757 3383 quis
2800 3311 3036 3367 credidit
3064 3311 3274 3367 auditui
3307 3313 3533 3367 nostro?
3566 3311 3673 3367 hoc

2066 3412 2170 3472 est,
2221 3404 2402 3459 nullus
2451 3401 2700 3458 credidit.
2731 3400 2866 3474 Quis
2914 3401 3063 3456 enim
3108 3416 3253 3472 saepe
3286 3401 3344 3455 in
3391 3400 3670 3472 Scriptura

2070 3493 2321 3564 usurpari
2349 3491 2488 3547 solet
2518 3506 2616 3562 pro
2644 3489 2840 3545 Nullus
2876 3507 2890 3544 :
2922 3489 3080 3560 quasi
3111 3505 3175 3544 ex
3207 3505 3442 3560 persona
3469 3489 3669 3545 Christi

2069 3583 2176 3638 hoc
2217 3581 2362 3637 dicat
2397 3579 2688 3651 propheta,
2717 3579 2934 3635 dicente
2964 3579 3184 3635 Christo
3221 3579 3430 3634 scilicet
3459 3577 3529 3635 ad
3558 3581 3668 3635 Pa-

2067 3682 2207 3728 trem
2250 3691 2263 3727 :
2309 3693 2336 3720 ιι
2377 3670 2632 3734 Domine,
2674 3669 2798 3740 quis
2833 3667 3068 3724 credidit
3111 3667 3319 3723 auditui
3358 3676 3546 3723 nostro
3591 3685 3605 3722 :
3641 3691 3669 3717 ν

2065 3778 2188 3835 pro,
2214 3761 2411 3816 Nullus
2441 3756 2677 3813 credidit
2704 3757 2947 3812 sermoni
2978 3765 3169 3811 nostro
3199 3764 3255 3810 et
3283 3755 3667 3826 praedicationi

2063 3867 2220 3907 mea}.
2258 3847 2717 3905 Praadicationem
2758 3845 3008 3901 auditum
3039 3843 3364 3899 nominavit.
3414 3842 3667 3913 Etenim,

2067 3966 2090 3992 α
2134 3945 2272 4014 Quae
2296 3937 2474 3994 audivi
2507 3953 2538 3992 a
2565 3940 2722 3992 Patre
2745 3951 2893 4002 meo,
2925 3933 3122 4004 inquit,
3156 3933 3242 3988 illa
3286 3932 3409 3988 dico
3434 3932 3500 3986 ³³.
3537 3952 3564 3983 ››
3597 3962 3670 3974 -

2065 4055 2091 4081 «ι
2133 4035 2204 4086 Et
2224 4027 2514 4085 brachium
2537 4033 2724 4081 autem
2749 4024 2840 4080 cui
2859 4025 3165 4079 revelatum
3192 4031 3274 4078 est
3291 4021 3368 4074 "i’
3392 4045 3418 4070 υ
3445 4021 3550 4077 hoc
3565 4029 3666 4092 est,

2063 4124 2262 4177 Potens
2289 4118 2574 4190 signorum
2603 4114 2799 4179 virtus,
2854 4129 3025 4185 quam
3053 4111 3347 4168 brachium
3389 4111 3667 4177 nominat,

2063 4209 2199 4267 nulli
2245 4209 2590 4280 ingratorum
2629 4204 2955 4260 Iudaeorum
3005 4201 3316 4258 revelatum
3367 4209 3454 4256 est
3504 4219 3517 4256 :
3564 4199 3662 4257 sed

2063 4308 2120 4356 et
2160 4314 2251 4355 me
2281 4305 2396 4352 tam
2427 4296 2598 4350 multa
2630 4293 2783 4365 signa
2812 4289 3101 4347 facientem
3130 4291 3557 4347 calumniantur.

344 4416 428 4429 —
463 4414 488 4435 ι
525 4384 638 4444 Καὶ
685 4389 714 4444 6
765 4387 1006 4467 βραχίων
1056 4388 1112 4448 δὲ
1167 4390 1270 4448 τίνι
1323 4389 1708 4472 ἀπεκαλύφοη;
1745 4422 1769 4446 ιο
1819 4401 2118 4476 τουτέστιν,
2151 4398 2220 4457 Ἠ
2273 4392 2469 4465 δυνατὴ
2527 4396 2631 4450 τῶν
2681 4391 2918 4465 σημείων
2966 4390 3236 4468 ἐνέργεια,
3288 4388 3354 4459 ἣν
3402 4386 3669 4466 βραχίονα

345 4474 599 4551 ὀνομάζει
624 4520 642 4547 ,
711 4477 882 4536 οὐδενὶ
960 4479 1309 4560 ἀπεκαλύφθη
1384 4482 1490 4539 τῶν
1566 4483 1886 4562 ἀγνωμόνων
1961 4474 2236 4552 Ἰουδαίων
2264 4510 2278 4523 ·
2351 4484 2490 4543 ἀλλὰ
2567 4480 2662 4540 καὶ
2713 4487 2949 4540 τοσαῦτα
3021 4485 3221 4555 σημεῖα
3271 4475 3528 4537 ποιοῦντά
3600 4500 3668 4553 με

344 4570 764 4643 συκοφαντοῦσι.

426 4681 450 4704 ι
483 4656 677 4713 Ταῦτα
707 4645 856 4715 εἶπεν
885 4654 1151 4730 Ἡσαΐας,
1183 4657 1270 4718 ὅτε
1302 4649 1411 4718 εἶδε
1445 4659 1545 4731 τὴν
1571 4659 1725 4729 δόξαν
1757 4664 1918 4724 σῦτοῦ
1941 4711 1957 4740 ,

2139 4670 2307 4725 Vrsas.
2357 4664 2547 4718 [il-43.
2607 4681 2633 4708 «ι
2680 4661 2814 4715 Haec
2857 4655 2998 4714 dixit
3043 4653 3208 4711 Isaias
3253 4651 3478 4726 quando
3534 4651 3672 4709 vidit

343 4742 437 4800 καὶ
467 4743 702 4816 ἔλάλησε
753 4745 877 4826 περὶ
920 4748 1106 4807 αὐτοῦ.
1143 4747 1336 4826 ⁶Ομως
1389 4748 1570 4826 μέντοι
1612 4750 1705 4810 καὶ
1736 4753 1796 4811 ἐκ
1845 4758 1949 4814 τῶν

346 4833 626 4910 ἀρχόντων
680 4836 867 4895 πολλοὶ
927 4837 1243 4897 ἐπίστευσαν
1303 4835 1377 4906 εἷς
1423 4840 1610 4898 αὐτόν·
1669 4841 1804 4900 ἀλλὰ
1862 4843 1950 4904 διὰ

344 4920 468 4988 τοὺς
520 4923 856 5002 Φαρισαίους
904 4927 1006 5006 οὐχ
1057 4927 1390 5006 ὡμολόγουν,
1447 4927 1534 4987 ἵνα
1588 4927 1663 5004 μὴ
1715 4934 1950 4991 ἀποσυν-

346 5017 551 5089 άγωγοι
579 5012 857 5093 γένωνται.
889 5013 1216 5092 Ἠγάπησαν
1257 5018 1361 5096 γὰρ
1390 5017 1487 5087 τὴν
1522 5017 1674 5086 δόξαν
1705 5022 1810 5078 τῶν
1854 5025 1948 5079 ἀν-

345 5100 581 5194 θρώπων
605 5105 809 5178 μᾶλλον
830 5103 1085 5194 ἤπερ“τὴν
1109 5105 1260 5174 δόξαν
1271 5111 1362 5166 τοῦ
1383 5107 1547 5167 Θεοῦ.
1576 5136 1600 5159 υ
1621 5141 1702 5154 -—
1722 5137 1744 5161 ι
1764 5112 1954 5170 Ταῦτα

341 5183 494 5248 εἶπεν
529 5189 790 5264 Ἡσαΐας,
819 5192 907 5252 ὅτε
938 5183 1043 5252 εἶδε
1073 5195 1170 5266 τὴν
1204 5195 1356 5264 δόξαν
1393 5198 1560 5255 αὐτοῦ
1591 5199 1744 5277 (32).
1786 5224 1808 5250 ιι
1854 5198 1955 5259 Τί-

342 5303 467 5353 νος;
519 5284 634 5342 Τοῦ
681 5285 850 5356 Υἱοῦ,
881 5282 1057 5342 καίτοι
1099 5289 1192 5343 τοῦ
1244 5286 1457 5367 Πατρὸς
1490 5287 1586 5360 τὴν
1624 5286 1777 5357 δόξαν
1812 5289 1959 5346 δοκεῖ

337 5371 507 5441 ἰδεῖν,
545 5371 668 5431 ὅσον
715 5373 826 5432 ἀπὸ
878 5377 972 5446 τῆς
1021 5374 1356 5454 ἀκολουθίας,
1407 5379 1435 5433 6
1488 5377 1785 5458 προφήτης.
1819 5376 1952 5437 Ἰἰν-

407 5501 453 5534 ²³
474 5505 632 5561 Joan.
665 5521 777 5572 xv,
809 5509 900 5559 15.
934 5502 1162 5558 2‘Joan.
1186 5520 1303 5572 xu,
1333 5512 1422 5562 38.

2060 4757 2297 4832 gloriam
2339 4753 2473 4825 ejus,
2521 4757 2579 4806 et
2625 4749 2840 4804 locutus
2884 4753 2969 4802 est
3009 4744 3078 4801 de
3134 4760 3221 4801 eo.
3269 4746 3670 4832 Verumtamen

2059 4831 2231 4903 etiam
2256 4859 2321 4899 ex
2347 4838 2683 4914 principibus
2707 4835 2868 4892 multi
2896 4833 3256 4890 crediderunt
3283 4835 3338 4888 in
3367 4849 3493 4888 eum
3528 4851 3542 4889 :
3572 4831 3674 4888 sed

2058 4943 2287 5008 pr0pter
2306 4930 2615 4987 Phariseeos
2636 4943 2748 4982 non
2773 4925 3202 4993 confitebantur,
3236 4938 3305 4978 ne
3333 4938 3364 4978 e
3387 4925 3671 4994 Synagoga

2059 5025 2408 5098 ejicerentur.
2436 5018 2763 5074 Dilexerunt
2786 5014 2938 5070 enim
2965 5014 3191 5087 gloriam
3224 5011 3514 5066 hominum
3545 5025 3668 5098 ma-

2066 5097 2146 5188 gis
2175 5128 2341 5184 quam
2369 5108 2604 5181 gloriam
2633 5105 2749 5161 Dei.
2774 5097 2904 5152 u—ci
2933 5105 3066 5158 Ilmc
3093 5102 3234 5156 dixit
3251 5099 3422 5154 Isaias
3446 5097 3669 5188 quando

2068 5184 2203 5260 vidit
2249 5199 2484 5274 gloriam
2528 5197 2663 5269 ejus.
2709 5217 2735 5243 ιο
2771 5192 2977 5266 Cujus?
3016 5191 3164 5258 Filii,
3213 5187 3467 5260 quamvis
3495 5184 3672 5242 Patris

2063 5292 2298 5367 gloriam
2350 5286 2602 5343 videatur
2668 5290 2941 5355 spectare,
2999 5281 3157 5353 juxta
3221 5275 3670 5373 consequent-iam

2064 5363 2386 5456 prophetiae.
2421 5379 2543 5432 Hoc
2571 5382 2758 5430 autem
2788 5371 2910 5427 loco
2938 5367 3265 5440 evangelista
3285 5363 3517 5437 gloriam
3548 5363 3673 5419 Filii

1375 5596 1460 5654 Ex
1509 5597 1828 5655 collatione
1869 5594 2046 5654 codd.
2079 5594 2288 5652 Venet.
2326 5590 2387 5648 S.
2423 5587 2628 5645 Marci.

413 5724 500 5788 52)
529 5720 672 5780 Cod.
709 5725 812 5784 26,
844 5714 1006 5772 addit
1038 5733 1051 5768 :
1084 5716 1167 5766 καὶ
1201 5715 1415 5784 ἐλάλησε
1444 5717 1554 5789 περὶ
1582 5716 1764 5783 αὐτοῦ,
1791 5741 1816 5766 σι
1845 5724 1961 5774 etII

2070 5715 2266 5771 iouem
2307 5709 2437 5767 fecit
2465 5707 2601 5779 ejus.
2639 5727 2685 5773 ιο,

526 5816 778 5871 Parnm”
827 5805 944 5863 Gn.
991 5804 1211 5860 CXXIV.
