  <div class='ocr_page' id='page_1' title='image "/cluster/home/n/w/nwhite01/storage/ocr_20150623/124:no.2/coo.31924054870294/077.png"; bbox 0 0 4198 6522; ppageno 0'>
   <div class='ocr_carea' id='block_1_1' title="bbox 575 435 676 488">
    <p class='ocr_par' dir='ltr' id='par_1_1' title="bbox 575 435 676 488">
     <span class='ocr_line' id='line_1_1' title="bbox 575 435 676 488; baseline 0.02 -2"><span class='ocrx_word' id='word_1_1' title='bbox 575 435 676 488; x_wconf 81' lang='grc'><strong>139</strong></span> 
     </span>
    </p>
   </div>
   <div class='ocr_carea' id='block_1_2' title="bbox 1581 428 2845 488">
    <p class='ocr_par' dir='ltr' id='par_1_2' title="bbox 1581 428 2845 488">
     <span class='ocr_line' id='line_1_2' title="bbox 1581 428 2845 488; baseline 0.002 -5"><span class='ocrx_word' id='word_1_2' title='bbox 1581 428 2094 485; x_wconf 82' lang='lat' dir='ltr'><strong>THEOPHYLACTI</strong></span> <span class='ocrx_word' id='word_1_3' title='bbox 2132 431 2490 488; x_wconf 78' lang='lat' dir='ltr'><strong>BULGARUE</strong></span> <span class='ocrx_word' id='word_1_4' title='bbox 2527 431 2845 487; x_wconf 81' lang='lat' dir='ltr'><strong>ARCHIEP.</strong></span> 
     </span>
    </p>
   </div>
   <div class='ocr_carea' id='block_1_3' title="bbox 3763 434 3866 488">
    <p class='ocr_par' dir='ltr' id='par_1_3' title="bbox 3763 434 3866 488">
     <span class='ocr_line' id='line_1_3' title="bbox 3763 434 3866 488; baseline 0 0"><span class='ocrx_word' id='word_1_5' title='bbox 3763 434 3866 488; x_wconf 73' lang='grc'><strong>140</strong></span> 
     </span>
    </p>
   </div>
   <div class='ocr_carea' id='block_1_4' title="bbox 565 554 2150 637">
    <p class='ocr_par' dir='ltr' id='par_1_4' title="bbox 565 554 2150 626">
     <span class='ocr_line' id='line_1_4' title="bbox 565 554 2150 626; baseline -0.001 -14"><span class='ocrx_word' id='word_1_6' title='bbox 565 555 699 612; x_wconf 85' lang='lat' dir='ltr'><strong>dicit</strong></span> <span class='ocrx_word' id='word_1_7' title='bbox 721 555 922 614; x_wconf 82' lang='lat' dir='ltr'><strong>vidisse</strong></span> <span class='ocrx_word' id='word_1_8' title='bbox 945 556 1153 614; x_wconf 86' lang='lat' dir='ltr'><strong>Isaiam</strong></span> <span class='ocrx_word' id='word_1_9' title='bbox 1188 574 1202 611; x_wconf 90' lang='lat'><strong>:</strong></span> <span class='ocrx_word' id='word_1_10' title='bbox 1231 554 1434 611; x_wconf 87' lang='lat' dir='ltr'><strong>Paulus</strong></span> <span class='ocrx_word' id='word_1_11' title='bbox 1461 561 1646 610; x_wconf 89' lang='lat' dir='ltr'><strong>autem</strong></span> <span class='ocrx_word' id='word_1_12' title='bbox 1678 554 1915 626; x_wconf 84' lang='lat' dir='ltr'><strong>Spiritus</strong></span> <span class='ocrx_word' id='word_1_13' title='bbox 1940 555 2005 610; x_wconf 66' lang='lat'><strong>’5.</strong></span> <span class='ocrx_word' id='word_1_14' title='bbox 2032 557 2150 612; x_wconf 84' lang='lat' dir='ltr'><strong>Una</strong></span> 
     </span>
    </p>
   </div>
   <div class='ocr_carea' id='block_1_5' title="bbox 2258 554 3868 637">
    <p class='ocr_par' dir='ltr' id='par_1_5' title="bbox 2271 554 3868 637">
     <span class='ocr_line' id='line_1_5' title="bbox 2271 554 3868 637; baseline 0.002 -22"><span class='ocrx_word' id='word_1_15' title='bbox 2271 563 2441 616; x_wconf 72' lang='grc' dir='ltr'>ταῢθα</span> <span class='ocrx_word' id='word_1_16' title='bbox 2470 558 2526 616; x_wconf 89' lang='grc' dir='ltr'>δὲ</span> <span class='ocrx_word' id='word_1_17' title='bbox 2549 561 2576 616; x_wconf 95' lang='lat'><strong>6</strong></span> <span class='ocrx_word' id='word_1_18' title='bbox 2609 554 2991 636; x_wconf 78' lang='grc' dir='ltr'>εὖαγγελιστὴς</span> <span class='ocrx_word' id='word_1_19' title='bbox 3022 554 3178 625; x_wconf 82' lang='grc' dir='ltr'>δόξαν</span> <span class='ocrx_word' id='word_1_20' title='bbox 3214 561 3305 615; x_wconf 76' lang='grc' dir='ltr'><strong>τοῦ</strong></span> <span class='ocrx_word' id='word_1_21' title='bbox 3328 557 3483 632; x_wconf 78' lang='grc' dir='ltr'>Υἱοῦ,</span> <span class='ocrx_word' id='word_1_22' title='bbox 3518 557 3702 637; x_wconf 76' lang='grc' dir='ltr'>φησὶν,</span> <span class='ocrx_word' id='word_1_23' title='bbox 3739 559 3868 619; x_wconf 78' lang='grc' dir='ltr'>ἰδεῖν</span> 
     </span>
    </p>
   </div>
   <div class='ocr_carea' id='block_1_6' title="bbox 564 644 2158 718">
    <p class='ocr_par' dir='ltr' id='par_1_6' title="bbox 564 644 2158 718">
     <span class='ocr_line' id='line_1_6' title="bbox 564 644 2158 718; baseline 0 -18"><span class='ocrx_word' id='word_1_24' title='bbox 564 646 731 718; x_wconf 84' lang='lat' dir='ltr'><strong>igitur</strong></span> <span class='ocrx_word' id='word_1_25' title='bbox 753 647 925 716; x_wconf 79' lang='lat' dir='ltr'><strong>gloria</strong></span> <span class='ocrx_word' id='word_1_26' title='bbox 954 654 1162 703; x_wconf 62' lang='lat' dir='ltr'><strong>sancta</strong></span> <span class='ocrx_word' id='word_1_27' title='bbox 1189 645 1474 702; x_wconf 84' lang='lat' dir='ltr'><strong>Trinitatis</strong></span> <span class='ocrx_word' id='word_1_28' title='bbox 1506 662 1521 700; x_wconf 86' lang='lat'><strong>:</strong></span> <span class='ocrx_word' id='word_1_29' title='bbox 1549 653 1606 700; x_wconf 91' lang='lat' dir='ltr'><strong>et</strong></span> <span class='ocrx_word' id='word_1_30' title='bbox 1635 659 1758 717; x_wconf 69' lang='lat' dir='ltr'><strong>quae</strong></span> <span class='ocrx_word' id='word_1_31' title='bbox 1782 644 1974 712; x_wconf 87' lang='lat' dir='ltr'><strong>Patris,</strong></span> <span class='ocrx_word' id='word_1_32' title='bbox 1995 645 2158 701; x_wconf 88' lang='lat' dir='ltr'><strong>etiam</strong></span> 
     </span>
    </p>
   </div>
   <div class='ocr_carea' id='block_1_7' title="bbox 565 734 2156 808">
    <p class='ocr_par' dir='ltr' id='par_1_7' title="bbox 565 734 2156 808">
     <span class='ocr_line' id='line_1_7' title="bbox 565 734 2156 808; baseline -0.003 -16"><span class='ocrx_word' id='word_1_33' title='bbox 565 734 687 792; x_wconf 89' lang='lat' dir='ltr'><strong>Filii</strong></span> <span class='ocrx_word' id='word_1_34' title='bbox 727 743 814 791; x_wconf 90' lang='lat' dir='ltr'><strong>est</strong></span> <span class='ocrx_word' id='word_1_35' title='bbox 861 752 876 790; x_wconf 91' lang='lat'><strong>:</strong></span> <span class='ocrx_word' id='word_1_36' title='bbox 927 743 983 792; x_wconf 91' lang='lat' dir='ltr'><strong>et</strong></span> <span class='ocrx_word' id='word_1_37' title='bbox 1023 751 1147 808; x_wconf 65' lang='lat' dir='ltr'><strong>quae</strong></span> <span class='ocrx_word' id='word_1_38' title='bbox 1198 735 1337 802; x_wconf 87' lang='lat' dir='ltr'><strong>Filii,</strong></span> <span class='ocrx_word' id='word_1_39' title='bbox 1369 735 1538 806; x_wconf 77' lang='lat'><strong>682</strong></span> <span class='ocrx_word' id='word_1_40' title='bbox 1589 734 1752 790; x_wconf 91' lang='lat' dir='ltr'><strong>etiam</strong></span> <span class='ocrx_word' id='word_1_41' title='bbox 1799 734 2026 805; x_wconf 87' lang='lat' dir='ltr'><strong>Spiritus</strong></span> <span class='ocrx_word' id='word_1_42' title='bbox 2053 742 2156 790; x_wconf 92' lang='lat' dir='ltr'><strong>est.</strong></span> 
     </span>
    </p>
   </div>
   <div class='ocr_carea' id='block_1_8' title="bbox 565 822 2161 890">
    <p class='ocr_par' dir='ltr' id='par_1_8' title="bbox 565 822 2161 890">
     <span class='ocr_line' id='line_1_8' title="bbox 565 822 2161 890; baseline -0.002 -8"><span class='ocrx_word' id='word_1_43' title='bbox 565 823 815 882; x_wconf 88' lang='lat' dir='ltr'><strong>Gloriam</strong></span> <span class='ocrx_word' id='word_1_44' title='bbox 857 832 1046 880; x_wconf 90' lang='lat' dir='ltr'><strong>autem</strong></span> <span class='ocrx_word' id='word_1_45' title='bbox 1095 823 1226 879; x_wconf 88' lang='lat' dir='ltr'><strong>dicit</strong></span> <span class='ocrx_word' id='word_1_46' title='bbox 1252 823 1450 879; x_wconf 89' lang='lat' dir='ltr'><strong>vidisse</strong></span> <span class='ocrx_word' id='word_1_47' title='bbox 1495 824 1717 890; x_wconf 89' lang='lat' dir='ltr'><strong>Isaiam,</strong></span> <span class='ocrx_word' id='word_1_48' title='bbox 1761 822 1978 879; x_wconf 87' lang='lat' dir='ltr'><strong>fumum</strong></span> <span class='ocrx_word' id='word_1_49' title='bbox 2007 823 2161 879; x_wconf 90' lang='lat' dir='ltr'><strong>illum</strong></span> 
     </span>
    </p>
   </div>
   <div class='ocr_carea' id='block_1_9' title="bbox 564 913 2160 986">
    <p class='ocr_par' dir='ltr' id='par_1_9' title="bbox 564 913 2160 986">
     <span class='ocr_line' id='line_1_9' title="bbox 564 913 2160 986; baseline -0.001 -16"><span class='ocrx_word' id='word_1_50' title='bbox 564 915 660 986; x_wconf 89' lang='lat' dir='ltr'><strong>qui</strong></span> <span class='ocrx_word' id='word_1_51' title='bbox 689 915 962 986; x_wconf 86' lang='lat' dir='ltr'><strong>apparuit,</strong></span> <span class='ocrx_word' id='word_1_52' title='bbox 995 913 1286 985; x_wconf 88' lang='lat' dir='ltr'><strong>Seraphin,</strong></span> <span class='ocrx_word' id='word_1_53' title='bbox 1317 913 1609 980; x_wconf 88' lang='lat' dir='ltr'><strong>carbones,</strong></span> <span class='ocrx_word' id='word_1_54' title='bbox 1637 913 1828 982; x_wconf 90' lang='lat' dir='ltr'><strong>altare,</strong></span> <span class='ocrx_word' id='word_1_55' title='bbox 1871 913 2160 969; x_wconf 88' lang='lat' dir='ltr'><strong>thronum.</strong></span> 
     </span>
    </p>
   </div>
   <div class='ocr_carea' id='block_1_10' title="bbox 564 1002 2165 1076">
    <p class='ocr_par' dir='ltr' id='par_1_10' title="bbox 564 1002 2165 1076">
     <span class='ocr_line' id='line_1_10' title="bbox 564 1002 2165 1076; baseline -0.002 -16"><span class='ocrx_word' id='word_1_56' title='bbox 564 1002 718 1060; x_wconf 87' lang='lat' dir='ltr'><strong>Vidit</strong></span> <span class='ocrx_word' id='word_1_57' title='bbox 769 1003 930 1076; x_wconf 84' lang='lat' dir='ltr'><strong>igitur</strong></span> <span class='ocrx_word' id='word_1_58' title='bbox 982 1004 1149 1059; x_wconf 87' lang='lat' dir='ltr'><strong>Isaias</strong></span> <span class='ocrx_word' id='word_1_59' title='bbox 1199 1002 1340 1059; x_wconf 90' lang='lat' dir='ltr'><strong>hanc</strong></span> <span class='ocrx_word' id='word_1_60' title='bbox 1385 1003 1637 1075; x_wconf 82' lang='lat' dir='ltr'><strong>gloriam,</strong></span> <span class='ocrx_word' id='word_1_61' title='bbox 1683 1010 1740 1058; x_wconf 92' lang='lat' dir='ltr'><strong>et</strong></span> <span class='ocrx_word' id='word_1_62' title='bbox 1797 1003 2014 1059; x_wconf 88' lang='lat' dir='ltr'><strong>locutus</strong></span> <span class='ocrx_word' id='word_1_63' title='bbox 2082 1010 2165 1058; x_wconf 91' lang='lat' dir='ltr'><strong>est</strong></span> 
     </span>
    </p>
   </div>
   <div class='ocr_carea' id='block_1_11' title="bbox 567 1090 2163 1161">
    <p class='ocr_par' dir='ltr' id='par_1_11' title="bbox 567 1090 2163 1161">
     <span class='ocr_line' id='line_1_11' title="bbox 567 1090 2163 1161; baseline 0 -14"><span class='ocrx_word' id='word_1_64' title='bbox 567 1091 636 1148; x_wconf 91' lang='lat' dir='ltr'><strong>de</strong></span> <span class='ocrx_word' id='word_1_65' title='bbox 672 1092 790 1159; x_wconf 93' lang='lat' dir='ltr'><strong>illo,</strong></span> <span class='ocrx_word' id='word_1_66' title='bbox 833 1092 968 1148; x_wconf 90' lang='lat' dir='ltr'><strong>Filio</strong></span> <span class='ocrx_word' id='word_1_67' title='bbox 1010 1092 1282 1150; x_wconf 86' lang='lat' dir='ltr'><strong>videlicet.</strong></span> <span class='ocrx_word' id='word_1_68' title='bbox 1326 1091 1476 1161; x_wconf 89' lang='lat' dir='ltr'><strong>Quid</strong></span> <span class='ocrx_word' id='word_1_69' title='bbox 1505 1100 1692 1148; x_wconf 91' lang='lat' dir='ltr'><strong>autem</strong></span> <span class='ocrx_word' id='word_1_70' title='bbox 1727 1092 1944 1148; x_wconf 91' lang='lat' dir='ltr'><strong>locutus</strong></span> <span class='ocrx_word' id='word_1_71' title='bbox 1984 1099 2067 1147; x_wconf 91' lang='lat' dir='ltr'><strong>est</strong></span> <span class='ocrx_word' id='word_1_72' title='bbox 2093 1090 2163 1147; x_wconf 90' lang='lat' dir='ltr'><strong>de</strong></span> 
     </span>
    </p>
   </div>
   <div class='ocr_carea' id='block_1_12' title="bbox 565 1180 2158 1255">
    <p class='ocr_par' dir='ltr' id='par_1_12' title="bbox 565 1180 2158 1255">
     <span class='ocr_line' id='line_1_12' title="bbox 565 1180 2158 1255; baseline 0 -19"><span class='ocrx_word' id='word_1_73' title='bbox 565 1180 662 1238; x_wconf 92' lang='lat' dir='ltr'><strong>illo</strong></span> <span class='ocrx_word' id='word_1_74' title='bbox 697 1184 720 1236; x_wconf 77' lang='grc' dir='ltr'>Ρ</span> <span class='ocrx_word' id='word_1_75' title='bbox 762 1185 842 1237; x_wconf 91' lang='lat' dir='ltr'><strong>Ea</strong></span> <span class='ocrx_word' id='word_1_76' title='bbox 869 1197 992 1255; x_wconf 70' lang='lat' dir='ltr'><strong>quae</strong></span> <span class='ocrx_word' id='word_1_77' title='bbox 1035 1198 1200 1254; x_wconf 89' lang='lat' dir='ltr'><strong>supra</strong></span> <span class='ocrx_word' id='word_1_78' title='bbox 1229 1181 1390 1238; x_wconf 85' lang='lat' dir='ltr'><strong>dicta.</strong></span> <span class='ocrx_word' id='word_1_79' title='bbox 1450 1203 1476 1229; x_wconf 74' lang='grc' dir='ltr'><strong>α</strong></span> <span class='ocrx_word' id='word_1_80' title='bbox 1509 1181 1672 1252; x_wconf 85' lang='lat' dir='ltr'><strong>Quod</strong></span> <span class='ocrx_word' id='word_1_81' title='bbox 1699 1181 1989 1238; x_wconf 63' lang='lat' dir='ltr'><strong>excazcarit</strong></span> <span class='ocrx_word' id='word_1_82' title='bbox 2035 1181 2158 1236; x_wconf 90' lang='lat' dir='ltr'><strong>illo-</strong></span> 
     </span>
    </p>
   </div>
   <div class='ocr_carea' id='block_1_13' title="bbox 563 1270 2162 1342">
    <p class='ocr_par' dir='ltr' id='par_1_13' title="bbox 563 1270 2162 1342">
     <span class='ocr_line' id='line_1_13' title="bbox 563 1270 2162 1342; baseline -0.001 -17"><span class='ocrx_word' id='word_1_83' title='bbox 563 1285 691 1326; x_wconf 91' lang='lat' dir='ltr'><strong>rum</strong></span> <span class='ocrx_word' id='word_1_84' title='bbox 721 1271 934 1342; x_wconf 91' lang='lat' dir='ltr'><strong>oculos,</strong></span> <span class='ocrx_word' id='word_1_85' title='bbox 959 1279 1016 1327; x_wconf 92' lang='lat' dir='ltr'><strong>et</strong></span> <span class='ocrx_word' id='word_1_86' title='bbox 1039 1271 1306 1328; x_wconf 89' lang='lat' dir='ltr'><strong>indurarit</strong></span> <span class='ocrx_word' id='word_1_87' title='bbox 1330 1270 1496 1328; x_wconf 89' lang='lat' dir='ltr'><strong>corda</strong></span> <span class='ocrx_word' id='word_1_88' title='bbox 1521 1271 1812 1327; x_wconf 83' lang='lat' dir='ltr'><strong>illorum.»</strong></span> <span class='ocrx_word' id='word_1_89' title='bbox 1847 1270 2162 1342; x_wconf 81' lang='lat' dir='ltr'><strong>Assignavit</strong></span> 
     </span>
    </p>
   </div>
   <div class='ocr_carea' id='block_1_14' title="bbox 564 1360 2158 1435">
    <p class='ocr_par' dir='ltr' id='par_1_14' title="bbox 564 1360 2158 1435">
     <span class='ocr_line' id='line_1_14' title="bbox 564 1360 2158 1435; baseline -0.001 -18"><span class='ocrx_word' id='word_1_90' title='bbox 564 1369 752 1418; x_wconf 89' lang='lat' dir='ltr'><strong>autem</strong></span> <span class='ocrx_word' id='word_1_91' title='bbox 817 1362 1148 1434; x_wconf 87' lang='lat' dir='ltr'><strong>evangelista</strong></span> <span class='ocrx_word' id='word_1_92' title='bbox 1206 1361 1354 1435; x_wconf 91' lang='lat' dir='ltr'><strong>quod</strong></span> <span class='ocrx_word' id='word_1_93' title='bbox 1403 1384 1429 1409; x_wconf 74' lang='grc' dir='ltr'><strong><em>α</em></strong></span> <span class='ocrx_word' id='word_1_94' title='bbox 1480 1377 1545 1416; x_wconf 88' lang='lat' dir='ltr'><strong>ex</strong></span> <span class='ocrx_word' id='word_1_95' title='bbox 1604 1360 1943 1433; x_wconf 89' lang='lat' dir='ltr'><strong>principibus</strong></span> <span class='ocrx_word' id='word_1_96' title='bbox 2001 1360 2158 1416; x_wconf 89' lang='lat' dir='ltr'><strong>multi</strong></span> 
     </span>
    </p>
   </div>
   <div class='ocr_carea' id='block_1_15' title="bbox 561 1449 2164 1522">
    <p class='ocr_par' dir='ltr' id='par_1_15' title="bbox 561 1449 2164 1522">
     <span class='ocr_line' id='line_1_15' title="bbox 561 1449 2164 1522; baseline -0.001 -15"><span class='ocrx_word' id='word_1_97' title='bbox 561 1451 892 1508; x_wconf 88' lang='lat' dir='ltr'><strong>crediderint</strong></span> <span class='ocrx_word' id='word_1_98' title='bbox 931 1452 985 1507; x_wconf 92' lang='lat' dir='ltr'><strong>in</strong></span> <span class='ocrx_word' id='word_1_99' title='bbox 1031 1451 1207 1519; x_wconf 91' lang='lat' dir='ltr'><strong>illum,</strong></span> <span class='ocrx_word' id='word_1_100' title='bbox 1255 1475 1280 1500; x_wconf 71' lang='grc' dir='ltr'><strong>ιι</strong></span> <span class='ocrx_word' id='word_1_101' title='bbox 1323 1450 1614 1508; x_wconf 89' lang='lat' dir='ltr'><strong>ostendens</strong></span> <span class='ocrx_word' id='word_1_102' title='bbox 1665 1450 1815 1522; x_wconf 90' lang='lat' dir='ltr'><strong>quod</strong></span> <span class='ocrx_word' id='word_1_103' title='bbox 1859 1459 1915 1506; x_wconf 91' lang='lat' dir='ltr'><strong>et</strong></span> <span class='ocrx_word' id='word_1_104' title='bbox 1957 1451 2014 1506; x_wconf 89' lang='lat' dir='ltr'><strong>in</strong></span> <span class='ocrx_word' id='word_1_105' title='bbox 2059 1449 2164 1506; x_wconf 91' lang='lat' dir='ltr'><strong>hoc</strong></span> 
     </span>
    </p>
   </div>
   <div class='ocr_carea' id='block_1_16' title="bbox 561 1539 2159 1612">
    <p class='ocr_par' dir='ltr' id='par_1_16' title="bbox 561 1539 2159 1612">
     <span class='ocr_line' id='line_1_16' title="bbox 561 1539 2159 1612; baseline -0.001 -16"><span class='ocrx_word' id='word_1_106' title='bbox 561 1541 782 1597; x_wconf 87' lang='lat' dir='ltr'><strong>mentiti</strong></span> <span class='ocrx_word' id='word_1_107' title='bbox 818 1541 930 1597; x_wconf 90' lang='lat' dir='ltr'><strong>sint</strong></span> <span class='ocrx_word' id='word_1_108' title='bbox 954 1541 1234 1608; x_wconf 80' lang='lat' dir='ltr'><strong>Pharisaei,</strong></span> <span class='ocrx_word' id='word_1_109' title='bbox 1259 1540 1503 1597; x_wconf 86' lang='lat' dir='ltr'><strong>dicentes</strong></span> <span class='ocrx_word' id='word_1_110' title='bbox 1536 1560 1550 1598; x_wconf 88' lang='lat'><strong>:</strong></span> <span class='ocrx_word' id='word_1_111' title='bbox 1606 1563 1631 1590; x_wconf 78' lang='grc' dir='ltr'><strong>α</strong></span> <span class='ocrx_word' id='word_1_112' title='bbox 1665 1543 1816 1596; x_wconf 88' lang='lat' dir='ltr'><strong>Num</strong></span> <span class='ocrx_word' id='word_1_113' title='bbox 1863 1540 1982 1612; x_wconf 90' lang='lat' dir='ltr'><strong>quis</strong></span> <span class='ocrx_word' id='word_1_114' title='bbox 2009 1539 2159 1611; x_wconf 91' lang='lat' dir='ltr'><strong>prin-</strong></span> 
     </span>
    </p>
   </div>
   <div class='ocr_carea' id='block_1_17' title="bbox 562 1629 2163 1702">
    <p class='ocr_par' dir='ltr' id='par_1_17' title="bbox 562 1629 2163 1702">
     <span class='ocr_line' id='line_1_17' title="bbox 562 1629 2163 1702; baseline -0.001 -17"><span class='ocrx_word' id='word_1_115' title='bbox 562 1630 745 1702; x_wconf 92' lang='lat' dir='ltr'><strong>cipum</strong></span> <span class='ocrx_word' id='word_1_116' title='bbox 772 1631 1001 1688; x_wconf 89' lang='lat' dir='ltr'><strong>credidit</strong></span> <span class='ocrx_word' id='word_1_117' title='bbox 1030 1634 1086 1687; x_wconf 91' lang='lat' dir='ltr'><strong>in</strong></span> <span class='ocrx_word' id='word_1_118' title='bbox 1114 1631 1305 1686; x_wconf 83' lang='lat' dir='ltr'><strong>illum?</strong></span> <span class='ocrx_word' id='word_1_119' title='bbox 1346 1651 1370 1679; x_wconf 75' lang='grc' dir='ltr'>ι»</span> <span class='ocrx_word' id='word_1_120' title='bbox 1400 1633 1540 1686; x_wconf 90' lang='lat' dir='ltr'><strong>Ecce</strong></span> <span class='ocrx_word' id='word_1_121' title='bbox 1572 1653 1598 1680; x_wconf 72' lang='grc' dir='ltr'><strong>α</strong></span> <span class='ocrx_word' id='word_1_122' title='bbox 1628 1630 1788 1686; x_wconf 91' lang='lat' dir='ltr'><strong>multi</strong></span> <span class='ocrx_word' id='word_1_123' title='bbox 1813 1629 2163 1685; x_wconf 89' lang='lat' dir='ltr'><strong>crediderunt</strong></span> 
     </span>
    </p>
   </div>
   <div class='ocr_carea' id='block_1_18' title="bbox 559 1718 2161 1792">
    <p class='ocr_par' dir='ltr' id='par_1_18' title="bbox 559 1718 2161 1792">
     <span class='ocr_line' id='line_1_18' title="bbox 559 1718 2161 1792; baseline -0.002 -16"><span class='ocrx_word' id='word_1_124' title='bbox 559 1719 726 1776; x_wconf 89' lang='lat' dir='ltr'><strong>etiam</strong></span> <span class='ocrx_word' id='word_1_125' title='bbox 749 1721 1083 1792; x_wconf 87' lang='lat' dir='ltr'><strong>principum,</strong></span> <span class='ocrx_word' id='word_1_126' title='bbox 1110 1720 1201 1777; x_wconf 91' lang='lat' dir='ltr'><strong>sed</strong></span> <span class='ocrx_word' id='word_1_127' title='bbox 1221 1729 1448 1792; x_wconf 89' lang='lat' dir='ltr'><strong>propter</strong></span> <span class='ocrx_word' id='word_1_128' title='bbox 1467 1719 1773 1777; x_wconf 66' lang='lat' dir='ltr'><strong>Pharismos</strong></span> <span class='ocrx_word' id='word_1_129' title='bbox 1796 1735 1906 1775; x_wconf 94' lang='lat' dir='ltr'><strong>non</strong></span> <span class='ocrx_word' id='word_1_130' title='bbox 1931 1718 2161 1774; x_wconf 90' lang='lat' dir='ltr'><strong>conﬁte-</strong></span> 
     </span>
    </p>
   </div>
   <div class='ocr_carea' id='block_1_19' title="bbox 558 1807 2161 1882">
    <p class='ocr_par' dir='ltr' id='par_1_19' title="bbox 558 1807 2161 1882">
     <span class='ocr_line' id='line_1_19' title="bbox 558 1807 2161 1882; baseline -0.002 -17"><span class='ocrx_word' id='word_1_131' title='bbox 558 1807 782 1866; x_wconf 87' lang='lat' dir='ltr'><strong>bantur.</strong></span> <span class='ocrx_word' id='word_1_132' title='bbox 814 1810 1132 1866; x_wconf 85' lang='lat' dir='ltr'><strong>Dilexerunt</strong></span> <span class='ocrx_word' id='word_1_133' title='bbox 1173 1810 1322 1866; x_wconf 90' lang='lat' dir='ltr'><strong>enim</strong></span> <span class='ocrx_word' id='word_1_134' title='bbox 1362 1809 1592 1882; x_wconf 86' lang='lat' dir='ltr'><strong>gloriam</strong></span> <span class='ocrx_word' id='word_1_135' title='bbox 1621 1809 1936 1865; x_wconf 87' lang='lat' dir='ltr'><strong>hominum.</strong></span> <span class='ocrx_word' id='word_1_136' title='bbox 1980 1831 2006 1856; x_wconf 74' lang='grc' dir='ltr'>ιο</span> <span class='ocrx_word' id='word_1_137' title='bbox 2037 1809 2161 1863; x_wconf 86' lang='lat' dir='ltr'><strong>Hoc</strong></span> 
     </span>
    </p>
   </div>
   <div class='ocr_carea' id='block_1_20' title="bbox 557 1899 1590 1972">
    <p class='ocr_par' dir='ltr' id='par_1_20' title="bbox 557 1899 1590 1972">
     <span class='ocr_line' id='line_1_20' title="bbox 557 1899 1590 1972; baseline -0.001 -17"><span class='ocrx_word' id='word_1_138' title='bbox 557 1907 744 1955; x_wconf 84' lang='lat' dir='ltr'><strong>autem</strong></span> <span class='ocrx_word' id='word_1_139' title='bbox 791 1899 1043 1956; x_wconf 87' lang='lat' dir='ltr'><strong>Christus</strong></span> <span class='ocrx_word' id='word_1_140' title='bbox 1081 1900 1158 1956; x_wconf 90' lang='lat' dir='ltr'><strong>eis</strong></span> <span class='ocrx_word' id='word_1_141' title='bbox 1191 1899 1449 1972; x_wconf 65' lang='lat' dir='ltr'><strong>praedixit</strong></span> <span class='ocrx_word' id='word_1_142' title='bbox 1484 1899 1528 1933; x_wconf 78' lang='grc'>²⁶</span> <span class='ocrx_word' id='word_1_143' title='bbox 1577 1919 1590 1954; x_wconf 92' lang='lat'>:</span> 
     </span>
    </p>
   </div>
   <div class='ocr_carea' id='block_1_21' title="bbox 555 1987 2154 2062">
    <p class='ocr_par' dir='ltr' id='par_1_21' title="bbox 555 1987 2154 2062">
     <span class='ocr_line' id='line_1_21' title="bbox 555 1987 2154 2062; baseline -0.001 -19"><span class='ocrx_word' id='word_1_144' title='bbox 555 1990 712 2046; x_wconf 88' lang='lat' dir='ltr'><strong>testis</strong></span> <span class='ocrx_word' id='word_1_145' title='bbox 751 1989 999 2060; x_wconf 89' lang='lat' dir='ltr'><strong>credere,</strong></span> <span class='ocrx_word' id='word_1_146' title='bbox 1054 1990 1283 2062; x_wconf 88' lang='lat' dir='ltr'><strong>gloriam</strong></span> <span class='ocrx_word' id='word_1_147' title='bbox 1332 1990 1400 2045; x_wconf 88' lang='lat' dir='ltr'><strong>ab</strong></span> <span class='ocrx_word' id='word_1_148' title='bbox 1447 1988 1769 2045; x_wconf 91' lang='lat' dir='ltr'><strong>hominibus</strong></span> <span class='ocrx_word' id='word_1_149' title='bbox 1805 1987 2154 2059; x_wconf 89' lang='lat' dir='ltr'><strong>accipientes,</strong></span> 
     </span>
    </p>
   </div>
   <div class='ocr_carea' id='block_1_22' title="bbox 555 2078 2156 2150">
    <p class='ocr_par' dir='ltr' id='par_1_22' title="bbox 555 2078 2156 2150">
     <span class='ocr_line' id='line_1_22' title="bbox 555 2078 2156 2150; baseline -0.001 -16"><span class='ocrx_word' id='word_1_150' title='bbox 555 2086 613 2134; x_wconf 87' lang='lat' dir='ltr'><strong>et</strong></span> <span class='ocrx_word' id='word_1_151' title='bbox 657 2079 889 2150; x_wconf 87' lang='lat' dir='ltr'><strong>gloriam</strong></span> <span class='ocrx_word' id='word_1_152' title='bbox 938 2095 969 2133; x_wconf 88' lang='lat' dir='ltr'><strong>a</strong></span> <span class='ocrx_word' id='word_1_153' title='bbox 1010 2082 1129 2133; x_wconf 93' lang='lat' dir='ltr'><strong>Deo</strong></span> <span class='ocrx_word' id='word_1_154' title='bbox 1173 2078 1292 2134; x_wconf 91' lang='lat' dir='ltr'><strong>solo</strong></span> <span class='ocrx_word' id='word_1_155' title='bbox 1333 2092 1446 2133; x_wconf 92' lang='lat' dir='ltr'><strong>non</strong></span> <span class='ocrx_word' id='word_1_156' title='bbox 1487 2079 1831 2148; x_wconf 68' lang='lat' dir='ltr'><strong>qumrentes?</strong></span> <span class='ocrx_word' id='word_1_157' title='bbox 1886 2099 1912 2126; x_wconf 70' lang='grc' dir='ltr'>ι»</span> <span class='ocrx_word' id='word_1_158' title='bbox 1970 2080 2156 2148; x_wconf 86' lang='lat' dir='ltr'><strong>Itaque</strong></span> 
     </span>
    </p>
   </div>
   <div class='ocr_carea' id='block_1_23' title="bbox 555 2165 2157 2238">
    <p class='ocr_par' dir='ltr' id='par_1_23' title="bbox 555 2165 2157 2238">
     <span class='ocr_line' id='line_1_23' title="bbox 555 2165 2157 2238; baseline -0.001 -16"><span class='ocrx_word' id='word_1_159' title='bbox 555 2168 886 2238; x_wconf 85' lang='lat' dir='ltr'><strong>evangelista</strong></span> <span class='ocrx_word' id='word_1_160' title='bbox 949 2167 1188 2223; x_wconf 87' lang='lat' dir='ltr'><strong>ostendit</strong></span> <span class='ocrx_word' id='word_1_161' title='bbox 1232 2167 1336 2222; x_wconf 89' lang='lat' dir='ltr'><strong>hoc</strong></span> <span class='ocrx_word' id='word_1_162' title='bbox 1390 2168 1472 2223; x_wconf 90' lang='lat' dir='ltr'><strong>eis</strong></span> <span class='ocrx_word' id='word_1_163' title='bbox 1527 2167 1776 2223; x_wconf 91' lang='lat' dir='ltr'><strong>accidere</strong></span> <span class='ocrx_word' id='word_1_164' title='bbox 1834 2165 1983 2237; x_wconf 93' lang='lat' dir='ltr'><strong>quod</strong></span> <span class='ocrx_word' id='word_1_165' title='bbox 2033 2173 2157 2222; x_wconf 85' lang='lat' dir='ltr'><strong>ante</strong></span> 
     </span>
    </p>
   </div>
   <div class='ocr_carea' id='block_1_24' title="bbox 557 2255 2154 2329">
    <p class='ocr_par' dir='ltr' id='par_1_24' title="bbox 557 2255 2154 2329">
     <span class='ocr_line' id='line_1_24' title="bbox 557 2255 2154 2329; baseline -0.002 -16"><span class='ocrx_word' id='word_1_166' title='bbox 557 2256 808 2328; x_wconf 69' lang='lat' dir='ltr'><strong>praedixit</strong></span> <span class='ocrx_word' id='word_1_167' title='bbox 852 2256 931 2312; x_wconf 92' lang='lat' dir='ltr'><strong>eis</strong></span> <span class='ocrx_word' id='word_1_168' title='bbox 959 2257 1231 2312; x_wconf 87' lang='lat' dir='ltr'><strong>Christus.</strong></span> <span class='ocrx_word' id='word_1_169' title='bbox 1271 2257 1362 2312; x_wconf 89' lang='lat' dir='ltr'><strong>Sic</strong></span> <span class='ocrx_word' id='word_1_170' title='bbox 1404 2272 1535 2329; x_wconf 88' lang='lat' dir='ltr'><strong>ergo</strong></span> <span class='ocrx_word' id='word_1_171' title='bbox 1583 2273 1697 2311; x_wconf 92' lang='lat' dir='ltr'><strong>non</strong></span> <span class='ocrx_word' id='word_1_172' title='bbox 1737 2255 1966 2311; x_wconf 84' lang='lat' dir='ltr'><strong>fuerunt</strong></span> <span class='ocrx_word' id='word_1_173' title='bbox 2007 2256 2154 2327; x_wconf 87' lang='lat' dir='ltr'><strong>prin-</strong></span> 
     </span>
    </p>
   </div>
   <div class='ocr_carea' id='block_1_25' title="bbox 555 2344 2152 2417">
    <p class='ocr_par' dir='ltr' id='par_1_25' title="bbox 555 2344 2152 2417">
     <span class='ocr_line' id='line_1_25' title="bbox 555 2344 2152 2417; baseline 0 -17"><span class='ocrx_word' id='word_1_174' title='bbox 555 2346 726 2417; x_wconf 90' lang='lat' dir='ltr'><strong>cipes,</strong></span> <span class='ocrx_word' id='word_1_175' title='bbox 780 2345 876 2402; x_wconf 88' lang='lat' dir='ltr'><strong>sed</strong></span> <span class='ocrx_word' id='word_1_176' title='bbox 918 2346 1084 2413; x_wconf 84' lang='lat' dir='ltr'><strong>servi,</strong></span> <span class='ocrx_word' id='word_1_177' title='bbox 1137 2354 1440 2402; x_wconf 84' lang='lat' dir='ltr'><strong>extremam</strong></span> <span class='ocrx_word' id='word_1_178' title='bbox 1491 2344 1928 2417; x_wconf 88' lang='lat' dir='ltr'><strong>vilissimamque</strong></span> <span class='ocrx_word' id='word_1_179' title='bbox 1980 2345 2152 2400; x_wconf 88' lang='lat' dir='ltr'><strong>servi-</strong></span> 
     </span>
    </p>
   </div>
   <div class='ocr_carea' id='block_1_26' title="bbox 555 2433 2154 2506">
    <p class='ocr_par' dir='ltr' id='par_1_26' title="bbox 555 2433 2154 2506">
     <span class='ocr_line' id='line_1_26' title="bbox 555 2433 2154 2506; baseline 0 -18"><span class='ocrx_word' id='word_1_180' title='bbox 555 2441 730 2489; x_wconf 90' lang='lat' dir='ltr'><strong>tutem</strong></span> <span class='ocrx_word' id='word_1_181' title='bbox 775 2434 1092 2490; x_wconf 84' lang='lat' dir='ltr'><strong>servientes.</strong></span> <span class='ocrx_word' id='word_1_182' title='bbox 1137 2437 1214 2489; x_wconf 87' lang='lat' dir='ltr'><strong>Ex</strong></span> <span class='ocrx_word' id='word_1_183' title='bbox 1255 2433 1362 2490; x_wconf 89' lang='lat' dir='ltr'><strong>hoc</strong></span> <span class='ocrx_word' id='word_1_184' title='bbox 1406 2433 1556 2490; x_wconf 86' lang='lat' dir='ltr'><strong>disce</strong></span> <span class='ocrx_word' id='word_1_185' title='bbox 1594 2433 1744 2506; x_wconf 90' lang='lat' dir='ltr'><strong>quod</strong></span> <span class='ocrx_word' id='word_1_186' title='bbox 1783 2448 1939 2491; x_wconf 72' lang='lat' dir='ltr'><strong>vana:</strong></span> <span class='ocrx_word' id='word_1_187' title='bbox 1963 2433 2154 2506; x_wconf 67' lang='lat' dir='ltr'><strong>gloriae</strong></span> 
     </span>
    </p>
   </div>
   <div class='ocr_carea' id='block_1_27' title="bbox 552 2523 1652 2598">
    <p class='ocr_par' dir='ltr' id='par_1_27' title="bbox 552 2523 1652 2598">
     <span class='ocr_line' id='line_1_27' title="bbox 552 2523 1652 2598; baseline 0 -18"><span class='ocrx_word' id='word_1_188' title='bbox 552 2531 790 2581; x_wconf 84' lang='lat' dir='ltr'><strong>sectator</strong></span> <span class='ocrx_word' id='word_1_189' title='bbox 815 2538 1009 2582; x_wconf 85' lang='lat' dir='ltr'><strong>servus</strong></span> <span class='ocrx_word' id='word_1_190' title='bbox 1033 2531 1118 2582; x_wconf 88' lang='lat' dir='ltr'><strong>est</strong></span> <span class='ocrx_word' id='word_1_191' title='bbox 1149 2533 1204 2581; x_wconf 91' lang='lat' dir='ltr'><strong>et</strong></span> <span class='ocrx_word' id='word_1_192' title='bbox 1227 2523 1652 2598; x_wconf 85' lang='lat' dir='ltr'><strong>ignominiosus.</strong></span> 
     </span>
    </p>
   </div>
   <div class='ocr_carea' id='block_1_28' title="bbox 621 2808 2154 2882">
    <p class='ocr_par' dir='ltr' id='par_1_28' title="bbox 621 2808 2154 2882">
     <span class='ocr_line' id='line_1_28' title="bbox 621 2808 2154 2882; baseline -0.003 -12"><span class='ocrx_word' id='word_1_193' title='bbox 621 2812 785 2870; x_wconf 70' lang='lat' dir='ltr'><strong>Vens.</strong></span> <span class='ocrx_word' id='word_1_194' title='bbox 815 2816 910 2882; x_wconf 86' lang='lat'><strong>44,</strong></span> <span class='ocrx_word' id='word_1_195' title='bbox 938 2816 1027 2868; x_wconf 86' lang='lat'><strong>45.</strong></span> <span class='ocrx_word' id='word_1_196' title='bbox 1081 2833 1106 2861; x_wconf 75' lang='grc' dir='ltr'><strong>α</strong></span> <span class='ocrx_word' id='word_1_197' title='bbox 1136 2811 1297 2868; x_wconf 87' lang='lat' dir='ltr'><strong>Jesus</strong></span> <span class='ocrx_word' id='word_1_198' title='bbox 1339 2819 1526 2868; x_wconf 91' lang='lat' dir='ltr'><strong>autem</strong></span> <span class='ocrx_word' id='word_1_199' title='bbox 1553 2810 1840 2880; x_wconf 88' lang='lat' dir='ltr'><strong>clamavit,</strong></span> <span class='ocrx_word' id='word_1_200' title='bbox 1871 2817 1927 2866; x_wconf 88' lang='lat' dir='ltr'><strong>et</strong></span> <span class='ocrx_word' id='word_1_201' title='bbox 1967 2808 2109 2866; x_wconf 85' lang='lat' dir='ltr'><strong>dixit</strong></span> <span class='ocrx_word' id='word_1_202' title='bbox 2140 2829 2154 2867; x_wconf 90' lang='lat'>:</span> 
     </span>
    </p>
   </div>
   <div class='ocr_carea' id='block_1_29' title="bbox 551 2899 2156 2972">
    <p class='ocr_par' dir='ltr' id='par_1_29' title="bbox 551 2899 2156 2972">
     <span class='ocr_line' id='line_1_29' title="bbox 551 2899 2156 2972; baseline -0.002 -15"><span class='ocrx_word' id='word_1_203' title='bbox 551 2901 655 2972; x_wconf 88' lang='lat' dir='ltr'><strong>Qui</strong></span> <span class='ocrx_word' id='word_1_204' title='bbox 699 2902 872 2958; x_wconf 89' lang='lat' dir='ltr'><strong>credit</strong></span> <span class='ocrx_word' id='word_1_205' title='bbox 916 2902 977 2957; x_wconf 90' lang='lat' dir='ltr'><strong>in</strong></span> <span class='ocrx_word' id='word_1_206' title='bbox 1019 2917 1132 2972; x_wconf 89' lang='lat' dir='ltr'><strong>me,</strong></span> <span class='ocrx_word' id='word_1_207' title='bbox 1170 2917 1286 2956; x_wconf 90' lang='lat' dir='ltr'><strong>non</strong></span> <span class='ocrx_word' id='word_1_208' title='bbox 1313 2900 1490 2957; x_wconf 89' lang='lat' dir='ltr'><strong>credit</strong></span> <span class='ocrx_word' id='word_1_209' title='bbox 1517 2900 1573 2956; x_wconf 91' lang='lat' dir='ltr'><strong>in</strong></span> <span class='ocrx_word' id='word_1_210' title='bbox 1623 2916 1735 2969; x_wconf 89' lang='lat' dir='ltr'><strong>me,</strong></span> <span class='ocrx_word' id='word_1_211' title='bbox 1780 2899 1875 2956; x_wconf 90' lang='lat' dir='ltr'><strong>sed</strong></span> <span class='ocrx_word' id='word_1_212' title='bbox 1923 2900 1981 2954; x_wconf 92' lang='lat' dir='ltr'><strong>in</strong></span> <span class='ocrx_word' id='word_1_213' title='bbox 2029 2915 2156 2955; x_wconf 87' lang='lat' dir='ltr'><strong>eum</strong></span> 
     </span>
    </p>
   </div>
   <div class='ocr_carea' id='block_1_30' title="bbox 548 2989 2163 3063">
    <p class='ocr_par' dir='ltr' id='par_1_30' title="bbox 548 2989 2163 3063">
     <span class='ocr_line' id='line_1_30' title="bbox 548 2989 2163 3063; baseline -0.002 -16"><span class='ocrx_word' id='word_1_214' title='bbox 548 2991 642 3063; x_wconf 91' lang='lat' dir='ltr'><strong>qui</strong></span> <span class='ocrx_word' id='word_1_215' title='bbox 679 2991 831 3048; x_wconf 91' lang='lat' dir='ltr'><strong>misit</strong></span> <span class='ocrx_word' id='word_1_216' title='bbox 876 3007 984 3046; x_wconf 92' lang='lat' dir='ltr'><strong>me.</strong></span> <span class='ocrx_word' id='word_1_217' title='bbox 1049 2993 1120 3046; x_wconf 89' lang='lat' dir='ltr'><strong>Et</strong></span> <span class='ocrx_word' id='word_1_218' title='bbox 1171 2991 1263 3063; x_wconf 91' lang='lat' dir='ltr'><strong>qui</strong></span> <span class='ocrx_word' id='word_1_219' title='bbox 1314 2990 1458 3046; x_wconf 88' lang='lat' dir='ltr'><strong>videt</strong></span> <span class='ocrx_word' id='word_1_220' title='bbox 1501 3006 1612 3058; x_wconf 89' lang='lat' dir='ltr'><strong>me,</strong></span> <span class='ocrx_word' id='word_1_221' title='bbox 1667 2989 1816 3046; x_wconf 89' lang='lat' dir='ltr'><strong>videt</strong></span> <span class='ocrx_word' id='word_1_222' title='bbox 1872 3005 2001 3045; x_wconf 91' lang='lat' dir='ltr'><strong>eum</strong></span> <span class='ocrx_word' id='word_1_223' title='bbox 2060 3001 2163 3062; x_wconf 79' lang='lat' dir='ltr'><strong>qui</strong></span> 
     </span>
    </p>
   </div>
   <div class='ocr_carea' id='block_1_31' title="bbox 545 3078 2150 3151">
    <p class='ocr_par' dir='ltr' id='par_1_31' title="bbox 545 3078 2150 3151">
     <span class='ocr_line' id='line_1_31' title="bbox 545 3078 2150 3151; baseline -0.001 -15"><span class='ocrx_word' id='word_1_224' title='bbox 545 3080 696 3136; x_wconf 90' lang='lat' dir='ltr'><strong>misit</strong></span> <span class='ocrx_word' id='word_1_225' title='bbox 727 3097 836 3137; x_wconf 91' lang='lat' dir='ltr'><strong>me.</strong></span> <span class='ocrx_word' id='word_1_226' title='bbox 869 3100 897 3135; x_wconf 85' lang='lat'><strong>»</strong></span> <span class='ocrx_word' id='word_1_227' title='bbox 935 3080 1246 3137; x_wconf 90' lang='lat' dir='ltr'><strong>Occultavit</strong></span> <span class='ocrx_word' id='word_1_228' title='bbox 1283 3079 1506 3151; x_wconf 85' lang='lat' dir='ltr'><strong>quidem</strong></span> <span class='ocrx_word' id='word_1_229' title='bbox 1533 3095 1592 3135; x_wconf 91' lang='lat' dir='ltr'><strong>se</strong></span> <span class='ocrx_word' id='word_1_230' title='bbox 1623 3078 1694 3134; x_wconf 88' lang='lat' dir='ltr'><strong>ad</strong></span> <span class='ocrx_word' id='word_1_231' title='bbox 1725 3086 1944 3149; x_wconf 87' lang='lat' dir='ltr'><strong>tempus</strong></span> <span class='ocrx_word' id='word_1_232' title='bbox 1970 3079 2150 3146; x_wconf 90' lang='lat' dir='ltr'><strong>Jesus,</strong></span> 
     </span>
    </p>
   </div>
   <div class='ocr_carea' id='block_1_32' title="bbox 547 3169 2226 3269">
    <p class='ocr_par' dir='ltr' id='par_1_32' title="bbox 547 3169 2226 3269">
     <span class='ocr_line' id='line_1_32' title="bbox 547 3169 2226 3269; baseline -0.002 -43"><span class='ocrx_word' id='word_1_233' title='bbox 547 3169 748 3226; x_wconf 89' lang='lat' dir='ltr'><strong>cedens</strong></span> <span class='ocrx_word' id='word_1_234' title='bbox 775 3170 1050 3242; x_wconf 90' lang='lat' dir='ltr'><strong>paulisper</strong></span> <span class='ocrx_word' id='word_1_235' title='bbox 1075 3169 1146 3225; x_wconf 91' lang='lat' dir='ltr'><strong>ob</strong></span> <span class='ocrx_word' id='word_1_236' title='bbox 1176 3170 1318 3224; x_wconf 88' lang='lat' dir='ltr'><strong>iram</strong></span> <span class='ocrx_word' id='word_1_237' title='bbox 1341 3169 1687 3225; x_wconf 69' lang='lat' dir='ltr'><strong>Judacorum.</strong></span> <span class='ocrx_word' id='word_1_238' title='bbox 1719 3171 1930 3224; x_wconf 92' lang='lat' dir='ltr'><strong>Iterum</strong></span> <span class='ocrx_word' id='word_1_239' title='bbox 1960 3176 2146 3224; x_wconf 89' lang='lat' dir='ltr'><strong>autem</strong></span> <span class='ocrx_word' id='word_1_240' title='bbox 2182 3206 2226 3269; x_wconf 80' lang='lat' dir='ltr'>C</span> 
     </span>
    </p>
   </div>
   <div class='ocr_carea' id='block_1_33' title="bbox 547 3257 2149 3331">
    <p class='ocr_par' dir='ltr' id='par_1_33' title="bbox 547 3257 2149 3331">
     <span class='ocr_line' id='line_1_33' title="bbox 547 3257 2149 3331; baseline -0.002 -16"><span class='ocrx_word' id='word_1_241' title='bbox 547 3268 854 3331; x_wconf 89' lang='lat' dir='ltr'><strong>comparet,</strong></span> <span class='ocrx_word' id='word_1_242' title='bbox 903 3275 967 3314; x_wconf 88' lang='lat' dir='ltr'><strong>ac</strong></span> <span class='ocrx_word' id='word_1_243' title='bbox 1006 3259 1208 3314; x_wconf 90' lang='lat' dir='ltr'><strong>clamat</strong></span> <span class='ocrx_word' id='word_1_244' title='bbox 1237 3258 1403 3314; x_wconf 89' lang='lat' dir='ltr'><strong>libere</strong></span> <span class='ocrx_word' id='word_1_245' title='bbox 1446 3267 1501 3314; x_wconf 92' lang='lat' dir='ltr'><strong>et</strong></span> <span class='ocrx_word' id='word_1_246' title='bbox 1545 3257 1782 3329; x_wconf 88' lang='lat' dir='ltr'><strong>publice.</strong></span> <span class='ocrx_word' id='word_1_247' title='bbox 1834 3257 2149 3313; x_wconf 90' lang='lat' dir='ltr'><strong>Ostendens</strong></span> 
     </span>
    </p>
   </div>
   <div class='ocr_carea' id='block_1_34' title="bbox 547 3346 2149 3420">
    <p class='ocr_par' dir='ltr' id='par_1_34' title="bbox 547 3346 2149 3420">
     <span class='ocr_line' id='line_1_34' title="bbox 547 3346 2149 3420; baseline -0.001 -16"><span class='ocrx_word' id='word_1_248' title='bbox 547 3357 736 3404; x_wconf 91' lang='lat' dir='ltr'><strong>autem</strong></span> <span class='ocrx_word' id='word_1_249' title='bbox 783 3371 809 3397; x_wconf 82' lang='grc'><strong>‹‹</strong></span> <span class='ocrx_word' id='word_1_250' title='bbox 842 3349 1199 3420; x_wconf 88' lang='lat' dir='ltr'><strong>semetipsum</strong></span> <span class='ocrx_word' id='word_1_251' title='bbox 1241 3347 1512 3419; x_wconf 63' lang='lat' dir='ltr'><strong>aequalem</strong></span> <span class='ocrx_word' id='word_1_252' title='bbox 1553 3347 1700 3405; x_wconf 88' lang='lat' dir='ltr'><strong>Patri</strong></span> <span class='ocrx_word' id='word_1_253' title='bbox 1739 3346 1808 3416; x_wconf 65' lang='lat'><strong>’7,</strong></span> <span class='ocrx_word' id='word_1_254' title='bbox 1847 3367 1874 3397; x_wconf 84' lang='lat'>»</span> <span class='ocrx_word' id='word_1_255' title='bbox 1925 3355 1983 3402; x_wconf 87' lang='lat' dir='ltr'><strong>et</strong></span> <span class='ocrx_word' id='word_1_256' title='bbox 2029 3351 2149 3403; x_wconf 92' lang='lat' dir='ltr'><strong>Deo</strong></span> 
     </span>
    </p>
   </div>
   <div class='ocr_carea' id='block_1_35' title="bbox 549 3435 2149 3508">
    <p class='ocr_par' dir='ltr' id='par_1_35' title="bbox 549 3435 2149 3508">
     <span class='ocr_line' id='line_1_35' title="bbox 549 3435 2149 3508; baseline -0.001 -16"><span class='ocrx_word' id='word_1_257' title='bbox 549 3453 662 3493; x_wconf 94' lang='lat' dir='ltr'><strong>non</strong></span> <span class='ocrx_word' id='word_1_258' title='bbox 705 3437 1065 3508; x_wconf 89' lang='lat' dir='ltr'><strong>contrarium,</strong></span> <span class='ocrx_word' id='word_1_259' title='bbox 1108 3437 1270 3505; x_wconf 81' lang='lat' dir='ltr'><strong>dixit,</strong></span> <span class='ocrx_word' id='word_1_260' title='bbox 1323 3458 1349 3487; x_wconf 87' lang='lat'><strong>«</strong></span> <span class='ocrx_word' id='word_1_261' title='bbox 1397 3436 1499 3508; x_wconf 90' lang='lat' dir='ltr'><strong>Qui</strong></span> <span class='ocrx_word' id='word_1_262' title='bbox 1549 3435 1728 3492; x_wconf 90' lang='lat' dir='ltr'><strong>credit</strong></span> <span class='ocrx_word' id='word_1_263' title='bbox 1781 3436 1838 3491; x_wconf 92' lang='lat' dir='ltr'><strong>in</strong></span> <span class='ocrx_word' id='word_1_264' title='bbox 1879 3451 1992 3506; x_wconf 90' lang='lat' dir='ltr'><strong>me,</strong></span> <span class='ocrx_word' id='word_1_265' title='bbox 2033 3452 2149 3491; x_wconf 91' lang='lat' dir='ltr'><strong>non</strong></span> 
     </span>
    </p>
   </div>
   <div class='ocr_carea' id='block_1_36' title="bbox 545 3525 2148 3598">
    <p class='ocr_par' dir='ltr' id='par_1_36' title="bbox 545 3525 2148 3598">
     <span class='ocr_line' id='line_1_36' title="bbox 545 3525 2148 3598; baseline -0.001 -16"><span class='ocrx_word' id='word_1_266' title='bbox 545 3526 723 3584; x_wconf 87' lang='lat' dir='ltr'><strong>credit</strong></span> <span class='ocrx_word' id='word_1_267' title='bbox 767 3527 827 3582; x_wconf 92' lang='lat' dir='ltr'><strong>in</strong></span> <span class='ocrx_word' id='word_1_268' title='bbox 877 3543 988 3595; x_wconf 83' lang='lat' dir='ltr'><strong>me,</strong></span> <span class='ocrx_word' id='word_1_269' title='bbox 1015 3525 1115 3582; x_wconf 91' lang='lat' dir='ltr'><strong>sed</strong></span> <span class='ocrx_word' id='word_1_270' title='bbox 1159 3527 1216 3582; x_wconf 91' lang='lat' dir='ltr'><strong>in</strong></span> <span class='ocrx_word' id='word_1_271' title='bbox 1254 3542 1383 3582; x_wconf 92' lang='lat' dir='ltr'><strong>eum</strong></span> <span class='ocrx_word' id='word_1_272' title='bbox 1439 3526 1530 3598; x_wconf 90' lang='lat' dir='ltr'><strong>qui</strong></span> <span class='ocrx_word' id='word_1_273' title='bbox 1570 3527 1723 3581; x_wconf 91' lang='lat' dir='ltr'><strong>misit</strong></span> <span class='ocrx_word' id='word_1_274' title='bbox 1769 3541 1877 3594; x_wconf 88' lang='lat' dir='ltr'><strong>me,</strong></span> <span class='ocrx_word' id='word_1_275' title='bbox 1924 3549 1950 3574; x_wconf 76' lang='grc' dir='ltr'><strong>ι</strong></span> <span class='ocrx_word' id='word_1_276' title='bbox 1992 3525 2148 3597; x_wconf 89' lang='lat' dir='ltr'><strong>quasi</strong></span> 
     </span>
    </p>
   </div>
   <div class='ocr_carea' id='block_1_37' title="bbox 544 3614 2149 3686">
    <p class='ocr_par' dir='ltr' id='par_1_37' title="bbox 544 3614 2149 3686">
     <span class='ocr_line' id='line_1_37' title="bbox 544 3614 2149 3686; baseline 0.001 -15"><span class='ocrx_word' id='word_1_277' title='bbox 544 3614 654 3672; x_wconf 89' lang='lat' dir='ltr'><strong>hoc</strong></span> <span class='ocrx_word' id='word_1_278' title='bbox 694 3615 880 3672; x_wconf 91' lang='lat' dir='ltr'><strong>dicens</strong></span> <span class='ocrx_word' id='word_1_279' title='bbox 921 3635 934 3672; x_wconf 92' lang='lat'><strong>:</strong></span> <span class='ocrx_word' id='word_1_280' title='bbox 984 3615 1130 3686; x_wconf 88' lang='lat' dir='ltr'><strong>Quid</strong></span> <span class='ocrx_word' id='word_1_281' title='bbox 1175 3615 1435 3672; x_wconf 89' lang='lat' dir='ltr'><strong>timuistis</strong></span> <span class='ocrx_word' id='word_1_282' title='bbox 1480 3615 1700 3672; x_wconf 86' lang='lat' dir='ltr'><strong>credere</strong></span> <span class='ocrx_word' id='word_1_283' title='bbox 1746 3617 1804 3671; x_wconf 88' lang='lat' dir='ltr'><strong>in</strong></span> <span class='ocrx_word' id='word_1_284' title='bbox 1844 3617 1966 3671; x_wconf 82' lang='lat' dir='ltr'><strong>me?</strong></span> <span class='ocrx_word' id='word_1_285' title='bbox 2014 3615 2149 3672; x_wconf 86' lang='lat' dir='ltr'><strong>ﬁdes</strong></span> 
     </span>
    </p>
   </div>
   <div class='ocr_carea' id='block_1_38' title="bbox 541 3703 2146 3777">
    <p class='ocr_par' dir='ltr' id='par_1_38' title="bbox 541 3703 2146 3777">
     <span class='ocr_line' id='line_1_38' title="bbox 541 3703 2146 3777; baseline 0 -17"><span class='ocrx_word' id='word_1_286' title='bbox 541 3703 633 3762; x_wconf 90' lang='lat' dir='ltr'><strong>illa</strong></span> <span class='ocrx_word' id='word_1_287' title='bbox 672 3721 796 3777; x_wconf 59' lang='lat' dir='ltr'><strong>quae</strong></span> <span class='ocrx_word' id='word_1_288' title='bbox 821 3713 907 3762; x_wconf 90' lang='lat' dir='ltr'><strong>est</strong></span> <span class='ocrx_word' id='word_1_289' title='bbox 935 3704 991 3761; x_wconf 92' lang='lat' dir='ltr'><strong>in</strong></span> <span class='ocrx_word' id='word_1_290' title='bbox 1021 3721 1132 3772; x_wconf 90' lang='lat' dir='ltr'><strong>me,</strong></span> <span class='ocrx_word' id='word_1_291' title='bbox 1171 3705 1241 3762; x_wconf 88' lang='lat' dir='ltr'><strong>ad</strong></span> <span class='ocrx_word' id='word_1_292' title='bbox 1269 3708 1490 3761; x_wconf 83' lang='lat' dir='ltr'><strong>Patrem</strong></span> <span class='ocrx_word' id='word_1_293' title='bbox 1520 3721 1711 3761; x_wconf 91' lang='lat' dir='ltr'><strong>meum</strong></span> <span class='ocrx_word' id='word_1_294' title='bbox 1757 3704 1974 3760; x_wconf 89' lang='lat' dir='ltr'><strong>transit.</strong></span> <span class='ocrx_word' id='word_1_295' title='bbox 2007 3704 2146 3760; x_wconf 88' lang='lat' dir='ltr'><strong>Vide</strong></span> 
     </span>
    </p>
   </div>
   <div class='ocr_carea' id='block_1_39' title="bbox 539 3793 2143 3865">
    <p class='ocr_par' dir='ltr' id='par_1_39' title="bbox 539 3793 2143 3865">
     <span class='ocr_line' id='line_1_39' title="bbox 539 3793 2143 3865; baseline -0.001 -15"><span class='ocrx_word' id='word_1_296' title='bbox 539 3800 724 3850; x_wconf 87' lang='lat' dir='ltr'><strong>autem</strong></span> <span class='ocrx_word' id='word_1_297' title='bbox 777 3804 832 3851; x_wconf 92' lang='lat' dir='ltr'><strong>et</strong></span> <span class='ocrx_word' id='word_1_298' title='bbox 903 3795 1176 3851; x_wconf 88' lang='lat' dir='ltr'><strong>sermonis</strong></span> <span class='ocrx_word' id='word_1_299' title='bbox 1229 3795 1577 3852; x_wconf 87' lang='lat' dir='ltr'><strong>evidentiam.</strong></span> <span class='ocrx_word' id='word_1_300' title='bbox 1640 3797 1763 3850; x_wconf 87' lang='lat' dir='ltr'><strong>Non</strong></span> <span class='ocrx_word' id='word_1_301' title='bbox 1827 3794 1988 3863; x_wconf 80' lang='lat' dir='ltr'><strong>dixit,</strong></span> <span class='ocrx_word' id='word_1_302' title='bbox 2038 3793 2143 3865; x_wconf 92' lang='lat' dir='ltr'><strong>Qui</strong></span> 
     </span>
    </p>
   </div>
   <div class='ocr_carea' id='block_1_40' title="bbox 538 3883 2145 3957">
    <p class='ocr_par' dir='ltr' id='par_1_40' title="bbox 538 3883 2145 3957">
     <span class='ocr_line' id='line_1_40' title="bbox 538 3883 2145 3957; baseline -0.001 -15"><span class='ocrx_word' id='word_1_303' title='bbox 538 3883 713 3942; x_wconf 88' lang='lat' dir='ltr'><strong>credit</strong></span> <span class='ocrx_word' id='word_1_304' title='bbox 741 3884 900 3954; x_wconf 86' lang='lat' dir='ltr'><strong>mihi;</strong></span> <span class='ocrx_word' id='word_1_305' title='bbox 932 3885 1048 3955; x_wconf 89' lang='lat' dir='ltr'><strong>sed,</strong></span> <span class='ocrx_word' id='word_1_306' title='bbox 1097 3908 1122 3935; x_wconf 83' lang='grc'><strong>‹‹</strong></span> <span class='ocrx_word' id='word_1_307' title='bbox 1157 3885 1248 3957; x_wconf 91' lang='lat' dir='ltr'><strong>qui</strong></span> <span class='ocrx_word' id='word_1_308' title='bbox 1283 3885 1458 3943; x_wconf 88' lang='lat' dir='ltr'><strong>credit</strong></span> <span class='ocrx_word' id='word_1_309' title='bbox 1488 3885 1543 3939; x_wconf 90' lang='lat' dir='ltr'><strong>in</strong></span> <span class='ocrx_word' id='word_1_310' title='bbox 1573 3901 1682 3952; x_wconf 90' lang='lat' dir='ltr'><strong>me,</strong></span> <span class='ocrx_word' id='word_1_311' title='bbox 1727 3908 1752 3934; x_wconf 83' lang='lat'><strong>»</strong></span> <span class='ocrx_word' id='word_1_312' title='bbox 1785 3883 1937 3956; x_wconf 91' lang='lat' dir='ltr'><strong>quod</strong></span> <span class='ocrx_word' id='word_1_313' title='bbox 1975 3884 2145 3940; x_wconf 89' lang='lat' dir='ltr'><strong>ﬁdem</strong></span> 
     </span>
    </p>
   </div>
   <div class='ocr_carea' id='block_1_41' title="bbox 538 3973 2145 4045">
    <p class='ocr_par' dir='ltr' id='par_1_41' title="bbox 538 3973 2145 4045">
     <span class='ocr_line' id='line_1_41' title="bbox 538 3973 2145 4045; baseline -0.001 -15"><span class='ocrx_word' id='word_1_314' title='bbox 538 3973 596 4030; x_wconf 91' lang='lat' dir='ltr'><strong>in</strong></span> <span class='ocrx_word' id='word_1_315' title='bbox 649 3975 833 4030; x_wconf 91' lang='lat' dir='ltr'><strong>Deum</strong></span> <span class='ocrx_word' id='word_1_316' title='bbox 877 3973 1171 4045; x_wconf 81' lang='lat' dir='ltr'><strong>significat.</strong></span> <span class='ocrx_word' id='word_1_317' title='bbox 1225 3974 1388 4030; x_wconf 87' lang='lat' dir='ltr'><strong>Aliud</strong></span> <span class='ocrx_word' id='word_1_318' title='bbox 1432 3975 1583 4029; x_wconf 91' lang='lat' dir='ltr'><strong>enim</strong></span> <span class='ocrx_word' id='word_1_319' title='bbox 1635 3981 1718 4029; x_wconf 91' lang='lat' dir='ltr'><strong>est</strong></span> <span class='ocrx_word' id='word_1_320' title='bbox 1761 3973 1983 4029; x_wconf 87' lang='lat' dir='ltr'><strong>credere</strong></span> <span class='ocrx_word' id='word_1_321' title='bbox 2023 3973 2145 4029; x_wconf 90' lang='lat' dir='ltr'><strong>cui-</strong></span> 
     </span>
    </p>
   </div>
   <div class='ocr_carea' id='block_1_42' title="bbox 539 4061 2145 4134">
    <p class='ocr_par' dir='ltr' id='par_1_42' title="bbox 539 4061 2145 4134">
     <span class='ocr_line' id='line_1_42' title="bbox 539 4061 2145 4134; baseline 0.001 -18"><span class='ocrx_word' id='word_1_322' title='bbox 539 4061 711 4132; x_wconf 88' lang='lat' dir='ltr'><strong>piam,</strong></span> <span class='ocrx_word' id='word_1_323' title='bbox 757 4071 813 4117; x_wconf 92' lang='lat' dir='ltr'><strong>et</strong></span> <span class='ocrx_word' id='word_1_324' title='bbox 853 4062 1008 4117; x_wconf 83' lang='lat' dir='ltr'><strong>aliud</strong></span> <span class='ocrx_word' id='word_1_325' title='bbox 1053 4061 1273 4116; x_wconf 88' lang='lat' dir='ltr'><strong>credere</strong></span> <span class='ocrx_word' id='word_1_326' title='bbox 1312 4063 1368 4116; x_wconf 92' lang='lat' dir='ltr'><strong>in</strong></span> <span class='ocrx_word' id='word_1_327' title='bbox 1401 4063 1738 4134; x_wconf 86' lang='lat' dir='ltr'><strong>quempiam.</strong></span> <span class='ocrx_word' id='word_1_328' title='bbox 1778 4065 1922 4118; x_wconf 88' lang='lat' dir='ltr'><strong>Nam</strong></span> <span class='ocrx_word' id='word_1_329' title='bbox 1961 4061 2008 4118; x_wconf 91' lang='lat' dir='ltr'><strong>is</strong></span> <span class='ocrx_word' id='word_1_330' title='bbox 2050 4061 2145 4134; x_wconf 91' lang='lat' dir='ltr'><strong>qui</strong></span> 
     </span>
    </p>
   </div>
   <div class='ocr_carea' id='block_1_43' title="bbox 539 4149 2146 4222">
    <p class='ocr_par' dir='ltr' id='par_1_43' title="bbox 539 4149 2146 4222">
     <span class='ocr_line' id='line_1_43' title="bbox 539 4149 2146 4222; baseline 0.001 -17"><span class='ocrx_word' id='word_1_331' title='bbox 539 4149 712 4205; x_wconf 88' lang='lat' dir='ltr'><strong>credit</strong></span> <span class='ocrx_word' id='word_1_332' title='bbox 752 4150 934 4214; x_wconf 88' lang='lat' dir='ltr'><strong>alicui,</strong></span> <span class='ocrx_word' id='word_1_333' title='bbox 968 4158 1148 4220; x_wconf 87' lang='lat' dir='ltr'><strong>potest</strong></span> <span class='ocrx_word' id='word_1_334' title='bbox 1174 4149 1400 4220; x_wconf 89' lang='lat' dir='ltr'><strong>intelligi</strong></span> <span class='ocrx_word' id='word_1_335' title='bbox 1430 4151 1579 4222; x_wconf 91' lang='lat' dir='ltr'><strong>quod</strong></span> <span class='ocrx_word' id='word_1_336' title='bbox 1607 4151 1793 4206; x_wconf 91' lang='lat' dir='ltr'><strong>credat</strong></span> <span class='ocrx_word' id='word_1_337' title='bbox 1835 4151 1889 4205; x_wconf 92' lang='lat' dir='ltr'><strong>ei</strong></span> <span class='ocrx_word' id='word_1_338' title='bbox 1929 4157 1993 4206; x_wconf 88' lang='lat' dir='ltr'><strong>ut</strong></span> <span class='ocrx_word' id='word_1_339' title='bbox 2019 4166 2146 4207; x_wconf 91' lang='lat' dir='ltr'><strong>vera</strong></span> 
     </span>
    </p>
   </div>
   <div class='ocr_carea' id='block_1_44' title="bbox 538 4236 2143 4310">
    <p class='ocr_par' dir='ltr' id='par_1_44' title="bbox 538 4236 2143 4310">
     <span class='ocr_line' id='line_1_44' title="bbox 538 4236 2143 4310; baseline 0.002 -17"><span class='ocrx_word' id='word_1_340' title='bbox 538 4236 742 4294; x_wconf 90' lang='lat' dir='ltr'><strong>dicenti</strong></span> <span class='ocrx_word' id='word_1_341' title='bbox 796 4257 809 4293; x_wconf 86' lang='lat'><strong>:</strong></span> <span class='ocrx_word' id='word_1_342' title='bbox 841 4238 934 4310; x_wconf 92' lang='lat' dir='ltr'><strong>qui</strong></span> <span class='ocrx_word' id='word_1_343' title='bbox 984 4247 1168 4294; x_wconf 89' lang='lat' dir='ltr'><strong>autem</strong></span> <span class='ocrx_word' id='word_1_344' title='bbox 1208 4237 1387 4294; x_wconf 88' lang='lat' dir='ltr'><strong>credit</strong></span> <span class='ocrx_word' id='word_1_345' title='bbox 1427 4239 1483 4294; x_wconf 91' lang='lat' dir='ltr'><strong>in</strong></span> <span class='ocrx_word' id='word_1_346' title='bbox 1534 4239 1880 4310; x_wconf 88' lang='lat' dir='ltr'><strong>quempiam,</strong></span> <span class='ocrx_word' id='word_1_347' title='bbox 1911 4241 2143 4297; x_wconf 91' lang='lat' dir='ltr'><strong>omnino</strong></span> 
     </span>
    </p>
   </div>
   <div class='ocr_carea' id='block_1_45' title="bbox 538 4327 2145 4402">
    <p class='ocr_par' dir='ltr' id='par_1_45' title="bbox 538 4327 2145 4402">
     <span class='ocr_line' id='line_1_45' title="bbox 538 4327 2145 4402; baseline 0.001 -18"><span class='ocrx_word' id='word_1_348' title='bbox 538 4335 602 4384; x_wconf 90' lang='lat' dir='ltr'><strong>ut</strong></span> <span class='ocrx_word' id='word_1_349' title='bbox 624 4327 684 4383; x_wconf 91' lang='lat' dir='ltr'><strong>in</strong></span> <span class='ocrx_word' id='word_1_350' title='bbox 722 4331 900 4384; x_wconf 89' lang='lat' dir='ltr'><strong>Deum</strong></span> <span class='ocrx_word' id='word_1_351' title='bbox 936 4327 1131 4384; x_wconf 90' lang='lat' dir='ltr'><strong>credit.</strong></span> <span class='ocrx_word' id='word_1_352' title='bbox 1174 4327 1303 4384; x_wconf 91' lang='lat' dir='ltr'><strong>Ideo</strong></span> <span class='ocrx_word' id='word_1_353' title='bbox 1333 4335 1477 4384; x_wconf 87' lang='lat' dir='ltr'><strong>recte</strong></span> <span class='ocrx_word' id='word_1_354' title='bbox 1524 4329 1648 4400; x_wconf 90' lang='lat' dir='ltr'><strong>quis</strong></span> <span class='ocrx_word' id='word_1_355' title='bbox 1694 4328 1987 4385; x_wconf 90' lang='lat' dir='ltr'><strong>crediderit</strong></span> <span class='ocrx_word' id='word_1_356' title='bbox 2015 4345 2145 4402; x_wconf 94' lang='lat' dir='ltr'><strong>apo-</strong></span> 
     </span>
    </p>
   </div>
   <div class='ocr_carea' id='block_1_46' title="bbox 537 4417 2142 4490">
    <p class='ocr_par' dir='ltr' id='par_1_46' title="bbox 537 4417 2142 4490">
     <span class='ocr_line' id='line_1_46' title="bbox 537 4417 2142 4490; baseline 0 -14"><span class='ocrx_word' id='word_1_357' title='bbox 537 4417 714 4488; x_wconf 86' lang='lat' dir='ltr'><strong>stolis,</strong></span> <span class='ocrx_word' id='word_1_358' title='bbox 742 4425 801 4474; x_wconf 89' lang='lat' dir='ltr'><strong>at</strong></span> <span class='ocrx_word' id='word_1_359' title='bbox 822 4433 935 4473; x_wconf 92' lang='lat' dir='ltr'><strong>non</strong></span> <span class='ocrx_word' id='word_1_360' title='bbox 962 4417 1094 4475; x_wconf 85' lang='lat' dir='ltr'><strong>item</strong></span> <span class='ocrx_word' id='word_1_361' title='bbox 1125 4418 1181 4472; x_wconf 92' lang='lat' dir='ltr'><strong>in</strong></span> <span class='ocrx_word' id='word_1_362' title='bbox 1209 4419 1508 4490; x_wconf 89' lang='lat' dir='ltr'><strong>apostolos.</strong></span> <span class='ocrx_word' id='word_1_363' title='bbox 1543 4421 1849 4490; x_wconf 88' lang='lat' dir='ltr'><strong>Eapropter</strong></span> <span class='ocrx_word' id='word_1_364' title='bbox 1873 4419 2142 4476; x_wconf 90' lang='lat' dir='ltr'><strong>Dominus</strong></span> 
     </span>
    </p>
   </div>
   <div class='ocr_carea' id='block_1_47' title="bbox 2260 644 3866 729">
    <p class='ocr_par' dir='ltr' id='par_1_47' title="bbox 2260 644 3866 729">
     <span class='ocr_line' id='line_1_47' title="bbox 2260 644 3866 729; baseline 0.001 -24"><span class='ocrx_word' id='word_1_365' title='bbox 2260 646 2348 706; x_wconf 89' lang='grc' dir='ltr'><strong>τὸν</strong></span> <span class='ocrx_word' id='word_1_366' title='bbox 2379 644 2618 707; x_wconf 56' lang='grc' dir='ltr'>(Ησαίαν</span> <span class='ocrx_word' id='word_1_367' title='bbox 2642 671 2655 684; x_wconf 91' lang='grc'><strong>·</strong></span> <span class='ocrx_word' id='word_1_368' title='bbox 2694 652 2722 705; x_wconf 97' lang='lat'><strong>6</strong></span> <span class='ocrx_word' id='word_1_369' title='bbox 2751 648 2803 706; x_wconf 85' lang='grc' dir='ltr'>δὲ</span> <span class='ocrx_word' id='word_1_370' title='bbox 2841 649 3075 724; x_wconf 81' lang='grc' dir='ltr'>Παῦλος,</span> <span class='ocrx_word' id='word_1_371' title='bbox 3106 652 3200 706; x_wconf 78' lang='grc' dir='ltr'><strong>τοῦ</strong></span> <span class='ocrx_word' id='word_1_372' title='bbox 3253 648 3580 722; x_wconf 86' lang='grc' dir='ltr'>Πνεύματος.</span> <span class='ocrx_word' id='word_1_373' title='bbox 3615 649 3732 707; x_wconf 90' lang='grc' dir='ltr'>Μία</span> <span class='ocrx_word' id='word_1_374' title='bbox 3762 647 3866 729; x_wconf 79' lang='grc' dir='ltr'>ἄρα</span> 
     </span>
    </p>
   </div>
   <div class='ocr_carea' id='block_1_48' title="bbox 2268 734 3862 815">
    <p class='ocr_par' dir='ltr' id='par_1_48' title="bbox 2268 734 3862 815">
     <span class='ocr_line' id='line_1_48' title="bbox 2268 734 3862 815; baseline 0.004 -24"><span class='ocrx_word' id='word_1_375' title='bbox 2268 740 2301 806; x_wconf 83' lang='grc' dir='ltr'><strong>ἡ</strong></span> <span class='ocrx_word' id='word_1_376' title='bbox 2350 737 2474 805; x_wconf 83' lang='grc' dir='ltr'>δόξα</span> <span class='ocrx_word' id='word_1_377' title='bbox 2525 741 2619 810; x_wconf 75' lang='grc' dir='ltr'>τῆς</span> <span class='ocrx_word' id='word_1_378' title='bbox 2669 735 2822 814; x_wconf 82' lang='grc' dir='ltr'>ἁγίας</span> <span class='ocrx_word' id='word_1_379' title='bbox 2851 737 3099 812; x_wconf 86' lang='grc' dir='ltr'>Τριάδος,</span> <span class='ocrx_word' id='word_1_380' title='bbox 3149 739 3182 808; x_wconf 86' lang='grc' dir='ltr'>ἡ</span> <span class='ocrx_word' id='word_1_381' title='bbox 3231 741 3323 795; x_wconf 77' lang='grc' dir='ltr'><strong>τοῦ</strong></span> <span class='ocrx_word' id='word_1_382' title='bbox 3378 734 3590 815; x_wconf 88' lang='grc' dir='ltr'>Πατρὸς</span> <span class='ocrx_word' id='word_1_383' title='bbox 3623 735 3714 795; x_wconf 84' lang='grc' dir='ltr'><strong>καὶ</strong></span> <span class='ocrx_word' id='word_1_384' title='bbox 3769 744 3862 797; x_wconf 74' lang='grc' dir='ltr'>τοῦ</span> 
     </span>
    </p>
   </div>
   <div class='ocr_carea' id='block_1_49' title="bbox 2272 825 3868 906">
    <p class='ocr_par' dir='ltr' id='par_1_49' title="bbox 2272 825 3868 906">
     <span class='ocr_line' id='line_1_49' title="bbox 2272 825 3868 906; baseline 0 -20"><span class='ocrx_word' id='word_1_385' title='bbox 2272 827 2420 900; x_wconf 80' lang='grc' dir='ltr'>Υἶοῦ,</span> <span class='ocrx_word' id='word_1_386' title='bbox 2452 827 2485 898; x_wconf 83' lang='grc' dir='ltr'><strong>ἥ</strong></span> <span class='ocrx_word' id='word_1_387' title='bbox 2525 851 2580 884; x_wconf 84' lang='grc' dir='ltr'><strong>τε</strong></span> <span class='ocrx_word' id='word_1_388' title='bbox 2605 831 2698 886; x_wconf 77' lang='grc' dir='ltr'><strong>τοῦ</strong></span> <span class='ocrx_word' id='word_1_389' title='bbox 2725 825 2877 905; x_wconf 84' lang='grc' dir='ltr'>ἆγίου</span> <span class='ocrx_word' id='word_1_390' title='bbox 2911 825 3228 902; x_wconf 86' lang='grc' dir='ltr'>Πνεύματός</span> <span class='ocrx_word' id='word_1_391' title='bbox 3261 827 3395 885; x_wconf 82' lang='grc' dir='ltr'>ἐστι.</span> <span class='ocrx_word' id='word_1_392' title='bbox 3432 826 3602 894; x_wconf 79' lang='grc' dir='ltr'>Δόξαν</span> <span class='ocrx_word' id='word_1_393' title='bbox 3635 826 3689 886; x_wconf 81' lang='grc' dir='ltr'>δὲ</span> <span class='ocrx_word' id='word_1_394' title='bbox 3722 825 3868 906; x_wconf 83' lang='grc' dir='ltr'><strong>λέγει</strong></span> 
     </span>
    </p>
   </div>
   <div class='ocr_carea' id='block_1_50' title="bbox 2269 911 3866 994">
    <p class='ocr_par' dir='ltr' id='par_1_50' title="bbox 2269 911 3866 994">
     <span class='ocr_line' id='line_1_50' title="bbox 2269 911 3866 994; baseline 0.001 -21"><span class='ocrx_word' id='word_1_395' title='bbox 2269 918 2395 975; x_wconf 76' lang='grc' dir='ltr'>ἰδεῖν</span> <span class='ocrx_word' id='word_1_396' title='bbox 2442 915 2532 974; x_wconf 86' lang='grc' dir='ltr'><strong>τὸν</strong></span> <span class='ocrx_word' id='word_1_397' title='bbox 2558 911 2791 976; x_wconf 76' lang='grc' dir='ltr'>Ἡσαΐαν</span> <span class='ocrx_word' id='word_1_398' title='bbox 2821 915 2908 974; x_wconf 85' lang='grc' dir='ltr'><strong>τὸν</strong></span> <span class='ocrx_word' id='word_1_399' title='bbox 2938 915 3140 974; x_wconf 88' lang='grc' dir='ltr'>καπνὸν</span> <span class='ocrx_word' id='word_1_400' title='bbox 3182 916 3399 989; x_wconf 80' lang='grc' dir='ltr'>ἐκεῖνον,</span> <span class='ocrx_word' id='word_1_401' title='bbox 3429 914 3485 973; x_wconf 86' lang='grc' dir='ltr'>ὃν</span> <span class='ocrx_word' id='word_1_402' title='bbox 3537 916 3866 994; x_wconf 82' lang='grc' dir='ltr'>ἐφαντάσθη,</span> 
     </span>
    </p>
   </div>
   <div class='ocr_carea' id='block_1_51' title="bbox 2268 1003 3869 1098">
    <p class='ocr_par' dir='ltr' id='par_1_51' title="bbox 2268 1003 3869 1098">
     <span class='ocr_line' id='line_1_51' title="bbox 2268 1003 3869 1098; baseline 0.001 -34"><span class='ocrx_word' id='word_1_403' title='bbox 2268 1005 2336 1064; x_wconf 79' lang='grc' dir='ltr'>τὰ</span> <span class='ocrx_word' id='word_1_404' title='bbox 2383 1007 2681 1098; x_wconf 48' lang='grc' dir='ltr'>Σεραῗεὶμ,</span> <span class='ocrx_word' id='word_1_405' title='bbox 2720 1003 2841 1098; x_wconf 64' lang='grc' dir='ltr'>τοὺς</span> <span class='ocrx_word' id='word_1_406' title='bbox 2881 1004 3182 1085; x_wconf 86' lang='grc' dir='ltr'>ἄνθρακας,</span> <span class='ocrx_word' id='word_1_407' title='bbox 3211 1003 3272 1063; x_wconf 92' lang='grc' dir='ltr'><strong>τὸ</strong></span> <span class='ocrx_word' id='word_1_408' title='bbox 3321 1006 3719 1086; x_wconf 80' lang='grc' dir='ltr'><strong>θυσιαστήριον,</strong></span> <span class='ocrx_word' id='word_1_409' title='bbox 3774 1005 3869 1066; x_wconf 87' lang='grc' dir='ltr'><strong>τὸν</strong></span> 
     </span>
    </p>
   </div>
   <div class='ocr_carea' id='block_1_52' title="bbox 2269 1085 3867 1174">
    <p class='ocr_par' dir='ltr' id='par_1_52' title="bbox 2269 1085 3867 1174">
     <span class='ocr_line' id='line_1_52' title="bbox 2269 1085 3867 1174; baseline 0.002 -21"><span class='ocrx_word' id='word_1_410' title='bbox 2269 1085 2473 1174; x_wconf 56' lang='grc' dir='ltr'>θρόνονξ</span> <span class='ocrx_word' id='word_1_411' title='bbox 2509 1085 2665 1154; x_wconf 66' lang='grc' dir='ltr'>Εἷδεν</span> <span class='ocrx_word' id='word_1_412' title='bbox 2707 1085 2796 1154; x_wconf 64' lang='grc' dir='ltr'><strong>οὖν</strong></span> <span class='ocrx_word' id='word_1_413' title='bbox 2835 1097 2864 1151; x_wconf 86' lang='lat'><strong>6</strong></span> <span class='ocrx_word' id='word_1_414' title='bbox 2911 1093 3141 1161; x_wconf 82' lang='grc' dir='ltr'>Ἡσαΐας</span> <span class='ocrx_word' id='word_1_415' title='bbox 3180 1092 3382 1166; x_wconf 90' lang='grc' dir='ltr'>ταύτην</span> <span class='ocrx_word' id='word_1_416' title='bbox 3432 1093 3528 1159; x_wconf 78' lang='grc' dir='ltr'>τὴν</span> <span class='ocrx_word' id='word_1_417' title='bbox 3560 1085 3738 1170; x_wconf 81' lang='grc' dir='ltr'>δόξαν,</span> <span class='ocrx_word' id='word_1_418' title='bbox 3770 1095 3867 1156; x_wconf 71' lang='grc' dir='ltr'>καὶ</span> 
     </span>
    </p>
   </div>
   <div class='ocr_carea' id='block_1_53' title="bbox 2271 1182 3867 1264">
    <p class='ocr_par' dir='ltr' id='par_1_53' title="bbox 2271 1182 3867 1264">
     <span class='ocr_line' id='line_1_53' title="bbox 2271 1182 3867 1264; baseline 0.001 -23"><span class='ocrx_word' id='word_1_419' title='bbox 2271 1185 2497 1257; x_wconf 81' lang='grc' dir='ltr'>ἐλάλησε</span> <span class='ocrx_word' id='word_1_420' title='bbox 2527 1182 2650 1264; x_wconf 79' lang='grc' dir='ltr'>περὶ</span> <span class='ocrx_word' id='word_1_421' title='bbox 2681 1185 2862 1260; x_wconf 78' lang='grc' dir='ltr'>αὐτοῦ,</span> <span class='ocrx_word' id='word_1_422' title='bbox 2893 1188 2985 1241; x_wconf 82' lang='grc' dir='ltr'><strong>τοῦ</strong></span> <span class='ocrx_word' id='word_1_423' title='bbox 3013 1185 3144 1244; x_wconf 77' lang='grc' dir='ltr'>Υἱοῦ</span> <span class='ocrx_word' id='word_1_424' title='bbox 3181 1183 3410 1256; x_wconf 86' lang='grc' dir='ltr'>δηλαδή.</span> <span class='ocrx_word' id='word_1_425' title='bbox 3446 1182 3519 1243; x_wconf 85' lang='grc' dir='ltr'><strong>Τί</strong></span> <span class='ocrx_word' id='word_1_426' title='bbox 3546 1183 3598 1242; x_wconf 85' lang='grc' dir='ltr'>δὲ</span> <span class='ocrx_word' id='word_1_427' title='bbox 3633 1183 3867 1256; x_wconf 84' lang='grc' dir='ltr'>ἐλάλησε</span> 
     </span>
    </p>
   </div>
   <div class='ocr_carea' id='block_1_54' title="bbox 2270 1271 3865 1354">
    <p class='ocr_par' dir='ltr' id='par_1_54' title="bbox 2270 1271 3865 1354">
     <span class='ocr_line' id='line_1_54' title="bbox 2270 1271 3865 1354; baseline 0.001 -22"><span class='ocrx_word' id='word_1_428' title='bbox 2270 1274 2391 1353; x_wconf 84' lang='grc' dir='ltr'>περὶ</span> <span class='ocrx_word' id='word_1_429' title='bbox 2440 1275 2634 1349; x_wconf 75' lang='grc' dir='ltr'>αὐτοῦς</span> <span class='ocrx_word' id='word_1_430' title='bbox 2682 1272 2770 1333; x_wconf 82' lang='grc' dir='ltr'>Τὰ</span> <span class='ocrx_word' id='word_1_431' title='bbox 2817 1272 2927 1332; x_wconf 81' lang='grc' dir='ltr'>ἄνω</span> <span class='ocrx_word' id='word_1_432' title='bbox 2978 1271 3266 1352; x_wconf 76' lang='grc' dir='ltr'>εἰρημένα·</span> <span class='ocrx_word' id='word_1_433' title='bbox 3303 1299 3326 1326; x_wconf 77' lang='grc' dir='ltr'><strong>α</strong></span> <span class='ocrx_word' id='word_1_434' title='bbox 3371 1271 3503 1332; x_wconf 65' lang='lat' dir='ltr'><strong>&quot;Ott</strong></span> <span class='ocrx_word' id='word_1_435' title='bbox 3532 1271 3865 1354; x_wconf 79' lang='grc' dir='ltr'>τετύφλωκεν</span> 
     </span>
    </p>
   </div>
   <div class='ocr_carea' id='block_1_55' title="bbox 2271 1358 3869 1442">
    <p class='ocr_par' dir='ltr' id='par_1_55' title="bbox 2271 1358 3869 1442">
     <span class='ocr_line' id='line_1_55' title="bbox 2271 1358 3869 1442; baseline 0.001 -22"><span class='ocrx_word' id='word_1_436' title='bbox 2271 1365 2442 1422; x_wconf 81' lang='grc' dir='ltr'>αὐτῶν</span> <span class='ocrx_word' id='word_1_437' title='bbox 2493 1361 2610 1430; x_wconf 78' lang='grc' dir='ltr'>τοὺς</span> <span class='ocrx_word' id='word_1_438' title='bbox 2655 1361 2982 1442; x_wconf 72' lang='grc' dir='ltr'>ὀφθαλμοὺς,</span> <span class='ocrx_word' id='word_1_439' title='bbox 3034 1361 3127 1422; x_wconf 83' lang='grc' dir='ltr'><strong>καὶ</strong></span> <span class='ocrx_word' id='word_1_440' title='bbox 3177 1358 3505 1442; x_wconf 82' lang='grc' dir='ltr'>πεπώρωκεν</span> <span class='ocrx_word' id='word_1_441' title='bbox 3553 1363 3726 1421; x_wconf 78' lang='grc' dir='ltr'>αὐτῶν</span> <span class='ocrx_word' id='word_1_442' title='bbox 3771 1362 3869 1431; x_wconf 84' lang='grc' dir='ltr'>τὰς</span> 
     </span>
    </p>
   </div>
   <div class='ocr_carea' id='block_1_56' title="bbox 2269 1450 3868 1531">
    <p class='ocr_par' dir='ltr' id='par_1_56' title="bbox 2269 1450 3868 1531">
     <span class='ocr_line' id='line_1_56' title="bbox 2269 1450 3868 1531; baseline 0.001 -21"><span class='ocrx_word' id='word_1_443' title='bbox 2269 1452 2491 1531; x_wconf 84' lang='grc' dir='ltr'>καρδίας</span> <span class='ocrx_word' id='word_1_444' title='bbox 2573 1479 2598 1505; x_wconf 67' lang='grc' dir='ltr'><strong>υ</strong></span> <span class='ocrx_word' id='word_1_445' title='bbox 2649 1450 3100 1527; x_wconf 85' lang='grc' dir='ltr'>Ἐπισημαίνεται</span> <span class='ocrx_word' id='word_1_446' title='bbox 3154 1452 3210 1510; x_wconf 85' lang='grc' dir='ltr'>δὲ</span> <span class='ocrx_word' id='word_1_447' title='bbox 3265 1455 3292 1510; x_wconf 91' lang='lat'><strong>6</strong></span> <span class='ocrx_word' id='word_1_448' title='bbox 3325 1453 3726 1529; x_wconf 76' lang='grc' dir='ltr'>εὐαγγελιστῆς,</span> <span class='ocrx_word' id='word_1_449' title='bbox 3784 1451 3868 1511; x_wconf 81' lang='grc' dir='ltr'>ὅτι</span> 
     </span>
    </p>
   </div>
   <div class='ocr_carea' id='block_1_57' title="bbox 2280 1540 3863 1620">
    <p class='ocr_par' dir='ltr' id='par_1_57' title="bbox 2280 1540 3863 1620">
     <span class='ocr_line' id='line_1_57' title="bbox 2280 1540 3863 1620; baseline -0.003 -20"><span class='ocrx_word' id='word_1_450' title='bbox 2280 1563 2308 1600; x_wconf 89' lang='grc' dir='ltr'>(ι</span> <span class='ocrx_word' id='word_1_451' title='bbox 2337 1540 2448 1602; x_wconf 81' lang='grc' dir='ltr'><strong>Καὶ</strong></span> <span class='ocrx_word' id='word_1_452' title='bbox 2471 1543 2530 1600; x_wconf 80' lang='grc' dir='ltr'>ἐκ</span> <span class='ocrx_word' id='word_1_453' title='bbox 2549 1544 2652 1600; x_wconf 89' lang='grc' dir='ltr'><strong>τῶν</strong></span> <span class='ocrx_word' id='word_1_454' title='bbox 2677 1542 2948 1620; x_wconf 85' lang='grc' dir='ltr'><strong>ἀρχόντων</strong></span> <span class='ocrx_word' id='word_1_455' title='bbox 2971 1540 3162 1600; x_wconf 76' lang='grc' dir='ltr'>πολλοὶ</span> <span class='ocrx_word' id='word_1_456' title='bbox 3187 1540 3506 1601; x_wconf 82' lang='grc' dir='ltr'>ἐπίστευσαν</span> <span class='ocrx_word' id='word_1_457' title='bbox 3531 1544 3604 1608; x_wconf 81' lang='grc' dir='ltr'>εἰς</span> <span class='ocrx_word' id='word_1_458' title='bbox 3629 1541 3809 1613; x_wconf 79' lang='grc' dir='ltr'>αὐτὸν,</span> <span class='ocrx_word' id='word_1_459' title='bbox 3838 1569 3863 1595; x_wconf 75' lang='grc' dir='ltr'>ι</span> 
     </span>
    </p>
   </div>
   <div class='ocr_carea' id='block_1_58' title="bbox 2270 1629 3866 1712">
    <p class='ocr_par' dir='ltr' id='par_1_58' title="bbox 2270 1629 3866 1712">
     <span class='ocr_line' id='line_1_58' title="bbox 2270 1629 3866 1712; baseline 0.001 -22"><span class='ocrx_word' id='word_1_460' title='bbox 2270 1631 2518 1690; x_wconf 82' lang='grc' dir='ltr'>δεικνύων</span> <span class='ocrx_word' id='word_1_461' title='bbox 2569 1631 2649 1690; x_wconf 75' lang='grc' dir='ltr'>ὅτι</span> <span class='ocrx_word' id='word_1_462' title='bbox 2700 1630 2791 1689; x_wconf 79' lang='grc' dir='ltr'>καὶ</span> <span class='ocrx_word' id='word_1_463' title='bbox 2842 1632 2896 1688; x_wconf 84' lang='grc' dir='ltr'>ἐν</span> <span class='ocrx_word' id='word_1_464' title='bbox 2944 1629 3117 1712; x_wconf 85' lang='grc' dir='ltr'>τούτῳ</span> <span class='ocrx_word' id='word_1_465' title='bbox 3171 1629 3463 1710; x_wconf 79' lang='grc' dir='ltr'>ἐψεύσαντο</span> <span class='ocrx_word' id='word_1_466' title='bbox 3491 1631 3539 1690; x_wconf 75' lang='grc' dir='ltr'>οἱ</span> <span class='ocrx_word' id='word_1_467' title='bbox 3569 1632 3866 1711; x_wconf 84' lang='grc' dir='ltr'>Φαρισαῖοι</span> 
     </span>
    </p>
   </div>
   <div class='ocr_carea' id='block_1_59' title="bbox 2267 1718 3866 1800">
    <p class='ocr_par' dir='ltr' id='par_1_59' title="bbox 2267 1718 3866 1800">
     <span class='ocr_line' id='line_1_59' title="bbox 2267 1718 3866 1800; baseline -0.001 -20"><span class='ocrx_word' id='word_1_468' title='bbox 2267 1721 2526 1787; x_wconf 79' lang='grc' dir='ltr'>εἰπόντεςο</span> <span class='ocrx_word' id='word_1_469' title='bbox 2581 1742 2611 1778; x_wconf 83' lang='grc' dir='ltr'><strong>ιι</strong></span> <span class='ocrx_word' id='word_1_470' title='bbox 2671 1718 2766 1791; x_wconf 84' lang='grc' dir='ltr'><strong>Μή</strong></span> <span class='ocrx_word' id='word_1_471' title='bbox 2821 1743 2897 1786; x_wconf 88' lang='grc' dir='ltr'><strong>τις</strong></span> <span class='ocrx_word' id='word_1_472' title='bbox 2947 1725 3053 1779; x_wconf 86' lang='grc' dir='ltr'><strong>τῶν</strong></span> <span class='ocrx_word' id='word_1_473' title='bbox 3107 1721 3380 1800; x_wconf 78' lang='grc' dir='ltr'>ἀρχόντων</span> <span class='ocrx_word' id='word_1_474' title='bbox 3431 1721 3737 1780; x_wconf 82' lang='grc' dir='ltr'>ἐπίστευσεν</span> <span class='ocrx_word' id='word_1_475' title='bbox 3793 1723 3866 1790; x_wconf 86' lang='grc' dir='ltr'><strong>εἷς</strong></span> 
     </span>
    </p>
   </div>
   <div class='ocr_carea' id='block_1_60' title="bbox 2273 1807 3868 1891">
    <p class='ocr_par' dir='ltr' id='par_1_60' title="bbox 2273 1807 3868 1891">
     <span class='ocr_line' id='line_1_60' title="bbox 2273 1807 3868 1891; baseline 0 -23"><span class='ocrx_word' id='word_1_476' title='bbox 2273 1809 2460 1884; x_wconf 61' lang='lat' dir='ltr'><strong>ain-6v;</strong></span> <span class='ocrx_word' id='word_1_477' title='bbox 2499 1837 2524 1863; x_wconf 81' lang='lat'><strong>»</strong></span> <span class='ocrx_word' id='word_1_478' title='bbox 2562 1807 2698 1868; x_wconf 79' lang='grc' dir='ltr'>Ἰδοὺ</span> <span class='ocrx_word' id='word_1_479' title='bbox 2732 1808 2833 1891; x_wconf 79' lang='grc' dir='ltr'><strong>γὰρ</strong></span> <span class='ocrx_word' id='word_1_480' title='bbox 2891 1809 3133 1868; x_wconf 79' lang='grc' dir='ltr'>«πολλοὶ</span> <span class='ocrx_word' id='word_1_481' title='bbox 3165 1810 3484 1869; x_wconf 82' lang='grc' dir='ltr'>ἐπίστευσαν</span> <span class='ocrx_word' id='word_1_482' title='bbox 3515 1810 3608 1868; x_wconf 78' lang='grc' dir='ltr'>καὶ</span> <span class='ocrx_word' id='word_1_483' title='bbox 3636 1814 3742 1869; x_wconf 89' lang='grc' dir='ltr'><strong>τῶν</strong></span> <span class='ocrx_word' id='word_1_484' title='bbox 3775 1812 3868 1891; x_wconf 68' lang='grc' dir='ltr'>ἀρα</span> 
     </span>
    </p>
   </div>
   <div class='ocr_carea' id='block_1_61' title="bbox 1644 1896 3861 1980">
    <p class='ocr_par' dir='ltr' id='par_1_61' title="bbox 1644 1896 3861 1980">
     <span class='ocr_line' id='line_1_61' title="bbox 1644 1896 3861 1980; baseline 0.004 -26"><span class='ocrx_word' id='word_1_485' title='bbox 1644 1922 1670 1947; x_wconf 76' lang='grc' dir='ltr'><strong>ι</strong></span> <span class='ocrx_word' id='word_1_486' title='bbox 1717 1896 2009 1967; x_wconf 87' lang='lat' dir='ltr'><strong>Quomodo</strong></span> <span class='ocrx_word' id='word_1_487' title='bbox 2053 1913 2153 1968; x_wconf 93' lang='lat' dir='ltr'><strong>po-</strong></span> <span class='ocrx_word' id='word_1_488' title='bbox 2188 1905 2236 1966; x_wconf 88' lang='grc' dir='ltr'><strong>Β</strong></span> <span class='ocrx_word' id='word_1_489' title='bbox 2267 1899 2490 1978; x_wconf 78' lang='grc' dir='ltr'>χόντων,</span> <span class='ocrx_word' id='word_1_490' title='bbox 2535 1898 2675 1958; x_wconf 81' lang='grc' dir='ltr'>ἀλλὰ</span> <span class='ocrx_word' id='word_1_491' title='bbox 2721 1899 2806 1958; x_wconf 80' lang='grc' dir='ltr'>διὰ</span> <span class='ocrx_word' id='word_1_492' title='bbox 2852 1898 2971 1966; x_wconf 79' lang='grc' dir='ltr'>τοὺς</span> <span class='ocrx_word' id='word_1_493' title='bbox 3016 1899 3349 1979; x_wconf 85' lang='grc' dir='ltr'>Φαρισαίους</span> <span class='ocrx_word' id='word_1_494' title='bbox 3379 1901 3479 1980; x_wconf 78' lang='grc' dir='ltr'>οὐχ</span> <span class='ocrx_word' id='word_1_495' title='bbox 3527 1900 3861 1978; x_wconf 82' lang='grc' dir='ltr'>ὡμολόγουν.</span> 
     </span>
    </p>
   </div>
   <div class='ocr_carea' id='block_1_62' title="bbox 2264 1987 3864 2070">
    <p class='ocr_par' dir='ltr' id='par_1_62' title="bbox 2264 1987 3864 2070">
     <span class='ocr_line' id='line_1_62' title="bbox 2264 1987 3864 2070; baseline 0 -20"><span class='ocrx_word' id='word_1_496' title='bbox 2264 1989 2589 2068; x_wconf 86' lang='grc' dir='ltr'>Ἠγάπησαν</span> <span class='ocrx_word' id='word_1_497' title='bbox 2640 1988 2743 2070; x_wconf 79' lang='grc' dir='ltr'>γὰρ</span> <span class='ocrx_word' id='word_1_498' title='bbox 2789 1989 2884 2062; x_wconf 83' lang='grc' dir='ltr'>τὴν</span> <span class='ocrx_word' id='word_1_499' title='bbox 2924 1987 3076 2057; x_wconf 83' lang='grc' dir='ltr'>δόξαν</span> <span class='ocrx_word' id='word_1_500' title='bbox 3123 1992 3229 2048; x_wconf 89' lang='grc' dir='ltr'><strong>τῶν</strong></span> <span class='ocrx_word' id='word_1_501' title='bbox 3261 1989 3578 2070; x_wconf 85' lang='grc' dir='ltr'>ἀνθρώπων.</span> <span class='ocrx_word' id='word_1_502' title='bbox 3617 2016 3642 2043; x_wconf 74' lang='grc' dir='ltr'><strong>ι</strong></span> <span class='ocrx_word' id='word_1_503' title='bbox 3691 1993 3864 2051; x_wconf 81' lang='grc' dir='ltr'>Τοῦτο</span> 
     </span>
    </p>
   </div>
   <div class='ocr_carea' id='block_1_63' title="bbox 2265 2077 3863 2158">
    <p class='ocr_par' dir='ltr' id='par_1_63' title="bbox 2265 2077 3863 2158">
     <span class='ocr_line' id='line_1_63' title="bbox 2265 2077 3863 2158; baseline 0.002 -21"><span class='ocrx_word' id='word_1_504' title='bbox 2265 2079 2321 2137; x_wconf 87' lang='grc' dir='ltr'>δὲ</span> <span class='ocrx_word' id='word_1_505' title='bbox 2350 2078 2441 2138; x_wconf 78' lang='grc' dir='ltr'>καὶ</span> <span class='ocrx_word' id='word_1_506' title='bbox 2472 2083 2499 2137; x_wconf 90' lang='lat'><strong>6</strong></span> <span class='ocrx_word' id='word_1_507' title='bbox 2527 2078 2758 2157; x_wconf 88' lang='grc' dir='ltr'>Χριστὸς</span> <span class='ocrx_word' id='word_1_508' title='bbox 2787 2081 2960 2146; x_wconf 81' lang='grc' dir='ltr'>αὐτοῖς</span> <span class='ocrx_word' id='word_1_509' title='bbox 2988 2086 3272 2158; x_wconf 85' lang='grc' dir='ltr'><strong>προεῖπεν,</strong></span> <span class='ocrx_word' id='word_1_510' title='bbox 3304 2077 3386 2138; x_wconf 77' lang='grc' dir='ltr'>ὅτι</span> <span class='ocrx_word' id='word_1_511' title='bbox 3424 2101 3452 2136; x_wconf 75' lang='grc' dir='ltr'><strong>ιι</strong></span> <span class='ocrx_word' id='word_1_512' title='bbox 3488 2081 3612 2146; x_wconf 90' lang='grc' dir='ltr'><strong>Πῶς</strong></span> <span class='ocrx_word' id='word_1_513' title='bbox 3637 2079 3863 2140; x_wconf 85' lang='grc' dir='ltr'>δύνασθε</span> 
     </span>
    </p>
   </div>
   <div class='ocr_carea' id='block_1_64' title="bbox 2265 2166 3864 2248">
    <p class='ocr_par' dir='ltr' id='par_1_64' title="bbox 2265 2166 3864 2248">
     <span class='ocr_line' id='line_1_64' title="bbox 2265 2166 3864 2248; baseline 0 -20"><span class='ocrx_word' id='word_1_514' title='bbox 2265 2167 2570 2241; x_wconf 86' lang='grc' dir='ltr'>πιστεύειν,</span> <span class='ocrx_word' id='word_1_515' title='bbox 2617 2168 2770 2237; x_wconf 79' lang='grc' dir='ltr'>δόξαν</span> <span class='ocrx_word' id='word_1_516' title='bbox 2808 2168 2958 2247; x_wconf 77' lang='grc' dir='ltr'>παρὰ</span> <span class='ocrx_word' id='word_1_517' title='bbox 3014 2166 3305 2248; x_wconf 86' lang='grc' dir='ltr'>ἀνθρώπων</span> <span class='ocrx_word' id='word_1_518' title='bbox 3336 2169 3723 2247; x_wconf 84' lang='grc' dir='ltr'>λαμϐάνοντες,</span> <span class='ocrx_word' id='word_1_519' title='bbox 3766 2168 3864 2242; x_wconf 83' lang='grc' dir='ltr'><strong>τὴν</strong></span> 
     </span>
    </p>
   </div>
   <div class='ocr_carea' id='block_1_65' title="bbox 2268 2256 3860 2341">
    <p class='ocr_par' dir='ltr' id='par_1_65' title="bbox 2268 2256 3860 2341">
     <span class='ocr_line' id='line_1_65' title="bbox 2268 2256 3860 2341; baseline -0.001 -25"><span class='ocrx_word' id='word_1_520' title='bbox 2268 2257 2321 2316; x_wconf 84' lang='grc' dir='ltr'>δὲ</span> <span class='ocrx_word' id='word_1_521' title='bbox 2345 2257 2496 2326; x_wconf 77' lang='grc' dir='ltr'>δόξαν</span> <span class='ocrx_word' id='word_1_522' title='bbox 2528 2256 2625 2329; x_wconf 78' lang='grc' dir='ltr'><strong>τὴν</strong></span> <span class='ocrx_word' id='word_1_523' title='bbox 2639 2257 2796 2341; x_wconf 63' lang='grc' dir='ltr'>παρὰ</span> <span class='ocrx_word' id='word_1_524' title='bbox 2823 2263 2914 2316; x_wconf 79' lang='grc' dir='ltr'>τοῦ</span> <span class='ocrx_word' id='word_1_525' title='bbox 2944 2257 3104 2334; x_wconf 89' lang='grc' dir='ltr'>μόνου</span> <span class='ocrx_word' id='word_1_526' title='bbox 3129 2261 3271 2319; x_wconf 79' lang='grc' dir='ltr'>Θεοῦ</span> <span class='ocrx_word' id='word_1_527' title='bbox 3299 2261 3607 2326; x_wconf 74' lang='grc' dir='ltr'>ἀθετοῦντες</span> <span class='ocrx_word' id='word_1_528' title='bbox 3640 2261 3758 2341; x_wconf 85' lang='grc'>(33)</span> <span class='ocrx_word' id='word_1_529' title='bbox 3787 2281 3802 2333; x_wconf 88' lang='lat'><strong>;</strong></span> <span class='ocrx_word' id='word_1_530' title='bbox 3836 2289 3860 2314; x_wconf 74' lang='grc' dir='ltr'><strong><em>ι</em></strong></span> 
     </span>
    </p>
   </div>
   <div class='ocr_carea' id='block_1_66' title="bbox 2265 2338 3864 2429">
    <p class='ocr_par' dir='ltr' id='par_1_66' title="bbox 2265 2338 3864 2429">
     <span class='ocr_line' id='line_1_66' title="bbox 2265 2338 3864 2429; baseline 0 -21"><span class='ocrx_word' id='word_1_531' title='bbox 2265 2347 2540 2408; x_wconf 84' lang='grc' dir='ltr'>Δείχνυσιν</span> <span class='ocrx_word' id='word_1_532' title='bbox 2608 2338 2696 2406; x_wconf 65' lang='grc' dir='ltr'>οὖν</span> <span class='ocrx_word' id='word_1_533' title='bbox 2761 2351 2789 2406; x_wconf 93' lang='lat'><strong>6</strong></span> <span class='ocrx_word' id='word_1_534' title='bbox 2866 2347 3250 2427; x_wconf 84' lang='grc' dir='ltr'>εὖαγγελιστὴς</span> <span class='ocrx_word' id='word_1_535' title='bbox 3327 2354 3484 2408; x_wconf 77' lang='grc' dir='ltr'>τοῦτο</span> <span class='ocrx_word' id='word_1_536' title='bbox 3557 2349 3864 2429; x_wconf 79' lang='grc' dir='ltr'>πάσχοντας</span> 
     </span>
    </p>
   </div>
   <div class='ocr_carea' id='block_1_67' title="bbox 2264 2435 3860 2519">
    <p class='ocr_par' dir='ltr' id='par_1_67' title="bbox 2264 2435 3860 2519">
     <span class='ocr_line' id='line_1_67' title="bbox 2264 2435 3860 2519; baseline 0.001 -24"><span class='ocrx_word' id='word_1_537' title='bbox 2264 2436 2488 2519; x_wconf 66' lang='grc' dir='ltr'>αὖτοὸς,</span> <span class='ocrx_word' id='word_1_538' title='bbox 2531 2435 2559 2496; x_wconf 84' lang='grc' dir='ltr'>ὃ</span> <span class='ocrx_word' id='word_1_539' title='bbox 2618 2441 2866 2517; x_wconf 86' lang='grc' dir='ltr'>προεῖπεν</span> <span class='ocrx_word' id='word_1_540' title='bbox 2917 2438 3093 2504; x_wconf 85' lang='grc' dir='ltr'>αὐτοῖς</span> <span class='ocrx_word' id='word_1_541' title='bbox 3135 2443 3162 2496; x_wconf 92' lang='lat'><strong>6</strong></span> <span class='ocrx_word' id='word_1_542' title='bbox 3209 2437 3457 2517; x_wconf 87' lang='grc' dir='ltr'>Χριστός.</span> <span class='ocrx_word' id='word_1_543' title='bbox 3513 2438 3700 2505; x_wconf 80' lang='grc' dir='ltr'>Οὕτως</span> <span class='ocrx_word' id='word_1_544' title='bbox 3753 2439 3860 2519; x_wconf 80' lang='grc' dir='ltr'>ἄρα</span> 
     </span>
    </p>
   </div>
   <div class='ocr_carea' id='block_1_68' title="bbox 2264 2517 3866 2608">
    <p class='ocr_par' dir='ltr' id='par_1_68' title="bbox 2264 2517 3866 2608">
     <span class='ocr_line' id='line_1_68' title="bbox 2264 2517 3866 2608; baseline 0.001 -24"><span class='ocrx_word' id='word_1_545' title='bbox 2264 2527 2360 2585; x_wconf 81' lang='grc' dir='ltr'>οὐκ</span> <span class='ocrx_word' id='word_1_546' title='bbox 2388 2517 2524 2598; x_wconf 69' lang='grc' dir='ltr'>ἦσαν</span> <span class='ocrx_word' id='word_1_547' title='bbox 2559 2526 2837 2607; x_wconf 81' lang='grc' dir='ltr'>ἄρχοντες,</span> <span class='ocrx_word' id='word_1_548' title='bbox 2873 2525 3015 2585; x_wconf 81' lang='grc' dir='ltr'>ἀλλὰ</span> <span class='ocrx_word' id='word_1_549' title='bbox 3050 2527 3263 2608; x_wconf 59' lang='grc' dir='ltr'>δοῦλοι,</span> <span class='ocrx_word' id='word_1_550' title='bbox 3291 2527 3533 2587; x_wconf 85' lang='grc' dir='ltr'>δουλείαν</span> <span class='ocrx_word' id='word_1_551' title='bbox 3563 2528 3659 2600; x_wconf 81' lang='grc' dir='ltr'><strong>τὴν</strong></span> <span class='ocrx_word' id='word_1_552' title='bbox 3699 2517 3866 2608; x_wconf 78' lang='grc' dir='ltr'>ἐσχά-</span> 
     </span>
    </p>
   </div>
   <div class='ocr_carea' id='block_1_69' title="bbox 2262 2607 3865 2696">
    <p class='ocr_par' dir='ltr' id='par_1_69' title="bbox 2262 2607 3865 2696">
     <span class='ocr_line' id='line_1_69' title="bbox 2262 2607 3865 2696; baseline 0.002 -22"><span class='ocrx_word' id='word_1_553' title='bbox 2262 2640 2358 2690; x_wconf 90' lang='grc' dir='ltr'>την</span> <span class='ocrx_word' id='word_1_554' title='bbox 2411 2616 2763 2684; x_wconf 84' lang='grc' dir='ltr'>δουλεύοντες.</span> <span class='ocrx_word' id='word_1_555' title='bbox 2823 2615 2926 2677; x_wconf 85' lang='grc' dir='ltr'>Ἐκ</span> <span class='ocrx_word' id='word_1_556' title='bbox 2974 2617 3163 2676; x_wconf 84' lang='grc' dir='ltr'>τούτου</span> <span class='ocrx_word' id='word_1_557' title='bbox 3218 2607 3307 2676; x_wconf 66' lang='grc' dir='ltr'><strong>οὖν</strong></span> <span class='ocrx_word' id='word_1_558' title='bbox 3366 2617 3727 2696; x_wconf 85' lang='grc' dir='ltr'>μανθάνομεν,</span> <span class='ocrx_word' id='word_1_559' title='bbox 3781 2617 3865 2678; x_wconf 76' lang='grc' dir='ltr'>ὅτι</span> 
     </span>
    </p>
   </div>
   <div class='ocr_carea' id='block_1_70' title="bbox 2267 2704 3540 2789">
    <p class='ocr_par' dir='ltr' id='par_1_70' title="bbox 2267 2704 3540 2789">
     <span class='ocr_line' id='line_1_70' title="bbox 2267 2704 3540 2789; baseline 0.002 -25"><span class='ocrx_word' id='word_1_560' title='bbox 2267 2705 2457 2772; x_wconf 82' lang='grc' dir='ltr'>ἐκεῖνός</span> <span class='ocrx_word' id='word_1_561' title='bbox 2486 2709 2603 2764; x_wconf 82' lang='grc' dir='ltr'>ἐστι</span> <span class='ocrx_word' id='word_1_562' title='bbox 2629 2707 2810 2773; x_wconf 72' lang='grc' dir='ltr'>δοῦλος</span> <span class='ocrx_word' id='word_1_563' title='bbox 2836 2704 2930 2765; x_wconf 80' lang='grc' dir='ltr'><strong>καὶ</strong></span> <span class='ocrx_word' id='word_1_564' title='bbox 2959 2706 3227 2789; x_wconf 36' lang='grc' dir='ltr'>ἄτιμοςζδ</span> <span class='ocrx_word' id='word_1_565' title='bbox 3256 2706 3540 2789; x_wconf 77' lang='grc' dir='ltr'>φιλόδοξος.</span> 
     </span>
    </p>
   </div>
   <div class='ocr_carea' id='block_1_71' title="bbox 2347 2785 3863 2875">
    <p class='ocr_par' dir='ltr' id='par_1_71' title="bbox 2347 2785 3863 2875">
     <span class='ocr_line' id='line_1_71' title="bbox 2347 2785 3863 2875; baseline 0.001 -19"><span class='ocrx_word' id='word_1_566' title='bbox 2347 2821 2372 2848; x_wconf 75' lang='grc' dir='ltr'><strong>ε</strong></span> <span class='ocrx_word' id='word_1_567' title='bbox 2403 2794 2606 2868; x_wconf 74' lang='grc' dir='ltr'>Ἰησοῦς</span> <span class='ocrx_word' id='word_1_568' title='bbox 2650 2796 2705 2856; x_wconf 83' lang='grc' dir='ltr'>δὲ</span> <span class='ocrx_word' id='word_1_569' title='bbox 2739 2795 2945 2875; x_wconf 81' lang='grc' dir='ltr'>ἔκραξε,</span> <span class='ocrx_word' id='word_1_570' title='bbox 3000 2795 3092 2856; x_wconf 78' lang='grc' dir='ltr'>καὶ</span> <span class='ocrx_word' id='word_1_571' title='bbox 3147 2785 3292 2855; x_wconf 73' lang='grc' dir='ltr'>εἶπεν</span> <span class='ocrx_word' id='word_1_572' title='bbox 3318 2821 3332 2834; x_wconf 87' lang='grc'><strong>·</strong></span> <span class='ocrx_word' id='word_1_573' title='bbox 3377 2796 3447 2858; x_wconf 89' lang='grc' dir='ltr'>Ὁ</span> <span class='ocrx_word' id='word_1_574' title='bbox 3493 2797 3757 2856; x_wconf 90' lang='grc' dir='ltr'>πιστεύων</span> <span class='ocrx_word' id='word_1_575' title='bbox 3788 2799 3863 2866; x_wconf 85' lang='grc' dir='ltr'>εἷς</span> 
     </span>
    </p>
   </div>
   <div class='ocr_carea' id='block_1_72' title="bbox 2266 2883 3862 2968">
    <p class='ocr_par' dir='ltr' id='par_1_72' title="bbox 2266 2883 3862 2968">
     <span class='ocr_line' id='line_1_72' title="bbox 2266 2883 3862 2968; baseline 0.003 -27"><span class='ocrx_word' id='word_1_576' title='bbox 2266 2883 2362 2960; x_wconf 84' lang='grc' dir='ltr'><strong>ἐμὲ</strong></span> <span class='ocrx_word' id='word_1_577' title='bbox 2395 2886 2454 2943; x_wconf 84' lang='grc' dir='ltr'><strong>οὗ</strong></span> <span class='ocrx_word' id='word_1_578' title='bbox 2503 2883 2740 2945; x_wconf 85' lang='grc' dir='ltr'>πιστεύει</span> <span class='ocrx_word' id='word_1_579' title='bbox 2768 2888 2841 2953; x_wconf 82' lang='grc' dir='ltr'>εἰς</span> <span class='ocrx_word' id='word_1_580' title='bbox 2871 2883 2987 2963; x_wconf 83' lang='grc' dir='ltr'>ἐμὲ,</span> <span class='ocrx_word' id='word_1_581' title='bbox 3019 2887 3139 2945; x_wconf 89' lang='grc' dir='ltr'>ἀλλ’</span> <span class='ocrx_word' id='word_1_582' title='bbox 3169 2888 3240 2954; x_wconf 77' lang='grc' dir='ltr'>εἷς</span> <span class='ocrx_word' id='word_1_583' title='bbox 3283 2886 3374 2946; x_wconf 89' lang='grc' dir='ltr'><strong>τὸν</strong></span> <span class='ocrx_word' id='word_1_584' title='bbox 3425 2886 3716 2968; x_wconf 79' lang='grc' dir='ltr'>πέμψαντά</span> <span class='ocrx_word' id='word_1_585' title='bbox 3757 2911 3862 2966; x_wconf 84' lang='grc' dir='ltr'>με·</span> 
     </span>
    </p>
   </div>
   <div class='ocr_carea' id='block_1_73' title="bbox 2266 2973 3852 3057">
    <p class='ocr_par' dir='ltr' id='par_1_73' title="bbox 2266 2973 3852 3057">
     <span class='ocr_line' id='line_1_73' title="bbox 2266 2973 3852 3057; baseline 0.002 -25"><span class='ocrx_word' id='word_1_586' title='bbox 2266 2973 2358 3032; x_wconf 77' lang='grc' dir='ltr'><strong>καὶ</strong></span> <span class='ocrx_word' id='word_1_587' title='bbox 2409 2977 2437 3031; x_wconf 89' lang='lat'><strong>6</strong></span> <span class='ocrx_word' id='word_1_588' title='bbox 2505 2977 2713 3054; x_wconf 78' lang='grc' dir='ltr'>θεωρῶν</span> <span class='ocrx_word' id='word_1_589' title='bbox 2771 2975 2864 3052; x_wconf 84' lang='grc' dir='ltr'><strong>ἐμὲ</strong></span> <span class='ocrx_word' id='word_1_590' title='bbox 2922 2981 3110 3054; x_wconf 84' lang='grc' dir='ltr'>θεωρεῖ</span> <span class='ocrx_word' id='word_1_591' title='bbox 3168 2976 3256 3034; x_wconf 90' lang='grc' dir='ltr'><strong>τὸν</strong></span> <span class='ocrx_word' id='word_1_592' title='bbox 3311 2975 3603 3057; x_wconf 73' lang='grc' dir='ltr'>πέμψαντά</span> <span class='ocrx_word' id='word_1_593' title='bbox 3661 3000 3749 3054; x_wconf 84' lang='grc' dir='ltr'>με.</span> <span class='ocrx_word' id='word_1_594' title='bbox 3822 2998 3852 3035; x_wconf 77' lang='grc' dir='ltr'>ι)</span> 
     </span>
    </p>
   </div>
   <div class='ocr_carea' id='block_1_74' title="bbox 2266 3062 3862 3147">
    <p class='ocr_par' dir='ltr' id='par_1_74' title="bbox 2266 3062 3862 3147">
     <span class='ocr_line' id='line_1_74' title="bbox 2266 3062 3862 3147; baseline 0.003 -25"><span class='ocrx_word' id='word_1_595' title='bbox 2266 3062 2504 3142; x_wconf 84' lang='grc' dir='ltr'>Ἐκρύϐη</span> <span class='ocrx_word' id='word_1_596' title='bbox 2563 3063 2659 3142; x_wconf 83' lang='grc' dir='ltr'>μὲν</span> <span class='ocrx_word' id='word_1_597' title='bbox 2693 3063 2822 3144; x_wconf 85' lang='grc' dir='ltr'>πρὸς</span> <span class='ocrx_word' id='word_1_598' title='bbox 2869 3065 3052 3145; x_wconf 87' lang='grc' dir='ltr'>καιρὸν</span> <span class='ocrx_word' id='word_1_599' title='bbox 3102 3069 3130 3126; x_wconf 93' lang='lat'><strong>6</strong></span> <span class='ocrx_word' id='word_1_600' title='bbox 3172 3067 3398 3139; x_wconf 74' lang='grc' dir='ltr'>Ἰησοῦς,</span> <span class='ocrx_word' id='word_1_601' title='bbox 3429 3070 3506 3146; x_wconf 80' lang='grc' dir='ltr'>τῷ</span> <span class='ocrx_word' id='word_1_602' title='bbox 3554 3070 3706 3147; x_wconf 82' lang='grc' dir='ltr'>θυμῷ</span> <span class='ocrx_word' id='word_1_603' title='bbox 3754 3071 3862 3126; x_wconf 88' lang='grc' dir='ltr'><strong>τῶν</strong></span> 
     </span>
    </p>
   </div>
   <div class='ocr_carea' id='block_1_75' title="bbox 2259 3152 3864 3237">
    <p class='ocr_par' dir='ltr' id='par_1_75' title="bbox 2259 3152 3864 3237">
     <span class='ocr_line' id='line_1_75' title="bbox 2259 3152 3864 3237; baseline 0.001 -23"><span class='ocrx_word' id='word_1_604' title='bbox 2259 3152 2531 3214; x_wconf 87' lang='grc' dir='ltr'>Ἰουδαίων</span> <span class='ocrx_word' id='word_1_605' title='bbox 2579 3152 3026 3232; x_wconf 80' lang='grc' dir='ltr'>ὓπεξιστάμενος·</span> <span class='ocrx_word' id='word_1_606' title='bbox 3055 3155 3218 3214; x_wconf 88' lang='grc' dir='ltr'>πάλιν</span> <span class='ocrx_word' id='word_1_607' title='bbox 3251 3155 3305 3215; x_wconf 82' lang='grc' dir='ltr'>δὲ</span> <span class='ocrx_word' id='word_1_608' title='bbox 3355 3156 3721 3237; x_wconf 80' lang='grc' dir='ltr'>ἐμφανίζεται,</span> <span class='ocrx_word' id='word_1_609' title='bbox 3767 3158 3864 3216; x_wconf 81' lang='grc' dir='ltr'>καὶ</span> 
     </span>
    </p>
   </div>
   <div class='ocr_carea' id='block_1_76' title="bbox 2261 3243 3861 3328">
    <p class='ocr_par' dir='ltr' id='par_1_76' title="bbox 2261 3243 3861 3328">
     <span class='ocr_line' id='line_1_76' title="bbox 2261 3243 3861 3328; baseline 0.002 -27"><span class='ocrx_word' id='word_1_610' title='bbox 2261 3243 2442 3323; x_wconf 81' lang='grc' dir='ltr'>κράζει</span> <span class='ocrx_word' id='word_1_611' title='bbox 2489 3243 2783 3326; x_wconf 70' lang='grc' dir='ltr'>παῤῥησίᾳ.</span> <span class='ocrx_word' id='word_1_612' title='bbox 2833 3243 3102 3304; x_wconf 90' lang='grc' dir='ltr'>Δεικνύων</span> <span class='ocrx_word' id='word_1_613' title='bbox 3136 3245 3192 3304; x_wconf 84' lang='grc' dir='ltr'>δὲ</span> <span class='ocrx_word' id='word_1_614' title='bbox 3241 3245 3424 3305; x_wconf 82' lang='grc' dir='ltr'>ἑαυτὸν</span> <span class='ocrx_word' id='word_1_615' title='bbox 3476 3245 3570 3306; x_wconf 76' lang='grc' dir='ltr'><strong>καὶ</strong></span> <span class='ocrx_word' id='word_1_616' title='bbox 3620 3247 3733 3305; x_wconf 81' lang='grc' dir='ltr'>ἴσον</span> <span class='ocrx_word' id='word_1_617' title='bbox 3783 3251 3861 3328; x_wconf 83' lang='grc' dir='ltr'>τῷ</span> 
     </span>
    </p>
   </div>
   <div class='ocr_carea' id='block_1_77' title="bbox 2260 3331 3862 3416">
    <p class='ocr_par' dir='ltr' id='par_1_77' title="bbox 2260 3331 3862 3416">
     <span class='ocr_line' id='line_1_77' title="bbox 2260 3331 3862 3416; baseline 0.001 -23"><span class='ocrx_word' id='word_1_618' title='bbox 2260 3331 2460 3412; x_wconf 77' lang='grc' dir='ltr'>Πατρὶ,</span> <span class='ocrx_word' id='word_1_619' title='bbox 2495 3332 2586 3392; x_wconf 84' lang='grc' dir='ltr'><strong>καὶ</strong></span> <span class='ocrx_word' id='word_1_620' title='bbox 2615 3335 2708 3392; x_wconf 84' lang='grc' dir='ltr'>οὐκ</span> <span class='ocrx_word' id='word_1_621' title='bbox 2754 3332 3006 3405; x_wconf 88' lang='grc' dir='ltr'>ἀντίθεον,</span> <span class='ocrx_word' id='word_1_622' title='bbox 3062 3334 3222 3416; x_wconf 76' lang='grc' dir='ltr'>φησίν</span> <span class='ocrx_word' id='word_1_623' title='bbox 3245 3359 3262 3374; x_wconf 87' lang='grc'><strong>·</strong></span> <span class='ocrx_word' id='word_1_624' title='bbox 3294 3363 3318 3388; x_wconf 74' lang='grc' dir='ltr'>κ</span> <span class='ocrx_word' id='word_1_625' title='bbox 3351 3334 3422 3396; x_wconf 63' lang='grc' dir='ltr'><strong>τΟ</strong></span> <span class='ocrx_word' id='word_1_626' title='bbox 3468 3335 3733 3394; x_wconf 90' lang='grc' dir='ltr'>πιστεύων</span> <span class='ocrx_word' id='word_1_627' title='bbox 3787 3337 3862 3403; x_wconf 86' lang='grc' dir='ltr'><strong>εἷς</strong></span> 
     </span>
    </p>
   </div>
   <div class='ocr_carea' id='block_1_78' title="bbox 2261 3420 3857 3506">
    <p class='ocr_par' dir='ltr' id='par_1_78' title="bbox 2261 3420 3857 3506">
     <span class='ocr_line' id='line_1_78' title="bbox 2261 3420 3857 3506; baseline 0.006 -30"><span class='ocrx_word' id='word_1_628' title='bbox 2261 3420 2357 3499; x_wconf 77' lang='grc' dir='ltr'><strong>ἐμὲ</strong></span> <span class='ocrx_word' id='word_1_629' title='bbox 2412 3423 2471 3480; x_wconf 86' lang='grc' dir='ltr'><strong>οὖ</strong></span> <span class='ocrx_word' id='word_1_630' title='bbox 2527 3423 2766 3482; x_wconf 87' lang='grc' dir='ltr'>πιστεύει</span> <span class='ocrx_word' id='word_1_631' title='bbox 2823 3423 2895 3490; x_wconf 84' lang='grc' dir='ltr'><strong>εἰς</strong></span> <span class='ocrx_word' id='word_1_632' title='bbox 2943 3423 3074 3501; x_wconf 83' lang='grc' dir='ltr'>ἐμὲ,</span> <span class='ocrx_word' id='word_1_633' title='bbox 3130 3423 3248 3484; x_wconf 87' lang='grc' dir='ltr'>ἀλλ’</span> <span class='ocrx_word' id='word_1_634' title='bbox 3292 3427 3362 3492; x_wconf 87' lang='grc' dir='ltr'><strong>εἷς</strong></span> <span class='ocrx_word' id='word_1_635' title='bbox 3417 3425 3504 3484; x_wconf 87' lang='grc' dir='ltr'><strong>τὸν</strong></span> <span class='ocrx_word' id='word_1_636' title='bbox 3556 3423 3857 3506; x_wconf 80' lang='grc' dir='ltr'>πέμψαντά</span> 
     </span>
    </p>
   </div>
   <div class='ocr_carea' id='block_1_79' title="bbox 2261 3511 3858 3592">
    <p class='ocr_par' dir='ltr' id='par_1_79' title="bbox 2261 3511 3858 3592">
     <span class='ocr_line' id='line_1_79' title="bbox 2261 3511 3858 3592; baseline 0.002 -22"><span class='ocrx_word' id='word_1_637' title='bbox 2261 3534 2359 3587; x_wconf 87' lang='grc' dir='ltr'>με·</span> <span class='ocrx_word' id='word_1_638' title='bbox 2391 3533 2422 3570; x_wconf 73' lang='grc'><strong>1)</strong></span> <span class='ocrx_word' id='word_1_639' title='bbox 2457 3511 2652 3571; x_wconf 78' lang='grc' dir='ltr'>ὡσανεὶ</span> <span class='ocrx_word' id='word_1_640' title='bbox 2683 3518 2838 3572; x_wconf 78' lang='grc' dir='ltr'>τοῦτο</span> <span class='ocrx_word' id='word_1_641' title='bbox 2867 3511 3036 3592; x_wconf 86' lang='grc' dir='ltr'>λέγων</span> <span class='ocrx_word' id='word_1_642' title='bbox 3056 3536 3070 3550; x_wconf 89' lang='grc'><strong>·</strong></span> <span class='ocrx_word' id='word_1_643' title='bbox 3121 3513 3193 3574; x_wconf 91' lang='grc' dir='ltr'>Τί</span> <span class='ocrx_word' id='word_1_644' title='bbox 3241 3514 3512 3574; x_wconf 86' lang='grc' dir='ltr'>δεδοίκατε</span> <span class='ocrx_word' id='word_1_645' title='bbox 3568 3519 3858 3574; x_wconf 73' lang='grc' dir='ltr'>πιστεῦσαι</span> 
     </span>
    </p>
   </div>
   <div class='ocr_carea' id='block_1_80' title="bbox 2259 3598 3858 3685">
    <p class='ocr_par' dir='ltr' id='par_1_80' title="bbox 2259 3598 3858 3685">
     <span class='ocr_line' id='line_1_80' title="bbox 2259 3598 3858 3685; baseline 0.001 -25"><span class='ocrx_word' id='word_1_646' title='bbox 2259 3604 2330 3666; x_wconf 82' lang='grc' dir='ltr'>εἰς</span> <span class='ocrx_word' id='word_1_647' title='bbox 2385 3602 2512 3676; x_wconf 68' lang='grc' dir='ltr'>ἐμέ,</span> <span class='ocrx_word' id='word_1_648' title='bbox 2549 3601 2620 3660; x_wconf 87' lang='grc' dir='ltr'><strong>Ἦ</strong></span> <span class='ocrx_word' id='word_1_649' title='bbox 2665 3603 2738 3670; x_wconf 77' lang='grc' dir='ltr'>εἰς</span> <span class='ocrx_word' id='word_1_650' title='bbox 2795 3598 2888 3679; x_wconf 80' lang='grc' dir='ltr'><strong>ἐμὲ</strong></span> <span class='ocrx_word' id='word_1_651' title='bbox 2951 3602 3129 3671; x_wconf 88' lang='grc' dir='ltr'>πίστις</span> <span class='ocrx_word' id='word_1_652' title='bbox 3181 3603 3314 3684; x_wconf 89' lang='grc' dir='ltr'>πρὸς</span> <span class='ocrx_word' id='word_1_653' title='bbox 3366 3605 3455 3663; x_wconf 89' lang='grc' dir='ltr'><strong>τὸν</strong></span> <span class='ocrx_word' id='word_1_654' title='bbox 3495 3603 3714 3685; x_wconf 83' lang='grc' dir='ltr'>Πατέρα</span> <span class='ocrx_word' id='word_1_655' title='bbox 3752 3627 3858 3682; x_wconf 84' lang='grc' dir='ltr'><strong>μου</strong></span> 
     </span>
    </p>
   </div>
   <div class='ocr_carea' id='block_1_81' title="bbox 2257 3688 3852 3775">
    <p class='ocr_par' dir='ltr' id='par_1_81' title="bbox 2257 3688 3852 3775">
     <span class='ocr_line' id='line_1_81' title="bbox 2257 3688 3852 3775; baseline 0.004 -26"><span class='ocrx_word' id='word_1_656' title='bbox 2257 3690 2540 3775; x_wconf 65' lang='grc' dir='ltr'>διαϐαίνει.</span> <span class='ocrx_word' id='word_1_657' title='bbox 2593 3688 2738 3772; x_wconf 88' lang='grc' dir='ltr'>Ὅρα</span> <span class='ocrx_word' id='word_1_658' title='bbox 2794 3691 2849 3750; x_wconf 81' lang='grc' dir='ltr'>δὲ</span> <span class='ocrx_word' id='word_1_659' title='bbox 2899 3691 2991 3750; x_wconf 85' lang='grc' dir='ltr'><strong>καὶ</strong></span> <span class='ocrx_word' id='word_1_660' title='bbox 3046 3690 3143 3765; x_wconf 88' lang='grc' dir='ltr'><strong>τὴν</strong></span> <span class='ocrx_word' id='word_1_661' title='bbox 3193 3693 3473 3775; x_wconf 84' lang='grc' dir='ltr'>ἀκρίϐειαν</span> <span class='ocrx_word' id='word_1_662' title='bbox 3524 3701 3618 3753; x_wconf 78' lang='grc' dir='ltr'>τοῦ</span> <span class='ocrx_word' id='word_1_663' title='bbox 3668 3694 3852 3772; x_wconf 86' lang='grc' dir='ltr'>λόγου.</span> 
     </span>
    </p>
   </div>
   <div class='ocr_carea' id='block_1_82' title="bbox 2253 3771 3855 3861">
    <p class='ocr_par' dir='ltr' id='par_1_82' title="bbox 2253 3771 3855 3861">
     <span class='ocr_line' id='line_1_82' title="bbox 2253 3771 3855 3861; baseline 0.002 -21"><span class='ocrx_word' id='word_1_664' title='bbox 2253 3783 2370 3840; x_wconf 83' lang='grc' dir='ltr'>Οὐκ</span> <span class='ocrx_word' id='word_1_665' title='bbox 2412 3771 2580 3854; x_wconf 73' lang='grc' dir='ltr'>εἶπεν,</span> <span class='ocrx_word' id='word_1_666' title='bbox 2629 3771 2710 3838; x_wconf 79' lang='grc' dir='ltr'>ὅτι</span> <span class='ocrx_word' id='word_1_667' title='bbox 2758 3778 2828 3841; x_wconf 61' lang='grc'><strong>⁸0</strong></span> <span class='ocrx_word' id='word_1_668' title='bbox 2879 3783 3141 3841; x_wconf 88' lang='grc' dir='ltr'>πιστεύων</span> <span class='ocrx_word' id='word_1_669' title='bbox 3193 3771 3346 3861; x_wconf 83' lang='grc' dir='ltr'>ἐμοὶ,</span> <span class='ocrx_word' id='word_1_670' title='bbox 3386 3782 3526 3844; x_wconf 88' lang='grc' dir='ltr'>ἀλλ”</span> <span class='ocrx_word' id='word_1_671' title='bbox 3562 3807 3592 3839; x_wconf 78' lang='grc' dir='ltr'><strong>ι(</strong></span> <span class='ocrx_word' id='word_1_672' title='bbox 3644 3783 3710 3845; x_wconf 89' lang='grc' dir='ltr'>Ὁ</span> <span class='ocrx_word' id='word_1_673' title='bbox 3748 3771 3855 3843; x_wconf 8' lang='grc' dir='ltr'>ἀπιο</span> 
     </span>
    </p>
   </div>
   <div class='ocr_carea' id='block_1_83' title="bbox 2255 3869 3860 3948">
    <p class='ocr_par' dir='ltr' id='par_1_83' title="bbox 2255 3869 3860 3948">
     <span class='ocr_line' id='line_1_83' title="bbox 2255 3869 3860 3948; baseline 0.004 -20"><span class='ocrx_word' id='word_1_674' title='bbox 2255 3869 2454 3929; x_wconf 91' lang='grc' dir='ltr'>στεύων</span> <span class='ocrx_word' id='word_1_675' title='bbox 2477 3873 2550 3938; x_wconf 78' lang='grc' dir='ltr'>εἰς</span> <span class='ocrx_word' id='word_1_676' title='bbox 2587 3869 2708 3948; x_wconf 85' lang='grc' dir='ltr'><strong>ἐμὲ·</strong></span> <span class='ocrx_word' id='word_1_677' title='bbox 2745 3891 2774 3928; x_wconf 81' lang='grc'>»</span> <span class='ocrx_word' id='word_1_678' title='bbox 2809 3869 2838 3929; x_wconf 84' lang='grc' dir='ltr'>ὃ</span> <span class='ocrx_word' id='word_1_679' title='bbox 2869 3869 2964 3943; x_wconf 83' lang='grc' dir='ltr'><strong>τὴν</strong></span> <span class='ocrx_word' id='word_1_680' title='bbox 2992 3875 3064 3939; x_wconf 85' lang='grc' dir='ltr'><strong>εἷς</strong></span> <span class='ocrx_word' id='word_1_681' title='bbox 3095 3873 3234 3933; x_wconf 84' lang='grc' dir='ltr'>Θεὸν</span> <span class='ocrx_word' id='word_1_682' title='bbox 3264 3874 3444 3932; x_wconf 88' lang='grc' dir='ltr'>πίστιν</span> <span class='ocrx_word' id='word_1_683' title='bbox 3471 3875 3640 3945; x_wconf 86' lang='grc' dir='ltr'>δηλοῖ.</span> <span class='ocrx_word' id='word_1_684' title='bbox 3689 3869 3860 3934; x_wconf 73' lang='grc' dir='ltr'><strong>Ἀλλο</strong></span> 
     </span>
    </p>
   </div>
   <div class='ocr_carea' id='block_1_84' title="bbox 2254 3958 3851 4040">
    <p class='ocr_par' dir='ltr' id='par_1_84' title="bbox 2254 3958 3851 4040">
     <span class='ocr_line' id='line_1_84' title="bbox 2254 3958 3851 4040; baseline 0.006 -24"><span class='ocrx_word' id='word_1_685' title='bbox 2254 3958 2360 4040; x_wconf 83' lang='grc' dir='ltr'><strong>γὰρ</strong></span> <span class='ocrx_word' id='word_1_686' title='bbox 2381 3959 2443 4018; x_wconf 87' lang='grc' dir='ltr'><strong>τὸ</strong></span> <span class='ocrx_word' id='word_1_687' title='bbox 2471 3959 2739 4020; x_wconf 88' lang='grc' dir='ltr'>πιστεύειν</span> <span class='ocrx_word' id='word_1_688' title='bbox 2767 3960 2891 4033; x_wconf 79' lang='grc' dir='ltr'>τινὶ,</span> <span class='ocrx_word' id='word_1_689' title='bbox 2921 3960 3013 4020; x_wconf 75' lang='grc' dir='ltr'><strong>καὶ</strong></span> <span class='ocrx_word' id='word_1_690' title='bbox 3043 3962 3176 4022; x_wconf 84' lang='grc' dir='ltr'>ἄλλο</span> <span class='ocrx_word' id='word_1_691' title='bbox 3204 3961 3268 4022; x_wconf 88' lang='grc' dir='ltr'><strong>τὸ</strong></span> <span class='ocrx_word' id='word_1_692' title='bbox 3311 3962 3578 4023; x_wconf 89' lang='grc' dir='ltr'>πιστεύειν</span> <span class='ocrx_word' id='word_1_693' title='bbox 3611 3963 3682 4030; x_wconf 84' lang='grc' dir='ltr'>εἴς</span> <span class='ocrx_word' id='word_1_694' title='bbox 3708 3988 3851 4026; x_wconf 88' lang='grc' dir='ltr'>τινα.</span> 
     </span>
    </p>
   </div>
   <div class='ocr_carea' id='block_1_85' title="bbox 2255 4047 3853 4130">
    <p class='ocr_par' dir='ltr' id='par_1_85' title="bbox 2255 4047 3853 4130">
     <span class='ocr_line' id='line_1_85' title="bbox 2255 4047 3853 4130; baseline 0.003 -21"><span class='ocrx_word' id='word_1_695' title='bbox 2255 4047 2326 4109; x_wconf 45' lang='grc' dir='ltr'><strong>(Ο</strong></span> <span class='ocrx_word' id='word_1_696' title='bbox 2377 4048 2473 4126; x_wconf 84' lang='grc' dir='ltr'>μὲν</span> <span class='ocrx_word' id='word_1_697' title='bbox 2526 4049 2629 4130; x_wconf 80' lang='grc' dir='ltr'><strong>γὰρ</strong></span> <span class='ocrx_word' id='word_1_698' title='bbox 2684 4050 2949 4109; x_wconf 91' lang='grc' dir='ltr'>πιστεύων</span> <span class='ocrx_word' id='word_1_699' title='bbox 3010 4053 3112 4110; x_wconf 78' lang='grc' dir='ltr'>τινὶ</span> <span class='ocrx_word' id='word_1_700' title='bbox 3166 4051 3387 4112; x_wconf 90' lang='grc' dir='ltr'>δύναται</span> <span class='ocrx_word' id='word_1_701' title='bbox 3439 4057 3713 4125; x_wconf 80' lang='grc' dir='ltr'>νοηθῆναι,</span> <span class='ocrx_word' id='word_1_702' title='bbox 3770 4053 3853 4113; x_wconf 80' lang='grc' dir='ltr'><strong>δτι</strong></span> 
     </span>
    </p>
   </div>
   <div class='ocr_carea' id='block_1_86' title="bbox 2256 4137 3854 4222">
    <p class='ocr_par' dir='ltr' id='par_1_86' title="bbox 2256 4137 3854 4222">
     <span class='ocr_line' id='line_1_86' title="bbox 2256 4137 3854 4222; baseline 0.002 -24"><span class='ocrx_word' id='word_1_703' title='bbox 2256 4137 2491 4198; x_wconf 88' lang='grc' dir='ltr'>πιστεύει</span> <span class='ocrx_word' id='word_1_704' title='bbox 2550 4140 2694 4219; x_wconf 81' lang='grc' dir='ltr'>αὐτῷ</span> <span class='ocrx_word' id='word_1_705' title='bbox 2747 4142 2920 4213; x_wconf 83' lang='grc' dir='ltr'>ἀληθῆ</span> <span class='ocrx_word' id='word_1_706' title='bbox 2973 4141 3215 4222; x_wconf 83' lang='grc' dir='ltr'>λέγοντι·</span> <span class='ocrx_word' id='word_1_707' title='bbox 3269 4145 3298 4201; x_wconf 91' lang='lat'><strong>6</strong></span> <span class='ocrx_word' id='word_1_708' title='bbox 3349 4141 3405 4201; x_wconf 87' lang='grc' dir='ltr'>δὲ</span> <span class='ocrx_word' id='word_1_709' title='bbox 3451 4142 3716 4202; x_wconf 89' lang='grc' dir='ltr'>πιστεύων</span> <span class='ocrx_word' id='word_1_710' title='bbox 3777 4143 3854 4213; x_wconf 84' lang='grc' dir='ltr'>εἴς</span> 
     </span>
    </p>
   </div>
   <div class='ocr_carea' id='block_1_87' title="bbox 2254 4230 3850 4298">
    <p class='ocr_par' dir='ltr' id='par_1_87' title="bbox 2254 4230 3850 4298">
     <span class='ocr_line' id='line_1_87' title="bbox 2254 4230 3850 4298; baseline 0.004 -12"><span class='ocrx_word' id='word_1_711' title='bbox 2254 4252 2373 4288; x_wconf 88' lang='grc' dir='ltr'>τινα</span> <span class='ocrx_word' id='word_1_712' title='bbox 2423 4231 2494 4295; x_wconf 81' lang='grc' dir='ltr'>ὣς</span> <span class='ocrx_word' id='word_1_713' title='bbox 2546 4231 2620 4296; x_wconf 86' lang='grc' dir='ltr'><strong>εἷς</strong></span> <span class='ocrx_word' id='word_1_714' title='bbox 2670 4230 2810 4289; x_wconf 82' lang='grc' dir='ltr'>Θεὸν</span> <span class='ocrx_word' id='word_1_715' title='bbox 2856 4231 3071 4298; x_wconf 82' lang='grc' dir='ltr'>πάντως</span> <span class='ocrx_word' id='word_1_716' title='bbox 3118 4231 3376 4294; x_wconf 87' lang='grc' dir='ltr'>πιστεύει.</span> <span class='ocrx_word' id='word_1_717' title='bbox 3425 4234 3526 4293; x_wconf 86' lang='grc' dir='ltr'>Διὸ</span> <span class='ocrx_word' id='word_1_718' title='bbox 3576 4231 3850 4292; x_wconf 83' lang='grc' dir='ltr'>πιστεύειν</span> 
     </span>
    </p>
   </div>
   <div class='ocr_carea' id='block_1_88' title="bbox 2255 4317 3853 4394">
    <p class='ocr_par' dir='ltr' id='par_1_88' title="bbox 2255 4317 3853 4394">
     <span class='ocr_line' id='line_1_88' title="bbox 2255 4317 3853 4394; baseline 0.003 -18"><span class='ocrx_word' id='word_1_719' title='bbox 2255 4317 2352 4394; x_wconf 82' lang='grc' dir='ltr'>μὲν</span> <span class='ocrx_word' id='word_1_720' title='bbox 2403 4326 2510 4385; x_wconf 88' lang='grc' dir='ltr'>τοῖς</span> <span class='ocrx_word' id='word_1_721' title='bbox 2541 4317 2883 4394; x_wconf 85' lang='grc' dir='ltr'>ἀποστόλοις,</span> <span class='ocrx_word' id='word_1_722' title='bbox 2943 4320 3085 4380; x_wconf 89' lang='grc' dir='ltr'>εἴποι</span> <span class='ocrx_word' id='word_1_723' title='bbox 3121 4321 3184 4380; x_wconf 82' lang='grc' dir='ltr'>ἄν</span> <span class='ocrx_word' id='word_1_724' title='bbox 3213 4347 3318 4389; x_wconf 83' lang='grc' dir='ltr'>τις’</span> <span class='ocrx_word' id='word_1_725' title='bbox 3371 4319 3640 4381; x_wconf 86' lang='grc' dir='ltr'>πιστεύειν</span> <span class='ocrx_word' id='word_1_726' title='bbox 3686 4320 3741 4379; x_wconf 83' lang='grc' dir='ltr'>δὲ</span> <span class='ocrx_word' id='word_1_727' title='bbox 3779 4325 3853 4389; x_wconf 79' lang='grc' dir='ltr'>εἷς</span> 
     </span>
    </p>
   </div>
   <div class='ocr_carea' id='block_1_89' title="bbox 2251 4401 3850 4487">
    <p class='ocr_par' dir='ltr' id='par_1_89' title="bbox 2251 4401 3850 4487">
     <span class='ocr_line' id='line_1_89' title="bbox 2251 4401 3850 4487; baseline 0.003 -21"><span class='ocrx_word' id='word_1_728' title='bbox 2251 4407 2371 4476; x_wconf 83' lang='grc' dir='ltr'>τοὺς</span> <span class='ocrx_word' id='word_1_729' title='bbox 2417 4408 2758 4479; x_wconf 85' lang='grc' dir='ltr'>ἀποστόλους,</span> <span class='ocrx_word' id='word_1_730' title='bbox 2803 4411 2901 4468; x_wconf 79' lang='grc' dir='ltr'>οὐκ</span> <span class='ocrx_word' id='word_1_731' title='bbox 2940 4409 3036 4470; x_wconf 83' lang='grc' dir='ltr'>ἔτι.</span> <span class='ocrx_word' id='word_1_732' title='bbox 3091 4410 3195 4470; x_wconf 81' lang='grc' dir='ltr'><strong>Διὰ</strong></span> <span class='ocrx_word' id='word_1_733' title='bbox 3222 4419 3376 4472; x_wconf 77' lang='grc' dir='ltr'>τοῦτο</span> <span class='ocrx_word' id='word_1_734' title='bbox 3424 4401 3514 4470; x_wconf 65' lang='grc' dir='ltr'>οὖν</span> <span class='ocrx_word' id='word_1_735' title='bbox 3561 4417 3590 4472; x_wconf 91' lang='lat'><strong>6</strong></span> <span class='ocrx_word' id='word_1_736' title='bbox 3650 4411 3850 4487; x_wconf 88' lang='grc' dir='ltr'>Κύριος</span> 
     </span>
    </p>
   </div>
   <div class='ocr_carea' id='block_1_90' title="bbox 537 4488 2150 4590">
    <p class='ocr_par' dir='ltr' id='par_1_90' title="bbox 537 4488 2141 4579">
     <span class='ocr_line' id='line_1_90' title="bbox 537 4488 2141 4579; baseline 0.001 -16"><span class='ocrx_word' id='word_1_737' title='bbox 537 4522 652 4563; x_wconf 90' lang='lat' dir='ltr'><strong>non</strong></span> <span class='ocrx_word' id='word_1_738' title='bbox 688 4507 848 4576; x_wconf 90' lang='lat' dir='ltr'><strong>dixit,</strong></span> <span class='ocrx_word' id='word_1_739' title='bbox 891 4507 997 4578; x_wconf 91' lang='lat' dir='ltr'><strong>Qui</strong></span> <span class='ocrx_word' id='word_1_740' title='bbox 1034 4507 1211 4563; x_wconf 91' lang='lat' dir='ltr'><strong>credit</strong></span> <span class='ocrx_word' id='word_1_741' title='bbox 1238 4488 1374 4562; x_wconf 85' lang='lat' dir='ltr'><strong>mihi</strong></span> <span class='ocrx_word' id='word_1_742' title='bbox 1419 4507 1544 4579; x_wconf 89' lang='lat' dir='ltr'><strong>(hoc</strong></span> <span class='ocrx_word' id='word_1_743' title='bbox 1588 4488 1746 4562; x_wconf 14' lang='lat' dir='ltr'><strong>enim?</strong></span> <span class='ocrx_word' id='word_1_744' title='bbox 1789 4508 1992 4564; x_wconf 90' lang='lat' dir='ltr'><strong>Paulus</strong></span> <span class='ocrx_word' id='word_1_745' title='bbox 2035 4510 2141 4564; x_wconf 80' lang='lat' dir='ltr'><strong>for-</strong></span> 
     </span>
    </p>
   </div>
   <div class='ocr_carea' id='block_1_91' title="bbox 2258 4488 3852 4590">
    <p class='ocr_par' dir='ltr' id='par_1_91' title="bbox 2258 4488 3852 4590">
     <span class='ocr_line' id='line_1_91' title="bbox 2258 4488 3852 4590; baseline 0.004 -35"><span class='ocrx_word' id='word_1_746' title='bbox 2258 4500 2346 4556; x_wconf 76' lang='grc' dir='ltr'><strong>οὐκ</strong></span> <span class='ocrx_word' id='word_1_747' title='bbox 2376 4488 2544 4571; x_wconf 73' lang='grc' dir='ltr'>εἶπεν,</span> <span class='ocrx_word' id='word_1_748' title='bbox 2602 4497 2686 4590; x_wconf 61' lang='grc' dir='ltr'><strong>δτι</strong></span> <span class='ocrx_word' id='word_1_749' title='bbox 2733 4497 2800 4590; x_wconf 76' lang='grc' dir='ltr'><strong>Ὁ</strong></span> <span class='ocrx_word' id='word_1_750' title='bbox 2831 4499 3096 4590; x_wconf 87' lang='grc' dir='ltr'>πιστεύων</span> <span class='ocrx_word' id='word_1_751' title='bbox 3141 4501 3258 4590; x_wconf 79' lang='grc' dir='ltr'>ἐμοὶ</span> <span class='ocrx_word' id='word_1_752' title='bbox 3292 4500 3488 4581; x_wconf 76' lang='grc' dir='ltr'>(τοῦτο</span> <span class='ocrx_word' id='word_1_753' title='bbox 3527 4499 3631 4582; x_wconf 83' lang='grc' dir='ltr'><strong>γὰρ</strong></span> <span class='ocrx_word' id='word_1_754' title='bbox 3679 4499 3795 4590; x_wconf 19' lang='grc' dir='ltr'>καὶγ</span> <span class='ocrx_word' id='word_1_755' title='bbox 3823 4507 3852 4561; x_wconf 93' lang='lat'><strong>6</strong></span> 
     </span>
    </p>
   </div>
   <div class='ocr_carea' id='block_1_92' title="bbox 535 4595 2133 4667">
    <p class='ocr_par' dir='ltr' id='par_1_92' title="bbox 535 4595 2133 4667">
     <span class='ocr_line' id='line_1_92' title="bbox 535 4595 2133 4667; baseline 0.001 -15"><span class='ocrx_word' id='word_1_756' title='bbox 535 4596 698 4652; x_wconf 86' lang='lat' dir='ltr'><strong>tassis</strong></span> <span class='ocrx_word' id='word_1_757' title='bbox 727 4604 782 4652; x_wconf 90' lang='lat' dir='ltr'><strong>et</strong></span> <span class='ocrx_word' id='word_1_758' title='bbox 825 4597 1021 4651; x_wconf 89' lang='lat' dir='ltr'><strong>Petrus</strong></span> <span class='ocrx_word' id='word_1_759' title='bbox 1048 4603 1263 4667; x_wconf 84' lang='lat' dir='ltr'><strong>poterat</strong></span> <span class='ocrx_word' id='word_1_760' title='bbox 1305 4595 1486 4651; x_wconf 90' lang='lat' dir='ltr'><strong>dicere</strong></span> <span class='ocrx_word' id='word_1_761' title='bbox 1535 4614 1548 4650; x_wconf 92' lang='lat'><strong>:</strong></span> <span class='ocrx_word' id='word_1_762' title='bbox 1600 4597 1708 4665; x_wconf 90' lang='lat' dir='ltr'><strong>Qui</strong></span> <span class='ocrx_word' id='word_1_763' title='bbox 1757 4595 1927 4652; x_wconf 91' lang='lat' dir='ltr'><strong>credit</strong></span> <span class='ocrx_word' id='word_1_764' title='bbox 1979 4596 2133 4653; x_wconf 92' lang='lat' dir='ltr'><strong>mihi.</strong></span> 
     </span>
    </p>
   </div>
   <div class='ocr_carea' id='block_1_93' title="bbox 541 4684 2134 4758">
    <p class='ocr_par' dir='ltr' id='par_1_93' title="bbox 541 4684 2134 4758">
     <span class='ocr_line' id='line_1_93' title="bbox 541 4684 2134 4758; baseline 0.001 -16"><span class='ocrx_word' id='word_1_765' title='bbox 541 4685 647 4742; x_wconf 86' lang='lat' dir='ltr'><strong>Sed</strong></span> <span class='ocrx_word' id='word_1_766' title='bbox 673 4692 730 4740; x_wconf 89' lang='lat' dir='ltr'><strong>et</strong></span> <span class='ocrx_word' id='word_1_767' title='bbox 755 4685 1006 4740; x_wconf 63' lang='lat' dir='ltr'><strong>Hebrmis</strong></span> <span class='ocrx_word' id='word_1_768' title='bbox 1033 4685 1178 4757; x_wconf 90' lang='lat' dir='ltr'><strong>quod</strong></span> <span class='ocrx_word' id='word_1_769' title='bbox 1209 4701 1322 4739; x_wconf 91' lang='lat' dir='ltr'><strong>non</strong></span> <span class='ocrx_word' id='word_1_770' title='bbox 1367 4684 1699 4741; x_wconf 89' lang='lat' dir='ltr'><strong>crediderint</strong></span> <span class='ocrx_word' id='word_1_771' title='bbox 1726 4686 1897 4754; x_wconf 86' lang='lat' dir='ltr'><strong>Mosi,</strong></span> <span class='ocrx_word' id='word_1_772' title='bbox 1928 4701 2134 4758; x_wconf 82' lang='lat' dir='ltr'><strong>appro-</strong></span> 
     </span>
    </p>
   </div>
   <div class='ocr_carea' id='block_1_94' title="bbox 536 4773 2133 4847">
    <p class='ocr_par' dir='ltr' id='par_1_94' title="bbox 536 4773 2133 4847">
     <span class='ocr_line' id='line_1_94' title="bbox 536 4773 2133 4847; baseline 0.002 -16"><span class='ocrx_word' id='word_1_773' title='bbox 536 4773 770 4842; x_wconf 86' lang='lat' dir='ltr'><strong>bratur),</strong></span> <span class='ocrx_word' id='word_1_774' title='bbox 805 4773 985 4847; x_wconf 87' lang='lat' dir='ltr'><strong>majus</strong></span> <span class='ocrx_word' id='word_1_775' title='bbox 1014 4782 1202 4831; x_wconf 91' lang='lat' dir='ltr'><strong>autem</strong></span> <span class='ocrx_word' id='word_1_776' title='bbox 1249 4783 1331 4830; x_wconf 89' lang='lat' dir='ltr'><strong>est</strong></span> <span class='ocrx_word' id='word_1_777' title='bbox 1375 4775 1523 4847; x_wconf 92' lang='lat' dir='ltr'><strong>quod</strong></span> <span class='ocrx_word' id='word_1_778' title='bbox 1550 4774 1702 4845; x_wconf 88' lang='lat' dir='ltr'><strong>dicit,</strong></span> <span class='ocrx_word' id='word_1_779' title='bbox 1749 4797 1774 4824; x_wconf 78' lang='grc' dir='ltr'><strong>α</strong></span> <span class='ocrx_word' id='word_1_780' title='bbox 1823 4776 1930 4846; x_wconf 93' lang='lat' dir='ltr'><strong>Qui</strong></span> <span class='ocrx_word' id='word_1_781' title='bbox 1958 4776 2133 4834; x_wconf 89' lang='lat' dir='ltr'><strong>credit</strong></span> 
     </span>
    </p>
   </div>
   <div class='ocr_carea' id='block_1_95' title="bbox 535 4861 2133 4936">
    <p class='ocr_par' dir='ltr' id='par_1_95' title="bbox 535 4861 2133 4936">
     <span class='ocr_line' id='line_1_95' title="bbox 535 4861 2133 4936; baseline 0.003 -18"><span class='ocrx_word' id='word_1_782' title='bbox 535 4861 595 4919; x_wconf 93' lang='lat' dir='ltr'><strong>in</strong></span> <span class='ocrx_word' id='word_1_783' title='bbox 619 4878 735 4934; x_wconf 89' lang='lat' dir='ltr'><strong>me,</strong></span> <span class='ocrx_word' id='word_1_784' title='bbox 766 4886 792 4911; x_wconf 76' lang='grc' dir='ltr'><strong>υ</strong></span> <span class='ocrx_word' id='word_1_785' title='bbox 817 4879 916 4935; x_wconf 91' lang='lat' dir='ltr'><strong>per</strong></span> <span class='ocrx_word' id='word_1_786' title='bbox 953 4863 1100 4936; x_wconf 91' lang='lat' dir='ltr'><strong>quod</strong></span> <span class='ocrx_word' id='word_1_787' title='bbox 1143 4864 1383 4921; x_wconf 91' lang='lat' dir='ltr'><strong>ostendit</strong></span> <span class='ocrx_word' id='word_1_788' title='bbox 1417 4880 1474 4920; x_wconf 92' lang='lat' dir='ltr'><strong>se</strong></span> <span class='ocrx_word' id='word_1_789' title='bbox 1503 4880 1618 4920; x_wconf 89' lang='lat' dir='ltr'><strong>esse</strong></span> <span class='ocrx_word' id='word_1_790' title='bbox 1646 4868 1831 4922; x_wconf 90' lang='lat' dir='ltr'><strong>Deum</strong></span> <span class='ocrx_word' id='word_1_791' title='bbox 1863 4882 1875 4918; x_wconf 86' lang='lat'><strong>:</strong></span> <span class='ocrx_word' id='word_1_792' title='bbox 1908 4865 2051 4922; x_wconf 91' lang='lat' dir='ltr'><strong>sicut</strong></span> <span class='ocrx_word' id='word_1_793' title='bbox 2076 4874 2133 4923; x_wconf 92' lang='lat' dir='ltr'><strong>et</strong></span> 
     </span>
    </p>
   </div>
   <div class='ocr_carea' id='block_1_96' title="bbox 534 4951 2132 5025">
    <p class='ocr_par' dir='ltr' id='par_1_96' title="bbox 534 4951 2132 5025">
     <span class='ocr_line' id='line_1_96' title="bbox 534 4951 2132 5025; baseline 0.001 -15"><span class='ocrx_word' id='word_1_794' title='bbox 534 4951 811 5025; x_wconf 88' lang='lat' dir='ltr'><strong>discipulis</strong></span> <span class='ocrx_word' id='word_1_795' title='bbox 864 4951 1001 5008; x_wconf 89' lang='lat' dir='ltr'><strong>dicit</strong></span> <span class='ocrx_word' id='word_1_796' title='bbox 1037 4951 1102 5022; x_wconf 65' lang='lat'><strong>’3,</strong></span> <span class='ocrx_word' id='word_1_797' title='bbox 1147 4976 1171 5001; x_wconf 76' lang='grc' dir='ltr'><strong>α</strong></span> <span class='ocrx_word' id='word_1_798' title='bbox 1215 4954 1454 5010; x_wconf 88' lang='lat' dir='ltr'><strong>Creditis</strong></span> <span class='ocrx_word' id='word_1_799' title='bbox 1498 4954 1552 5010; x_wconf 91' lang='lat' dir='ltr'><strong>in</strong></span> <span class='ocrx_word' id='word_1_800' title='bbox 1600 4957 1802 5024; x_wconf 92' lang='lat' dir='ltr'><strong>Deum,</strong></span> <span class='ocrx_word' id='word_1_801' title='bbox 1843 4962 1900 5011; x_wconf 88' lang='lat' dir='ltr'><strong>et</strong></span> <span class='ocrx_word' id='word_1_802' title='bbox 1944 4957 2000 5011; x_wconf 94' lang='lat' dir='ltr'><strong>in</strong></span> <span class='ocrx_word' id='word_1_803' title='bbox 2041 4971 2132 5012; x_wconf 89' lang='lat' dir='ltr'><strong>me</strong></span> 
     </span>
    </p>
   </div>
   <div class='ocr_carea' id='block_1_97' title="bbox 533 5040 2126 5116">
    <p class='ocr_par' dir='ltr' id='par_1_97' title="bbox 533 5040 2126 5116">
     <span class='ocr_line' id='line_1_97' title="bbox 533 5040 2126 5116; baseline 0.001 -17"><span class='ocrx_word' id='word_1_804' title='bbox 533 5041 751 5099; x_wconf 90' lang='lat' dir='ltr'><strong>credite.</strong></span> <span class='ocrx_word' id='word_1_805' title='bbox 787 5065 811 5090; x_wconf 76' lang='grc' dir='ltr'><strong>ι</strong></span> <span class='ocrx_word' id='word_1_806' title='bbox 853 5043 1035 5114; x_wconf 86' lang='lat' dir='ltr'><strong>Atque</strong></span> <span class='ocrx_word' id='word_1_807' title='bbox 1069 5040 1164 5110; x_wconf 90' lang='lat' dir='ltr'><strong>ita,</strong></span> <span class='ocrx_word' id='word_1_808' title='bbox 1209 5043 1468 5114; x_wconf 90' lang='lat' dir='ltr'><strong>quoniam</strong></span> <span class='ocrx_word' id='word_1_809' title='bbox 1508 5043 1602 5116; x_wconf 91' lang='lat' dir='ltr'><strong>qui</strong></span> <span class='ocrx_word' id='word_1_810' title='bbox 1644 5044 1817 5100; x_wconf 91' lang='lat' dir='ltr'><strong>credit</strong></span> <span class='ocrx_word' id='word_1_811' title='bbox 1862 5045 1918 5100; x_wconf 88' lang='lat' dir='ltr'><strong>in</strong></span> <span class='ocrx_word' id='word_1_812' title='bbox 1948 5045 2126 5114; x_wconf 92' lang='lat' dir='ltr'><strong>illum,</strong></span> 
     </span>
    </p>
   </div>
   <div class='ocr_carea' id='block_1_98' title="bbox 531 5131 2128 5207">
    <p class='ocr_par' dir='ltr' id='par_1_98' title="bbox 531 5131 2128 5207">
     <span class='ocr_line' id='line_1_98' title="bbox 531 5131 2128 5207; baseline 0.001 -19"><span class='ocrx_word' id='word_1_813' title='bbox 531 5132 698 5190; x_wconf 85' lang='lat' dir='ltr'><strong>ﬁdem</strong></span> <span class='ocrx_word' id='word_1_814' title='bbox 725 5131 794 5189; x_wconf 91' lang='lat' dir='ltr'><strong>ad</strong></span> <span class='ocrx_word' id='word_1_815' title='bbox 832 5135 1049 5189; x_wconf 89' lang='lat' dir='ltr'><strong>Patrem</strong></span> <span class='ocrx_word' id='word_1_816' title='bbox 1072 5132 1419 5202; x_wconf 89' lang='lat' dir='ltr'><strong>transmittit,</strong></span> <span class='ocrx_word' id='word_1_817' title='bbox 1451 5134 1637 5204; x_wconf 91' lang='lat' dir='ltr'><strong>utique</strong></span> <span class='ocrx_word' id='word_1_818' title='bbox 1663 5144 1719 5190; x_wconf 90' lang='lat' dir='ltr'><strong>et</strong></span> <span class='ocrx_word' id='word_1_819' title='bbox 1742 5135 1836 5207; x_wconf 90' lang='lat' dir='ltr'><strong>qui</strong></span> <span class='ocrx_word' id='word_1_820' title='bbox 1863 5134 2128 5191; x_wconf 89' lang='lat' dir='ltr'><strong>discredit</strong></span> 
     </span>
    </p>
   </div>
   <div class='ocr_carea' id='block_1_99' title="bbox 528 5221 2126 5294">
    <p class='ocr_par' dir='ltr' id='par_1_99' title="bbox 528 5221 2126 5294">
     <span class='ocr_line' id='line_1_99' title="bbox 528 5221 2126 5294; baseline 0.001 -16"><span class='ocrx_word' id='word_1_821' title='bbox 528 5223 603 5294; x_wconf 90' lang='lat' dir='ltr'><strong>ei,</strong></span> <span class='ocrx_word' id='word_1_822' title='bbox 649 5222 798 5279; x_wconf 88' lang='lat' dir='ltr'><strong>Patri</strong></span> <span class='ocrx_word' id='word_1_823' title='bbox 841 5221 1120 5278; x_wconf 91' lang='lat' dir='ltr'><strong>discredit.</strong></span> <span class='ocrx_word' id='word_1_824' title='bbox 1175 5244 1202 5272; x_wconf 86' lang='lat'><strong>«</strong></span> <span class='ocrx_word' id='word_1_825' title='bbox 1248 5222 1351 5292; x_wconf 92' lang='lat' dir='ltr'><strong>Qui</strong></span> <span class='ocrx_word' id='word_1_826' title='bbox 1389 5231 1577 5279; x_wconf 87' lang='lat' dir='ltr'><strong>autem</strong></span> <span class='ocrx_word' id='word_1_827' title='bbox 1632 5223 1778 5280; x_wconf 85' lang='lat' dir='ltr'><strong>videt</strong></span> <span class='ocrx_word' id='word_1_828' title='bbox 1814 5239 1926 5292; x_wconf 92' lang='lat' dir='ltr'><strong>me,</strong></span> <span class='ocrx_word' id='word_1_829' title='bbox 1976 5222 2126 5280; x_wconf 86' lang='lat' dir='ltr'><strong>videt</strong></span> 
     </span>
    </p>
   </div>
   <div class='ocr_carea' id='block_1_100' title="bbox 528 5311 2124 5385">
    <p class='ocr_par' dir='ltr' id='par_1_100' title="bbox 528 5311 2124 5385">
     <span class='ocr_line' id='line_1_100' title="bbox 528 5311 2124 5385; baseline 0.001 -18"><span class='ocrx_word' id='word_1_830' title='bbox 528 5327 658 5368; x_wconf 90' lang='lat' dir='ltr'><strong>eum</strong></span> <span class='ocrx_word' id='word_1_831' title='bbox 709 5311 802 5385; x_wconf 93' lang='lat' dir='ltr'><strong>qui</strong></span> <span class='ocrx_word' id='word_1_832' title='bbox 847 5311 997 5368; x_wconf 90' lang='lat' dir='ltr'><strong>misit</strong></span> <span class='ocrx_word' id='word_1_833' title='bbox 1059 5327 1166 5368; x_wconf 90' lang='lat' dir='ltr'><strong>me.</strong></span> <span class='ocrx_word' id='word_1_834' title='bbox 1216 5334 1242 5361; x_wconf 73' lang='grc' dir='ltr'><strong>ν</strong></span> <span class='ocrx_word' id='word_1_835' title='bbox 1288 5312 1552 5384; x_wconf 89' lang='lat' dir='ltr'><strong>Nunquid</strong></span> <span class='ocrx_word' id='word_1_836' title='bbox 1599 5313 1751 5369; x_wconf 89' lang='lat' dir='ltr'><strong>videt</strong></span> <span class='ocrx_word' id='word_1_837' title='bbox 1793 5313 2124 5369; x_wconf 88' lang='lat' dir='ltr'><strong>lineamenta</strong></span> 
     </span>
    </p>
   </div>
   <div class='ocr_carea' id='block_1_101' title="bbox 531 5401 2122 5474">
    <p class='ocr_par' dir='ltr' id='par_1_101' title="bbox 531 5401 2122 5474">
     <span class='ocr_line' id='line_1_101' title="bbox 531 5401 2122 5474; baseline 0.003 -19"><span class='ocrx_word' id='word_1_838' title='bbox 531 5402 776 5472; x_wconf 87' lang='lat' dir='ltr'><strong>corporis</strong></span> <span class='ocrx_word' id='word_1_839' title='bbox 800 5401 950 5474; x_wconf 75' lang='lat' dir='ltr'><strong>ejus?</strong></span> <span class='ocrx_word' id='word_1_840' title='bbox 978 5405 1102 5459; x_wconf 88' lang='lat' dir='ltr'><strong>Non</strong></span> <span class='ocrx_word' id='word_1_841' title='bbox 1152 5423 1165 5458; x_wconf 90' lang='lat'><strong>:</strong></span> <span class='ocrx_word' id='word_1_842' title='bbox 1194 5418 1369 5474; x_wconf 91' lang='lat' dir='ltr'><strong>neque</strong></span> <span class='ocrx_word' id='word_1_843' title='bbox 1406 5403 1553 5458; x_wconf 90' lang='lat' dir='ltr'><strong>enim</strong></span> <span class='ocrx_word' id='word_1_844' title='bbox 1577 5404 1736 5459; x_wconf 89' lang='lat' dir='ltr'><strong>Pater</strong></span> <span class='ocrx_word' id='word_1_845' title='bbox 1784 5401 1955 5458; x_wconf 91' lang='lat' dir='ltr'><strong>habet</strong></span> <span class='ocrx_word' id='word_1_846' title='bbox 1999 5418 2122 5459; x_wconf 82' lang='lat' dir='ltr'><strong>cor-</strong></span> 
     </span>
    </p>
   </div>
   <div class='ocr_carea' id='block_1_102' title="bbox 2249 4586 3847 4670">
    <p class='ocr_par' dir='ltr' id='par_1_102' title="bbox 2249 4586 3847 4670">
     <span class='ocr_line' id='line_1_102' title="bbox 2249 4586 3847 4670; baseline 0.002 -22"><span class='ocrx_word' id='word_1_847' title='bbox 2249 4589 2465 4655; x_wconf 78' lang='grc' dir='ltr'>Παῦλος</span> <span class='ocrx_word' id='word_1_848' title='bbox 2498 4586 2655 4667; x_wconf 84' lang='grc' dir='ltr'>τυχὸν</span> <span class='ocrx_word' id='word_1_849' title='bbox 2706 4587 2798 4646; x_wconf 81' lang='grc' dir='ltr'>καὶ</span> <span class='ocrx_word' id='word_1_850' title='bbox 2829 4591 2856 4646; x_wconf 92' lang='lat'><strong>6</strong></span> <span class='ocrx_word' id='word_1_851' title='bbox 2901 4589 3104 4670; x_wconf 85' lang='grc' dir='ltr'>Πέτρος</span> <span class='ocrx_word' id='word_1_852' title='bbox 3142 4589 3404 4663; x_wconf 77' lang='grc' dir='ltr'>ἠδύναντο</span> <span class='ocrx_word' id='word_1_853' title='bbox 3433 4591 3624 4662; x_wconf 79' lang='grc' dir='ltr'>εἰπεῖν,</span> <span class='ocrx_word' id='word_1_854' title='bbox 3669 4588 3749 4648; x_wconf 76' lang='grc' dir='ltr'>ὅτι</span> <span class='ocrx_word' id='word_1_855' title='bbox 3779 4589 3847 4651; x_wconf 90' lang='grc' dir='ltr'>Ὁ</span> 
     </span>
    </p>
   </div>
   <div class='ocr_carea' id='block_1_103' title="bbox 2243 4675 3845 4758">
    <p class='ocr_par' dir='ltr' id='par_1_103' title="bbox 2243 4675 3845 4758">
     <span class='ocr_line' id='line_1_103' title="bbox 2243 4675 3845 4758; baseline 0.002 -22"><span class='ocrx_word' id='word_1_856' title='bbox 2243 4678 2506 4737; x_wconf 90' lang='grc' dir='ltr'>πιστεύων</span> <span class='ocrx_word' id='word_1_857' title='bbox 2542 4675 2688 4755; x_wconf 80' lang='grc' dir='ltr'>ἐμοί·</span> <span class='ocrx_word' id='word_1_858' title='bbox 2723 4676 2862 4737; x_wconf 76' lang='grc' dir='ltr'>ἀλλὰ</span> <span class='ocrx_word' id='word_1_859' title='bbox 2907 4680 3000 4737; x_wconf 89' lang='grc' dir='ltr'><strong>καὶ</strong></span> <span class='ocrx_word' id='word_1_860' title='bbox 3041 4682 3088 4738; x_wconf 79' lang='grc' dir='ltr'><strong>οἱ</strong></span> <span class='ocrx_word' id='word_1_861' title='bbox 3140 4679 3389 4758; x_wconf 84' lang='grc' dir='ltr'>Ἑϐραῖοι</span> <span class='ocrx_word' id='word_1_862' title='bbox 3421 4679 3556 4739; x_wconf 88' lang='grc' dir='ltr'>διότι</span> <span class='ocrx_word' id='word_1_863' title='bbox 3587 4679 3683 4738; x_wconf 82' lang='grc' dir='ltr'><strong>οὐκ</strong></span> <span class='ocrx_word' id='word_1_864' title='bbox 3725 4679 3845 4740; x_wconf 77' lang='grc' dir='ltr'>ἐπί-</span> 
     </span>
    </p>
   </div>
   <div class='ocr_carea' id='block_1_104' title="bbox 2244 4758 3839 4848">
    <p class='ocr_par' dir='ltr' id='par_1_104' title="bbox 2244 4758 3839 4848">
     <span class='ocr_line' id='line_1_104' title="bbox 2244 4758 3839 4848; baseline 0.003 -23"><span class='ocrx_word' id='word_1_865' title='bbox 2244 4790 2428 4826; x_wconf 90' lang='grc' dir='ltr'>στευον</span> <span class='ocrx_word' id='word_1_866' title='bbox 2475 4771 2690 4840; x_wconf 88' lang='grc' dir='ltr'>Μωσεῖ,</span> <span class='ocrx_word' id='word_1_867' title='bbox 2747 4767 3144 4848; x_wconf 81' lang='grc' dir='ltr'>ὀνειδίζονται),</span> <span class='ocrx_word' id='word_1_868' title='bbox 3205 4770 3265 4828; x_wconf 91' lang='grc' dir='ltr'><strong>τὸ</strong></span> <span class='ocrx_word' id='word_1_869' title='bbox 3308 4767 3364 4827; x_wconf 85' lang='grc' dir='ltr'>δὲ</span> <span class='ocrx_word' id='word_1_870' title='bbox 3421 4773 3597 4846; x_wconf 82' lang='grc' dir='ltr'>μεῖζον</span> <span class='ocrx_word' id='word_1_871' title='bbox 3653 4758 3839 4844; x_wconf 73' lang='grc' dir='ltr'>εἶπεν,</span> 
     </span>
    </p>
   </div>
   <div class='ocr_carea' id='block_1_105' title="bbox 2239 4851 3840 4937">
    <p class='ocr_par' dir='ltr' id='par_1_105' title="bbox 2239 4851 3840 4937">
     <span class='ocr_line' id='line_1_105' title="bbox 2239 4851 3840 4937; baseline 0.001 -22"><span class='ocrx_word' id='word_1_872' title='bbox 2239 4857 2320 4915; x_wconf 75' lang='grc' dir='ltr'>ὅτι</span> <span class='ocrx_word' id='word_1_873' title='bbox 2359 4879 2388 4916; x_wconf 86' lang='grc' dir='ltr'>(ι</span> <span class='ocrx_word' id='word_1_874' title='bbox 2420 4855 2488 4917; x_wconf 87' lang='grc' dir='ltr'>Ὁ</span> <span class='ocrx_word' id='word_1_875' title='bbox 2519 4855 2780 4915; x_wconf 89' lang='grc' dir='ltr'>πιστεύων</span> <span class='ocrx_word' id='word_1_876' title='bbox 2815 4858 2887 4924; x_wconf 81' lang='grc' dir='ltr'>εἷς</span> <span class='ocrx_word' id='word_1_877' title='bbox 2929 4857 3059 4937; x_wconf 84' lang='grc' dir='ltr'><strong>ἐμέ·</strong></span> <span class='ocrx_word' id='word_1_878' title='bbox 3093 4885 3118 4913; x_wconf 77' lang='grc' dir='ltr'><strong>ι</strong></span> <span class='ocrx_word' id='word_1_879' title='bbox 3163 4858 3228 4917; x_wconf 88' lang='grc' dir='ltr'>δι’</span> <span class='ocrx_word' id='word_1_880' title='bbox 3271 4851 3330 4917; x_wconf 65' lang='grc' dir='ltr'>οὗ</span> <span class='ocrx_word' id='word_1_881' title='bbox 3374 4859 3597 4917; x_wconf 83' lang='grc' dir='ltr'>δεικνύει</span> <span class='ocrx_word' id='word_1_882' title='bbox 3653 4858 3840 4918; x_wconf 83' lang='grc' dir='ltr'>ἑαυτὸν</span> 
     </span>
    </p>
   </div>
   <div class='ocr_carea' id='block_1_106' title="bbox 2239 4944 3851 5027">
    <p class='ocr_par' dir='ltr' id='par_1_106' title="bbox 2239 4944 3851 5027">
     <span class='ocr_line' id='line_1_106' title="bbox 2239 4944 3851 5027; baseline -0.001 -20"><span class='ocrx_word' id='word_1_883' title='bbox 2239 4945 2378 5008; x_wconf 87' lang='grc' dir='ltr'>Θεὸν</span> <span class='ocrx_word' id='word_1_884' title='bbox 2425 4945 2554 5004; x_wconf 85' lang='grc' dir='ltr'>ὄντα</span> <span class='ocrx_word' id='word_1_885' title='bbox 2582 4969 2595 4982; x_wconf 90' lang='grc'><strong>·</strong></span> <span class='ocrx_word' id='word_1_886' title='bbox 2628 4944 2812 5027; x_wconf 83' lang='grc' dir='ltr'>ὥσπερ</span> <span class='ocrx_word' id='word_1_887' title='bbox 2845 4947 2936 5006; x_wconf 83' lang='grc' dir='ltr'>καὶ</span> <span class='ocrx_word' id='word_1_888' title='bbox 2989 4950 3097 5017; x_wconf 88' lang='grc' dir='ltr'>τοῖς</span> <span class='ocrx_word' id='word_1_889' title='bbox 3141 4951 3404 5026; x_wconf 82' lang='grc' dir='ltr'>μαθηταῖς</span> <span class='ocrx_word' id='word_1_890' title='bbox 3451 4946 3624 5027; x_wconf 75' lang='grc' dir='ltr'>λέγει’</span> <span class='ocrx_word' id='word_1_891' title='bbox 3683 4969 3712 5005; x_wconf 83' lang='grc' dir='ltr'>ι(</span> <span class='ocrx_word' id='word_1_892' title='bbox 3741 4950 3851 5009; x_wconf 84' lang='grc' dir='ltr'>Πι-</span> 
     </span>
    </p>
   </div>
   <div class='ocr_carea' id='block_1_107' title="bbox 2239 5035 3847 5115">
    <p class='ocr_par' dir='ltr' id='par_1_107' title="bbox 2239 5035 3847 5115">
     <span class='ocr_line' id='line_1_107' title="bbox 2239 5035 3847 5115; baseline 0.002 -21"><span class='ocrx_word' id='word_1_893' title='bbox 2239 5035 2448 5094; x_wconf 85' lang='grc' dir='ltr'>στεύετε</span> <span class='ocrx_word' id='word_1_894' title='bbox 2478 5037 2549 5104; x_wconf 85' lang='grc' dir='ltr'><strong>εἷς</strong></span> <span class='ocrx_word' id='word_1_895' title='bbox 2577 5035 2741 5114; x_wconf 88' lang='grc' dir='ltr'>Θεὸν,</span> <span class='ocrx_word' id='word_1_896' title='bbox 2773 5036 2864 5096; x_wconf 84' lang='grc' dir='ltr'><strong>καὶ</strong></span> <span class='ocrx_word' id='word_1_897' title='bbox 2898 5039 2969 5104; x_wconf 85' lang='grc' dir='ltr'>εἷς</span> <span class='ocrx_word' id='word_1_898' title='bbox 2999 5036 3095 5115; x_wconf 86' lang='grc' dir='ltr'><strong>ἐμὲ</strong></span> <span class='ocrx_word' id='word_1_899' title='bbox 3124 5035 3422 5098; x_wconf 88' lang='grc' dir='ltr'>πιστεύετε.</span> <span class='ocrx_word' id='word_1_900' title='bbox 3458 5063 3485 5090; x_wconf 74' lang='grc' dir='ltr'><strong>ι</strong></span> <span class='ocrx_word' id='word_1_901' title='bbox 3515 5036 3692 5097; x_wconf 63' lang='grc' dir='ltr'>σΩστε</span> <span class='ocrx_word' id='word_1_902' title='bbox 3728 5039 3847 5097; x_wconf 83' lang='grc' dir='ltr'>ἐπεὶ</span> 
     </span>
    </p>
   </div>
   <div class='ocr_carea' id='block_1_108' title="bbox 2237 5124 3840 5207">
    <p class='ocr_par' dir='ltr' id='par_1_108' title="bbox 2237 5124 3840 5207">
     <span class='ocr_line' id='line_1_108' title="bbox 2237 5124 3840 5207; baseline 0 -21"><span class='ocrx_word' id='word_1_903' title='bbox 2237 5129 2265 5186; x_wconf 91' lang='lat'><strong>6</strong></span> <span class='ocrx_word' id='word_1_904' title='bbox 2313 5124 2576 5183; x_wconf 89' lang='grc' dir='ltr'>πιστεύων</span> <span class='ocrx_word' id='word_1_905' title='bbox 2635 5127 2706 5194; x_wconf 85' lang='grc' dir='ltr'>εἷς</span> <span class='ocrx_word' id='word_1_906' title='bbox 2766 5125 2921 5186; x_wconf 80' lang='grc' dir='ltr'>αὐτὸν</span> <span class='ocrx_word' id='word_1_907' title='bbox 2966 5124 3064 5199; x_wconf 77' lang='grc' dir='ltr'>τὴν</span> <span class='ocrx_word' id='word_1_908' title='bbox 3111 5125 3291 5188; x_wconf 89' lang='grc' dir='ltr'>πίστιν</span> <span class='ocrx_word' id='word_1_909' title='bbox 3345 5130 3417 5194; x_wconf 79' lang='grc' dir='ltr'>εἰς</span> <span class='ocrx_word' id='word_1_910' title='bbox 3468 5127 3558 5186; x_wconf 91' lang='grc' dir='ltr'><strong>τὸν</strong></span> <span class='ocrx_word' id='word_1_911' title='bbox 3613 5125 3840 5207; x_wconf 80' lang='grc' dir='ltr'>Πατέρα</span> 
     </span>
    </p>
   </div>
   <div class='ocr_carea' id='block_1_109' title="bbox 2235 5213 3843 5299">
    <p class='ocr_par' dir='ltr' id='par_1_109' title="bbox 2235 5213 3843 5299">
     <span class='ocr_line' id='line_1_109' title="bbox 2235 5213 3843 5299; baseline 0.002 -27"><span class='ocrx_word' id='word_1_912' title='bbox 2235 5213 2564 5283; x_wconf 79' lang='grc' dir='ltr'>διαϐιϐάζει·</span> <span class='ocrx_word' id='word_1_913' title='bbox 2628 5214 2721 5274; x_wconf 83' lang='grc' dir='ltr'>καὶ</span> <span class='ocrx_word' id='word_1_914' title='bbox 2770 5219 2797 5275; x_wconf 91' lang='lat'><strong>6</strong></span> <span class='ocrx_word' id='word_1_915' title='bbox 2851 5217 3091 5276; x_wconf 87' lang='grc' dir='ltr'>ἀπιστῶν</span> <span class='ocrx_word' id='word_1_916' title='bbox 3151 5216 3257 5299; x_wconf 78' lang='grc' dir='ltr'>ἄρα</span> <span class='ocrx_word' id='word_1_917' title='bbox 3305 5217 3450 5298; x_wconf 76' lang='grc' dir='ltr'>αὐτῷ</span> <span class='ocrx_word' id='word_1_918' title='bbox 3508 5219 3584 5298; x_wconf 83' lang='grc' dir='ltr'>τῷ</span> <span class='ocrx_word' id='word_1_919' title='bbox 3653 5218 3843 5294; x_wconf 76' lang='grc' dir='ltr'>Πατρὶ</span> 
     </span>
    </p>
   </div>
   <div class='ocr_carea' id='block_1_110' title="bbox 2235 5305 3832 5388">
    <p class='ocr_par' dir='ltr' id='par_1_110' title="bbox 2235 5305 3832 5388">
     <span class='ocr_line' id='line_1_110' title="bbox 2235 5305 3832 5388; baseline 0 -24"><span class='ocrx_word' id='word_1_920' title='bbox 2235 5308 2468 5367; x_wconf 89' lang='grc' dir='ltr'>ἀπιστεῖ.</span> <span class='ocrx_word' id='word_1_921' title='bbox 2517 5332 2543 5358; x_wconf 77' lang='grc' dir='ltr'>«ι</span> <span class='ocrx_word' id='word_1_922' title='bbox 2597 5305 2708 5388; x_wconf 76' lang='grc' dir='ltr'><strong>Καὶ</strong></span> <span class='ocrx_word' id='word_1_923' title='bbox 2757 5308 2784 5364; x_wconf 93' lang='lat'><strong>6</strong></span> <span class='ocrx_word' id='word_1_924' title='bbox 2817 5311 3026 5387; x_wconf 82' lang='grc' dir='ltr'>θεωρῶν</span> <span class='ocrx_word' id='word_1_925' title='bbox 3075 5305 3131 5365; x_wconf 75' lang='grc' dir='ltr'>δὲ</span> <span class='ocrx_word' id='word_1_926' title='bbox 3177 5307 3273 5384; x_wconf 84' lang='grc' dir='ltr'><strong>ἐμὲ</strong></span> <span class='ocrx_word' id='word_1_927' title='bbox 3316 5312 3504 5388; x_wconf 87' lang='grc' dir='ltr'>θεωρεῖ</span> <span class='ocrx_word' id='word_1_928' title='bbox 3545 5305 3634 5367; x_wconf 89' lang='grc' dir='ltr'><strong>τὸν</strong></span> <span class='ocrx_word' id='word_1_929' title='bbox 3681 5305 3832 5383; x_wconf 82' lang='grc' dir='ltr'>πέμ-</span> 
     </span>
    </p>
   </div>
   <div class='ocr_carea' id='block_1_111' title="bbox 2233 5385 3839 5477">
    <p class='ocr_par' dir='ltr' id='par_1_111' title="bbox 2233 5385 3839 5477">
     <span class='ocr_line' id='line_1_111' title="bbox 2233 5385 3839 5477; baseline 0.002 -26"><span class='ocrx_word' id='word_1_930' title='bbox 2233 5395 2407 5474; x_wconf 82' lang='grc' dir='ltr'>ψαντά</span> <span class='ocrx_word' id='word_1_931' title='bbox 2441 5417 2530 5472; x_wconf 83' lang='grc' dir='ltr'><strong>με.</strong></span> <span class='ocrx_word' id='word_1_932' title='bbox 2578 5422 2604 5447; x_wconf 66' lang='lat' dir='ltr'><strong>n</strong></span> <span class='ocrx_word' id='word_1_933' title='bbox 2650 5385 2787 5475; x_wconf 68' lang='grc' dir='ltr'><strong>Ἆρα</strong></span> <span class='ocrx_word' id='word_1_934' title='bbox 2838 5400 2866 5456; x_wconf 90' lang='lat'><strong>6</strong></span> <span class='ocrx_word' id='word_1_935' title='bbox 2913 5385 3121 5477; x_wconf 81' lang='grc' dir='ltr'>θεωρῶν</span> <span class='ocrx_word' id='word_1_936' title='bbox 3161 5397 3250 5458; x_wconf 90' lang='grc' dir='ltr'><strong>τὸν</strong></span> <span class='ocrx_word' id='word_1_937' title='bbox 3293 5385 3605 5475; x_wconf 81' lang='grc' dir='ltr'>σωματικὸν</span> <span class='ocrx_word' id='word_1_938' title='bbox 3652 5419 3839 5477; x_wconf 80' lang='grc' dir='ltr'>χαρα·</span> 
     </span>
    </p>
   </div>
   <div class='ocr_carea' id='block_1_112' title="bbox 600 5523 3150 5602">
    <p class='ocr_par' dir='ltr' id='par_1_112' title="bbox 600 5523 3150 5602">
     <span class='ocr_line' id='line_1_112' title="bbox 600 5523 3150 5602; baseline 0.002 -23"><span class='ocrx_word' id='word_1_939' title='bbox 600 5523 644 5556; x_wconf 82' lang='grc'><strong>²⁶</strong></span> <span class='ocrx_word' id='word_1_940' title='bbox 676 5526 844 5583; x_wconf 79' lang='lat' dir='ltr'><strong>Rom.</strong></span> <span class='ocrx_word' id='word_1_941' title='bbox 873 5543 936 5597; x_wconf 72' lang='grc' dir='ltr'>ι,</span> <span class='ocrx_word' id='word_1_942' title='bbox 978 5533 1044 5585; x_wconf 88' lang='grc'><strong>19</strong></span> <span class='ocrx_word' id='word_1_943' title='bbox 1069 5543 1218 5600; x_wconf 87' lang='lat' dir='ltr'><strong>seqq.-</strong></span> <span class='ocrx_word' id='word_1_944' title='bbox 1242 5528 1286 5562; x_wconf 80' lang='grc'>²⁶</span> <span class='ocrx_word' id='word_1_945' title='bbox 1309 5531 1466 5584; x_wconf 89' lang='lat' dir='ltr'><strong>Joan.</strong></span> <span class='ocrx_word' id='word_1_946' title='bbox 1496 5543 1555 5597; x_wconf 90' lang='lat' dir='ltr'><strong>v,</strong></span> <span class='ocrx_word' id='word_1_947' title='bbox 1581 5532 1682 5596; x_wconf 85' lang='lat'><strong>44;</strong></span> <span class='ocrx_word' id='word_1_948' title='bbox 1711 5529 1882 5584; x_wconf 91' lang='lat' dir='ltr'><strong>lCor.</strong></span> <span class='ocrx_word' id='word_1_949' title='bbox 1923 5542 2011 5594; x_wconf 87' lang='lat' dir='ltr'><strong>1v,</strong></span> <span class='ocrx_word' id='word_1_950' title='bbox 2054 5533 2108 5584; x_wconf 89' lang='lat'><strong>3.</strong></span> <span class='ocrx_word' id='word_1_951' title='bbox 2135 5527 2178 5560; x_wconf 82' lang='grc'>²⁷</span> <span class='ocrx_word' id='word_1_952' title='bbox 2209 5527 2445 5602; x_wconf 90' lang='lat' dir='ltr'><strong>Philipp.</strong></span> <span class='ocrx_word' id='word_1_953' title='bbox 2476 5543 2550 5597; x_wconf 89' lang='lat' dir='ltr'><strong>II,</strong></span> <span class='ocrx_word' id='word_1_954' title='bbox 2579 5535 2633 5586; x_wconf 87' lang='lat'><strong>6.</strong></span> <span class='ocrx_word' id='word_1_955' title='bbox 2664 5525 2707 5562; x_wconf 77' lang='grc'><strong>²³</strong></span> <span class='ocrx_word' id='word_1_956' title='bbox 2735 5531 2896 5586; x_wconf 88' lang='lat' dir='ltr'><strong>Joan.</strong></span> <span class='ocrx_word' id='word_1_957' title='bbox 2931 5545 3062 5602; x_wconf 66' lang='lat' dir='ltr'><strong>xxv,</strong></span> <span class='ocrx_word' id='word_1_958' title='bbox 3099 5536 3150 5587; x_wconf 85' lang='lat'><strong>1.</strong></span> 
     </span>
    </p>
   </div>
   <div class='ocr_carea' id='block_1_113' title="bbox 1549 5644 2808 5709">
    <p class='ocr_par' dir='ltr' id='par_1_113' title="bbox 1549 5644 2808 5709">
     <span class='ocr_line' id='line_1_113' title="bbox 1549 5644 2808 5709; baseline 0.004 -8"><span class='ocrx_word' id='word_1_959' title='bbox 1549 5644 1635 5702; x_wconf 83' lang='lat' dir='ltr'><strong>Ex</strong></span> <span class='ocrx_word' id='word_1_960' title='bbox 1681 5645 1994 5704; x_wconf 85' lang='lat' dir='ltr'><strong>collatione</strong></span> <span class='ocrx_word' id='word_1_961' title='bbox 2026 5646 2196 5706; x_wconf 91' lang='lat' dir='ltr'><strong>codd.</strong></span> <span class='ocrx_word' id='word_1_962' title='bbox 2242 5648 2450 5709; x_wconf 84' lang='lat' dir='ltr'><strong>Venet.</strong></span> <span class='ocrx_word' id='word_1_963' title='bbox 2492 5647 2554 5706; x_wconf 91' lang='lat' dir='ltr'><strong>S.</strong></span> <span class='ocrx_word' id='word_1_964' title='bbox 2597 5645 2808 5706; x_wconf 87' lang='lat' dir='ltr'><strong>Marci.</strong></span> 
     </span>
    </p>
   </div>
   <div class='ocr_carea' id='block_1_114' title="bbox 598 5735 1404 5808">
    <p class='ocr_par' dir='ltr' id='par_1_114' title="bbox 598 5735 1404 5808">
     <span class='ocr_line' id='line_1_114' title="bbox 598 5735 1404 5808; baseline 0.005 -17"><span class='ocrx_word' id='word_1_965' title='bbox 598 5739 709 5802; x_wconf 83' lang='lat'><strong>(33)</strong></span> <span class='ocrx_word' id='word_1_966' title='bbox 736 5735 876 5794; x_wconf 86' lang='lat' dir='ltr'><strong>Cod.</strong></span> <span class='ocrx_word' id='word_1_967' title='bbox 912 5745 1000 5808; x_wconf 87' lang='lat'><strong>3|,</strong></span> <span class='ocrx_word' id='word_1_968' title='bbox 1038 5739 1096 5793; x_wconf 80' lang='grc' dir='ltr'><strong>οὗ</strong></span> <span class='ocrx_word' id='word_1_969' title='bbox 1123 5743 1404 5808; x_wconf 76' lang='grc' dir='ltr'>ζητοῦντες.</span> 
     </span>
    </p>
   </div>
  </div>
