4198 6522
388 460 495 516 ιιι

1230 467 1623 524 ENARRATIO
1663 468 1727 522 IN
1765 465 2205 523 EVANGELIUM
2242 464 2544 522 JOANNIS.
2584 496 2656 507 —
2694 467 2845 522 CAP.
2884 468 2992 523 Xll.

3655 475 3757 528 142

395 589 625 667 κτῆρα;
657 590 844 669 Οὐχί.
871 593 956 652 Οὖ
976 590 1078 671 γὰρ
1102 591 1166 665 δὴ
1188 595 1348 670 σῶμα
1373 596 1400 652 6
1426 596 1640 673 Πατὴρ,
1663 590 1752 652 ἵνα
1778 595 1806 652 6
1833 594 2024 670 decipi?»

2148 607 2269 662 pus,
2334 599 2397 648 ut
2447 590 2540 664 qui
2590 592 2951 664 corporaliter
3003 592 3149 650 videt
3199 593 3504 663 Christum,
3571 597 3755 654 videre

406 683 759 754 σωματικῶς
802 680 895 740 τὸν
947 682 1211 762 Χριστὸν,
1266 687 1479 763 θεωρεῖν
1533 683 1625 741 καὶ
1671 683 1760 742 τὸν
1813 681 2036 762 Πατέρα

413 768 676 846 λεχθείη·
726 770 876 829 ἀλλὰ
909 771 1128 852 θεωρίαν
1177 771 1273 844 τὴν
1328 772 1470 831 κατὰ
1522 777 1640 831 νοῦν
1689 771 1912 832 ἐνταῦθοὶ
1947 793 2038 848 μοι

427 858 561 918 νόει·
597 858 790 940 ὥσπερ
824 861 892 920 ἂν
923 863 969 920 εἰ
998 862 1166 931 οὕτως
1190 864 1366 940 ἔλεγεν
1387 887 1401 900 ·
1423 862 1492 923 Ὁ
1523 861 1618 932 τὴν
1644 861 1779 938 ἐμὴν
1811 863 1996 921 οὐσίαν
2017 904 2035 934 ,

431 950 502 1013 ὣς
537 948 762 1009 δυνατὸν
813 949 1115 1033 ἀνθρώπῳ,
1169 951 1495 1011 καταλαϐὼν
1541 951 1626 1010 διὰ
1679 956 1773 1024 τῆς
1814 950 2036 1031 θεωρίας

435 1043 526 1096 τοῦ
568 1043 693 1117 νοῦ,
745 1039 840 1098 καὶ
885 1040 984 1111 τὴν
1023 1046 1114 1100 τοῦ
1162 1041 1376 1123 Πατρὸς
1428 1043 1766 1120 κατείληφεν.
1823 1039 1891 1100 Ὁ
1941 1037 2034 1115 ἐμὲ

438 1127 609 1205 γνοὺς,
640 1128 722 1187 ὅτι
762 1129 923 1202 Θεὸς,
957 1130 1051 1189 καὶ
1083 1131 1169 1190 τὸν
1208 1132 1428 1213 Πατέρα
1455 1129 1692 1198 πάντωςο
1727 1131 1884 1189 εἰκὼν
1930 1127 2033 1208 γάρ

466 1218 484 1240 Ί
643 1222 677 1236 υ
885 1219 900 1240 Ι
1211 1221 1225 1242 1
1338 1247 1346 1256 ‘
1529 1219 1531 1223 ’
1566 1218 1581 1240 Ι
1772 1220 1784 1240 ἱ
1976 1218 1992 1237 Ι

441 1239 552 1295 ειμι
587 1241 676 1276 του
709 1222 946 1300 Πατρος.
1001 1221 1105 1280 Διὰ
1147 1245 1360 1281 παντων
1402 1221 1456 1280 δὲ
1488 1243 1690 1280 τουτων
1737 1245 1795 1278 το
1832 1223 2032 1297 δμοου-

442 1329 551 1366 σιον
578 1309 824 1381 δηλοῦται
855 1315 948 1370 τοῦ
991 1311 1202 1390 Πατρὶς
1232 1311 1324 1370 καὶ
1352 1315 1444 1370 τοῦ
1476 1312 1630 1371 Υἷοῦ.
1665 1309 2030 1371 Ἀκουέτωσαν

437 1398 488 1454 οἱ
527 1396 594 1456 τὰ
625 1401 717 1456 τοῦ
757 1397 957 1478 Ἀρείου
997 1407 1290 1475 νοσοῦντες,
1343 1401 1424 1460 ὅτι
1453 1403 1480 1459 6
1521 1399 1782 1460 πιστεύων
1817 1401 1891 1465 εἰς
1941 1397 2028 1456 τὸν

435 1484 573 1544 Πὸνι
614 1487 674 1546 οὗ
716 1488 955 1548 πιστεύει
992 1494 1071 1556 εἰς
1118 1490 1308 1563 αὐτὸν,
1365 1493 1484 1549 ἀλλ’
1534 1493 1605 1558 εἷς
1649 1490 1736 1549 τὸν
1778 1488 2029 1567 Πατέρα·

428 1573 572 1632 ὥστε
669 1576 866 1654 κτίσμα
899 1578 990 1636 καὶ
1022 1583 1050 1638 6
1081 1578 1302 1659 Πατὴρ,
1331 1579 1366 1650 ἢ
1397 1580 1514 1638 οὐδὲ
1554 1584 1582 1638 6
1624 1580 1772 1646 Υἱός.
1808 1576 2032 1658 θΩσπερ

433 1663 503 1722 ἂν
533 1665 676 1725 εἴποι
695 1691 792 1741 τις,
824 1667 905 1726 ὅτι
931 1667 1002 1729 Ὀ
1028 1669 1088 1729 τὸ
1117 1675 1208 1728 τοῦ
1241 1675 1485 1747 ποταμοῦ
1518 1671 1808 1751 ἀρυόμενος
1855 1667 2027 1746 ὕδωρ,

433 1755 497 1812 οὗ
529 1754 596 1813 τὸ
637 1761 732 1814 τοῦ
777 1763 1056 1835 ποταμοῦ,
1102 1758 1244 1818 ἀλλὰ
1277 1758 1338 1818 τὸ
1367 1763 1461 1830 τῆς
1503 1764 1680 1838 πηγῆς
1729 1757 2032 1835 λαμϐάνει*

463 1842 494 1901 ὅ
683 1846 696 1866 ι
982 1848 996 1870 I
1263 1847 1276 1866 κ
1426 1850 1438 1867 \
1577 1850 1594 1871 ο
1817 1851 1831 1866 η
1981 1846 1992 1864 \

431 1867 464 1903 ο
495 1868 578 1903 τω
610 1867 703 1905 και
737 1850 765 1906 6
812 1871 1076 1908 πιστευων
1125 1852 1200 1916 εἷς
1229 1872 1317 1906 τον
1352 1849 1510 1922 Υῖον,
1544 1872 1637 1907 ουκ
1683 1851 1753 1915 εἷς
1783 1871 1871 1906 τον
1906 1848 2034 1906 Υἱον

2147 679 2359 736 dicatur
2386 689 2443 737 et
2487 683 2730 750 Patrem,
2760 681 2857 737 sed
2888 682 3126 756 intellige
3171 683 3261 740 hic
3289 684 3556 740 visionem
3591 702 3756 742 men-

2149 769 2314 825 talem
2360 771 2500 826 sicut
2535 772 2585 827 si
2611 771 2686 827 ita
2730 770 2956 840 diceret,
2999 772 3108 844 Qui
3138 788 3322 828 meam
3352 774 3748 844 substantiam,

2147 867 2210 913 ut
2254 859 2510 930 possibile
2556 869 2640 916 est
2665 860 2896 931 homini,
2937 861 3421 932 comprehenderit
3455 879 3552 934 per
3577 865 3748 936 683

2145 949 2668 1021 contemplationem
2723 949 2945 1019 mentis,
2999 958 3054 1006 et
3102 952 3283 1007 Patris
3338 968 3559 1025 quoque
3615 953 3751 1009 sub-

2143 1038 2402 1093 stantiam
2437 1038 2817 1110 apprehendit.
2867 1039 2974 1110 Qui
3023 1041 3286 1112 cognovit
3315 1057 3403 1096 me
3451 1049 3515 1096 ut
3542 1044 3747 1111 Deum,

2142 1126 2305 1183 etiam
2349 1130 2567 1184 Patrem
2614 1130 2841 1186 omnino
2874 1147 2889 1184 :
2926 1129 3380 1202 quandoquidem
3411 1131 3590 1204 imago
3621 1147 3748 1188 sum

2140 1217 2332 1273 Patris.
2359 1220 2463 1273 Per
2483 1218 2670 1274 omnia
2692 1227 2876 1274 autem
2909 1217 3026 1275 haec
3047 1218 3461 1288 manifestatur,
3489 1219 3746 1277 eamdem

2141 1321 2259 1362 esse
2287 1307 2653 1363 substantiam
2682 1309 2861 1365 Patris
2903 1325 2968 1364 ac
2994 1309 3134 1364 Filii.
3182 1308 3423 1366 Audiant
3459 1310 3550 1382 qui
3582 1311 3750 1367 Aria—

2141 1411 2341 1451 norum
2373 1396 2568 1453 morbo
2599 1397 2848 1454 laborant
2879 1419 2895 1452 :
2939 1399 3042 1468 Qui
3085 1397 3264 1454 credit
3293 1399 3349 1454 in
3379 1400 3601 1467 Filium,
3635 1416 3751 1457 non

2141 1485 2315 1542 credit
2352 1487 2408 1542 in
2448 1503 2596 1553 eum,
2629 1488 2727 1544 sed
2770 1489 2824 1544 in
2855 1489 3094 1544 Patrem.
3137 1492 3333 1562 Itaque
3369 1498 3466 1546 aut
3494 1498 3748 1546 creatura

2143 1575 2310 1631 etiam
2374 1579 2553 1646 Pater,
2623 1585 2720 1633 aut
2778 1593 2954 1649 neque
3017 1579 3208 1648 Filius,
3275 1579 3748 1652 quemadmodum

2143 1663 2344 1720 dixerit
2388 1666 2513 1737 quis
2555 1683 2569 1720 :
2614 1666 2723 1738 Qui
2764 1667 2950 1722 haurit
2993 1684 3194 1739 aquam
3235 1684 3299 1724 ex
3340 1666 3592 1736 ﬂumine,
3639 1685 3751 1726 non

2148 1752 2296 1825 quod
2327 1753 2497 1823 ﬂuvii,
2529 1754 2624 1811 sed
2651 1755 2797 1827 quod
2829 1755 2994 1811 fontis
3019 1757 3215 1825 sumit;
3245 1757 3320 1813 ita
3359 1765 3415 1813 et
3456 1759 3547 1830 qui
3576 1758 3753 1814 credit

2145 1843 2202 1897 in
2249 1843 2472 1909 Filium,
2513 1859 2623 1900 non
2670 1844 2730 1900 in
2789 1845 2993 1901 Filium
3051 1845 3225 1901 credit
3274 1847 3507 1903 ﬂuvium
3551 1852 3748 1919 (neque

432 1934 678 1992 πιστεύει
708 1935 794 1994 τὸν
839 1937 1081 2014 ποταμὸν
1136 1935 1289 2020 (οὐδὲ
1332 1936 1436 2017 γὰρ
1468 1920 1632 2010 ὄίλλης
1671 1937 1848 2004 οὐσίας
1891 1937 2024 1996 ἐστὶν

2147 1931 2296 1988 enim
2345 1933 2571 1989 alterius
2611 1933 2938 1992 substantiae
2987 1943 3073 1991 est
3116 1935 3309 2003 Filius,
3356 1952 3536 2008 neque
3582 1936 3750 1992 habet

431 2024 464 2080 6
493 2024 637 2099 Υἱὸς,
669 2025 785 2086 0536
825 2027 938 2106 ἔχει
970 2050 1024 2086 τι
1058 2028 1207 2106 παρὰ
1243 2027 1335 2086 τὸν
1368 2027 1650 2108 Πατέρα),
1685 2029 1804 2086 ἀλλ’
1832 2029 1904 2096 εἷς
1939 2025 2033 2098 τὴν

431 2114 616 2193 πηγὴν
647 2121 739 2175 τοῦ
770 2117 967 2196 ἀγαθοῦ
989 2116 1246 2191 πιστεύει,
1281 2117 1370 2177 τὸν
1403 2117 1625 2196 Πατέρα
1652 2115 1814 2197 φημί.

514 2232 541 2258 ιι
591 2204 740 2282 Ἐγὼ
786 2208 894 2286 φῶς
938 2209 1010 2274 εἷς
1055 2206 1142 2266 τὸν
1189 2207 1390 2285 κόσμον
1441 2206 1695 2280 ἐλήλυθα,
1739 2204 1828 2265 ἵνα
1855 2214 1962 2274 πᾶς
2004 2209 2032 2265 6

431 2295 703 2355 πιστεύων
749 2297 819 2364 εἷς
869 2295 964 2373 ἐμὲ
1021 2298 1075 2356 ἐν
1218 2295 1406 2379 σκοτία
1457 2295 1530 2376 μὴ
1575 2297 1755 2377 μείνῃ.
1792 2295 1902 2357 Καὶ
1940 2294 2029 2354 ἐάν

431 2383 513 2450 τίς
543 2409 644 2460 μου
673 2386 876 2464 ἀκούσῃ
907 2388 1012 2445 τῶν
1057 2388 1336 2467 ῥημάτων,
1377 2386 1470 2446 καὶ
1496 2385 1572 2464 μὴ
1604 2387 1888 2466 πιστεύσῃ,
1924 2384 2030 2464 ἐγὼ

427 2475 494 2531 οὐ
523 2473 688 2555 κρίνω
733 2476 914 2536 αὐτόν.
965 2478 1050 2536 Οὖ
1086 2477 1190 2557 γὰρ
1239 2469 1428 2551 ἧλθον,
1473 2474 1561 2534 ἵνα
1592 2476 1756 2553 κρίνω
1799 2475 1887 2534 τὸν
1938 2474 2027 2535 κό-

431 2587 602 2640 σμον,
639 2568 757 2625 ἀλλ’
804 2563 892 2624 ἵνα
939 2565 1096 2626 σώσω
1132 2567 1220 2628 τὸν
1252 2568 1476 2644 κόσμον.
1515 2594 1540 2620 1
1588 2565 1701 2626 Καὶ
1745 2566 1909 2624 πάλιν
1941 2565 2030 2624 διὰ

420 2652 618 2715 τούτου
661 2655 758 2728 τὴν
805 2657 1192 2733 δμοουσιότητα
1251 2657 1518 2739 ἐμφαίνει.
1565 2656 1723 2718 Ἐπεὶ
1777 2654 1880 2737 γὰρ
1938 2657 2030 2714 καὶ

423 2748 456 2803 6
513 2743 710 2825 Πατὴρ
754 2752 1033 2827 πανταχοῦ
1077 2751 1170 2819 τῆς
1215 2751 1259 2809 Γ
1264 2752 1433 2829 ραφῆς
1487 2751 1596 2828 φῶς
1640 2745 1876 2826 λέγεται,
1929 2744 2016 2805 διὰ

422 2841 586 2895 τοῦτο
635 2837 727 2894 καὶ
777 2837 898 2916 περὶ
942 2841 1128 2896 ἑαυτοῦ
1161 2860 1352 2919 φησιν·
1401 2865 1422 2891 ι
1465 2835 1614 2916 Ἐγὼ
1666 2839 1776 2916 φῶς
1810 2840 1884 2903 εἷς
1939 2835 2028 2894 τὸν

423 2926 632 3002 κόσμον
680 2925 930 2997 ἐλήλυθα.
966 2955 992 2980 ιι
1035 2927 1202 2988 ⁹Οθεν
1236 2927 1327 2986 καὶ
1357 2931 1385 2987 6
1437 2929 1654 2994 Παῦλος
1692 2925 2027 3004 ἀπαύγασμα

427 3017 587 3074 αὐτὸν
634 3016 909 3094 ὀνομάζει,
966 3016 1165 3084 δεικνὺς
1213 3020 1486 3091 ἐντεῦθεν,
1542 3020 1612 3085 ὣς
1668 3015 1816 3076 οὐδὲν
1863 3016 2026 3091 μέσον

431 3104 647 3184 Πατρὸς
670 3106 763 3164 καὶ
794 3108 947 3180 Υἷοῦ,
972 3109 1093 3165 ἀλλ’
1126 3105 1241 3186 ἅμα
1271 3106 1492 3187 Πατὴρ,
1520 3107 1634 3181 ἅμα
1666 3107 1811 3180 Υἱὸς,
1842 3103 2027 3186 ὥσπερ

430 3191 548 3270 ἅμα
581 3197 656 3274 τῷ
687 3196 818 3276 φωτὶ
848 3195 910 3255 τὸ
957 3195 1314 3276 ἀπαύγασμα.
1351 3198 1482 3265 Φῶς
1520 3187 1610 3255 οὖν
1655 3195 1747 3254 καὶ
1794 3199 1822 3254 6
1864 3196 2025 3267 Υἱὸς,

2142 2021 2349 2094 aliquid
2388 2030 2589 2094 praeter
2627 2024 2891 2093 Patrem),
2929 2023 3025 2081 sed
3061 2024 3115 2080 in
3145 2022 3358 2082 fontem
3386 2025 3520 2082 boni
3547 2024 3745 2096 credit,

2141 2112 2387 2177 Patrem,
2416 2111 2663 2185 inquam.

2210 2203 2390 2257 Van.
2430 2205 2520 2269 46,
2569 2207 2661 2258 47.
2711 2225 2737 2252 ιι
2779 2205 2896 2276 Ego
2933 2203 3027 2260 lux
3074 2203 3128 2260 in
3178 2203 3454 2262 mundum
3495 2204 3640 2277 veni,
3687 2213 3748 2261 ut

2141 2291 2325 2346 omnis
2361 2291 2453 2363 qui
2503 2291 2682 2348 credit
2730 2291 2784 2348 in
2823 2309 2934 2358 me,
2984 2293 3043 2350 in
3072 2292 3312 2351 tenebris
3365 2311 3480 2351 non
3510 2303 3745 2352 maneat.

2141 2379 2278 2436 Etsi
2302 2379 2423 2451 quis
2446 2381 2684 2437 audierit
2712 2381 2875 2437 verba
2898 2396 3041 2452 mea,
3067 2391 3121 2439 et
3154 2399 3267 2439 non
3299 2383 3621 2452 crediderit,
3645 2400 3746 2457 ego

2139 2484 2252 2524 nou
2288 2469 2479 2541 judico
2508 2485 2655 2526 eum.
2688 2473 2810 2526 Non
2840 2471 2986 2526 enim
3016 2473 3139 2527 veni
3165 2472 3223 2527 in
3251 2473 3523 2529 mundum
3565 2482 3629 2530 ut
3647 2474 3747 2545 ju-

2137 2557 2315 2614 dicem
2359 2558 2657 2626 mundum,
2699 2559 2792 2616 sed
2823 2569 2885 2616 ut
2912 2556 3117 2617 salvem
3145 2561 3443 2618 mundum.
3479 2584 3505 2610 ιο
3535 2565 3744 2619 Iterum

2138 2656 2196 2704 et
2223 2663 2321 2720 per
2357 2647 2462 2704 hoc
2488 2664 2547 2704 se
2569 2648 3097 2706 consubstantialem
3127 2653 3274 2706 Patri
3300 2651 3558 2708 declarat.
3598 2653 3744 2709 Nam

2137 2737 2266 2810 quia
2305 2739 2464 2794 Pater
2508 2737 2565 2793 in
2593 2738 2876 2810 Scriptura
2909 2741 3116 2812 passim
3158 2740 3257 2796 lux
3283 2740 3502 2809 dicitur,
3548 2757 3742 2814 eapro-

2139 2837 2258 2900 pter
2280 2827 2418 2883 etde
2442 2842 2500 2883 se
2521 2827 2638 2899 ipso
2659 2827 2830 2884 dicit:
2859 2851 2884 2879 ι(
2910 2832 3024 2901 Ego
3046 2831 3138 2886 lux
3167 2831 3222 2886 in
3240 2830 3508 2886 mundum
3538 2832 3677 2888 veni.
3714 2855 3740 2883 υ

2138 2915 2306 2974 Unde
2357 2925 2412 2972 et
2454 2918 2654 2973 Paulus
2703 2917 2750 2950 ’9
2798 2917 3238 2976 deradiationem
3289 2935 3417 2976 eum
3468 2922 3741 2990 nominat,

2137 3005 2436 3063 ostendens
2465 3005 2571 3064 hoc
2618 3007 2739 3063 loco
2769 3007 2918 3080 quod
2957 3008 3086 3064 nihil
3117 3008 3322 3066 mediet
3349 3010 3492 3066 inter
3521 3014 3742 3068 Patrem

2137 3112 2204 3152 ac
2233 3096 2465 3164 Filium;
2496 3095 2594 3153 sed
2635 3096 2728 3153 ubi
2766 3099 2948 3167 Pater,
2980 3098 3053 3154 ibi
3078 3099 3251 3155 Filius
3285 3117 3297 3153 :
3331 3099 3475 3155 sicut
3504 3100 3597 3156 ubi
3627 3101 3738 3170 lux,

2136 3185 2214 3242 ibi
2259 3184 2588 3242 deradiatio.
2640 3187 2763 3242 Lux
2816 3187 2986 3261 igitur
3028 3196 3114 3244 est
3155 3189 3344 3258 Filius,
3389 3196 3446 3245 et
3497 3189 3621 3260 quia
3671 3190 3740 3247 ab

430 3283 521 3341 διά
549 3307 608 3342 τε
649 3287 707 3343 τὸ
737 3286 941 3358 πλάνης
973 3286 1334 3346 ἀπαλλάττειν
1356 3333 1373 3362 ,
1409 3286 1500 3346 καὶ
1532 3285 1593 3346 τὸ
1623 3283 1807 3359 νοητὸν
1841 3285 2024 3352 σκότος

2135 3290 2323 3331 errore
2351 3275 2566 3342 liberat,
2597 3283 2653 3331 et
2695 3276 2848 3348 quia,
2877 3276 3106 3333 discutit
3151 3278 3419 3334 mentales
3462 3279 3737 3335 tenebras.

427 3372 604 3432 λύειν
636 3375 723 3433 καὶ
765 3376 846 3434 ὅτι
886 3373 1070 3456 ὥσπερ
1104 3374 1164 3434 τὸ
1207 3379 1314 3456 φῶς
1360 3375 1551 3457 φανὲν,
1589 3376 1681 3436 καὶ
1726 3374 1885 3435 ἑαυτὸ
1934 3376 2027 3447 δῆ-

423 3463 519 3522 λον
544 3473 720 3539 ποιεῖ,
745 3465 837 3524 καὶ
865 3464 933 3524 τὰ
962 3465 1124 3524 λοιπὰ
1154 3464 1320 3547 ὁρατά
1340 3489 1352 3503 ·
1383 3466 1520 3528 οὕτω
1549 3467 1640 3524 καὶ
1664 3469 1692 3524 6
1717 3465 1844 3532 Υἱὸς
1865 3463 2028 3522 ἐλθὼν

422 3553 518 3612 καὶ
564 3555 742 3633 φανεὶς
770 3555 931 3632 ἡμῖν,
978 3554 1162 3614 ἑαυτὸν
1218 3555 1466 3636 ἐγνώρισε
1505 3556 1596 3615 καὶ
1636 3556 1725 3614 τὸν
1771 3553 2025 3633 Πατέρα,

422 3643 678 3725 καὶπρὸς
722 3652 904 3703 πᾶσαν
950 3648 1144 3723 γνῶσιν
1176 3645 1270 3712 τὰς
1301 3647 1521 3727 καρδίας
1567 3650 1672 3706 τῶν
1720 3644 2021 3725 παραδεξα-

421 3733 599 3810 μένων
651 3734 841 3807 αὐτὸν,
898 3735 1178 3816 ἐφώτισεν.
1236 3761 1261 3786 σι
1310 3734 1444 3796 Ἐάν
1498 3758 1577 3803 τις
1631 3735 1834 3816 ἀκούσῃ
1887 3757 2020 3813 μου,

420 3824 576 3906 gandi,
610 3823 706 3882 καὶ
737 3825 797 3882 οὗ
843 3824 1124 3906 πιστεύσῃ,
1155 3823 1261 3905 ἐγὼ
1297 3826 1356 3884 οὖ
1387 3825 1550 3904 κρίνω
1584 3824 1762 3886 αὗτόν.
1807 3826 1889 3886 Οὖ
1919 3823 2023 3906 γὰρ

424 3903 585 3986 ἦλθον
606 3958 624 3988 ,
672 3911 762 3972 ἵνα
816 3913 981 3994 κρίνω
1022 3903 1112 3973 τον
1157 3903 1382 3992 κόσμον,
1428 3903 1558 3976 ἀλλ’
1608 3913 1696 3973 ἵνα
1730 3913 1888 3974 σώσω
1932 3913 2021 3973 τὸν

422 4002 641 4078 κόσμον.
677 4024 708 4062 ν
747 4001 824 4063 ⁸0
855 4003 908 4062 δὲ
953 4003 1097 4082 λέγει
1138 4005 1371 4066 τοιοῦτόν
1412 4007 1554 4065 ἐστι’
1584 4007 1682 4085 Τῷ
1707 4006 2020 4064 ἀπιστοῦντι

421 4092 685 4175 ἀνθρώπῳ
716 4093 810 4152 οὐκ
856 4091 964 4176 ἐγῲ
1015 4093 1180 4162 αἴτιός
1226 4095 1338 4173 εἰμι
1379 4098 1473 4167 τῆς
1519 4093 1911 4176 κατακρίσεωςο
1961 4095 2019 4154 οὗ

420 4181 522 4260 γὰρ
562 4183 653 4240 ἐπὶ
697 4183 867 4263 τούτῳ
923 4175 1084 4256 ἦλθον
1127 4185 1556 4267 προηγουμένως,
1612 4183 1730 4244 ἀλλ’
1777 4184 1850 4267 ἐξ,
1884 4188 2017 4244 ἀπο-

421 4271 747 4349 τελέσματος
798 4277 955 4334 τοῦτο
1006 4273 1225 4347 συνέϐη.
1285 4266 1435 4353 Ἐγὼ
1498 4272 1594 4354 μὲν
1653 4274 1758 4354 γὰρ
1817 4266 2016 4354 ἦλθον,

431 4383 460 4420 ιι
501 4360 590 4421 ἵνα
636 4362 812 4436 σώσω,
846 4387 876 4419 π
910 4363 1002 4422 καὶ
1034 4363 1122 4422 διὰ
1148 4369 1302 4424 τοῦτο
1323 4365 1558 4435 ἐδίδαξα.
1602 4366 1669 4426 Εἰ
1698 4364 1753 4424 δέ
1783 4389 1862 4434 τις
1891 4369 2016 4424 ἀπι-

421 4455 568 4525 στεῖ,
621 4454 719 4511 οῦκ
765 4451 872 4530 ἐγὼ
921 4452 1085 4520 αἴτιός
1125 4455 1236 4532 εἰμι
1281 4456 1425 4536 αύτῷ
1473 4459 1569 4527 τῆς
1615 4455 2016 4534 κατακρίσεως,

434 4544 473 4562 ,ἢ
527 4545 543 4568 3
616 4541 632 4562 ν
679 4541 692 4561 \
899 4545 933 4560 κ
1055 4541 1070 4562 ι
1404 4544 1419 4568 ρ
1842 4543 1855 4565 ι
1949 4548 1982 4562 ω

421 4543 524 4602 αλλ
572 4565 729 4608 αυτος
767 4545 938 4622 ἑαυτῳ
970 4566 1172 4615 ταυτην
1213 4545 1579 4605 ἐπεσπασατο.
1627 4544 1736 4606 Καὶ
1781 4546 1869 4604 δια
1909 4569 2017 4604 των

421 4631 557 4708 μετὰ
587 4635 759 4690 ταῦτα
789 4631 842 4690 δὲ
874 4634 1081 4708 μᾶλλον
1115 4636 1571 4716 σαφηνισθήσεται
1601 4635 1662 4695 τὸ
1700 4633 1983 4714 λεγόμενον
2005 4659 2017 4672 ο

419 4719 512 4778 καὶ
543 4720 704 4780 ἄκουε
733 4724 838 4780 τῶν
875 4721 1010 4795 ἑξῆς.

511 4835 541 4869 ιι
584 4810 655 4872 Ὁ
705 4813 902 4870 ἀθετῶν
936 4812 1031 4888 ἐμὲ
1056 4859 1072 4889 ,
1112 4811 1206 4873 καὶ⁷
1249 4812 1324 4893 μὴ
1355 4813 1651 4892 λαμϐάνων
1699 4813 1767 4874 τὰ
1801 4814 2018 4894 ῥήματά

424 4923 550 4977 μου,
581 4901 695 4982 ἔχει
732 4901 823 4960 τὸν
866 4902 1113 4982 κρίνοντα
1144 4904 1326 4963 αὐτόν.
1363 4902 1430 4964 Ὁ
1459 4903 1611 4982 λόγος
1645 4901 1700 4962 ὃν
1748 4905 2014 4978 ἐλάλησα,

418 4991 612 5057 ἐκεῖνος
662 4999 828 5071 κρινεῖ
874 4991 1035 5051 αὐτὸν
1073 4995 1124 5053 ἐν
1172 4996 1239 5072 τῇ
1291 4993 1496 5074 ἐσχάτῃ
1528 4995 1730 5074 ἡμέρᾳ.
1786 4993 1865 5053 ὅτι
1910 4993 2017 5073 ἐγὼ

419 5079 471 5149 ἐξ
511 5084 744 5158 ἐμαυτοῦ
785 5083 881 5141 οὐκ
915 5083 1190 5162 ἐλάλησα,
1237 5084 1356 5142 ἀλλ’
1380 5089 1408 5144 6
1437 5085 1655 5166 πέμψας
1686 5109 1751 5163 με
1784 5086 2012 5165 Πατὴρ,

417 5172 574 5237 αὐτός
618 5195 708 5250 μοι
754 5172 976 5245 ἐντολὴν
1010 5172 1206 5246 ἔδωκε,
1253 5175 1304 5234 τί
1343 5174 1510 5249 εἴπω,
1540 5175 1630 5234 καὶ
1662 5175 1714 5234 τί
1764 5175 2014 5248 λαλήσω·

413 5261 505 5320 καὶ
531 5253 685 5336 οἶδα,
715 5261 798 5321 ὅτι
830 5268 863 5337 ἡ
896 5262 1085 5335 ἐντολὴ
1133 5265 1297 5322 αὐτοῦ
1338 5264 1446 5336 ζωὴ
1491 5265 1698 5334 αἰώνιός
1742 5267 1909 5328 ἐστιν.
1951 5264 2012 5325 Ἃ

412 5341 504 5411 οἷν
556 5355 701 5413 λαλῶ
756 5354 898 5432 ἐγὼ,
951 5352 1126 5421 καθὼς
1174 5352 1353 5435 εἴρηκέ
1404 5378 1496 5433 μοι
1533 5359 1562 5414 6
1607 5355 1819 5435 Πατὴρ,
1877 5355 2015 5416 οὕτω

412 5444 581 5504 λαλῶ.
629 5465 662 5503 ι
699 5443 846 5523 Ἐγὼ
866 5489 885 5522 ,
921 5443 1082 5525 φησὶν
1103 5490 1121 5521 ,
1165 5443 1346 5503 οὐδένα
1373 5445 1572 5523 κρίνω,
1614 5448 1732 5504 ἀλλ’
1765 5451 1793 5506 6
1824 5446 1898 5524 μὴ
1931 5469 2018 5505 πι·

412 5532 603 5594 στεύων
636 5537 752 5618 ἔχει
782 5535 876 5595 τὸν
903 5534 1154 5614 κρίνοντα
1186 5532 1343 5592 αὐτόν
1363 5557 1375 5570 ·
1409 5534 1592 5617 ὥσπερ
1631 5535 1889 5614 εἰώθαμεν
1927 5535 2018 5595 καὶ

409 5625 851 5710 ἡμεῖςρπολλάκις
877 5625 1076 5707 λέγειν,
1111 5623 1242 5684 ὅταν
1268 5623 1477 5686 παιδίον
1509 5628 1773 5687 ἀτακτοῦν
1805 5625 2015 5705 μέλλω-

457 5792 696 5852 2'Hebr.
733 5807 786 5861 ι,
822 5795 880 5846 3.

2139 3367 2207 3420 Et
2231 3364 2371 3422 sicut
2407 3365 2496 3422 lux
2521 3380 2648 3437 qua:
2675 3366 3008 3437 apparuerit,
3042 3376 3098 3423 et
3120 3383 3180 3424 se
3204 3365 3558 3424 manifestam
3583 3367 3738 3438 facit,

2139 3470 2204 3511 ac
2242 3461 2435 3512 caetera
2465 3453 2700 3510 visibilia
2729 3474 2741 3508 :
2777 3455 2850 3510 ita
2880 3465 2934 3512 et
2959 3456 3131 3512 Filius
3159 3457 3255 3529 qui
3285 3457 3434 3512 venit
3473 3466 3526 3513 et
3568 3473 3740 3530 appa-

2133 3545 2246 3602 ruit
2300 3543 2482 3611 nobis,
2514 3545 2762 3615 seipsum
2793 3553 2988 3600 notum
3019 3545 3262 3603 reddidit
3289 3562 3353 3602 ac
3401 3549 3648 3616 Patrem,
3681 3557 3739 3604 et

2132 3634 2284 3690 omni
2324 3633 2546 3690 scientia
2590 3633 2760 3690 corda
2808 3634 3226 3706 suscipientium
3255 3634 3569 3692 illustravit.
3623 3660 3650 3686 «ι
3683 3637 3738 3694 Si

2130 3722 2254 3794 quis
2279 3722 2514 3780 audierit
2540 3737 2647 3790 me,
2685 3721 2889 3793 inquit,
2920 3731 2976 3779 et
2998 3740 3111 3780 non
3135 3723 3454 3793 crediderit,
3483 3740 3585 3797 ego
3616 3741 3734 3782 non

2121 3810 2310 3884 judico
2340 3827 2490 3868 eum.
2537 3813 2660 3866 Non
2701 3810 2851 3866 enim
2881 3813 3004 3867 veni
3044 3822 3106 3869 ut
3142 3811 3397 3884 judicem
3427 3813 3730 3880 mundum,

2127 3899 2228 3958 sed
2254 3909 2316 3957 ut
2355 3901 2561 3958 salvem
2589 3899 2884 3956 mundum.
2919 3923 2944 3950 ι
2994 3901 3176 3973 Hujus
3218 3899 3349 3956 dicti
3379 3901 3502 3956 talis
3545 3917 3738 3961 sensus

2130 3999 2214 4049 est
2241 4012 2254 4047 :
2291 3991 2358 4047 Ei
2389 3991 2488 4062 qui
2524 3988 2792 4046 discredit
2811 3989 3044 4060 homini,
3076 3990 3154 4047 illi
3181 4005 3283 4063 ego
3310 4005 3426 4046 non
3451 4005 3579 4047 sum
3607 4007 3738 4049 con-

2127 4080 2501 4138 demnationis
2535 4084 2728 4134 auctor
2758 4101 2771 4136 :
2826 4096 3008 4153 neque
3048 4081 3197 4137 enim
3235 4079 3306 4136 ad
3331 4079 3438 4136 hoc
3463 4080 3735 4153 praecipue

2127 4170 2268 4238 veni,
2301 4168 2520 4227 tametsi
2554 4168 2661 4225 hoc
2684 4183 2750 4225 ex
2777 4171 3134 4242 consequenti
3155 4169 3392 4226 eveniat.
3419 4173 3534 4243 Ego
3562 4173 3734 4245 enim,

2123 4260 2328 4333 inquit,
2357 4260 2480 4317 veni
2505 4281 2530 4308 ι
2553 4269 2614 4318 ut
2633 4262 2858 4328 salvem,
2882 4284 2907 4310 υ
2931 4270 2988 4317 et
3003 4268 3224 4333 propter
3242 4259 3351 4318 hoc
3367 4261 3551 4320 docui.
3576 4262 3738 4334 Quod

2125 4349 2171 4405 si
2220 4349 2340 4422 quis
2381 4350 2667 4424 discredit,
2712 4368 2830 4409 non
2856 4366 2959 4422 ego
3006 4351 3058 4407 ei
3103 4352 3580 4410 condemnationis
3609 4369 3734 4410 sum

2125 4447 2342 4508 auctor,
2389 4439 2489 4496 sed
2534 4441 2650 4513 ipse
2676 4442 2780 4498 sibi
2825 4441 2946 4513 ejus
2972 4448 3166 4498 auctor
3188 4450 3273 4498 est
3304 4460 3318 4499 :
3370 4442 3429 4500 id
3455 4441 3607 4514 quod
3633 4458 3734 4515 per

2125 4543 2185 4584 ea
2214 4544 2339 4602 qua:
2364 4539 2693 4603 sequuntur,
2716 4531 2889 4604 magis
2916 4531 3139 4588 evidens
3164 4531 3292 4602 erit,
3330 4546 3456 4603 quae
3481 4530 3631 4588 audi.

2199 4835 2376 4890 Vsus.
2422 4838 2609 4890 48-50.
2660 4856 2686 4884 σι
2727 4834 2833 4906 Qui
2863 4834 3040 4907 rejicit
3067 4849 3177 4905 me,
3212 4850 3315 4891 nec
3344 4835 3540 4908 accipit
3567 4836 3732 4893 verba

2124 4937 2269 4990 mea,
2298 4922 2465 4979 habet
2497 4924 2586 4994 qui
2611 4922 2824 4996 judicet
2848 4924 3051 4996 ipsum.
3098 4926 3294 4981 Sermo
3324 4941 3489 4998 quem
3519 4925 3732 4982 locutus

2124 5027 2272 5081 sum,
2303 5011 2393 5068 ille
2416 5011 2684 5085 judicabit
2705 5029 2842 5070 eum
2881 5013 2937 5069 in
2967 5022 3220 5072 extremo
3244 5014 3353 5082 die,
3385 5015 3515 5086 quia
3539 5030 3640 5087 ego
3665 5031 3732 5071 ex

2123 5102 2337 5173 meipso
2384 5117 2496 5158 non
2538 5118 2665 5158 sum
2716 5103 2950 5174 locutus,
2983 5103 3080 5161 sed
3108 5103 3198 5175 qui
3245 5103 3399 5160 misit
3428 5120 3516 5160 me
3544 5106 3729 5171 Pater,

2122 5189 2238 5262 ipse
2264 5189 2403 5270 mihi
2442 5191 2764 5249 mandatum
2801 5191 2952 5249 dedit
2984 5191 3119 5266 quid
3144 5191 3348 5261 dicam,
3391 5200 3447 5248 et
3473 5190 3610 5263 quid
3641 5192 3728 5248 lo-

2123 5297 2265 5352 quar
2293 5301 2305 5337 :
2330 5289 2386 5337 et
2415 5281 2532 5338 scio
2561 5281 2709 5354 quod
2738 5280 3068 5339 mandatum
3093 5281 3211 5354 ejus
3248 5291 3333 5338 est
3361 5281 3474 5337 vita
3502 5289 3726 5338 aeterna.

2125 5371 2261 5440 Quae
2288 5385 2418 5443 ergo
2448 5385 2552 5442 ego
2579 5371 2794 5443 loquor,
2822 5372 2964 5427 sicut
2992 5371 3133 5427 dixit
3159 5370 3290 5426 mihi
3317 5371 3502 5439 Pater,
3533 5369 3613 5427 sic
3640 5370 3730 5428 lo-

2127 5474 2286 5531 quor.
2339 5483 2365 5508 ιι
2416 5463 2556 5532 Ego,
2589 5460 2787 5533 inquit,
2836 5460 3050 5517 nullum
3083 5458 3306 5532 judico;
3347 5458 3443 5516 sed
3488 5460 3584 5533 qui
3612 5476 3728 5517 non

2125 5548 2321 5617 credit,
2371 5548 2537 5605 habet
2576 5549 2919 5622 judicantem
2948 5564 3007 5605 se
3042 5566 3056 5604 :
3098 5547 3243 5605 sicut
3269 5556 3325 5605 et
3351 5564 3452 5606 nos
3480 5565 3625 5624 saepe
3648 5551 3732 5607 di-

2125 5653 2246 5696 cere
2291 5638 2679 5697 consuevimus
2745 5637 2966 5711 quando
3018 5652 3248 5712 puerum
3293 5638 3729 5714 incompositum
