4198 6522
567 494 666 548 143

1560 483 2073 543 THEOPHYLACTI
2111 483 2475 543 BULGARIE
2511 488 2830 545 ARCHIEP.

3748 487 3852 542 144

562 614 899 672 verberaturi
936 629 1149 682 sumus,
1181 612 1327 685 quod
1356 627 1472 669 non
1499 627 1605 668 nos
1632 612 1987 668 verberamus
2012 625 2154 677 eum,

2274 636 2369 689 μεν
2413 612 2665 691 τύπτειν,
2717 614 2799 673 ὅτι
2842 616 2943 695 οὐχ
2969 619 3127 689 ἡμεῖς
3167 611 3439 687 τύπτομεν
3470 610 3628 683 αὐτὸ,
3681 609 3798 670 ἀλλ’
3831 614 3863 684 ἡ

560 704 659 761 sed
682 704 801 775 eius
828 704 1155 777 negligentia
1202 711 1257 758 et
1284 701 1573 758 dissolutio
1606 719 1620 756 :
1653 709 1711 756 et
1736 716 1845 756 non
1870 697 2043 771 684
2061 714 2164 756 nos

558 794 995 850 condemnamus
1011 809 1161 860 eum,
1190 791 1288 847 sed
1312 790 1715 847 admonitiones
1743 796 1949 846 nostrae
1965 788 2162 861 quibus

562 899 679 939 non
711 883 913 954 paruit,
944 882 1051 939 illa:
1087 888 1325 953 arguunt
1354 896 1483 936 eum
1512 888 1574 935 ut
1605 878 2027 935 inobedientem.
2069 878 2162 934 Sic

561 974 731 1044 igitur
755 980 808 1027 et
834 972 1101 1027 Dominus
1129 989 1143 1025 :
1178 994 1202 1018 «
1236 972 1357 1025 Non
1384 985 1486 1041 ego
1507 968 1717 1041 judico,
1751 992 1773 1017 η
1798 967 1895 1023 sed
1924 989 1949 1015 α
1976 983 2161 1024 sermo

561 1076 728 1132 quem
759 1062 975 1117 locutus
1003 1076 1151 1128 sum,
1191 1059 1277 1115 ille
1306 1059 1723 1115 condemnabit.
1754 1082 1777 1106 υ
1807 1058 1990 1127 Quare
2011 1057 2159 1112 enim

557 1165 671 1206 non
716 1149 1100 1207 crediderunt?
1139 1152 1289 1204 Num
1330 1157 1394 1204 ut
1436 1147 1754 1204 adversario
1795 1147 1919 1215 Dei,
1951 1154 2007 1203 et
2033 1162 2158 1218 pro-

559 1240 736 1313 priam
760 1240 998 1312 gloriam
1027 1237 1293 1311 quaerenti
1328 1237 1408 1294 3°?
1433 1241 1503 1294 Et
1527 1238 1686 1310 plane
1719 1259 1744 1285 α
1774 1251 1875 1309 ego
1895 1252 1926 1292 a
1951 1237 2159 1306 meipso

556 1329 777 1386 locutus
803 1346 917 1386 non
961 1345 1109 1398 sum,
1142 1352 1169 1378 ι
1212 1327 1309 1384 sed
1357 1328 1544 1385 omnia
1586 1342 1617 1382 a
1656 1328 1821 1382 Patre
1847 1341 1973 1381 meo
2020 1324 2155 1381 dixi.

557 1422 844 1492 Nusquam
871 1419 1146 1490 meipsum
1168 1416 1484 1490 praedicavi,
1507 1416 1655 1473 aliud
1682 1414 1943 1486 quiddam
1973 1413 2042 1470 ab
2061 1414 2159 1470 illo

558 1509 807 1565 sentiens
835 1527 851 1564 :
880 1528 907 1560 «
926 1509 1018 1564 sed
1042 1508 1089 1564 is
1113 1508 1207 1579 qui
1227 1506 1382 1563 misit
1401 1522 1489 1562 me
1502 1508 1662 1561 Pater
1687 1503 2005 1560 mandatum
2022 1502 2157 1560 mihi

557 1597 713 1655 dedit
763 1596 901 1670 quid
947 1596 1211 1664 dicerem,
1271 1605 1328 1652 et
1365 1594 1496 1667 quid
1543 1594 1815 1667 loquerer.
1876 1616 1902 1642 ιι
1970 1596 2154 1665 Papa,

559 1695 765 1760 quanta
805 1684 1102 1742 verborum
1148 1685 1462 1742 humilitas?
1490 1682 1776 1756 Nunquid,
1824 1698 1859 1739 ο
1896 1681 2154 1752 Domine,

556 1777 877 1849 priusquam
922 1776 1169 1832 mitteret
1210 1783 1264 1831 te
1320 1778 1483 1831 Pater
1508 1782 1564 1830 et
1603 1773 1757 1830 daret
1801 1771 2150 1841 mandatum,

552 1881 667 1922 non
710 1865 1053 1937 cognocebas
1097 1863 1231 1937 quid
1260 1864 1411 1936 loqui
1450 1862 1764 1936 oportebat,
1795 1861 1892 1919 sed
1928 1862 2151 1934 ignarus

554 1970 680 2012 eras
719 1935 962 2012 mandati
1004 1935 1189 2027 hujus,
1234 1935 1387 2026 quod
1431 1935 1515 2009 est
1550 1952 1659 2007 vita
1696 1959 1923 2020 aeterna,
1952 1959 2007 2006 et
2042 1966 2156 2006 non
2180 1935 2230 1999 Β

553 2043 928 2116 cognoscebas
956 2043 1130 2099 vitam
1159 2042 1325 2109 hanc,
1371 2042 1547 2097 vitam
1586 2044 1887 2097 mternam?
1924 2047 1980 2095 et
2019 2055 2155 2112 quo-

552 2132 723 2189 modo
765 2131 970 2201 dixisti,
1018 2153 1044 2180 σι
1089 2133 1202 2203 Ego
1240 2146 1370 2187 sum
1412 2130 1554 2185 vita?
1582 2128 1753 2187 Vides
1790 2144 1915 2202 quae
1965 2127 2158 2185 absur-

553 2220 696 2279 ditas
753 2227 1085 2293 prospectet,
1125 2219 1172 2277 si
1216 2235 1330 2276 non
1371 2219 1517 2276 bona
1564 2217 2003 2275 consideratione
2055 2234 2157 2275 au-

550 2311 870 2367 scultemus.
920 2310 1203 2382 Cognosce
1230 2309 1399 2382 igitur
1424 2324 1594 2381 quare
1644 2307 1927 2364 humiliter
1956 2308 2152 2380 loqua-

550 2407 663 2469 tur,
694 2415 890 2471 nempe
911 2407 1132 2471 pr0pter
1150 2398 1449 2466 auditores,
1482 2397 1577 2469 qui
1603 2406 1717 2453 tam
1742 2397 1946 2453 inﬁrmi
1974 2403 2152 2453 erant.

552 2491 619 2544 Et
642 2487 774 2560 quid
813 2490 928 2544 vult
976 2505 1074 2560 per
1120 2488 1241 2545 haec
1285 2487 1538 2561 signare?
1578 2486 1726 2543 Nihil
1772 2486 1943 2555 aliud,
1992 2501 2159 2558 quam

546 2577 686 2634 nihil
712 2593 771 2633 se
799 2578 882 2634 vel
920 2577 1101 2634 dicere
1127 2577 1205 2633 vel
1232 2577 1433 2633 sentire
1465 2585 1665 2649 praeter
1702 2592 1767 2633 ea
1812 2591 1935 2648 quae
1972 2578 2150 2632 Pater.

546 2668 692 2722 Nam
729 2667 891 2730 sicut,
932 2667 1137 2739 inquit,
1178 2667 1268 2738 qui
1309 2667 1636 2722 mandatum
1702 2664 1970 2733 referunt,
2020 2664 2153 2721 nihil

548 2756 738 2812 dicunt
770 2764 1136 2828 prmterquam
1176 2756 1256 2811 eis
1297 2755 1696 2811 demandatum
1749 2774 1762 2810 :
1813 2755 1883 2809 ita
1926 2769 2055 2810 sane
2099 2760 2157 2811 et

546 2859 651 2915 ego
695 2845 810 2915 ipse
838 2844 974 2899 nihil
1002 2843 1151 2899 aliud
1202 2843 1377 2899 sentio
1406 2844 1489 2899 vel
1520 2843 1683 2900 docui
1711 2851 1912 2914 praeter
1939 2858 2000 2899 ea
2030 2858 2156 2914 quae

548 2932 695 2988 Patri
739 2933 851 2988 visa
886 2941 1035 2988 sunt.
1088 2934 1211 2988 Hoc
1239 2932 1409 3004 igitur
1446 2932 1637 2987 volens
1680 2930 1998 2998 ostendere,
2027 2947 2156 2986 con-

546 3020 810 3090 cordiam,
844 3022 1096 3092 inquam,
1129 3020 1416 3077 sententiae
1446 3036 1571 3076 cum
1599 3023 1781 3088 Patre,
1808 3021 2154 3076 mentionem

540 3107 673 3167 fecit
698 3110 862 3182 hujus
886 3109 1144 3181 exempli,
1170 3110 1441 3179 mandati,
1469 3110 1713 3180 inquam.
1750 3109 1879 3165 Ideo
1907 3108 2060 3165 addit
2085 3108 2152 3179 δι,

551 3221 575 3245 σι
617 3202 756 3270 Quae
801 3200 966 3272 igitur
1022 3200 1236 3271 loquor,
1289 3200 1430 3255 sicut
1478 3198 1618 3254 dixit
1658 3197 1793 3254 mihi
1843 3200 2022 3266 Pater,
2072 3199 2153 3255 sic

2270 701 2494 777 ἀμέλεια
2520 706 2679 763 αὐτοῦ
2716 702 2808 761 καὶ⁸
2837 708 2871 775 ἡ
2903 703 3095 771 ἀταξία
3114 725 3127 740 ·
3163 701 3256 761 καὶ
3287 702 3387 779 οὐχ
3415 705 3572 781 ἡμεῖς
3601 701 3863 781 κατακρί-

2271 814 2427 868 νομεν
2459 792 2639 872 αὐτὸν,
2667 791 2784 851 ἀλλ’
2814 794 2868 851 αἱ
2898 791 3235 872 παραινέσεις
3265 794 3419 867 ἡμῶν
3443 832 3461 862 ,
3497 780 3579 856 αἶς
3607 790 3702 848 οὔκ
3728 780 3870 848 ἐπεί·

2270 884 2394 962 σθη,
2430 871 2587 939 αῧται
2622 871 3002 962 κατηγοροῦσιν
3046 884 3205 940 αὐτοῦ
3243 883 3312 947 ὡς
3362 877 3614 950 ἀνηκόου.
3677 878 3867 943 Οὕτως

2270 959 2359 1027 οῦν
2379 971 2470 1028 καὶ
2486 974 2514 1028 6
2538 970 2732 1051 Κύριος
2749 995 2761 1007 ·
2791 959 2959 1030 «Οὐκ
2978 968 3081 1049 ἐγὼ
3098 969 3278 1051 κρίνω,
3300 991 3330 1026 ι)
3361 969 3481 1026 ἀλλ’
3512 989 3541 1025 ι(
3561 971 3589 1026 6
3612 964 3787 1042 λόγος,
3811 966 3867 1026 ὃν

2272 1058 2526 1139 ἐλάλησα,
2558 1060 2753 1127 ἐκεῖνος
2775 1058 3116 1139 κατακρίνει.
3144 1081 3173 1115 ))
3213 1056 3369 1118 Διατί
3392 1055 3496 1137 γὰρ
3524 1054 3868 1129 ἧπίστησανς

2271 1137 2373 1225 ἀρα
2404 1152 2475 1215 ὡς
2524 1149 2764 1230 ἀντιθέῳ,
2813 1147 2903 1207 καὶ
2935 1137 3031 1221 τὴν
3063 1147 3202 1207 ἰδίαν
3236 1146 3391 1215 δόξαν
3434 1149 3712 1221 ζητοῦντι;
3760 1143 3866 1205 Καὶ

2269 1235 2376 1310 μὴν
2409 1259 2437 1295 ι(
2458 1236 2510 1305 ἐξ
2531 1238 2766 1313 ἐμαυτοῦ
2792 1237 2896 1314 ἐγὼ
2916 1235 3012 1296 οὺχ
3035 1239 3295 1309 ἐλάλησα,
3324 1257 3355 1293 n
3386 1233 3525 1293 ἀλλὰ
3548 1233 3727 1292 πάντα
3760 1234 3866 1294 ἀπὸ

2266 1330 2363 1384 τοῦ
2410 1327 2618 1408 Πατρός
2662 1350 2762 1403 μου
2807 1323 2969 1385 εἰπὼν
2990 1371 3007 1400 ,
3043 1327 3276 1404 οὐδαμοῦ
3309 1322 3538 1399 ἐμαυτὸν
3573 1321 3863 1402 ἀνεκήρυξα

2268 1414 2400 1474 ἄλλο
2448 1439 2501 1475 τι
2551 1421 2863 1497 φρονοῦντα.
2927 1438 2957 1475 (ι
3008 1414 3079 1477 c0
3126 1416 3229 1497 γὰρ
3272 1412 3491 1495 πέμψας
3539 1435 3605 1490 με
3663 1410 3860 1493 Πατὴρ

2267 1505 2482 1577 ἐντολήν
2514 1528 2605 1582 μοι
2636 1503 2855 1579 δέδωκε,
2889 1504 2941 1564 τί
2970 1505 3105 1565 εἴπω
3139 1504 3232 1563 καὶ
3262 1506 3315 1562 τί
3341 1500 3585 1573 λαλήσω.
3622 1499 3865 1582 »βαϐαὶ

2264 1596 2359 1665 τῆς
2403 1580 2779 1667 ταπεινότητος
2825 1600 2929 1655 τῶν
2982 1594 3262 1677 ῥημάτωνέ
3298 1582 3434 1673 ’Ἆρα
3485 1590 3611 1671 γὰρ,
3654 1580 3699 1649 ὦ
3751 1589 3861 1651 K6-

2267 1704 2362 1763 ριε,
2397 1684 2485 1743 καὶ
2510 1684 2632 1765 πρὶν
2674 1683 2709 1756 ἢ
2736 1684 2923 1766 πέμψῃ
2953 1708 3013 1743 σε
3042 1688 3071 1743 6
3098 1681 3325 1762 Πατὴρ,
3365 1679 3458 1740 καὶ
3488 1682 3562 1761 δῷ
3589 1678 3687 1753 τὴν
3717 1681 3859 1739 ἐντο-

2263 1772 2400 1851 λὴν,
2449 1775 2546 1833 οὐκ
2594 1773 2905 1853 ἐγίνωσκες,
2955 1774 3007 1834 τί
3054 1775 3133 1833 δεῖ
3182 1774 3451 1845 λαλῆσαι,
3498 1770 3617 1828 ἀλλ’
3653 1768 3860 1846 ἀμαθὴς

2265 1863 2499 1943 ὗπῆρχες
2548 1869 2643 1936 τῆς
2690 1866 2908 1937 ἐντολῆς
2958 1863 3177 1935 ταύτης,
3235 1861 3355 1935 ἥτις
3406 1858 3519 1919 ἐστὶ
3577 1857 3684 1931 ζωὴ
3732 1857 3860 1919 αἰώ-

2267 1974 2405 2025 νιος,
2448 1952 2539 2011 καὶ
2578 1953 2674 2012 οὐκ
2719 1952 3000 2032 ἐγίνωσκες
3036 1952 3134 2023 τὴν
3170 1949 3313 2023 ζωὴν
3344 1948 3546 2021 ταύτην
3578 1946 3678 2020 τὴν
3725 1946 3856 2007 αἰώ-

2265 2060 2410 2115 νιον;
2442 2041 2666 2109 καὶπῶς
2696 2031 2869 2115 εἶπας,
2902 2041 2983 2102 ὅτι
3017 2063 3047 2101 α
3078 2038 3224 2119 Ἐγώ
3247 2041 3359 2115 εἶμι
3384 2044 3418 2110 ἡ
3453 2036 3562 2108 ζωή
3580 2058 3597 2110 ;
3621 2058 3650 2095 ι)
3691 2034 3856 2117 Ὁρᾷς

2261 2128 2358 2202 τὴν
2414 2129 2670 2205 ἀτοπίαν,
2719 2133 2819 2205 ὅση
2870 2130 3196 2208 ἀνακόπτει,
3246 2127 3339 2188 ἐὰν
3390 2127 3464 2208 μὴ
3519 2124 3856 2206 εὔκρωμόνως

2263 2220 2648 2298 κατακούωμεν
2674 2223 2780 2279 τῶν
2808 2221 3140 2299 λεγομένων;
3183 2221 3357 2281 Γνῶθι
3388 2207 3476 2277 οῦν
3498 2261 3515 2290 ,
3551 2215 3693 2275 διατί
3721 2214 3856 2275 οὕτω

2263 2313 2525 2377 ταπεινῶς
2583 2309 2892 2389 φθέγγεται,
2952 2310 3036 2369 ὅτι
3083 2309 3171 2369 διὰ
3221 2306 3341 2376 τοὺς
3383 2306 3649 2387 ἀκροατὰς
3695 2306 3854 2364 ἀσθε-

2261 2406 2367 2466 νεῖς
2396 2398 2568 2467 ὄντας.
2615 2400 2727 2460 Καὶ
2756 2399 2810 2458 τί
2842 2398 3091 2480 βούλεται
3122 2407 3365 2476 σημᾶναι
3395 2396 3483 2457 διὰ
3511 2395 3748 2468 τούτων;
3777 2394 3853 2455 Τὸ

2263 2487 2427 2565 μηδὲν
2463 2486 2705 2570 ἕτερονῆ
2749 2487 2923 2569 λέγειν
2970 2487 3006 2561 ἢ
3057 2496 3265 2571 φρονεῖν
3310 2486 3459 2563 παρὰ
3505 2484 3594 2544 τὸν
3640 2483 3853 2562 Πατέρα

2261 2577 2493 2651 δηλαδή.
2525 2574 2744 2658 Ὠσπερ
2774 2583 2879 2659 γὰρ
2898 2624 2915 2655 ,
2952 2579 3135 2659 φησὶν,
3185 2579 3234 2637 οἱ
3279 2578 3500 2642 ἐντολεῖς
3532 2573 3682 2634 οὐδὲν
3712 2571 3855 2639 ἐκτὸς

2262 2673 2353 2727 τοῦ
2391 2668 2775 2747 ἐντεταλμένον
2804 2668 3080 2747 λέγουσιν,
3132 2666 3272 2727 οὕτω
3302 2663 3368 2737 δὴ
3415 2665 3507 2725 καὶ
3551 2663 3705 2730 αὐτὸς
3752 2660 3856 2740 ἐγὼ

2263 2756 2408 2816 οὐδὲν
2447 2756 2622 2836 ἕτερον
2670 2757 2705 2829 ἢ
2739 2761 2943 2839 φρονῶ,
2974 2756 3008 2829 ἢ
3039 2754 3252 2826 ἐδίδαξα
3278 2753 3427 2832 παρὰ
3466 2753 3534 2811 τὰ
3572 2756 3650 2833 τῷ
3681 2749 3858 2830 Πατρὶ

2263 2845 2505 2914 δόξαντα.
2555 2850 2732 2907 Τοῦτο
2769 2846 2942 2906 τοίνυν
2993 2848 3162 2905 θέλων
3214 2844 3571 2916 ἐνδείξασθαι,
3616 2842 3679 2900 τὸ
3725 2839 3853 2920 πρὸς

2262 2936 2350 2995 τὸν
2385 2936 2638 3016 Πατέρα,
2666 2936 2805 3017 φημὶ
2827 2980 2845 3012 ,
2893 2936 3237 3013 δμόγνωμον,
3271 2933 3509 3013 ἐμνήσθη
3539 2930 3723 2991 τούτου
3762 2934 3854 2988 τοῦ

2263 3026 2684 3103 ὑποδείγματος,
2737 3030 2830 3098 τῆς
2877 3028 3090 3099 ἐντολῆς
3143 3024 3303 3104 λέγω.
3357 3023 3453 3083 Διὸ
3501 3020 3594 3080 καὶ
3637 3020 3854 3097 ἐπάγει-

2272 3136 2303 3172 α
2329 3113 2389 3175 Ἃ
2418 3109 2507 3173 οὖν
2546 3117 2728 3189 λαλῶ,
2774 3114 2947 3183 καθὼς
2993 3114 3171 3192 εἴρηκέ
3221 3136 3311 3191 μοι
3362 3115 3391 3170 6
3432 3109 3663 3192 Πατὴρ,
3717 3108 3856 3168 οὕτω

2261 3203 2431 3264 λαλῶ.
2482 3226 2512 3262 δ)
2568 3188 2746 3264 Ὥστε
2797 3207 2910 3264 ἐπεὶ
2958 3188 3102 3263 οὐδέν
3162 3188 3254 3262 ἀπ’
3289 3204 3417 3277 ἐμοῦ
3470 3188 3649 3272 εἷπον,
3697 3197 3852 3258 ποίαν

545 3289 761 3360 loquor.
816 3312 839 3337 η
884 3294 1061 3361 Atque
1108 3289 1180 3344 ita
1218 3288 1343 3361 quia
1388 3287 1519 3343 nihil
1561 3303 1589 3343 a
1636 3287 1968 3358 memetipso
2017 3286 2148 3356 dixi;

2262 3293 2522 3372 πρόφασιν
2570 3294 2966 3375 προϐαλοῦνται
3034 3294 3084 3351 οῖ
3137 3290 3551 3361 ἀπειθήσαντες;
3593 3286 3853 3365 Ἀναμφι-

544 3381 760 3450 qualem
790 3379 1139 3433 occasionem
1172 3385 1468 3450 praetexam
1510 3377 1601 3449 qui
1630 3393 1743 3433 non
1792 3376 2153 3434 crediderint?

543 3467 703 3525 Circa
748 3468 1182 3523 controversiam
1230 3467 1381 3523 enim
1426 3465 1965 3536 condemnabuntur,
1999 3466 2153 3538 quod

543 3557 693 3611 Patri
734 3572 846 3611 non
870 3556 1233 3613 crediderunt.
1288 3556 1434 3614 Nihil
1468 3556 1637 3628 igitur
1663 3554 1870 3611 humile
1900 3556 2154 3628 intelligit

543 3645 886 3702 orthodoxus
933 3662 995 3702 ex
1044 3645 1347 3701 humilibus
1373 3646 1474 3701 illis
1504 3644 1703 3713 verbis,
1756 3667 1782 3693 ι
1827 3645 2151 3701 Mandatum

541 3735 744 3807 accepi,
781 3758 806 3784 υ
836 3742 893 3791 et
920 3736 1145 3803 similia;
1175 3734 1271 3791 sed
1296 3733 1526 3791 candide
1557 3734 1673 3790 haec
1700 3735 1923 3806 exponit
1955 3752 1967 3788 ε
2012 3735 2152 3790 sicut

540 3835 599 3882 et
622 3824 748 3893 hoc,
783 3847 810 3874 α
859 3824 1188 3881 Mandatum
1221 3824 1413 3896 accepi
1442 3823 1575 3906 quid
1622 3824 1886 3891 dicerem,
1934 3829 1990 3880 et
2018 3822 2149 3895 quid

543 3914 818 3986 loquerer.
852 3936 880 3965 η
927 3916 1121 3971 Sermo
1163 3914 1311 3969 enim
1341 3929 1471 3969 cum
1510 3913 1581 3967 sit
1609 3913 1801 3981 Filius,
1831 3920 1889 3968 et
1930 3920 2150 3968 enarret

542 4004 730 4059 omnia
759 4018 884 4074 quae
905 4003 1115 4058 suntin
1138 4011 1349 4070 mente,
1373 4002 1432 4056 in
1454 4004 1613 4056 Patre
1636 4001 1783 4068 dico,
1823 4002 2148 4056 mandatum

542 4091 611 4146 ab
639 4107 705 4146 eo
729 4106 788 4147 se
811 4092 1088 4162 accepisse
1119 4090 1219 4155 ait,
1252 4089 1385 4160 quid
1413 4089 1561 4145 dicat
1588 4098 1645 4145 et
1682 4089 1816 4161 quid
1845 4089 2100 4160 loquatur
2129 4108 2147 4145 :

541 4179 689 4235 sicut
733 4187 790 4234 et
826 4187 1016 4234 noster
1046 4194 1253 4246 sermo,
1297 4177 1346 4233 si
1390 4178 1610 4249 quando
1639 4193 1766 4234 vera
1813 4177 2012 4234 dicturi
2055 4193 2148 4234 su-

541 4282 690 4335 mus,
737 4267 824 4323 illa
867 4266 1006 4322 dicit
1056 4282 1179 4339 qua:
1208 4282 1364 4322 mens
1413 4266 1462 4321 ei
1492 4267 1758 4339 suggerit,
1790 4275 1848 4323 et
1870 4282 2149 4340 nusquam

542 4357 770 4414 alterius
818 4357 1143 4414 substantiae
1198 4364 1281 4412 est
1332 4371 1515 4412 sermo
1571 4372 1743 4429 quam
1797 4372 1980 4425 mens,
2049 4355 2147 4413 sed

542 4446 770 4503 omnino
803 4445 1050 4519 ejusdem
1085 4443 1428 4503 substantiae.

1131 4536 1371 4592 CAPUT
1408 4536 1564 4591 Xlll.

2259 3384 2459 3450 λέκτως
2492 3381 2596 3463 γὰρ
2642 3380 3155 3463 καταξριθήσονται,
3199 3385 3270 3447 ὡς
3303 3384 3379 3459 τῷ
3409 3377 3590 3463 Πατρῖ
3631 3376 3858 3463 ἀπιστήξ

2257 3477 2461 3530 σαντες.
2504 3452 2708 3537 ’Μηδὲν
2765 3452 2854 3521 οὖν
2900 3452 3148 3521 ταπεινὸν
3205 3452 3365 3519 ἐννοεῖ
3417 3460 3502 3539 [ἵ.
3543 3452 3766 3538 ἐννόει]
3816 3461 3845 3517 6

2257 3552 2548 3632 ὀρθόδοξος,
2585 3553 2690 3612 ἀπὸ
2733 3556 2837 3611 τῶν
2870 3554 3136 3611 ταπεινῶν
3184 3549 3468 3633 ῥημάτων,
3518 3547 3681 3625 ἤγουν
3736 3550 3855 3620 τοῦ,

2268 3660 2297 3699 (ι
2326 3644 2586 3715 Ἐντολὴν
2620 3640 2833 3714 ἔλαϐον,
2862 3663 2892 3699 ι)
2922 3640 3016 3700 καὶ
3046 3644 3149 3699 τῶν
3182 3639 3430 3699 τοιούτων
3448 3661 3461 3674 ·
3493 3636 3631 3696 ἀλλὰ
3653 3638 3854 3713 εὔγνω-

2259 3730 2431 3808 μόνως
2459 3737 2627 3791 ταῦτα
2670 3730 2976 3807 ἐκλάμϐανε
3000 3776 3017 3804 ,
3058 3719 3166 3788 οἶον
3197 3728 3290 3787 καὶ
3333 3734 3491 3787 τοῦτο
3527 3724 3586 3785 τὸ
3609 3771 3625 3799 ,
3680 3747 3711 3782 ι(
3738 3726 3857 3785 Ἐν-

2254 3820 2417 3892 τολῆν
2446 3821 2636 3879 ἔλαϐον
2656 3865 2675 3898 ,
2704 3820 2758 3879 τί
2788 3819 2923 3879 εἴπω
2945 3863 2962 3892 ,
2997 3818 3089 3877 καὶ
3126 3817 3180 3877 τί
3208 3819 3453 3889 λαλήσω.
3486 3835 3516 3872 ι)
3552 3816 3720 3892 Λόγος
3749 3812 3855 3894 γὰρ

2255 3908 2331 3969 ὢν
2371 3915 2400 3971 6
2442 3911 2589 3983 Υἱὸς,
2641 3908 2733 3968 καὶ
2787 3910 3050 3989 ἐκφαίνων
3089 3907 3266 3965 πάντα
3324 3904 3391 3964 τὰ
3443 3908 3496 3963 ἐν
3529 3907 3603 3984 τῷ
3648 3906 3744 3984 νῷ,
3774 3907 3850 3983 τῷ

2259 3999 2471 4080 Πατρὶ,
2504 3998 2674 4079 φημὶ,
2728 3997 2942 4070 ἐντολὴν
2992 3999 3120 4076 παρ’
3157 3997 3315 4055 αὐτοῦ
3345 4018 3504 4075 φησιν
3546 3990 3731 4052 λαϐεῖν
3754 4037 3772 4071 ,
3798 3990 3853 4050 τί

2256 4088 2409 4168 εἴπῃ,
2442 4090 2536 4148 καὶ
2564 4087 2617 4146 τί
2645 4088 2883 4167 λαλήσῃ.
2914 4082 3131 4165 σΩσπερ
3173 4086 3266 4145 καὶ
3310 4089 3338 4144 6
3369 4083 3625 4162 ἡμέτερος
3662 4080 3850 4161 λόγος,

2255 4178 2362 4257 εἴγε
2415 4175 2687 4248 ἀληθεύειν
2742 4177 3062 4256 μέλλοιμεν,
3124 4177 3303 4233 ἐκεῖνα
3352 4174 3522 4250 λέγει,
3568 4172 3603 4231 ἃ
3652 4174 3680 4229 6
3733 4175 3852 4238 νοῦς

2257 4268 2401 4347 αὖτῷ
2432 4266 2747 4346 ὑποϐάλλει,
2792 4265 2885 4325 καὶ
2934 4268 2991 4324 οὐ
3024 4264 3196 4336 δήπου
3251 4261 3574 4344 ἑτεροούσιός
3629 4262 3772 4320 ἐστιν
3824 4261 3854 4317 ὁ

2253 4356 2406 4436 λόγος
2438 4355 2567 4438 πρὸς
2595 4356 2689 4443 τὸν
2717 4361 2863 4435 νοῦν,
2895 4356 3013 4414 ἀλλ’
3050 4353 3332 4434 ὁμοούσιος
3365 4351 3604 4420 πάντως.

2830 4536 3120 4596 ΚΕΦᾹΛ.
3150 4531 3265 4596 11".

540 4683 648 4746 De_
675 4679 796 4746 pelei
850 4679 947 4722 sive
1001 4677 1243 4746 malluvio.
1312 4678 1559 4736 Quomodo
1616 4678 1786 4746 Judas_
1837 4679 2036 4722 exiverit
2096 4684 2147 4746 ut

2262 4683 2372 4746 Περὶ
2405 4686 2492 4731 τοῦ
2510 4685 2750 4746 νιπτῆρος.
2773 4679 2891 4746 Περί
2919 4682 3006 4727 τοῦ
3027 4675 3291 4746 ἐξελθόντος
3320 4673 3487 4746 Ἰούδα
3510 4672 3848 4746 ςναιτρνιχρι-

596 4744 835 4786 Christum
907 4741 1133 4783 traderel.
1204 4744 1271 4784 De
1345 4745 1577 4793 praecepto
1651 4750 1701 4783 se
1769 4742 1962 4783 invicem
2044 4742 2146 4785 dili-

595 4804 749 4856 gendi.
786 4805 854 4847 De
879 4814 933 4847 eo
964 4805 1045 4857 qui
1075 4804 1277 4848 Petrum
1310 4803 1637 4856 interrogavit,
1673 4812 1767 4856 quo
1794 4803 1946 4846 abiret
1980 4805 2143 4849 Iesus.

611 5002 790 5057 Vsus.
843 5005 894 5055 1.
951 5021 979 5049 (ι
1034 5003 1177 5055 Ante
1217 4997 1418 5055 festum
1464 5008 1653 5056 autem
1694 4998 1919 5056 Pascha;
1961 4998 2140 5057 sciens

534 5092 694 5147 Jesus
721 5089 869 5163 quod
897 5089 1127 5146 venisset
1163 5088 1298 5145 hora
1334 5089 1522 5161 ipsius,
1561 5098 1623 5145 ut
1652 5089 1911 5145 transiret
1933 5104 2006 5144 ex
2032 5089 2139 5145 hoc

536 5179 746 5238 mundo
775 5180 846 5236 ad
880 5182 1100 5236 Patrem
1134 5198 1152 5232 :
1198 5195 1327 5235 cum
1369 5178 1648 5236 dilexisset
1687 5194 1818 5234 suos
1852 5178 1943 5250 qui
1981 5186 2141 5234 erant

534 5269 594 5326 in
645 5268 875 5339 mundo,
920 5285 1095 5342 usque
1141 5268 1212 5324 ad
1257 5268 1427 5324 ﬁnem
1476 5267 1667 5324 dilexit
1709 5283 1824 5323 eos.
1868 5285 1895 5319 n
1928 5267 2141 5325 Sciebat

535 5359 756 5430 quidem
786 5360 1056 5418 Dominus
1075 5357 1245 5431 685
1265 5366 1319 5415 et
1343 5366 1471 5413 ante
1501 5357 1685 5412 omnia
1713 5356 1915 5413 saecula
1944 5356 2140 5414 horam

604 5499 649 5535 ³ο
670 5504 831 5559 Joan.
854 5518 976 5573 x1v,
1008 5509 1063 5560 6.
1091 5501 1134 5537 ³¹
1165 5504 1328 5560 Joan.
1360 5515 1464 5570 xv,
1491 5505 1577 5556 15.

2317 4735 2430 4794 στὸν
2461 4735 2749 4807 παραδῶσῃ.
2778 4735 3000 4807 Περὶῄτῆς
3033 4741 3224 4807 ἐντολῆς
3254 4745 3340 4807 τοῦ
3373 4737 3564 4807 ἀγαπᾷν
3596 4735 3845 4794 ἀλλήλους.

2317 4810 2432 4871 Περὶ
2460 4801 2547 4857 τού
2570 4801 2820 4864 ζητοῦντος
2848 4801 3054 4867 Πέτρου,
3076 4808 3174 4853 ποῦ
3197 4802 3372 4863 ὑπάγει
3392 4802 3419 4848 ὁ
3439 4801 3624 4862 Κύριος.

2338 5008 2368 5044 α
2414 4986 2531 5065 Πρὸ
2561 4984 2617 5045 δὲ
2645 4987 2743 5056 τῆς
2792 4985 2974 5061 ἑορτῆς
3003 4986 3096 5040 τοῦ
3140 4978 3345 5059 Πάσχα
3372 4975 3522 5044 εἰδὼς
3564 4977 3592 5034 6
3623 4973 3853 5065 Ἰησοῦς,

2247 5075 2327 5136 ὅτι
2380 5060 2630 5146 ἐλήλυθεν
2683 5074 2909 5148 αὖτοῦὴ
2958 5069 3095 5151 ὥρα,
3140 5067 3228 5126 ἵνα
3269 5065 3481 5147 μεταϐῇ
3533 5067 3593 5123 ἐκ
3625 5067 3717 5122 τοῦ
3765 5060 3859 5121 κό-

2249 5189 2386 5245 σμου
2416 5164 2601 5224 τούτου
2632 5163 2764 5245 πρὸς
2794 5160 2885 5221 τὸν
2932 5159 3179 5240 Πατέρα,
3210 5157 3497 5236 ἀγαπήσας
3532 5151 3653 5220 τοὺς
3696 5151 3865 5245 ῖδίους

2248 5256 2368 5326 τοὺς
2410 5258 2463 5315 ἐν
2518 5259 2595 5335 τῷ
2639 5254 2865 5332 κόσμῳ,
2913 5252 2985 5317 εἷς
3028 5250 3178 5316 τέλος
3223 5247 3504 5323 ἠγάπησεν
3560 5240 3770 5310 αὐτούς.
3810 5262 3843 5300 ι)

2247 5345 2406 5432 ’ῌδει
2434 5345 2529 5423 μὲν
2636 5330 2835 5423 Κύριος
2880 5340 2973 5400 καὶ
3003 5338 3107 5419 πρὸ
3134 5337 3348 5397 πάντων
3376 5339 3481 5395 τῶν
3511 5331 3716 5395 αἰώνων
3744 5330 3851 5403 τὴν

1579 5594 1669 5653 Ex
1702 5595 2020 5655 collatione
2050 5595 2227 5655 codd.
2255 5591 2467 5657 Venet.
2501 5593 2562 5652 S.
2608 5590 2814 5653 Marci.

604 5734 715 5798 (34)
765 5728 902 5787 Cod.
955 5736 1047 5800 26,
1098 5728 1324 5794 Ἐκεῖνος
1368 5730 1652 5802 κατακρίνει
1707 5729 1856 5785 αὐτὸν
1890 5729 1966 5802 ’ἐν
2005 5734 2067 5804 τῇ
2112 5728 2154 5784 ἐς

2262 5750 2303 5803 ῖῃ
2357 5727 2535 5802 ἡμέρᾳ.
2568 5750 2596 5779 α
2648 5727 2746 5783 Ille
2785 5719 3174 5783 condemnabit
3222 5719 3407 5793 ipsum
3459 5717 3522 5775 in
3556 5723 3861 5776 extremo-

529 5809 635 5868 die.
674 5834 698 5861 ιο
