4198 6500
375 522 487 576 N5
1248 533 1638 588 ENARRATIO
1677 533 1743 588 IN
1782 529 2213 586 EVANGELIUM
2247 529 2541 585 JOANNIS.
2587 557 2654 568 -
2692 527 2841 583 CAP.
2884 530 3012 584 XIII.
3691 537 3790 590 I46

392 646 554 728 ἕδραν
609 658 726 713 τοῦ
791 658 1052 717 θανάτου
1101 659 1271 718 αὐτοῦ·
1317 658 1578 728 ἐνστάσης
1628 656 1684 716 δὲ
1744 656 1863 717 τότε
1900 658 2072 729 ac.er

2199 655 2390 710 mortis
2417 670 2530 710 sua:
2587 673 2600 709 :
2647 669 2776 710 cum
2828 661 3016 709 autem
3066 654 3153 710 illa
3197 655 3447 725 instaret,
3512 674 3630 714 rem
3658 659 3793 716 facit

413 752 666 822 πρᾶγμα
710 751 882 805 ποιεῖ
912 750 1123 820 πολλῆς
1169 753 1265 820 τῆς
1302 748 1700 829 φιλανθρωπίας
1742 747 1832 806 καὶ
1870 771 2076 823 συγκα-

434 832 727 903 ταῧάσεως
783 838 965 915 γέμον
988 882 1007 914 ,
1043 837 1135 897 καὶ
1183 837 1387 908 πολλὴν
1426 838 1524 908 τὴν
1560 838 1774 916 ἀγάπην
1823 839 2077 916 ἐμφαῖνον

451 925 582 1005 πρὶς
636 923 765 992 τοὺς
818 927 1095 1004 μαθητάς.
1155 928 1400 988 Μέλλων
1431 926 1535 1008 γὰρ
1589 926 2074 1005 ἐγκαταλιμπάνειν

471 1015 686 1089 αὖτοὺς,
733 1017 1104 1096 σφοδροτέραν
1145 1015 1242 1088 τὴν
1293 1016 1509 1094 ἀγάπην
1560 1017 1937 1077 ἐπιδείκνυται.
1997 1018 2076 1076 Τὸ

473 1106 604 1186 γὰρ,
684 1127 713 1163 α
797 1105 1116 1181 Ἀγαπήσεις
1180 1105 1399 1178 αὐτοὺς,
1449 1108 1520 1172 εἷς
1577 1108 1726 1174 τέλος
1793 1108 2076 1186 ἠγάπησεν

478 1196 683 1268 αὐτοὺς,
729 1218 760 1253 n
811 1200 974 1254 τοῦτο
1011 1196 1200 1267 δηλοῖ,
1254 1191 1334 1253 ὅτι
1367 1194 1514 1252 οὐδὲν
1556 1195 1823 1268 ἐνέλιπεν,
1875 1189 1948 1257 ὧν
1987 1201 2074 1259 τὸν

485 1287 677 1366 σῖρόδρα
706 1287 1004 1362 ἀγαπῶντα
1035 1285 1171 1351 εἰκὸς
1204 1275 1268 1356 ἧν
1298 1287 1538 1355 ποιῆσαι.
1568 1285 1663 1344 Διὸ
1686 1283 1778 1343 καὶ
1807 1286 1867 1344 τὸ
1896 1291 2076 1349 τελευ-

480 1386 622 1435 ταῖον
671 1375 887 1432 πάντων
921 1379 1080 1432 τοῦτο
1123 1381 1286 1445 ποιεῖ,
1333 1373 1529 1432 νίπτων
1578 1372 1700 1440 τοὺς
1743 1375 1910 1443 πόδας
1969 1383 2073 1437 τῶν

474 1467 730 1540 μαθητῶν
753 1511 770 1537 ,
801 1463 937 1521 ὥστε
971 1463 1148 1528 αὐτοῖς
1179 1464 1432 1521 ἐπιτεῖναι
1461 1463 1548 1521 τὸν
1581 1462 1739 1522 πόθον
1759 1508 1775 1535 ,
1815 1466 1908 1523 καὶ
1935 1471 2066 1526 πολ-

471 1555 572 1624 λὴν
623 1554 802 1619 αὐτοῖς
849 1551 1246 1633 προαποθέσθαι
1297 1551 1637 1632 παράκλησιν
1671 1554 1798 1632 πρὸς
1844 1555 1914 1614 τὰ
1947 1557 2073 1632 μέλ-

471 1647 639 1701 λοντα
672 1644 876 1702 ἐπιέναι
905 1641 1082 1714 δεινὰ,
1130 1640 1503 1720 λογισαμένοις
1550 1641 1630 1699 ὅτι
1658 1645 1686 1700 6
1715 1641 1880 1710 οὕτως
1932 1649 2076 1723 ἀγα-

472 1732 657 1803 πήσας
704 1731 922 1806 αὐτοὺς,
955 1734 1025 1798 ὡς
1072 1731 1166 1790 καὶ
1219 1730 1340 1798 τοὺς
1381 1731 1548 1797 πόδας
1590 1733 1763 1790 αὐτῶν
1793 1736 1971 1814 νῖψαι,
2016 1737 2075 1794 οὗ

471 1822 791 1901 περιόψεται
827 1819 1046 1896 αὐτοὺς,
1091 1819 1211 1878 οὐδὲ
1244 1823 1296 1880 ἐν
1345 1829 1453 1888 τοῖς
1501 1822 1710 1889 δεινοῖς.
1751 1822 2073 1883 Μετάϐασιν

472 1911 526 1969 δὲ
563 1910 814 1987 ὀνομάζει
860 1911 949 1970 τὸν
1002 1909 1225 1968 θάνατον
1281 1917 1372 1970 τοῦ
1420 1913 1657 1990 Χριστοῦ
1723 1911 1810 1971 διὰ
1864 1911 1962 1984 τὴν
2020 1913 2072 1984 ἐξ

2186 760 2400 818 magna:
2455 743 2849 800 misericordiae
2901 753 2956 800 et
3013 744 3479 802 condescensione
3546 750 3785 819 plenam,

2185 835 2494 906 miramque
2524 851 2651 906 erga
2679 835 2970 905 discipulos
3017 850 3130 905 prae
3159 851 3217 890 se
3271 835 3379 891 fert
3413 836 3785 895 dilectionem.

2185 923 2496 979 Relicturus
2551 923 2700 979 enim
2755 925 2880 978 illos
2943 923 3412 980 vehementiorem
3459 925 3787 986 charitatem

2185 1011 2450 1068 ostendit.
2486 1015 2630 1068 Nam
2661 1028 2756 1084 per
2780 1012 2886 1068 hoc
2913 1011 3064 1083 quod
3093 1012 3248 1080 dicit,
3285 1035 3310 1061 α
3345 1016 3483 1070 Cum
3511 1014 3786 1071 dilexisset

2181 1117 2336 1169 suos,
2364 1118 2537 1174 usque
2562 1102 2628 1158 ad
2661 1102 2824 1157 ﬁnem
2864 1102 3049 1158 dilexit
3076 1118 3172 1158 eos
3219 1121 3231 1157 :
3271 1126 3294 1150 υ
3329 1103 3434 1159 hoc
3471 1104 3608 1173 vult,
3639 1106 3785 1177 quod

2183 1191 2319 1247 nihil
2373 1191 2626 1247 omiserit
2673 1207 2868 1247 eorum
2920 1207 3043 1264 qua:
3100 1191 3280 1248 facere
3338 1192 3492 1248 decet
3522 1210 3648 1249 eum
3689 1195 3780 1264 qui

2183 1282 2416 1336 multum
2460 1281 2661 1353 diligit.
2699 1280 2826 1336 Ideo
2857 1289 2912 1336 et
2960 1290 3240 1352 postremo
3287 1282 3454 1353 pedes
3482 1283 3782 1354 discipulo-

2178 1385 2303 1425 rum
2332 1371 2580 1425 omnium
2610 1371 2769 1437 lavat,
2803 1378 2862 1425 ut
2890 1369 3101 1441 ingerat
3129 1387 3391 1442 magnum
3421 1372 3782 1440 desiderium,

2181 1467 2236 1514 et
2269 1474 2525 1532 magnam
2556 1460 2632 1514 eis
2659 1459 3092 1515 consolationem
3134 1458 3327 1516 afferat
3356 1462 3410 1515 in
3459 1462 3619 1517 malis
3660 1478 3784 1532 qua:

2179 1549 2392 1620 passuri
2433 1557 2613 1616 erant,
2664 1549 2707 1604 si
2737 1549 3042 1622 cogitarent
3069 1549 3218 1621 quod
3266 1551 3346 1606 sic
3378 1551 3632 1606 dilexerit
3660 1567 3783 1618 eos,

2179 1646 2243 1692 ut
2268 1647 2322 1692 et
2361 1638 2524 1710 pedes
2566 1655 2759 1694 eorum
2800 1639 3033 1694 laverit:
3064 1655 3234 1711 quare
3275 1656 3449 1711 neque
3498 1642 3786 1713 despectu-

2178 1743 2271 1782 rus
2299 1727 2370 1783 sit
2398 1743 2492 1783 eos
2525 1727 2582 1782 in
2631 1729 2792 1783 rebus
2835 1729 3196 1797 gravioribus.
3230 1729 3552 1785 'l‘ransitum
3595 1740 3780 1786 autem

2180 1817 2427 1871 nominat
2465 1826 2695 1872 mortem
2737 1817 2955 1883 Christi,
2991 1825 3212 1887 pr0pter
3253 1819 3689 1889 assumptionem
3715 1835 3778 1876 ex

2187 1906 2612 1962 resurrectione.
2681 1907 2821 1978 Quia
2890 1905 3054 1978 igitur
3093 1905 3426 1962 transiturus
3480 1916 3595 1963 erat
3621 1930 3664 1977 ,ι
3717 1925 3784 1966 ex

481 1967 524 1969 η
572 1967 586 1969 -
632 1967 809 1987 τη
876 1967 914 1970 νν
1110 1967 1155 1968 η
1421 1967 1647 1990 --ςκηρ
2021 1967 2071 1984 -τ

474 1999 818 2065 ἀναστάσεως
847 1999 1131 2076 ἀνάληψιν.
1179 1998 1335 2058 Ἐπεὶ
1365 1999 1538 2058 τοίνυν
1575 1998 1876 2074 μεταϐῆναι
1908 2001 2069 2076 ἔμελ-

2188 1993 2292 2049 hoc
2322 1994 2551 2060 mundo,
2588 2017 2613 2043 η
2658 1993 2899 2050 ostendit
2941 1993 3267 2050 charitatem
3297 2010 3448 2066 erga,
3485 2018 3510 2043 ‹‹
3561 2011 3714 2052 suos.
3751 2021 3776 2046 ι»

474 2092 566 2148 λεν
611 2110 644 2146 α
689 2090 750 2147 ἐκ
780 2094 873 2148 τοῦ
900 2094 1105 2164 κόσμου
1144 2088 1350 2158 τούτου,
1392 2109 1422 2146 »
1461 2089 1784 2148 ἐνδείκνυται
1822 2092 1917 2163 τὴν
1947 2092 2076 2173 πρὸς

485 2202 516 2237 ιι
557 2177 677 2242 τοὺς
730 2177 889 2244 ἰδίους
948 2200 978 2235 ι)
1041 2176 1284 2256 ἀγάπην·
1338 2179 1495 2244 ἰδίους
1545 2179 1600 2238 δὲ
1653 2177 1776 2247 τοὺς
1833 2181 2074 2256 μαθητὰς

474 2267 722 2344 ὀνομάζει
766 2266 904 2326 κατὰ
944 2267 1031 2326 τὸν
1062 2271 1156 2338 τῆς
1186 2267 1494 2334 οἰκειώσεως
1517 2268 1694 2346 λόγον.
1785 2267 1944 2330 Ἰδιοι
1977 2272 2072 2349 μὲν

471 2357 578 2436 γὰρ
631 2358 774 2416 Θεοῦ
818 2354 960 2414 κατὰ
1022 2355 1110 2414 τὸν
1166 2361 1263 2428 τῆς
1313 2359 1660 2437 δημιουργίας
1733 2358 1928 2438 τρόπον
1983 2363 2072 2419 καὶ

473 2449 672 2513 πάντες
701 2446 996 2528 ἄνθρωποι·
1033 2446 1165 2506 καθὸ
1195 2446 1420 2527 εἴρηται⁶
1477 2469 1506 2505 (ι
1537 2450 1630 2514 Εἰς
1681 2450 1748 2508 τὰ
1776 2448 1885 2507 ἴδια
1922 2442 2070 2524 ἦλθε,

545 2539 565 2594 ὶ
625 2539 644 2594 ἶ
675 2536 726 2558 υἱ
872 2537 888 2556 9
933 2537 945 2556 ‘
1076 2537 1091 2555 Ὦ
1270 2535 1284 2554 Ι
1458 2561 1470 2574 .
1573 2537 1626 2560 να
1741 2540 1765 2558 κ
1874 2541 1889 2560 9
1961 2546 1992 2559 ~

466 2561 541 2595 κα
595 2559 626 2594 ο
678 2555 799 2596 ιοιοι
829 2559 986 2595 αυτον
1038 2560 1099 2595 ου
1144 2536 1449 2615 παρελαϐον
1505 2559 1534 2594 ι)
1575 2561 1695 2598 ιοιοι
1737 2541 1791 2597 οὲ
1833 2563 1992 2598 αυτου
2024 2543 2072 2599 οἱ

473 2625 622 2703 ἅγιοι
671 2624 812 2685 κατὰ
858 2626 918 2685 τὸ
955 2627 1138 2685 οἰκεῖοι
1193 2627 1336 2706 αὐτῷ
1386 2617 1552 2685 εἶναι·
1603 2626 1786 2706 ὥσπερ
1839 2617 1929 2686 οῦν
1982 2631 2072 2688 καὶ

468 2717 700 2773 ἐνταῦθα
748 2716 906 2782 ἰδίους
937 2716 1157 2774 ἐκάλεσε
1200 2713 1318 2781 τοὺς
1351 2715 1618 2792 μαθητὰς,
1665 2718 1958 2796 προσέθηκε
1987 2718 2068 2795 δὲ,

478 2828 508 2862 σ
554 2803 677 2870 τοὺς
706 2807 759 2862 ἐν
791 2811 865 2885 τῷ
893 2805 1077 2884 κόσμῳ
1098 2850 1115 2880 ,
1146 2825 1174 2860 ι)
1219 2805 1401 2875 ἐπειδὴ
1439 2805 1530 2864 καὶ
1562 2807 1713 2865 ἄλλοι
1746 2806 1876 2865 εἰσὶν
1910 2814 2071 2867 αὐτοῦ

469 2892 633 2967 ἴδιοι,
668 2893 911 2973 Ἀϐραὰμ
953 2893 1044 2952 καὶ
1093 2895 1140 2951 οἱ
1189 2895 1557 2974 πατριάρχαι,
1603 2897 1722 2954 ἀλλ’
1756 2898 1850 2955 οὐκ
1897 2899 1950 2954 ἐν
1991 2901 2069 2974 τῷ

469 2982 683 3064 κόσμιςν
716 2983 1051 3059 ἐξεδήμησαν
1080 2981 1183 3064 γὰρ
1222 2986 1478 3046 ἐντεῦθεν.
1523 2985 1759 3051 Τούτους
1791 2985 1854 3057 δὴ
1897 3008 1927 3044 (ι
1960 2987 2073 3053 τοὺς

473 3073 632 3139 ἰδίους
659 3094 690 3130 ›)
737 3074 884 3152 αὐτῷ
923 3097 952 3127 ιι
985 3070 1106 3138 τοὺς
1145 3073 1199 3130 ἐν
1230 3075 1306 3152 τῷ
1339 3071 1528 3154 κόσμῳ
1557 3076 1630 3140 εἰς
1677 3075 1822 3142 τέλος
1850 3076 2071 3152 ἠγάπη-

476 3185 592 3222 σεν-
629 3185 659 3219 n
697 3162 827 3241 ὅπερ
872 3160 1020 3240 ἐστὶ,
1047 3161 1254 3221 τελείαν
1289 3161 1506 3241 ἀγάπην
1538 3165 1610 3230 εἷς
1649 3163 1835 3232 αὖτοὺς
1883 3166 2072 3225 ἐνεδεί-

473 3252 621 3321 ξατο.

2183 2087 2323 2141 Suos
2349 2087 2556 2139 autem
2582 2082 2876 2154 discipulos
2905 2085 3160 2139 nominat
3207 2085 3518 2140 secundum
3551 2084 3782 2142 familia-

2182 2173 2358 2229 ritatis
2385 2173 2680 2229 rationem.
2714 2177 3000 2244 Quantum
3026 2173 3198 2240 enim,
3231 2171 3303 2228 ad
3333 2175 3601 2230 rationem
3631 2191 3782 2231 crea-

2181 2263 2364 2328 tionis,
2393 2262 2508 2334 ejus
2537 2262 2739 2335 proprii
2770 2272 2900 2319 sunt
2951 2279 3150 2319 omnes
3199 2261 3472 2330 homines,
3521 2265 3786 2337 quemad-

2183 2351 2418 2407 modum
2447 2351 2662 2408 dictum
2690 2359 2776 2407 est
2809 2351 2854 2386 ³³
2883 2371 2896 2407 :
2947 2375 2972 2400 «
3009 2354 3078 2407 In
3135 2353 3353 2424 propria
3384 2354 3530 2408 venit
3557 2371 3571 2408 :
3617 2363 3671 2410 et
3700 2356 3784 2412 sui

2182 2457 2307 2498 eum
2337 2457 2450 2497 non
2495 2449 2840 2512 receperunt.
2895 2464 2918 2489 ιι
2951 2442 3046 2497 Sui
3076 2449 3261 2498 autem
3292 2442 3458 2498 etiam
3487 2445 3684 2512 sancti,
3718 2460 3783 2500 eo

2182 2529 2332 2602 quod
2373 2530 2672 2585 familiares
2699 2530 2749 2586 ei
2779 2530 2909 2597 sint,
2942 2531 3415 2602 quemadmodum
3445 2540 3500 2586 et
3530 2531 3634 2588 hoc
3663 2533 3783 2588 loco

2182 2635 2311 2675 suos
2354 2619 2566 2675 vocavit
2592 2618 2910 2690 discipulos.
2965 2619 3185 2690 Adjecit
3227 2628 3416 2675 autem
3468 2618 3573 2687 his,
3610 2643 3634 2669 ι
3690 2621 3782 2694 qui

2182 2709 2236 2764 in
2268 2708 2472 2764 mundo
2500 2728 2512 2763 :
2547 2733 2572 2757 ο
2604 2709 2725 2780 quia
2756 2719 2812 2764 et
2854 2708 2944 2764 alii
2980 2716 3136 2764 erant
3182 2709 3287 2772 sui,
3321 2717 3380 2764 ut
3411 2709 3690 2765 Abraham
3727 2719 3785 2767 et

2181 2798 2525 2869 patriarchae,
2547 2801 2638 2854 sed
2659 2815 2771 2853 non
2797 2799 2853 2852 in
2885 2799 3127 2865 mundo;
3159 2796 3603 2868 demigraverant
3631 2800 3778 2856 enim

2184 2888 2252 2943 ab
2279 2904 2345 2944 eo
2375 2888 2511 2943 loco.
2568 2910 2590 2937 ι
2627 2889 2740 2942 Hos
2770 2887 2932 2959 igitur
2954 2903 3103 2942 .suos
3137 2904 3279 2960 quos
3308 2887 3364 2942 in
3413 2888 3518 2944 hoc
3550 2889 3780 2957 mundo,

2184 2993 2354 3048 usque
2381 2977 2434 3032 in
2480 2979 2651 3033 ﬁnem
2690 2977 2904 3044 dilexit,
2940 2999 2965 3024 υ
3000 2976 3104 3034 hoc
3147 2985 3246 3048 est,
3299 2976 3602 3050 perfectam
3653 2994 3782 3051 erga

2183 3068 2306 3124 illos
2333 3066 2659 3124 charitatem
2685 3066 2996 3123 declaravit.

575 3364 603 3398 ιι
655 3340 755 3401 Καὶ
784 3342 1000 3401 δείπνου
1043 3342 1364 3419 γενομένου,
1412 3346 1504 3401 τοῦ
1551 3342 1804 3402 διαϐόλου
1842 3344 1944 3415 ἤδη
1981 3348 2072 3423 βε-

2252 3354 2433 3409 Vnns.
2473 3360 2583 3410 2-5.
2620 3372 2650 3406 ιι
2702 3357 2770 3409 Et
2815 3369 2974 3410 ccena
3024 3352 3190 3420 facta,
3237 3369 3363 3409 cum
3397 3353 3643 3410 diabolus
3665 3355 3782 3427 jam

474 3430 735 3502 ϐληκότος
777 3435 848 3498 εἰς
882 3431 980 3502 τὴν
1031 3431 1254 3510 καρδίαν
1292 3432 1468 3492 Ἰούδα
1500 3431 1747 3510 Σίμωνος
1785 3434 2066 3512 Ἰσκαριώ-

469 3543 594 3590 του,
636 3519 724 3578 ἵνα
755 3521 916 3580 αὐτὸν
961 3522 1220 3602 παραδῷ,
1253 3519 1406 3586 εἰδὼς
1432 3525 1458 3578 6
1509 3522 1742 3594 Ἰησοῦς,
1773 3521 1854 3579 ὅτι
1892 3521 2072 3582 πάντα

467 3611 696 3668 δέδωκεν
728 3611 874 3688 αὐτῷ
915 3614 943 3667 6
997 3611 1192 3688 Πατὴρ
1225 3613 1295 3678 εἰς
1331 3609 1424 3678 τὰς
1469 3612 1683 3691 χεῖρας,
1719 3611 1811 3669 καὶ
1843 3609 1923 3668 ὅτι
1966 3613 2072 3671 ἀπὸ

465 3701 612 3760 Θεοῦ
649 3699 832 3769 ἐξῆλθε
863 3699 955 3759 καὶ
986 3698 1117 3777 πρὸς
1145 3700 1233 3758 τὸν
1267 3699 1405 3759 Θεὸν
1438 3701 1661 3777 ὑπάγει,
1711 3700 1969 3779 ἐγείρεται
2012 3702 2072 3760 ἐκ

464 3790 718 3856 δείπνου,
754 3791 848 3848 καὶ
882 3789 1058 3862 τίθησι
1103 3788 1170 3847 τὰ
1228 3789 1442 3864 ἱμάτια,
1493 3789 1582 3847 καὶ
1616 3789 1799 3848 λαϐὼν
1832 3790 2029 3849 λέντιον
2050 3838 2066 3867 ,

468 3881 719 3946 διέζωσεν
746 3880 964 3938 ἑαυτόν·
997 3868 1109 3936 εἶτα
1145 3879 1332 3958 βάλλει
1363 3880 1504 3958 ὕδωρ
1547 3882 1620 3944 εἰς
1654 3879 1744 3938 τὸν
1790 3887 2020 3959 νιπτῆρα
2052 3927 2068 3952 ,

468 3969 561 4026 καὶ
616 3968 819 4046 ἤρξατο
868 3968 1068 4026 νίπτειν
1109 3967 1226 4034 τοὺς
1268 3969 1434 4035 πόδας
1473 3971 1576 4026 τῶν
1635 3972 1920 4044 μαθητῶν,
1979 3968 2070 4028 καὶ

469 4058 762 4133 ἐκμάσσειν
808 4061 884 4136 τῷ
914 4057 1126 4137 λεντίῳ,
1164 4047 1208 4136 ᾧ
1239 4048 1302 4129 ἦν
1352 4056 1720 4134 διεζωσμένος.
1771 4080 1798 4114 )›
1843 4060 2072 4135 Θαυμά-

470 4151 570 4215 ζων
628 4150 659 4203 6
707 4144 1115 4224 εὖαγγελιστὴς,
1168 4146 1250 4203 ὅτι
1315 4147 1403 4204 τὸν
1456 4146 1560 4219 ἤδη
1613 4147 1711 4220 τὴν
1782 4147 2070 4226 προδοσίαν

471 4234 908 4310 ἐκμελετήσαντα
956 4236 1100 4316 ἔνιψε
1148 4239 1175 4293 6
1213 4237 1476 4314 Χριστὸς,
1508 4234 1673 4316 φησὶ,
1736 4259 1766 4296 ιι
1795 4241 1906 4298 Τοῦ
1951 4239 2070 4296 δια-

472 4325 630 4383 εολου
662 4324 769 4396 ἤδη
827 4325 1151 4401 βεϐληκότος
1194 4329 1265 4390 εἷς
1307 4326 1401 4394 τὴν
1454 4326 1677 4402 καρδίαν
1730 4326 2000 4401 Σίμωνος⁶
2033 4349 2061 4384 ι)

470 4414 635 4479 οὕτως
667 4415 798 4492 ἄχρι
845 4413 1026 4480 τέλους
1057 4415 1142 4473 τὸν
1179 4414 1440 4490 προδότην
1473 4413 1777 4493 ἐθεράπευε.
1840 4416 1947 4475 Καὶ
1977 4416 2068 4488 τὸ,

480 4525 508 4559 ι
551 4504 784 4562 Δείπνου
817 4502 870 4560 δὲ
895 4503 1177 4580 γενομένου
1195 4549 1212 4580 ,
1253 4526 1281 4561 (ι
1309 4505 1368 4561 οὗ
1401 4503 1576 4579 μάτην
1608 4511 1809 4575 κεῖται,
1838 4507 1955 4563 ἀλλ’
1981 4503 2071 4563 ἵνα

471 4595 658 4672 δειχθῇ
705 4595 766 4651 τὸ
815 4594 1173 4670 ἀπάνθρωπον
1230 4598 1320 4651 τοῦ
1355 4591 1560 4666 Ἰούδα,
1609 4591 1690 4650 ὅτι
1721 4592 1840 4652 οὐδὲ
1897 4599 1930 4665 ἡ
1978 4598 2071 4664 τῆς

469 4687 738 4755 τραπέζης
773 4682 1022 4739 κοινωνία
1071 4682 1518 4744 κατεδυσώπησεν
1571 4682 1750 4742 αὐτόν.
1817 4706 1847 4737 ιι
1901 4683 2072 4750 Εἰδὼς

471 4762 563 4830 οὖν
592 4775 621 4828 6
655 4771 906 4844 Ἰησοῦς,
953 4771 1034 4829 ὅτι
1065 4771 1242 4830 πάντα
1291 4772 1598 4850 παρέδωκεν
1629 4774 1772 4850 αὐτῷ
1819 4775 1846 4830 6
1883 4772 2074 4852 Πατὴρ

475 4861 547 4925 εἷς
575 4861 670 4926 τὰς
709 4867 924 4938 χεῖρας*
974 4885 1004 4915 πυ
1042 4859 1344 4931 τουτέστιν,
1397 4859 1478 4918 ὅτι
1525 4858 1622 4930 τὴν
1656 4860 1923 4940 σωτηρίαν
1969 4865 2074 4919 τῶν

472 4954 675 5008 πιστῶν
728 4951 876 5028 αὐτῷ
927 4950 1248 5028 ἐνεχείρισε,
1297 4948 1390 5007 καὶ⁵
1445 4951 1523 5006 δεῖ
1567 4949 1753 5008 λοιπὸν
1786 4951 1960 5008 πάντα
2005 4949 2073 5008 τὰ

469 5041 601 5116 πρὸς
648 5040 922 5116 σωτηρίαν
975 5039 1346 5097 ὑποδεικνύναι
1401 5040 1612 5110 αὐτοῖς,
1648 5043 1825 5097 ὁποῖον
1869 5040 1960 5098 καὶ
2011 5041 2072 5098 τὸ

468 5132 620 5208 νῖψαι
663 5126 785 5193 τοὺς
841 5128 1007 5194 πόδας
1061 5133 1167 5186 τῶν
1228 5131 1502 5203 μαθητῶν.
1567 5129 2070 5205 Ταπεινοφροσύνην

464 5219 572 5298 γὰρ
595 5219 838 5275 ἐντεῦθεν
859 5223 1245 5294 νομοθετεῖται.
1277 5217 1386 5276 Καὶ
1413 5217 1584 5284 ἄλλως
1606 5215 1678 5275 δέ·
1703 5241 1732 5272 ιι
1759 5216 1928 5284 Εἰδὼς
1954 5222 2069 5296 (35)

535 5341 584 5376 ³³
612 5342 782 5398 Joan.
814 5355 862 5407 ι,
896 5347 984 5397 ιι.

2179 3443 2497 3498 immisisset
2521 3443 2578 3498 in
2607 3459 2704 3498 cor
2739 3443 2897 3498 Iudae
2927 3443 3164 3498 Simonis
3190 3443 3472 3498 lscariotze
3501 3451 3563 3498 ut
3593 3445 3784 3515 prode-

2180 3541 2266 3586 ret
2294 3548 2444 3597 eum,
2478 3533 2656 3587 sciens
2685 3535 2845 3587 Jesus
2871 3532 3020 3604 quod
3051 3532 3237 3587 omnia
3269 3532 3373 3586 sibi
3404 3532 3645 3590 dedisset
3678 3537 3778 3588 Pa-

2179 3629 2263 3676 ter
2302 3621 2358 3676 in
2389 3637 2609 3688 manus,
2642 3630 2696 3676 et
2741 3621 2895 3694 quod
2927 3637 2958 3677 a
2991 3625 3108 3676 Deo
3139 3621 3354 3684 exisset,
3405 3631 3459 3676 et
3505 3621 3572 3677 ad
3604 3625 3783 3678 Deum

2179 3711 2301 3778 iret,
2341 3710 2518 3782 surgit
2559 3727 2588 3765 a
2627 3725 2781 3765 coena
2823 3718 2878 3765 et
2926 3710 3082 3782 ponit
3140 3710 3463 3764 vestimenta
3499 3729 3513 3765 :
3563 3719 3617 3765 et
3653 3728 3779 3768 cum

2176 3799 2467 3870 accepisset
2545 3798 2798 3866 linteum,
2866 3799 3149 3869 praecinxit
3219 3814 3296 3853 se.
3374 3799 3590 3853 Deinde
3638 3801 3784 3856 misit

2178 3904 2377 3960 aquam
2410 3888 2466 3942 in
2511 3886 2733 3958 pelvim,
2767 3895 2820 3942 et
2857 3889 3031 3959 coepit
3061 3887 3240 3941 lavare
3272 3885 3439 3957 pedes
3481 3886 3783 3956 discipulo-

2178 3993 2324 4046 rum,
2351 3985 2407 4032 et
2434 3977 2926 4046 exstergerelinteo
2947 3992 3056 4048 quo
3079 3983 3196 4030 erat
3219 3975 3568 4047 praecinctus.
3605 3998 3629 4023 ο
3666 3977 3782 4032 Ad-

2178 4067 2384 4123 mirans
2429 4067 2758 4137 evangelista
2805 4064 2958 4136 quod
3011 4064 3260 4120 Christus
3291 4065 3480 4119 laverit
3527 4081 3652 4120 eum
3691 4067 3781 4137 qui

2177 4155 2551 4212 meditabatur
2620 4154 3014 4226 proditionem,
3061 4153 3218 4220 dicit,
3257 4177 3282 4202 σι
3333 4155 3476 4209 Cum
3535 4155 3785 4210 diabolus

2179 4246 2499 4302 immisisset
2531 4245 2585 4300 in
2617 4261 2714 4299 cor
2766 4244 3030 4300 Simonis.
3083 4267 3106 4291 υ
3165 4246 3247 4299 lta
3293 4259 3424 4315 ergo
3485 4260 3660 4316 usque
3715 4245 3786 4301 ad

2177 4335 2343 4390 ﬁnem
2372 4334 2670 4406 proditoris
2707 4349 2899 4388 curam
2931 4333 3178 4405 gerebat,
3222 4349 3325 4388 nec
3374 4332 3579 4388 frustra
3609 4351 3787 4405 appo-

2177 4426 2279 4484 nit.
2304 4426 2473 4480 Coena
2512 4431 2696 4478 autem
2731 4422 2873 4478 facta
2915 4440 2928 4476 :
2968 4446 2993 4471 ιο
3047 4431 3105 4477 ut
3158 4421 3478 4478 ostendatur
3525 4422 3787 4478 inhuma-

2180 4513 2321 4569 nitas
2359 4512 2540 4580 Judaa,
2586 4527 2754 4584 quem
2785 4527 2961 4583 neque
3007 4527 3212 4567 mensae
3242 4512 3563 4565 communio
3597 4512 3784 4582 placa—

2183 4610 2356 4658 verat.
2408 4625 2433 4650 ι
2474 4601 2714 4656 Proinde
2756 4603 2916 4656 Jesus
2965 4601 3138 4656 sciens
3202 4598 3350 4671 quod
3396 4603 3556 4655 Pater
3600 4600 3786 4656 omnia

2182 4691 2494 4747 tradidisset
2521 4692 2569 4746 ei
2605 4691 2662 4745 in
2703 4706 2924 4758 manus,
2965 4715 2988 4739 ιι
3035 4689 3140 4744 hoc
3180 4697 3282 4756 est,
3327 4687 3476 4761 quod
3515 4689 3788 4745 concredi-

2183 4781 2354 4837 disset
2397 4782 2443 4836 ei
2473 4781 2705 4836 salutem
2738 4780 3004 4847 ﬁdelium,
3059 4787 3114 4834 et
3142 4779 3339 4836 debeat
3383 4794 3532 4833 nunc
3575 4779 3784 4846 omnia,

2181 4885 2304 4943 qua“:
2332 4870 2401 4926 ad
2443 4871 2678 4925 salutem
2728 4885 2919 4924 eorum
2963 4869 3296 4940 pertineant,
3335 4876 3646 4924 monstrare
3688 4869 3784 4936 eis,

2185 4982 2210 5008 α
2253 4969 2308 5015 et
2331 4961 2497 5030 ccepit
2522 4959 2698 5014 lavare
2729 4958 2890 5030 pedes
2915 4959 3333 5030 discipulorum.
3373 4981 3399 5006 ιι
3445 4959 3789 5013 Humilitatis

2182 5049 2331 5105 enim
2359 5050 2448 5104 lex
2475 5048 2580 5103 hoc
2611 5049 2730 5103 loco
2761 5049 3100 5120 praecipitur.
3140 5049 3208 5102 Et
3235 5049 3411 5116 aliter,
3446 5069 3471 5095 α
3504 5049 3643 5101 Cum
3675 5046 3789 5100 sci-

2180 5147 2265 5193 ret
2288 5139 2433 5210 quod
2475 5137 2662 5193 omnia
2695 5137 3012 5193 tradidisset
3039 5137 3086 5192 ei
3138 5140 3316 5204 Pater,
3356 5144 3409 5190 et
3438 5135 3582 5206 quod
3608 5151 3637 5188 a
3669 5138 3786 5188 Deo
3817 5135 3820 5140 ’

2181 5228 2399 5297 exisset,
2430 5235 2486 5283 et
2515 5228 2578 5283 ati
2609 5231 2790 5283 Deum
2825 5228 2948 5295 iret,
2983 5250 3009 5276 η
3040 5243 3151 5282 non
3195 5226 3422 5282 timebat
3461 5223 3634 5279 minui
3665 5224 3783 5293 glo-

1534 5412 1621 5471 Ex
1659 5414 1972 5472 collatione
2002 5416 2172 5474 codd.
2202 5415 2403 5476 Venet.
2441 5415 2498 5472 S.
2539 5415 2748 5474 Marci.

539 5543 652 5616 (35)
695 5540 834 5599 ϐοά.
867 5547 966 5605 31,
1026 5538 1399 5616 Ὑποδεικνῦναι
1445 5539 1613 5604 αὐτοῖς
1658 5541 1834 5596 ὁποῖον
1885 5543 1973 5616 καὶ,
2021 5543 2078 5596 τὸ

463 5614 638 5686 vivims
683 5615 796 5677 toi);
873 5615 1028 5675 πόδας
1097 5619 1196 5665 τῶν
1256 5614 1490 5684 μαθητῶν
1569 5615 2079 5686 (ταπεινοφροσύνην

465 5683 696 5741 ἐντεῦθεν
772 5687 1207 5757 νομοθετεῖται),
1289 5686 1529 5756 ἐγείρεται
1606 5683 1661 5757 ἐκ
1710 5695 1795 5740 τοῦ
1843 5683 2078 5752 δείπνου,

463 5760 543 5812 καὶ
591 5761 754 5814 νίπτει
795 5756 912 5819 τοὺς
964 5758 1119 5818 πόδας
1176 5760 1272 5808 τῶν
1330 5759 1582 5827 μαθητῶν.
1637 5756 1731 5809 Καὶ
1779 5757 1949 5820 ἄλλως
1999 5757 2079 5823 δὲ,

524 5851 603 5914 (a)
641 5849 730 5900 Sic
759 5845 1044 5899 vertendus
1074 5849 1151 5896 est
1175 5845 1383 5895 Graecus
1408 5849 1594 5896 textus.

2186 5543 2348 5611 εἰδὼς,
2377 5564 2426 5598 κ.
2467 5563 2513 5598 τ.
2545 5544 2597 5598 λ.
2654 5566 2679 5590 ι
2713 5545 3028 5597 Monstrare
3083 5541 3163 5596 eis
3195 5539 3268 5610 (α)
3300 5558 3312 5593 :
3360 5539 3521 5612 quale
3544 5555 3673 5612 nam
3723 5541 3794 5596 sit

2188 5625 2244 5671 et
2273 5618 2448 5670 lavare
2487 5617 2650 5685 pedes
2679 5613 3098 5684 discipulorum.
3132 5613 3298 5685 (Hinc
3327 5613 3477 5667 enim
3512 5611 3793 5685 humilitas

2191 5683 2602 5758 praescribitur.)
2642 5683 2833 5758 Surgit
2871 5700 2899 5739 a
2930 5699 3108 5758 coena,
3156 5692 3212 5740 et
3241 5684 3386 5740 lavat
3415 5685 3576 5756 pedes
3622 5683 3789 5740 disci-

2193 5756 2473 5832 pulorum.
2511 5761 2575 5814 Et
2603 5757 2786 5818 aliter,
2817 5772 2944 5812 cum
2971 5756 3157 5823 sciret,
3187 5765 3275 5813 etc
3332 5779 3358 5805 ιι
