4198 6446
520 525 621 578 147

1613 501 2126 562 THEOPHYLACTI
2165 495 2530 555 BULGARl/E
2567 487 2884 548 ARCHIEP.

3719 471 3821 527 148

513 648 656 705 riam
697 659 878 713 suam,
917 643 1102 699 lavans
1132 637 1296 712 pedes
1339 632 1753 705 discipulorum.
1801 631 1928 684 Non
1971 626 2117 682 enim

2244 623 2309 683 ἷτι
2338 621 2514 681 πάντα
2563 616 2869 697 παρέδωκεν
2917 609 3064 688 αὖτῷ
3112 610 3140 666 6
3170 600 3404 682 Πατὴρ,
3460 597 3550 658 xui
3597 597 3677 656 ὅτι
3721 596 3828 655 ἀπὸ

2436 711 2455 713 ’ί
2719 705 2729 713 ι
2847 702 2858 713 ι
2961 698 2975 713 ι
3049 695 3143 713 Α*
3213 695 3228 713 ι
3306 693 3319 713 I
3561 688 3798 713 Hun,,

520 743 776 809 rapuerat
808 732 1061 806 gloriam,
1086 737 1148 786 ut
1176 729 1396 784 timeret
1433 724 1502 779 ab
1527 723 1614 778 illa
1644 718 1920 778 excidere.
1948 717 2120 789 686

519 806 600 882 Et
618 832 909 898 propterea
959 835 1072 876 non
1099 818 1360 890 dignatur
1405 812 1612 869 humile
1642 809 1911 882 quiddam
1944 806 2120 863 facere

521 916 661 972 sicut
689 913 782 986 qui
822 911 1069 985 generosi
1112 923 1227 962 non
1270 912 1423 972 sunt,
1458 902 1727 976 quoniam
1769 898 2003 971 gloriam
2031 911 2118 951 ra-

521 985 982 1078 piunt,7nolentes
1015 998 1125 1055 ullo
1155 995 1322 1052 modo
1353 991 1653 1059 humiliari,
1685 997 1744 1044 ut
1784 1004 1855 1044 ne
1888 985 2124 1060 perdant

528 1075 677 1167 quod
704 1096 1014 1164 rapuerant.
1049 1093 1123 1144 At
1151 1085 1402 1141 omnium
1430 1099 1526 1138 rex
1555 1087 1676 1136 erat
1703 1087 1760 1135 et
1796 1077 1900 1133 Dei
1928 1075 2119 1133 Filius.

523 1185 646 1238 Hoc
673 1181 824 1237 enim
851 1179 967 1233 vult
990 1176 1125 1233 dum
1141 1174 1293 1243 dicit,
1317 1196 1343 1222 «ι
1367 1176 1417 1228 Α
1439 1175 1560 1227 Deo
1589 1169 1808 1236 exisset,
1838 1189 1864 1216 ao
1890 1167 1996 1221 hoc
2019 1172 2122 1233 est,

523 1289 592 1329 ex
632 1269 810 1327 Patris
839 1267 1165 1334 substantia,
1201 1287 1227 1313 ει
1262 1271 1315 1319 et
1366 1262 1566 1330 iterum
1595 1258 1665 1314 ad
1693 1261 1876 1313 Deum
1921 1256 2038 1312 iret.
2094 1277 2119 1304 ι»

528 1365 596 1418 Et
625 1362 700 1416 ita
727 1375 839 1416 non
869 1356 1222 1414 minuebatur
1267 1352 1439 1426 gloria
1481 1351 1599 1421 ejus
1628 1347 1720 1419 qui
1763 1347 1887 1402 talis
1927 1354 2029 1412 est,
2059 1360 2124 1400 ex

525 1467 590 1507 eo
619 1447 770 1522 quod
816 1445 1111 1517 discipulos
1154 1444 1378 1498 lavaret.
1422 1438 1719 1496 Considera
1767 1437 1947 1509 igitur,
1977 1433 2126 1506 quod

527 1540 573 1596 si
602 1537 879 1594 humiliari
910 1551 1052 1608 opus
1090 1541 1174 1590 est
1210 1533 1326 1605 ejus
1364 1529 1516 1603 quia
1556 1531 1671 1584 Deo
1716 1540 1966 1598 egressus
2008 1532 2122 1595 est,

526 1637 583 1686 et
611 1628 680 1684 ad
715 1630 900 1683 Deum
942 1623 1093 1680 vadit
1137 1644 1150 1679 :
1187 1620 1488 1692 superbire
1531 1626 1583 1674 et
1625 1618 1938 1673 fastuosum
1986 1629 2125 1681 esse,

530 1716 777 1789 profecto
806 1729 944 1786 Opus
973 1721 1058 1769 est
1105 1712 1226 1784 ejus
1256 1710 1346 1782 qui
1394 1725 1424 1764 a
1455 1706 1799 1764 daemonibus
1854 1704 2039 1772 exivit,
2072 1712 2128 1758 et

531 1806 599 1862 ad
628 1805 912 1862 daemones
939 1803 1113 1858 vadit.
1142 1803 1284 1858 Cum
1306 1807 1490 1854 autem
1517 1795 1771 1864 audieris,
1822 1818 1845 1844 σ
1874 1792 2129 1849 Dedisset

531 1897 581 1953 ei
602 1898 800 1952 Pater:
833 1917 858 1941 υ
882 1910 948 1949 ne
968 1892 1248 1948 existimes
1267 1888 1564 1961 quamdam
1589 1887 1713 1943 Filii
1743 1883 2124 1956 impotentiam

537 1985 626 2040 hic
662 1983 950 2047 declarari,
994 1981 1092 2038 sed
1147 1980 1294 2036 disce
1335 1977 1516 2049 potius
1570 1974 1933 2032 reverentiam
2001 1988 2126 2044 erga

529 2077 751 2130 Patrem
779 2081 835 2128 et
860 2070 1162 2126 voluntatis
1189 2065 1538 2123 concordiam
1567 2083 1579 2120 :
1610 2064 1734 2135 quia
1771 2063 1814 2118 si
1856 2062 2131 2133 impotens

529 2163 630 2218 tibi
683 2161 900 2217 videtur
939 2159 1127 2224 Filius,
1171 2173 1236 2213 eo
1293 2153 1443 2228 quod
1486 2156 1648 2210 Pater
1693 2153 1743 2208 ei
1806 2167 1867 2207 ea
1917 2149 2130 2206 dedisse

531 2251 766 2318 dicatur,
821 2249 1180 2319 impotentem
1220 2245 1456 2316 intellige
1499 2253 1553 2298 et
1594 2245 1833 2312 Patrem,
1879 2256 1945 2297 eo
1982 2238 2131 2312 quod

530 2341 702 2397 Filius
730 2339 778 2395 ei
815 2352 1048 2410 regnum
1087 2334 1276 2402 tradit,
1322 2342 1382 2389 ut
1413 2332 1709 2405 Apostolus
1756 2329 1889 2386 dicit
1933 2328 2007 2398 ³³;
2035 2329 2129 2385 sed

531 2445 648 2485 non
675 2428 755 2484 ita
781 2435 881 2483 est.
932 2429 1138 2482 Verum
1181 2423 1407 2479 traditio
1448 2421 1804 2478 concordiam
1845 2430 1899 2476 et
1928 2434 2128 2490 coope-

529 2519 802 2573 rationem
831 2515 986 2584 dicit,
1014 2522 1077 2569 ut
1100 2514 1181 2570 sic
1203 2513 1404 2581 dicam,
1427 2519 1481 2567 ct
1499 2510 1903 2581 beneplacitum
1934 2508 2128 2566 Patris.

529 2606 668 2664 Vide
713 2613 898 2662 autem
943 2612 1000 2660 et
1031 2602 1386 2659 eminentiam
1435 2599 1779 2656 humilitatis.
1824 2601 1948 2655 Non
1977 2597 2130 2653 enim

533 2703 660 2752 ante
687 2709 902 2751 coenam
927 2694 1093 2760 lavat,
1130 2691 1226 2748 sed
1275 2699 1568 2762 postquam
1607 2703 1802 2744 omnes
1850 2686 2129 2743 recubuis-

534 2793 676 2851 sent,
706 2783 886 2854 surgit
912 2781 1066 2838 solus
1103 2780 1238 2851 ipse,
1284 2779 1391 2835 illis
1435 2763 1910 2845 recumbentibus,
1942 2783 1996 2830 et
2035 2775 2129 2831 de-

535 2873 689 2945 ponit
716 2871 940 2943 quidem
980 2869 1306 2925 vestimeuta
1338 2888 1350 2923 :
1403 2867 1607 2923 docens
1650 2881 1750 2921 nos
1790 2873 1851 2919 ut
1896 2864 2132 2936 expediti

532 2971 588 3017 et
616 2962 759 3017 leves
787 2960 961 3015 simus
989 2958 1058 3014 ad
1101 2957 1488 3013 ministerium.
1519 2956 1716 3010 Liuteo
1760 2963 1942 3010 autem
1991 2968 2130 3024 prae-

535 3050 789 3120 cingitur,
825 3049 940 3119 ipse
983 3047 1166 3102 omnia
1212 3045 1439 3111 faciens,
1475 3045 1663 3098 lavans
1692 3053 1744 3098 et
1795 3050 2131 3114 exstergens.

535 3139 708 3196 Mittit
752 3139 885 3194 item
917 3152 1139 3208 aquam,
1183 3143 1239 3190 et
1283 3133 1390 3189 hoc
1429 3133 1544 3205 ipse
1594 3132 1824 3200 faciens,
1873 3147 1988 3186 non
2047 3131 2135 3186 alii

536 3227 914 3285 committens.
956 3227 1090 3282 Haec
1114 3232 1299 3280 autem
1340 3224 1526 3278 omnia
1557 3222 1714 3277 nobis
1763 3220 1962 3276 indicia
2011 3228 2138 3276 sunt

537 3326 594 3374 et
622 3324 894 3387 praecepta
925 3317 1208 3386 quomodo
1240 3328 1343 3368 nos
1373 3327 1500 3366 cum
1530 3312 1681 3366 omni
1703 3311 1981 3366 alacritate
2026 3310 2134 3365 mi-

538 3408 778 3462 nistrare
803 3413 1079 3476 Oporteat,
1120 3413 1174 3459 et
1223 3418 1324 3458 nos
1355 3401 1502 3474 ipsos
1541 3400 1726 3457 omnia
1757 3401 1987 3473 operari,
2021 3416 2136 3455 non

539 3495 662 3551 aliis
692 3502 908 3550 utentes
931 3491 1220 3548 ministris.

2163 1946 2210 2007 B

2233 718 2373 777 Θεοῦ
2404 711 2619 781 ἐξῆλθε,
2647 688 2739 765 xui
2770 702 2900 784 πρὸς
2928 698 3015 758 τὸν
3045 695 3183 756 Θεὸν
3211 693 3434 784 ὑπάγει,
3470 716 3494 743 ιι
3525 688 3642 748 οὐδὲ
3674 689 3828 747 ἐλατ-

2232 802 2530 873 τωθήσεται
2578 803 2610 868 ἡ
2646 794 2768 863 δόξα
2819 793 3013 865 αὐτοῦ,
3063 787 3331 848 νίπτοντος
3359 779 3481 846 τοὺς
3514 779 3681 845 πόδας
3722 780 3829 835 τῶν

2237 867 2506 971 μαθητῶν.
2705 883 2806 963 γὰρ
2845 879 3058 971 ἥρπασε
3108 874 3205 946 τὴν
3239 867 3830 971 adguv,fvu'906ﬁ1ut

2235 957 2480 1042 ἐκπεσεῖν
2527 977 2753 1046 ταύτης,
2781 957 3010 1030 ’καίδιὰ
3055 971 3203 1024 τοῦτο
3253 960 3328 1039 μὴ
3379 957 3746 1038 καταδέχηταί
3780 981 3832 1016 τι

2236 1070 2482 1131 ταπεινὸν
2517 1074 2715 1138 ποιεῖν;
2769 1052 2876 1121 οἶον
2925 1061 2972 1117 οἱ
3010 1053 3270 1133 δυσγενεῖς
3302 1050 3631 1131 πάσχουσιν,
3663 1049 3830 1108 ἐπειδ’

2239 1163 2299 1220 ἂν
2339 1159 2488 1228 δόξαν
2527 1155 2846 1235 ἁρπάσωσι,
2886 1147 2960 1226 μὴ
2999 1145 3234 1210 θέλοντες
3265 1142 3398 1208 ὅλως
3446 1141 3831 1217 ὕποκλιθῆναι,

2234 1250 2322 1309 ἵνα
2374 1251 2447 1328 μὴ
2485 1228 2818 1308 ἀπολέσωσιν
2872 1239 2900 1298 ὃ
2933 1239 3006 1328 μῂ
3049 1233 3298 1328 διαφέρον
3331 1228 3829 1328 αὖτοῖςΔῇιρπασαν.

2236 1318 2399 1402 Ἀλλά
2428 1318 2642 1398 πάντων
2676 1329 2924 1413 βασιλεὺς
2953 1318 3038 1399 ἦν,
3072 1325 3164 1383 xui
3193 1327 3284 1381 τοῦ
3323 1324 3465 1384 Θεοῦ
3492 1319 3647 1387 Υἱός⁰
3675 1323 3836 1377 τοῦτο

2236 1431 2338 1508 γὰρ
2391 1428 2478 1500 τὸ,
2533 1449 2560 1484 (ι
2590 1410 2721 1484 Ἀπὸ
2767 1424 2908 1483 Θεοῦ
2954 1417 3166 1486 ἐξῆλθε,
3199 1435 3226 1470 ››
3270 1410 3575 1480 τουτέστιν,
3630 1411 3690 1469 ἐκ
3739 1411 3836 1479 τῆς

2236 1497 2328 1578 τοῦ
2361 1516 2573 1596 Πατρὸς
2603 1512 2812 1584 οὐσίας,
2857 1530 2885 1566 (ι
2913 1508 3004 1566 καὶ
3036 1505 3198 1562 πάλιν
3226 1503 3355 1582 πρὸς
3389 1499 3530 1559 Θεὸν
3559 1497 3766 1576 ὓπάγει,
3799 1521 3832 1554 ι

2235 1609 2405 1669 Ὥστε
2436 1589 2526 1665 οὐκ
2582 1603 2799 1680 ἔμελλεν
2851 1599 3214 1665 ἐλαττωθῆναι
3243 1597 3277 1663 ἡ
3311 1589 3436 1660 δόξα
3479 1591 3640 1648 αὐτοῦ
3675 1590 3834 1658 τηλι-

2239 1700 2424 1759 κούτου
2471 1695 2614 1760 ὄντος
2661 1690 2750 1749 ἐπὶ
2800 1693 2892 1746 τοῦ
2936 1685 3055 1751 τοὺς
3109 1680 3352 1760 μαθητὰς
3401 1683 3570 1758 νῖψαι.
3621 1677 3830 1738 Σκόπει

2241 1790 2295 1848 δέ
2334 1772 2459 1865 μοι,
2507 1784 2584 1842 ὅτι
2617 1782 2662 1840 εἰ
2714 1779 2773 1838 τὸ
2819 1778 3196 1837 ταπεινοῦσθαι
3239 1770 3392 1850 ἔργον
3431 1767 3544 1828 ἐστὶ
3588 1773 3680 1827 τοῦ
3725 1767 3836 1827 ἀπὸ

2241 1858 2380 1938 Θεοῦ
2426 1858 2680 1944 ἐξιόντος,
2728 1869 2819 1928 xui
2869 1865 2996 1945 πρὸς
3025 1861 3162 1923 Θεὸν
3197 1862 3511 1939 ὑπάγοντος·
3541 1858 3603 1918 τὸ
3633 1860 3839 1928 ἀλαζο-

2241 1966 2480 2025 νεύεσθαι
2510 1959 2715 2034 δηλαδῆ
2748 1956 2948 2017 ἐκείνου
2998 1953 3146 2012 ἔσται
3194 1949 3382 2030 ἔργον,
3435 1953 3530 2006 τοῦ
3581 1948 3688 2007 ἀπὸ
3717 1949 3836 2007 δαι-

2241 2056 2415 2133 μόνων
2452 2051 2699 2120 ἐξιόντος,
2737 2048 2827 2108 καὶ
2871 2045 2999 2125 πρὸς
3032 2041 3284 2120 δαίμονας
3337 2036 3583 2106 ἀπιόντος
3606 2062 3619 2076 ·
3654 2037 3836 2100 Ὅταν

2241 2127 2296 2206 δὲ
2328 2142 2586 2222 ἀκούσῃς,
2619 2139 2698 2199 ὅτι
2759 2160 2788 2196 (ι
2825 2135 3143 2215 Παρέδωκεν
3195 2131 3340 2222 αὖτῷ
3372 2133 3399 2188 6
3430 2127 3656 2207 Πατὴρ,
3693 2149 3722 2187 ι)
3759 2127 3838 2206 μὴ

2242 2233 2534 2310 ἀδυναμίαν
2576 2229 2800 2307 νομίσῃς
2854 2227 3080 2284 ἐνταῦθα
3127 2217 3474 2300 ἐμφαίνεσθαι
3527 2223 3619 2277 τοῦ
3669 2219 3838 2291 Υἷοῦ,

2243 2325 2379 2382 ἀλλὰ
2407 2308 2502 2394 τὴν
2533 2319 2662 2401 πρὸς
2685 2319 2771 2377 τὸν
2805 2313 3028 2392 Πατέρα
3054 2310 3214 2388 τιμὴν
3242 2309 3332 2369 καὶ
3359 2309 3628 2385 ὁμόνοιαν.
3679 2308 3842 2368 Ἐπεὶ

2243 2419 2287 2472 εἶ
2326 2396 2589 2476 ἀδύνατός.
2609 2433 2690 2469 σοι
2737 2406 2880 2466 δοκεῖ
2921 2407 2948 2461 6
2979 2401 3133 2473 Υἱὸς,
3165 2399 3297 2459 διότι
3328 2403 3355 2458 6
3393 2397 3583 2480 Πατὴρ
3625 2396 3842 2476 λέγεται

2243 2506 2389 2582 αὐτῷ
2421 2502 2787 2580 παραδοῦναι,
2835 2493 3092 2554 ἀδύνατον
3147 2488 3253 2548 νόει
3287 2487 3376 2546 xui
3431 2489 3518 2548 τὸν
3580 2489 3839 2568 Πατέρα,

2244 2577 2378 2653 διότι
2408 2595 2436 2648 ὁ
2473 2577 2600 2656 Υἱὸς
2631 2589 2775 2667 αὐτῷ
2824 2581 2922 2655 τὴν
2966 2578 3242 2661 βασιλείαν
3280 2577 3673 2658 παραδίδωσιν,
3707 2581 3778 2645 ὥς
3813 2580 3844 2635 6

2242 2679 2551 2746 Ἀπόστολός
2579 2701 2760 2758 φησιν.
2849 2671 2991 2732 Ἀλλ’
3021 2672 3117 2729 οὐκ
3147 2667 3259 2728 ἔστι
3291 2673 3443 2726 τοῦτο
3461 2692 3474 2704 ·
3508 2668 3626 2726 ἀλλ’
3656 2671 3690 2740 ἡ
3729 2690 3844 2726 πα-

2248 2773 2456 2852 ράδοσις
2486 2769 2579 2841 τὴν
2611 2768 2858 2844 ὁμόνοιαν
2879 2807 2896 2837 ,
2929 2762 3023 2821 xui
3054 2758 3327 2838 συνεργίαν
3347 2804 3364 2835 ,
3399 2755 3465 2814 ἵν’
3496 2757 3658 2826 οὕτως
3687 2758 3846 2831 εἴπω,

2245 2845 2336 2919 xui
2368 2858 2607 2918 εὐδοκίαν
2640 2859 2728 2915 τοῦ
2756 2851 2968 2931 Πατρὸς
2999 2851 3166 2923 δηλοῖ.
3215 2847 3364 2927 Ὅρα
3395 2845 3449 2906 δὲ
3478 2846 3568 2905 xui
3592 2847 3652 2907 τὸ
3681 2851 3846 2928 ὓπερ-

2248 2948 2460 3007 ϐολικὸν
2495 2952 2590 3017 τῆς
2635 2942 3026 3008 ταπεινώσεως.
3078 2940 3160 3000 Οὖ
3211 2936 3313 3018 γὰρ
3365 2938 3466 3018 πρὸ
3497 2942 3587 2997 τοῦ
3633 2935 3848 2997 δείπνου

2246 3039 2453 3109 νίπτει,
2515 3035 2650 3096 ἀλλὰ
2687 3033 2823 3113 μετὰ
2855 3032 2915 3090 τὸ
2956 3031 3160 3096 πάντας
3215 3032 3535 3102 ἀναπεσεῖν,
3585 3027 3847 3108 ἐγείρεται

2249 3128 2403 3205 μόνος
2453 3129 2627 3196 αὐτὸς,
2663 3123 2872 3183 ἐκείνων
2925 3116 3375 3195 ἀναπαυομένων·
3429 3117 3522 3175 xui
3560 3115 3850 3188 ἀποτίθησι

2249 3217 2341 3293 μὲν
2375 3216 2441 3274 τὰ
2472 3215 2660 3292 ἱμάτια
2686 3258 2701 3290 ,
2734 3212 2792 3270 τὸ
2822 3210 2944 3293 περὶ
2973 3207 3070 3280 τὴν
3103 3206 3374 3266 διακονίαν
3422 3206 3845 3283 ἀνεμποδίστους

2247 3307 2461 3370 ἑαυτοὺς
2495 3311 2664 3363 ποιεῖν
2715 3301 2805 3360 xui
2837 3297 3093 3380 ἐλαφροὺς
3143 3296 3405 3355 διδάσκων
3443 3299 3605 3372 ἡμᾶς·
3653 3294 3849 3376 λεντίῳ

2248 3395 2303 3454 δὲ
2343 3395 2721 3464 διαζώννυται,
2773 3389 2926 3456 αὐτὸς
2971 3388 3149 3446 πάντα
3178 3390 3378 3459 ποιῶν,
3423 3385 3515 3443 καὶ
3557 3383 3616 3444 τὸ
3663 3387 3849 3465 νῖψαι,

2247 3485 2335 3543 καὶ
2385 3484 2445 3544 τὸ
2491 3481 2735 3561 ἐκμάξαι⁹
2786 3479 2973 3538 ϐάλλει
3019 3477 3073 3536 δὲ
3123 3475 3296 3556 ὕδωρ,
3345 3475 3437 3534 xui
3483 3480 3642 3535 τοῦτο
3693 3474 3852 3541 αὐτὸς

538 3579 738 3650 ποιῶν,
767 3575 858 3633 καὶ
907 3578 1003 3633 οὐκ
1052 3576 1198 3654 ἄλλῳ
1245 3571 1550 3655 ἐπιτρέψας·
1595 3575 1764 3631 ταῦτα
1817 3569 1872 3630 δὲ
1913 3570 2087 3630 πάντα
2139 3573 2405 3654 δείγματα
2436 3577 2565 3650 ἡμῖν
2606 3573 2706 3630 εἶσι
2759 3570 2850 3628 καὶ
2895 3566 3198 3647 νομοθεσίαι
3249 3571 3377 3640 τοῦ,
3423 3570 3536 3632 πῶς
3585 3567 3660 3624 δεῖ
3722 3566 3852 3623 δια-

539 3673 750 3744 κονεῖν,
805 3663 886 3724 ὅτι
935 3662 1075 3741 μετὰ
1121 3664 1299 3735 πάσης
1354 3662 1685 3743 προθυμίας,
1734 3660 1828 3722 xui
1881 3659 2070 3730 αὐτοὺς
2123 3662 2192 3722 τὰ
2252 3665 2430 3724 πάντα
2485 3665 2916 3742 διενεργοῦντας,
2965 3659 3061 3719 οὐκ
3113 3655 3294 3724 ἄλλοις
3353 3657 3632 3736 ὓπουργοῖς
3691 3677 3853 3735 χρω-

539 3754 742 3834 μένους.

610 3856 788 3911 Vsus.
816 3859 874 3923 6,
903 3860 954 3910 7.
1000 3875 1024 3902 α
1055 3851 1222 3909 Venit
1271 3865 1404 3924 ergo
1433 3849 1504 3907 ad
1551 3851 1840 3906 Simonem
1888 3851 2138 3917 Petrum,

540 3951 595 4000 et
621 3943 752 4000 dicit
775 3943 825 3998 ei
849 3943 940 3998 ille
972 3961 986 3998 :
1020 3942 1287 4011 Domine,
1333 3947 1397 3996 tu
1429 3939 1576 3995 mihi
1600 3940 1750 3995 lavas
1779 3938 1948 4012 pedes
1980 3943 2138 3995 PBe-

537 4031 761 4104 spondit
807 4033 986 4098 Jesus,
1048 4037 1105 4085 et
1152 4029 1292 4086 dixit
1349 4029 1397 4083 ei
1451 4049 1463 4084 :
1522 4027 1682 4097 Quod
1709 4043 1810 4099 ego
1869 4025 2033 4093 facio,
2075 4036 2139 4083 tu

539 4121 720 4177 nescis
759 4135 926 4187 nunc,
975 4118 1115 4174 scies
1154 4125 1340 4173 autem
1385 4125 1592 4186 postea.
1637 4139 1664 4165 ιο
1724 4119 1850 4171 Non
1901 4116 2142 4187 primum

542 4209 690 4264 lavat
723 4211 972 4274 Petrum,
999 4207 1253 4277 quamvis
1277 4205 1578 4276 primatum
1618 4204 2017 4276 discipulorum
2045 4222 2141 4279 ge-

542 4297 732 4363 rebat;
777 4296 874 4353 sed
931 4294 1076 4352 forte
1123 4294 1390 4366 proditor,
1420 4309 1548 4348 cum
1590 4302 1732 4349 esset
1758 4294 2050 4365 impudens
2087 4303 2144 4352 et

2339 3836 2659 3922 «Ἔρχεται
2691 3829 2782 3900 οῦν
2835 3839 2969 3920 πρὸς
3015 3835 3240 3916 Σίμωνα
3280 3834 3519 3916 Πέτρον,
3570 3833 3660 3894 xui
3698 3833 3850 3914 λέγει

2249 3932 2394 4011 αὐτῷ
2447 3933 2659 3997 ἐκεῖνος·
2711 3932 2908 4010 Κύριε,
2960 3927 3024 3986 σύ
3082 3949 3182 4004 μου
3232 3923 3430 3992 νίπτεις
3483 3924 3603 3991 τοὺς
3638 3924 3849 3999 πόδας;

2249 4007 2534 4099 Ἀπεκρίθη
2569 4023 2772 4092 Ἰησοῦς
2788 4007 2814 4093 ,ν
2858 4017 2951 4078 xui
3004 4007 3147 4076 εἶπεν
3183 4016 3355 4096 αὐτῷ’
3407 4013 3484 4075 1⁵0
3530 4013 3635 4094 ἐγὼ
3683 4016 3847 4089 ποιῶ,

2251 4109 2316 4168 σὺ
2347 4110 2442 4168 οὐκ
2482 4099 2626 4178 οἶδας
2661 4109 2810 4188 ἄρτι,
2859 4107 3037 4188 γνώσῃ
3074 4105 3128 4164 δὲ
3182 4103 3316 4181 μετὰ
3346 4109 3539 4166 ταῦτα.
3578 4104 3660 4164 Οὖ
3689 4105 3855 4182 πρῶ-

2248 4222 2337 4258 τον
2421 4199 2510 4257 τὸν
2590 4199 2796 4278 Πέτρον
2880 4196 3081 4272 νίπτει,
3154 4194 3200 4252 εἰ
3283 4193 3373 4253 xui
3464 4193 3533 4253 τὰ
3611 4199 3852 4273 πρωτεῖα

2249 4291 2352 4346 τῶν
2408 4291 2662 4364 μαθητῶν
2741 4287 2993 4368 ἐφέρετο,
3069 4283 3208 4344 ἀλλὰ
3270 4282 3414 4363 τάχα
3499 4286 3527 4343 6
3591 4283 3856 4362 προδότης

542 4385 963 4454 inverecundus,
1015 4393 1144 4440 ante
1205 4387 1432 4440 Petrum
1482 4383 1860 4451 recumbebat,
1915 4385 2131 4458 ejusque

2249 4378 2438 4455 ἰταμὸς
2488 4375 2563 4436 ὢν
2609 4377 2700 4436 xui
2755 4377 3137 4456 ἀναίσχυντος,
3189 4372 3292 4454 πρὸ
3345 4377 3439 4431 τοῦ
3477 4372 3683 4451 Πέτρου
3715 4393 3854 4430 κατ-

541 4475 705 4549 pedes
735 4475 831 4533 loti
872 4482 1021 4531 sunt.
1072 4473 1236 4531 Unde
1284 4473 1390 4529 hoc
1425 4472 1822 4530 manifestum?
1873 4495 1899 4522 α
1939 4475 2141 4548 Coepit,

539 4565 743 4636 inquit,
786 4563 951 4636 pedes
981 4562 1379 4634 discipulorum
1419 4561 1599 4618 lavare
1636 4570 1694 4618 et
1729 4571 2066 4635 exstergere,
2109 4587 2135 4613 ν

540 4652 734 4710 deinde
778 4675 805 4702 ι
836 4653 991 4708 venit
1031 4651 1103 4708 ad
1147 4652 1428 4708 Simonem
1467 4655 1711 4708 Petrum.
1749 4671 1778 4704 »
1825 4656 2008 4724 Atque
2065 4653 2139 4710 ita

542 4741 788 4798 declarat
809 4742 961 4813 quod
987 4757 1098 4797 non
1127 4741 1306 4812 primo
1335 4740 1524 4797 laverit
1551 4743 1796 4797 Petrum.
1831 4744 1956 4798 Non
1993 4742 2139 4799 enim

539 4829 773 4887 dixisset
813 4830 963 4902 quod
1009 4831 1245 4887 venisset
1285 4829 1356 4886 ad
1411 4817 1694 4886 Simonem
1738 4834 1983 4901 Petrum,
2032 4833 2140 4889 nisi

537 4920 706 4978 alium
752 4919 1058 4993 quemdam
1131 4927 1256 4975 ante
1292 4921 1521 4976 Petrum
1581 4921 1816 4977 lavisset.
1889 4925 1968 4978 Ex
2026 4922 2140 4979 aliis

540 5010 725 5083 itaque
777 5009 1072 5080 discipulus
1117 5009 1305 5065 nullus
1351 5011 1701 5066 sustinuisset
1747 5016 1875 5067 ante
1913 5013 2138 5069 Petrum

540 5099 726 5157 lavari.
755 5098 1101 5158 Proditorem
1125 5107 1314 5154 autem
1338 5099 1444 5155 hoc
1470 5116 1670 5156 ausum
1691 5099 1856 5157 fuisse
1881 5101 2140 5173 possibile

541 5197 644 5246 est.
703 5192 849 5246 Nam
901 5189 945 5246 si
1001 5189 1069 5245 ab
1117 5188 1236 5244 aliis
1306 5188 1586 5260 discipulis
1649 5192 1908 5262 coepisset
1963 5191 2138 5248 lavare

539 5279 879 5352 quempiam,
947 5278 1316 5351 prohibuisset
1365 5279 1670 5337 Dominum
1731 5281 1820 5336 ille
1889 5280 2140 5352 quisquis

543 5365 753 5436 fuisset,
781 5378 840 5425 et
881 5368 1114 5425 dixisset
1161 5383 1284 5440 quae
1332 5377 1389 5424 et
1437 5371 1656 5437 Petrus,
1703 5388 1731 5422 ι(
1761 5371 2025 5438 Domine,
2080 5379 2139 5426 tu

542 5469 699 5511 meos
719 5457 868 5513 lavas
898 5459 1099 5530 pedes?
1127 5477 1154 5512 »
1191 5467 1245 5514 et
1295 5474 1408 5515 non
1439 5459 1791 5530 permisisset.
1825 5462 1947 5516 Non
1973 5460 2141 5532 igitur

543 5543 717 5598 ullum
735 5545 906 5601 alium
927 5549 1060 5604 lavit
1091 5549 1243 5620 prius
1279 5565 1448 5621 quam
1469 5548 1836 5622 proditorem,
1867 5557 1922 5606 et
1941 5549 2138 5607 deinde

541 5631 791 5690 Petrum.
823 5637 869 5688 A
893 5637 1055 5692 Petro
1080 5646 1265 5694 autem
1304 5637 1553 5696 eruditos
1583 5647 1812 5697 caeteros
1842 5639 2138 5697 verisimile

615 5783 659 5817 ³³
687 5787 709 5839 Ι
742 5786 870 5842 Cor.
903 5800 1006 5853 xv,
1039 5792 1127 5842 15.

2250 4467 2512 4541 εκλίνετο,
2548 4468 2641 4528 xui
2675 4466 2792 4533 τοὺς
2814 4466 2979 4533 πόδας
3004 4466 3244 4545 ἐνίψατο.
3275 4464 3448 4522 Πόθεν
3475 4467 3629 4521 τοῦτο
3662 4462 3858 4538 δῆλον;

2253 4556 2546 4618 Ἐντεῦθεν·
2604 4581 2636 4613 α
2678 4554 2952 4636 Ἠρξατο,
3014 4552 3185 4635 φησὶ,
3239 4551 3443 4611 νίπτειν
3516 4551 3634 4618 τοὺς
3683 4551 3855 4620 πόδας

2249 4651 2352 4706 τῶν
2387 4652 2638 4726 μαθητῶν
2675 4647 2766 4706 καὶ
2803 4643 3108 4720 ἐκμάσσειν·
3145 4667 3176 4699 ι)
3220 4633 3334 4701 εἶτα
3385 4663 3414 4699 (ι
3449 4640 3664 4721 ἔρχεται
3718 4639 3854 4720 πρὸς

2249 4737 2476 4812 Σίμωνα
2510 4735 2732 4816 Πέτρον.
2770 4758 2800 4792 ι)
2847 4732 3026 4793 θΩστε
3055 4735 3233 4816 δηλοῖ,
3289 4730 3371 4788 ὅτι
3399 4733 3457 4790 οὗ
3509 4733 3719 4810 πρῶτον
3750 4730 3848 4788 τὸν

2250 4811 2454 4906 Πέτρον
2486 4811 2682 4906 ἔνιψεν.
2770 4826 2852 4885 Οὗ
2887 4823 2991 4904 γὰρ
3048 4821 3114 4880 ἂν
3169 4811 3353 4898 εἶπεν,
3387 4817 3469 4878 ὅτι
3509 4839 3538 4877 (ι
3584 4817 3856 4900 Ἔρχεται

2249 4915 2378 4996 πρὸς
2409 4914 2633 4992 Σίμωνα
2685 4915 2919 4992 Πέτρον,
2953 4940 2976 4965 υ
3035 4916 3082 4971 εἷ
3131 4910 3206 4989 μὴ
3238 4910 3398 4969 ἄλλον
3450 4907 3570 4996 τινὰ
3598 4909 3703 4992 πρὸ
3756 4911 3855 4966 τοῦ

2249 4989 2710 5086 Πέτρου-ἔνιψεν.
2802 4989 2904 5064 Ἕκ
2956 5005 3059 5061 τῶν
3112 5001 3290 5060 ἄλλων
3325 4998 3421 5075 μὲν
3475 4989 3567 5058 οῦν
3599 4989 3855 5077 μαθητῶν

2248 5097 2345 5154 οὖκ
2394 5094 2456 5152 ἄν
2488 5119 2567 5161 τις
2613 5093 3015 5170 ηὖθαδιάσατο,
3061 5094 3132 5158 ὥς
3160 5089 3264 5170 πρὸ
3293 5093 3385 5147 τοῦ
3435 5087 3647 5168 Πέτρου
3685 5086 3857 5166 νίψα-

2251 5191 2404 5243 σθαιο
2433 5184 2522 5244 τὸν
2556 5183 2610 5242 δὲ
2665 5183 2924 5263 προδότην
2957 5187 3112 5241 τοῦτο
3154 5183 3422 5255 τολμῆσαι
3455 5178 3742 5258 ἐνδέχεται.
3781 5179 3854 5237 Εἰ

2249 5274 2353 5354 γὰρ
2383 5275 2442 5333 ἐκ
2477 5277 2581 5332 τῶν
2609 5275 2782 5332 ἄλλων
2815 5276 3064 5350 μαθητῶν
3096 5270 3292 5348 ἤρξατο
3322 5269 3471 5354 νίψαι
3515 5266 3666 5341 τινὰ,
3698 5267 3855 5354 ἐκώ-

2249 5371 2404 5422 λυσεν
2438 5365 2499 5422 ἂν
2529 5363 2616 5422 τὸν
2665 5362 2858 5443 Κύριον
2891 5365 3106 5438 ἐκεῖνος,
3141 5358 3284 5425 ὅστις
3323 5357 3386 5416 ἂν
3437 5349 3534 5432 ἦν,
3567 5357 3658 5415 xui
3707 5345 3855 5415 εἶπεν

2251 5455 2284 5512 ἃ
2317 5454 2406 5512 καὶ
2462 5453 2680 5532 Πέτρος
2765 5451 3016 5532 «Κύριε,
3074 5449 3137 5509 σύ
3187 5472 3286 5526 μου
3331 5448 3532 5514 νίπτεις
3583 5444 3704 5513 τοὺς
3743 5445 3854 5504 πό-

2249 5545 2380 5618 δαςς
2433 5565 2461 5604 ι)
2525 5542 2666 5601 Ἀλλ’
2719 5543 2812 5601 οὐκ
2866 5541 2978 5599 ἔστι
3028 5543 3205 5601 τοῦτο.
3257 5541 3376 5599 Οὐκ
3423 5536 3528 5617 ἄρα
3576 5534 3695 5596 τινὰ
3745 5537 3853 5592 τῶν

2247 5633 2424 5691 ἄλλων
2471 5630 2618 5712 ἔνιψε
2664 5634 2914 5711 πρῶτον,
2962 5627 3102 5688 ἀλλὰ
3143 5627 3230 5688 τὸν
3262 5615 3566 5707 προδότην,
3598 5615 3712 5683 εἶτα
3757 5623 3848 5682 τὸν
