4198 6486
435 490 550 544 H9
1300 503 1692 561 ENARRATIO
1733 505 1798 561 IN
1838 506 2277 564 EVANGELIUM
2311 505 2615 562 JOANNIS.
2655 537 2726 547 —
2762 507 2913 564 CAP.
2953 509 3084 564 XIII.
3733 518 3835 571 150

450 615 714 700 Πέτρον.
814 624 935 685 Ἐκ
1015 624 1075 685 δὲ
1127 631 1222 688 τοῦ
1296 627 1505 708 Πέτρου
1566 631 1951 700 παιδευθέντας
2010 633 2099 692 τοὺ

2234 641 2318 690 est
2343 647 2458 688 non
2480 633 2908 703 contravenisse,
2941 632 3039 690 sed
3062 632 3338 690 honorem
3365 634 3514 692 hunc
3529 652 3562 693 a
3591 639 3837 698 Domino

461 709 743 785 ἐοικὼς,
801 713 959 783 εἰκὸς
1021 714 1098 793 μὴ
1158 715 1474 792 ἀντιϐῆναι,
1536 719 1675 778 ἀλλὰ
1728 721 2098 792 καταδέξασθαι

2229 723 2396 794 887
2424 722 2744 795 suscepisse.
2777 721 2916 779 Vide
2953 731 3142 779 autem
3171 731 3228 780 et
3269 725 3411 780 Petri
3451 726 3614 783 verba
3655 745 3834 801 quan-

485 803 580 872 τὴν
616 801 895 877 τοιαύτην
946 805 1115 882 τιμὴν
1152 805 1299 884 παρὰ
1340 812 1432 866 τοῦ
1483 810 1664 880 Ἰησοῦ
1699 810 2117 891 προσαγομένην

503 893 708 960 αὺτοῖς.
795 893 959 973 ΙὈρα
990 895 1047 954 δὲ
1076 895 1171 954 καὶ
1197 901 1288 956 τοῦ
1331 895 1541 978 Πέτρου
1566 898 1634 958 τὰ
1679 899 1918 980 ῥήματα,
1946 901 2118 975 πόσην

517 984 741 1065 ἶμφασιν
777 982 990 1064 ἔχουσι·
1030 1006 1058 1042 ιι
1093 985 1174 1046 Σύ
1205 986 1321 1063 ’μου
1345 985 1545 1056 νίπτεις
1575 987 1696 1056 τοὺς
1736 991 1904 1057 πόδας
1937 1013 1965 1049 ››
2003 1000 2118 1060 ταῖς

517 1073 666 1152 χερσὶ
711 1072 966 1159 ταύταις,
1002 1065 1086 1141 αἶς
1121 1073 1345 1154 λεπροὺς
1382 1077 1702 1158 ἐκαθάρισας
1723 1124 1742 1156 ,
1788 1071 1871 1146 αἷς
1904 1080 2118 1159 νεκροὺς

521 1163 820 1244 ἀνήγειρας,
857 1153 941 1230 αἶς
998 1153 1305 1244 ὀφθαλμοὺς
1355 1153 1566 1246 τυφλῶν
1622 1153 1888 1249 ἀνέωξας;
1950 1153 2028 1230 Σῦ
2090 1174 2118 1230 ὁ

521 1258 689 1310 ταῦτα
731 1255 826 1312 καὶ
877 1252 1052 1312 πλείω
1108 1253 1361 1329 ποιήσας,
1411 1258 1539 1332 ἐμοῦ
1591 1261 1682 1316 τοῦ
1744 1259 1962 1333 δούλου,
2025 1265 2115 1320 τοῦ

519 1344 754 1417 ἀμαθοῦς
774 1387 791 1414 ,
822 1342 916 1402 καὶ
968 1344 1028 1402 οὗ
1064 1351 1291 1424 χεῖρας,
1339 1345 1458 1404 οὐδὲ
1489 1346 1623 1405 ἄλλο
1659 1347 1815 1428 μέρος
1845 1349 2115 1423 ἐντιμότεο

513 1455 639 1509 ρον,
671 1431 813 1492 ἀλλὰ
839 1432 1036 1505 πόδας,
1079 1433 1144 1492 τὸ
1194 1432 1415 1513 ἔσχατον
1469 1434 1716 1509 πάντων,
1766 1438 1826 1496 τὸ
1879 1440 2114 1515 μάλιστα

510 1521 904 1602 ῥυπαινόμενον
934 1522 1092 1597 μέλος
1140 1523 1231 1581 καὶ
1278 1522 1468 1600 ἄτιμον
1497 1526 1716 1599 δοκοῦν;
1747 1527 1815 1587 Τί
1847 1529 1902 1587 δὲ
1931 1531 1960 1588 ὁ
2003 1529 2116 1589 Κύ-

507 1633 654 1691 ριος;
698 1633 728 1668 α
759 1610 838 1671 Ὃ
866 1614 1001 1669 ποιῶ
1033 1610 1171 1690 ἐγὼ,
1205 1609 1268 1672 σὺ
1302 1617 1391 1670 νῦν
1440 1616 1538 1672 οὐκ
1584 1605 1757 1692 οἶδας,
1788 1639 1819 1674 ))
1874 1617 1907 1676 8
1933 1643 1986 1678 1:
2014 1644 2114 1678 τα-

508 1700 933 1781 πειναρροσύνην
963 1701 1201 1781 περιέχει
1245 1700 1482 1777 πολλὴν,
1529 1704 1620 1763 καὶ
1650 1707 1850 1780 ταύτην
1881 1707 2112 1768 διδάσκω

505 1790 600 1849 καὶ
634 1791 802 1866 ὑμᾶς.
899 1812 928 1848 ιι
978 1792 1134 1850 Μετὰ
1184 1797 1352 1851 ταῦτα
1403 1812 1434 1849 n
1487 1794 1703 1870 μέντοι,
1751 1794 1841 1856 ὅτε
1889 1800 1966 1877 τῷ
1995 1800 2112 1879 ἐμῷ

505 1879 734 1956 ὀνόματι
762 1879 1014 1956 δαιμόνια
1057 1880 1332 1957 ἐκϐαλεῖς,
1365 1880 1490 1940 ὅταν
1518 1881 1634 1962 ἴδῃς
1665 1908 1732 1960 με
1763 1886 1835 1953 εἰς
1866 1886 2112 1966 οὐρανοὺς

2230 819 2347 867 tam
2386 810 2630 868 habeant
2667 811 2997 884 emphasim,
3033 835 3058 860 α
3088 815 3171 869 Tu
3212 815 3366 870 lavas
3408 831 3565 872 meos
3595 818 3762 888 pedes
3805 843 3831 869 υ

2229 900 2487 957 manibus
2513 900 2622 957 illis
2648 901 2849 972 quibus
2875 903 3064 958 oculos
3097 918 3372 959 caecorum
3401 905 3680 976 aperuisti,
3706 909 3834 980 qui-

2229 990 2331 1047 bus
2359 991 2606 1064 leprosos
2632 990 2934 1060 mundasti,
2981 991 3182 1064 quibus
3212 1001 3464 1050 mortuos
3509 995 3832 1056 suscitasti?

2225 1084 2309 1136 Tu
2338 1080 2431 1153 qui
2488 1080 2608 1137 haec
2634 1088 2690 1137 et
2743 1081 2953 1152 majora
2983 1079 3180 1148 fecisti,
3219 1098 3399 1151 meos,
3455 1085 3598 1140 servi
3650 1086 3832 1159 impe-

2225 1169 2339 1237 riti,
2383 1178 2441 1226 et
2469 1185 2580 1226 non
2617 1186 2840 1235 manus,
2868 1186 3048 1243 neque
3082 1171 3250 1227 aliam
3281 1180 3492 1244 partem
3540 1173 3831 1233 honestio-

2225 1274 2366 1327 rem,
2424 1259 2523 1315 sed
2589 1259 2774 1330 pedes,
2832 1260 2925 1332 qui
2971 1269 3233 1317 extrema:
3287 1261 3539 1318 omnium
3586 1264 3831 1323 maxime

2224 1348 2463 1406 sordidae
2533 1357 2716 1421 partes
2764 1365 2829 1406 ac
2887 1350 3266 1422 ignominiosae
3320 1350 3632 1411 habentur?
3685 1355 3833 1427 Quid

2225 1437 2390 1509 igitur
2419 1438 2500 1494 ait
2539 1439 2860 1495 Dominus?
2892 1462 2915 1487 α
2947 1439 3108 1510 Quod
3151 1455 3252 1512 ego
3280 1439 3444 1510 facio,
3467 1449 3526 1497 tu
3554 1459 3703 1500 nunc
3729 1460 3830 1502 ne-

2223 1528 2350 1596 scis,
2405 1551 2431 1576 υ
2467 1528 2615 1599 quod
2663 1545 2940 1584 summam
2971 1529 3339 1586 humilitatem
3369 1531 3426 1586 in
3455 1547 3514 1588 se
3555 1533 3828 1604 continet,

2221 1625 2276 1673 et
2303 1616 2554 1673 eamdem
2579 1633 2676 1674 vos
2705 1633 2926 1690 quoque
2954 1619 3147 1675 doceo.
3183 1643 3209 1669 α
3241 1622 3500 1690 Posthac,
3541 1644 3568 1670 ιι
3604 1623 3828 1694 quando

2221 1707 2400 1779 ejicies
2427 1707 2489 1762 in
2529 1723 2655 1763 meo
2676 1707 2902 1764 nomine
2929 1707 3228 1775 daemonia,
3258 1710 3478 1781 quando
3507 1710 3712 1769 videbis
3736 1728 3829 1770 me

2219 1795 2275 1851 in
2321 1797 2526 1852 coelum
2563 1797 2728 1864 sumi,
2773 1797 2992 1869 quando
3029 1814 3058 1852 a
3103 1798 3309 1869 Spiritu
3339 1799 3516 1856 disces
3557 1801 3709 1874 quod
3756 1802 3826 1860 ad

2220 1885 2504 1942 dexteram
2541 1885 2764 1942 sedeam
2811 1887 3005 1953 Patris,
3050 1895 3184 1943 tunc
3242 1911 3268 1937 ι
3307 1888 3444 1944 scies
3492 1911 3517 1938 υ
3549 1891 3698 1961 quod
3734 1891 3826 1948 ille

504 1969 1060 2047 ἆναλαμϐανόμενον,
1091 1970 1220 2029 ὅταν
1250 1969 1400 2050 παρὰ
1429 1977 1519 2031 τοῦ
1554 1973 1869 2050 Πνεύματος
1905 1975 2101 2056 μάθῃς,

2215 1975 2308 2046 qui
2347 1975 2421 2031 ita
2462 1976 2542 2031 sic
2590 1991 2649 2031 se
2687 1975 2945 2032 humiliat
2972 1984 3033 2032 ut
3075 1983 3129 2032 et
3172 1975 3335 2047 pedes
3377 1985 3504 2033 tuos
3533 1978 3692 2047 lavet,
3723 1980 3822 2036 tibi

503 2060 588 2118 81:
617 2062 679 2118 ἐκ
712 2058 890 2127 δεξιῶν
921 2059 1164 2135 κάθημαι
1207 2065 1298 2118 τοῦ
1331 2060 1574 2141 Πατρὸς,
1617 2063 1737 2123 τότε
1775 2086 1805 2122 ιι
1834 2064 2038 2146 γνώσῃ,
2070 2088 2101 2125 n

504 2147 587 2207 81:
630 2151 659 2207 ὁ
714 2149 854 2208 οὕτω
918 2149 1293 2226 ταπεινωθεὶς,
1344 2153 1417 2217 ὡς
1470 2152 1562 2210 καὶ
1610 2153 1731 2221 τοὺς
1789 2155 1957 2223 πόδας
2013 2178 2107 2215 σου

504 2242 690 2319 νῖψαι,
719 2239 914 2306 ἐκεῖνός
941 2262 1028 2298 σοι
1058 2237 1244 2298 δίδωσι
1281 2238 1378 2311 τὴν
1408 2240 1672 2314 τοσαύτην
1705 2242 1930 2321 δύναμιν
1970 2246 2108 2304 κατὰ

505 2328 811 2406 δαιμόνων,
860 2329 950 2388 καὶ
1004 2329 1306 2410 ἀνελήφθη,
1343 2328 1436 2388 καὶ
1489 2331 1848 2406 συνεδοξάσθη
1879 2338 1955 2415 τῷ
1985 2337 2108 2397 Πα-

502 2416 624 2495 τρὶ,
689 2416 855 2495 μηδὲν
923 2417 1237 2486 ἐλαττωθεὶς
1297 2420 1357 2478 ἐκ
1401 2423 1495 2478 τοῦ
1548 2427 1946 2482 ταπεινοῦσθαι·
2015 2424 2108 2485 καὶ

499 2508 642 2566 οὕτω
672 2507 855 2566 λοιπὸν
905 2508 1211 2588 ἐνστερνίσῃ
1243 2508 1335 2566 καὶ
1369 2508 1526 2576 αὐτὸς
1554 2509 1651 2583 τὴν
1681 2511 2027 2588 ταπείνωσιν,
2069 2514 2104 2587 ἣ

499 2599 708 2673 μᾶλλον
740 2600 895 2677 ὕψοῖ,
924 2598 1016 2656 καὶ
1047 2599 1145 2656 οὔκ
1181 2601 1416 2660 ἐλαττοῖ.

590 2712 622 2746 α
672 2688 832 2766 Λέγει
865 2690 1012 2768 αὐτῷ
1048 2687 1266 2767 Πέτρος·
1320 2692 1402 2750 Οὐ
1453 2689 1528 2767 μὴ
1577 2691 1734 2772 νίψῂς
1775 2690 1895 2759 τοὺς
1942 2692 2107 2761 πόδας

499 2803 604 2854 μου
648 2779 720 2844 εἷς
753 2776 840 2836 τὸν
893 2779 1084 2839 αἰῶνα.
1123 2777 1408 2857 Ἀπεκρίθη
1463 2782 1610 2860 αὐτῷ
1645 2785 1673 2839 ὁ
1708 2780 1934 2854 Ἰησοῦς·
1969 2782 2104 2843 Ἐὰν

499 2866 578 2944 μὴ
610 2867 748 2947 νίψω
787 2890 867 2940 σε,
899 2869 994 2925 οὐκ
1045 2866 1181 2946 ἔχεις
1215 2867 1371 2953 μέρος
1425 2870 1548 2943 μετ’
1576 2871 1730 2947 ἐμοῦ.
1768 2872 1928 2949 Λέγει
1959 2874 2102 2953 αὐτῷ

501 2958 694 3033 Σίμων
744 2955 967 3038 Πέτρος·
1022 2958 1225 3036 Κύριε,
1275 2950 1349 3034 μῆ
1379 2957 1500 3024 τοὺς
1550 2959 1717 3027 πόδας
1760 2984 1862 3038 μου
1902 2950 2100 3039 μόνον,

501 3045 643 3104 ἀλλὰ
671 3046 762 3104 καὶ
792 3045 888 3112 τὰς
913 3053 1118 3125 χεῖρας,
1146 3046 1238 3103 καὶ
1263 3045 1360 3117 τὴν
1392 3048 1649 3128 κεφαλήν.
1686 3071 1714 3106 )›
1757 3049 1933 3118 Σέϐας
1963 3050 2100 3109 πολὺ

499 3139 576 3214 τῷ
622 3135 811 3215 Πέτρῳ
841 3136 972 3214 πρὸς
1013 3135 1102 3193 τὸν
1153 3134 1509 3211 διδάσκαλον,
1541 3138 1622 3198 διὸ
1672 3138 1766 3198 καὶ
1797 3139 2099 3198 εὐλαϐεῖται

2215 2064 2309 2121 det
2335 2073 2550 2121 tantam
2580 2059 2844 2120 virtutem
2867 2073 3057 2121 contra
3088 2065 3393 2136 dzemones,
3424 2074 3478 2123 et
3504 2074 3850 2140 assumptus

2215 2155 2306 2222 sit,
2335 2163 2393 2210 et
2423 2154 2764 2226 gloriﬁcatus
2791 2171 2920 2211 cum
2959 2157 3143 2223 Patre,
3193 2155 3248 2211 in
3295 2157 3444 2212 nullo
3492 2157 3824 2216 imminutus

2215 2253 2437 2317 propter
2464 2260 2624 2301 suam
2651 2244 3115 2301 humiliationem.
3160 2249 3228 2302 Et
3259 2246 3332 2301 ita
3357 2263 3504 2302 nunc
3526 2247 3580 2302 in
3606 2257 3823 2320 pectore

2213 2341 2310 2390 tuo
2329 2350 2618 2391 conserves
2643 2334 2811 2391 etiam
2841 2335 2956 2406 ipse
2995 2335 3388 2406 humilitatem,
3417 2351 3542 2409 quae
3570 2345 3624 2393 te
3648 2338 3821 2411 magis

2215 2423 2496 2493 exaltabit,
2523 2439 2692 2497 quam
2710 2423 3032 2480 humiliabit.
3759 2452 3768 2460 -

2288 2693 2470 2748 Vsus.
2505 2697 2561 2759 8,
2590 2697 2644 2746 9.
2679 2713 2702 2740 ι
2738 2691 2886 2748 Dicit
2913 2690 2963 2747 ei
2993 2694 3188 2747 Petrus
3222 2709 3236 2748 :
3267 2694 3392 2748 Non
3418 2691 3625 2749 lavabis
3649 2693 3820 2766 pedes

2212 2797 2370 2838 meos
2407 2782 2464 2836 in
2509 2791 2799 2838 aeternum.
2840 2780 3153 2853 Respondit
3177 2781 3225 2836 ei
3273 2776 3434 2837 Jesus
3463 2802 3474 2838 :
3508 2782 3561 2838 Si
3593 2799 3708 2838 non
3736 2784 3818 2840 la-

2213 2887 2341 2928 vero
2370 2879 2446 2938 te,
2478 2887 2593 2927 non
2646 2870 2874 2926 habebis
2917 2880 3128 2942 partem
3176 2887 3420 2927 mecum.
3468 2872 3620 2928 Dicit
3645 2873 3692 2928 ei
3732 2873 3815 2929 Si-

2209 2977 2346 3017 mon
2377 2964 2573 3016 Petrus
2604 2978 2617 3015 :
2647 2960 2903 3028 Domine,
2930 2977 3042 3016 non
3070 2968 3291 3016 tantum
3319 2960 3485 3032 pedes
3514 2978 3692 3032 meos,
3722 2963 3818 3021 sed

2207 3058 2264 3106 et
2296 3066 2516 3120 manus,
2555 3059 2612 3107 et
2640 3059 2821 3121 caput.
2858 3073 2884 3099 ιι
2929 3053 3130 3122 Magna
3168 3052 3474 3107 reverentia
3519 3053 3660 3108 Petri
3689 3068 3815 3125 erga

2208 3141 2559 3213 magistrum,
2587 3140 2732 3196 unde
2762 3148 2818 3196 et
2855 3140 3108 3212 religiose
3145 3139 3285 3196 hanc
3312 3141 3435 3213 ejus
3461 3157 3651 3197 curam
3695 3157 3725 3196 a
3756 3157 3815 3198 se

499 3225 708 3304 σφόδρα
752 3224 840 3282 καὶ
891 3223 1281 3299 ἀποπέμπεται
1334 3225 1432 3297 τὴν
1480 3226 1732 3300 τοιαύτην
1781 3229 2093 3308 θεραπείαν.

505 3314 586 3332 Ιν⁴
693 3312 706 3332 ‘
864 3313 878 3332 ἱ
930 3315 1005 3332 d“
1165 3316 1182 3332 9
1370 3317 1413 3332 ΙΑ
1619 3316 1633 3332 ι
1699 3319 1747 3332 τ’
1901 3324 1934 3332 Α.
2080 3319 2091 3332 ι

2210 3229 2488 3287 amandat.
2540 3230 2806 3300 Quamvis
2851 3239 3038 3286 autem
3084 3237 3139 3285 et
3192 3229 3298 3286 alio
3341 3230 3463 3286 loco
3501 3230 3815 3302 increpatus

505 3314 622 3373 Κᾶν
651 3312 748 3392 γὰρ
795 3313 886 3372 καὶ
917 3315 1108 3373 ἄλλοτε
1157 3316 1454 3392 ἐπετιμήθη
1497 3316 1647 3398 παρὰ
1699 3319 1967 3397 Χριστοῦ,
2005 3319 2099 3378 καὶ

494 3404 602 3462 ἔδει
648 3402 734 3463 διὰ
764 3409 887 3480 γοῦν
943 3402 1038 3474 τὴν
1095 3404 1406 3480 ἐπιτίμησιν
1457 3405 1662 3479 ἐκείνην
1706 3407 2098 3476 καταδέξασθαι

491 3493 586 3551 καὶ
613 3497 707 3550 νῦν
737 3492 1125 3577 ὕπονίπτοντος.
1147 3494 1304 3552 αὐτὸν
1333 3500 1423 3554 τοῦ
1458 3495 1692 3577 Κυρίου,
1725 3499 1844 3555 ἀλλ’
1873 3487 1962 3556 οὖν
2010 3497 2098 3557 διὰ

490 3582 555 3641 τὸ
585 3580 725 3659 μέγα
770 3583 863 3642 καὶ
907 3581 1040 3642 πολὺ
1076 3573 1213 3642 εἶναι
1241 3582 1302 3642 τὸ
1347 3591 1435 3644 νῦν
1494 3573 1637 3664 παρὰ
1672 3588 1910 3668 Χριστοῦ
1953 3587 2099 3665 γινό-

490 3695 672 3748 μενον,
703 3679 1074 3752 παραιτεῖται,
1110 3670 1206 3732 καὶ
1239 3675 1336 3752 οὐχ
1367 3675 1741 3750 ὑπολογίζεται
1759 3722 1778 3751 ,
1815 3675 1897 3735 81:
1934 3677 2096 3735 πάλιν

490 3763 641 3842 αὐτῷ
691 3761 998 3844 ἐπιτιμήσει
1049 3765 1176 3830 ἴσως
1226 3762 1575 3844 σφοδρότερον
1605 3767 1677 3831 ὣς
1723 3766 2022 3824 ἀπειθοῦντι
2069 3769 2096 3824 ὁ

494 3851 710 3930 Κύριος.
755 3851 828 3910 Τί
853 3841 942 3910 οὖν
975 3855 1003 3910 6
1037 3850 1304 3933 Χριστός;
1451 3841 1592 3931 λέγει
1633 3855 1779 3936 αὐτῷ
1803 3900 1819 3926 ,
1845 3853 1926 3914 81:
1976 3857 2098 3914 Τα-

490 3939 913 4021 πεινοφροσύνην
960 3965 1021 4000 σε
1051 3931 1288 4022 διδάσκω
1309 3984 1325 4013 ,
1359 3931 1404 3999 ὦ
1456 3942 1649 4022 Πέτρε,
1685 3931 1779 4003 καὶ
1809 3944 1894 4002 διὰ
1941 3949 2096 4004 τοῦτο

489 4020 664 4087 νίπτω
686 4053 780 4088 σου
806 4029 928 4096 τοὺς
954 4030 1143 4099 πόδας.
1179 4020 1312 4090 Εἶπε
1369 4030 1474 4111 γὰρ
1506 4020 1585 4089 at;
1621 4033 1767 4113 αὐτῷ
1796 4036 1824 4092 ὁ
1873 4033 2093 4112 Πέτρος,

491 4119 583 4177 καὶ
614 4119 958 4194 ἐπωμόσατο,
991 4122 1075 4179 81:
1121 4120 1214 4178 καὶ
1243 4121 1405 4199 χωρὶς
1449 4126 1543 4180 τοῦ
1569 4120 1688 4188 τοὺς
1731 4122 1896 4190 πόδας
1936 4122 2092 4203 νίψα-

490 4214 615 4267 σθαι
643 4208 741 4279 τὴν
792 4209 1278 4290 ταπεινοφροσύνην
1309 4209 1561 4280 ἀσκήσει.
1649 4210 1810 4270 Ἀλλὰ
1867 4212 1920 4270 τί
1966 4235 2094 4293 φησι

490 4300 622 4377 πρὸς
655 4297 854 4372 αὖτόν;
886 4298 964 4358 ⁶Ο
997 4299 1233 4375 μάλιστα
1277 4299 1528 4374 ἐγίνωσκε
1575 4299 1765 4358 δάκνον
1808 4301 1969 4360 αὐτοῦ
1997 4300 2094 4373 τὴν

491 4388 753 4465 καρδίαν,
781 4395 933 4447 τοῦτο
963 4387 1184 4448 ἐπισείει
1216 4389 1362 4468 αὗτῷ
1383 4435 1398 4462 ,
1427 4387 1669 4470 καθάπερ
1717 4413 1768 4448 τι
1799 4389 2092 4470 φόϐητρον,

499 4500 530 4533 σ
562 4476 701 4536 Ἐὰν
750 4477 826 4552 μὴ
881 4477 1013 4558 νίψω
1060 4500 1149 4549 σε,
1197 4477 1385 4552 λέγων,
1429 4479 1528 4536 οὐκ
1574 4477 1714 4556 ἔχεις
1777 4479 1932 4559 μέρος
1977 4479 2094 4556 μετ’

491 4568 642 4638 ἐμοῦ.
676 4587 706 4622 n
745 4567 908 4625 Ἐπεὶ
952 4567 1056 4645 γὰρ
1088 4566 1242 4635 αὐτὸς
1270 4559 1335 4638 ἦν
1383 4569 1410 4624 δ
1447 4567 1686 4644 μάλιστα
1726 4569 1940 4626 πάντων
1989 4572 2093 4627 τῶν

489 4657 669 4711 ἄλλων
721 4659 976 4730 μαθητῶν
1037 4658 1214 4713 ποθῶν
1261 4663 1498 4715 συνεῖναι
1543 4659 1764 4738 Χριστῷ
1827 4657 1942 4734 (διὸ
2001 4658 2093 4716 καὶ

487 4745 696 4822 ἠρώτα·
731 4765 761 4800 ιι
789 4746 904 4803 Ποῦ
935 4744 1184 4821 ὑπάγεις
1215 4765 1245 4801 n
1281 4743 1395 4820 καὶ,
1430 4767 1461 4802 ιι
1487 4748 1538 4805 Τ
1540 4745 1602 4816 ἡν
1626 4745 1804 4826 ψυχήν
1832 4771 1931 4822 μου
1963 4745 2095 4826 ὓπὲρ

491 4840 585 4892 σοῦ
626 4833 812 4906 θήσω,
850 4855 880 4890 ι)
936 4834 1392 4912 ἐπαγγελλόμενος
1435 4833 1487 4902 ἐξ
1519 4836 1789 4913 ἀγάπης),
1831 4835 1918 4894 διὰ
1959 4835 2094 4894 ταύ-

492 4947 582 4994 της
610 4927 705 4993 τῆς
734 4925 957 4994 ἀπειλῆς
986 4922 1258 4981 κατασείει
1305 4925 1468 4982 αὐτοῦ
1499 4925 1596 4996 τὴν
1624 4923 1829 5005 ψυχήν.
1886 4948 1916 4982 ιι
1962 4924 2094 4984 Ἐὰν

487 5011 591 5090 γὰρ
623 5012 700 5094 μὴ
742 5013 880 5092 νίψω
911 5035 988 5082 σε,
1018 5010 1209 5093 φησὶν,
1254 5015 1348 5070 οὐκ
1377 5011 1518 5093 ἔχεις
1550 5013 1707 5094 μέρος
1737 5013 1852 5090 μετ’
1879 5017 2031 5092 ἐμοῦ.
2057 5035 2087 5073 n

486 5101 584 5166 Ὡς
609 5092 702 5159 οὖν
734 5101 935 5174 ἤκουσε
968 5092 1169 5180 Πέτρος
1197 5092 1413 5172 ταύτην
1431 5101 1528 5173 τὴν
1560 5092 1789 5182 φοϐερὰν
1837 5102 2060 5174 ἀπειλὴν
2079 5149 2096 5178 ,

483 5191 605 5249 ὅσον
628 5182 694 5262 ἦν
726 5193 780 5249 ἐν
910 5189 1235 5268 παραιτήσει
1266 5189 1511 5272 σφοδρὸς,
1544 5199 1793 5251 τοσοῦτον
1825 5192 1918 5251 καὶ
1950 5196 2001 5251 ἐν

484 5281 857 5359 συγχωρήσει,
914 5282 1121 5356 μᾶλλον
1176 5279 1230 5337 δὲ
1282 5280 1374 5338 καὶ
1428 5278 1798 5361 σφοδρότερος,
1848 5278 1957 5360 ὅσῳ
2005 5282 2096 5340 καὶ

481 5371 579 5440 τήν
604 5369 847 5450 κεφαλὴν
880 5371 956 5436 εἰς
999 5368 1059 5427 τὸ
1089 5370 1346 5450 νίψασθαι
1373 5369 1609 5432 δίδωσιν.
1704 5371 2008 5451 Ἀμφότερα
2039 5371 2094 5429 δὲ

480 5460 533 5530 ἐξ
558 5463 773 5537 ἀγάπης
796 5482 810 5496 ·
861 5459 902 5531 ἥ
941 5483 998 5518 τε
1049 5458 1155 5537 γὰρ
1199 5459 1523 5537 παραίτησις
1555 5463 1614 5520 ἐκ
1653 5465 1747 5520 τοῦ
1777 5462 1980 5541 σφόδρα
2009 5485 2096 5519 τι-

478 5561 582 5633 μᾷν
617 5554 705 5613 τὸν
760 5552 968 5632 Κύριον
994 5594 1013 5625 ,
1045 5548 1081 5618 ἥ
1127 5570 1184 5606 τε
1228 5548 1568 5629 συγχώρησις
1606 5552 1666 5609 ἐκ
1692 5555 1787 5609 τοῦ
1823 5551 1897 5628 μὴ
1926 5550 2094 5610 θέλειν

465 5648 804 5728 χωρισθῆναι
832 5643 1028 5701 αὐτοῦ.
1065 5635 1149 5698 Σὺ
1179 5636 1238 5695 δέ
1263 5660 1395 5715 μοι,
1428 5637 1556 5698 ὅταν
1585 5639 1699 5720 ἴδῃς
1736 5639 1856 5700 τινὰ
1893 5641 2095 5722 σφόδρα

510 5842 553 5876 ³·
578 5837 797 5901 Matth.
833 5844 1043 5898 xvm,
1078 5831 1173 5894 21,
1201 5832 1287 5886 22.

2211 3318 2382 3375 fuerit
2425 3335 2456 3374 a
2486 3319 2707 3375 Christo
2732 3318 2802 3388 3‘,
2831 3327 2887 3374 et
2936 3319 3228 3391 oportebat
3266 3327 3412 3374 certe
3441 3328 3498 3376 et
3525 3319 3597 3376 ob
3629 3321 3812 3377 incre-

2210 3410 2484 3483 pationem
2534 3408 2878 3480 superiorem
2921 3424 3068 3464 nunc
3113 3409 3432 3480 permittere
3485 3417 3547 3465 ut
3601 3410 3814 3467 lavaret

2208 3500 2389 3572 ipsum
2422 3499 2727 3566 Dominus;
2768 3507 2960 3554 tamen
3003 3498 3126 3569 quia
3169 3514 3345 3570 usque
3389 3499 3526 3556 adeo
3549 3515 3812 3572 magnum

2207 3599 2323 3646 erat
2366 3588 2514 3660 quod
2565 3605 2597 3644 a
2649 3587 2867 3647 Christo
2913 3587 3224 3660 gerebatur,
3275 3596 3516 3656 recusat;
3579 3597 3636 3645 et
3697 3605 3810 3646 non

2206 3679 2416 3751 cogitat
2461 3677 2610 3748 quod
2661 3676 2859 3733 iterum
2916 3677 3300 3748 increpaturus
3355 3679 3428 3733 sit
3476 3693 3605 3734 eum
3649 3679 3811 3735 vehe-

2208 3769 2447 3825 mentius
2474 3775 2740 3837 tanquam
2783 3765 3187 3821 inobedientem
3212 3767 3509 3822 Dominus.
3541 3767 3686 3836 Quid
3713 3769 3809 3839 igi-

2204 3866 2296 3914 tur
2323 3857 2615 3914 Christus?
2655 3856 2709 3911 Si
2739 3854 2990 3922 dixisset,
3023 3853 3406 3910 Humilitatem
3448 3863 3502 3910 te
3547 3855 3742 3924 doceo,
3777 3873 3811 3912 ο

2204 3951 2384 4015 Petre,
2413 3954 2469 4002 et
2493 3953 2780 4016 propterea
2806 3943 2926 4000 lavo
2961 3952 3090 3999 tuos
3129 3943 3292 4014 pedes
3319 3963 3332 3999 :
3363 3943 3590 4000 dixisset
3618 3945 3808 4016 utique

2204 4039 2253 4094 ei
2284 4039 2499 4105 Petrus,
2541 4043 2597 4091 et
2635 4035 2896 4106 jurasset,
2943 4033 3092 4106 quod
3133 4034 3301 4089 etiam
3351 4032 3556 4106 absque
3606 4034 3808 4106 pedum

2203 4127 2408 4184 lotione
2477 4124 2842 4180 humilitatem
2884 4123 3207 4179 exercuerit.
3256 4123 3364 4180 Sed
3394 4123 3523 4196 quid
3568 4124 3699 4181 dicit
3739 4125 3809 4182 ad

2201 4217 2394 4274 illum?
2421 4213 2580 4286 Quod
2626 4213 2862 4270 maxime
2899 4212 3107 4269 sciebat
3135 4229 3232 4268 cor
3258 4213 3375 4285 ejus
3406 4213 3806 4283 vellicaturum,

2207 4306 2404 4362 incutit
2457 4304 2506 4360 ei
2554 4307 2841 4376 itanquam
2902 4302 3421 4359 terriculamentum
3502 4303 3807 4376 quoddam,

2193 4389 2232 4444 ’κ
2277 4395 2397 4451 Nisi
2441 4395 2623 4449 lavero
2671 4401 2724 4448 te
2774 4392 3004 4459 (dicens)
3054 4408 3171 4448 non
3214 4391 3384 4448 habes
3431 4403 3643 4464 partem
3693 4409 3808 4450 me-

2205 4500 2349 4540 cum.
2382 4505 2409 4534 »
2451 4485 2594 4538 Nam
2619 4499 2748 4537 cum
2780 4481 2895 4553 ipse
2921 4497 3035 4552 prae
3082 4479 3342 4537 omnibus
3372 4481 3499 4536 aliis
3527 4481 3808 4553 discipulis

2207 4574 2379 4646 magis
2419 4571 2755 4629 desideraret
2793 4586 2911 4627 esse
2940 4587 3070 4626 cum
3111 4569 3354 4638 Christo,
3402 4568 3526 4625 ideo
3555 4571 3804 4642 rogabat,

2127 4648 2177 4711 D
2211 4687 2236 4712 α
2277 4665 2402 4732 Quo
2430 4661 2624 4717 vadis?
2674 4685 2698 4709 ιο
2737 4668 2808 4730 et,
2849 4683 2876 4710 ιο
2908 4660 3172 4716 Animam
3218 4675 3401 4714 meam
3452 4675 3551 4731 pro
3601 4668 3656 4715 te
3715 4677 3807 4732 po-

2203 4764 2352 4822 nam,
2388 4775 2414 4800 ι»
2444 4751 2794 4824 promittebat
2831 4767 2895 4806 ex
2938 4749 3198 4805 charitate
3231 4767 3244 4804 :
3276 4749 3589 4820 hujusmodi
3639 4751 3808 4806 minis

2202 4843 2450 4899 animum
2473 4840 2737 4897 concutit.
2787 4863 2812 4888 σι
2858 4842 3003 4896 Nam
3045 4839 3087 4894 si
3119 4855 3231 4894 non
3261 4839 3446 4894 lavero
3497 4847 3573 4906 te,
3605 4839 3805 4912 inquit,

2204 4946 2316 4987 non
2364 4930 2533 4986 habes
2561 4937 2778 5002 partem
2830 4944 3071 4985 mecum.
3119 4950 3144 4977 ι
3191 4927 3305 4984 Ubi
3343 4928 3553 4985 audivit
3605 4930 3806 4986 Petrus

2203 5021 2472 5077 terribiles
2494 5019 2656 5076 hasce
2706 5019 2905 5087 minas,
2949 5035 3116 5091 quam
3159 5017 3452 5075 vehemens
3479 5026 3598 5074 erat
3625 5018 3807 5074 detre-

2205 5110 2427 5174 ctando,
2460 5117 2577 5165 tam
2625 5109 2941 5175 vehemens,
2975 5108 3090 5164 imo
3135 5108 3517 5163 vehementior
3553 5116 3670 5163 erat
3701 5106 3806 5162 ad—

2206 5198 2500 5265 mittendo,
2524 5198 2598 5254 ita
2621 5206 2684 5253 ut
2698 5207 2754 5254 et
2777 5206 2941 5268 caput
2959 5196 3340 5253 adlavandum
3367 5195 3521 5252 daret
3549 5197 3806 5252 .Utrum-

2205 5305 2311 5360 que
2347 5296 2532 5345 autem
2562 5303 2629 5344 ex
2674 5287 2943 5343 charitate
2969 5286 3134 5342 ﬁebat
3173 5305 3189 5340 :
3220 5293 3275 5341 et
3301 5283 3643 5352 detrectatio,
3681 5285 3805 5357 quia

2207 5379 2507 5451 plurimum
2534 5376 2860 5434 observabat
2889 5377 3194 5432 Dominum
3229 5391 3243 5428 :
3285 5383 3339 5430 et
3362 5371 3650 5443 admissio,
3682 5374 3805 5447 quia

2205 5485 2235 5524 a
2266 5467 2510 5524 Domino
2556 5466 2796 5538 separari
2837 5465 3076 5520 nolebat.
3117 5467 3201 5520 Tu
3230 5471 3412 5519 autem
3447 5479 3576 5519 cum
3608 5463 3809 5520 videris

2205 5559 2445 5632 aliquem
2475 5557 2630 5613 valde
2655 5563 2942 5627 urgentem
2983 5570 3096 5627 pra:
3143 5553 3482 5621 temeritate,
3525 5569 3588 5609 ac
3616 5554 3808 5611 dicen-

2206 5657 2340 5718 tem,
2385 5655 2443 5705 et
2484 5661 2616 5704 cum
2650 5646 2991 5718 juramento,
3044 5643 3218 5716 688
3259 5646 3557 5717 Nunquam
3597 5641 3808 5701 faciam
