4198 6446
484 491 579 544 151

1504 475 2422 549 THEOPHYLACTILBULGARUE
2454 474 2775 530 ARCHIEP.

3688 469 3789 523 152

480 610 623 667 hoc:
652 615 711 666 et
748 605 954 664 deinde
978 605 1286 662 reverentia
1317 603 1616 677 juramenti
1659 618 1984 675 permanere
2030 602 2080 657 Α

2193 600 2528 678 ἐνιστάμενον
2601 601 2660 659 ἐκ
2708 595 3046 678 προπετείας,
3106 599 3225 678 καὶ..
3243 593 3469 674 λέγοντα
3535 590 3628 651 καὶ
3674 590 3789 668 μεθ’

481 699 539 755 in
572 698 701 766 hoc,
723 696 875 768 quod
901 696 1044 751 male
1074 694 1407 764 decreverat,
1441 694 1802 766 pertinacem,
1836 701 1890 747 et
1916 707 1981 747 ex
2009 707 2076 748 eo

482 788 887 861 periclitantem
933 785 1014 841 vel
1043 784 1104 840 in
1153 784 1359 851 anima,
1399 783 1481 838 vel
1527 784 1588 839 in
1634 798 1888 854 corpore,
1926 790 2076 837 recte

484 877 659 933 utaris
688 875 795 931 hoc
834 874 978 931 Petri
1033 873 1305 944 exemplo,
1345 872 1596 944 quicum
1632 873 1886 943 pertinax
1914 879 2075 936 esset,

483 964 577 1023 ubi
633 963 773 1020 vidit
810 962 1174 1034 pertinaciam
1215 976 1440 1036 vergere
1490 962 1548 1017 in
1594 960 1992 1034 separationem
2047 974 2078 1015 a

483 1052 722 1121 Christo,
748 1052 962 1108 abstitit
988 1051 1058 1108 ab
1085 1051 1192 1106 illa.

553 1232 733 1286 Vnus.
765 1233 853 1284 10.
878 1250 905 1277 α
935 1226 1088 1283 Dicit
1109 1226 1155 1282 ei
1174 1228 1362 1283 Jesus:
1389 1226 1493 1297 Qui
1514 1227 1661 1283 lotus
1686 1235 1791 1294 est,
1811 1242 1926 1282 non
1946 1242 2085 1298 opus

484 1318 650 1375 habet
680 1317 782 1372 nisi
809 1326 871 1372 ut
894 1317 1062 1387 pedes
1088 1315 1252 1382 lavet,
1284 1315 1381 1371 sed
1405 1325 1487 1371 est
1517 1315 1759 1371 mundus
1800 1323 1953 1371 totus
1986 1333 1999 1370 :
2032 1324 2087 1370 et

482 1423 581 1463 vos
609 1406 802 1461 mundi
841 1406 1005 1473 estis,
1042 1404 1140 1460 sed
1174 1420 1288 1460 non
1327 1420 1540 1461 omnes.
1599 1428 1624 1454 ο
1675 1404 1890 1460 Sciebat
1932 1405 2083 1459 enim

481 1496 741 1568 quisnam
786 1503 931 1550 esset
968 1494 1060 1566 qui
1100 1494 1356 1565 proderet
1402 1510 1461 1550 se
1519 1513 1533 1550 :
1582 1507 1872 1566 propterea
1923 1493 2087 1564 dixit,

485 1608 513 1634 ι
553 1587 684 1641 Non
719 1585 849 1640 estis
878 1583 1068 1639 mundi
1108 1599 1323 1639 omnes.
1367 1607 1394 1632 ιι
1420 1585 1648 1655 Sumpta
1669 1584 1954 1639 occasione
1973 1585 2085 1639 Do-

480 1673 667 1731 minus
695 1674 879 1746 arguit
924 1672 1259 1745 proditorem
1285 1681 1348 1728 ut
1373 1689 1502 1729 eum
1531 1674 1600 1729 ab
1640 1672 1928 1728 immunda
1954 1688 2082 1728 sen-

478 1763 653 1819 tentia
682 1762 992 1831 abduceret,
1025 1770 1083 1818 et
1127 1760 1467 1835 indigentem
1518 1762 1693 1818 lavari
1719 1779 1751 1818 a
1782 1762 1991 1818 malitia
2028 1762 2084 1818 in

478 1851 648 1908 aliam
704 1851 1033 1907 sententiam
1078 1848 1423 1908 transferret.
1478 1855 1592 1908 Vos
1646 1851 1832 1923 igitur,
1884 1852 2080 1924 inquit,

480 1956 609 1996 cum
639 1940 760 1996 sitis
790 1940 905 2009 loti,
937 1955 1052 1995 non
1075 1939 1335 2011 indigetis
1372 1941 1481 1996 alio
1509 1940 1749 1996 lavacro.
1793 1942 1953 1996 Unus
1982 1957 2082 1995 au-

475 2036 590 2085 tem
621 2037 707 2085 est
750 2027 1098 2094 immundus,
1149 2029 1244 2100 qui
1275 2029 1478 2083 lotione
1525 2044 1665 2100 opus
1695 2028 1874 2084 habet.
1918 2030 2085 2098 Quae-

477 2126 610 2173 runt
647 2124 836 2173 autem
882 2117 1047 2171 multi
1092 2117 1376 2187 quomodo
1404 2116 1607 2173 dixerit
1657 2119 1928 2173 Dominus
1956 2134 2088 2189 apo-

480 2206 660 2271 stolis,
702 2226 729 2253 α
782 2206 898 2260 Vos
937 2205 1131 2260 mundi
1166 2205 1313 2260 estis.
1363 2229 1389 2254 »
1435 2206 1699 2262 Nondum
1743 2207 1892 2262 enim
1936 2214 2092 2263 erant

480 2292 690 2349 liberati
750 2309 781 2349 a
839 2294 1100 2363 peccatis,
1189 2293 1439 2350 nondum
1496 2296 1763 2366 Spiritum
1854 2296 2087 2352 assecuti

481 2390 654 2439 erant.
710 2381 909 2438 Adhuc
964 2382 1110 2438 enim
1160 2391 1441 2455 peccatum
1507 2385 1864 2456 praevalebat,
1913 2385 2091 2441 adhuc

481 2471 792 2527 maledictio
823 2472 1171 2543 operabatur.
1216 2471 1477 2528 Nondum
1505 2474 1653 2529 enim
1688 2497 1713 2523 α
1762 2478 1954 2547 Agnus
1994 2475 2087 2546 qui

478 2560 625 2616 tollit
674 2568 891 2632 peccata
947 2561 1144 2617 mundi
1188 2560 1288 2630 θ’θ’,
1330 2585 1356 2610 ι
1401 2562 1719 2620 immolatus
1760 2572 1894 2620 erat.
1938 2568 2090 2621 Non-

477 2648 613 2706 dum
640 2666 937 2721 suspensus
964 2651 1023 2705 in
1051 2650 1221 2722 ligno,
1246 2667 1276 2706 a
1307 2652 1598 2707 maledicto
1626 2669 1728 2708 nos
1756 2653 2082 2709 redemerat.

480 2739 775 2807 Quomodo
817 2739 985 2811 igitur
1014 2738 1206 2794 mundi
1249 2739 1468 2795 fuerunt
1498 2742 1762 2817 apostoli?
1793 2746 1892 2798 Est
1929 2744 2090 2814 igitur

479 2826 775 2882 dicendum
805 2828 955 2899 quod
983 2827 1236 2897 quamvis
1284 2844 1398 2883 non
1429 2828 1633 2885 fuerint
1674 2831 1902 2887 omnino
1951 2831 2089 2887 libe-

480 2915 582 2969 rati
620 2930 652 2970 a
703 2916 957 2985 peccatis,
985 2925 1228 2971 attamen
1261 2925 1483 2989 propter
1510 2934 1849 2987 sermonem,
1889 2920 2087 2992 inquit,

481 3018 644 3075 quem
691 3003 907 3059 locutus
943 3020 1068 3059 sum
1121 3005 1297 3074 vobis,
1360 3027 1385 3053 οι
1444 3008 1636 3063 mundi
1683 3008 1815 3065 estis
1854 3026 1870 3064 :
1916 3032 1941 3058 ιι
1977 3009 2081 3066 hoc

481 3100 583 3162 est,
623 3092 927 3148 secundum
975 3092 1079 3148 hoc
1134 3110 1278 3149 nunc
1311 3094 1437 3150 estis
1466 3096 1686 3162 mundi,
1728 3114 1873 3153 nunc
1902 3100 2081 3156 lucem

487 3180 792 3250 accepistis,
835 3197 981 3237 nunc
1023 3181 1235 3237 liberati
1280 3184 1407 3238 estis
1445 3184 1514 3239 ab
1564 3200 1749 3241 errore
1794 3188 2025 3244 Judaico
2064 3206 2077 3242 :
2112 3181 2156 3244 C
2195 3185 2312 3253 κῆς.

482 3266 612 3337 quia
645 3274 700 3321 et
741 3268 940 3321 Isaiam
992 3267 1139 3335 audi,
1172 3268 1454 3341 quomodo
1481 3269 1680 3326 doceat
1720 3288 1822 3328 nos
1859 3274 2027 3330 lavari
2068 3294 2082 3331 :

486 3376 513 3404 α
553 3355 862 3419 Lavamini,
908 3365 963 3410 et
994 3355 1185 3411 mundi
1224 3366 1416 3427 estote,
1458 3358 1717 3431 deponite
1746 3363 1978 3420 malitias
2016 3366 2085 3421 ab

482 3443 770 3499 animabus
808 3444 999 3499 vestris
1037 3444 1096 3500 ³⁸.
1141 3468 1167 3494 η
1207 3447 1279 3501 Et
1325 3447 1399 3502 ita
1454 3448 1625 3504 etiam
1675 3450 1750 3505 illi
1790 3452 1913 3522 quia
1959 3470 2086 3510 cum

481 3548 683 3605 magna
724 3533 1037 3603 innocentia
1081 3543 1135 3590 et
1163 3535 1513 3607 simplicitate
1557 3539 1920 3598 versabantur
1956 3559 2085 3599 cum

480 3621 722 3687 Christo,
763 3622 961 3677 merito
999 3624 1093 3679 loti
1129 3632 1185 3679 et
1226 3626 1415 3681 mundi
1467 3642 1497 3681 a
1540 3629 1780 3685 Domino
1808 3630 2081 3689 dicuntur.

480 3710 876 3767 Intellexerunt
902 3720 1087 3767 autem
1131 3714 1354 3785 quidam
1383 3731 1480 3787 per
1506 3732 1719 3774 coenam
1750 3721 2085 3791 agnitionem

481 3800 730 3871 mysterii
780 3801 1083 3857 secundum
1140 3802 1418 3859 Christum
1456 3808 1515 3860 in
1570 3805 1677 3863 ﬁne
1732 3812 2082 3879 saeculorum,

478 3895 649 3950 quam
711 3879 960 3937 Christus
1016 3883 1220 3939 docens
1270 3900 1401 3940 suos
1462 3884 1789 3958 discipulos,
1845 3889 1986 3946 lavat
2031 3902 2086 3948 ct

478 3968 644 4040 pedes
681 3966 950 4039 ipsorum,
981 3986 1093 4025 non
1143 3980 1204 4026 ut
1251 3973 1527 4029 maculam
1566 3974 1852 4046 habentes,
1882 3980 1982 4035 sed
2023 3990 2087 4036 ut

480 4064 704 4127 paratos
728 4072 823 4112 eos
853 4057 1059 4113 faciens
1095 4059 1167 4113 ad
1202 4062 1582 4132 Evangelium,
1607 4063 1763 4134 juxta
1792 4066 1917 4134 hoc,
1939 4069 2085 4139 quod

481 4143 693 4200 dictum
724 4152 807 4199 est
835 4144 903 4199 ab
948 4147 1123 4203 Isaia:
1161 4169 1186 4195 σι
1230 4150 1409 4219 Quam
1439 4151 1675 4221 speciosi
1720 4153 1886 4224 pedes
1920 4172 2085 4213 evan-

481 4232 834 4303 gelizantium
879 4249 1068 4304 pacem
1122 4233 1187 4291 ³⁸.
1251 4259 1277 4285 υ
1323 4267 1396 4278 —
1439 4261 1464 4286 α
1520 4241 1661 4296 Nam
1703 4258 1801 4298 vos
1839 4244 2082 4316 quidem,

477 4321 670 4391 inquit,
703 4322 895 4377 mundi
936 4325 1088 4391 estis,
1144 4348 1169 4373 ιι
1217 4325 1312 4382 sed
1341 4336 1609 4398 quantum
1649 4330 1716 4387 ad
1746 4348 1843 4389 vos
1879 4335 2089 4392 attinet.

479 4410 712 4481 Oportet
743 4419 929 4467 autem
964 4412 1034 4467 ob
1058 4414 1289 4470 aliorum
1330 4416 1743 4488 purificationes
1771 4437 1866 4478 vos
1894 4424 2037 4481 mitti
2072 4445 2086 4483 :

477 4497 629 4569 quod
661 4515 755 4570 per
792 4500 1057 4558 lotionem
1104 4503 1310 4574 pedum
1357 4505 1607 4563 docetur.
1651 4511 1957 4568 Lavacrum
1992 4515 2089 4587 igi-

476 4596 570 4642 tur
597 4602 711 4645 non
739 4587 870 4645 facit
897 4600 964 4646 ut
1004 4592 1373 4665 intelligamus
1409 4596 1849 4667 puriﬁcationem
1890 4618 2084 4674 pecca-

476 4684 666 4732 torum
694 4679 1072 4749 apostolorum
1103 4681 1314 4749 (mundi
1355 4685 1500 4739 enim
1540 4702 1655 4743 esse
1680 4688 2079 4761 perhibentur),

475 4763 577 4821 sed
614 4765 926 4837 symbolum
978 4777 1061 4824 est
1088 4770 1241 4842 quod
1265 4772 1528 4837 mittendi
1576 4777 1688 4833 sint
1727 4778 1782 4833 in
1811 4780 2081 4851 praedica-

476 4853 711 4921 tionem,
766 4863 822 4910 et
878 4860 1244 4915 transvehant
1295 4861 1461 4918 etiam
1509 4864 1577 4921 ad
1638 4866 1774 4923 alios
1832 4869 2084 4928 homines

474 4942 789 5015 puritatem,
814 4960 938 5017 quae.
978 4947 1108 5018 ipsis
1137 4947 1263 5004 data
1290 4959 1372 5006 est
1400 4968 1499 5025 per
1540 4956 1784 5013 Verbum
1821 4960 2079 5016 Domini-

473 5048 622 5088 cum.
656 5032 863 5089 Idcirco
893 5043 949 5091 et
993 5039 1187 5092 Petrus
1217 5038 1413 5112 inquit,
1476 5066 1498 5090 α
1542 5045 1665 5100 Non
1707 5048 1887 5104 solum
1917 5049 2081 5121 pedes

473 5135 628 5177 meos
656 5122 824 5192 laves,
847 5123 943 5180 sed
987 5133 1044 5181 et
1081 5136 1264 5198 caput,
1311 5153 1336 5177 η
1371 5129 1477 5186 hoc
1503 5142 1604 5202 est,
1636 5150 1745 5190 non
1773 5136 1843 5193 ad
1879 5140 2079 5210 praedi-

475 5210 753 5267 cationem
786 5219 1004 5269 tantum
1042 5215 1232 5272 mittas
1279 5234 1395 5285 me,
1450 5219 1548 5276 sed
1586 5232 1643 5279 et
1684 5232 1849 5296 caput
1895 5244 2078 5285 meum

476 5313 572 5368 per
614 5302 944 5374 martyrium
985 5304 1232 5375 puriﬁca.
1289 5308 1537 5381 lntellige
1583 5321 1770 5369 autem
1826 5317 1976 5387 quod
2024 5325 2078 5372 et

474 5401 620 5441 nunc
646 5387 762 5444 haec
791 5391 1152 5460 perﬁciantur.
1181 5396 1354 5468 689
1382 5400 1608 5456 Etenim
1656 5411 1710 5458 et
1734 5419 1884 5459 nunc
1922 5421 2077 5462 coena

474 5470 539 5528 iit
578 5473 863 5566 indivina
914 5497 1065 5539 sacra
1116 5488 1431 5557 operatione
1487 5490 1652 5547 divini
1711 5496 1957 5566 corporis
2019 5505 2074 5553 et

471 5564 757 5634 sanguinis
795 5581 918 5638 quae
963 5585 1360 5644 proponuntur.
1410 5579 1553 5647 Quid
1600 5582 1771 5652 igitur
1813 5564 1898 5640 vab
1959 5601 2072 5642 uno

545 5721 614 5756 θ’θ’
644 5725 801 5781 Joan.
825 5741 867 5795 I,
903 5734 990 5784 29.
1022 5730 1067 5765 ³³
1096 5735 1195 5789 Isa.
1232 5752 1272 5804 ι,
1301 5743 1384 5794 16.
1410 5737 1453 5772 ³⁸
1474 5743 1578 5799 Isa.
1602 5759 1709 5814 LII,
1745 5755 1794 5803 7.

2184 689 2344 771 ὅρκου
2359 674 2384 762 ,i
2400 688 2480 748 ὅτι
2524 691 2608 749 Οὐ
2640 688 2714 768 μὴ
2756 674 2976 758 ’ποιήσω
3006 685 3149 757 τόδε,
3177 674 3292 744 εἶτα
3336 684 3475 741 αἰδοῖ
3512 687 3605 741 τοῦ
3635 679 3792 760 ὅρκου

2187 779 2481 856 ἐμμένοντα
2522 782 2599 859 τῷ
2649 781 2822 843 κακῶς
2861 776 3191 856 κεκριμένῳ,
3230 772 3322 831 καὶ
3363 773 3424 830 ἐκ
3468 771 3657 830 τούτου
3686 794 3795 828 κιν-

2184 868 2487 939 δυνεύοντα,
2609 866 2732 947 περὶ
2776 865 2977 946 ψυχὴν,
3010 864 3045 934 ἢ
3075 862 3199 941 περὶ
3230 866 3407 939 σῶμα·
3436 860 3701 938 εὐστόχως
3727 858 3792 917 ἂν

2185 957 2415 1037 χρήσαιο
2430 959 2517 1037 ,τῷ
2556 962 2648 1015 τοῦ
2688 954 2897 1035 Πέτρου
2926 951 3306 1029 ὑποδείγματι,
3345 949 3403 1016 ὃς
3429 950 3791 1025 ἐνιστάμενος,

2186 1036 2366 1117 ἐπειδὴ
2408 1036 2512 1104 εἶδε
2557 1044 2653 1117 τὴν
2683 1044 2931 1103 ἔνστασιν
2962 1044 3034 1109 εἷς
3062 1042 3152 1100 τὸν
3184 1039 3291 1099 ἀπὸ
3334 1041 3576 1119 Χριστοῦ
3615 1061 3792 1118 χωρι-

2191 1136 2326 1213 σμὸν
2355 1134 2618 1216 φέρουσαν
2643 1176 2662 1206 ,
2698 1133 2905 1205 ἀπέστη
2937 1131 3154 1204 ταύτης.

2281 1248 2311 1283 ι(
2342 1215 2500 1302 Λέγει
2539 1224 2689 1303 αὐτῷ
2715 1226 2743 1281 6
2783 1222 3013 1293 Ἰησοῦς·
3044 1219 3113 1280 Ὁ
3143 1218 3462 1294 λελουμένος
3500 1219 3560 1277 οὗ
3600 1215 3794 1296 χρείαν

2193 1313 2305 1393 ἔχει
2338 1312 2373 1384 ἢ
2416 1310 2536 1380 τοὺς
2575 1313 2740 1378 πόδας
2770 1311 3047 1392 νίψασθαι,
3092 1310 3211 1367 ἀλλ’
3243 1307 3357 1366 ἔστι
3385 1306 3612 1385 καθαρὸς
3659 1305 3795 1373 ὅλος·

2194 1402 2286 1461 καὶ
2311 1406 2462 1479 ὑμεῖς
2489 1405 2712 1480 καθαροί
2742 1404 2882 1474 ἐστε,
2911 1399 3034 1459 ἀλλ’
3051 1400 3170 1477 οὐχὶ
3200 1397 3417 1480 πάντες.
3444 1418 3473 1454 n
3509 1395 3667 1480 ²’ῌδει
3691 1394 3803 1475 γὰρ

2194 1491 2282 1551 τὸν
2312 1477 2673 1572 παραδιδόντα
2700 1491 2888 1548 αὐτόν⁸
2916 1488 3004 1548 διὰ
3047 1493 3203 1548 τοῦτο
3227 1477 3372 1545 εἶπεν
3391 1533 3408 1559 ,
3459 1477 3568 1544 ὅτι-
3593 1507 3622 1543 α
3653 1486 3797 1564 Οὐχὶ

2194 1581 2389 1646 πάντες
2437 1581 2663 1660 καθαροί
2702 1581 2840 1639 ἐστε.
2873 1599 2902 1636 ι)
2938 1578 3208 1658 Ἀφορμῆς
3249 1574 3574 1655 δραξάμενος
3621 1577 3650 1632 6
3688 1574 3798 1632 Κύ-

2194 1693 2330 1751 ριος,
2367 1669 2575 1748 ἐλέγχει
2626 1669 2717 1727 τὸν
2765 1667 3053 1747 προδότην,
3106 1669 3177 1732 ὡς
3221 1665 3519 1745 ἀκάθαρτον
3575 1661 3793 1741 γνώμην

2191 1758 2407 1838 ἔχοντα,
2458 1756 2550 1817 καὶ
2603 1758 2846 1832 δεόμενον
2892 1764 2984 1816 τοῦ
3027 1753 3428 1815 ἀπολούσασθαι
3474 1752 3571 1838 τῂν
3614 1774 3796 1822 πονη-

2194 1832 2336 1926 ρίαν,
2364 1847 2455 1906 καὶ
2484 1846 3037 1925 μεταϐουλεύσασθαι.
3085 1843 3272 1922 ’Υμεῖς
3323 1842 3418 1919 μὲν
3466 1832 3592 1915 οὖν,
3637 1842 3792 1926 φησὶ,

2190 1935 2496 2013 λελουμένοι
2528 1935 2704 2008 ὄντες,
2748 1937 2808 1993 οὐ
2855 1934 3031 1993 δέεσθε
3081 1934 3161 1994 ἔτι
3209 1933 3372 1991 ἄλλου
3417 1933 3667 2010 λουτροῦ·
3717 1922 3793 1998 εἷς

2199 2025 2255 2084 δέ
2284 2028 2424 2085 ἐστιν
2457 2029 2484 2084 6
2507 2028 2802 2105 ἀκάθαρτος
2827 2027 2855 2082 6
2881 2023 3119 2099 δεόμενος
3154 2021 3476 2088 ἐκπλύσεως.
3564 2023 3796 2092 Ζητοῦσι

2199 2113 2254 2172 δὲ
2281 2112 2469 2173 πολλοὶ
2492 2158 2508 2187 ,
2541 2119 2653 2178 πῶς
2684 2104 2829 2172 εἶπεν
2870 2117 2898 2172 6
2932 2113 3124 2191 Κύριος
3168 2114 3276 2177 τοῖς
3320 2108 3670 2187 ἀποστόλοις,
3714 2107 3795 2167 ὅτι

2207 2225 2238 2262 σ
2280 2202 2468 2281 ⁶Υμεῖς
2510 2202 2728 2283 καθαροί
2758 2205 2895 2261 ἔστε·
2929 2223 2959 2260 n
2997 2199 3145 2260 οὔπω
3180 2201 3284 2280 γὰρ
3332 2202 3438 2257 τῶν
3471 2198 3796 2278 ἁμαρτημά-

2198 2316 2302 2351 των
2335 2294 2760 2370 ἀπηλλάγησαν,
2802 2290 2950 2351 οὔπω
3004 2289 3317 2367 Πνεύματος
3375 2288 3620 2359 ἠξίωντο.
3671 2283 3796 2347 Ἔτι

2197 2381 2299 2461 γὰρ
2329 2385 2362 2452 ἠ
2395 2381 2635 2462 ἁμαρτία
2666 2381 2907 2461 ἐκράτει,
2939 2380 3019 2439 ἔτι
3059 2383 3093 2450 ἡ
3125 2379 3335 2457 κατάρα
3367 2377 3592 2457 ἐνήργει.
3626 2376 3797 2437 Οὔπω

2196 2470 2300 2551 γὰρ
2340 2492 2369 2529 α
2398 2476 2427 2531 6
2456 2470 2641 2546 Ἀμνὸς
2669 2473 2697 2529 6
2743 2470 2907 2549 αἴρων
2940 2471 3038 2541 τὴν
3082 2467 3353 2547 ἁμαρτίαν
3385 2472 3474 2526 τοῦ
3528 2466 3729 2543 κόσμου
3757 2487 3789 2523 n

2198 2561 2434 2640 ἐσφάγη,
2488 2560 2637 2618 οὔπω
2689 2559 2992 2638 ἐκρεμάσθη
3048 2558 3136 2616 ἐπὶ
3182 2562 3272 2617 τοῦ
3291 2555 3480 2640 -.ξύλου
3527 2558 3556 2613 6
3602 2557 3662 2614 ἐκ
3703 2559 3798 2627 τῆς

2198 2636 2436 2728 κατάρας
2484 2652 2627 2724 ἡμᾶς
2662 2636 3005 2727 ἐξαγοράσας.
3095 2648 3224 2713 Πῶς
3262 2636 3351 2704 οὔν
3385 2636 3523 2717 ἦσαν
3572 2644 3798 2724 καθαροὶ

2201 2740 2248 2796 οἱ
2279 2739 2593 2809 ἀπόστολοι;
2629 2736 2819 2797 Ἔστιν
2850 2730 2939 2795 οὖν
2978 2739 3147 2794 εἰπεῖν
3168 2778 3185 2807 ,
3220 2735 3301 2794 ὅτι
3338 2736 3383 2792 εἴ
3432 2734 3522 2792 καὶ
3574 2733 3648 2809 μὴ
3690 2737 3795 2791 τῶν

2200 2826 2477 2907 ἁμαρτιῶν
2507 2826 2896 2902 ἀπηλλάγησαν
2924 2827 3131 2896 πάντη,
3171 2824 3292 2882 ἀλλ’
3327 2812 3417 2882 οὖν
3449 2823 3536 2882 διὰ
3571 2822 3658 2880 τὸν
3704 2823 3799 2881 λό-

2199 2938 2313 2993 γον,
2340 2915 2518 2994 φησὶν,
2551 2916 2606 2973 ὃν
2640 2916 2913 2988 λελάληκα
2936 2918 3081 2991 ὑμῖν,
3111 2938 3139 2971 ιι
3168 2912 3393 2994 καθαροί
3414 2913 3563 2970 ἐστε·
3594 2934 3623 2969 n
3649 2935 3799 2971 τουτο

2192 3003 2339 3075 ἐστι,
2390 3002 2547 3064 Κατὰ
2577 3005 2733 3064 τοῦτό
2773 3007 2891 3063 ἐστε
2916 3002 3138 3082 καθαροὶ
3183 3001 3337 3068 τέως.
3382 2998 3533 3073 Ἤδη
3576 3000 3637 3059 τὸ
3666 3004 3778 3079 φῶς

2190 3090 2464 3165 ἐδέξασθε,
2512 3093 2616 3163 ἤδη
2648 3097 2743 3164 τῆς
2779 3092 2987 3165 πλάνης
3036 3091 3386 3168 ἀπηλλάγητε
3416 3095 3510 3161 τῆς
3553 3088 3783 3149 Ἰουδαῖ-

2405 3181 2564 3242 Ἒπεὶ
2595 3182 2686 3240 καὶ
2714 3175 2975 3253 εΗσαΐας,
3007 3180 3198 3256 ἄκουε,
3233 3182 3343 3246 πῶς
3373 3180 3611 3239 διδάσκει
3643 3182 3788 3255 ἡμᾶς

2198 3268 2469 3329 λούεσθαι·
2513 3293 2542 3328 (ι
2577 3271 2889 3346 Λούσασθε,
2920 3269 3012 3327 καὶ
3047 3269 3270 3346 καθαροὶ
3303 3268 3536 3344 γίνεσθε·
3571 3268 3794 3342 ἀφέλετε

2195 3358 2289 3425 τὰς
2317 3358 2572 3438 πονηρίας
2605 3359 2710 3417 ἀπὸ
2737 3362 2841 3417 τῶν
2873 3361 3059 3439 ψυχῶν
3091 3362 3263 3435 ὑμῶν.
3293 3378 3324 3415 1)
3363 3354 3535 3416 ’Ὥστε
3568 3356 3660 3416 καὶ
3701 3358 3798 3415 αὖ·

2196 3448 2304 3521 τοὶ,
2343 3449 2455 3506 ἐπεὶ
2491 3448 2626 3523 μετὰ
2674 3448 2850 3520 πάσης
2899 3446 3125 3513 ἀκακίας
3169 3446 3261 3506 καὶ
3310 3445 3624 3520 ἀδολότητος
3667 3468 3800 3505 συν-

2196 3542 2334 3609 ἦσαν
2379 3541 2456 3617 τῷ
2499 3539 2745 3617 Χριστῷ,
2793 3534 3009 3603 εἰκότως
3060 3534 3370 3612 λελουμένοι
3426 3533 3518 3593 καὶ
3569 3535 3797 3615 καθαροὶ

2196 3626 2345 3705 παρὰ
2373 3631 2465 3684 τοῦ
2506 3625 2703 3705 Κυρίου
2750 3624 3015 3704 λέγονται.
3102 3624 3368 3696 Ἰἰνόησαν
3421 3623 3479 3683 δέ
3512 3646 3647 3690 τινες
3687 3624 3796 3681 δεῖ-

2197 3739 2323 3774 πνον
2353 3719 2448 3785 τήν
2478 3717 2531 3774 ἐν
2561 3719 2637 3793 τῷ
2671 3714 2814 3774 τέλει
2853 3718 2958 3773 τῶν
3004 3712 3207 3773 αἰώνων
3253 3719 3349 3773 τοῦ
3385 3712 3524 3772 κατὰ
3559 3711 3798 3793 Χριστὸν

2197 3803 2488 3883 μυστηρίου
2520 3809 2745 3881 γνῶσιν,
2800 3802 2865 3875 ἣν
2917 3807 2945 3861 6
2996 3801 3203 3876 Ἰησοῦς
3245 3802 3507 3862 διδάσκων
3557 3802 3674 3868 τοὺς
3720 3807 3799 3861 οἷ-

2196 3891 2364 3959 κείους
2418 3890 2662 3970 μαθητὰς
2708 3891 2881 3951 νίπτει
2917 3889 3008 3949 καὶ
3059 3889 3180 3959 τοὺς
3221 3890 3387 3958 πόδας
3439 3892 3652 3967 αὐτῶν,
3689 3892 3797 3971 οὐχ

2195 3983 2265 4047 ὡς
2317 3978 2478 4059 ῥύπον
2546 3981 2797 4059 ἔχοντας,
2848 3981 2967 4038 ἀλλ’
3006 3981 3246 4058 ἑτοίμους
3295 3981 3481 4046 αὐτοὺς
3508 3982 3673 4038 ποιῶν
3720 3983 3797 4047 εἰς

2196 4069 2255 4126 τὸ
2307 4067 2671 4148 Εὖαγγέλιον,
2715 4069 2856 4128 κατὰ
2881 4070 2943 4128 τὸ
2986 4069 3088 4127 ὑπὸ
3135 4063 3362 4128 Ἡσαΐου
3395 4070 3575 4148 ῥηθέν·
3630 4089 3661 4127 ι(
3690 4067 3797 4135 Ὧς

2195 4161 2382 4237 ὡραῖοι
2454 4160 2502 4216 οἱ
2556 4159 2710 4226 πόδες
2762 4162 2866 4218 τῶν
2938 4158 3420 4237 εὐαγγελιζομένων
3469 4156 3706 4236 εἰρήνην.
3752 4178 3787 4215 ι)

2193 4280 2276 4292 —-
2308 4268 2339 4305 (ι
2381 4246 2569 4324 ’Υμεῖς
2601 4246 2695 4324 μὲν
2724 4246 2847 4328 γὰρ,
2884 4248 3081 4328 φησὶν,
3113 4246 3337 4328 καθαροί
3376 4250 3497 4306 ἐστε
3520 4295 3534 4317 ,
3581 4268 3611 4305 ))
3655 4246 3794 4306 ἀλλὰ

2199 4339 2316 4393 καθ’
2371 4337 2612 4404 ἑαυτούς·
2665 4338 2743 4396 δεῖ
2790 4336 2969 4395 δὲκαὶ
3014 4337 3137 4414 περὶ
3169 4335 3266 4408 τὴν
3297 4335 3488 4416 ἐτέρων
3534 4336 3794 4415 κάθαρσιν

2198 4427 2570 4498 ἀποσταλῆναι
2619 4429 2784 4503 ὑμᾶς·
2843 4425 2873 4486 ὃ
2924 4425 3012 4484 διὰ
3076 4426 3206 4505 [τοῦ]
3262 4418 3381 4491 τοὺς
3424 4425 3594 4491 πόδας
3643 4428 3794 4503 ὕμῶν

2197 4513 2475 4572 νίπτεσθαι
2523 4516 2797 4586 δηλοῦται.
2845 4513 2917 4574 Ὅ
2969 4513 3142 4573 τοίνυν
3190 4512 3382 4593 νιπτὴρ
3436 4515 3496 4572 οὗ
3536 4516 3794 4592 κάθαρσιν

2195 4602 2405 4661 δίδωσιν
2462 4604 2592 4681 ἡμῖν
2651 4605 2784 4663 νοεῖν
2841 4607 2944 4661 τῶν
2996 4603 3274 4684 ἁμαρτιῶν
3322 4606 3429 4661 τῶν
3477 4603 3792 4663 ἀποστόλων

2195 4692 2450 4772 (καθαροὶ
2511 4693 2613 4773 γὰρ
2668 4694 3118 4774 μαρτυροῦνται),
3165 4691 3303 4753 ἀλλὰ
3356 4691 3626 4768 σύμϐολόν
3679 4694 3794 4751 ἐστι

2193 4787 2285 4838 τοῦ
2316 4782 2627 4840 στέλλεσθαι
2655 4780 2841 4848 αὐτοὺς
2878 4781 2965 4838 ἐπὶ
2998 4781 3059 4840 τὸ
3107 4782 3360 4861 κήρυγμα
3382 4826 3399 4853 ,
3430 4780 3794 4858 διαπορθμεύ-

2193 4892 2389 4937 σαντας
2418 4868 2510 4928 καὶ
2538 4870 2645 4936 τοῖς
2679 4869 2858 4936 ἄλλοις
2895 4868 2990 4939 τὴν
3024 4870 3169 4951 παρὰ
3200 4875 3291 4928 τοῦ
3324 4868 3501 4946 Λόγου
3548 4873 3640 4927 τοῦ
3682 4874 3792 4928 Δε-

2193 4964 2442 5017 σποτικοῦ
2475 4960 2714 5018 δοθεῖσαν
2769 4959 2943 5027 αὐτοῖς
2973 4959 3337 5038 καθαρότητα.
3396 4957 3494 5018 Διὸ
3535 4957 3627 5039 καὶ
3675 4957 3791 5018 Πέ-

2190 5071 2338 5126 τρος,
2371 5069 2400 5105 α
2434 5047 2531 5120 Μὴ
2558 5047 2678 5115 τοὺς
2707 5048 2874 5115 πόδας
2904 5072 3007 5126 μου
3035 5049 3190 5129 νίψῃς
3222 5051 3411 5125 μόνον,
3442 5047 3623 5126 φησὶν,
3650 5047 3791 5106 ἀλλὰ

2189 5135 2280 5194 καὶ
2305 5134 2401 5207 τὴν
2426 5138 2689 5219 κεφαλήν·
2726 5160 2753 5195 ν
2788 5138 3064 5210 τουτέστι,
3100 5138 3197 5207 Μὴ
3223 5139 3296 5205 εἷς
3327 5136 3390 5196 τὸ
3416 5138 3665 5216 κήρυγμα
3693 5137 3791 5214 μό-

2188 5248 2273 5284 νον
2304 5225 2518 5303 πέμπε,
2551 5227 2690 5285 ἀλλὰ
2723 5226 2816 5286 καὶ
2846 5226 2941 5298 τὴν
2974 5226 3213 5306 κεφαλήν
3249 5250 3351 5302 μου
3385 5225 3472 5285 διὰ
3516 5232 3609 5286 τοῦ
3640 5249 3790 5304 μαρ-

2189 5315 2366 5393 τυρίου
2419 5315 2725 5395 καθάρισον.
2812 5314 3161 5393 Ἐκλάμϐανε
3207 5315 3272 5388 δή
3320 5339 3410 5393 μοι
3447 5314 3538 5374 καὶ
3583 5317 3655 5382 ὡς
3694 5319 3786 5374 ν’ὗν

2187 5410 2354 5462 ταῦτα
2402 5404 2718 5481 τελούμενα.
2812 5406 2921 5465 Καὶ
2970 5406 3073 5485 γὰρ
3120 5405 3211 5464 καὶ
3256 5412 3343 5464 νῦν
3387 5406 3597 5463 δεῖπνον
3636 5402 3787 5483 γίνε-

2181 5516 2269 5551 ται
2298 5495 2351 5552 ἐν
2503 5494 2618 5576 θείᾳ
2653 5496 2921 5575 ἱερουργίᾳ
2962 5500 3052 5554 τοῦ
3084 5495 3224 5576 θείου
3265 5493 3514 5571 σώματος
3552 5493 3645 5553 καὶ
3693 5498 3784 5554 τοῦ

2181 5580 2408 5660 αἵματος
2440 5586 2601 5645 αὐτοῦ
2630 5584 3002 5664 προκειμένου.
3049 5584 3120 5645 Τί
3149 5575 3240 5644 οὖν
3298 5590 3606 5643 ἀπαιτεῖται
3639 5582 3782 5661 ,ἕκα-
