4198 6460
385 464 486 519 153

1171 462 1566 520 ENARRATIO
1607 464 1675 520 IN
1713 463 2147 522 EVANGELIUM
2181 463 2482 521 JOANNIS.
2520 494 2594 506 —
2630 464 2781 521 CAP.
2824 466 2957 522 XIII.
3104 466 3111 473 ’
3630 471 3727 526 154

394 612 512 656 στος
539 590 705 665 ἡμῶν
743 595 923 649 ποιεῖν
944 638 958 660 ,
995 588 1189 649 ἄκουσι
1216 584 1463 669 Ἕχομεν
1500 592 1554 649 ἐν
1600 593 1803 657 ἑαυτοῖς
1835 588 2011 649 ἅπαν-

2129 604 2352 663 quoque
2386 596 2448 645 ut
2483 588 2645 646 faciat
2672 590 2944 662 exigatur,
2970 591 3097 648 audi
3132 609 3147 648 :
3177 591 3461 650 Habemus
3484 593 3541 650 in
3570 595 3730 651 nobis

392 702 479 746 τες
500 680 576 746 εἷς
618 677 865 759 Χριστὸν
914 678 1331 755 πιστεύσαντες,
1383 678 1473 737 τὸν
1512 678 1684 758 Λόγον
1736 685 1827 738 τοῦ
1871 682 2015 739 Θεοῦ

400 770 494 828 καὶ
531 768 596 828 τὸ
647 770 993 849 εὖαγγελικὸν
1038 769 1315 847 κήρυγμα.
1373 768 1577 835 Πάντες
1617 769 1721 849 γὰρ
1762 769 2016 837 ὑπεδεξά-

412 863 547 934 μεθα
572 858 667 917 τὸν
710 858 951 934 Χριστὸν
983 859 1038 916 ἐν
1069 858 1183 925 ταῖς
1223 858 1464 937 καρδίαις
1498 864 1682 933 ἡμῶν,
1718 860 1838 916 ἀλλ’
1870 858 2015 938 ὀφεί-

406 948 571 1022 λομεν
608 951 666 1009 ἓν
714 952 795 1027 τῷ
842 948 1039 1028 δείπνῳ
1085 945 1258 1027 τούτῳ
1309 950 1388 1027 τῷ
1433 947 1555 1027 θείῳ
1605 946 1878 1029 ἐξανιστᾷν
1927 946 2015 1006 τὸν

412 1036 620 1115 Λόγον,
667 1038 764 1097 καὶ
794 1036 1137 1097 ἀποτίθεσθαι
1165 1038 1329 1095 αὐτοῦ
1357 1037 1427 1095 τὰ
1468 1036 1699 1117 ἱμάτια,
1752 1036 1786 1094 ἃ
1818 1060 2018 1117 συγκα-

410 1124 701 1186 λύπτουσιν
746 1125 931 1188 αὐτόν.
982 1123 1226 1203 Ἱμάτιον
1279 1124 1337 1184 δέ
1386 1127 1526 1185 ἐστιν
1581 1130 1614 1198 ἡ
1659 1126 2013 1207 φιλαργυρία,

417 1212 629 1291 ἱμάτιον
656 1219 694 1288 ἡ
732 1213 1041 1291 κενοδοξία,
1092 1214 1302 1292 ἱμάτιον
1353 1218 1382 1273 6
1412 1214 1619 1296 φθόνος,
1654 1215 1747 1273 καὶ
1790 1214 2016 1275 ἕκαστον

422 1308 527 1364 riis
554 1305 732 1364 ἄλλων
778 1309 999 1381 παθῶν,
1035 1304 1070 1362 ἃ
1104 1309 1184 1384 τῷ
1217 1307 1268 1363 ἐν
1306 1304 1433 1381 ἡμῖν
1464 1303 1586 1383 θείῳ
1624 1304 1785 1385 Λόγῳ
1812 1303 2017 1363 ἐπικεί-

414 1416 554 1471 μενα
603 1392 921 1475 βαρύνουσιν
966 1392 1145 1453 αὐτόν.
1187 1396 1377 1454 Ταῦτα
1422 1393 1597 1451 τοίνυν
1644 1393 1723 1451 δεῖ
1759 1394 2013 1453 ἀποτίθε-

409 1486 537 1541 σθαι
566 1484 904 1562 ἐγειρομένου
932 1488 1026 1542 τοῦ
1058 1484 1270 1560 Λόγου,
1303 1479 1394 1540 ἵνα
1425 1482 1651 1563 ἐλαφρὸς
1676 1481 1749 1541 ὢν
1787 1481 2018 1554 δύνηται

411 1570 512 1642 τήν
560 1572 832 1649 ἡμετέραν
891 1572 979 1631 διὰ
1040 1573 1324 1650 μετανοίας
1390 1571 1649 1651 κάθαρσιν
1715 1574 2017 1651 ἐνεργῆσαι.

412 1659 693 1741 Ἐγερθεὶς
725 1661 828 1742 γὰρ
869 1664 898 1721 6
946 1660 1138 1738 Λόγος,
1193 1663 1286 1720 καὶ
1336 1669 1443 1719 πᾶν
1476 1660 1689 1741 φορτίον
1728 1659 1824 1719 καὶ¹
1868 1661 2022 1741 μέρι-

414 1773 558 1826 μναν
614 1749 869 1830 βιωτικὴν
932 1751 1298 1827 ἀποθέμενος,
1363 1749 1503 1831 νίψει
1558 1748 1675 1817 τοὺς
1730 1750 2020 1830 ἡμετέρους

2125 695 2319 736 omnes
2348 679 2441 751 qui
2483 679 2538 734 in
2579 679 2860 737 Christum
2898 680 3200 752 credimus,
3242 682 3487 740 Verbum
3525 685 3628 739 Dei
3676 694 3733 741 et

2126 768 2401 841 Evangelii
2441 768 2913 840 praedicationem.
2962 771 3172 827 Omnes
3200 772 3347 827 enim
3393 774 3735 844 suscepimus

2126 859 2412 916 Christum
2439 859 2495 914 in
2513 859 2771 916 cordibus
2799 860 3023 917 nostris.
3069 860 3179 917 Sed
3197 861 3464 918 debemus
3486 862 3543 918 in
3572 878 3733 919 omna

2126 948 2219 1005 illa
2249 947 2427 1005 divina
2455 949 2693 1005 excitare
2736 949 2981 1006 Verbum
3018 958 3082 1006 ut
3108 960 3322 1023 surgat,
3352 940 3409 1008 et
3451 950 3732 1024 deponere

2125 1038 2244 1111 ejus
2271 1046 2468 1108 vestes,
2502 1053 2627 1111 qua
2655 1038 2929 1111 obtegunt
2956 1039 3108 1097 illud.
3139 1040 3316 1097 Vestis
3348 1048 3433 1096 est
3452 1041 3729 1109 avaritia;

2125 1127 2315 1194 vestis,
2365 1143 2503 1183 vana
2545 1127 2746 1200 gloria;
2786 1129 2974 1197 vestis,
3002 1128 3225 1197 invidia,
3260 1139 3317 1185 et
3357 1131 3563 1202 quaevis
3599 1130 3728 1186 alia-

2125 1233 2255 1273 rum
2283 1215 2635 1272 afl'eclionnm
2683 1232 2809 1289 quae
2853 1227 3154 1290 aggravant
3196 1219 3437 1275 Verbum
3486 1219 3732 1275 divinum

2126 1305 2183 1360 in
2204 1306 2385 1361 nobis.
2419 1306 2512 1361 Illa
2542 1316 2759 1378 oportet
2782 1306 3082 1378 deponere,
3105 1317 3166 1363 ut
3181 1308 3445 1363 excitetur
3463 1309 3733 1376 Verbum,

2126 1404 2183 1451 et
2224 1403 2427 1468 surgat,
2477 1395 2907 1470 expeditumque
2952 1397 3043 1465 sit,
3102 1406 3164 1453 ut
3211 1399 3381 1468 possit
3419 1414 3515 1469 per
3558 1399 3736 1469 poeni-

2126 1484 2361 1540 tentiam
2381 1494 2632 1541 nostram
2653 1486 2869 1557 operari
2900 1487 3297 1558 purgationem.
3320 1487 3563 1543 Verbum
3591 1488 3737 1544 enim

2128 1590 2259 1631 cum
2290 1576 2613 1642 surrexerit,
2660 1583 2715 1631 et
2751 1591 2976 1631 omnem
3009 1577 3280 1632 sarcinam
3298 1576 3737 1633 sollicitudinem-

2128 1680 2234 1736 que
2299 1664 2660 1736 temporalem
2714 1664 3048 1737 deposuerit,
3113 1667 3316 1722 lavabit
3373 1667 3736 1739 cogitationes

2127 1762 2366 1819 nostras,
2414 1754 2508 1825 qui
2549 1753 2802 1825 discipuli
2838 1754 2957 1824 ejus
2986 1770 3180 1811 sumus
3222 1765 3281 1811 et
3321 1756 3505 1827 ipsum
3546 1757 3737 1828 sequi-

412 1839 707 1918 λογισμοὺς
774 1840 1018 1917 μαθητὰς
1095 1842 1258 1899 αὐτοῦ
1322 1838 1513 1913 ὄντας,
1588 1840 1679 1899 καὶ
1735 1840 2016 1916 ἑπομένους

2133 1859 2278 1898 mur.
2306 1842 2539 1898 Lavabit
2563 1851 2752 1899 autem
2783 1844 2972 1914 pedes,
3025 1843 3131 1899 hoc
3158 1852 3265 1912 est,
3293 1844 3606 1915 operativas
3630 1862 3732 1901 no-

419 1932 595 2008 αὖτῷο
647 1930 786 2011 νίψει
840 1929 895 1989 δὲ
934 1928 1055 1997 τοὺς
1097 1927 1297 2003 πόδας,
1341 1928 1600 2003 τουτέστι,
1652 1929 1747 1997 τὰς
1792 1951 2023 2008 πρακτι-

416 2018 517 2085 κᾶς
544 2021 701 2090 ἡμῶν
744 2018 975 2087 κινήσεις
1007 2017 1102 2077 καὶ
1144 2018 1213 2077 τὰ
1268 2017 1579 2095 διαδήματα
1621 2021 1797 2095 ἡμῶν.
1854 2020 1920 2078 Εἰ
1962 2017 2021 2076 δέ

415 2130 499 2171 τις
536 2108 706 2165 δεῖται
754 2107 935 2187 ἑτέρας
980 2107 1324 2186 καθάρσεως,
1380 2109 1472 2166 καὶ
1514 2112 1609 2180 τῆς
1662 2110 1714 2166 ἐν
1752 2111 1829 2188 τῷ
1877 2108 2021 2166 διδα-

419 2198 662 2276 σκαλικῷ
710 2195 805 2255 καὶ
856 2200 1165 2276 θεωρητικῷ
1214 2194 1611 2273 εὖδοκιμήσεως
1655 2197 1892 2277 ἐφίεται,
1933 2198 2021 2255 λε-

416 2283 560 2363 γέτω
604 2285 738 2364 πρὸς
795 2285 886 2344 τὸν
932 2286 1165 2365 Κύριον*
1224 2312 1248 2336 σι
1306 2285 1510 2366 Κύριε,
1562 2283 1636 2362 μὴ
1685 2284 1805 2352 τοὺς
1855 2287 2022 2354 πόδας

417 2372 603 2452 μόνον,
631 2373 772 2433 ἀλλὰ
799 2376 892 2435 καὶ
920 2373 1016 2441 τὰς
1059 2377 1245 2455 χεῖρας
1275 2374 1367 2433 καὶ
1396 2374 1493 2447 τὴν
1524 2372 1787 2455 κεφαλήν·
1817 2401 1841 2428 υ
1870 2398 2023 2434 τουτ-

414 2462 567 2536 έστι,
594 2461 696 2535 Μὴ
727 2463 887 2536 μόνον
922 2464 992 2523 τὰ
1021 2463 1337 2541 διαϐήματά
1384 2487 1485 2540 μου
1518 2465 1846 2543 καθαρίσῃς,
1883 2464 2019 2524 ἀλλὰ

414 2553 511 2611 καὶ
551 2555 647 2619 τὰς
693 2555 900 2632 χεῖρας,
945 2555 1017 2619 ὥς
1057 2552 1120 2611 ἂν
1151 2553 1242 2610 καὶ
1281 2550 1491 2628 ἑτέρους
1537 2562 1885 2633 χειραγωγεῖν
1929 2553 2020 2612 καὶ

412 2643 548 2722 πρὸς
599 2640 661 2699 τὸ
693 2641 857 2701 καλὸν
899 2640 1412 2721 προσλαμϐάνεσθαι
1455 2640 1728 2718 δύνωμαιο
1788 2643 1880 2701 καὶ
1924 2642 2020 2712 τὴν

412 2728 686 2812 κεφαλὴν,
717 2727 808 2788 ἵνα
851 2733 903 2790 ἐν
1058 2733 1367 2811 θεωρητικῷ
1417 2730 1508 2788 καὶ
1549 2733 1835 2807 θεολογικῷ
1872 2730 2020 2811 μέρει

412 2818 818 2896 κεκαθαρμένην
863 2817 1294 2899 καὶᾲᾶρύπαντον
1338 2817 1436 2891 τὴν
1473 2819 1601 2898 περὶ
1630 2819 1691 2877 τὸ
1720 2820 1879 2878 Θεῖον
1928 2820 2015 2878 δό-

413 2905 508 2975 ξαν
532 2907 667 2986 ἔχω.
715 2906 911 2975 Οὕτως
940 2897 1147 2968 οὖνήδιὰ
1169 2913 1262 2980 τῆς
1298 2897 1722 2987 ἐξομολογήσεως
1751 2908 2018 2985 δυνάμεθα

411 2996 688 3076 νίψασθαι,
717 3000 789 3065 ὡς
818 2995 882 3054 ἂν
916 2996 991 3073 μὴ
1022 2995 1250 3065 ἀναξίως
1279 2998 1641 3079 μετάσχοιμεν
1666 3002 1760 3056 τοῦ
1785 2996 2019 3076 δείπνου,

416 3112 447 3137 ι
486 3083 578 3144 καὶ
606 3086 797 3166 κρῖμα-ξ
815 3088 1019 3154 ἑαυτοῖς
1058 3088 1314 3166 φάγωμεν
1347 3085 1441 3145 καὶ
1470 3085 1704 3164 πίωμεν.
1742 3109 1771 3144 ε

505 3196 538 3231 α
564 3171 701 3233 Ὅτε
737 3164 827 3233 οὖν
862 3173 1008 3254 ἔνιψε
1055 3173 1178 3243 τοὺς
1224 3174 1391 3243 πόδας
1419 3178 1525 3235 τῶν
1574 3178 1832 3253 μαθητῶν
1853 3219 1870 3247 ,
1925 3175 2015 3235 καὶ

419 3261 583 3321 Haec
610 3261 673 3320 τὰ
701 3264 895 3341 ἱμάτια
942 3267 1102 3324 αὑτοῦ
1125 3308 1143 3337 ,
1176 3264 1458 3323 ἀναπεσὼν
1514 3266 1677 3325 πάλιν
1725 3256 1873 3324 εἶπεν
1924 3268 2015 3324 αὐ-

416 3352 558 3420 τοῖς·
604 3351 898 3413 Γινώσκετε
948 3353 1000 3411 τί
1028 3353 1299 3425 πεποίηκα
1352 3357 1508 3432 ὑμῖν,
1554 3354 1742 3430 Ὑμεῖς
1799 3354 2017 3434 φωνεῖτέ

411 3465 483 3519 με
536 3447 566 3502 6
606 3444 947 3524 διδάσκαλος,
997 3443 1091 3502 καὶ
1120 3446 1148 3501 6
1182 3442 1407 3524 Κύριοςο
1454 3444 1546 3503 καὶ
1586 3445 1761 3512 καλῶς
1806 3445 2016 3522 λέγετεο

412 3532 525 3609 εἷμί
560 3532 684 3609 γάρ.
713 3535 780 3592 Εἰ
803 3523 892 3589 οὖν
917 3530 1025 3610 ἐγὼ
1073 3531 1231 3612 ἔνιψα
1270 3523 1420 3610 ὗμῶν
1447 3532 1568 3600 τοὺς
1609 3534 1772 3600 πόδας
1794 3578 1810 3606 ,
1839 3538 1868 3593 6
1916 3531 2020 3593 Κύ-

412 3643 523 3703 ριος
554 3624 649 3679 καὶ
697 3623 727 3677 6
775 3622 1126 3693 διδάσκαλος,
1178 3621 1270 3680 καὶ¹
1306 3623 1456 3700 ὑμεῖς
1496 3622 1733 3704 ὀφείλετε
1765 3622 2015 3694 ἀλλήλων

405 3710 613 3770 νίπτειν
675 3708 797 3777 τοὺς
852 3711 1037 3778 πόδας.
1092 3710 1429 3790 Ὑπόδειγμα
1487 3711 1592 3792 γὰρ
1650 3711 1861 3786 ἔδωκα,
1929 3710 2016 3775 ἵνα

406 3798 586 3866 καθὼς
625 3798 737 3878 ἐγὼ
784 3799 1013 3873 ἐποίησα
1048 3804 1173 3877 ὑμῖν
1198 3846 1215 3873 ,
1254 3810 1346 3859 καὶ
1378 3803 1525 3875 ὑμεῖς
1564 3805 1773 3872 ποιῆτε.
1807 3800 2012 3879 Ἀμὴν,

410 3889 558 3965 ἀμὴν
595 3889 744 3967 λέγω
784 3894 905 3963 ὕμῐν
928 3934 943 3961 ,
975 3892 1075 3949 οὐκ
1125 3887 1238 3948 ἔστι
1275 3891 1456 3958 δοῦλος
1487 3889 1682 3972 μείζων
1713 3896 1806 3949 τοῦ
1835 3890 2016 3972 κυρίου

409 3979 590 4049 αὐτοῦ,
621 3978 740 4036 οὐδὲ
766 3979 1059 4045 ἀπόστολος
1083 3978 1273 4054 μείζων
1298 3985 1390 4037 τοῦ
1422 3981 1731 4061 πέμψαντος
1761 3979 1941 4042 αὐτόν.
1977 4004 2007 4039 n

409 4067 531 4127 Οὐκ
551 4067 631 4125 ἔτι
665 4067 798 4145 πρὸς
825 4068 912 4126 τὸν
938 4067 1145 4148 Πέτρον
1181 4067 1357 4146 μόνον,
1381 4068 1521 4127 ἀλλὰ
1549 4068 1642 4128 καὶ
1680 4068 1811 4149 πρὸς
1843 4068 2014 4129 ἅπαν-

410 4179 507 4223 τας
548 4156 890 4235 διαλέγεται,
921 4157 1014 4216 καὶ
1058 4155 1155 4228 τὴν
1208 4158 1383 4216 αἰτίαν
1433 4161 1528 4228 τῆς
1574 4157 1837 4231 τοσαύτης
1892 4161 2015 4240 περὶ

410 4249 604 4305 ἑαυτοῦ
648 4243 1133 4326 ταπεινοφροσύνης
1174 4246 1398 4319 τίθησιν.
1427 4245 1501 4307 Ἱὶ
1548 4246 1602 4306 δέ
1648 4249 1760 4306 ἐστι
1808 4247 1869 4306 τὸ
1908 4251 2012 4307 δεῖν

412 4334 657 4412 μιμητὰς
686 4333 879 4401 αὐτοὺς
924 4332 1113 4392 τούτου
1160 4334 1419 4414 γίνεσθαι.
1459 4334 1561 4406 Μή
1606 4360 1735 4396 ποτε
1786 4329 1875 4395 οὖν
1921 4337 2014 4396 καὶ

406 4426 538 4482 ὅταν
567 4423 721 4501 ἔλεγε
755 4427 830 4504 τῷ
864 4423 1072 4503 Πέτρῳ,
1094 4423 1174 4481 ὅτι
1204 4448 1233 4480 α
1272 4422 1461 4503 Γνώσῃ
1492 4423 1548 4482 δὲ
1579 4424 1718 4501 μετὰ
1746 4433 1951 4500 ταῦτα,
1977 4448 2006 4483 n

406 4514 534 4621 ξερὶ
568 4513 761 4571 τούτου
801 4518 890 4571 τοῦ
930 4517 1021 4570 ν’ὖν
1050 4519 1238 4595 καιροῦ
1268 4512 1477 4592 ἔλεγε,;
1531 4536 1560 4571 (ι
1593 4514 1772 4594 γνώσῃ
1807 4539 1836 4571 ν
1869 4515 2007 4594 γὰρ,

512 4604 561 4621 I‘
582 4603 595 4619 Ι
975 4603 989 4621 \
1122 4608 1151 4620 υ
1373 4601 1397 4621 ει
1505 4604 1526 4621 ς
1582 4603 1611 4621 ο
1629 4608 1641 4621 \
1756 4603 1769 4621 \
1826 4607 1844 4621 ρ
1911 4606 1924 4621 Ι
2002 4611 2007 4621 Α

409 4715 517 4770 μου
559 4690 656 4752 καὶ
688 4688 1006 4765 ἀναπεσὼν,
1052 4691 1280 4771 ἄρξομαι
1334 4691 1602 4751 διδάσκειν
1640 4695 1779 4769 ὑμᾶς
1820 4693 1913 4752 καὶ
1942 4694 2020 4752 λέ-

409 4803 555 4860 γειν·
593 4802 623 4837 α
667 4780 970 4842 Γινώσκετε
996 4780 1050 4839 τί
1080 4782 1350 4853 πεποίηκα
1380 4782 1537 4859 ὖμῖν;
1566 4804 1597 4841 n
1644 4813 1725 4827 —
1756 4804 1785 4837 α
1816 4785 1884 4843 Εἰ
1918 4782 2021 4863 γὰρ

412 4870 521 4948 ἐγὼ
568 4891 601 4927 n
650 4873 680 4929 6
736 4872 865 4950 παρ’
896 4872 1044 4948 ὑμῶν
1089 4870 1523 4949 μαρτυρούμενος
1578 4892 1608 4928 α
1638 4873 1665 4929 6
1698 4872 1891 4952 Κύριος
1929 4875 2020 4931 καὶ

408 4960 770 5033 διδάσκαλος,
818 4980 851 5017 ι)
903 4959 994 5017 καὶ
1041 4960 1100 5017 οὗ
1148 4961 1353 5040 ψευδῶς
1398 4960 1828 5040 μαρτυρούμενος
1881 4961 2020 5040 (εἰμὶ

406 5049 570 5128 γὰρ),
622 5050 744 5117 τοὺς
800 5048 969 5117 πόδας
1018 5053 1169 5124 ὑμῶν
1213 5047 1366 5130 ἔνιψα
1410 5047 1539 5129 (καὶ
1586 5052 1683 5108 οὐκ
1713 5041 1863 5123 εἷπε,
1915 5055 2018 5110 τῶν

407 5140 647 5210 δούλων,
679 5140 787 5196 τῶν
836 5138 1206 5218 ἀγραμμάτῳν
1240 5140 1332 5196 καὶ
1379 5140 1639 5217 ἀμαθῶν,
1691 5140 1814 5198 ἀλλ’
1846 5144 2018 5216 ἀφῆκε

403 5233 566 5287 τοῦτο
634 5227 1104 5306 συλλογίζεσθαι)·
1176 5229 1325 5304 ὑμεῖς
1379 5228 1797 5309 ἀναγκαιότατον
1865 5229 2021 5309 χρέος

414 5316 596 5396 ἔχετε,
650 5338 683 5376 n
734 5316 987 5387 ἀλλήλων
1017 5315 1220 5375 νίπτειν
1269 5316 1387 5384 τοὺς
1434 5320 1630 5386 πόδας·
1677 5338 1708 5375 n
1748 5318 2018 5391 τουτέστι,

405 5416 586 5466 πᾶσαν
617 5406 890 5466 διακονίαν
922 5404 1188 5479 ἀλλήλους
1365 5407 1655 5486 ἀλλήλοις]
1705 5409 2008 5487 ὑπουργεῖν,

402 5498 509 5559 Διὰ
547 5496 653 5578 γὰρ
685 5502 782 5556 τοῦ
810 5495 1015 5554 νίπτειν
1039 5541 1059 5572 ,
1097 5493 1227 5575 ὅπερ
1273 5496 1480 5576 ἐσχάτη
1528 5498 1792 5577 ὑπηρεσία
1839 5498 2017 5572 δοκεῖ,

397 5589 489 5650 καὶ
529 5588 627 5659 τὰς
674 5588 853 5655 ἄλλας
881 5587 1073 5667 πολλῷ
1105 5586 1308 5664 μᾶλλον
1339 5585 1433 5655 τὰς
1460 5586 1804 5667 ἐντιμοτέρας
1845 5589 2018 5649 τελεῖν

460 5790 503 5826 ³⁷
530 5794 555 5849 ι
584 5795 720 5851 Cor.
755 5790 976 5854 11,29.
1060 5806 1067 5815 ·

2132 1940 2272 1988 stras
2316 1932 2616 1999 motiones,
2663 1939 2719 1987 et
2744 1948 2966 2004 gressus
3005 1941 3243 1989 nostros.
3292 1934 3351 1988 Si
3393 1943 3581 1989 autem
3613 1934 3738 2005 quis

2146 2037 2286 2093 opus
2330 2020 2586 2077 habuerit
2609 2028 2664 2077 et
2683 2022 2788 2077 alia
2814 2021 3158 2093 purgatione,
3191 2029 3248 2077 et
3273 2020 3546 2077 desiderat
3564 2022 3736 2079 etiam

2131 2109 2383 2167 doctrina
2422 2119 2478 2166 et
2517 2110 2981 2183 contemplatione
3006 2111 3248 2182 probari,
3277 2110 3423 2167 dicat
3447 2111 3515 2168 ad
3544 2113 3738 2168 Domi-

2131 2216 2289 2270 num,
2327 2223 2352 2249 α
2387 2201 2652 2269 Domine,
2682 2216 2796 2256 non
2826 2200 3008 2256 solum
3040 2199 3206 2273 pedes
3235 2200 3511 2265 meos,sed
3533 2209 3587 2257 et
3616 2218 3737 2257 ma-

2132 2305 2238 2345 nus
2288 2297 2346 2346 et
2384 2298 2570 2361 caput,
2619 2308 2645 2342 ν
2685 2289 2794 2346 hoc
2820 2299 2923 2359 est,
2954 2291 3078 2346 Non
3104 2291 3284 2346 solum
3335 2306 3553 2363 gressus
3583 2306 3738 2348 meos

2131 2379 2413 2451 puriﬁces,
2435 2378 2530 2436 sed
2551 2387 2607 2434 et
2632 2395 2850 2447 manus,
2868 2387 2931 2434 ut
2953 2395 3083 2451 ergo
3104 2387 3161 2435 et
3178 2379 3315 2435 alios
3338 2378 3734 2450 manuducere,

2132 2478 2188 2525 et
2230 2468 2302 2525 ad
2335 2469 2543 2524 bonum
2573 2469 2738 2523 simul
2769 2484 3051 2523 assumere
3075 2469 3281 2523 valeam
3325 2488 3338 2523 :
3371 2477 3429 2524 et
3454 2479 3644 2540 caput,
3678 2478 3740 2525 ut

2130 2558 2190 2613 in
2236 2557 2666 2629 contemplativa
2713 2565 2863 2627 parte
2890 2556 3087 2614 divinae
3115 2556 3481 2629 cogitationis,
3521 2574 3724 2630 purga-

2130 2654 2250 2703 tam
2296 2654 2355 2702 et
2398 2646 2815 2702 immaculatum
2852 2644 2918 2702 de
2947 2645 3146 2702 divinis
3196 2646 3588 2718 cogitationem
3628 2646 3733 2703 ha-

2130 2737 2308 2794 beam.
2346 2739 2427 2791 Ita
2457 2736 2623 2807 igitur
2654 2751 2749 2807 per
2778 2733 3193 2791 confessionem
3220 2736 3386 2791 lavari
3409 2739 3734 2808 poterimus,

2127 2834 2192 2881 ut
2216 2842 2330 2881 non
2358 2823 2582 2897 indigne
2608 2825 3083 2880 communicemus
3108 2840 3284 2882 coenae
3316 2848 3342 2875 (ι
3374 2833 3430 2882 et
3459 2825 3730 2898 judicium

2128 2915 2287 2973 nobis
2314 2914 2723 2972 manducemus
2742 2922 2801 2971 et
2827 2914 3079 2972 bibamus
3106 2913 3172 2970 ³⁷.
3207 2937 3234 2964 ιι

2196 3183 2378 3238 Vnus.
2414 3183 2599 3236 12-16.
2638 3201 2664 3228 α
2695 3180 2998 3252 Postquam
3027 3194 3157 3251 ergo
3185 3177 3408 3234 lavisset
3437 3178 3605 3250 pedes
3645 3194 3738 3236 eo-

2126 3287 2274 3339 rum,
2305 3268 2648 3342 receptisque
2689 3268 2932 3325 vestibus
2966 3269 3083 3325 suis
3125 3268 3500 3337 accubuisset;
3530 3267 3735 3325 iterum

2128 3358 2271 3416 dixit
2301 3359 2382 3416 eis
2436 3377 2450 3415 :
2500 3358 2663 3415 Scitis
2702 3358 2837 3430 quid
2874 3355 3105 3413 fecerim
3148 3357 3338 3414 vobis?
3376 3359 3491 3412 Vos
3526 3358 3735 3413 vocatis

2130 3464 2220 3505 me
2249 3448 2585 3520 magistrum
2615 3464 2681 3504 ac
2712 3448 3042 3514 Dominum,
3074 3455 3131 3502 et
3162 3445 3301 3502 bene
3324 3446 3510 3503 dicitis
3543 3468 3554 3503 :
3608 3463 3735 3503 sum

2127 3538 2350 3594 etenim.
2384 3538 2440 3594 Si
2470 3553 2601 3611 ergo
2633 3552 2733 3609 ego
2765 3535 2872 3591 lavi
2915 3538 3082 3607 pedes
3111 3545 3343 3604 vestros,
3371 3536 3651 3592 Dominus
3681 3544 3739 3592 et

2127 3627 2393 3699 magister
2425 3644 2439 3682 :
2473 3643 2572 3682 vos
2607 3641 2828 3698 quoque
2859 3625 3073 3682 debetis
3110 3626 3350 3681 invicem
3379 3626 3472 3681 alii
3498 3626 3736 3683 aliorum

2126 3714 2310 3771 lavare
2347 3714 2531 3786 pedes.
2565 3714 2899 3783 Exemplum
2927 3714 3078 3768 enim
3109 3713 3339 3785 praebui,
3378 3722 3441 3769 ut
3463 3714 3735 3785 quemad-

2126 3803 2358 3860 modum
2384 3819 2487 3875 ego
2513 3800 2619 3858 feci
2663 3801 2841 3870 vobis,
2891 3802 2970 3856 ita
3003 3809 3059 3857 et
3107 3817 3202 3857 vos
3245 3800 3475 3856 faciatis.
3522 3803 3730 3871 Amen,

2124 3908 2285 3949 amen
2312 3892 2438 3949 dico
2470 3891 2649 3957 vobis,
2680 3906 2795 3946 non
2821 3898 2906 3946 est
2931 3905 3120 3945 servus
3148 3890 3326 3961 major
3345 3889 3570 3945 domino
3607 3906 3731 3952 suo,

2124 3998 2305 4054 neque
2342 3982 2553 4054 legatus
2591 3980 2772 4052 major
2813 3988 2897 4035 est
2942 3995 3009 4035 eo
3056 3979 3153 4051 qui
3194 3979 3391 4051 legavit
3442 3979 3646 4050 ipsum.
3703 4003 3726 4029 ιι

2127 4076 2249 4129 Non
2281 4072 2421 4127 ultra
2442 4071 2513 4127 ad
2543 4071 2769 4125 Petrum
2796 4068 2996 4134 solum,
3027 4068 3125 4124 sed
3153 4069 3224 4124 ad
3248 4084 3446 4124 omnes
3471 4068 3735 4141 loquitur,

2124 4177 2456 4232 causamque
2486 4168 2654 4216 tanta:
2683 4175 2811 4231 erga
2849 4158 2977 4214 illos
3019 4157 3343 4214 humilitatis
3390 4159 3564 4230 ponit,
3607 4174 3736 4231 qua:

2125 4260 2230 4317 est,
2264 4260 2327 4306 ut
2365 4250 2507 4306 illius
2533 4250 2732 4305 ﬁamus
2763 4248 3088 4304 imitatores.
3127 4250 3201 4303 Et
3224 4246 3355 4319 quid
3379 4248 3426 4303 si
3454 4246 3561 4304 hoc
3587 4248 3735 4320 quod

2123 4349 2284 4398 antea
2331 4339 2543 4395 dixerat
2593 4340 2780 4406 Petro,
2839 4360 2864 4386 α
2924 4336 3072 4395 Scies
3123 4346 3309 4393 autem
3358 4345 3568 4407 postea,
3609 4360 3635 4386 ιο
3669 4338 3737 4393 ad

2124 4429 2230 4487 hoc
2281 4438 2494 4500 tempus
2559 4427 2774 4484 dicatur
2846 4427 3156 4498 pertinere?
3219 4448 3245 4474 α
3301 4425 3450 4482 Scies
3488 4449 3514 4475 ιο
3590 4426 3737 4481 enim

2126 4544 2150 4568 ιι
2194 4527 2321 4592 post
2364 4517 2484 4574 haec
2504 4540 2530 4567 ι)
2571 4516 2731 4585 dixit,
2760 4517 2942 4584 Petre,
2972 4513 3194 4587 quando
3219 4515 3458 4585 receptis
3497 4514 3738 4571 vestibus

407 4599 454 4661 ἦ
512 4603 727 4682 Πέτρε,
786 4624 816 4661 α
867 4603 1003 4679 μετὰ
1053 4608 1260 4676 ταῦτα,
1294 4624 1326 4661 n
1365 4601 1455 4662 ὅτε
1505 4603 1688 4662 λαϐὼν
1718 4603 1784 4662 τὰ
1826 4605 2016 4681 ἱμάτιά

2127 4608 2456 4675 accubuero,
2482 4615 2539 4662 et
2580 4622 2797 4677 cmpero
2833 4604 3030 4661 docere
3066 4620 3164 4660 vos
3192 4619 3256 4659 ac
3283 4601 3489 4671 dicere,
3514 4626 3540 4651 α
3572 4603 3737 4660 Scitis

2131 4698 2260 4771 quid
2299 4697 2525 4753 fecerim
2554 4694 2744 4751 vobis?
2772 4718 2797 4743 ν
2838 4725 2911 4737 -
2948 4717 2975 4743 α
3004 4696 3142 4751 Nam
3174 4692 3219 4749 si
3245 4709 3348 4765 ego
3380 4716 3406 4741 ι»
3441 4708 3607 4764 quem
3641 4709 3738 4748 vos

2130 4787 2412 4845 testamini
2455 4810 2479 4836 α
2511 4784 2823 4840 Dominum
2861 4792 2918 4841 et
2945 4783 3290 4853 magistrum,
3325 4806 3352 4832 ι
3391 4791 3446 4840 et
3481 4784 3622 4839 bene
3654 4791 3736 4839 te-

2130 4876 2377 4944 stamini,
2450 4876 2593 4947 (sum
2663 4874 2853 4944 enim,)
2925 4873 3093 4946 pedes
3160 4882 3375 4930 vestros
3457 4873 3561 4929 lavi
3619 4878 3740 4940 (et

2129 4981 2246 5021 non
2288 4964 2428 5021 dixit
2463 4979 2751 5020 servorum
2788 4962 3146 5019 indoctorum
3196 4972 3250 5019 et
3295 4962 3733 5027 illitteratorum,

2129 5053 2225 5110 sed
2298 5052 2406 5108 hoc
2460 5051 2687 5108 illorum
2742 5051 2962 5123 reliquit
3039 5049 3506 5117 considerationi),
3583 5047 3736 5103 vobis

2128 5142 2369 5198 maxime
2420 5140 2794 5197 necessarium
2834 5148 2939 5208 est,
2988 5147 3054 5195 ut
3107 5163 3134 5189 οι
3176 5140 3314 5195 alter
3341 5138 3565 5192 alterius
3594 5136 3738 5192 lavet

2131 5232 2320 5304 pedes,
2375 5254 2399 5279 ι»
2442 5230 2548 5286 hoc
2595 5239 2701 5298 est,
2741 5229 2899 5286 omni
2938 5228 3244 5285 ministerio
3298 5225 3452 5282 vobis
3498 5225 3733 5282 invicem

2129 5322 2303 5393 690
2323 5321 2587 5377 serviatis.
2628 5321 2689 5375 Id
2728 5321 2878 5375 enim
2915 5319 3028 5374 vult
3059 5334 3154 5389 per
3182 5316 3471 5381 lotionem,
3501 5329 3625 5387 quae
3653 5324 3738 5372 est

2128 5410 2566 5467 ministeriorum
2600 5407 2809 5475 inﬁma,
2859 5415 2921 5462 ut
2961 5413 3016 5461 et
3061 5405 3165 5461 alia
3207 5404 3370 5475 longe
3418 5403 3735 5462 honestiora

2126 5516 2240 5556 non
2276 5498 2667 5556 detrectemus.
2704 5520 2731 5546 σι
2783 5494 3107 5566 Exemplum
3136 5492 3282 5548 enim
3308 5492 3437 5549 dedi
3467 5493 3643 5561 vobis,
3674 5502 3738 5550 ut

2127 5588 2598 5662 quemadmodum
2628 5599 2730 5657 ego
2777 5582 2882 5640 feci
2913 5582 3089 5653 vobis,
3122 5582 3198 5639 ita
3222 5591 3278 5639 et
3301 5598 3398 5640 vos
3423 5581 3632 5640 faciatis
3662 5600 3675 5636 :
3710 5606 3732 5631 ι
