4198 6448
514 471 616 525 155

1532 469 2049 526 THEOPHYLACTI
2087 468 2452 525 BULGARUE
2489 466 2811 522 ARCHIEP.

3721 465 3822 516 156

507 593 614 649 hoc
646 601 750 663 est,
812 609 941 651 cum
993 594 1299 651 alacritate.
1347 595 1608 665 Quamvis
1652 598 1802 668 quod
1858 611 1961 668 ego
2009 593 2110 651 feci

2228 595 2532 676 ὀφείλομεν.
2577 615 2606 652 (ι
2647 591 2985 670 Ὑπόδειγμα
3023 588 3129 668 γὰρ
3157 588 3333 647 ἔδωκα
3369 608 3398 645 ι)
3450 589 3611 662 ὑμῖν,
3659 610 3689 642 α
3734 586 3822 646 ἵνα

511 683 696 755 majus
721 682 811 750 sit,
843 692 1119 756 quatenus
1152 700 1256 757 ego
1300 685 1576 740 Dominus
1623 700 1908 740 servorum
1956 684 2119 757 pedes

510 771 659 830 lavi:
693 789 794 830 vos
836 782 1029 830 autem
1081 789 1471 830 conservorum
1506 774 1675 845 pedes
1717 775 1986 843 lavabitis,
2029 782 2117 830 at-

507 869 698 919 tamen
743 871 798 919 et
837 863 1093 920 doctores
1135 863 1386 920 videmus
1427 865 1606 935 pueris
1642 864 1852 921 litteras
1893 866 2116 937 elegan—

507 951 674 1007 tiores
721 952 1110 1024 praescribere,
1161 960 1224 1008 ut
1265 952 1333 1008 ad
1374 953 1741 1009 imitationem
1797 954 2043 1026 quamvis
2083 970 2114 1009 a

508 1039 671 1111 longe
699 1043 948 1097 veniant.
981 1041 1302 1098 Necessario
1331 1051 1516 1098 autem
1547 1043 1826 1115 apostolos
1850 1045 2115 1100 admouet

507 1129 577 1186 de
608 1129 713 1200 his,
741 1131 1010 1202 quoniam
1027 1131 1084 1187 in
1111 1131 1319 1188 honore
1339 1141 1499 1188 erant
1527 1131 1727 1202 futuri,
1759 1134 1848 1189 alii
1880 1134 2108 1206 maiore,

506 1219 596 1276 alii
627 1221 869 1291 minore,
898 1229 962 1278 ut
1001 1237 1074 1277 ne
1103 1222 1248 1278 inter
1294 1238 1353 1278 se
1397 1222 1732 1279 dissiderent
1761 1232 1818 1280 et
1861 1224 2112 1296 superbi-

505 1318 652 1377 rent,
701 1309 798 1367 sed
840 1318 905 1366 ut
948 1312 1200 1367 omnium
1231 1313 1476 1384 ipsorum
1521 1313 1749 1384 spiritus
1779 1315 2112 1386 comprime-

506 1407 698 1454 rentur
727 1407 783 1456 et
809 1398 1187 1472 dejicerentur.
1227 1424 1252 1449 ι
1299 1403 1426 1457 Non
1463 1410 1548 1456 est
1575 1403 1723 1457 enim
1763 1418 1951 1459 servus
1992 1419 2108 1460 ma-

500 1489 592 1560 jor
634 1487 890 1558 domino,
913 1505 1014 1546 suo
1047 1513 1074 1538 ιι
1125 1491 1367 1563 quandiu
1419 1507 1607 1547 servus
1657 1499 1791 1548 est:
1851 1515 1875 1542 α
1931 1509 2111 1566 neque

507 1580 789 1650 apostolus
837 1580 918 1634 vel
963 1579 1172 1653 legatus
1200 1596 1265 1636 eo
1294 1581 1386 1653 qui
1411 1582 1630 1654 legavit,
1675 1605 1702 1630 ι»
1734 1583 1982 1654 quandiu
2026 1593 2112 1640 est

507 1667 719 1739 legatus
746 1686 759 1722 :
792 1669 1014 1742 quando
1057 1679 1242 1728 autem
1271 1671 1451 1746 major
1477 1671 1564 1742 ﬁt,
1599 1688 1781 1746 neque
1816 1689 2006 1730 servus
2031 1681 2112 1730 est

506 1772 687 1831 neque
707 1757 941 1831 legatus.

578 2029 759 2084 Vrsas.
809 2033 996 2084 17-19.
1033 2045 1064 2081 ‹‹
1097 2027 1150 2085 Si
1175 2028 1296 2084 haec
1324 2028 1573 2094 novistis,
1607 2029 1752 2085 beati
1797 2032 1932 2088 estis
1959 2033 2007 2088 si
2034 2032 2112 2090 fe-

506 2117 694 2173 ceritis
728 2133 811 2172 ea.
850 2121 976 2173 Non
1005 2116 1076 2172 de
1118 2117 1380 2173 omnibus
1417 2119 1573 2174 vobis
1602 2120 1817 2192 loquor,
1868 2137 1969 2194 ego
1997 2124 2110 2180 scio

509 2221 651 2278 quos
692 2205 971 2278 elegerim,
1021 2207 1118 2263 sed
1154 2214 1219 2262 ut
1247 2207 1615 2280 adimpleatur
1643 2211 1921 2282 Scriptura
1967 2212 2112 2284 :Qui

507 2295 622 2350 edit
661 2311 882 2352 mecum
931 2312 1155 2368 panem,
1207 2298 1432 2354 sustulit
1473 2299 1768 2357 adversum
1811 2318 1903 2358 me
1934 2304 2111 2359 calca-

506 2401 676 2442 neum
705 2401 889 2441 suum.
937 2389 1095 2443 Nunc
1137 2387 1264 2443 dico
1291 2389 1468 2456 vobis,
1501 2389 1826 2463 priusquam
1866 2392 1963 2447 fiat
1994 2411 2008 2447 :
2052 2403 2113 2450 ut

508 2491 636 2530 cum
685 2474 893 2531 factum
920 2475 1103 2544 fuerit,
1133 2477 1370 2534 credatis
1397 2479 1545 2550 quod
1575 2495 1676 2552 ego
1719 2481 1846 2536 sim.
1876 2502 1904 2534 ν
1936 2485 2012 2539 Ut
2041 2499 2111 2540 ne

506 2565 711 2633 dicant,
743 2567 853 2621 Cur
881 2565 997 2621 haec
1023 2566 1164 2623 dicis
1193 2567 1354 2623 nobis
1395 2569 1552 2639 quasi
1597 2569 1952 2641 ignoremus?
1999 2574 2111 2628 sci-

508 2671 632 2712 mus
662 2657 832 2711 etiam
860 2656 959 2728 ipsi
987 2655 1318 2713 humilitatis
1357 2657 1605 2715 bonum:
1635 2669 1920 2733 propterea
1951 2662 2108 2732 dicit,

508 2769 533 2792 «
575 2745 629 2800 Si
658 2745 911 2813 novistis,
966 2769 988 2793 υ
1019 2762 1131 2802 non
1180 2745 1384 2802 sufficit
1429 2747 1536 2804 hoc
1571 2749 1726 2805 vobis
1765 2751 1971 2818 solum,
2015 2752 2112 2808 sed

506 2842 642 2889 tunc
693 2833 931 2905 perfecte
965 2858 990 2883 ι
1039 2835 1170 2890 estis
1221 2835 1390 2903 beati,
1421 2837 1465 2892 si
1523 2861 1547 2885 υ
1579 2845 1634 2893 et
1683 2861 1708 2886 α
1742 2837 2028 2895 feceritis:
2082 2864 2107 2890 ν

502 2923 630 2994 quia
678 2931 734 2978 et
777 2923 957 2978 Judzei
987 2924 1250 2980 mandata
1297 2925 1596 2990 sciverunt.
1630 2926 1729 2982 sed
1768 2944 1879 2983 non
1914 2929 2060 2984 beati
2093 2949 2106 2984 :

504 3012 804 3068 miserrimi
832 3022 1035 3081 autem,
1069 3022 1258 3085 utpote
1287 3014 1376 3085 qui
1411 3030 1524 3070 non
1552 3014 1782 3071 fecerint
1808 3033 1889 3073 ea.
1928 3037 1956 3069 ι(
1988 3021 2111 3075 Non

505 3101 573 3158 de
600 3101 860 3158 omnibus
887 3103 1040 3159 vobis
1083 3103 1209 3159 dico
1243 3120 1384 3176 :ego
1429 3104 1544 3160 scio
1574 3122 1715 3177 quos
1757 3106 2033 3179 elegerim.
2083 3132 2110 3157 ιι

504 3191 700 3263 Arguit
721 3200 776 3246 et
810 3207 925 3246 non
961 3193 1141 3263 arguit
1165 3193 1524 3262 proditorem,
1563 3193 1955 3252 adumbratam
1991 3213 2113 3253 ser-

505 3294 736 3336 monem
784 3279 1044 3336 referens.
1091 3281 1324 3338 Volebat
1351 3281 1498 3338 enim
1559 3298 1686 3338 eum
1717 3283 1786 3340 ad
1835 3286 2110 3356 pmniten-

2229 683 2401 750 καθὼς
2423 683 2525 763 ἐγὼ
2557 681 2782 755 ἐποίησα
2802 684 2946 758 ὑμῖν,
2982 704 3010 735 ι)
3037 678 3176 737 οὕτω
3210 699 3240 735 (ι
3263 676 3354 761 καὶ
3379 678 3528 752 ὑμεῖς
3546 679 3762 754 ποιῆτε,
3784 699 3809 733 ι)

2226 774 2506 844 τουτέστι,
2540 774 2674 850 μετὰ
2726 775 2819 842 τῆς
2870 772 3032 840 αὐτῆς
3073 769 3326 838 σπουδῆς.
3367 766 3433 824 Εἰ
3475 766 3580 845 γὰρ
3633 766 3722 825 καὶ
3762 766 3822 826 τὸ

2226 864 2352 938 ἐμὸν
2407 864 2602 941 μεῖζον,
2655 862 2786 920 καθὸ
2816 861 3090 932 Δεσπότης
3136 855 3208 915 ὢν
3247 857 3376 935 ἐγὼ,
3421 856 3621 916 δούλων
3652 855 3818 923 πόδας

2225 953 2417 1034 ἔνιψα,
2454 956 2602 1029 ὑμεῖς
2645 949 2699 1009 δὲ
2732 954 2839 1010 τῶν
2889 950 3194 1023 ὁμοδούλων
3227 948 3392 1012 πόδας
3437 945 3644 1026 νίψετε·
3680 945 3826 1022 ὅμως

2225 1045 2314 1102 καὶ
2351 1043 2468 1110 τοὺς
2517 1041 2862 1106 διδασκάλους
2914 1042 3122 1116 ὁρῶμεν
3168 1040 3277 1104 τοῖς
3318 1035 3474 1094 παισὶ
3521 1034 3823 1115 γράμματα

2225 1133 2361 1211 μετὰ
2384 1134 2580 1192 πολλοῦ
2613 1136 2702 1191 τοῦ
2733 1131 2960 1195 κάλλους
2990 1125 3398 1208 παραδιδόντας,
3423 1123 3516 1183 ἵνα
3552 1124 3654 1184 κᾶν
3694 1123 3825 1205 πρὸς

2223 1223 2283 1282 τὸ
2331 1220 2738 1301 καταδεέστερον
2777 1218 2968 1278 ἔλθωσι
3001 1222 3096 1290 τῆς
3144 1216 3446 1293 μιμήσεως.
3498 1213 3827 1292 Ἀναγκαίως

2223 1312 2279 1371 δὲ
2313 1321 2418 1378 τοῖς
2461 1311 2772 1375 ἀποστόλοις
2815 1313 2983 1366 ταῦτα
3027 1313 3298 1384 παραινεῖ.
3333 1303 3495 1365 Ἐπεὶ
3525 1302 3628 1383 γὰρ
3656 1303 3825 1380 ἔμελ-

2222 1409 2309 1462 λον
2352 1404 2509 1477 τιμῆς
2579 1398 3018 1473 ἀπολαύσασθαι,
3072 1397 3120 1454 οἱ
3184 1394 3282 1472 μὲν
3335 1395 3601 1471 μείζονος,
3659 1395 3707 1451 οἷ
3766 1391 3824 1450 δὲ

2222 1491 2520 1564 ἐλάττονος,
2557 1487 2646 1547 ἵνα
2690 1488 2764 1565 μὴ
2809 1487 3057 1558 ἀλλήλων
3104 1483 3576 1565 κατεπαίρωνται,
3607 1481 3824 1541 πάντων

2222 1584 2393 1641 αὐτῶν
2425 1579 2666 1656 καθαίρει
2704 1578 2782 1658 [
2822 1578 3098 1655 καθαιρεῖ]
3127 1575 3196 1635 τὰ
3238 1573 3577 1655 φρονήματα.
3632 1583 3670 1630 (ι’
3703 1573 3825 1631 Οὔκ

2221 1671 2332 1732 ἔστι
2377 1669 2479 1748 γὰρ
2531 1669 2710 1735 δοῦλος
2758 1665 2949 1744 μείζων
2993 1670 3084 1724 τοῦ
3145 1664 3326 1743 κυρίου
3369 1666 3569 1734 αὐτοῦ,
3621 1679 3652 1720 ι)
3689 1660 3738 1728 ἔς
3765 1664 3816 1718 τ’

2221 1759 2284 1818 ἂν
2378 1761 2576 1830 δοῦλος,
2625 1780 2653 1816 ιι
2680 1756 2795 1816 οὐδὲ
2841 1755 3130 1821 ἀπόστολος
3161 1754 3355 1830 μείζων
3386 1756 3476 1810 τοῦ
3506 1750 3819 1829 πέμψαντος

2220 1849 2402 1924 αὐτὸν,
2435 1869 2465 1905 n
2498 1847 2550 1914 ἔς
2590 1846 2636 1905 τ’
2685 1846 2750 1906 ἂν
2868 1845 3158 1910 ἀπόστολος
3183 1867 3198 1880 ·
3244 1843 3368 1900 ὅταν
3399 1840 3456 1899 δὲ
3493 1841 3684 1917 μείζων
3731 1838 3822 1919 γέ-

2137 1973 2186 2035 B
2217 1963 2395 2012 νηται,
2427 1937 2546 1997 τότε
2569 1935 2688 1996 οὔτε
2709 1934 2890 2001 δοῦλός
2920 1937 3086 2004 ἔστιν,
3109 1932 3229 1992 οὔτε
3265 1932 3575 1997 ἀπόστολος.

2310 2051 2339 2086 (ι
2386 2030 2448 2088 Εἰ
2468 2033 2638 2086 ταῦτα
2669 2027 2870 2099 οἴδατε,
2908 2021 3162 2102 μακάριοί
3195 2024 3339 2098 ἐστε,
3373 2023 3464 2080 ἐὰν
3496 2023 3688 2102 ποιῆτε
3718 2020 3813 2078 αὖ·

2220 2117 2307 2180 τά.
2359 2121 2440 2178 οὖ
2488 2118 2608 2197 περὶ
2657 2115 2872 2174 πάντων
2915 2101 3074 2189 ὑμῶν
3101 2111 3245 2188 λέγω
3267 2158 3282 2187 ,
3334 2110 3438 2190 ἐγὼ
3471 2101 3588 2170 οἶδα
3612 2109 3706 2176 οὓς
3737 2108 3821 2180 ἐξ-

2222 2206 2516 2284 ελεξάμην,
2569 2206 2686 2265 ἀλλ’
2721 2204 2874 2275 ἵναὴ
2920 2201 3108 2283 Γραφὴ
3163 2205 3451 2280 πληρωθῇ·
3488 2199 3558 2260 Ὁ
3604 2198 3822 2277 τρώγων

2223 2296 2336 2374 μετ’
2366 2300 2493 2372 ἐμοῦ
2524 2295 2612 2354 τὸν
2646 2294 2806 2372 ἄρτον
2825 2338 2841 2367 ,
2892 2296 3086 2369 ἐπῆρεν
3117 2294 3204 2350 ἐπ’
3239 2289 3334 2368 ἐμὲ
3365 2287 3599 2370 πτέρναν
3629 2291 3815 2347 αὑτοῦ.

2221 2386 2442 2466 Ἀπάρτι
2511 2383 2651 2462 λέγω
2719 2387 2842 2460 ὑμῖν
2895 2381 3000 2460 πρὸ
3063 2385 3156 2440 τοῦ
3205 2379 3482 2466 γενέσθαι·
3535 2376 3624 2436 ἵνα
3691 2379 3821 2437 ὅταν

2218 2477 2455 2554 γένηται,
2483 2472 2826 2545 πιστεύσητε,
2851 2470 2934 2530 ὅτι
2963 2468 3068 2549 ἐγώ
3094 2471 3222 2544 εἶμι.
3258 2491 3288 2527 ι)
3325 2465 3448 2528 Ἵνα
3479 2467 3554 2546 μὴ
3577 2466 3824 2542 εἴπωσιν,

2219 2565 2300 2624 ὅτι
2336 2565 2408 2625 Τί
2440 2569 2610 2622 ταῦτα
2652 2562 2822 2642 λέγεις
2869 2567 3000 2638 ἡμῖν
3032 2562 3103 2627 ὥς
3135 2557 3198 2630 δὴ
3243 2561 3562 2638 ἀγνοοῦσιν;
3597 2558 3822 2635 οἴδαμεν

2221 2655 2311 2714 καὶ
2354 2652 2500 2712 αὐτοὶ
2548 2653 2730 2722 τὸτῆς
2755 2649 3126 2715 ταπεινώσεως
3156 2648 3338 2720 καλὸν,
3384 2647 3471 2706 διὰ
3513 2647 3668 2705 τοῦτό
3716 2670 3826 2728 φη-

2222 2767 2341 2803 σιν’
2395 2765 2422 2801 ε
2477 2743 2543 2800 Εἰ
2581 2742 2792 2814 οἴδατε,
2840 2762 2869 2798 ι)
2911 2741 3004 2800 οὔκ
3048 2741 3201 2818 ἀρκεῖ
3247 2745 3400 2798 τοῦτο
3449 2736 3635 2814 μόνον,
3682 2735 3825 2796 ἀλλὰ

2218 2833 2336 2893 τότε
2369 2831 2530 2898 ὄντως
2577 2854 2605 2888 ιι
2634 2829 2751 2891 ἐστὲ
2785 2829 3042 2910 μακάριοι
3064 2873 3079 2898 ,
3113 2827 3204 2886 ἐὰν
3228 2849 3257 2884 ι)
3315 2827 3408 2885 καὶ
3449 2829 3690 2896 «ποιῆτε
3725 2827 3826 2884 αὖ·

2221 2925 2308 2984 τά.
2345 2944 2374 2979 )›
2412 2921 2569 2981 Ἐπεὶ
2601 2922 2694 2978 καὶ
2747 2922 2996 2981 Ἰουδαῖοι
3027 2917 3122 2987 τὰς
3173 2916 3388 2984 ἐντολὰς
3415 2915 3619 2996 ᾔδεσαν
3645 2961 3662 2988 ,
3702 2915 3826 2973 ἀλλ’

2221 3015 2278 3071 οὗ
2318 3012 2597 3094 μακάριοι,
2644 3009 2965 3070 ἀθλιώτατοι
2995 3007 3074 3081 δὲ,
3117 3011 3188 3074 ὡς
3219 3015 3294 3084 μή
3327 3013 3595 3094 ποιοῦντες
3627 3005 3816 3072 αὐτάς.

2229 3124 2261 3161 α
2305 3087 2384 3162 Οὐ
2427 3087 2548 3178 περὶ
2590 3100 2804 3158 πάντων
2835 3101 2983 3176 ὑμῶν
3030 3096 3186 3175 λέγω,
3239 3097 3344 3176 ἐγὼ
3375 3087 3491 3154 οἶδα
3535 3095 3621 3161 οὓς
3649 3095 3827 3162 ἐξελε-

2223 3190 2414 3266 ξάμην.
2462 3212 2490 3248 ι)
2545 3187 2820 3269 Ἐλέιαει,
2867 3186 2959 3246 καὶ
3008 3187 3101 3244 οὐκ
3150 3185 3356 3264 ἐλέγχει
3399 3185 3486 3244 τὸν
3519 3183 3823 3263 προδότην,

2223 3280 2682 3357 συνεσκιασμένως
2746 3277 3023 3358 προφέρων
3113 3277 3200 3334 τὸν
3262 3275 3441 3353 λόγον.
3524 3274 3824 3335 Ἠϐούλετο

507 3369 645 3424 tiam
691 3368 956 3424 reducere
1007 3391 1021 3426 :
1062 3379 1118 3426 et
1157 3371 1281 3426 ideo
1315 3371 1520 3427 relictis
1559 3373 1824 3428 omnibus
1862 3374 1984 3430 aliis
2013 3376 2110 3431 be-

2223 3371 2324 3450 γὰρ
2395 3371 2552 3428 αὐτὸν
2623 3370 2694 3435 εἷς
2756 3365 3041 3445 μετάνοιαν
3117 3369 3372 3444 ἀγαγεῖνο
3435 3363 3514 3423 διὸ
3573 3363 3668 3423 καὶ
3719 3363 3825 3421 πά-

507 3458 720 3514 neﬁciis
749 3474 874 3530 qua:
906 3459 965 3513 in
1003 3460 1157 3515 illum
1199 3461 1586 3529 collocaverat,
1622 3463 1802 3533 posuit
1831 3463 1933 3520 hoc
1961 3465 2109 3537 quod

509 3547 750 3602 maxime
793 3548 1044 3602 omnium
1084 3547 1322 3605 faciebat
1361 3548 1431 3605 ad
1472 3549 1922 3608 confundendum
1951 3569 2107 3612 eum.

509 3659 534 3684 «ι
577 3637 684 3708 Qui
711 3637 822 3693 edit
866 3653 1059 3710 panem
1089 3655 1333 3707 mecum,
1371 3663 1396 3688 ι
1452 3639 1557 3696 hoc
1595 3650 1698 3709 est,
1743 3643 1835 3714 qui
1867 3644 2110 3714 pascitur

506 3743 535 3782 a
574 3743 683 3794 me,
731 3727 822 3799 qui
869 3743 991 3785 mea
1041 3746 1229 3785 mensa
1273 3728 1500 3799 fruitur,
1545 3731 1696 3803 quod
1742 3740 1798 3788 et
1853 3733 2108 3790 inimicos

503 3817 756 3889 placaret.
791 3821 858 3874 Et
887 3835 999 3874 non
1027 3819 1182 3887 dixit,
1218 3821 1322 3876 Hic
1351 3821 1520 3877 tradit
1549 3839 1637 3878 me
1671 3841 1685 3879 :
1725 3823 1840 3891 sed,
1877 3847 1902 3872 α
1932 3825 2108 3880 Leva—

505 3907 582 3962 vit
602 3907 890 3963 adversum
922 3925 1010 3964 me
1037 3910 1378 3978 calcaneum,
1413 3934 1438 3960 »
1471 3911 1579 3967 hoc
1602 3920 1708 3980 est,
1729 3912 1920 3968 dolum
1937 3921 1992 3968 et
2019 3913 2111 3969 de-

506 3997 816 4068 ceptionem
845 4007 1033 4052 contra
1062 4015 1149 4053 me
1169 4001 1482 4070 composuit
1509 4020 1521 4054 :
1559 4017 1591 4056 a
1615 4001 1946 4056 luctantibus
1966 4018 2114 4057 sum-

508 4093 598 4156 pta
625 4085 967 4156 metaphora,
1006 4087 1095 4156 qui
1144 4089 1558 4157 supplantantes
1583 4089 1928 4144 adversarios
1957 4107 2108 4160 suos,

508 4173 641 4228 dum
671 4173 891 4228 illorum
934 4173 1252 4229 calcaneum
1279 4176 1513 4242 calcant,
1541 4176 1822 4248 dejiciunt.
1851 4180 1969 4234 Hoc
2009 4196 2107 4235 au-

507 4269 621 4317 tem
642 4261 845 4317 dicens.
880 4286 904 4310 ιι
929 4265 1054 4316 Non
1087 4262 1156 4318 de
1182 4263 1434 4319 omnibus
1456 4266 1609 4320 vobis
1629 4267 1753 4322 dico
1783 4286 1832 4321 τι)
1871 4285 1940 4322 ne
1962 4270 2108 4325 mul-

506 4351 580 4407 tis
608 4359 875 4406 terrorem
924 4352 1180 4421 incutiat,
1228 4362 1449 4426 separat
1497 4355 1654 4411 illum
1694 4357 2010 4426 manifeste,
2057 4368 2111 4416 et

508 4440 750 4496 ostendit
795 4458 966 4496 unum
1011 4457 1130 4498 esse
1192 4442 1298 4498 hoc
1341 4453 1535 4499 contra
1599 4461 1658 4501 se
1708 4446 2105 4517 meditantem;

507 4529 630 4586 ideo
667 4530 824 4599 dicit,
860 4555 884 4579 α
913 4531 1016 4602 Qui
1054 4531 1170 4587 edit
1195 4548 1390 4603 panem
1420 4549 1658 4590 mecum.
1695 4559 1720 4584 ιο
1753 4537 1985 4593 Bicente
2007 4555 2109 4593 au-

511 4627 627 4675 tem
673 4621 941 4687 Domino,
979 4623 1141 4692 «Ego
1183 4622 1294 4676 scio
1346 4639 1485 4694 quos
1526 4625 1785 4696 elegerim
1847 4644 1860 4681 :
1913 4650 1936 4674 υ
1979 4629 2111 4699 quid

2222 3484 2318 3528 σας
2371 3459 2464 3526 τὰς
2526 3459 2695 3526 ἄλλας
2753 3455 3053 3536 εὐεργεσίας
3101 3457 3285 3537 ἀφεὶς,
3343 3454 3405 3522 ἃς
3461 3453 3592 3534 πρὸς
3651 3453 3817 3512 αὐτὸν

2219 3549 2567 3621 ἐπεδείξατο,
2644 3548 2704 3606 τὸ
2784 3548 3022 3625 μάλιστα
3083 3547 3298 3605 πάντων
3379 3544 3561 3603 ἱκανὸν
3639 3541 3826 3623 ἐντρέ-

2219 3642 2314 3722 ψαι
2376 3639 2572 3713 αὐτὸν,
2634 3643 2785 3695 τοῦτο
2840 3634 3102 3694 τέθεικεν
3177 3657 3206 3694 (ι
3260 3633 3330 3696 c0
3400 3632 3589 3692 ἐσθίων
3659 3631 3820 3710 ἄρτον

2221 3720 2343 3806 μου,
2391 3752 2420 3788 ι)
2459 3733 2485 3788 6
2517 3731 2647 3806 παρ’
2680 3729 2810 3803 ἐμοῦ
2849 3725 3205 3806 τρεφόμενος,
3245 3728 3272 3782 6
3319 3727 3433 3800 μετ’
3463 3725 3591 3799 ἐμοῦ
3623 3720 3828 3802 τραπέ-

2219 3822 2308 3890 ζης
2368 3815 2692 3890 ἀπολαύων,
2754 3815 2782 3874 δ
2828 3814 2921 3874 καὶ
2982 3813 3101 3882 τοὺς
3149 3813 3365 3894 ἐχθροὺς
3419 3811 3818 3871 καταδυσωπεῖ.

2220 3909 2330 3969 Καὶ
2387 3910 2483 3966 οὐκ
2524 3899 2713 3978 εἶπεν,
2760 3903 2842 3962 ὅτι
2896 3895 3066 3971 Οὗτος
3121 3903 3458 3983 παραδίδωσί
3505 3927 3606 3977 με,
3672 3901 3817 3972 ἀλλ’,

2229 4021 2258 4054 (ι
2293 3987 2460 4074 ¹Ἦρεν
2492 3995 2574 4054 ἐπ’
2605 3993 2700 4071 ἐμὲ
2753 3993 3072 4073 πτερνισμόν
3093 4017 3106 4030 ο
3140 4017 3166 4050 ι)
3208 3993 3492 4068 τουτέστι,
3527 3992 3694 4050 Δόλον
3725 3988 3820 4046 καὶ

2223 4087 2433 4157 ἀπάτην
2492 4084 2610 4142 κατ’
2658 4086 2789 4160 ἐμοῦ
2847 4082 3168 4155 συνέθηκενο
3231 4085 3292 4141 ἐκ
3359 4090 3665 4161 μεταφορᾶς
3711 4083 3820 4138 τῶν

2217 4174 2551 4234 παλαιόντων
2576 4218 2591 4246 ,
2623 4172 2674 4231 οἳ
2705 4172 3135 4242 ὕποσκελίζοντες
3162 4171 3280 4239 τοὺς
3318 4171 3773 4236 ἀντιπαλαίοντας
3802 4214 3821 4243 ,

2220 4266 2306 4325 διὰ
2336 4271 2426 4324 τοῦ
2457 4264 2550 4330 τὰς
2577 4263 2804 4342 πτέρνας
2836 4266 3008 4320 αὐτῶν
3055 4266 3247 4321 πατεῖν
3275 4308 3291 4338 ,
3347 4259 3807 4322 καταϐάλλουσιν,

2225 4352 2407 4416 Εἰπὼν
2439 4353 2493 4412 δὲ
2523 4352 2600 4427 τὸ,
2639 4375 2666 4410 (ι
2695 4356 2776 4412 Οὐ
2808 4353 2927 4432 περὶ
2957 4352 3170 4411 πάντων
3213 4355 3360 4428 ὑμῶν
3384 4349 3545 4428 λέγω,
3570 4372 3598 4406 ι)
3633 4347 3719 4406 ἵνα
3744 4346 3821 4425 μὴ

2219 4448 2292 4511 εἷς
2317 4441 2543 4510 πολλοὺς
2592 4441 2890 4521 περιστήσῃ
2935 4442 2993 4500 τὸ
3023 4440 3156 4518 δέος,
3193 4443 3474 4520 ἀποσχίζει
3522 4438 3678 4498 αὐτὸν
3703 4461 3818 4520 φα-

2219 4537 2401 4613 νερῶς,
2435 4533 2525 4591 καὶ
2574 4531 2820 4606 δεικνύει,
2855 4531 2935 4588 ὅτι
2985 4521 3056 4597 εἷς
3104 4533 3246 4589 ἐστιν
3299 4534 3327 4588 6
3378 4529 3496 4587 κατ’
3527 4531 3691 4586 αὐτοῦ
3726 4551 3820 4602 με·

2219 4625 2386 4683 λετῶν
2407 4645 2421 4660 ’
2453 4622 2531 4680 διὸ
2569 4622 2714 4699 λέγει
2737 4643 2751 4658 ο
2797 4643 2826 4678 (ι
2860 4619 2929 4681 ¹Ο
2966 4619 3151 4678 ἐσθίων
3198 4619 3353 4700 ἄρτον
3387 4643 3510 4696 μου.
3544 4642 3570 4677 ι)
3615 4616 3814 4676 Εἰπόν-

505 4707 755 4763 dicemus
771 4708 836 4764 de
856 4708 1036 4766 Juda?
1057 4712 1255 4766 Nonne
1279 4711 1433 4767 illum
1459 4712 1652 4784 elegit?
1681 4714 1855 4786 Elegit
1883 4716 2106 4787 quidem

2221 4735 2303 4779 τος
2335 4711 2388 4770 δὲ
2420 4716 2514 4769 τοῦ
2545 4713 2749 4784 Ἰησοῦ,
2807 4732 2836 4766 ι(
2862 4709 3011 4787 Ἐγὼ
3054 4699 3170 4793 οἶδα
3205 4699 3293 4776 οὓς
3319 4707 3661 4785 ἐξελεξάμην,
3693 4727 3722 4764 »
3764 4705 3818 4764 τί

505 4813 632 4852 eum
660 4813 788 4853 cum
822 4799 998 4854 bonus
1045 4809 1210 4868 esset,
1241 4801 1385 4856 sicut
1413 4811 1468 4857 et
1496 4803 1618 4857 Saul
1655 4803 1699 4836 ³⁸
1731 4824 1743 4860 :
1797 4805 1892 4861 sed
1919 4815 2102 4862 muta-

507 4896 595 4943 tus
617 4895 716 4954 est,
749 4888 862 4958 ipse
892 4888 1048 4943 liberi
1098 4890 1364 4946 exsisteus
1397 4891 1632 4948 arbitrii.
1681 4895 1959 4950 Permittit
2009 4913 2106 4952 au-

506 4987 621 5034 tem
668 4977 967 5050 unicuique
1011 4978 1313 5035 secundum
1368 4982 1516 5054 quod
1567 4983 1681 5038 vult
1718 4986 1960 5056 Operari;
1991 5002 2106 5041 non

504 5068 653 5124 enim
700 5065 880 5123 aufert
935 5067 1167 5123 liberum
1216 5071 1522 5127 arbitrium.
1577 5074 1854 5130 Mutatum
1919 5084 2104 5131 autem

472 5172 476 5174 '
505 5158 710 5214 Judam
740 5158 963 5230 repulit,
995 5159 1160 5229 691
1197 5162 1451 5231 quamvis
1487 5161 1637 5232 prius
1678 5165 1949 5236 elegisset.
1992 5166 2106 5221 Cae-

503 5254 686 5303 terum
725 5247 861 5303 dum
925 5248 1076 5315 dicit,
1131 5271 1156 5297 α
1190 5258 1251 5304 ut
1291 5251 1572 5321 Scriptura
1617 5253 1946 5324 impleatur:
1981 5278 2005 5303 ιι
2036 5253 2109 5310 ita

502 5335 742 5408 intellige
784 5339 930 5393 sicut
972 5338 1175 5394 similia
1202 5340 1304 5394 alia
1339 5339 1407 5395 de
1445 5342 1647 5412 quibus
1674 5358 1819 5414 saepe
1849 5343 2107 5399 diximus.

504 5427 693 5495 Neque
738 5429 886 5483 enim
923 5438 1148 5500 propter
1188 5428 1294 5484 hoc
1332 5440 1559 5487 coactus
1611 5430 1716 5486 fuit
1771 5433 1943 5488 Judas
1992 5449 2113 5504 pro-

503 5512 656 5580 dere,
705 5521 766 5567 ut
815 5527 1112 5586 appareant
1160 5519 1272 5575 veri
1342 5536 1628 5577 sermones
1695 5523 2014 5594 Scripturaa,
2056 5521 2112 5578 id

503 5602 651 5672 quod
703 5605 854 5658 omni
915 5605 1257 5679 blasphemia
1303 5610 1561 5682 plenum;
1613 5609 1712 5667 sed
1765 5615 1826 5667 ut
1872 5612 2114 5667 sciamus

577 5752 622 5786 ³⁸
652 5757 672 5810 ι
705 5758 837 5828 Reg.
869 5772 956 5824 1x,
981 5763 1029 5812 2.

2217 4800 2453 4880 φήσομεν
2494 4799 2741 4877 περὶτοῦ
2790 4798 3008 4872 Ἰούδα;
3058 4788 3320 4878 τ’Ᾱρόὐχὶ
3371 4797 3461 4856 καὶ
3510 4796 3672 4855 αὐτὸν
3721 4795 3814 4864 ἐξ-

2217 4878 2463 4965 ελέξατο;
2496 4887 2808 4956 Ἐξελέξατο
2841 4888 2936 4966 μέν
2967 4878 3058 4947 οὖν
3091 4888 3254 4945 καλὸν
3287 4886 3415 4946 ὄντα
3435 4935 3450 4959 ,
3498 4889 3569 4954 ὡς
3600 4884 3692 4944 καὶ
3721 4883 3814 4942 τὸν

2217 4979 2428 5038 Σαούλ·
2465 4977 2604 5038 ἀλλὰ
2633 4976 2955 5055 ζμετεϐλήθη
2977 5001 2991 5014 ο
3045 4977 3370 5046 αὖτεξούσιος
3413 4975 3516 5056 γάρ
3538 4999 3552 5012 ο
3599 4997 3822 5053 συγχω-

2221 5077 2296 5148 ρεῖ
2349 5067 2402 5126 δὲ
2455 5067 2702 5148 ἑκάστῳ,
2755 5067 2891 5124 καθὰ
2945 5066 3208 5146 βούλεται,
3283 5065 3553 5146 πράττειν’
3603 5065 3662 5123 οὐ
3712 5063 3819 5145 γὰρ

2219 5161 2425 5236 ἀναιρεῖ
2451 5157 2510 5215 τὸ
2543 5156 2900 5225 αὐτεξούσιον.
2941 5155 3361 5228 Μεταϐληθέντα
3394 5155 3448 5213 δὲ
3489 5154 3580 5213 τὸν
3611 5151 3823 5213 Ἰούδαν

2222 5247 2478 5306 ἀπώσατο
2504 5289 2520 5317 ,
2568 5249 2613 5304 εἶ
2664 5246 2754 5305 καὶ
2804 5246 2926 5327 πρὶν
2977 5244 3266 5312 ἐξελέξατο.
3314 5244 3394 5304 Τὸ
3427 5243 3520 5316 δὲ,
3559 5265 3589 5301 (ι
3629 5239 3751 5302 Ἵνα
3782 5246 3818 5312 ἡ

2222 5340 2264 5397 Γ
2270 5336 2408 5418 ραφὴ
2454 5337 2744 5418 πληρωθῇ,
2807 5357 2834 5392 (ι
2881 5335 3018 5394 οὕτω
3050 5334 3172 5409 νόει,
3205 5337 3276 5403 ὡς
3320 5334 3409 5392 καὶ
3453 5332 3522 5392 τὰ
3573 5333 3710 5390 ἀλλα
3755 5330 3826 5390 τὰ

2220 5417 2378 5503 ὅμοια
2404 5473 2420 5502 ,
2451 5425 2572 5506 περὶ
2603 5417 2676 5485 ὧν
2709 5425 2966 5492 πολλάκις
2995 5424 3242 5500 εἴπομεν.
3277 5426 3359 5484 Οὐ
3394 5423 3497 5503 γὰρ
3550 5421 3637 5481 διὰ
3667 5426 3828 5481 τοῦτο

2226 5515 2531 5594 ἠναγκάσθη
2605 5520 2632 5574 6
2679 5515 2885 5582 Ἰούδας
2949 5515 3276 5594 προδοῦναι,
3333 5516 3420 5572 διὰ
3478 5512 3538 5571 τὸ
3593 5514 3825 5594 φανῆναι

2224 5606 2435 5678 ἀληθεῖς
2486 5603 2606 5672 τοὺς
2636 5603 2820 5682 λόγους
2868 5608 2962 5675 τῆς
3011 5605 3229 5685 Γραφῆς
3259 5603 3460 5684 (τοῦτο
3491 5601 3595 5682 γὰρ
3643 5600 3822 5672 πάσης
