4198 6460
389 465 490 518 157

1202 457 1595 516 ENARRATIO
1635 459 1702 514 IN
1740 456 2172 514 EVANGELIUM
2210 456 2510 515 JOANNIS.
2547 487 2621 502 —
2661 460 2812 516 CAP.
2850 462 2984 518 Xlll.

3636 467 3735 523 158

397 587 764 670 βλασφημίας
820 585 1194 665 ἀνάμεστον),
1227 586 1348 646 ἀλλ’
1381 583 1470 644 ἵνα
1519 587 1729 661 γνῶμεν
1752 630 1767 657 ,
1797 582 1878 642 ὅτι
1907 583 2026 661 περὶ

2145 583 2293 656 quod
2317 583 2386 641 de
2416 583 2524 641 hoc
2561 584 2761 642 dixerit
2791 587 3074 659 Scriptura
3117 602 3284 660 quem
3313 589 3566 647 videmus
3592 607 3738 648 nunc

397 669 588 738 τούτου
621 669 778 737 εἶπεν
829 683 865 751 ἡ
900 681 942 740 Γ
948 676 1093 759 ραιρὴ
1114 722 1131 752 ,
1166 675 1222 735 ὃν
1270 678 1478 754 ὁρῶμεν
1507 681 1594 734 νῦν
1625 673 1685 734 τὸ
1728 675 1879 752 ἔργον
1935 697 2020 730 τεο

401 769 662 830 λέσαντα.
697 770 906 828 Ταῦτα
956 766 1012 827 δὲ
1046 764 1254 838 πάντα,
1303 766 1453 846 φησὶ,
1502 762 1747 844 προλέγω
1777 761 1899 844 περὶ
1933 767 2024 822 τοῦ

410 857 690 940 προδότου,
727 881 759 916 ιι
787 856 881 915 ἵνα
922 857 1049 916 ὅταν
1102 855 1352 934 γένηται,
1405 852 1761 928 πιστεύσητε,
1807 851 1887 913 ὅτι
1919 853 2026 932 ἐγώ

416 952 523 1026 εἰμι
543 973 557 986 ·
595 970 628 1007 ι
663 947 969 1024 τουτέστιν,
1003 944 1088 1004 ὅτι
1119 943 1382 1017 ἀληθεύω.

499 1061 532 1094 ι
579 1038 782 1116 Ἀμὴν,
818 1035 965 1114 ἀμὴν
995 1034 1138 1115 λέγω
1167 1038 1327 1111 ὑμῖν,
1359 1037 1388 1093 ὃ
1415 1031 1739 1110 λαμϐάνων,
1778 1031 1871 1092 ἐάν
1903 1055 2027 1091 τινα

423 1129 661 1209 πέμψω,
701 1126 800 1203 ἐμὲ
845 1125 1143 1204 λαμϐάνει·
1175 1127 1203 1182 ὁ
1233 1123 1288 1184 δὲ
1338 1121 1434 1202 ἐμὲ
1463 1121 1758 1198 λαμϐάνων
1805 1121 2026 1200 λαμϐά-

428 1244 501 1278 νει
546 1219 630 1276 τὸν
682 1215 978 1299 πέμψαντά
1023 1239 1114 1292 με.
1163 1237 1191 1273 )›
1253 1212 1397 1274 Ποία
1444 1211 1728 1271 ἀκολουθία
1783 1213 1914 1291 πρὸς
1959 1210 2027 1270 τὰ

425 1309 717 1389 ἔμπροσθεν
765 1306 968 1372 τούτοις
1029 1313 1140 1371 τοῖς
1212 1308 1301 1362 νῦν
1377 1300 1709 1380 λεγομένοις
1772 1304 1868 1362 Ἐν
1921 1300 2029 1383 ὅσῳ

418 1399 523 1478 γὰρ
565 1396 813 1475 περὶτοῦ
842 1392 1103 1474 προδότου
1138 1392 1302 1472 ἔλεγε,
1357 1391 1545 1470 ἐπάγει
1568 1413 1582 1428 ·
1644 1412 1673 1448 ιι
1705 1390 1774 1451 Ὁ
1807 1390 2029 1469 λαμϐά-

413 1511 548 1561 νων,
586 1486 676 1547 ἐάν
707 1510 824 1544 τινα
855 1483 1084 1563 πέμψω,
1111 1481 1204 1558 ἐμὲ
1232 1480 1524 1563 λαμϐάνει.
1569 1502 1598 1538 ››
1636 1479 1888 1559 Μεγίστη
1930 1481 2028 1557 μὲν

414 1569 509 1636 οὖν
541 1576 855 1634 ἀκολουθία.
893 1562 1122 1646 Ἐπειδὴ
1171 1571 1277 1652 γὰρ
1311 1562 1426 1630 εἷπε
1469 1571 1593 1652 περὶ
1624 1576 1715 1628 τοῦ
1763 1571 2028 1651 προδοθή-

419 1671 632 1738 σεσθαι,
689 1665 780 1724 καὶ
843 1668 933 1722 τοῦ
994 1665 1206 1740 μέλλειν
1255 1661 1641 1741 ἐγκαταλιπεῖν
1687 1660 1877 1728 αὐτοὺς
1925 1661 2031 1720 διε-

415 1756 624 1837 λέχθη,
657 1753 883 1830 ἔμελλον
915 1752 970 1811 δὲ
1002 1752 1211 1831 ἐξιέναιξ
1232 1749 1438 1829 λοιπὸν,
1471 1750 1565 1809 καὶ
1607 1753 1987 1831 σκορπίζεσθαι
2007 1796 2024 1824 ,

421 1847 516 1905 καὶ
547 1845 726 1905 πολλὰ
756 1844 986 1924 πάσχειν
1017 1840 1192 1901 δεινάο
1240 1840 1355 1900 δυσὶ
1383 1839 1596 1919 τρόποις
1627 1839 1812 1907 αὐτοὺς
1851 1863 2029 1920 παρα-

2133 689 2276 746 opus
2304 674 2610 731 admisisse.
2643 677 2783 733 Haec
2814 685 3000 733 autem
3035 678 3246 747 omnia,
3268 679 3466 751 inquit,
3491 679 3736 751 praedico

2132 762 2201 820 de
2229 764 2535 835 proditore,
2572 790 2594 815 α
2628 775 2692 822 ut
2711 782 2840 822 cum
2869 765 3076 824 factum
3104 766 3288 836 fuerit,
3332 767 3568 826 credatis
3585 769 3736 842 quod

2134 869 2234 926 ego
2250 853 2375 924 sim,
2413 878 2439 904 υ
2468 854 2574 912 hoc
2594 863 2696 922 est,
2723 855 2877 929 quod
2901 873 3028 913 vera
3054 856 3255 914 dicam.

2206 1018 2391 1073 Vens.
2426 1021 2514 1072 20.
2548 1040 2575 1065 «ι
2603 1019 2804 1084 Amen,
2837 1032 3001 1074 amen
3027 1016 3149 1074 dico
3186 1016 3377 1074 vobis:
3410 1018 3517 1089 Qui
3543 1019 3740 1093 recipit

2135 1122 2518 1180 quemcunque
2545 1122 2647 1179 ego
2675 1107 2898 1177 misero,
2931 1123 3017 1163 me
3046 1107 3240 1180 recipit
3266 1128 3279 1164 :
3311 1108 3404 1181 qui
3430 1117 3620 1167 autem
3643 1125 3737 1167 me

2135 1196 2343 1268 recipit,
2383 1197 2574 1269 recipit
2627 1213 2761 1254 eum
2803 1199 2896 1270 qui
2935 1197 3090 1254 misit
3132 1213 3247 1255 me.
3299 1221 3324 1247 ι»
3357 1201 3494 1270 Quae
3539 1215 3735 1256 conse-

2134 1287 2360 1359 quentia
2403 1287 2652 1358 priorum
2697 1287 2768 1344 ad
2805 1303 2868 1344 ea
2917 1303 3040 1360 qua
3077 1303 3231 1344 nunc
3282 1287 3572 1346 dicuntur?
3613 1305 3737 1362 quae

2135 1376 2320 1434 subdit
2369 1378 2616 1434 sermoni
2664 1376 2731 1434 de
2770 1377 3068 1450 proditore,
3105 1397 3135 1431 ιι
3165 1377 3276 1448 Qui
3311 1379 3501 1451 recipit
3544 1395 3736 1452 quem-

2135 1483 2351 1539 cunque
2379 1483 2479 1540 ego
2508 1467 2734 1534 misero,
2757 1482 2851 1524 me
2873 1467 3086 1540 recipit.
3113 1491 3138 1517 υ
3166 1469 3328 1524 Certe
3347 1469 3590 1526 maxima
3609 1485 3738 1527 con—

2135 1557 2435 1628 sequentia.
2478 1557 2618 1626 Quia
2648 1557 2802 1613 enim
2842 1557 3054 1614 dictum
3095 1565 3213 1614 erat
3235 1557 3386 1630 quod
3420 1558 3737 1630 prodendus

2137 1655 2192 1704 et
2219 1646 2577 1703 derelicturus
2619 1654 2764 1703 esset
2808 1661 2924 1714 eos,
2977 1655 3032 1703 et
3065 1647 3186 1719 jam
3233 1649 3501 1719 egressuri
3555 1656 3738 1706 essent

2134 1735 2502 1809 dispergendi,
2535 1743 2590 1791 et
2609 1735 2771 1790 variis
2791 1735 2948 1791 malis
2977 1735 3282 1807 affligendi,
3306 1735 3527 1794 duobus
3553 1738 3736 1797 modis

2134 1826 2346 1882 solatur
2368 1841 2464 1882 eos
2497 1841 2510 1877 :
2557 1834 2611 1881 et
2657 1841 2687 1880 a
2725 1841 2802 1888 se,
2849 1823 3147 1881 ostendens
3194 1825 3272 1880 eis
3310 1841 3436 1894 quae
3463 1827 3580 1900 ipse
3605 1843 3732 1900 pas-

424 1935 700 2013 μυθεῖται·
771 1913 996 2010 ἑνίμὲν
1042 1934 1119 2012 τῷ
1167 1933 1294 2011 παρ’
1341 1913 1552 1990 ἑαυτοῦ.
1609 1928 1882 1998 ⁶Υπέδειξε
1931 1913 2026 2008 γὰρ

2141 1932 2302 1972 surus
2325 1916 2398 1972 sit
2421 1923 2476 1971 et
2496 1929 2622 1988 quae
2652 1914 2921 1987 proditori
2947 1913 3158 1983 fecerit,
3180 1914 3307 1972 lotis
3336 1916 3453 1987 ejus
3482 1917 3733 1988 pedibus,

425 2025 610 2091 αὐτοῖς
654 2025 688 2083 ἅ
739 2047 796 2083 τε
851 2020 1010 2088 αὐτὸς
1055 2024 1241 2080 παθεῖν
1298 2020 1504 2097 μέλλει,
1557 2018 1648 2078 καὶ
1681 2019 1716 2078 ἃ
1763 2019 1892 2100 πρὸς
1937 2018 2027 2077 τὸν

422 2113 688 2194 προδότην
719 2111 936 2184 ἐποίησε
956 2157 972 2183 ,
1008 2109 1162 2190 νίψας
1194 2111 1352 2168 αὐτοῦ
1395 2108 1515 2175 τοὺς
1548 2109 1713 2176 πόδας
1736 2154 1752 2182 ,
1798 2107 1890 2167 καὶ
1919 2132 2028 2167 κοι-

424 2203 590 2262 νωνὸν
615 2201 882 2282 τραπέζης
917 2199 1185 2276 ἑλόμενος.
1217 2201 1281 2259 Εἰ
1317 2197 1420 2280 γὰρ
1453 2204 1622 2257 ταῦτα
1657 2199 2026 2282 ἐνθυμηθεῖεν,

422 2277 874 2359 πάντως-οἴσουσι
905 2289 1084 2349 πάντα
1115 2289 1181 2348 τὰ
1227 2277 1370 2347 δεινὰ
1395 2277 1618 2368 ῥᾳδίως.
1671 2279 1766 2356 Εἷς
1807 2286 1902 2364 μὲν
1935 2277 2025 2346 οὖν

421 2372 572 2448 οὗτος
612 2380 839 2461 τρόπος,
873 2379 941 2438 δι’
985 2370 1058 2438 ὧν
1088 2402 1146 2437 τε
1187 2377 1406 2461 ἐποίησε
1429 2423 1448 2454 ,
1484 2380 1574 2437 τὸν
1624 2377 1812 2458 ἐχθρὸν
1864 2381 2025 2436 αὑτοῦ

423 2470 551 2550 ἄχρι
601 2457 784 2538 τέλους
823 2467 1190 2550 θεραπεύσας,
1249 2469 1316 2525 δι’
1361 2457 1433 2525 ὧν
1481 2490 1539 2527 τε
1590 2457 1779 2542 ἔμελλε
1835 2471 2024 2527 παθεῖν

420 2560 904 2640 παραμυθουμνου
943 2555 1135 2624 αὐτοὺς
1157 2561 1250 2616 τοῦ
1282 2555 1506 2636 Κυρίου.
1541 2553 1772 2635 Ἕτερος
1816 2554 1870 2614 δὲ
1901 2557 2026 2636 τρό-

420 2673 519 2716 πος
569 2653 629 2709 ἐκ
661 2655 752 2708 τοῦ
797 2649 890 2715 τὰς
940 2648 1156 2706 πάντων
1213 2647 1386 2714 αὐτοῖς
1436 2644 1606 2712 οἰκίας
1650 2645 1883 2717 ἀνοῖξαι,
1933 2644 2026 2704 καὶ

420 2741 844 2815 ἐπαγγείλασθαι
896 2741 1071 2803 αὐτοῖς
1094 2783 1112 2809 ,
1145 2735 1226 2794 ὅτι
1268 2735 1467 2803 πάντες
1517 2734 1705 2802 αὐτοὺς
1744 2733 2026 2803 ὑποδέξον-

420 2854 528 2903 ται,
552 2831 602 2889 oi
634 2834 728 2887 τοῦ
765 2828 923 2906 λόγου
955 2828 1129 2887 αὐτῶν
1161 2825 1504 2892 ἀκούσαντες.
1594 2824 1765 2906 Ὁρᾷς
1798 2827 2025 2885 ἀκολου-

422 2920 539 2978 θίαν
571 2927 678 2986 τοῖς
706 2924 800 2977 νῦν
821 2917 1125 2997 λεγομένοις
1151 2915 1282 2997 πρὸς
1311 2916 1378 2973 τὰ
1417 2916 1522 2994 πρὸ
1570 2916 1779 2988 αὖτῶνς
1814 2913 2026 2993 Ἐμελ-

420 3011 512 3066 λεν
543 3009 730 3074 αὖτοὺς
754 3009 1160 3088 ἐγκαταλιπεῖν,
1195 3006 1418 3082 ἔμελλον
1448 3004 1608 3084 μυρία
1654 3006 1839 3064 παθεῖν
1883 3006 2026 3066 κακὰ

427 3098 519 3156 καὶ
575 3097 750 3156 δεινά·
809 3095 1231 3178 παρεμυθήσατο
1286 3095 1474 3162 αὐτοὺς
1526 3095 1604 3174 τῷ
1655 3097 1776 3152 καθ’
1838 3095 2024 3153 ἑαυτὸν

2139 2006 2207 2062 ad
2227 2021 2590 2063 communem
2623 2020 2876 2060 mensam
2897 2003 3144 2060 admisso
3178 2021 3192 2059 :
3222 2020 3358 2061 nam
3382 2005 3428 2062 si
3452 2005 3571 2063 haec
3589 2008 3736 2080 cogi-

2137 2095 2386 2164 taverint,
2427 2095 2652 2152 omnino
2690 2095 2872 2168 gravia
2902 2094 3091 2150 omnia
3137 2094 3294 2150 facile
3330 2093 3526 2151 ferent.
3565 2097 3738 2168 Igitur

2137 2185 2225 2242 hic
2253 2201 2398 2242 unus
2431 2184 2651 2258 quidem
2676 2183 2992 2241 consolandi
3028 2183 3251 2252 modus,
3283 2199 3382 2256 per
3421 2201 3485 2243 ea
3514 2201 3640 2259 qua:
3664 2184 3737 2243 fe-

2134 2284 2286 2334 cerat
2309 2275 2528 2332 inimico
2568 2291 2669 2332 suo
2699 2291 2872 2347 usque
2903 2273 2974 2330 ad
3015 2273 3206 2343 ﬁnem,
3238 2283 3295 2332 et
3326 2291 3451 2348 quae
3477 2292 3739 2348 passurus

2136 2374 2272 2423 erat.
2309 2366 2465 2422 Alter
2483 2373 2673 2422 autem
2703 2365 2901 2420 modus
2923 2379 2997 2420 ex
3023 2379 3090 2421 eo
3118 2365 3267 2436 quod
3305 2365 3580 2436 promittit
3612 2381 3737 2423 om-

2132 2457 2290 2513 nium
2315 2455 2516 2513 domos
2535 2455 2646 2511 illis
2676 2453 2889 2510 futuras
2919 2462 3156 2525 apertas,
3178 2462 3234 2509 et
3263 2454 3636 2526 suscipiendos
3665 2456 3736 2513 ab

2135 2546 2390 2604 omnibus
2440 2545 2533 2617 qui
2581 2559 2894 2600 sermonem
2949 2558 3143 2599 eorum
3189 2543 3515 2600 audiverint.
3574 2544 3738 2602 Vides

2135 2652 2287 2692 nunc
2310 2634 2591 2707 quomodo
2613 2632 2730 2690 haec
2756 2631 3022 2704 superiori
3047 2631 3397 2691 cohaereant?
3421 2632 3740 2691 Belicturus

2137 2733 2256 2782 erat
2277 2725 2417 2792 illos,
2460 2724 2749 2778 innumera
2779 2721 2922 2777 mala
2955 2721 3166 2793 passuri
3195 2729 3352 2777 erant
3377 2743 3390 2778 :
3421 2722 3738 2779 consolatus

2135 2824 2217 2872 est
2253 2831 2346 2872 cos
2389 2830 2489 2870 suo
2532 2813 2806 2885 exemplo,
2835 2809 3158 2884 prodendus
3200 2827 3230 2866 a
3259 2810 3548 2884 discipulo,
3579 2812 3738 2885 cujus

2135 2907 2340 2962 laverat
2378 2903 2563 2976 pedes.
2604 2902 2829 2959 Solatur
2872 2902 3039 2957 etiam
3085 2901 3441 2972 praedicendo
3489 2902 3567 2958 eis
3590 2901 3739 2974 quod

2136 3005 2192 3053 et
2221 2995 2324 3068 ipsi
2345 2994 2517 3050 multa
2545 2993 2684 3048 mala
2717 2991 2954 3064 passuri,
2977 2990 3074 3047 sed
3101 3007 3293 3046 omnes
3312 2991 3435 3046 illos
3459 2992 3737 3064 excepturi

2135 3093 2318 3143 essent
2357 3104 2370 3140 :
2412 3092 2468 3140 et
2505 3082 2652 3150 dicit,
2690 3104 2714 3131 α
2748 3081 2852 3150 Qui
2885 3081 3082 3151 recipit
3113 3096 3229 3149 vos,
3260 3096 3350 3136 me
3377 3081 3589 3152 recipit,
3624 3105 3649 3130 ι)
3683 3088 3739 3138 et

427 3187 810 3266 ὑποδείγματι,
882 3183 1305 3266 προδοθήσεσθαι
1363 3184 1459 3262 μὲν
1501 3183 1710 3262 μέλλων
1769 3182 1873 3242 ὑπὸ
1929 3189 2024 3243 τοῦ

2135 3184 2358 3249 propter
2386 3189 2474 3228 me
2514 3177 2692 3228 Deum
2723 3179 2776 3226 et
2816 3173 3052 3226 Patrem.
3084 3169 3319 3226 Attende
3344 3170 3738 3228 consolationis

434 3285 712 3354 μαθητοῦ,
751 3275 955 3336 νίπτων
990 3274 1047 3334 δὲ
1093 3279 1278 3334 τοῦτον
1301 3318 1318 3347 ,
1363 3275 1549 3338 αὐτοὺς
1595 3279 2022 3351 παραμυθεῖται,

427 3365 520 3424 καὶ
550 3369 624 3446 τῷ
659 3366 930 3445 προειπεῖν
959 3367 1166 3438 αὐτοῖς,
1212 3363 1293 3422 ὅτι
1323 3365 1368 3421 εἰ
1398 3361 1492 3422 καὶ
1537 3362 1712 3421 πολλὰ
1752 3361 2028 3423 πείσονται

422 3455 590 3530 δεινὰ,
613 3455 750 3514 ἀλλὰ
776 3455 971 3522 πάντες
992 3453 1181 3521 αὐτοὺς
1200 3451 1564 3520 ὑποδέξονται.
1658 3471 1688 3509 (ι
1714 3449 1783 3512 Ὁ
1807 3451 2028 3530 λαμϐά-

2135 3280 2328 3340 genus.
2372 3263 2520 3320 Sicut
2568 3266 2745 3318 Deum
2782 3260 2982 3333 ipsum,
3017 3260 3219 3332 inquit,
3250 3260 3302 3315 in
3333 3259 3542 3316 honore
3572 3260 3736 3316 habe-

2137 3358 2276 3414 bunt
2305 3370 2400 3411 vos
2439 3353 2717 3421 homines,
2762 3359 2925 3424 atque
2954 3351 3028 3408 ita
3057 3358 3281 3423 propter
3319 3358 3737 3422 persecutorum

2137 3447 2378 3504 malitias
2403 3460 2472 3500 ne
2502 3441 2798 3500 mmreatis.

419 3519 588 3605 venit;
625 3545 757 3626 γὰρ’,
802 3519 999 3628 φησὶν,
1057 3566 1087 3602 ιι
1117 3519 1285 3620 ὑμᾶς,
1315 3541 1411 3620 ἐμὲ
1460 3540 1762 3620 λαμϐάνει,
1791 3565 1820 3601 u
1869 3519 1962 3602 καὶ
1993 3543 2059 3602 δι’
2104 3544 2268 3620 ἐμοῦ,
2314 3536 2400 3595 τὸν
2446 3534 2584 3594 Θεὸν
2627 3533 2718 3628 xui
2751 3531 2997 3612 Πατέρα.
3037 3528 3241 3628 Σκόπει
3282 3530 3628 3612 παραμυθίας
3657 3519 3736 3590 εἶ-

419 3638 533 3702 δος.
745 3620 844 3696 τὸν
874 3635 1014 3695 Θεὸν
1056 3633 1239 3707 αὐτὸν,
1276 3632 1434 3714 φησὶ,
1479 3629 1790 3709 τιμήσουσιν
1843 3635 1981 3710 ὑμᾶς
2032 3636 2080 3694 οἱ
2131 3632 2424 3710 ἄνθρωποι·
2457 3623 2596 3685 ὥστε
2647 3621 2724 3699 μὴ
2770 3623 3022 3700 ἀθυμεῖτε
3068 3620 3155 3680 διὰ
3199 3620 3292 3689 τὰς
3342 3624 3448 3680 τῶν
3497 3621 3737 3680 διωκτῶν

418 3749 636 3792 κακιας.

511 3839 545 3875 α
578 3817 766 3876 Ταῦτα
799 3811 961 3874 εἰπὼν
982 3817 1012 3873 ὃ
1039 3811 1245 3885 Ἰησοῦς
1265 3861 1279 3885 ,
1314 3810 1586 3892 ἐταράχθη
1617 3813 1694 3892 τῷ
1721 3811 2023 3893 πνεύματι,

419 3907 511 3965 καὶ
557 3903 924 3985 ἐμαρτύρησε,
956 3904 1046 3963 καὶ
1069 3893 1213 3962 εἶπεν
1233 3927 1246 3940 ·
1282 3899 1450 3979 Ἀμὴν
1471 3947 1488 3974 ,
1519 3900 1664 3979 ἀμὴν
1694 3902 1834 3985 λέγω
1866 3905 2022 3979 ὑμῖν,

419 3997 503 4055 ὅτι
532 3981 607 4062 εἷς
635 3981 688 4064 ἐξ
712 3981 862 4072 ὑμῶν
888 3991 1197 4073 παραδώσει
1223 4015 1314 4069 με.
1399 3991 1679 4052 Ἐϐλεπον
1704 3981 1793 4050 οἷν
1825 3995 1898 4059 εἷς
1929 3995 2024 4052 ἄλο

420 4085 619 4156 λήλους
645 4086 696 4144 οἱ
727 4082 1004 4162 μαθηταὶ,
1058 4081 1415 4162 ἀπορούμενοι
1460 4081 1582 4160 περὶ
1625 4079 1762 4148 τίνος
1790 4081 1955 4160 λέγει.
1993 4103 2024 4139 n

423 4176 719 4247 Ἐννοήσας
765 4177 794 4232 ὑ
834 4172 1066 4252 Κύριος,
1117 4171 1197 4229 ὅτι
1241 4174 1270 4230 ὃ
1315 4169 1575 4253 προδότης
1604 4169 1869 4251 ἑκατέρων
1915 4173 2022 4230 ἀπ-

423 4266 729 4345 εστέρηται,
779 4261 871 4322 καὶ
918 4265 1011 4333 τῆς
1036 4262 1092 4320 ἐν
1135 4268 1241 4328 τοῖς
1281 4259 1458 4328 πόνοις
1487 4263 1784 4336 ὑπομονῆς,
1814 4259 1906 4319 καὶ
1934 4264 2028 4332 τῆς

424 4358 486 4414 ἐκ
550 4357 657 4412 τῶν
716 4351 1132 4432 ὑποδεχομένων
1188 4349 1504 4430 θεραπείας,
1561 4347 1886 4429 ταράττεται
1950 4353 2028 4431 τῷ

423 4443 714 4521 πνεύματι,
730 4441 989 4514 τουτέστι,
1011 4439 1153 4519 λύπῃ
1179 4441 1434 4518 βάλλεται
1455 4437 1552 4510 τὴν
1572 4437 1772 4519 ψυχήν.
1869 4461 1897 4497 ιι
1919 4439 2025 4499 Καὶ

424 4533 767 4614 ἐμαρτύρησε
792 4574 810 4603 ,
860 4553 889 4589 n
939 4530 1132 4611 φησὶν,
1168 4529 1286 4589 ἀντὶ
1314 4533 1438 4603 τοῦ,
1470 4531 1728 4607 προεῖπε,
1762 4551 2030 4609 προεμαρ-

2205 3819 2387 3874 Vens.
2423 3817 2514 3882 21,
2543 3816 2630 3866 22.
2665 3831 2690 3858 «
2715 3809 2858 3865 Cum
2877 3807 2998 3864 haec
3024 3806 3251 3864 dixisset
3274 3808 3455 3875 Jesus,
3485 3807 3739 3863 turbatus

2136 3915 2219 3964 est
2246 3905 2460 3978 spiritu,
2493 3911 2547 3958 et
2586 3906 2819 3956 testatus
2847 3905 2953 3965 est,
2991 3896 3240 3969 dixitque
3285 3915 3300 3952 :
3336 3901 3538 3964 Amen,
3571 3911 3735 3952 amen

2136 3997 2261 4055 dico
2291 3994 2469 4061 vobis,
2505 3989 2656 4065 quod
2697 4004 2840 4045 unus
2867 4003 2933 4044 ex
2963 3987 3121 4043 vobis
3159 3986 3479 4060 proditurus
3515 3995 3600 4042 est
3623 4001 3734 4044 me.

2137 4085 2493 4159 Aspiciebant
2512 4097 2643 4154 ergo
2677 4078 2983 4135 seinvicem
3005 4077 3275 4148 discipuli,
3305 4076 3630 4133 haesitantes
3669 4076 3738 4134 de

2138 4193 2249 4250 quo
2265 4176 2493 4232 diceret.
2527 4196 2552 4221 ››
2575 4169 2834 4242 Cogitans
2854 4169 3123 4224 Dominus
3148 4167 3487 4239 proditorem
3506 4175 3739 4239 utroque

2142 4265 2498 4338 privandum,
2542 4269 2598 4317 et
2623 4257 2886 4332 patientia
2931 4257 2989 4312 in
3043 4257 3350 4327 laboribus,
3385 4264 3443 4312 et
3470 4257 3742 4329 excipien-

2137 4356 2277 4411 tium
2309 4349 2644 4417 ministerio,
2683 4347 2941 4404 turbatur
2985 4346 3202 4418 spiritu,
3235 4345 3342 4402 hoc
3389 4354 3490 4413 est,
3519 4346 3741 4402 tristitia

2136 4441 2500 4514 afficitureius
2511 4439 2717 4496 anima.
2743 4460 2768 4486 α
2792 4439 2862 4492 Et
2877 4443 3104 4491 testatus
3120 4443 3222 4501 est,
3252 4458 3275 4482 ιι
3299 4434 3495 4504 inquit,
3512 4433 3618 4489 hoc
3634 4443 3739 4500 est,

2138 4532 2413 4606 praedixit,
2439 4536 2736 4585 attestatus
2758 4535 2866 4595 est,
2893 4523 3214 4580 affirmavit.
3243 4545 3268 4571 α
3295 4523 3470 4594 Igitur
3492 4521 3739 4592 discipuli

422 4612 650 4702 τύρατο,
679 4619 1013 4702 ἀπεφήνατο.
1062 4642 1090 4677 ιι
1129 4621 1202 4679 Οἱ
1233 4617 1407 4679 τοίνυν
1438 4616 1678 4696 μαθηταὶ
1718 4617 2026 4706 ,ἀπορούμε-

2137 4622 2476 4688 haesitantes,
2506 4617 2845 4690 aspiciebant
2871 4630 2931 4670 se
2960 4613 3194 4669 invicem
3229 4630 3242 4668 :
3275 4636 3300 4664 ι)
3331 4627 3459 4667 nam
3491 4612 3741 4684 quamvis

422 4735 532 4786 νοι,
559 4710 788 4771 ἔϐλεπον
820 4714 892 4778 εἷς
918 4707 1196 4780 ἀλλήλους.
1227 4730 1257 4766 n
1353 4709 1422 4768 Εἰ
1447 4707 1550 4788 γὰρ
1573 4705 1663 4766 καὶ
1694 4705 1915 4772 ἕκαστος
1938 4707 2028 4765 αὖ·

424 4805 530 4859 τῶν
583 4799 925 4879 καθαρότητα
965 4798 1179 4879 συνῄδει
1233 4799 1438 4878 ἑαυτῷ,
1481 4799 1574 4856 καὶ
1617 4797 1762 4856 οὐδὲν
1797 4797 2024 4876 πονηρὸν

426 4895 542 4957 ταῖς
580 4894 786 4950 ἑαυτῶν
834 4888 1088 4956 διανοίαις
1136 4887 1556 4967 συνεγίνωσκον,
1609 4885 1754 4964 ὅμως
1800 4886 1889 4946 τὸν
1931 4892 2025 4946 τοῦ

429 4980 631 5060 Κυρίου
677 4979 833 5059 λόγον
895 4977 1317 5057 ἀξιοπιστότερον
1380 4981 1607 5054 ἡγοῦντο
1664 4979 1769 5034 τῶν
1820 4974 2026 5035 οἰκείων

423 5071 691 5130 διανοιῶν.
745 5068 842 5128 Διὸ
871 5067 963 5126 καὶ
1008 5069 1298 5127 λυποῦνται
1332 5065 1426 5124 καὶ
1459 5065 1859 5144 ἐξαποροῦνται.
1913 5068 2027 5126 Τοῦ

422 5161 687 5242 ἀψευδοῦς
713 5156 818 5238 γὰρ
854 5150 920 5230 ἦν
947 5161 983 5229 ἡ
1025 5158 1316 5238 ἀπόφασις,
1359 5156 1426 5228 ἢν
1459 5154 1781 5242 ἐκϐήσεσθαι
1817 5153 2030 5222 πάντως

423 5248 719 5309 ἐπίστευον.
804 5245 1075 5319 Ἐνόησαν
1107 5235 1165 5305 δέ
1192 5269 1326 5312 τινες
1355 5245 1415 5304 τὸ
1434 5291 1451 5320 ,
1505 5267 1534 5303 (ι
1578 5235 1651 5313 εἷς
1681 5243 1735 5313 ἐξ
1764 5248 1944 5321 ὑμῶν,
1991 5266 2022 5302 n

420 5340 616 5406 οὕτως’
714 5361 746 5399 ιι
771 5329 894 5413 Εἷς,
916 5360 946 5394 ι)
981 5336 1166 5417 φησὶν,
1187 5334 1424 5395 ἐκπεσὼν
1447 5338 1596 5412 ὑμῶν
1619 5339 1710 5394 τοῦ
1727 5340 1912 5413 χοροῦ,
1939 5333 2029 5393 καὶ

434 5452 464 5485 α
502 5429 555 5498 ἐξ
579 5432 732 5506 ὑμῶν
756 5451 788 5487 n
839 5424 1087 5501 ἐξελθὼν,
1134 5446 1161 5482 ιι
1192 5425 1505 5506 παραδώσει
1536 5447 1630 5502 με’
1666 5445 1696 5482 n
1727 5423 1908 5505 ὥσπερ
1938 5423 2029 5483 καὶ

422 5519 500 5595 τὸ,
533 5541 562 5576 ιι
581 5518 720 5582 Ἰδοὺ
743 5517 961 5599 γέγονεν
989 5515 1166 5591 Ἀδὰμ
1187 5516 1260 5580 ὣς
1283 5505 1355 5581 εἶς
1381 5513 1432 5582 ἐξ
1458 5517 1638 5590 ἡμῶν.
1661 5535 1692 5572 ι)
1787 5512 1900 5574 Καὶ
1926 5512 2029 5593 γὰρ

421 5608 687 5671 κάνταῦθα
719 5606 1129 5689 περιεργότερον
1158 5603 1220 5662 τὸ
1252 5602 1409 5685 ῥητὸν
1442 5601 1776 5671 ἐξελάϐοντο.
1871 5623 1902 5662 ιι
1932 5600 2030 5662 Γέ-

475 5812 519 5846 ”
540 5814 694 5873 Gen.
718 5823 820 5876 ιιι,
854 5810 951 5863 22.

2138 4711 2340 4785 singuli
2367 4711 2506 4766 bene
2535 4705 2740 4765 conscii
2769 4712 2976 4771 essent,
3006 4703 3074 4760 de
3103 4702 3257 4759 nullo
3283 4703 3434 4758 malo
3478 4709 3740 4774 arguente

2135 4803 2260 4858 illos
2283 4798 2636 4860 conscientia,
2665 4809 2982 4852 sermonem
3009 4801 3193 4849 tamen
3215 4792 3445 4849 Domini
3469 4793 3740 4848 veriorem

2133 4892 2246 4949 suis
2273 4887 2703 4962 cogitationibus
2745 4883 3154 4950 existimabant,
3186 4882 3333 4938 unde
3357 4891 3412 4938 et
3453 4883 3744 4938 tristantur

2135 4997 2199 5038 ac
2226 4979 2506 5036 haesitant.
2557 4974 2838 5032 Sententia
2867 4972 3017 5028 enim
3068 4980 3186 5028 erat
3212 4972 3332 5044 ejus
3373 4971 3466 5044 qui
3524 4969 3741 5026 mentiri

2134 5069 2429 5136 nesciebat,
2451 5083 2615 5139 quam
2634 5065 2858 5121 omnino
2889 5063 3059 5134 692
3076 5070 3393 5119 eventuram
3422 5059 3741 5116 credebant.

2135 5159 2528 5216 lntellexerunt
2549 5165 2733 5213 autem
2761 5153 3006 5226 quidam,
3040 5175 3066 5201 α
3101 5168 3240 5208 unus
3286 5167 3351 5208 ex
3368 5150 3542 5218 vobis,
3569 5172 3594 5198 ν
3619 5150 3697 5204 sic
3725 5166 3740 5204 :

2138 5249 2242 5320 Qui
2277 5263 2309 5305 a
2337 5256 2519 5304 vestro
2548 5245 2719 5302 choro
2736 5242 2958 5310 excidit,
2988 5250 3043 5298 et
3066 5265 3091 5291 α
3111 5257 3140 5298 a
3158 5240 3318 5296 vobis
3351 5263 3376 5287 ν
3400 5239 3553 5309 exiit,
3577 5261 3603 5286 α
3632 5246 3744 5292 tra-

2137 5339 2233 5397 det
2249 5355 2369 5394 me:
2404 5361 2430 5387 »
2457 5338 2600 5394 sicut
2627 5335 2823 5400 ethoc,
2845 5357 2869 5382 π
2900 5337 3043 5389 Ecce
3062 5331 3241 5387 Adam
3266 5328 3440 5384 factus
3461 5336 3542 5384 est
3566 5328 3743 5384 sicut—

2138 5445 2284 5485 unus
2311 5444 2378 5484 ex
2425 5428 2588 5484 nobis
2610 5425 2672 5481 ³9.
2708 5448 2734 5474 ιι
2765 5439 2897 5479 nam
2923 5431 2979 5478 et
3003 5423 3057 5477 in
3085 5437 3150 5476 eo
3182 5421 3302 5475 loco
3353 5418 3625 5474 curiosius
3662 5418 3744 5474 di-

2139 5527 2293 5575 ctum
2360 5522 2736 5590 exposuerunt
2793 5534 2810 5569 :
2881 5515 3152 5569 «Factus
3221 5517 3333 5576 est,
3382 5508 3530 5577 dicit,
3603 5509 3744 5564 sicut

2138 5623 2282 5665 unus
2306 5608 2398 5680 qui
2425 5623 2489 5664 ex
2529 5604 2740 5676 nobis.»
2773 5601 2986 5668 cecidit,
3019 5601 3124 5656 hoc
3151 5607 3256 5670 est,
3294 5599 3566 5657 diabolus.
3592 5598 3744 5654 Sicut
