  <div class='ocr_page' id='page_1' title='image "/cluster/home/n/w/nwhite01/storage/ocr_20150623/124:no.2/coo.31924054870294/087.png"; bbox 0 0 4198 6470; ppageno 0'>
   <div class='ocr_carea' id='block_1_1' title="bbox 498 472 600 527">
    <p class='ocr_par' dir='ltr' id='par_1_1' title="bbox 498 472 600 527">
     <span class='ocr_line' id='line_1_1' title="bbox 498 472 600 527; baseline -0.02 0"><span class='ocrx_word' id='word_1_1' title='bbox 498 472 600 527; x_wconf 76' lang='grc'><strong>159</strong></span> 
     </span>
    </p>
   </div>
   <div class='ocr_carea' id='block_1_2' title="bbox 1525 461 2798 521">
    <p class='ocr_par' dir='ltr' id='par_1_2' title="bbox 1525 461 2798 521">
     <span class='ocr_line' id='line_1_2' title="bbox 1525 461 2798 521; baseline -0.002 -1"><span class='ocrx_word' id='word_1_2' title='bbox 1525 463 2043 521; x_wconf 80' lang='lat' dir='ltr'><strong>THEOPHYLACTI</strong></span> <span class='ocrx_word' id='word_1_3' title='bbox 2082 461 2441 519; x_wconf 70' lang='lat' dir='ltr'><strong>BULGARI/E</strong></span> <span class='ocrx_word' id='word_1_4' title='bbox 2479 462 2798 518; x_wconf 82' lang='lat' dir='ltr'><strong>ARCHIEP.</strong></span> 
     </span>
    </p>
   </div>
   <div class='ocr_carea' id='block_1_3' title="bbox 3698 459 3797 515">
    <p class='ocr_par' dir='ltr' id='par_1_3' title="bbox 3698 459 3797 515">
     <span class='ocr_line' id='line_1_3' title="bbox 3698 459 3797 515; baseline -0.03 0"><span class='ocrx_word' id='word_1_5' title='bbox 3698 459 3797 515; x_wconf 79' lang='grc'><strong>160</strong></span> 
     </span>
    </p>
   </div>
   <div class='ocr_carea' id='block_1_4' title="bbox 489 577 2105 668">
    <p class='ocr_par' dir='ltr' id='par_1_4' title="bbox 489 588 2094 661">
     <span class='ocr_line' id='line_1_4' title="bbox 489 588 2094 661; baseline -0.004 -11"><span class='ocrx_word' id='word_1_6' title='bbox 489 594 640 650; x_wconf 90' lang='lat' dir='ltr'><strong>enim</strong></span> <span class='ocrx_word' id='word_1_7' title='bbox 681 592 773 649; x_wconf 92' lang='lat' dir='ltr'><strong>ille</strong></span> <span class='ocrx_word' id='word_1_8' title='bbox 792 589 994 648; x_wconf 80' lang='lat' dir='ltr'><strong>excidit</strong></span> <span class='ocrx_word' id='word_1_9' title='bbox 1017 606 1049 646; x_wconf 94' lang='lat' dir='ltr'><strong>a</strong></span> <span class='ocrx_word' id='word_1_10' title='bbox 1075 589 1259 654; x_wconf 88' lang='lat' dir='ltr'><strong>nobis,</strong></span> <span class='ocrx_word' id='word_1_11' title='bbox 1283 590 1358 645; x_wconf 88' lang='lat' dir='ltr'><strong>ita</strong></span> <span class='ocrx_word' id='word_1_12' title='bbox 1391 597 1541 646; x_wconf 90' lang='lat' dir='ltr'><strong>certe</strong></span> <span class='ocrx_word' id='word_1_13' title='bbox 1559 597 1617 645; x_wconf 89' lang='lat' dir='ltr'><strong>et</strong></span> <span class='ocrx_word' id='word_1_14' title='bbox 1645 588 1735 645; x_wconf 90' lang='lat' dir='ltr'><strong>hic</strong></span> <span class='ocrx_word' id='word_1_15' title='bbox 1761 596 1984 661; x_wconf 84' lang='lat' dir='ltr'><strong>propter</strong></span> <span class='ocrx_word' id='word_1_16' title='bbox 2015 588 2094 644; x_wconf 89' lang='lat' dir='ltr'><strong>in-</strong></span> 
     </span>
    </p>
   </div>
   <div class='ocr_carea' id='block_1_5' title="bbox 2214 577 3800 668">
    <p class='ocr_par' dir='ltr' id='par_1_5' title="bbox 2214 577 3800 668">
     <span class='ocr_line' id='line_1_5' title="bbox 2214 577 3800 668; baseline -0.003 -21"><span class='ocrx_word' id='word_1_17' title='bbox 2214 611 2316 667; x_wconf 74' lang='grc' dir='ltr'>(ονε</span> <span class='ocrx_word' id='word_1_18' title='bbox 2337 634 2352 661; x_wconf 89' lang='grc'><strong>,</strong></span> <span class='ocrx_word' id='word_1_19' title='bbox 2387 587 2548 668; x_wconf 80' lang='grc' dir='ltr'>φησὶν</span> <span class='ocrx_word' id='word_1_20' title='bbox 2569 632 2586 660; x_wconf 88' lang='grc'><strong>,</strong></span> <span class='ocrx_word' id='word_1_21' title='bbox 2619 590 2688 654; x_wconf 80' lang='grc' dir='ltr'>ὣς</span> <span class='ocrx_word' id='word_1_22' title='bbox 2737 577 2809 653; x_wconf 78' lang='grc' dir='ltr'>εἶς</span> <span class='ocrx_word' id='word_1_23' title='bbox 2837 584 2888 654; x_wconf 78' lang='grc' dir='ltr'><strong>ἐξ</strong></span> <span class='ocrx_word' id='word_1_24' title='bbox 2933 585 3088 661; x_wconf 76' lang='grc' dir='ltr'>ἡμῶν</span> <span class='ocrx_word' id='word_1_25' title='bbox 3125 603 3156 642; x_wconf 71' lang='grc' dir='ltr'><strong><em>υ</em></strong></span> <span class='ocrx_word' id='word_1_26' title='bbox 3189 580 3400 663; x_wconf 81' lang='grc' dir='ltr'>πεσὼν,</span> <span class='ocrx_word' id='word_1_27' title='bbox 3437 581 3741 661; x_wconf 76' lang='grc' dir='ltr'><strong>τουτέστιν,</strong></span> <span class='ocrx_word' id='word_1_28' title='bbox 3772 586 3800 642; x_wconf 92' lang='lat'><strong>6</strong></span> 
     </span>
    </p>
   </div>
   <div class='ocr_carea' id='block_1_6' title="bbox 490 678 2092 749">
    <p class='ocr_par' dir='ltr' id='par_1_6' title="bbox 490 678 2092 749">
     <span class='ocr_line' id='line_1_6' title="bbox 490 678 2092 749; baseline -0.003 -9"><span class='ocrx_word' id='word_1_29' title='bbox 490 683 860 740; x_wconf 84' lang='lat' dir='ltr'><strong>obedientiam</strong></span> <span class='ocrx_word' id='word_1_30' title='bbox 887 680 1065 737; x_wconf 89' lang='lat' dir='ltr'><strong>factus</strong></span> <span class='ocrx_word' id='word_1_31' title='bbox 1089 687 1174 736; x_wconf 91' lang='lat' dir='ltr'><strong>est</strong></span> <span class='ocrx_word' id='word_1_32' title='bbox 1215 695 1281 735; x_wconf 83' lang='lat' dir='ltr'><strong>ex</strong></span> <span class='ocrx_word' id='word_1_33' title='bbox 1314 679 1508 747; x_wconf 81' lang='lat' dir='ltr'><strong>nobis;</strong></span> <span class='ocrx_word' id='word_1_34' title='bbox 1543 678 1651 736; x_wconf 89' lang='lat' dir='ltr'><strong>hoc</strong></span> <span class='ocrx_word' id='word_1_35' title='bbox 1680 687 1784 749; x_wconf 90' lang='lat' dir='ltr'><strong>est,</strong></span> <span class='ocrx_word' id='word_1_36' title='bbox 1817 678 2019 735; x_wconf 79' lang='lat' dir='ltr'><strong>excidit</strong></span> <span class='ocrx_word' id='word_1_37' title='bbox 2061 695 2092 735; x_wconf 91' lang='lat' dir='ltr'><strong>a</strong></span> 
     </span>
    </p>
   </div>
   <div class='ocr_carea' id='block_1_7' title="bbox 494 772 676 830">
    <p class='ocr_par' dir='ltr' id='par_1_7' title="bbox 494 772 676 830">
     <span class='ocr_line' id='line_1_7' title="bbox 494 772 676 830; baseline -0.011 0"><span class='ocrx_word' id='word_1_38' title='bbox 494 772 676 830; x_wconf 90' lang='lat' dir='ltr'><strong>nobis.</strong></span> 
     </span>
    </p>
   </div>
   <div class='ocr_carea' id='block_1_8' title="bbox 565 947 2097 1021">
    <p class='ocr_par' dir='ltr' id='par_1_8' title="bbox 565 947 2097 1021">
     <span class='ocr_line' id='line_1_8' title="bbox 565 947 2097 1021; baseline -0.004 -13"><span class='ocrx_word' id='word_1_39' title='bbox 565 954 736 1008; x_wconf 78' lang='lat' dir='ltr'><strong>Vnus.</strong></span> <span class='ocrx_word' id='word_1_40' title='bbox 762 955 951 1007; x_wconf 85' lang='lat'><strong>23-26.</strong></span> <span class='ocrx_word' id='word_1_41' title='bbox 980 973 1005 999; x_wconf 77' lang='grc' dir='ltr'>ιο</span> <span class='ocrx_word' id='word_1_42' title='bbox 1035 952 1170 1006; x_wconf 85' lang='lat' dir='ltr'><strong>Erat</strong></span> <span class='ocrx_word' id='word_1_43' title='bbox 1195 956 1383 1005; x_wconf 90' lang='lat' dir='ltr'><strong>autem</strong></span> <span class='ocrx_word' id='word_1_44' title='bbox 1412 963 1558 1005; x_wconf 82' lang='lat' dir='ltr'><strong>unus</strong></span> <span class='ocrx_word' id='word_1_45' title='bbox 1574 963 1646 1005; x_wconf 83' lang='lat' dir='ltr'><strong>ex</strong></span> <span class='ocrx_word' id='word_1_46' title='bbox 1674 947 1951 1020; x_wconf 87' lang='lat' dir='ltr'><strong>discipulis</strong></span> <span class='ocrx_word' id='word_1_47' title='bbox 1978 947 2097 1021; x_wconf 87' lang='lat' dir='ltr'><strong>ejus</strong></span> 
     </span>
    </p>
   </div>
   <div class='ocr_carea' id='block_1_9' title="bbox 494 1037 2100 1110">
    <p class='ocr_par' dir='ltr' id='par_1_9' title="bbox 494 1037 2100 1110">
     <span class='ocr_line' id='line_1_9' title="bbox 494 1037 2100 1110; baseline -0.004 -12"><span class='ocrx_word' id='word_1_48' title='bbox 494 1042 821 1098; x_wconf 85' lang='lat' dir='ltr'><strong>recumbens</strong></span> <span class='ocrx_word' id='word_1_49' title='bbox 848 1042 903 1096; x_wconf 92' lang='lat' dir='ltr'><strong>in</strong></span> <span class='ocrx_word' id='word_1_50' title='bbox 929 1040 1054 1096; x_wconf 87' lang='lat' dir='ltr'><strong>sinu</strong></span> <span class='ocrx_word' id='word_1_51' title='bbox 1083 1041 1233 1109; x_wconf 87' lang='lat' dir='ltr'><strong>Jesu,</strong></span> <span class='ocrx_word' id='word_1_52' title='bbox 1280 1038 1541 1094; x_wconf 83' lang='lat' dir='ltr'><strong>nimirum</strong></span> <span class='ocrx_word' id='word_1_53' title='bbox 1570 1038 1618 1094; x_wconf 89' lang='lat' dir='ltr'><strong>is</strong></span> <span class='ocrx_word' id='word_1_54' title='bbox 1648 1054 1813 1110; x_wconf 88' lang='lat' dir='ltr'><strong>quem</strong></span> <span class='ocrx_word' id='word_1_55' title='bbox 1841 1037 2100 1109; x_wconf 84' lang='lat' dir='ltr'><strong>diligebat</strong></span> 
     </span>
    </p>
   </div>
   <div class='ocr_carea' id='block_1_10' title="bbox 496 1126 2099 1201">
    <p class='ocr_par' dir='ltr' id='par_1_10' title="bbox 496 1126 2099 1201">
     <span class='ocr_line' id='line_1_10' title="bbox 496 1126 2099 1201; baseline -0.004 -14"><span class='ocrx_word' id='word_1_56' title='bbox 496 1134 677 1189; x_wconf 86' lang='lat' dir='ltr'><strong>Jesus.</strong></span> <span class='ocrx_word' id='word_1_57' title='bbox 725 1130 910 1186; x_wconf 91' lang='lat' dir='ltr'><strong>lnnuit</strong></span> <span class='ocrx_word' id='word_1_58' title='bbox 955 1144 1089 1201; x_wconf 89' lang='lat' dir='ltr'><strong>ergo</strong></span> <span class='ocrx_word' id='word_1_59' title='bbox 1116 1128 1246 1185; x_wconf 88' lang='lat' dir='ltr'><strong>huic</strong></span> <span class='ocrx_word' id='word_1_60' title='bbox 1292 1128 1484 1185; x_wconf 90' lang='lat' dir='ltr'><strong>Simon</strong></span> <span class='ocrx_word' id='word_1_61' title='bbox 1518 1130 1728 1195; x_wconf 79' lang='lat' dir='ltr'><strong>Petrus,</strong></span> <span class='ocrx_word' id='word_1_62' title='bbox 1761 1135 1824 1183; x_wconf 92' lang='lat' dir='ltr'><strong>ut</strong></span> <span class='ocrx_word' id='word_1_63' title='bbox 1856 1126 2099 1183; x_wconf 89' lang='lat' dir='ltr'><strong>sciscita-</strong></span> 
     </span>
    </p>
   </div>
   <div class='ocr_carea' id='block_1_11' title="bbox 497 1217 2097 1292">
    <p class='ocr_par' dir='ltr' id='par_1_11' title="bbox 497 1217 2097 1292">
     <span class='ocr_line' id='line_1_11' title="bbox 497 1217 2097 1292; baseline -0.003 -16"><span class='ocrx_word' id='word_1_64' title='bbox 497 1227 652 1276; x_wconf 87' lang='lat' dir='ltr'><strong>retur</strong></span> <span class='ocrx_word' id='word_1_65' title='bbox 693 1220 818 1292; x_wconf 86' lang='lat' dir='ltr'><strong>quis</strong></span> <span class='ocrx_word' id='word_1_66' title='bbox 846 1227 992 1275; x_wconf 90' lang='lat' dir='ltr'><strong>esset</strong></span> <span class='ocrx_word' id='word_1_67' title='bbox 1018 1217 1087 1274; x_wconf 90' lang='lat' dir='ltr'><strong>de</strong></span> <span class='ocrx_word' id='word_1_68' title='bbox 1116 1233 1229 1290; x_wconf 90' lang='lat' dir='ltr'><strong>quo</strong></span> <span class='ocrx_word' id='word_1_69' title='bbox 1281 1217 1614 1289; x_wconf 83' lang='lat' dir='ltr'><strong>loqueretur.</strong></span> <span class='ocrx_word' id='word_1_70' title='bbox 1642 1219 1828 1288; x_wconf 85' lang='lat' dir='ltr'><strong>itaque</strong></span> <span class='ocrx_word' id='word_1_71' title='bbox 1858 1232 1985 1272; x_wconf 91' lang='lat' dir='ltr'><strong>cum</strong></span> <span class='ocrx_word' id='word_1_72' title='bbox 2009 1231 2097 1272; x_wconf 88' lang='lat' dir='ltr'><strong>re-</strong></span> 
     </span>
    </p>
   </div>
   <div class='ocr_carea' id='block_1_12' title="bbox 493 1306 2098 1379">
    <p class='ocr_par' dir='ltr' id='par_1_12' title="bbox 493 1306 2098 1379">
     <span class='ocr_line' id='line_1_12' title="bbox 493 1306 2098 1379; baseline -0.003 -14"><span class='ocrx_word' id='word_1_73' title='bbox 493 1309 774 1365; x_wconf 87' lang='lat' dir='ltr'><strong>cubuisset</strong></span> <span class='ocrx_word' id='word_1_74' title='bbox 800 1309 888 1364; x_wconf 89' lang='lat' dir='ltr'><strong>ille</strong></span> <span class='ocrx_word' id='word_1_75' title='bbox 929 1323 1092 1379; x_wconf 88' lang='lat' dir='ltr'><strong>super</strong></span> <span class='ocrx_word' id='word_1_76' title='bbox 1130 1315 1316 1379; x_wconf 88' lang='lat' dir='ltr'><strong>pectus</strong></span> <span class='ocrx_word' id='word_1_77' title='bbox 1355 1308 1508 1373; x_wconf 89' lang='lat' dir='ltr'><strong>Jesu,</strong></span> <span class='ocrx_word' id='word_1_78' title='bbox 1535 1306 1665 1362; x_wconf 87' lang='lat' dir='ltr'><strong>dicit</strong></span> <span class='ocrx_word' id='word_1_79' title='bbox 1704 1306 1757 1361; x_wconf 92' lang='lat' dir='ltr'><strong>ei</strong></span> <span class='ocrx_word' id='word_1_80' title='bbox 1788 1324 1801 1361; x_wconf 89' lang='lat'><strong>:</strong></span> <span class='ocrx_word' id='word_1_81' title='bbox 1835 1306 2098 1372; x_wconf 87' lang='lat' dir='ltr'><strong>Domine,</strong></span> 
     </span>
    </p>
   </div>
   <div class='ocr_carea' id='block_1_13' title="bbox 498 1395 2095 1471">
    <p class='ocr_par' dir='ltr' id='par_1_13' title="bbox 498 1395 2095 1471">
     <span class='ocr_line' id='line_1_13' title="bbox 498 1395 2095 1471; baseline -0.003 -17"><span class='ocrx_word' id='word_1_82' title='bbox 498 1399 624 1471; x_wconf 89' lang='lat' dir='ltr'><strong>quis</strong></span> <span class='ocrx_word' id='word_1_83' title='bbox 647 1401 766 1455; x_wconf 81' lang='lat' dir='ltr'><strong>est?</strong></span> <span class='ocrx_word' id='word_1_84' title='bbox 784 1396 1094 1468; x_wconf 80' lang='lat' dir='ltr'><strong>Respondit</strong></span> <span class='ocrx_word' id='word_1_85' title='bbox 1115 1400 1294 1465; x_wconf 88' lang='lat' dir='ltr'><strong>Jesus,</strong></span> <span class='ocrx_word' id='word_1_86' title='bbox 1326 1396 1422 1451; x_wconf 91' lang='lat' dir='ltr'><strong>Ille</strong></span> <span class='ocrx_word' id='word_1_87' title='bbox 1451 1405 1536 1451; x_wconf 90' lang='lat' dir='ltr'><strong>est</strong></span> <span class='ocrx_word' id='word_1_88' title='bbox 1562 1396 1647 1451; x_wconf 91' lang='lat' dir='ltr'><strong>cui</strong></span> <span class='ocrx_word' id='word_1_89' title='bbox 1673 1411 1774 1468; x_wconf 89' lang='lat' dir='ltr'><strong>ego</strong></span> <span class='ocrx_word' id='word_1_90' title='bbox 1798 1395 2095 1451; x_wconf 89' lang='lat' dir='ltr'><strong>intinctum</strong></span> 
     </span>
    </p>
   </div>
   <div class='ocr_carea' id='block_1_14' title="bbox 498 1485 2097 1560">
    <p class='ocr_par' dir='ltr' id='par_1_14' title="bbox 498 1485 2097 1560">
     <span class='ocr_line' id='line_1_14' title="bbox 498 1485 2097 1560; baseline -0.002 -17"><span class='ocrx_word' id='word_1_91' title='bbox 498 1503 700 1560; x_wconf 89' lang='lat' dir='ltr'><strong>panem</strong></span> <span class='ocrx_word' id='word_1_92' title='bbox 728 1502 1047 1558; x_wconf 83' lang='lat' dir='ltr'><strong>porrexero.</strong></span> <span class='ocrx_word' id='word_1_93' title='bbox 1100 1508 1125 1534; x_wconf 69' lang='grc' dir='ltr'><strong>η</strong></span> <span class='ocrx_word' id='word_1_94' title='bbox 1171 1487 1351 1555; x_wconf 88' lang='lat' dir='ltr'><strong>Quare</strong></span> <span class='ocrx_word' id='word_1_95' title='bbox 1392 1485 1651 1541; x_wconf 85' lang='lat' dir='ltr'><strong>omnibus</strong></span> <span class='ocrx_word' id='word_1_96' title='bbox 1678 1485 1795 1540; x_wconf 90' lang='lat' dir='ltr'><strong>aliis</strong></span> <span class='ocrx_word' id='word_1_97' title='bbox 1832 1492 1889 1540; x_wconf 91' lang='lat' dir='ltr'><strong>et</strong></span> <span class='ocrx_word' id='word_1_98' title='bbox 1933 1486 2097 1540; x_wconf 90' lang='lat' dir='ltr'><strong>Petro</strong></span> 
     </span>
    </p>
   </div>
   <div class='ocr_carea' id='block_1_15' title="bbox 498 1574 2102 1649">
    <p class='ocr_par' dir='ltr' id='par_1_15' title="bbox 498 1574 2102 1649">
     <span class='ocr_line' id='line_1_15' title="bbox 498 1574 2102 1649; baseline -0.002 -17"><span class='ocrx_word' id='word_1_99' title='bbox 498 1578 621 1649; x_wconf 89' lang='lat' dir='ltr'><strong>ipso</strong></span> <span class='ocrx_word' id='word_1_100' title='bbox 652 1577 895 1648; x_wconf 87' lang='lat' dir='ltr'><strong>principe</strong></span> <span class='ocrx_word' id='word_1_101' title='bbox 928 1583 1218 1642; x_wconf 89' lang='lat' dir='ltr'><strong>tremente,</strong></span> <span class='ocrx_word' id='word_1_102' title='bbox 1248 1578 1491 1631; x_wconf 85' lang='lat' dir='ltr'><strong>Joannes</strong></span> <span class='ocrx_word' id='word_1_103' title='bbox 1519 1575 1670 1647; x_wconf 91' lang='lat' dir='ltr'><strong>quasi</strong></span> <span class='ocrx_word' id='word_1_104' title='bbox 1708 1574 1994 1630; x_wconf 86' lang='lat' dir='ltr'><strong>delicatior</strong></span> <span class='ocrx_word' id='word_1_105' title='bbox 2018 1590 2102 1630; x_wconf 88' lang='lat' dir='ltr'><strong>re-</strong></span> 
     </span>
    </p>
   </div>
   <div class='ocr_carea' id='block_1_16' title="bbox 500 1663 2101 1735">
    <p class='ocr_par' dir='ltr' id='par_1_16' title="bbox 500 1663 2101 1735">
     <span class='ocr_line' id='line_1_16' title="bbox 500 1663 2101 1735; baseline -0.002 -13"><span class='ocrx_word' id='word_1_106' title='bbox 500 1665 712 1722; x_wconf 86' lang='lat' dir='ltr'><strong>cumbit</strong></span> <span class='ocrx_word' id='word_1_107' title='bbox 736 1665 793 1721; x_wconf 90' lang='lat' dir='ltr'><strong>in</strong></span> <span class='ocrx_word' id='word_1_108' title='bbox 824 1665 945 1720; x_wconf 90' lang='lat' dir='ltr'><strong>sinu</strong></span> <span class='ocrx_word' id='word_1_109' title='bbox 974 1664 1234 1721; x_wconf 73' lang='lat' dir='ltr'><strong>Domini?</strong></span> <span class='ocrx_word' id='word_1_110' title='bbox 1280 1668 1343 1720; x_wconf 81' lang='lat' dir='ltr'><strong>Et</strong></span> <span class='ocrx_word' id='word_1_111' title='bbox 1374 1665 1599 1731; x_wconf 88' lang='lat' dir='ltr'><strong>iterum,</strong></span> <span class='ocrx_word' id='word_1_112' title='bbox 1630 1679 1799 1735; x_wconf 90' lang='lat' dir='ltr'><strong>quare</strong></span> <span class='ocrx_word' id='word_1_113' title='bbox 1823 1663 1891 1720; x_wconf 90' lang='lat' dir='ltr'><strong>de</strong></span> <span class='ocrx_word' id='word_1_114' title='bbox 1918 1664 2101 1735; x_wconf 90' lang='lat' dir='ltr'><strong>seipso</strong></span> 
     </span>
    </p>
   </div>
   <div class='ocr_carea' id='block_1_17' title="bbox 501 1752 2105 1825">
    <p class='ocr_par' dir='ltr' id='par_1_17' title="bbox 501 1752 2105 1825">
     <span class='ocr_line' id='line_1_17' title="bbox 501 1752 2105 1825; baseline -0.001 -16"><span class='ocrx_word' id='word_1_115' title='bbox 501 1753 638 1811; x_wconf 91' lang='lat' dir='ltr'><strong>dicit</strong></span> <span class='ocrx_word' id='word_1_116' title='bbox 663 1752 813 1825; x_wconf 89' lang='lat' dir='ltr'><strong>quod</strong></span> <span class='ocrx_word' id='word_1_117' title='bbox 846 1775 873 1803; x_wconf 75' lang='grc' dir='ltr'><strong>α</strong></span> <span class='ocrx_word' id='word_1_118' title='bbox 921 1769 1052 1810; x_wconf 90' lang='lat' dir='ltr'><strong>eum</strong></span> <span class='ocrx_word' id='word_1_119' title='bbox 1081 1752 1341 1825; x_wconf 86' lang='lat' dir='ltr'><strong>diligebat</strong></span> <span class='ocrx_word' id='word_1_120' title='bbox 1391 1756 1595 1809; x_wconf 84' lang='lat' dir='ltr'><strong>Jesus?</strong></span> <span class='ocrx_word' id='word_1_121' title='bbox 1646 1775 1671 1801; x_wconf 68' lang='grc' dir='ltr'><strong>υ</strong></span> <span class='ocrx_word' id='word_1_122' title='bbox 1721 1752 2105 1808; x_wconf 82' lang='lat' dir='ltr'><strong>Recumbebat</strong></span> 
     </span>
    </p>
   </div>
   <div class='ocr_carea' id='block_1_18' title="bbox 500 1841 2103 1916">
    <p class='ocr_par' dir='ltr' id='par_1_18' title="bbox 500 1841 2103 1916">
     <span class='ocr_line' id='line_1_18' title="bbox 500 1841 2103 1916; baseline -0.002 -17"><span class='ocrx_word' id='word_1_123' title='bbox 500 1843 725 1916; x_wconf 89' lang='lat' dir='ltr'><strong>quidem</strong></span> <span class='ocrx_word' id='word_1_124' title='bbox 770 1851 995 1915; x_wconf 90' lang='lat' dir='ltr'><strong>propter</strong></span> <span class='ocrx_word' id='word_1_125' title='bbox 1048 1843 1185 1899; x_wconf 88' lang='lat' dir='ltr'><strong>duas</strong></span> <span class='ocrx_word' id='word_1_126' title='bbox 1237 1842 1357 1898; x_wconf 90' lang='lat' dir='ltr'><strong>illas</strong></span> <span class='ocrx_word' id='word_1_127' title='bbox 1392 1858 1620 1898; x_wconf 84' lang='lat' dir='ltr'><strong>causas:</strong></span> <span class='ocrx_word' id='word_1_128' title='bbox 1666 1858 1772 1898; x_wconf 91' lang='lat' dir='ltr'><strong>una</strong></span> <span class='ocrx_word' id='word_1_129' title='bbox 1823 1850 1930 1910; x_wconf 90' lang='lat' dir='ltr'><strong>est,</strong></span> <span class='ocrx_word' id='word_1_130' title='bbox 1975 1841 2103 1914; x_wconf 88' lang='lat' dir='ltr'><strong>quia</strong></span> 
     </span>
    </p>
   </div>
   <div class='ocr_carea' id='block_1_19' title="bbox 2206 672 3801 756">
    <p class='ocr_par' dir='ltr' id='par_1_19' title="bbox 2206 672 3801 756">
     <span class='ocr_line' id='line_1_19' title="bbox 2206 672 3801 756; baseline -0.003 -22"><span class='ocrx_word' id='word_1_131' title='bbox 2206 677 2477 743; x_wconf 92' lang='grc' dir='ltr'>διάϐολος·</span> <span class='ocrx_word' id='word_1_132' title='bbox 2526 675 2709 756; x_wconf 77' lang='grc' dir='ltr'>ὥσπερ</span> <span class='ocrx_word' id='word_1_133' title='bbox 2737 673 2840 754; x_wconf 83' lang='grc' dir='ltr'><strong>γὰρ</strong></span> <span class='ocrx_word' id='word_1_134' title='bbox 2871 676 3067 742; x_wconf 84' lang='grc' dir='ltr'>ἐκεῖνος</span> <span class='ocrx_word' id='word_1_135' title='bbox 3116 673 3483 744; x_wconf 77' lang='grc' dir='ltr'><strong>ἐκπέπτωκεν,</strong></span> <span class='ocrx_word' id='word_1_136' title='bbox 3516 672 3656 731; x_wconf 79' lang='grc' dir='ltr'>οὕτω</span> <span class='ocrx_word' id='word_1_137' title='bbox 3706 672 3801 731; x_wconf 78' lang='grc' dir='ltr'><strong>καὶ</strong></span> 
     </span>
    </p>
   </div>
   <div class='ocr_carea' id='block_1_20' title="bbox 2203 756 3802 844">
    <p class='ocr_par' dir='ltr' id='par_1_20' title="bbox 2203 756 3802 844">
     <span class='ocr_line' id='line_1_20' title="bbox 2203 756 3802 844; baseline -0.003 -18"><span class='ocrx_word' id='word_1_138' title='bbox 2203 756 2348 831; x_wconf 57' lang='grc' dir='ltr'>οὗτος</span> <span class='ocrx_word' id='word_1_139' title='bbox 2375 766 2461 825; x_wconf 82' lang='grc' dir='ltr'><strong>διὰ</strong></span> <span class='ocrx_word' id='word_1_140' title='bbox 2482 770 2575 838; x_wconf 58' lang='grc' dir='ltr'>ἧς</span> <span class='ocrx_word' id='word_1_141' title='bbox 2605 769 2882 843; x_wconf 75' lang='grc' dir='ltr'><strong>παρακοῆς</strong></span> <span class='ocrx_word' id='word_1_142' title='bbox 2910 761 3205 843; x_wconf 48' lang='grc' dir='ltr'>γέγονενβξ</span> <span class='ocrx_word' id='word_1_143' title='bbox 3233 764 3387 840; x_wconf 78' lang='grc' dir='ltr'>ἡμῶν</span> <span class='ocrx_word' id='word_1_144' title='bbox 3408 807 3424 840; x_wconf 84' lang='grc'><strong>,</strong></span> <span class='ocrx_word' id='word_1_145' title='bbox 3460 760 3593 844; x_wconf 77' lang='grc' dir='ltr'>ὅπερ</span> <span class='ocrx_word' id='word_1_146' title='bbox 3625 762 3802 837; x_wconf 77' lang='grc' dir='ltr'>ἐστὶν,</span> 
     </span>
    </p>
   </div>
   <div class='ocr_carea' id='block_1_21' title="bbox 2206 855 2753 932">
    <p class='ocr_par' dir='ltr' id='par_1_21' title="bbox 2206 855 2753 932">
     <span class='ocr_line' id='line_1_21' title="bbox 2206 855 2753 932; baseline -0.007 -17"><span class='ocrx_word' id='word_1_147' title='bbox 2206 855 2544 915; x_wconf 82' lang='grc' dir='ltr'><strong>ἐκπέπτωκεν</strong></span> <span class='ocrx_word' id='word_1_148' title='bbox 2572 858 2727 932; x_wconf 81' lang='grc' dir='ltr'>ἡμῶν</span> <span class='ocrx_word' id='word_1_149' title='bbox 2738 901 2753 916; x_wconf 89' lang='grc'><strong>.</strong></span> 
     </span>
    </p>
   </div>
   <div class='ocr_carea' id='block_1_22' title="bbox 2298 932 3804 1022">
    <p class='ocr_par' dir='ltr' id='par_1_22' title="bbox 2298 932 3804 1022">
     <span class='ocr_line' id='line_1_22' title="bbox 2298 932 3804 1022; baseline -0.001 -21"><span class='ocrx_word' id='word_1_150' title='bbox 2298 965 2326 1001; x_wconf 87' lang='grc' dir='ltr'>(ι</span> <span class='ocrx_word' id='word_1_151' title='bbox 2352 934 2462 1004; x_wconf 75' lang='grc' dir='ltr'>Ἦν</span> <span class='ocrx_word' id='word_1_152' title='bbox 2493 944 2546 1003; x_wconf 84' lang='grc' dir='ltr'>δὲ</span> <span class='ocrx_word' id='word_1_153' title='bbox 2578 942 2915 1021; x_wconf 74' lang='grc' dir='ltr'><strong>ἀνακείμενος</strong></span> <span class='ocrx_word' id='word_1_154' title='bbox 2944 932 3017 1009; x_wconf 77' lang='grc' dir='ltr'>εἶς</span> <span class='ocrx_word' id='word_1_155' title='bbox 3043 943 3148 1000; x_wconf 80' lang='grc' dir='ltr'><strong>τῶν</strong></span> <span class='ocrx_word' id='word_1_156' title='bbox 3172 942 3425 1018; x_wconf 78' lang='grc' dir='ltr'>μαθητῶν</span> <span class='ocrx_word' id='word_1_157' title='bbox 3455 939 3620 1022; x_wconf 78' lang='grc' dir='ltr'>αὐτοῦ</span> <span class='ocrx_word' id='word_1_158' title='bbox 3642 942 3695 999; x_wconf 85' lang='grc' dir='ltr'><strong>ἐν</strong></span> <span class='ocrx_word' id='word_1_159' title='bbox 3724 943 3804 1022; x_wconf 81' lang='grc' dir='ltr'><strong>τῷ</strong></span> 
     </span>
    </p>
   </div>
   <div class='ocr_carea' id='block_1_23' title="bbox 2205 1019 3808 1115">
    <p class='ocr_par' dir='ltr' id='par_1_23' title="bbox 2205 1019 3808 1115">
     <span class='ocr_line' id='line_1_23' title="bbox 2205 1019 3808 1115; baseline -0.002 -22"><span class='ocrx_word' id='word_1_160' title='bbox 2205 1033 2388 1115; x_wconf 84' lang='grc' dir='ltr'>κόλπῳ</span> <span class='ocrx_word' id='word_1_161' title='bbox 2420 1036 2600 1107; x_wconf 88' lang='grc' dir='ltr'>Ἰησοῦ</span> <span class='ocrx_word' id='word_1_162' title='bbox 2622 1078 2638 1105; x_wconf 95' lang='grc'><strong>,</strong></span> <span class='ocrx_word' id='word_1_163' title='bbox 2678 1032 2736 1093; x_wconf 80' lang='grc' dir='ltr'><strong>ὃν</strong></span> <span class='ocrx_word' id='word_1_164' title='bbox 2764 1019 2951 1110; x_wconf 73' lang='grc' dir='ltr'>ἦγάπα</span> <span class='ocrx_word' id='word_1_165' title='bbox 2982 1034 3220 1103; x_wconf 89' lang='grc' dir='ltr'>Ἰησοῦς.</span> <span class='ocrx_word' id='word_1_166' title='bbox 3308 1028 3471 1091; x_wconf 87' lang='grc' dir='ltr'>Νεύει</span> <span class='ocrx_word' id='word_1_167' title='bbox 3511 1019 3602 1115; x_wconf 42' lang='grc' dir='ltr'><strong>οὗ)</strong></span> <span class='ocrx_word' id='word_1_168' title='bbox 3631 1019 3808 1112; x_wconf 77' lang='grc' dir='ltr'>τούτῴ</span> 
     </span>
    </p>
   </div>
   <div class='ocr_carea' id='block_1_24' title="bbox 2209 1110 3807 1201">
    <p class='ocr_par' dir='ltr' id='par_1_24' title="bbox 2209 1110 3807 1201">
     <span class='ocr_line' id='line_1_24' title="bbox 2209 1110 3807 1201; baseline -0.003 -17"><span class='ocrx_word' id='word_1_169' title='bbox 2209 1110 2394 1200; x_wconf 77' lang='grc' dir='ltr'>Σίμων</span> <span class='ocrx_word' id='word_1_170' title='bbox 2436 1125 2641 1201; x_wconf 85' lang='grc' dir='ltr'><strong>Πέτρος</strong></span> <span class='ocrx_word' id='word_1_171' title='bbox 2689 1124 2975 1194; x_wconf 77' lang='grc' dir='ltr'>πυθέσθαι,</span> <span class='ocrx_word' id='word_1_172' title='bbox 3018 1122 3095 1188; x_wconf 88' lang='grc' dir='ltr'><strong>τίς</strong></span> <span class='ocrx_word' id='word_1_173' title='bbox 3136 1118 3199 1177; x_wconf 76' lang='grc' dir='ltr'><strong>ἂν</strong></span> <span class='ocrx_word' id='word_1_174' title='bbox 3235 1118 3318 1191; x_wconf 84' lang='grc' dir='ltr'><strong>εἴη</strong></span> <span class='ocrx_word' id='word_1_175' title='bbox 3363 1118 3487 1199; x_wconf 79' lang='grc' dir='ltr'>περὶ</span> <span class='ocrx_word' id='word_1_176' title='bbox 3530 1110 3590 1178; x_wconf 67' lang='grc' dir='ltr'><strong>οῦ</strong></span> <span class='ocrx_word' id='word_1_177' title='bbox 3644 1110 3807 1200; x_wconf 74' lang='grc' dir='ltr'>λέγει.</span> 
     </span>
    </p>
   </div>
   <div class='ocr_carea' id='block_1_25' title="bbox 2207 1208 3804 1281">
    <p class='ocr_par' dir='ltr' id='par_1_25' title="bbox 2207 1208 3804 1281">
     <span class='ocr_line' id='line_1_25' title="bbox 2207 1208 3804 1281; baseline -0.002 -9"><span class='ocrx_word' id='word_1_178' title='bbox 2207 1213 2522 1273; x_wconf 86' lang='grc' dir='ltr'>Ἐπιπεσὼν</span> <span class='ocrx_word' id='word_1_179' title='bbox 2569 1212 2624 1271; x_wconf 84' lang='grc' dir='ltr'>δὲ</span> <span class='ocrx_word' id='word_1_180' title='bbox 2655 1215 2847 1278; x_wconf 84' lang='grc' dir='ltr'>ἐκεῖνος</span> <span class='ocrx_word' id='word_1_181' title='bbox 2878 1210 2966 1271; x_wconf 68' lang='grc' dir='ltr'><strong>ἐπὶ</strong></span> <span class='ocrx_word' id='word_1_182' title='bbox 3004 1209 3066 1270; x_wconf 81' lang='grc' dir='ltr'><strong>τὸ</strong></span> <span class='ocrx_word' id='word_1_183' title='bbox 3109 1213 3299 1281; x_wconf 89' lang='grc' dir='ltr'>στῆθος</span> <span class='ocrx_word' id='word_1_184' title='bbox 3342 1213 3433 1268; x_wconf 91' lang='grc' dir='ltr'><strong>τοῦ</strong></span> <span class='ocrx_word' id='word_1_185' title='bbox 3470 1208 3679 1281; x_wconf 82' lang='grc' dir='ltr'>Ἰησοῦ,</span> <span class='ocrx_word' id='word_1_186' title='bbox 3709 1209 3804 1269; x_wconf 84' lang='grc' dir='ltr'>λέ-</span> 
     </span>
    </p>
   </div>
   <div class='ocr_carea' id='block_1_26' title="bbox 2209 1298 3808 1383">
    <p class='ocr_par' dir='ltr' id='par_1_26' title="bbox 2209 1298 3808 1383">
     <span class='ocr_line' id='line_1_26' title="bbox 2209 1298 3808 1383; baseline -0.003 -22"><span class='ocrx_word' id='word_1_187' title='bbox 2209 1326 2290 1379; x_wconf 85' lang='grc' dir='ltr'><strong>γει</strong></span> <span class='ocrx_word' id='word_1_188' title='bbox 2320 1306 2494 1383; x_wconf 79' lang='grc' dir='ltr'>αὖτῷ·</span> <span class='ocrx_word' id='word_1_189' title='bbox 2541 1301 2731 1383; x_wconf 72' lang='grc' dir='ltr'>Κύριε,</span> <span class='ocrx_word' id='word_1_190' title='bbox 2762 1300 2843 1368; x_wconf 90' lang='grc' dir='ltr'><strong>τίς</strong></span> <span class='ocrx_word' id='word_1_191' title='bbox 2884 1303 3063 1373; x_wconf 82' lang='grc' dir='ltr'>ἔστιν;</span> <span class='ocrx_word' id='word_1_192' title='bbox 3113 1298 3480 1378; x_wconf 83' lang='grc' dir='ltr'>Ἀποκρίνεται</span> <span class='ocrx_word' id='word_1_193' title='bbox 3509 1301 3537 1356; x_wconf 98' lang='lat'><strong>6</strong></span> <span class='ocrx_word' id='word_1_194' title='bbox 3563 1299 3772 1370; x_wconf 84' lang='grc' dir='ltr'>Ἰησοῦς</span> <span class='ocrx_word' id='word_1_195' title='bbox 3793 1321 3808 1336; x_wconf 92' lang='grc'><strong>·</strong></span> 
     </span>
    </p>
   </div>
   <div class='ocr_carea' id='block_1_27' title="bbox 2212 1380 3803 1470">
    <p class='ocr_par' dir='ltr' id='par_1_27' title="bbox 2212 1380 3803 1470">
     <span class='ocr_line' id='line_1_27' title="bbox 2212 1380 3803 1470; baseline -0.005 -17"><span class='ocrx_word' id='word_1_196' title='bbox 2212 1380 2448 1458; x_wconf 80' lang='grc' dir='ltr'>Ἐκεῖνός</span> <span class='ocrx_word' id='word_1_197' title='bbox 2483 1394 2657 1461; x_wconf 83' lang='grc' dir='ltr'>ἐστιν,</span> <span class='ocrx_word' id='word_1_198' title='bbox 2689 1380 2732 1469; x_wconf 71' lang='grc' dir='ltr'>ᾧ</span> <span class='ocrx_word' id='word_1_199' title='bbox 2755 1389 2862 1469; x_wconf 85' lang='grc' dir='ltr'>ἐγὼ</span> <span class='ocrx_word' id='word_1_200' title='bbox 2903 1388 3080 1469; x_wconf 80' lang='grc' dir='ltr'>βάψας</span> <span class='ocrx_word' id='word_1_201' title='bbox 3123 1387 3184 1446; x_wconf 79' lang='grc' dir='ltr'>τὸ</span> <span class='ocrx_word' id='word_1_202' title='bbox 3227 1387 3437 1470; x_wconf 80' lang='grc' dir='ltr'>ψωμίον</span> <span class='ocrx_word' id='word_1_203' title='bbox 3470 1387 3733 1450; x_wconf 80' lang='grc' dir='ltr'>ἐπιδώσω.</span> <span class='ocrx_word' id='word_1_204' title='bbox 3770 1409 3803 1445; x_wconf 75' lang='grc' dir='ltr'>ι)</span> 
     </span>
    </p>
   </div>
   <div class='ocr_carea' id='block_1_28' title="bbox 2212 1475 3811 1557">
    <p class='ocr_par' dir='ltr' id='par_1_28' title="bbox 2212 1475 3811 1557">
     <span class='ocr_line' id='line_1_28' title="bbox 2212 1475 3811 1557; baseline -0.004 -15"><span class='ocrx_word' id='word_1_205' title='bbox 2212 1481 2368 1542; x_wconf 86' lang='grc' dir='ltr'>Διατί</span> <span class='ocrx_word' id='word_1_206' title='bbox 2398 1481 2610 1541; x_wconf 89' lang='grc' dir='ltr'>πάντων</span> <span class='ocrx_word' id='word_1_207' title='bbox 2648 1479 2994 1557; x_wconf 83' lang='grc' dir='ltr'>ἀγωνιώντων</span> <span class='ocrx_word' id='word_1_208' title='bbox 3017 1523 3034 1551; x_wconf 92' lang='grc'><strong>,</strong></span> <span class='ocrx_word' id='word_1_209' title='bbox 3070 1475 3163 1536; x_wconf 84' lang='lat' dir='ltr'><strong>xui</strong></span> <span class='ocrx_word' id='word_1_210' title='bbox 3202 1481 3363 1537; x_wconf 85' lang='grc' dir='ltr'>αὐτοῦ</span> <span class='ocrx_word' id='word_1_211' title='bbox 3404 1483 3495 1537; x_wconf 90' lang='grc' dir='ltr'><strong>τοῦ</strong></span> <span class='ocrx_word' id='word_1_212' title='bbox 3519 1478 3811 1557; x_wconf 78' lang='grc' dir='ltr'>κορυφαίου</span> 
     </span>
    </p>
   </div>
   <div class='ocr_carea' id='block_1_29' title="bbox 2217 1565 3810 1652">
    <p class='ocr_par' dir='ltr' id='par_1_29' title="bbox 2217 1565 3810 1652">
     <span class='ocr_line' id='line_1_29' title="bbox 2217 1565 3810 1652; baseline -0.001 -23"><span class='ocrx_word' id='word_1_213' title='bbox 2217 1572 2422 1652; x_wconf 83' lang='grc' dir='ltr'>Πέτρου</span> <span class='ocrx_word' id='word_1_214' title='bbox 2467 1569 2777 1650; x_wconf 77' lang='grc' dir='ltr'><strong>τρέμοντας,</strong></span> <span class='ocrx_word' id='word_1_215' title='bbox 2811 1573 2839 1628; x_wconf 93' lang='lat'><strong>6</strong></span> <span class='ocrx_word' id='word_1_216' title='bbox 2865 1566 3122 1639; x_wconf 84' lang='grc' dir='ltr'>Ἰωάννης</span> <span class='ocrx_word' id='word_1_217' title='bbox 3149 1565 3335 1649; x_wconf 82' lang='grc' dir='ltr'>ὥσπερ</span> <span class='ocrx_word' id='word_1_218' title='bbox 3374 1569 3639 1647; x_wconf 68' lang='grc' dir='ltr'>ἐντρυφῶν</span> <span class='ocrx_word' id='word_1_219' title='bbox 3670 1566 3810 1627; x_wconf 82' lang='grc' dir='ltr'>ἀνά-</span> 
     </span>
    </p>
   </div>
   <div class='ocr_carea' id='block_1_30' title="bbox 2214 1655 3811 1739">
    <p class='ocr_par' dir='ltr' id='par_1_30' title="bbox 2214 1655 3811 1739">
     <span class='ocr_line' id='line_1_30' title="bbox 2214 1655 3811 1739; baseline -0.003 -20"><span class='ocrx_word' id='word_1_220' title='bbox 2214 1684 2384 1719; x_wconf 86' lang='grc' dir='ltr'>κειται</span> <span class='ocrx_word' id='word_1_221' title='bbox 2411 1662 2464 1719; x_wconf 77' lang='grc' dir='ltr'>ἐν</span> <span class='ocrx_word' id='word_1_222' title='bbox 2496 1664 2572 1739; x_wconf 82' lang='grc' dir='ltr'><strong>τῷ</strong></span> <span class='ocrx_word' id='word_1_223' title='bbox 2600 1664 2692 1718; x_wconf 91' lang='grc' dir='ltr'><strong>τοῦ</strong></span> <span class='ocrx_word' id='word_1_224' title='bbox 2739 1658 2939 1736; x_wconf 81' lang='grc' dir='ltr'>Κυρίου</span> <span class='ocrx_word' id='word_1_225' title='bbox 2976 1657 3197 1739; x_wconf 87' lang='grc' dir='ltr'>κόλπῳ;</span> <span class='ocrx_word' id='word_1_226' title='bbox 3241 1656 3333 1715; x_wconf 85' lang='grc' dir='ltr'><strong>καὶ</strong></span> <span class='ocrx_word' id='word_1_227' title='bbox 3378 1656 3486 1730; x_wconf 88' lang='grc' dir='ltr'>ἔτι,</span> <span class='ocrx_word' id='word_1_228' title='bbox 3518 1655 3657 1715; x_wconf 86' lang='grc' dir='ltr'>διατί</span> <span class='ocrx_word' id='word_1_229' title='bbox 3684 1656 3811 1736; x_wconf 81' lang='grc' dir='ltr'>περὶ</span> 
     </span>
    </p>
   </div>
   <div class='ocr_carea' id='block_1_31' title="bbox 2213 1744 3813 1830">
    <p class='ocr_par' dir='ltr' id='par_1_31' title="bbox 2213 1744 3813 1830">
     <span class='ocr_line' id='line_1_31' title="bbox 2213 1744 3813 1830; baseline -0.003 -22"><span class='ocrx_word' id='word_1_230' title='bbox 2213 1753 2403 1809; x_wconf 83' lang='grc' dir='ltr'>ἑαυτοῦ</span> <span class='ocrx_word' id='word_1_231' title='bbox 2433 1772 2589 1830; x_wconf 82' lang='grc' dir='ltr'>φησιν</span> <span class='ocrx_word' id='word_1_232' title='bbox 2610 1794 2626 1825; x_wconf 89' lang='grc'><strong>,</strong></span> <span class='ocrx_word' id='word_1_233' title='bbox 2657 1749 2736 1808; x_wconf 78' lang='grc' dir='ltr'>ὅτι</span> <span class='ocrx_word' id='word_1_234' title='bbox 2770 1770 2800 1806; x_wconf 88' lang='grc' dir='ltr'>(ι</span> <span class='ocrx_word' id='word_1_235' title='bbox 2827 1746 2882 1806; x_wconf 85' lang='grc' dir='ltr'><strong>ὃν</strong></span> <span class='ocrx_word' id='word_1_236' title='bbox 2913 1747 3102 1825; x_wconf 82' lang='grc' dir='ltr'>ἠγάπα</span> <span class='ocrx_word' id='word_1_237' title='bbox 3131 1750 3159 1804; x_wconf 95' lang='lat'><strong>6</strong></span> <span class='ocrx_word' id='word_1_238' title='bbox 3188 1745 3431 1821; x_wconf 72' lang='grc' dir='ltr'>Ἰησοῦςς</span> <span class='ocrx_word' id='word_1_239' title='bbox 3460 1766 3491 1803; x_wconf 84' lang='grc'><strong>))</strong></span> <span class='ocrx_word' id='word_1_240' title='bbox 3530 1744 3813 1807; x_wconf 86' lang='grc' dir='ltr'>Ἀνέκειτο</span> 
     </span>
    </p>
   </div>
   <div class='ocr_carea' id='block_1_32' title="bbox 2216 1830 3814 1916">
    <p class='ocr_par' dir='ltr' id='par_1_32' title="bbox 2216 1830 3814 1916">
     <span class='ocr_line' id='line_1_32' title="bbox 2216 1830 3814 1916; baseline -0.004 -17"><span class='ocrx_word' id='word_1_241' title='bbox 2216 1840 2312 1916; x_wconf 85' lang='grc' dir='ltr'>μὲν</span> <span class='ocrx_word' id='word_1_242' title='bbox 2354 1830 2443 1898; x_wconf 67' lang='grc' dir='ltr'><strong>οὖν</strong></span> <span class='ocrx_word' id='word_1_243' title='bbox 2483 1841 2571 1899; x_wconf 80' lang='grc' dir='ltr'><strong>διὰ</strong></span> <span class='ocrx_word' id='word_1_244' title='bbox 2600 1842 2768 1897; x_wconf 85' lang='grc' dir='ltr'>ταῦτα</span> <span class='ocrx_word' id='word_1_245' title='bbox 2814 1837 2883 1896; x_wconf 75' lang='grc' dir='ltr'><strong>τὰ</strong></span> <span class='ocrx_word' id='word_1_246' title='bbox 2911 1836 3029 1895; x_wconf 88' lang='grc' dir='ltr'>δύο·</span> <span class='ocrx_word' id='word_1_247' title='bbox 3062 1834 3116 1895; x_wconf 82' lang='grc' dir='ltr'>ἓν</span> <span class='ocrx_word' id='word_1_248' title='bbox 3152 1835 3285 1913; x_wconf 82' lang='grc' dir='ltr'>μὲν,</span> <span class='ocrx_word' id='word_1_249' title='bbox 3330 1834 3411 1895; x_wconf 79' lang='grc' dir='ltr'><strong>ὅτι</strong></span> <span class='ocrx_word' id='word_1_250' title='bbox 3457 1834 3814 1912; x_wconf 75' lang='grc' dir='ltr'>ἀγαπώμενος</span> 
     </span>
    </p>
   </div>
   <div class='ocr_carea' id='block_1_33' title="bbox 500 1921 2105 2005">
    <p class='ocr_par' dir='ltr' id='par_1_33' title="bbox 500 1929 2105 2005">
     <span class='ocr_line' id='line_1_33' title="bbox 500 1929 2105 2005; baseline -0.002 -16"><span class='ocrx_word' id='word_1_251' title='bbox 500 1947 615 2005; x_wconf 66' lang='lat' dir='ltr'><strong>prae</strong></span> <span class='ocrx_word' id='word_1_252' title='bbox 659 1933 916 1989; x_wconf 90' lang='lat' dir='ltr'><strong>omnibus</strong></span> <span class='ocrx_word' id='word_1_253' title='bbox 951 1932 1075 1988; x_wconf 90' lang='lat' dir='ltr'><strong>aliis</strong></span> <span class='ocrx_word' id='word_1_254' title='bbox 1115 1931 1444 2003; x_wconf 89' lang='lat' dir='ltr'><strong>diligebatur</strong></span> <span class='ocrx_word' id='word_1_255' title='bbox 1486 1932 1746 1987; x_wconf 88' lang='lat' dir='ltr'><strong>maxime.</strong></span> <span class='ocrx_word' id='word_1_256' title='bbox 1783 1929 2105 1987; x_wconf 85' lang='lat' dir='ltr'><strong>Dilectionis</strong></span> 
     </span>
    </p>
   </div>
   <div class='ocr_carea' id='block_1_34' title="bbox 2214 1921 3809 2005">
    <p class='ocr_par' dir='ltr' id='par_1_34' title="bbox 2215 1921 3809 2005">
     <span class='ocr_line' id='line_1_34' title="bbox 2215 1921 3809 2005; baseline -0.004 -16"><span class='ocrx_word' id='word_1_257' title='bbox 2215 1921 2281 2003; x_wconf 71' lang='grc' dir='ltr'><strong>ἧν</strong></span> <span class='ocrx_word' id='word_1_258' title='bbox 2311 1929 2523 1987; x_wconf 88' lang='grc' dir='ltr'>πάντων</span> <span class='ocrx_word' id='word_1_259' title='bbox 2571 1927 2806 2005; x_wconf 87' lang='grc' dir='ltr'>μάλιστα</span> <span class='ocrx_word' id='word_1_260' title='bbox 2838 1928 2943 1984; x_wconf 81' lang='grc' dir='ltr'><strong>τῶν</strong></span> <span class='ocrx_word' id='word_1_261' title='bbox 2973 1925 3178 1985; x_wconf 76' lang='grc' dir='ltr'>ἄλλων·</span> <span class='ocrx_word' id='word_1_262' title='bbox 3230 1923 3442 2001; x_wconf 81' lang='grc' dir='ltr'>ἀγάπης</span> <span class='ocrx_word' id='word_1_263' title='bbox 3476 1925 3531 1983; x_wconf 86' lang='grc' dir='ltr'>δὲ</span> <span class='ocrx_word' id='word_1_264' title='bbox 3578 1928 3809 2001; x_wconf 88' lang='grc' dir='ltr'>σημεῖον</span> 
     </span>
    </p>
   </div>
   <div class='ocr_carea' id='block_1_35' title="bbox 499 2021 2105 2095">
    <p class='ocr_par' dir='ltr' id='par_1_35' title="bbox 499 2021 2105 2095">
     <span class='ocr_line' id='line_1_35' title="bbox 499 2021 2105 2095; baseline -0.003 -16"><span class='ocrx_word' id='word_1_265' title='bbox 499 2031 684 2079; x_wconf 90' lang='lat' dir='ltr'><strong>autem</strong></span> <span class='ocrx_word' id='word_1_266' title='bbox 738 2022 981 2095; x_wconf 89' lang='lat' dir='ltr'><strong>signum,</strong></span> <span class='ocrx_word' id='word_1_267' title='bbox 1031 2021 1354 2077; x_wconf 88' lang='lat' dir='ltr'><strong>recumbere</strong></span> <span class='ocrx_word' id='word_1_268' title='bbox 1394 2037 1523 2076; x_wconf 91' lang='lat' dir='ltr'><strong>cum</strong></span> <span class='ocrx_word' id='word_1_269' title='bbox 1570 2021 1832 2076; x_wconf 92' lang='lat' dir='ltr'><strong>Domino.</strong></span> <span class='ocrx_word' id='word_1_270' title='bbox 1892 2022 2105 2088; x_wconf 77' lang='lat' dir='ltr'><strong>Altera,</strong></span> 
     </span>
    </p>
   </div>
   <div class='ocr_carea' id='block_1_36' title="bbox 499 2109 2108 2184">
    <p class='ocr_par' dir='ltr' id='par_1_36' title="bbox 499 2109 2108 2184">
     <span class='ocr_line' id='line_1_36' title="bbox 499 2109 2108 2184; baseline -0.001 -17"><span class='ocrx_word' id='word_1_271' title='bbox 499 2112 630 2184; x_wconf 89' lang='lat' dir='ltr'><strong>quia</strong></span> <span class='ocrx_word' id='word_1_272' title='bbox 659 2111 876 2167; x_wconf 89' lang='lat' dir='ltr'><strong>volebat</strong></span> <span class='ocrx_word' id='word_1_273' title='bbox 904 2126 963 2166; x_wconf 90' lang='lat' dir='ltr'><strong>se</strong></span> <span class='ocrx_word' id='word_1_274' title='bbox 991 2110 1286 2166; x_wconf 88' lang='lat' dir='ltr'><strong>ostendere</strong></span> <span class='ocrx_word' id='word_1_275' title='bbox 1305 2110 1544 2165; x_wconf 89' lang='lat' dir='ltr'><strong>alienum</strong></span> <span class='ocrx_word' id='word_1_276' title='bbox 1573 2126 1603 2165; x_wconf 89' lang='lat' dir='ltr'><strong>a</strong></span> <span class='ocrx_word' id='word_1_277' title='bbox 1630 2109 1865 2165; x_wconf 89' lang='lat' dir='ltr'><strong>crimine</strong></span> <span class='ocrx_word' id='word_1_278' title='bbox 1891 2125 1986 2181; x_wconf 89' lang='lat' dir='ltr'><strong>per</strong></span> <span class='ocrx_word' id='word_1_279' title='bbox 2003 2110 2108 2165; x_wconf 89' lang='lat' dir='ltr'><strong>hoc</strong></span> 
     </span>
    </p>
   </div>
   <div class='ocr_carea' id='block_1_37' title="bbox 503 2198 2108 2273">
    <p class='ocr_par' dir='ltr' id='par_1_37' title="bbox 503 2198 2108 2273">
     <span class='ocr_line' id='line_1_37' title="bbox 503 2198 2108 2273; baseline -0.001 -17"><span class='ocrx_word' id='word_1_280' title='bbox 503 2200 653 2273; x_wconf 91' lang='lat' dir='ltr'><strong>quod</strong></span> <span class='ocrx_word' id='word_1_281' title='bbox 678 2209 797 2256; x_wconf 88' lang='lat' dir='ltr'><strong>tam</strong></span> <span class='ocrx_word' id='word_1_282' title='bbox 821 2199 990 2255; x_wconf 89' lang='lat' dir='ltr'><strong>libera</strong></span> <span class='ocrx_word' id='word_1_283' title='bbox 1016 2200 1089 2254; x_wconf 93' lang='lat' dir='ltr'><strong>illi</strong></span> <span class='ocrx_word' id='word_1_284' title='bbox 1121 2215 1249 2255; x_wconf 91' lang='lat' dir='ltr'><strong>cum</strong></span> <span class='ocrx_word' id='word_1_285' title='bbox 1281 2198 1502 2254; x_wconf 90' lang='lat' dir='ltr'><strong>Christo</strong></span> <span class='ocrx_word' id='word_1_286' title='bbox 1545 2199 1901 2255; x_wconf 82' lang='lat' dir='ltr'><strong>familiaritas.</strong></span> <span class='ocrx_word' id='word_1_287' title='bbox 1939 2202 2022 2255; x_wconf 90' lang='lat' dir='ltr'><strong>De</strong></span> <span class='ocrx_word' id='word_1_288' title='bbox 2049 2214 2108 2254; x_wconf 91' lang='lat' dir='ltr'><strong>se</strong></span> 
     </span>
    </p>
   </div>
   <div class='ocr_carea' id='block_1_38' title="bbox 504 2288 2109 2361">
    <p class='ocr_par' dir='ltr' id='par_1_38' title="bbox 504 2288 2109 2361">
     <span class='ocr_line' id='line_1_38' title="bbox 504 2288 2109 2361; baseline 0 -16"><span class='ocrx_word' id='word_1_289' title='bbox 504 2298 690 2345; x_wconf 90' lang='lat' dir='ltr'><strong>autem</strong></span> <span class='ocrx_word' id='word_1_290' title='bbox 716 2297 948 2345; x_wconf 89' lang='lat' dir='ltr'><strong>testatur</strong></span> <span class='ocrx_word' id='word_1_291' title='bbox 973 2288 1120 2361; x_wconf 91' lang='lat' dir='ltr'><strong>quod</strong></span> <span class='ocrx_word' id='word_1_292' title='bbox 1178 2288 1431 2345; x_wconf 87' lang='lat' dir='ltr'><strong>dilexerit</strong></span> <span class='ocrx_word' id='word_1_293' title='bbox 1484 2289 1667 2360; x_wconf 88' lang='lat' dir='ltr'><strong>ipsum</strong></span> <span class='ocrx_word' id='word_1_294' title='bbox 1712 2291 1893 2355; x_wconf 91' lang='lat' dir='ltr'><strong>Jesus,</strong></span> <span class='ocrx_word' id='word_1_295' title='bbox 1939 2296 1999 2345; x_wconf 92' lang='lat' dir='ltr'><strong>ut</strong></span> <span class='ocrx_word' id='word_1_296' title='bbox 2038 2303 2109 2345; x_wconf 90' lang='lat' dir='ltr'><strong>ne</strong></span> 
     </span>
    </p>
   </div>
   <div class='ocr_carea' id='block_1_39' title="bbox 504 2377 2107 2451">
    <p class='ocr_par' dir='ltr' id='par_1_39' title="bbox 504 2377 2107 2451">
     <span class='ocr_line' id='line_1_39' title="bbox 504 2377 2107 2451; baseline 0 -16"><span class='ocrx_word' id='word_1_297' title='bbox 504 2394 631 2435; x_wconf 92' lang='lat' dir='ltr'><strong>cum</strong></span> <span class='ocrx_word' id='word_1_298' title='bbox 654 2387 714 2435; x_wconf 92' lang='lat' dir='ltr'><strong>tu</strong></span> <span class='ocrx_word' id='word_1_299' title='bbox 742 2377 976 2435; x_wconf 90' lang='lat' dir='ltr'><strong>audieris</strong></span> <span class='ocrx_word' id='word_1_300' title='bbox 1006 2378 1155 2451; x_wconf 92' lang='lat' dir='ltr'><strong>quod</strong></span> <span class='ocrx_word' id='word_1_301' title='bbox 1191 2378 1383 2435; x_wconf 87' lang='lat' dir='ltr'><strong>innuat</strong></span> <span class='ocrx_word' id='word_1_302' title='bbox 1410 2378 1464 2434; x_wconf 92' lang='lat' dir='ltr'><strong>ei</strong></span> <span class='ocrx_word' id='word_1_303' title='bbox 1507 2381 1719 2446; x_wconf 90' lang='lat' dir='ltr'><strong>Petrus,</strong></span> <span class='ocrx_word' id='word_1_304' title='bbox 1764 2388 1826 2435; x_wconf 90' lang='lat' dir='ltr'><strong>ut</strong></span> <span class='ocrx_word' id='word_1_305' title='bbox 1871 2378 2107 2435; x_wconf 87' lang='lat' dir='ltr'><strong>interro-</strong></span> 
     </span>
    </p>
   </div>
   <div class='ocr_carea' id='block_1_40' title="bbox 505 2466 2103 2542">
    <p class='ocr_par' dir='ltr' id='par_1_40' title="bbox 505 2466 2103 2542">
     <span class='ocr_line' id='line_1_40' title="bbox 505 2466 2103 2542; baseline 0.001 -18"><span class='ocrx_word' id='word_1_306' title='bbox 505 2477 679 2542; x_wconf 88' lang='lat' dir='ltr'><strong>garet,</strong></span> <span class='ocrx_word' id='word_1_307' title='bbox 716 2477 876 2540; x_wconf 90' lang='lat' dir='ltr'><strong>putes</strong></span> <span class='ocrx_word' id='word_1_308' title='bbox 898 2466 1048 2540; x_wconf 92' lang='lat' dir='ltr'><strong>quod</strong></span> <span class='ocrx_word' id='word_1_309' title='bbox 1100 2477 1365 2540; x_wconf 89' lang='lat' dir='ltr'><strong>tanquam</strong></span> <span class='ocrx_word' id='word_1_310' title='bbox 1413 2469 1615 2541; x_wconf 88' lang='lat' dir='ltr'><strong>majori</strong></span> <span class='ocrx_word' id='word_1_311' title='bbox 1662 2469 1764 2541; x_wconf 91' lang='lat' dir='ltr'><strong>ipsi</strong></span> <span class='ocrx_word' id='word_1_312' title='bbox 1819 2468 2103 2525; x_wconf 86' lang='lat' dir='ltr'><strong>innuerit:</strong></span> 
     </span>
    </p>
   </div>
   <div class='ocr_carea' id='block_1_41' title="bbox 506 2556 2105 2631">
    <p class='ocr_par' dir='ltr' id='par_1_41' title="bbox 506 2556 2105 2631">
     <span class='ocr_line' id='line_1_41' title="bbox 506 2556 2105 2631; baseline -0.001 -16"><span class='ocrx_word' id='word_1_313' title='bbox 506 2559 650 2615; x_wconf 91' lang='lat' dir='ltr'><strong>unde</strong></span> <span class='ocrx_word' id='word_1_314' title='bbox 678 2558 810 2615; x_wconf 84' lang='lat' dir='ltr'><strong>dicit</strong></span> <span class='ocrx_word' id='word_1_315' title='bbox 854 2558 1194 2630; x_wconf 85' lang='lat' dir='ltr'><strong>evangelista</strong></span> <span class='ocrx_word' id='word_1_316' title='bbox 1224 2556 1293 2613; x_wconf 89' lang='lat' dir='ltr'><strong>de</strong></span> <span class='ocrx_word' id='word_1_317' title='bbox 1333 2574 1413 2626; x_wconf 88' lang='lat' dir='ltr'><strong>se,</strong></span> <span class='ocrx_word' id='word_1_318' title='bbox 1441 2557 1594 2631; x_wconf 92' lang='lat' dir='ltr'><strong>quod</strong></span> <span class='ocrx_word' id='word_1_319' title='bbox 1637 2561 1832 2614; x_wconf 85' lang='lat' dir='ltr'><strong>Petrus</strong></span> <span class='ocrx_word' id='word_1_320' title='bbox 1870 2558 1974 2613; x_wconf 91' lang='lat' dir='ltr'><strong>sibi</strong></span> <span class='ocrx_word' id='word_1_321' title='bbox 2018 2558 2105 2615; x_wconf 85' lang='lat' dir='ltr'><strong>iu-</strong></span> 
     </span>
    </p>
   </div>
   <div class='ocr_carea' id='block_1_42' title="bbox 503 2646 2109 2720">
    <p class='ocr_par' dir='ltr' id='par_1_42' title="bbox 503 2646 2109 2720">
     <span class='ocr_line' id='line_1_42' title="bbox 503 2646 2109 2720; baseline -0.001 -16"><span class='ocrx_word' id='word_1_322' title='bbox 503 2650 625 2704; x_wconf 88' lang='lat' dir='ltr'><strong>nuit</strong></span> <span class='ocrx_word' id='word_1_323' title='bbox 663 2664 779 2704; x_wconf 92' lang='lat' dir='ltr'><strong>non</strong></span> <span class='ocrx_word' id='word_1_324' title='bbox 822 2655 882 2704; x_wconf 92' lang='lat' dir='ltr'><strong>ut</strong></span> <span class='ocrx_word' id='word_1_325' title='bbox 927 2648 1149 2720; x_wconf 88' lang='lat' dir='ltr'><strong>majori,</strong></span> <span class='ocrx_word' id='word_1_326' title='bbox 1201 2648 1293 2703; x_wconf 92' lang='lat' dir='ltr'><strong>sed</strong></span> <span class='ocrx_word' id='word_1_327' title='bbox 1326 2656 1389 2703; x_wconf 91' lang='lat' dir='ltr'><strong>ut</strong></span> <span class='ocrx_word' id='word_1_328' title='bbox 1425 2648 1475 2703; x_wconf 91' lang='lat' dir='ltr'><strong>ei</strong></span> <span class='ocrx_word' id='word_1_329' title='bbox 1520 2647 1613 2720; x_wconf 90' lang='lat' dir='ltr'><strong>qui</strong></span> <span class='ocrx_word' id='word_1_330' title='bbox 1657 2646 1890 2703; x_wconf 88' lang='lat' dir='ltr'><strong>dilectus</strong></span> <span class='ocrx_word' id='word_1_331' title='bbox 1930 2649 2109 2720; x_wconf 88' lang='lat' dir='ltr'><strong>magis</strong></span> 
     </span>
    </p>
   </div>
   <div class='ocr_carea' id='block_1_43' title="bbox 449 2732 2104 2809">
    <p class='ocr_par' dir='ltr' id='par_1_43' title="bbox 449 2732 2104 2809">
     <span class='ocr_line' id='line_1_43' title="bbox 449 2732 2104 2809; baseline 0 -17"><span class='ocrx_word' id='word_1_332' title='bbox 449 2732 453 2737; x_wconf 73' lang='grc'><em>’</em></span> <span class='ocrx_word' id='word_1_333' title='bbox 504 2735 687 2793; x_wconf 86' lang='lat' dir='ltr'><strong>fuerat</strong></span> <span class='ocrx_word' id='word_1_334' title='bbox 726 2753 756 2792; x_wconf 92' lang='lat' dir='ltr'><strong>a</strong></span> <span class='ocrx_word' id='word_1_335' title='bbox 788 2737 1068 2805; x_wconf 84' lang='lat' dir='ltr'><strong>Domino;</strong></span> <span class='ocrx_word' id='word_1_336' title='bbox 1118 2745 1173 2792; x_wconf 91' lang='lat' dir='ltr'><strong>et</strong></span> <span class='ocrx_word' id='word_1_337' title='bbox 1210 2736 1284 2791; x_wconf 89' lang='lat' dir='ltr'><strong>ita</strong></span> <span class='ocrx_word' id='word_1_338' title='bbox 1323 2738 1500 2809; x_wconf 89' lang='lat' dir='ltr'><strong>magis</strong></span> <span class='ocrx_word' id='word_1_339' title='bbox 1550 2737 1894 2807; x_wconf 86' lang='lat' dir='ltr'><strong>humilitatis,</strong></span> <span class='ocrx_word' id='word_1_340' title='bbox 1933 2754 2104 2809; x_wconf 90' lang='lat' dir='ltr'><strong>quam</strong></span> 
     </span>
    </p>
   </div>
   <div class='ocr_carea' id='block_1_44' title="bbox 505 2826 2103 2899">
    <p class='ocr_par' dir='ltr' id='par_1_44' title="bbox 505 2826 2103 2899">
     <span class='ocr_line' id='line_1_44' title="bbox 505 2826 2103 2899; baseline -0.001 -17"><span class='ocrx_word' id='word_1_341' title='bbox 505 2826 888 2883; x_wconf 87' lang='lat' dir='ltr'><strong>ostentationis</strong></span> <span class='ocrx_word' id='word_1_342' title='bbox 916 2827 1147 2881; x_wconf 87' lang='lat' dir='ltr'><strong>verbum</strong></span> <span class='ocrx_word' id='word_1_343' title='bbox 1177 2834 1282 2881; x_wconf 90' lang='lat' dir='ltr'><strong>est.</strong></span> <span class='ocrx_word' id='word_1_344' title='bbox 1311 2827 1437 2881; x_wconf 89' lang='lat' dir='ltr'><strong>Non</strong></span> <span class='ocrx_word' id='word_1_345' title='bbox 1464 2826 1613 2882; x_wconf 92' lang='lat' dir='ltr'><strong>enim</strong></span> <span class='ocrx_word' id='word_1_346' title='bbox 1652 2826 1803 2894; x_wconf 89' lang='lat' dir='ltr'><strong>dicit,</strong></span> <span class='ocrx_word' id='word_1_347' title='bbox 1834 2829 1950 2899; x_wconf 89' lang='lat' dir='ltr'><strong>Ego</strong></span> <span class='ocrx_word' id='word_1_348' title='bbox 1984 2826 2103 2882; x_wconf 82' lang='lat' dir='ltr'><strong>dili-</strong></span> 
     </span>
    </p>
   </div>
   <div class='ocr_carea' id='block_1_45' title="bbox 507 2914 2102 2987">
    <p class='ocr_par' dir='ltr' id='par_1_45' title="bbox 507 2914 2102 2987">
     <span class='ocr_line' id='line_1_45' title="bbox 507 2914 2102 2987; baseline 0.001 -17"><span class='ocrx_word' id='word_1_349' title='bbox 507 2917 703 2987; x_wconf 90' lang='lat' dir='ltr'><strong>gebam</strong></span> <span class='ocrx_word' id='word_1_350' title='bbox 724 2916 939 2983; x_wconf 87' lang='lat' dir='ltr'><strong>Jesum,</strong></span> <span class='ocrx_word' id='word_1_351' title='bbox 968 2914 1122 2986; x_wconf 90' lang='lat' dir='ltr'><strong>quod</strong></span> <span class='ocrx_word' id='word_1_352' title='bbox 1141 2914 1208 2970; x_wconf 91' lang='lat' dir='ltr'><strong>de</strong></span> <span class='ocrx_word' id='word_1_353' title='bbox 1234 2917 1399 2970; x_wconf 87' lang='lat' dir='ltr'><strong>Petro</strong></span> <span class='ocrx_word' id='word_1_354' title='bbox 1425 2923 1786 2986; x_wconf 90' lang='lat' dir='ltr'><strong>protestatur,</strong></span> <span class='ocrx_word' id='word_1_355' title='bbox 1812 2915 1914 2971; x_wconf 92' lang='lat' dir='ltr'><strong>sed</strong></span> <span class='ocrx_word' id='word_1_356' title='bbox 1936 2914 2102 2987; x_wconf 79' lang='lat' dir='ltr'><strong>quid?</strong></span> 
     </span>
    </p>
   </div>
   <div class='ocr_carea' id='block_1_46' title="bbox 506 3002 2104 3076">
    <p class='ocr_par' dir='ltr' id='par_1_46' title="bbox 506 3002 2104 3076">
     <span class='ocr_line' id='line_1_46' title="bbox 506 3002 2104 3076; baseline 0 -16"><span class='ocrx_word' id='word_1_357' title='bbox 506 3005 607 3060; x_wconf 84' lang='lat' dir='ltr'><strong>Ille</strong></span> <span class='ocrx_word' id='word_1_358' title='bbox 645 3003 817 3069; x_wconf 87' lang='lat' dir='ltr'><strong>enim,</strong></span> <span class='ocrx_word' id='word_1_359' title='bbox 848 3003 1042 3075; x_wconf 91' lang='lat' dir='ltr'><strong>inquit,</strong></span> <span class='ocrx_word' id='word_1_360' title='bbox 1080 3002 1341 3074; x_wconf 87' lang='lat' dir='ltr'><strong>diligebat</strong></span> <span class='ocrx_word' id='word_1_361' title='bbox 1370 3019 1479 3071; x_wconf 91' lang='lat' dir='ltr'><strong>me,</strong></span> <span class='ocrx_word' id='word_1_362' title='bbox 1507 3004 1599 3076; x_wconf 92' lang='lat' dir='ltr'><strong>qui</strong></span> <span class='ocrx_word' id='word_1_363' title='bbox 1628 3012 1851 3076; x_wconf 89' lang='lat' dir='ltr'><strong>propter</strong></span> <span class='ocrx_word' id='word_1_364' title='bbox 1885 3005 2104 3061; x_wconf 84' lang='lat' dir='ltr'><strong>miseri-</strong></span> 
     </span>
    </p>
   </div>
   <div class='ocr_carea' id='block_1_47' title="bbox 503 3092 2101 3164">
    <p class='ocr_par' dir='ltr' id='par_1_47' title="bbox 503 3092 2101 3164">
     <span class='ocr_line' id='line_1_47' title="bbox 503 3092 2101 3164; baseline 0 -15"><span class='ocrx_word' id='word_1_365' title='bbox 503 3092 750 3150; x_wconf 90' lang='lat' dir='ltr'><strong>cordiam</strong></span> <span class='ocrx_word' id='word_1_366' title='bbox 800 3100 858 3149; x_wconf 91' lang='lat' dir='ltr'><strong>et</strong></span> <span class='ocrx_word' id='word_1_367' title='bbox 917 3092 1331 3148; x_wconf 89' lang='lat' dir='ltr'><strong>miserationem</strong></span> <span class='ocrx_word' id='word_1_368' title='bbox 1379 3108 1542 3148; x_wconf 89' lang='lat' dir='ltr'><strong>suam</strong></span> <span class='ocrx_word' id='word_1_369' title='bbox 1604 3102 1921 3164; x_wconf 86' lang='lat' dir='ltr'><strong>susceperat</strong></span> <span class='ocrx_word' id='word_1_370' title='bbox 1990 3109 2101 3149; x_wconf 90' lang='lat' dir='ltr'><strong>me.</strong></span> 
     </span>
    </p>
   </div>
   <div class='ocr_carea' id='block_1_48' title="bbox 508 3180 2102 3255">
    <p class='ocr_par' dir='ltr' id='par_1_48' title="bbox 508 3180 2102 3255">
     <span class='ocr_line' id='line_1_48' title="bbox 508 3180 2102 3255; baseline -0.001 -16"><span class='ocrx_word' id='word_1_371' title='bbox 508 3180 676 3255; x_wconf 89' lang='lat' dir='ltr'><strong>Quod</strong></span> <span class='ocrx_word' id='word_1_372' title='bbox 702 3190 758 3237; x_wconf 92' lang='lat' dir='ltr'><strong>et</strong></span> <span class='ocrx_word' id='word_1_373' title='bbox 794 3181 1093 3253; x_wconf 87' lang='lat' dir='ltr'><strong>Apostolus</strong></span> <span class='ocrx_word' id='word_1_374' title='bbox 1121 3180 1256 3237; x_wconf 89' lang='lat' dir='ltr'><strong>dicit</strong></span> <span class='ocrx_word' id='word_1_375' title='bbox 1279 3180 1325 3214; x_wconf 80' lang='grc'><strong>⁴⁰</strong></span> <span class='ocrx_word' id='word_1_376' title='bbox 1363 3200 1377 3237; x_wconf 90' lang='lat'>:</span> <span class='ocrx_word' id='word_1_377' title='bbox 1413 3203 1439 3230; x_wconf 80' lang='grc' dir='ltr'><strong>σι</strong></span> <span class='ocrx_word' id='word_1_378' title='bbox 1486 3183 1815 3253; x_wconf 88' lang='lat' dir='ltr'><strong>Persequor,</strong></span> <span class='ocrx_word' id='word_1_379' title='bbox 1872 3183 1916 3237; x_wconf 90' lang='lat' dir='ltr'><strong>si</strong></span> <span class='ocrx_word' id='word_1_380' title='bbox 1949 3199 2102 3238; x_wconf 88' lang='lat' dir='ltr'><strong>com-</strong></span> 
     </span>
    </p>
   </div>
   <div class='ocr_carea' id='block_1_49' title="bbox 2216 2012 3812 2095">
    <p class='ocr_par' dir='ltr' id='par_1_49' title="bbox 2216 2012 3812 2095">
     <span class='ocr_line' id='line_1_49' title="bbox 2216 2012 3812 2095; baseline -0.002 -18"><span class='ocrx_word' id='word_1_381' title='bbox 2216 2020 2277 2077; x_wconf 87' lang='grc' dir='ltr'>τὸ</span> <span class='ocrx_word' id='word_1_382' title='bbox 2308 2021 2618 2077; x_wconf 86' lang='grc' dir='ltr'>ἀνακεῖσθαι</span> <span class='ocrx_word' id='word_1_383' title='bbox 2650 2015 2786 2094; x_wconf 84' lang='grc' dir='ltr'>μετὰ</span> <span class='ocrx_word' id='word_1_384' title='bbox 2816 2021 2908 2074; x_wconf 89' lang='grc' dir='ltr'><strong>τοῦ</strong></span> <span class='ocrx_word' id='word_1_385' title='bbox 2954 2014 3175 2094; x_wconf 79' lang='grc' dir='ltr'>Κυρίου.</span> <span class='ocrx_word' id='word_1_386' title='bbox 3262 2012 3490 2095; x_wconf 83' lang='grc' dir='ltr'>Ἕτερον</span> <span class='ocrx_word' id='word_1_387' title='bbox 3531 2013 3615 2087; x_wconf 78' lang='grc' dir='ltr'>δὲ,</span> <span class='ocrx_word' id='word_1_388' title='bbox 3648 2013 3812 2074; x_wconf 85' lang='grc' dir='ltr'>ἀλλό-</span> 
     </span>
    </p>
   </div>
   <div class='ocr_carea' id='block_1_50' title="bbox 2216 2102 3812 2187">
    <p class='ocr_par' dir='ltr' id='par_1_50' title="bbox 2216 2102 3812 2187">
     <span class='ocr_line' id='line_1_50' title="bbox 2216 2102 3812 2187; baseline -0.003 -21"><span class='ocrx_word' id='word_1_389' title='bbox 2216 2130 2358 2187; x_wconf 92' lang='grc' dir='ltr'>τριον</span> <span class='ocrx_word' id='word_1_390' title='bbox 2402 2106 2589 2167; x_wconf 77' lang='grc' dir='ltr'>ἑαυτὸν</span> <span class='ocrx_word' id='word_1_391' title='bbox 2619 2111 2711 2165; x_wconf 90' lang='grc' dir='ltr'><strong>τοῦ</strong></span> <span class='ocrx_word' id='word_1_392' title='bbox 2756 2104 3088 2184; x_wconf 82' lang='grc' dir='ltr'>ἐγκλήματος</span> <span class='ocrx_word' id='word_1_393' title='bbox 3136 2102 3298 2172; x_wconf 82' lang='grc' dir='ltr'>δεῖξαι</span> <span class='ocrx_word' id='word_1_394' title='bbox 3351 2104 3669 2182; x_wconf 85' lang='grc' dir='ltr'>βουλόμενος</span> <span class='ocrx_word' id='word_1_395' title='bbox 3720 2103 3812 2162; x_wconf 82' lang='grc' dir='ltr'><strong>διὰ</strong></span> 
     </span>
    </p>
   </div>
   <div class='ocr_carea' id='block_1_51' title="bbox 2214 2192 3806 2278">
    <p class='ocr_par' dir='ltr' id='par_1_51' title="bbox 2214 2192 3806 2278">
     <span class='ocr_line' id='line_1_51' title="bbox 2214 2192 3806 2278; baseline -0.002 -22"><span class='ocrx_word' id='word_1_396' title='bbox 2214 2202 2306 2256; x_wconf 86' lang='grc' dir='ltr'><strong>τοῦ</strong></span> <span class='ocrx_word' id='word_1_397' title='bbox 2355 2195 2814 2278; x_wconf 70' lang='grc' dir='ltr'>παρρησιάζεσθαι</span> <span class='ocrx_word' id='word_1_398' title='bbox 2856 2195 2948 2253; x_wconf 82' lang='grc' dir='ltr'><strong>καὶ</strong></span> <span class='ocrx_word' id='word_1_399' title='bbox 2997 2195 3232 2275; x_wconf 75' lang='grc' dir='ltr'>θαῤῥεῐν.</span> <span class='ocrx_word' id='word_1_400' title='bbox 3320 2192 3456 2272; x_wconf 78' lang='grc' dir='ltr'>Περὶ</span> <span class='ocrx_word' id='word_1_401' title='bbox 3505 2195 3694 2251; x_wconf 80' lang='grc' dir='ltr'>ἑαυτοῦ</span> <span class='ocrx_word' id='word_1_402' title='bbox 3746 2194 3806 2253; x_wconf 81' lang='grc' dir='ltr'>δὲ</span> 
     </span>
    </p>
   </div>
   <div class='ocr_carea' id='block_1_52' title="bbox 2217 2281 3806 2367">
    <p class='ocr_par' dir='ltr' id='par_1_52' title="bbox 2217 2281 3806 2367">
     <span class='ocr_line' id='line_1_52' title="bbox 2217 2281 3806 2367; baseline -0.001 -23"><span class='ocrx_word' id='word_1_403' title='bbox 2217 2294 2503 2367; x_wconf 87' lang='grc' dir='ltr'>μαρτυρεῖ,</span> <span class='ocrx_word' id='word_1_404' title='bbox 2534 2284 2615 2344; x_wconf 77' lang='grc' dir='ltr'><strong>ὅτι</strong></span> <span class='ocrx_word' id='word_1_405' title='bbox 2656 2283 2844 2362; x_wconf 83' lang='grc' dir='ltr'>ἠγάπα</span> <span class='ocrx_word' id='word_1_406' title='bbox 2875 2283 3030 2343; x_wconf 81' lang='grc' dir='ltr'>αὐτὸν</span> <span class='ocrx_word' id='word_1_407' title='bbox 3061 2286 3089 2340; x_wconf 89' lang='lat'><strong>6</strong></span> <span class='ocrx_word' id='word_1_408' title='bbox 3129 2284 3362 2355; x_wconf 89' lang='grc' dir='ltr'>Ἰησοῦς,</span> <span class='ocrx_word' id='word_1_409' title='bbox 3394 2283 3610 2358; x_wconf 83' lang='grc' dir='ltr'>ζήτημα</span> <span class='ocrx_word' id='word_1_410' title='bbox 3640 2281 3806 2343; x_wconf 88' lang='grc' dir='ltr'>λύων.</span> 
     </span>
    </p>
   </div>
   <div class='ocr_carea' id='block_1_53' title="bbox 2213 2369 3815 2455">
    <p class='ocr_par' dir='ltr' id='par_1_53' title="bbox 2213 2369 3815 2455">
     <span class='ocr_line' id='line_1_53' title="bbox 2213 2369 3815 2455; baseline -0.003 -20"><span class='ocrx_word' id='word_1_411' title='bbox 2213 2371 2337 2435; x_wconf 84' lang='grc' dir='ltr'>Ἵνα</span> <span class='ocrx_word' id='word_1_412' title='bbox 2365 2375 2468 2455; x_wconf 83' lang='grc' dir='ltr'><strong>γὰρ</strong></span> <span class='ocrx_word' id='word_1_413' title='bbox 2513 2373 2589 2452; x_wconf 79' lang='grc' dir='ltr'><strong>μὴ</strong></span> <span class='ocrx_word' id='word_1_414' title='bbox 2635 2372 2841 2431; x_wconf 88' lang='grc' dir='ltr'>ἀκούων</span> <span class='ocrx_word' id='word_1_415' title='bbox 2883 2370 2981 2445; x_wconf 76' lang='grc' dir='ltr'><strong>σὺ,</strong></span> <span class='ocrx_word' id='word_1_416' title='bbox 3010 2370 3092 2432; x_wconf 79' lang='grc' dir='ltr'>ὅτι</span> <span class='ocrx_word' id='word_1_417' title='bbox 3129 2369 3337 2430; x_wconf 79' lang='grc' dir='ltr'>ἔνευσεν</span> <span class='ocrx_word' id='word_1_418' title='bbox 3368 2373 3512 2451; x_wconf 82' lang='grc' dir='ltr'>αὐτῷ</span> <span class='ocrx_word' id='word_1_419' title='bbox 3553 2374 3580 2429; x_wconf 90' lang='lat'><strong>6</strong></span> <span class='ocrx_word' id='word_1_420' title='bbox 3611 2371 3815 2451; x_wconf 82' lang='grc' dir='ltr'>Πέτρος</span> 
     </span>
    </p>
   </div>
   <div class='ocr_carea' id='block_1_54' title="bbox 2216 2459 3812 2544">
    <p class='ocr_par' dir='ltr' id='par_1_54' title="bbox 2216 2459 3812 2544">
     <span class='ocr_line' id='line_1_54' title="bbox 2216 2459 3812 2544; baseline -0.001 -21"><span class='ocrx_word' id='word_1_421' title='bbox 2216 2466 2520 2544; x_wconf 76' lang='grc' dir='ltr'>ἐρωτῆσαι,</span> <span class='ocrx_word' id='word_1_422' title='bbox 2571 2461 2834 2542; x_wconf 80' lang='grc' dir='ltr'>νομίσῃς,</span> <span class='ocrx_word' id='word_1_423' title='bbox 2888 2459 2969 2520; x_wconf 79' lang='grc' dir='ltr'><strong>ὅτι</strong></span> <span class='ocrx_word' id='word_1_424' title='bbox 3018 2464 3089 2530; x_wconf 83' lang='grc' dir='ltr'><strong>ὡς</strong></span> <span class='ocrx_word' id='word_1_425' title='bbox 3143 2460 3343 2538; x_wconf 83' lang='grc' dir='ltr'>μείζονι</span> <span class='ocrx_word' id='word_1_426' title='bbox 3405 2463 3550 2541; x_wconf 83' lang='grc' dir='ltr'>αὖτῷ</span> <span class='ocrx_word' id='word_1_427' title='bbox 3599 2463 3812 2520; x_wconf 81' lang='grc' dir='ltr'>ἔνευσε·</span> 
     </span>
    </p>
   </div>
   <div class='ocr_carea' id='block_1_55' title="bbox 2216 2548 3812 2633">
    <p class='ocr_par' dir='ltr' id='par_1_55' title="bbox 2216 2548 3812 2633">
     <span class='ocr_line' id='line_1_55' title="bbox 2216 2548 3812 2633; baseline -0.002 -22"><span class='ocrx_word' id='word_1_428' title='bbox 2216 2553 2376 2633; x_wconf 77' lang='grc' dir='ltr'>φησὶν</span> <span class='ocrx_word' id='word_1_429' title='bbox 2424 2556 2452 2611; x_wconf 94' lang='lat'><strong>6</strong></span> <span class='ocrx_word' id='word_1_430' title='bbox 2489 2552 2867 2632; x_wconf 82' lang='grc' dir='ltr'>εὖαγγελιστὴς</span> <span class='ocrx_word' id='word_1_431' title='bbox 2898 2552 3020 2630; x_wconf 73' lang='grc' dir='ltr'>περὶ</span> <span class='ocrx_word' id='word_1_432' title='bbox 3046 2553 3266 2622; x_wconf 80' lang='grc' dir='ltr'>ἑαυτοῦ,</span> <span class='ocrx_word' id='word_1_433' title='bbox 3294 2548 3377 2607; x_wconf 80' lang='grc' dir='ltr'><strong>ὅτι</strong></span> <span class='ocrx_word' id='word_1_434' title='bbox 3423 2551 3546 2629; x_wconf 83' lang='grc' dir='ltr'>Οὐχ</span> <span class='ocrx_word' id='word_1_435' title='bbox 3576 2552 3648 2616; x_wconf 78' lang='grc' dir='ltr'>ὡς</span> <span class='ocrx_word' id='word_1_436' title='bbox 3683 2552 3812 2626; x_wconf 87' lang='grc' dir='ltr'>μεί-</span> 
     </span>
    </p>
   </div>
   <div class='ocr_carea' id='block_1_56' title="bbox 2217 2638 3819 2720">
    <p class='ocr_par' dir='ltr' id='par_1_56' title="bbox 2217 2638 3819 2720">
     <span class='ocr_line' id='line_1_56' title="bbox 2217 2638 3819 2720; baseline -0.001 -20"><span class='ocrx_word' id='word_1_437' title='bbox 2217 2643 2325 2711; x_wconf 83' lang='grc' dir='ltr'>ζονί</span> <span class='ocrx_word' id='word_1_438' title='bbox 2360 2666 2451 2718; x_wconf 87' lang='grc' dir='ltr'><strong>μοι</strong></span> <span class='ocrx_word' id='word_1_439' title='bbox 2500 2641 2706 2700; x_wconf 78' lang='grc' dir='ltr'>ἔνευσεν</span> <span class='ocrx_word' id='word_1_440' title='bbox 2735 2644 2763 2699; x_wconf 93' lang='lat'><strong>6</strong></span> <span class='ocrx_word' id='word_1_441' title='bbox 2804 2640 3037 2719; x_wconf 82' lang='grc' dir='ltr'>Πέτρος,</span> <span class='ocrx_word' id='word_1_442' title='bbox 3066 2638 3183 2697; x_wconf 84' lang='grc' dir='ltr'>ἀλλ’</span> <span class='ocrx_word' id='word_1_443' title='bbox 3227 2641 3299 2706; x_wconf 80' lang='grc' dir='ltr'>ὣς</span> <span class='ocrx_word' id='word_1_444' title='bbox 3329 2640 3668 2720; x_wconf 78' lang='grc' dir='ltr'>ἀγαπωμένῳ</span> <span class='ocrx_word' id='word_1_445' title='bbox 3710 2638 3819 2698; x_wconf 79' lang='grc' dir='ltr'><strong>ὑπὸ</strong></span> 
     </span>
    </p>
   </div>
   <div class='ocr_carea' id='block_1_57' title="bbox 2216 2727 3821 2811">
    <p class='ocr_par' dir='ltr' id='par_1_57' title="bbox 2216 2727 3821 2811">
     <span class='ocr_line' id='line_1_57' title="bbox 2216 2727 3821 2811; baseline -0.002 -22"><span class='ocrx_word' id='word_1_446' title='bbox 2216 2738 2306 2791; x_wconf 90' lang='grc' dir='ltr'><strong>τοῦ</strong></span> <span class='ocrx_word' id='word_1_447' title='bbox 2360 2734 2618 2811; x_wconf 81' lang='grc' dir='ltr'>Χριστοῦ.</span> <span class='ocrx_word' id='word_1_448' title='bbox 2670 2729 2837 2798; x_wconf 82' lang='grc' dir='ltr'>Ὦςτε</span> <span class='ocrx_word' id='word_1_449' title='bbox 2888 2730 3092 2806; x_wconf 83' lang='grc' dir='ltr'>μᾶλλον</span> <span class='ocrx_word' id='word_1_450' title='bbox 3146 2730 3558 2808; x_wconf 83' lang='grc' dir='ltr'>ταπεινόφρονος</span> <span class='ocrx_word' id='word_1_451' title='bbox 3596 2727 3821 2806; x_wconf 85' lang='grc' dir='ltr'>γνώμης</span> 
     </span>
    </p>
   </div>
   <div class='ocr_carea' id='block_1_58' title="bbox 2216 2815 3821 2897">
    <p class='ocr_par' dir='ltr' id='par_1_58' title="bbox 2216 2815 3821 2897">
     <span class='ocr_line' id='line_1_58' title="bbox 2216 2815 3821 2897; baseline -0.002 -18"><span class='ocrx_word' id='word_1_452' title='bbox 2216 2823 2309 2879; x_wconf 83' lang='grc' dir='ltr'><strong>οὐκ</strong></span> <span class='ocrx_word' id='word_1_453' title='bbox 2337 2822 2692 2890; x_wconf 79' lang='grc' dir='ltr'>ἐπιδεικτικῆς</span> <span class='ocrx_word' id='word_1_454' title='bbox 2720 2821 2835 2878; x_wconf 74' lang='grc' dir='ltr'>ἔστι</span> <span class='ocrx_word' id='word_1_455' title='bbox 2863 2825 3039 2878; x_wconf 87' lang='grc' dir='ltr'>τοῦτο.</span> <span class='ocrx_word' id='word_1_456' title='bbox 3128 2818 3224 2889; x_wconf 82' lang='grc' dir='ltr'><strong>Μὴ</strong></span> <span class='ocrx_word' id='word_1_457' title='bbox 3256 2815 3358 2896; x_wconf 80' lang='grc' dir='ltr'><strong>γὰρ</strong></span> <span class='ocrx_word' id='word_1_458' title='bbox 3379 2816 3525 2895; x_wconf 84' lang='grc' dir='ltr'>λέγει</span> <span class='ocrx_word' id='word_1_459' title='bbox 3554 2816 3634 2876; x_wconf 75' lang='grc' dir='ltr'>ὅτι</span> <span class='ocrx_word' id='word_1_460' title='bbox 3664 2818 3821 2897; x_wconf 84' lang='grc' dir='ltr'>Ἐγὼ</span> 
     </span>
    </p>
   </div>
   <div class='ocr_carea' id='block_1_59' title="bbox 2214 2905 3812 2987">
    <p class='ocr_par' dir='ltr' id='par_1_59' title="bbox 2214 2905 3812 2987">
     <span class='ocr_line' id='line_1_59' title="bbox 2214 2905 3812 2987; baseline -0.001 -18"><span class='ocrx_word' id='word_1_461' title='bbox 2214 2911 2438 2986; x_wconf 76' lang='grc' dir='ltr'>ἠγάπων</span> <span class='ocrx_word' id='word_1_462' title='bbox 2470 2907 2557 2966; x_wconf 81' lang='grc' dir='ltr'><strong>τὸν</strong></span> <span class='ocrx_word' id='word_1_463' title='bbox 2602 2908 2812 2980; x_wconf 91' lang='grc' dir='ltr'>Ἰησοῦν</span> <span class='ocrx_word' id='word_1_464' title='bbox 2835 2954 2852 2980; x_wconf 89' lang='grc'><strong>,</strong></span> <span class='ocrx_word' id='word_1_465' title='bbox 2890 2905 2918 2966; x_wconf 85' lang='lat'><strong>6</strong></span> <span class='ocrx_word' id='word_1_466' title='bbox 2950 2906 3040 2965; x_wconf 72' lang='grc' dir='ltr'><strong>ἐπὶ</strong></span> <span class='ocrx_word' id='word_1_467' title='bbox 3067 2912 3161 2966; x_wconf 86' lang='grc' dir='ltr'><strong>τοῦ</strong></span> <span class='ocrx_word' id='word_1_468' title='bbox 3206 2909 3417 2987; x_wconf 88' lang='grc' dir='ltr'>Πέτρου</span> <span class='ocrx_word' id='word_1_469' title='bbox 3461 2929 3812 2986; x_wconf 84' lang='grc' dir='ltr'>προσμαρτυ-</span> 
     </span>
    </p>
   </div>
   <div class='ocr_carea' id='block_1_60' title="bbox 2217 2994 3816 3078">
    <p class='ocr_par' dir='ltr' id='par_1_60' title="bbox 2217 2994 3816 3078">
     <span class='ocr_line' id='line_1_60' title="bbox 2217 2994 3816 3078; baseline 0 -22"><span class='ocrx_word' id='word_1_470' title='bbox 2217 3002 2315 3078; x_wconf 88' lang='grc' dir='ltr'>ρεῖ,</span> <span class='ocrx_word' id='word_1_471' title='bbox 2349 2997 2489 3057; x_wconf 84' lang='grc' dir='ltr'>ἀλλὰ</span> <span class='ocrx_word' id='word_1_472' title='bbox 2514 2995 2567 3057; x_wconf 89' lang='grc' dir='ltr'><strong>τί</strong></span> <span class='ocrx_word' id='word_1_473' title='bbox 2579 3018 2594 3074; x_wconf 84' lang='grc'><strong>;</strong></span> <span class='ocrx_word' id='word_1_474' title='bbox 2639 2996 2902 3068; x_wconf 84' lang='grc' dir='ltr'>Ἐκεῖνος,</span> <span class='ocrx_word' id='word_1_475' title='bbox 2933 2995 3119 3076; x_wconf 74' lang='grc' dir='ltr'>φησὶν,</span> <span class='ocrx_word' id='word_1_476' title='bbox 3153 2994 3343 3072; x_wconf 80' lang='grc' dir='ltr'>ἠγάπα</span> <span class='ocrx_word' id='word_1_477' title='bbox 3376 2994 3497 3071; x_wconf 79' lang='grc' dir='ltr'>ἐμὲ,</span> <span class='ocrx_word' id='word_1_478' title='bbox 3531 2994 3618 3054; x_wconf 79' lang='grc' dir='ltr'><strong>διὰ</strong></span> <span class='ocrx_word' id='word_1_479' title='bbox 3666 2997 3816 3065; x_wconf 77' lang='grc' dir='ltr'>ἔλεος</span> 
     </span>
    </p>
   </div>
   <div class='ocr_carea' id='block_1_61' title="bbox 2215 3083 3819 3169">
    <p class='ocr_par' dir='ltr' id='par_1_61' title="bbox 2215 3083 3819 3169">
     <span class='ocr_line' id='line_1_61' title="bbox 2215 3083 3819 3169; baseline 0 -23"><span class='ocrx_word' id='word_1_480' title='bbox 2215 3087 2308 3146; x_wconf 84' lang='lat' dir='ltr'><strong>xui</strong></span> <span class='ocrx_word' id='word_1_481' title='bbox 2345 3084 2646 3169; x_wconf 76' lang='grc' dir='ltr'>οἰκτιρμοὺς</span> <span class='ocrx_word' id='word_1_482' title='bbox 2692 3084 3127 3167; x_wconf 85' lang='grc' dir='ltr'>προσλαϐόμενός</span> <span class='ocrx_word' id='word_1_483' title='bbox 3176 3108 3268 3162; x_wconf 87' lang='grc' dir='ltr'><strong>με·</strong></span> <span class='ocrx_word' id='word_1_484' title='bbox 3301 3083 3330 3143; x_wconf 82' lang='lat'><strong>6</strong></span> <span class='ocrx_word' id='word_1_485' title='bbox 3369 3084 3461 3144; x_wconf 84' lang='lat' dir='ltr'><strong>xui</strong></span> <span class='ocrx_word' id='word_1_486' title='bbox 3488 3090 3524 3169; x_wconf 60' lang='grc' dir='ltr'><strong>ρ</strong></span> <span class='ocrx_word' id='word_1_487' title='bbox 3557 3083 3819 3146; x_wconf 80' lang='grc' dir='ltr'>’Λπόστοο</span> 
     </span>
    </p>
   </div>
   <div class='ocr_carea' id='block_1_62' title="bbox 2213 3165 3819 3255">
    <p class='ocr_par' dir='ltr' id='par_1_62' title="bbox 2213 3165 3819 3255">
     <span class='ocr_line' id='line_1_62' title="bbox 2213 3165 3819 3255; baseline 0.002 -22"><span class='ocrx_word' id='word_1_488' title='bbox 2213 3178 2300 3243; x_wconf 86' lang='grc' dir='ltr'><strong>λος</strong></span> <span class='ocrx_word' id='word_1_489' title='bbox 2329 3165 2497 3253; x_wconf 73' lang='grc' dir='ltr'>λέγει·</span> <span class='ocrx_word' id='word_1_490' title='bbox 2532 3198 2561 3234; x_wconf 82' lang='grc' dir='ltr'><strong>ιι</strong></span> <span class='ocrx_word' id='word_1_491' title='bbox 2592 3165 2803 3248; x_wconf 82' lang='grc' dir='ltr'>Διώκω,</span> <span class='ocrx_word' id='word_1_492' title='bbox 2824 3176 2870 3235; x_wconf 80' lang='grc' dir='ltr'>εἷ</span> <span class='ocrx_word' id='word_1_493' title='bbox 2905 3175 2996 3234; x_wconf 84' lang='lat' dir='ltr'><strong>xui</strong></span> <span class='ocrx_word' id='word_1_494' title='bbox 3021 3173 3342 3246; x_wconf 87' lang='grc' dir='ltr'>καταλάϐω,</span> <span class='ocrx_word' id='word_1_495' title='bbox 3376 3176 3457 3255; x_wconf 78' lang='grc' dir='ltr'><strong>ἐφ’</strong></span> <span class='ocrx_word' id='word_1_496' title='bbox 3480 3165 3525 3255; x_wconf 78' lang='grc' dir='ltr'><em>ᾧ</em></span> <span class='ocrx_word' id='word_1_497' title='bbox 3556 3177 3646 3233; x_wconf 77' lang='grc' dir='ltr'><strong>καὶ</strong></span> <span class='ocrx_word' id='word_1_498' title='bbox 3681 3199 3819 3236; x_wconf 88' lang='grc' dir='ltr'>κατ-</span> 
     </span>
    </p>
   </div>
   <div class='ocr_carea' id='block_1_63' title="bbox 507 3263 2105 3361">
    <p class='ocr_par' dir='ltr' id='par_1_63' title="bbox 507 3270 2099 3344">
     <span class='ocr_line' id='line_1_63' title="bbox 507 3270 2099 3344; baseline 0.001 -18"><span class='ocrx_word' id='word_1_499' title='bbox 507 3270 846 3344; x_wconf 86' lang='lat' dir='ltr'><strong>prehendam</strong></span> <span class='ocrx_word' id='word_1_500' title='bbox 877 3271 936 3326; x_wconf 92' lang='lat' dir='ltr'><strong>in</strong></span> <span class='ocrx_word' id='word_1_501' title='bbox 959 3286 1024 3325; x_wconf 92' lang='lat' dir='ltr'><strong>eo</strong></span> <span class='ocrx_word' id='word_1_502' title='bbox 1046 3285 1161 3342; x_wconf 93' lang='lat' dir='ltr'><strong>quo</strong></span> <span class='ocrx_word' id='word_1_503' title='bbox 1178 3278 1233 3326; x_wconf 90' lang='lat' dir='ltr'><strong>et</strong></span> <span class='ocrx_word' id='word_1_504' title='bbox 1257 3270 1693 3342; x_wconf 90' lang='lat' dir='ltr'><strong>comprehensus</strong></span> <span class='ocrx_word' id='word_1_505' title='bbox 1714 3287 1838 3327; x_wconf 90' lang='lat' dir='ltr'><strong>sum</strong></span> <span class='ocrx_word' id='word_1_506' title='bbox 1854 3288 1883 3327; x_wconf 93' lang='lat' dir='ltr'><strong>a</strong></span> <span class='ocrx_word' id='word_1_507' title='bbox 1908 3275 2046 3328; x_wconf 91' lang='lat' dir='ltr'><strong>Deo.</strong></span> <span class='ocrx_word' id='word_1_508' title='bbox 2075 3295 2099 3322; x_wconf 80' lang='lat'><strong><em>»</em></strong></span> 
     </span>
    </p>
   </div>
   <div class='ocr_carea' id='block_1_64' title="bbox 2214 3263 3810 3361">
    <p class='ocr_par' dir='ltr' id='par_1_64' title="bbox 2216 3263 3810 3361">
     <span class='ocr_line' id='line_1_64' title="bbox 2216 3263 3810 3361; baseline -0.001 -38"><span class='ocrx_word' id='word_1_509' title='bbox 2216 3264 2444 3346; x_wconf 72' lang='grc' dir='ltr'>ελήφθην</span> <span class='ocrx_word' id='word_1_510' title='bbox 2491 3265 2593 3324; x_wconf 77' lang='grc' dir='ltr'><strong>ὑπὸ</strong></span> <span class='ocrx_word' id='word_1_511' title='bbox 2626 3268 2795 3326; x_wconf 84' lang='grc' dir='ltr'>Θεοῦ·</span> <span class='ocrx_word' id='word_1_512' title='bbox 2845 3285 2877 3323; x_wconf 85' lang='grc'><strong>›)</strong></span> <span class='ocrx_word' id='word_1_513' title='bbox 2932 3263 3025 3323; x_wconf 85' lang='grc' dir='ltr'><strong>καὶ</strong></span> <span class='ocrx_word' id='word_1_514' title='bbox 3070 3265 3264 3340; x_wconf 84' lang='grc' dir='ltr'>πάλιν,</span> <span class='ocrx_word' id='word_1_515' title='bbox 3314 3287 3342 3322; x_wconf 69' lang='grc' dir='ltr'>ι</span> <span class='ocrx_word' id='word_1_516' title='bbox 3378 3263 3602 3330; x_wconf 88' lang='grc' dir='ltr'>Γνόντες</span> <span class='ocrx_word' id='word_1_517' title='bbox 3618 3264 3810 3361; x_wconf 49' lang='grc' dir='ltr'>θεὸν,</span> 
     </span>
    </p>
   </div>
   <div class='ocr_carea' id='block_1_65' title="bbox 511 3358 2104 3433">
    <p class='ocr_par' dir='ltr' id='par_1_65' title="bbox 511 3358 2104 3433">
     <span class='ocr_line' id='line_1_65' title="bbox 511 3358 2104 3433; baseline 0.001 -17"><span class='ocrx_word' id='word_1_518' title='bbox 511 3363 581 3416; x_wconf 85' lang='lat' dir='ltr'><strong>Et</strong></span> <span class='ocrx_word' id='word_1_519' title='bbox 606 3361 806 3415; x_wconf 89' lang='lat' dir='ltr'><strong>iterum</strong></span> <span class='ocrx_word' id='word_1_520' title='bbox 834 3358 899 3426; x_wconf 64' lang='lat'><strong>‘1,</strong></span> <span class='ocrx_word' id='word_1_521' title='bbox 928 3377 957 3412; x_wconf 82' lang='grc' dir='ltr'>(ι</span> <span class='ocrx_word' id='word_1_522' title='bbox 990 3359 1092 3429; x_wconf 90' lang='lat' dir='ltr'><strong>Qui</strong></span> <span class='ocrx_word' id='word_1_523' title='bbox 1115 3367 1491 3431; x_wconf 86' lang='lat' dir='ltr'><strong>cognoverunt</strong></span> <span class='ocrx_word' id='word_1_524' title='bbox 1528 3363 1734 3429; x_wconf 87' lang='lat' dir='ltr'><strong>Deum,</strong></span> <span class='ocrx_word' id='word_1_525' title='bbox 1762 3361 1877 3416; x_wconf 90' lang='lat' dir='ltr'><strong>imo</strong></span> <span class='ocrx_word' id='word_1_526' title='bbox 1901 3363 2104 3433; x_wconf 87' lang='lat' dir='ltr'><strong>cogniti</strong></span> 
     </span>
    </p>
   </div>
   <div class='ocr_carea' id='block_1_66' title="bbox 514 3448 2107 3523">
    <p class='ocr_par' dir='ltr' id='par_1_66' title="bbox 514 3448 2107 3523">
     <span class='ocr_line' id='line_1_66' title="bbox 514 3448 2107 3523; baseline 0.003 -20"><span class='ocrx_word' id='word_1_527' title='bbox 514 3456 641 3504; x_wconf 91' lang='lat' dir='ltr'><strong>sunt</strong></span> <span class='ocrx_word' id='word_1_528' title='bbox 665 3464 697 3503; x_wconf 91' lang='lat' dir='ltr'><strong>a</strong></span> <span class='ocrx_word' id='word_1_529' title='bbox 720 3451 863 3503; x_wconf 91' lang='lat' dir='ltr'><strong>Deo.</strong></span> <span class='ocrx_word' id='word_1_530' title='bbox 890 3471 914 3496; x_wconf 77' lang='grc' dir='ltr'><strong>ι</strong></span> <span class='ocrx_word' id='word_1_531' title='bbox 946 3449 1038 3504; x_wconf 89' lang='lat' dir='ltr'><strong>Sic</strong></span> <span class='ocrx_word' id='word_1_532' title='bbox 1064 3448 1232 3520; x_wconf 88' lang='lat' dir='ltr'><strong>igitur</strong></span> <span class='ocrx_word' id='word_1_533' title='bbox 1256 3465 1382 3504; x_wconf 91' lang='lat' dir='ltr'><strong>cum</strong></span> <span class='ocrx_word' id='word_1_534' title='bbox 1402 3448 1558 3513; x_wconf 84' lang='lat' dir='ltr'><strong>dicit,</strong></span> <span class='ocrx_word' id='word_1_535' title='bbox 1585 3473 1608 3498; x_wconf 75' lang='grc' dir='ltr'><strong><em>α</em></strong></span> <span class='ocrx_word' id='word_1_536' title='bbox 1636 3452 1814 3520; x_wconf 88' lang='lat' dir='ltr'><strong>Quem</strong></span> <span class='ocrx_word' id='word_1_537' title='bbox 1844 3450 2107 3523; x_wconf 83' lang='lat' dir='ltr'><strong>diligebat</strong></span> 
     </span>
    </p>
   </div>
   <div class='ocr_carea' id='block_1_67' title="bbox 511 3537 2102 3608">
    <p class='ocr_par' dir='ltr' id='par_1_67' title="bbox 511 3537 2102 3608">
     <span class='ocr_line' id='line_1_67' title="bbox 511 3537 2102 3608; baseline 0.002 -15"><span class='ocrx_word' id='word_1_538' title='bbox 511 3541 693 3605; x_wconf 90' lang='lat' dir='ltr'><strong>Jesus,</strong></span> <span class='ocrx_word' id='word_1_539' title='bbox 724 3559 751 3587; x_wconf 67' lang='grc' dir='ltr'><strong>ν</strong></span> <span class='ocrx_word' id='word_1_540' title='bbox 784 3553 893 3591; x_wconf 91' lang='lat' dir='ltr'><strong>non</strong></span> <span class='ocrx_word' id='word_1_541' title='bbox 923 3537 1175 3608; x_wconf 80' lang='lat' dir='ltr'><strong>gloriatio</strong></span> <span class='ocrx_word' id='word_1_542' title='bbox 1205 3546 1307 3606; x_wconf 88' lang='lat' dir='ltr'><strong>est,</strong></span> <span class='ocrx_word' id='word_1_543' title='bbox 1336 3537 1434 3593; x_wconf 91' lang='lat' dir='ltr'><strong>sed</strong></span> <span class='ocrx_word' id='word_1_544' title='bbox 1462 3537 1791 3595; x_wconf 85' lang='lat' dir='ltr'><strong>humilitatis</strong></span> <span class='ocrx_word' id='word_1_545' title='bbox 1819 3538 2102 3596; x_wconf 91' lang='lat' dir='ltr'><strong>indicium.</strong></span> 
     </span>
    </p>
   </div>
   <div class='ocr_carea' id='block_1_68' title="bbox 510 3628 2106 3700">
    <p class='ocr_par' dir='ltr' id='par_1_68' title="bbox 510 3628 2106 3700">
     <span class='ocr_line' id='line_1_68' title="bbox 510 3628 2106 3700; baseline 0.003 -18"><span class='ocrx_word' id='word_1_546' title='bbox 510 3628 695 3698; x_wconf 90' lang='lat' dir='ltr'><strong>Quare</strong></span> <span class='ocrx_word' id='word_1_547' title='bbox 721 3634 906 3682; x_wconf 89' lang='lat' dir='ltr'><strong>autem</strong></span> <span class='ocrx_word' id='word_1_548' title='bbox 949 3630 1142 3682; x_wconf 91' lang='lat' dir='ltr'><strong>Petrus</strong></span> <span class='ocrx_word' id='word_1_549' title='bbox 1169 3644 1277 3682; x_wconf 91' lang='lat' dir='ltr'><strong>non</strong></span> <span class='ocrx_word' id='word_1_550' title='bbox 1322 3628 1624 3700; x_wconf 83' lang='lat' dir='ltr'><strong>interrogat</strong></span> <span class='ocrx_word' id='word_1_551' title='bbox 1659 3629 1982 3695; x_wconf 90' lang='lat' dir='ltr'><strong>Dominum,</strong></span> <span class='ocrx_word' id='word_1_552' title='bbox 2011 3630 2106 3686; x_wconf 89' lang='lat' dir='ltr'><strong>sed</strong></span> 
     </span>
    </p>
   </div>
   <div class='ocr_carea' id='block_1_69' title="bbox 511 3716 2108 3791">
    <p class='ocr_par' dir='ltr' id='par_1_69' title="bbox 511 3716 2108 3791">
     <span class='ocr_line' id='line_1_69' title="bbox 511 3716 2108 3791; baseline 0.003 -20"><span class='ocrx_word' id='word_1_553' title='bbox 511 3716 690 3772; x_wconf 90' lang='lat' dir='ltr'><strong>innuit</strong></span> <span class='ocrx_word' id='word_1_554' title='bbox 731 3717 967 3773; x_wconf 87' lang='lat' dir='ltr'><strong>Joanni?</strong></span> <span class='ocrx_word' id='word_1_555' title='bbox 997 3717 1141 3788; x_wconf 91' lang='lat' dir='ltr'><strong>Quia</strong></span> <span class='ocrx_word' id='word_1_556' title='bbox 1173 3732 1287 3789; x_wconf 67' lang='lat' dir='ltr'><strong>prae</strong></span> <span class='ocrx_word' id='word_1_557' title='bbox 1320 3717 1486 3772; x_wconf 90' lang='lat' dir='ltr'><strong>nimio</strong></span> <span class='ocrx_word' id='word_1_558' title='bbox 1516 3716 1731 3775; x_wconf 85' lang='lat' dir='ltr'><strong>fervore</strong></span> <span class='ocrx_word' id='word_1_559' title='bbox 1766 3735 1911 3791; x_wconf 64' lang='lat' dir='ltr'><strong>smpe</strong></span> <span class='ocrx_word' id='word_1_560' title='bbox 1940 3720 2108 3778; x_wconf 84' lang='lat' dir='ltr'><strong>inter-</strong></span> 
     </span>
    </p>
   </div>
   <div class='ocr_carea' id='block_1_70' title="bbox 509 3806 2107 3882">
    <p class='ocr_par' dir='ltr' id='par_1_70' title="bbox 509 3806 2107 3882">
     <span class='ocr_line' id='line_1_70' title="bbox 509 3806 2107 3882; baseline 0.003 -20"><span class='ocrx_word' id='word_1_561' title='bbox 509 3813 795 3879; x_wconf 86' lang='lat' dir='ltr'><strong>rogaverat</strong></span> <span class='ocrx_word' id='word_1_562' title='bbox 831 3806 1165 3874; x_wconf 89' lang='lat' dir='ltr'><strong>Dominum,</strong></span> <span class='ocrx_word' id='word_1_563' title='bbox 1207 3815 1263 3863; x_wconf 91' lang='lat' dir='ltr'><strong>et</strong></span> <span class='ocrx_word' id='word_1_564' title='bbox 1282 3807 1591 3879; x_wconf 88' lang='lat' dir='ltr'><strong>increpatus</strong></span> <span class='ocrx_word' id='word_1_565' title='bbox 1619 3817 1760 3877; x_wconf 89' lang='lat' dir='ltr'><strong>erat,</strong></span> <span class='ocrx_word' id='word_1_566' title='bbox 1786 3809 1904 3881; x_wconf 89' lang='lat' dir='ltr'><strong>ejus</strong></span> <span class='ocrx_word' id='word_1_567' title='bbox 1932 3811 2107 3882; x_wconf 87' lang='lat' dir='ltr'><strong>gratia</strong></span> 
     </span>
    </p>
   </div>
   <div class='ocr_carea' id='block_1_71' title="bbox 508 3894 2107 3968">
    <p class='ocr_par' dir='ltr' id='par_1_71' title="bbox 508 3894 2107 3968">
     <span class='ocr_line' id='line_1_71' title="bbox 508 3894 2107 3968; baseline 0.003 -18"><span class='ocrx_word' id='word_1_568' title='bbox 508 3911 655 3950; x_wconf 90' lang='lat' dir='ltr'><strong>nunc</strong></span> <span class='ocrx_word' id='word_1_569' title='bbox 682 3894 1023 3968; x_wconf 89' lang='lat' dir='ltr'><strong>interrogare</strong></span> <span class='ocrx_word' id='word_1_570' title='bbox 1053 3894 1313 3952; x_wconf 89' lang='lat' dir='ltr'><strong>formidat</strong></span> <span class='ocrx_word' id='word_1_571' title='bbox 1350 3915 1364 3951; x_wconf 90' lang='lat'><strong>:</strong></span> <span class='ocrx_word' id='word_1_572' title='bbox 1393 3906 1458 3952; x_wconf 90' lang='lat' dir='ltr'><strong>ut</strong></span> <span class='ocrx_word' id='word_1_573' title='bbox 1481 3912 1599 3953; x_wconf 92' lang='lat' dir='ltr'><strong>non</strong></span> <span class='ocrx_word' id='word_1_574' title='bbox 1645 3898 1806 3953; x_wconf 88' lang='lat' dir='ltr'><strong>etiam</strong></span> <span class='ocrx_word' id='word_1_575' title='bbox 1835 3915 1982 3954; x_wconf 90' lang='lat' dir='ltr'><strong>nunc</strong></span> <span class='ocrx_word' id='word_1_576' title='bbox 2022 3904 2107 3955; x_wconf 85' lang='lat' dir='ltr'><strong>te-</strong></span> 
     </span>
    </p>
   </div>
   <div class='ocr_carea' id='block_1_72' title="bbox 510 3984 2108 4056">
    <p class='ocr_par' dir='ltr' id='par_1_72' title="bbox 510 3984 2108 4056">
     <span class='ocr_line' id='line_1_72' title="bbox 510 3984 2108 4056; baseline 0.003 -17"><span class='ocrx_word' id='word_1_577' title='bbox 510 3984 781 4039; x_wconf 89' lang='lat' dir='ltr'><strong>merarius</strong></span> <span class='ocrx_word' id='word_1_578' title='bbox 817 3991 1081 4056; x_wconf 87' lang='lat' dir='ltr'><strong>arguatur</strong></span> <span class='ocrx_word' id='word_1_579' title='bbox 1121 4001 1151 4039; x_wconf 91' lang='lat' dir='ltr'><strong>a</strong></span> <span class='ocrx_word' id='word_1_580' title='bbox 1200 3986 1461 4041; x_wconf 86' lang='lat' dir='ltr'><strong>Domino.</strong></span> <span class='ocrx_word' id='word_1_581' title='bbox 1496 3988 1679 4056; x_wconf 90' lang='lat' dir='ltr'><strong>Quare</strong></span> <span class='ocrx_word' id='word_1_582' title='bbox 1711 3996 1897 4042; x_wconf 89' lang='lat' dir='ltr'><strong>autem</strong></span> <span class='ocrx_word' id='word_1_583' title='bbox 1935 3989 2108 4042; x_wconf 86' lang='lat' dir='ltr'><strong>Joan-</strong></span> 
     </span>
    </p>
   </div>
   <div class='ocr_carea' id='block_1_73' title="bbox 508 4071 2110 4145">
    <p class='ocr_par' dir='ltr' id='par_1_73' title="bbox 508 4071 2110 4145">
     <span class='ocr_line' id='line_1_73' title="bbox 508 4071 2110 4145; baseline 0.003 -19"><span class='ocrx_word' id='word_1_584' title='bbox 508 4087 609 4127; x_wconf 88' lang='lat' dir='ltr'><strong>nes</strong></span> <span class='ocrx_word' id='word_1_585' title='bbox 656 4071 857 4127; x_wconf 90' lang='lat' dir='ltr'><strong>accidit</strong></span> <span class='ocrx_word' id='word_1_586' title='bbox 904 4071 973 4127; x_wconf 91' lang='lat' dir='ltr'><strong>ad</strong></span> <span class='ocrx_word' id='word_1_587' title='bbox 1021 4080 1214 4142; x_wconf 90' lang='lat' dir='ltr'><strong>pectus</strong></span> <span class='ocrx_word' id='word_1_588' title='bbox 1261 4074 1393 4128; x_wconf 85' lang='lat' dir='ltr'><strong>Jesu</strong></span> <span class='ocrx_word' id='word_1_589' title='bbox 1444 4074 1652 4145; x_wconf 89' lang='lat' dir='ltr'><strong>absque</strong></span> <span class='ocrx_word' id='word_1_590' title='bbox 1700 4075 2006 4130; x_wconf 89' lang='lat' dir='ltr'><strong>reverentia</strong></span> <span class='ocrx_word' id='word_1_591' title='bbox 2056 4085 2110 4131; x_wconf 91' lang='lat' dir='ltr'><strong>et</strong></span> 
     </span>
    </p>
   </div>
   <div class='ocr_carea' id='block_1_74' title="bbox 511 4159 2109 4233">
    <p class='ocr_par' dir='ltr' id='par_1_74' title="bbox 511 4159 2109 4233">
     <span class='ocr_line' id='line_1_74' title="bbox 511 4159 2109 4233; baseline 0.003 -18"><span class='ocrx_word' id='word_1_592' title='bbox 511 4159 917 4215; x_wconf 85' lang='lat' dir='ltr'><strong>submissione?</strong></span> <span class='ocrx_word' id='word_1_593' title='bbox 947 4160 1088 4229; x_wconf 88' lang='lat' dir='ltr'><strong>Quia</strong></span> <span class='ocrx_word' id='word_1_594' title='bbox 1117 4160 1252 4215; x_wconf 90' lang='lat' dir='ltr'><strong>nihil</strong></span> <span class='ocrx_word' id='word_1_595' title='bbox 1277 4160 1456 4216; x_wconf 92' lang='lat' dir='ltr'><strong>adhuc</strong></span> <span class='ocrx_word' id='word_1_596' title='bbox 1485 4176 1747 4233; x_wconf 90' lang='lat' dir='ltr'><strong>magnum</strong></span> <span class='ocrx_word' id='word_1_597' title='bbox 1774 4163 1841 4219; x_wconf 88' lang='lat' dir='ltr'><strong>de</strong></span> <span class='ocrx_word' id='word_1_598' title='bbox 1869 4164 2109 4219; x_wconf 85' lang='lat' dir='ltr'><strong>Domino</strong></span> 
     </span>
    </p>
   </div>
   <div class='ocr_carea' id='block_1_75' title="bbox 509 4247 2110 4321">
    <p class='ocr_par' dir='ltr' id='par_1_75' title="bbox 509 4247 2110 4321">
     <span class='ocr_line' id='line_1_75' title="bbox 509 4247 2110 4321; baseline 0.003 -18"><span class='ocrx_word' id='word_1_599' title='bbox 509 4249 798 4314; x_wconf 82' lang='lat' dir='ltr'><strong>sentiebat,</strong></span> <span class='ocrx_word' id='word_1_600' title='bbox 840 4262 1020 4318; x_wconf 90' lang='lat' dir='ltr'><strong>neque</strong></span> <span class='ocrx_word' id='word_1_601' title='bbox 1064 4257 1222 4303; x_wconf 90' lang='lat' dir='ltr'><strong>erant</strong></span> <span class='ocrx_word' id='word_1_602' title='bbox 1273 4247 1451 4304; x_wconf 90' lang='lat' dir='ltr'><strong>edocti</strong></span> <span class='ocrx_word' id='word_1_603' title='bbox 1512 4249 1742 4321; x_wconf 88' lang='lat' dir='ltr'><strong>dignum</strong></span> <span class='ocrx_word' id='word_1_604' title='bbox 1783 4255 2110 4310; x_wconf 64' lang='lat' dir='ltr'><strong>reverentiae</strong></span> 
     </span>
    </p>
   </div>
   <div class='ocr_carea' id='block_1_76' title="bbox 515 4335 2110 4409">
    <p class='ocr_par' dir='ltr' id='par_1_76' title="bbox 515 4335 2110 4409">
     <span class='ocr_line' id='line_1_76' title="bbox 515 4335 2110 4409; baseline 0.004 -17"><span class='ocrx_word' id='word_1_605' title='bbox 515 4337 787 4392; x_wconf 89' lang='lat' dir='ltr'><strong>honorem</strong></span> <span class='ocrx_word' id='word_1_606' title='bbox 816 4335 1094 4405; x_wconf 84' lang='lat' dir='ltr'><strong>exhibere;</strong></span> <span class='ocrx_word' id='word_1_607' title='bbox 1134 4336 1430 4409; x_wconf 87' lang='lat' dir='ltr'><strong>piscatores</strong></span> <span class='ocrx_word' id='word_1_608' title='bbox 1458 4339 1608 4394; x_wconf 89' lang='lat' dir='ltr'><strong>enim</strong></span> <span class='ocrx_word' id='word_1_609' title='bbox 1662 4348 1818 4396; x_wconf 91' lang='lat' dir='ltr'><strong>erant</strong></span> <span class='ocrx_word' id='word_1_610' title='bbox 1855 4350 1910 4397; x_wconf 91' lang='lat' dir='ltr'><strong>et</strong></span> <span class='ocrx_word' id='word_1_611' title='bbox 1940 4341 2110 4399; x_wconf 86' lang='lat' dir='ltr'><strong>ofﬁcii</strong></span> 
     </span>
    </p>
   </div>
   <div class='ocr_carea' id='block_1_77' title="bbox 512 4425 2108 4497">
    <p class='ocr_par' dir='ltr' id='par_1_77' title="bbox 512 4425 2108 4497">
     <span class='ocr_line' id='line_1_77' title="bbox 512 4425 2108 4497; baseline 0.004 -16"><span class='ocrx_word' id='word_1_612' title='bbox 512 4425 774 4497; x_wconf 87' lang='lat' dir='ltr'><strong>imperiti.</strong></span> <span class='ocrx_word' id='word_1_613' title='bbox 817 4426 1099 4482; x_wconf 86' lang='lat' dir='ltr'><strong>Permittit</strong></span> <span class='ocrx_word' id='word_1_614' title='bbox 1133 4434 1319 4482; x_wconf 87' lang='lat' dir='ltr'><strong>autem</strong></span> <span class='ocrx_word' id='word_1_615' title='bbox 1350 4427 1398 4483; x_wconf 89' lang='lat' dir='ltr'><strong>ei</strong></span> <span class='ocrx_word' id='word_1_616' title='bbox 1431 4428 1706 4485; x_wconf 91' lang='lat' dir='ltr'><strong>Dominus</strong></span> <span class='ocrx_word' id='word_1_617' title='bbox 1737 4438 1800 4486; x_wconf 92' lang='lat' dir='ltr'><strong>ut</strong></span> <span class='ocrx_word' id='word_1_618' title='bbox 1825 4432 2108 4488; x_wconf 89' lang='lat' dir='ltr'><strong>recumbat</strong></span> 
     </span>
    </p>
   </div>
   <div class='ocr_carea' id='block_1_78' title="bbox 512 4517 2110 4595">
    <p class='ocr_par' dir='ltr' id='par_1_78' title="bbox 512 4517 2110 4595">
     <span class='ocr_line' id='line_1_78' title="bbox 512 4517 2110 4595; baseline 0.005 -25"><span class='ocrx_word' id='word_1_619' title='bbox 512 4531 675 4587; x_wconf 88' lang='lat' dir='ltr'><strong>super</strong></span> <span class='ocrx_word' id='word_1_620' title='bbox 714 4524 927 4587; x_wconf 90' lang='lat' dir='ltr'><strong>pectus,</strong></span> <span class='ocrx_word' id='word_1_621' title='bbox 972 4531 1271 4572; x_wconf 81' lang='lat' dir='ltr'><strong>maerorem</strong></span> <span class='ocrx_word' id='word_1_622' title='bbox 1314 4517 1430 4588; x_wconf 88' lang='lat' dir='ltr'><strong>ejus</strong></span> <span class='ocrx_word' id='word_1_623' title='bbox 1473 4519 1710 4588; x_wconf 87' lang='lat' dir='ltr'><strong>solvens,</strong></span> <span class='ocrx_word' id='word_1_624' title='bbox 1754 4528 1811 4575; x_wconf 89' lang='lat' dir='ltr'><strong>et</strong></span> <span class='ocrx_word' id='word_1_625' title='bbox 1848 4521 2110 4595; x_wconf 87' lang='lat' dir='ltr'><strong>mitigans</strong></span> 
     </span>
    </p>
   </div>
   <div class='ocr_carea' id='block_1_79' title="bbox 516 4604 2108 4674">
    <p class='ocr_par' dir='ltr' id='par_1_79' title="bbox 516 4604 2108 4674">
     <span class='ocr_line' id='line_1_79' title="bbox 516 4604 2108 4674; baseline 0.004 -13"><span class='ocrx_word' id='word_1_626' title='bbox 516 4605 889 4661; x_wconf 88' lang='lat' dir='ltr'><strong>turbationem</strong></span> <span class='ocrx_word' id='word_1_627' title='bbox 929 4604 1128 4660; x_wconf 86' lang='lat' dir='ltr'><strong>mentis</strong></span> <span class='ocrx_word' id='word_1_628' title='bbox 1156 4606 1321 4674; x_wconf 87' lang='lat' dir='ltr'><strong>illius,</strong></span> <span class='ocrx_word' id='word_1_629' title='bbox 1369 4615 1427 4663; x_wconf 87' lang='lat' dir='ltr'><strong>et</strong></span> <span class='ocrx_word' id='word_1_630' title='bbox 1466 4607 1523 4662; x_wconf 90' lang='lat' dir='ltr'><strong>in</strong></span> <span class='ocrx_word' id='word_1_631' title='bbox 1568 4623 1785 4665; x_wconf 91' lang='lat' dir='ltr'><strong>summa</strong></span> <span class='ocrx_word' id='word_1_632' title='bbox 1831 4610 2108 4668; x_wconf 82' lang='lat' dir='ltr'><strong>tristitiam</strong></span> 
     </span>
    </p>
   </div>
   <div class='ocr_carea' id='block_1_80' title="bbox 515 4693 2109 4769">
    <p class='ocr_par' dir='ltr' id='par_1_80' title="bbox 515 4693 2109 4769">
     <span class='ocr_line' id='line_1_80' title="bbox 515 4693 2109 4769; baseline 0.005 -21"><span class='ocrx_word' id='word_1_633' title='bbox 515 4694 747 4764; x_wconf 88' lang='lat' dir='ltr'><strong>sopiens.</strong></span> <span class='ocrx_word' id='word_1_634' title='bbox 796 4693 1103 4750; x_wconf 90' lang='lat' dir='ltr'><strong>Verisimile</strong></span> <span class='ocrx_word' id='word_1_635' title='bbox 1132 4695 1279 4750; x_wconf 90' lang='lat' dir='ltr'><strong>enim</strong></span> <span class='ocrx_word' id='word_1_636' title='bbox 1329 4695 1495 4751; x_wconf 91' lang='lat' dir='ltr'><strong>etiam</strong></span> <span class='ocrx_word' id='word_1_637' title='bbox 1547 4698 1716 4769; x_wconf 76' lang='lat'><strong>693</strong></span> <span class='ocrx_word' id='word_1_638' title='bbox 1766 4699 1821 4753; x_wconf 93' lang='lat' dir='ltr'><strong>in</strong></span> <span class='ocrx_word' id='word_1_639' title='bbox 1874 4698 2109 4757; x_wconf 88' lang='lat' dir='ltr'><strong>faciebus</strong></span> 
     </span>
    </p>
   </div>
   <div class='ocr_carea' id='block_1_81' title="bbox 514 4783 2111 4861">
    <p class='ocr_par' dir='ltr' id='par_1_81' title="bbox 514 4783 2111 4861">
     <span class='ocr_line' id='line_1_81' title="bbox 514 4783 2111 4861; baseline 0.006 -24"><span class='ocrx_word' id='word_1_640' title='bbox 514 4798 710 4838; x_wconf 91' lang='lat' dir='ltr'><strong>eorum</strong></span> <span class='ocrx_word' id='word_1_641' title='bbox 739 4783 976 4838; x_wconf 89' lang='lat' dir='ltr'><strong>multum</strong></span> <span class='ocrx_word' id='word_1_642' title='bbox 1026 4785 1283 4839; x_wconf 67' lang='lat' dir='ltr'><strong>maeroris</strong></span> <span class='ocrx_word' id='word_1_643' title='bbox 1312 4786 1646 4857; x_wconf 86' lang='lat' dir='ltr'><strong>apparuisse.</strong></span> <span class='ocrx_word' id='word_1_644' title='bbox 1706 4789 1771 4842; x_wconf 87' lang='lat' dir='ltr'><strong>Et</strong></span> <span class='ocrx_word' id='word_1_645' title='bbox 1810 4804 1990 4861; x_wconf 90' lang='lat' dir='ltr'><strong>neque</strong></span> <span class='ocrx_word' id='word_1_646' title='bbox 2028 4791 2111 4847; x_wconf 90' lang='lat' dir='ltr'><strong>sic</strong></span> 
     </span>
    </p>
   </div>
   <div class='ocr_carea' id='block_1_82' title="bbox 515 4873 2111 4947">
    <p class='ocr_par' dir='ltr' id='par_1_82' title="bbox 515 4873 2111 4947">
     <span class='ocr_line' id='line_1_82' title="bbox 515 4873 2111 4947; baseline 0.006 -20"><span class='ocrx_word' id='word_1_647' title='bbox 515 4873 884 4943; x_wconf 89' lang='lat' dir='ltr'><strong>interrogatus</strong></span> <span class='ocrx_word' id='word_1_648' title='bbox 937 4873 1214 4928; x_wconf 89' lang='lat' dir='ltr'><strong>Dominus</strong></span> <span class='ocrx_word' id='word_1_649' title='bbox 1259 4874 1484 4930; x_wconf 89' lang='lat' dir='ltr'><strong>nomine</strong></span> <span class='ocrx_word' id='word_1_650' title='bbox 1544 4875 1881 4947; x_wconf 80' lang='lat' dir='ltr'><strong>proditorem</strong></span> <span class='ocrx_word' id='word_1_651' title='bbox 1938 4880 2111 4935; x_wconf 84' lang='lat' dir='ltr'><strong>mani-</strong></span> 
     </span>
    </p>
   </div>
   <div class='ocr_carea' id='block_1_83' title="bbox 512 4959 2107 5037">
    <p class='ocr_par' dir='ltr' id='par_1_83' title="bbox 512 4959 2107 5037">
     <span class='ocr_line' id='line_1_83' title="bbox 512 4959 2107 5037; baseline 0.006 -20"><span class='ocrx_word' id='word_1_652' title='bbox 512 4959 695 5025; x_wconf 78' lang='lat' dir='ltr'><strong>festat,</strong></span> <span class='ocrx_word' id='word_1_653' title='bbox 717 4959 816 5016; x_wconf 91' lang='lat' dir='ltr'><strong>sed</strong></span> <span class='ocrx_word' id='word_1_654' title='bbox 838 4976 932 5032; x_wconf 90' lang='lat' dir='ltr'><strong>per</strong></span> <span class='ocrx_word' id='word_1_655' title='bbox 963 4961 1270 5017; x_wconf 88' lang='lat' dir='ltr'><strong>buccellam</strong></span> <span class='ocrx_word' id='word_1_656' title='bbox 1294 4972 1426 5018; x_wconf 88' lang='lat' dir='ltr'><strong>tunc</strong></span> <span class='ocrx_word' id='word_1_657' title='bbox 1455 4964 1808 5022; x_wconf 86' lang='lat' dir='ltr'><strong>manifestum</strong></span> <span class='ocrx_word' id='word_1_658' title='bbox 1837 4967 1987 5037; x_wconf 87' lang='lat' dir='ltr'><strong>facit,</strong></span> <span class='ocrx_word' id='word_1_659' title='bbox 2018 4969 2107 5026; x_wconf 86' lang='lat' dir='ltr'><strong>ad-</strong></span> 
     </span>
    </p>
   </div>
   <div class='ocr_carea' id='block_1_84' title="bbox 514 5048 2101 5119">
    <p class='ocr_par' dir='ltr' id='par_1_84' title="bbox 514 5048 2101 5119">
     <span class='ocr_line' id='line_1_84' title="bbox 514 5048 2101 5119; baseline 0.006 -13"><span class='ocrx_word' id='word_1_660' title='bbox 514 5064 747 5106; x_wconf 90' lang='lat' dir='ltr'><strong>monens</strong></span> <span class='ocrx_word' id='word_1_661' title='bbox 796 5048 1158 5119; x_wconf 89' lang='lat' dir='ltr'><strong>proditorem,</strong></span> <span class='ocrx_word' id='word_1_662' title='bbox 1202 5059 1256 5106; x_wconf 88' lang='lat' dir='ltr'><strong>et</strong></span> <span class='ocrx_word' id='word_1_663' title='bbox 1290 5052 1349 5106; x_wconf 90' lang='lat' dir='ltr'><strong>in</strong></span> <span class='ocrx_word' id='word_1_664' title='bbox 1382 5055 1710 5111; x_wconf 88' lang='lat' dir='ltr'><strong>memoriam</strong></span> <span class='ocrx_word' id='word_1_665' title='bbox 1743 5057 1791 5111; x_wconf 91' lang='lat' dir='ltr'><strong>ei</strong></span> <span class='ocrx_word' id='word_1_666' title='bbox 1833 5057 2101 5114; x_wconf 90' lang='lat' dir='ltr'><strong>reducens</strong></span> 
     </span>
    </p>
   </div>
   <div class='ocr_carea' id='block_1_85' title="bbox 513 5143 2106 5215">
    <p class='ocr_par' dir='ltr' id='par_1_85' title="bbox 513 5143 2106 5215">
     <span class='ocr_line' id='line_1_85' title="bbox 513 5143 2106 5215; baseline 0.005 -20"><span class='ocrx_word' id='word_1_667' title='bbox 513 5155 764 5196; x_wconf 86' lang='lat' dir='ltr'><strong>mensam</strong></span> <span class='ocrx_word' id='word_1_668' title='bbox 810 5146 867 5194; x_wconf 88' lang='lat' dir='ltr'><strong>et</strong></span> <span class='ocrx_word' id='word_1_669' title='bbox 910 5154 1115 5211; x_wconf 87' lang='lat' dir='ltr'><strong>panem</strong></span> <span class='ocrx_word' id='word_1_670' title='bbox 1156 5154 1393 5211; x_wconf 91' lang='lat' dir='ltr'><strong>quorum</strong></span> <span class='ocrx_word' id='word_1_671' title='bbox 1430 5143 1696 5215; x_wconf 90' lang='lat' dir='ltr'><strong>particeps</strong></span> <span class='ocrx_word' id='word_1_672' title='bbox 1742 5154 1882 5211; x_wconf 87' lang='lat' dir='ltr'><strong>erat,</strong></span> <span class='ocrx_word' id='word_1_673' title='bbox 1932 5155 1995 5203; x_wconf 93' lang='lat' dir='ltr'><strong>ut</strong></span> <span class='ocrx_word' id='word_1_674' title='bbox 2037 5163 2106 5204; x_wconf 92' lang='lat' dir='ltr'><strong>ne</strong></span> 
     </span>
    </p>
   </div>
   <div class='ocr_carea' id='block_1_86' title="bbox 514 5228 2106 5308">
    <p class='ocr_par' dir='ltr' id='par_1_86' title="bbox 514 5228 2106 5308">
     <span class='ocr_line' id='line_1_86' title="bbox 514 5228 2106 5308; baseline 0.004 -23"><span class='ocrx_word' id='word_1_675' title='bbox 514 5228 731 5301; x_wconf 88' lang='lat' dir='ltr'><strong>prodat,</strong></span> <span class='ocrx_word' id='word_1_676' title='bbox 758 5237 812 5283; x_wconf 90' lang='lat' dir='ltr'><strong>et</strong></span> <span class='ocrx_word' id='word_1_677' title='bbox 835 5237 1026 5285; x_wconf 90' lang='lat' dir='ltr'><strong>contra</strong></span> <span class='ocrx_word' id='word_1_678' title='bbox 1052 5237 1371 5300; x_wconf 88' lang='lat' dir='ltr'><strong>pascentem</strong></span> <span class='ocrx_word' id='word_1_679' title='bbox 1386 5230 1638 5288; x_wconf 88' lang='lat' dir='ltr'><strong>insaniat.</strong></span> <span class='ocrx_word' id='word_1_680' title='bbox 1662 5234 1881 5305; x_wconf 86' lang='lat' dir='ltr'><strong>Accipe,</strong></span> <span class='ocrx_word' id='word_1_681' title='bbox 1906 5235 2106 5308; x_wconf 91' lang='lat' dir='ltr'><strong>inquit,</strong></span> 
     </span>
    </p>
   </div>
   <div class='ocr_carea' id='block_1_87' title="bbox 515 5317 2110 5391">
    <p class='ocr_par' dir='ltr' id='par_1_87' title="bbox 515 5317 2110 5391">
     <span class='ocr_line' id='line_1_87' title="bbox 515 5317 2110 5391; baseline 0.005 -20"><span class='ocrx_word' id='word_1_682' title='bbox 515 5332 738 5386; x_wconf 88' lang='lat' dir='ltr'><strong>panem,</strong></span> <span class='ocrx_word' id='word_1_683' title='bbox 761 5317 917 5390; x_wconf 90' lang='lat' dir='ltr'><strong>cujus</strong></span> <span class='ocrx_word' id='word_1_684' title='bbox 931 5332 1155 5373; x_wconf 91' lang='lat' dir='ltr'><strong>mecum</strong></span> <span class='ocrx_word' id='word_1_685' title='bbox 1177 5319 1451 5391; x_wconf 90' lang='lat' dir='ltr'><strong>particeps</strong></span> <span class='ocrx_word' id='word_1_686' title='bbox 1467 5335 1543 5385; x_wconf 90' lang='lat' dir='ltr'><strong>es,</strong></span> <span class='ocrx_word' id='word_1_687' title='bbox 1568 5337 1789 5377; x_wconf 88' lang='lat' dir='ltr'><strong>memor</strong></span> <span class='ocrx_word' id='word_1_688' title='bbox 1817 5333 1938 5380; x_wconf 91' lang='lat' dir='ltr'><strong>esto</strong></span> <span class='ocrx_word' id='word_1_689' title='bbox 1953 5340 2110 5379; x_wconf 89' lang='lat' dir='ltr'><strong>com-</strong></span> 
     </span>
    </p>
   </div>
   <div class='ocr_carea' id='block_1_88' title="bbox 516 5406 2107 5485">
    <p class='ocr_par' dir='ltr' id='par_1_88' title="bbox 516 5406 2107 5485">
     <span class='ocr_line' id='line_1_88' title="bbox 516 5406 2107 5485; baseline 0.008 -28"><span class='ocrx_word' id='word_1_690' title='bbox 516 5406 697 5460; x_wconf 88' lang='lat' dir='ltr'><strong>munis</strong></span> <span class='ocrx_word' id='word_1_691' title='bbox 736 5422 959 5463; x_wconf 65' lang='lat' dir='ltr'><strong>mensm.</strong></span> <span class='ocrx_word' id='word_1_692' title='bbox 1014 5412 1089 5463; x_wconf 84' lang='lat' dir='ltr'><strong>At</strong></span> <span class='ocrx_word' id='word_1_693' title='bbox 1126 5422 1238 5462; x_wconf 91' lang='lat' dir='ltr'><strong>non</strong></span> <span class='ocrx_word' id='word_1_694' title='bbox 1267 5407 1534 5464; x_wconf 83' lang='lat' dir='ltr'><strong>intellexit</strong></span> <span class='ocrx_word' id='word_1_695' title='bbox 1586 5410 1773 5466; x_wconf 90' lang='lat' dir='ltr'><strong>anima</strong></span> <span class='ocrx_word' id='word_1_696' title='bbox 1804 5411 1945 5468; x_wconf 90' lang='lat' dir='ltr'><strong>illius</strong></span> <span class='ocrx_word' id='word_1_697' title='bbox 1992 5428 2107 5485; x_wconf 71' lang='lat' dir='ltr'><strong>prae</strong></span> 
     </span>
    </p>
   </div>
   <div class='ocr_carea' id='block_1_89' title="bbox 518 5489 2109 5571">
    <p class='ocr_par' dir='ltr' id='par_1_89' title="bbox 518 5489 2109 5571">
     <span class='ocr_line' id='line_1_89' title="bbox 518 5489 2109 5571; baseline 0.008 -26"><span class='ocrx_word' id='word_1_698' title='bbox 518 5489 809 5549; x_wconf 88' lang='lat' dir='ltr'><strong>affectione</strong></span> <span class='ocrx_word' id='word_1_699' title='bbox 838 5504 1076 5565; x_wconf 87' lang='lat' dir='ltr'><strong>gravata.</strong></span> <span class='ocrx_word' id='word_1_700' title='bbox 1130 5497 1186 5552; x_wconf 93' lang='lat' dir='ltr'><strong>Si</strong></span> <span class='ocrx_word' id='word_1_701' title='bbox 1216 5496 1297 5553; x_wconf 88' lang='lat' dir='ltr'><strong>vis</strong></span> <span class='ocrx_word' id='word_1_702' title='bbox 1335 5506 1391 5553; x_wconf 91' lang='lat' dir='ltr'><strong>et</strong></span> <span class='ocrx_word' id='word_1_703' title='bbox 1419 5497 1535 5570; x_wconf 90' lang='lat' dir='ltr'><strong>ipse</strong></span> <span class='ocrx_word' id='word_1_704' title='bbox 1583 5515 1754 5571; x_wconf 89' lang='lat' dir='ltr'><strong>prope</strong></span> <span class='ocrx_word' id='word_1_705' title='bbox 1793 5502 1989 5558; x_wconf 85' lang='lat' dir='ltr'><strong>Jesum</strong></span> <span class='ocrx_word' id='word_1_706' title='bbox 2023 5518 2109 5558; x_wconf 89' lang='lat' dir='ltr'><strong>re-</strong></span> 
     </span>
    </p>
   </div>
   <div class='ocr_carea' id='block_1_90' title="bbox 518 5580 2106 5661">
    <p class='ocr_par' dir='ltr' id='par_1_90' title="bbox 518 5580 2106 5661">
     <span class='ocr_line' id='line_1_90' title="bbox 518 5580 2106 5661; baseline 0.008 -26"><span class='ocrx_word' id='word_1_707' title='bbox 518 5580 798 5649; x_wconf 89' lang='lat' dir='ltr'><strong>cumbere,</strong></span> <span class='ocrx_word' id='word_1_708' title='bbox 830 5591 886 5639; x_wconf 90' lang='lat' dir='ltr'><strong>et</strong></span> <span class='ocrx_word' id='word_1_709' title='bbox 927 5584 986 5639; x_wconf 90' lang='lat' dir='ltr'><strong>in</strong></span> <span class='ocrx_word' id='word_1_710' title='bbox 1026 5593 1215 5657; x_wconf 89' lang='lat' dir='ltr'><strong>pectus</strong></span> <span class='ocrx_word' id='word_1_711' title='bbox 1262 5587 1381 5659; x_wconf 88' lang='lat' dir='ltr'><strong>ejus</strong></span> <span class='ocrx_word' id='word_1_712' title='bbox 1424 5586 1641 5657; x_wconf 87' lang='lat' dir='ltr'><strong>cadere,</strong></span> <span class='ocrx_word' id='word_1_713' title='bbox 1672 5597 1728 5646; x_wconf 90' lang='lat' dir='ltr'><strong>et</strong></span> <span class='ocrx_word' id='word_1_714' title='bbox 1765 5590 1993 5661; x_wconf 87' lang='lat' dir='ltr'><strong>mystica</strong></span> <span class='ocrx_word' id='word_1_715' title='bbox 2037 5592 2106 5648; x_wconf 92' lang='lat' dir='ltr'><strong>ab</strong></span> 
     </span>
    </p>
   </div>
   <div class='ocr_carea' id='block_1_91' title="bbox 589 5748 1635 5822">
    <p class='ocr_par' dir='ltr' id='par_1_91' title="bbox 589 5748 1635 5822">
     <span class='ocr_line' id='line_1_91' title="bbox 589 5748 1635 5822; baseline 0.008 -19"><span class='ocrx_word' id='word_1_716' title='bbox 589 5748 634 5783; x_wconf 82' lang='grc'><strong>⁴⁰</strong></span> <span class='ocrx_word' id='word_1_717' title='bbox 654 5748 894 5820; x_wconf 86' lang='lat' dir='ltr'><strong>Philipp.</strong></span> <span class='ocrx_word' id='word_1_718' title='bbox 931 5764 1032 5820; x_wconf 82' lang='lat' dir='ltr'><strong>tu,</strong></span> <span class='ocrx_word' id='word_1_719' title='bbox 1070 5756 1156 5807; x_wconf 84' lang='lat'><strong>12.</strong></span> <span class='ocrx_word' id='word_1_720' title='bbox 1187 5753 1226 5787; x_wconf 82' lang='lat'>“</span> <span class='ocrx_word' id='word_1_721' title='bbox 1252 5754 1435 5812; x_wconf 88' lang='lat' dir='ltr'><strong>Galat.</strong></span> <span class='ocrx_word' id='word_1_722' title='bbox 1464 5770 1553 5822; x_wconf 83' lang='lat' dir='ltr'><strong>tv,</strong></span> <span class='ocrx_word' id='word_1_723' title='bbox 1578 5762 1635 5811; x_wconf 90' lang='lat'><strong>9.</strong></span> 
     </span>
    </p>
   </div>
   <div class='ocr_carea' id='block_1_92' title="bbox 2216 3344 3812 3434">
    <p class='ocr_par' dir='ltr' id='par_1_92' title="bbox 2216 3344 3812 3434">
     <span class='ocr_line' id='line_1_92' title="bbox 2216 3344 3812 3434; baseline 0.001 -20"><span class='ocrx_word' id='word_1_724' title='bbox 2216 3344 2419 3434; x_wconf 82' lang='grc' dir='ltr'>μᾶλλον</span> <span class='ocrx_word' id='word_1_725' title='bbox 2469 3356 2524 3414; x_wconf 83' lang='grc' dir='ltr'>δὲ</span> <span class='ocrx_word' id='word_1_726' title='bbox 2567 3357 2885 3433; x_wconf 85' lang='grc' dir='ltr'>γνωσθέντες</span> <span class='ocrx_word' id='word_1_727' title='bbox 2915 3354 3020 3413; x_wconf 78' lang='grc' dir='ltr'><strong>ὕπὸ</strong></span> <span class='ocrx_word' id='word_1_728' title='bbox 3046 3355 3210 3415; x_wconf 85' lang='grc' dir='ltr'>Θεοῦ,</span> <span class='ocrx_word' id='word_1_729' title='bbox 3244 3375 3274 3412; x_wconf 81' lang='grc'><strong>))</strong></span> <span class='ocrx_word' id='word_1_730' title='bbox 3368 3353 3556 3421; x_wconf 73' lang='grc' dir='ltr'>Οὕτως</span> <span class='ocrx_word' id='word_1_731' title='bbox 3588 3344 3678 3412; x_wconf 65' lang='grc' dir='ltr'><strong>οὖν</strong></span> <span class='ocrx_word' id='word_1_732' title='bbox 3714 3356 3812 3416; x_wconf 82' lang='grc' dir='ltr'><strong>καὶ</strong></span> 
     </span>
    </p>
   </div>
   <div class='ocr_carea' id='block_1_93' title="bbox 2213 3441 3821 3522">
    <p class='ocr_par' dir='ltr' id='par_1_93' title="bbox 2213 3441 3821 3522">
     <span class='ocr_line' id='line_1_93' title="bbox 2213 3441 3821 3522; baseline -0.001 -19"><span class='ocrx_word' id='word_1_733' title='bbox 2213 3445 2270 3503; x_wconf 86' lang='grc' dir='ltr'>τὸ</span> <span class='ocrx_word' id='word_1_734' title='bbox 2290 3491 2308 3521; x_wconf 87' lang='grc'><strong>,</strong></span> <span class='ocrx_word' id='word_1_735' title='bbox 2355 3468 2382 3502; x_wconf 84' lang='grc' dir='ltr'>ι(</span> <span class='ocrx_word' id='word_1_736' title='bbox 2410 3442 2466 3503; x_wconf 84' lang='grc' dir='ltr'><strong>ὃν</strong></span> <span class='ocrx_word' id='word_1_737' title='bbox 2496 3446 2684 3522; x_wconf 79' lang='grc' dir='ltr'>ἠγάπα</span> <span class='ocrx_word' id='word_1_738' title='bbox 2721 3448 2748 3502; x_wconf 93' lang='lat'><strong>6</strong></span> <span class='ocrx_word' id='word_1_739' title='bbox 2775 3443 3016 3518; x_wconf 88' lang='grc' dir='ltr'>Ἰησους,</span> <span class='ocrx_word' id='word_1_740' title='bbox 3045 3464 3076 3500; x_wconf 84' lang='grc'><strong>))</strong></span> <span class='ocrx_word' id='word_1_741' title='bbox 3119 3444 3177 3500; x_wconf 80' lang='grc' dir='ltr'>οὗ</span> <span class='ocrx_word' id='word_1_742' title='bbox 3205 3441 3504 3522; x_wconf 83' lang='grc' dir='ltr'>καύχημα,</span> <span class='ocrx_word' id='word_1_743' title='bbox 3534 3442 3676 3501; x_wconf 83' lang='grc' dir='ltr'>ἀλλὰ</span> <span class='ocrx_word' id='word_1_744' title='bbox 3727 3468 3821 3502; x_wconf 85' lang='grc' dir='ltr'>τα-</span> 
     </span>
    </p>
   </div>
   <div class='ocr_carea' id='block_1_94' title="bbox 2211 3531 3818 3614">
    <p class='ocr_par' dir='ltr' id='par_1_94' title="bbox 2211 3531 3818 3614">
     <span class='ocr_line' id='line_1_94' title="bbox 2211 3531 3818 3614; baseline 0.001 -23"><span class='ocrx_word' id='word_1_745' title='bbox 2211 3532 2620 3614; x_wconf 75' lang='grc' dir='ltr'>πεινοφροσύνης</span> <span class='ocrx_word' id='word_1_746' title='bbox 2650 3532 2923 3612; x_wconf 82' lang='grc' dir='ltr'>ἔνδειγμα.</span> <span class='ocrx_word' id='word_1_747' title='bbox 3012 3531 3171 3592; x_wconf 88' lang='grc' dir='ltr'>Διατί</span> <span class='ocrx_word' id='word_1_748' title='bbox 3202 3532 3255 3590; x_wconf 86' lang='grc' dir='ltr'>δὲ</span> <span class='ocrx_word' id='word_1_749' title='bbox 3283 3535 3385 3613; x_wconf 81' lang='grc' dir='ltr'><strong>οὐχ</strong></span> <span class='ocrx_word' id='word_1_750' title='bbox 3404 3538 3432 3592; x_wconf 95' lang='lat'><strong>6</strong></span> <span class='ocrx_word' id='word_1_751' title='bbox 3460 3532 3662 3610; x_wconf 85' lang='grc' dir='ltr'>Πέτρος</span> <span class='ocrx_word' id='word_1_752' title='bbox 3684 3536 3818 3613; x_wconf 80' lang='grc' dir='ltr'>ἐρω-</span> 
     </span>
    </p>
   </div>
   <div class='ocr_carea' id='block_1_95' title="bbox 2212 3620 3814 3704">
    <p class='ocr_par' dir='ltr' id='par_1_95' title="bbox 2212 3620 3814 3704">
     <span class='ocr_line' id='line_1_95' title="bbox 2212 3620 3814 3704; baseline 0.001 -24"><span class='ocrx_word' id='word_1_753' title='bbox 2212 3632 2280 3704; x_wconf 82' lang='grc' dir='ltr'><strong>τᾷ</strong></span> <span class='ocrx_word' id='word_1_754' title='bbox 2310 3623 2397 3682; x_wconf 81' lang='grc' dir='ltr'><strong>τὸν</strong></span> <span class='ocrx_word' id='word_1_755' title='bbox 2430 3623 2662 3700; x_wconf 84' lang='grc' dir='ltr'>Κύριον,</span> <span class='ocrx_word' id='word_1_756' title='bbox 2714 3622 2853 3682; x_wconf 81' lang='grc' dir='ltr'>ἀλλὰ</span> <span class='ocrx_word' id='word_1_757' title='bbox 2900 3624 2977 3703; x_wconf 83' lang='grc' dir='ltr'><strong>τῷ</strong></span> <span class='ocrx_word' id='word_1_758' title='bbox 3020 3620 3246 3701; x_wconf 81' lang='grc' dir='ltr'>Ἰωάννῃ</span> <span class='ocrx_word' id='word_1_759' title='bbox 3286 3620 3529 3695; x_wconf 75' lang='grc' dir='ltr'>ἔνευσενς</span> <span class='ocrx_word' id='word_1_760' title='bbox 3583 3620 3814 3696; x_wconf 82' lang='grc' dir='ltr'>Ἐπειδὴ</span> 
     </span>
    </p>
   </div>
   <div class='ocr_carea' id='block_1_96' title="bbox 2214 3711 3817 3792">
    <p class='ocr_par' dir='ltr' id='par_1_96' title="bbox 2214 3711 3817 3792">
     <span class='ocr_line' id='line_1_96' title="bbox 2214 3711 3817 3792; baseline 0 -22"><span class='ocrx_word' id='word_1_761' title='bbox 2214 3711 2321 3770; x_wconf 86' lang='grc' dir='ltr'><strong>ἀπὸ</strong></span> <span class='ocrx_word' id='word_1_762' title='bbox 2368 3715 2566 3784; x_wconf 83' lang='grc' dir='ltr'>πολλῆς</span> <span class='ocrx_word' id='word_1_763' title='bbox 2630 3711 2953 3790; x_wconf 88' lang='grc' dir='ltr'>θερμότητος</span> <span class='ocrx_word' id='word_1_764' title='bbox 3023 3711 3325 3792; x_wconf 77' lang='grc' dir='ltr'>εὑρίσκεται</span> <span class='ocrx_word' id='word_1_765' title='bbox 3385 3712 3662 3791; x_wconf 81' lang='grc' dir='ltr'>πολλαχοῦ</span> <span class='ocrx_word' id='word_1_766' title='bbox 3714 3713 3817 3788; x_wconf 83' lang='grc' dir='ltr'>μὲν</span> 
     </span>
    </p>
   </div>
   <div class='ocr_carea' id='block_1_97' title="bbox 2213 3798 3821 3882">
    <p class='ocr_par' dir='ltr' id='par_1_97' title="bbox 2213 3798 3821 3882">
     <span class='ocr_line' id='line_1_97' title="bbox 2213 3798 3821 3882; baseline -0.001 -22"><span class='ocrx_word' id='word_1_767' title='bbox 2213 3805 2391 3882; x_wconf 82' lang='grc' dir='ltr'>ὁρμῶν</span> <span class='ocrx_word' id='word_1_768' title='bbox 2414 3847 2430 3876; x_wconf 92' lang='grc'><strong>,</strong></span> <span class='ocrx_word' id='word_1_769' title='bbox 2457 3800 2845 3877; x_wconf 81' lang='grc' dir='ltr'>ἐπιτιμώμενος</span> <span class='ocrx_word' id='word_1_770' title='bbox 2875 3799 2930 3859; x_wconf 82' lang='grc' dir='ltr'>δὲ</span> <span class='ocrx_word' id='word_1_771' title='bbox 2948 3846 2966 3878; x_wconf 82' lang='grc'><strong>,</strong></span> <span class='ocrx_word' id='word_1_772' title='bbox 2998 3798 3187 3860; x_wconf 89' lang='grc' dir='ltr'>τούτου</span> <span class='ocrx_word' id='word_1_773' title='bbox 3212 3798 3387 3860; x_wconf 78' lang='grc' dir='ltr'>ἕνεκεν</span> <span class='ocrx_word' id='word_1_774' title='bbox 3418 3804 3509 3858; x_wconf 92' lang='grc' dir='ltr'><strong>νῦν</strong></span> <span class='ocrx_word' id='word_1_775' title='bbox 3544 3801 3821 3880; x_wconf 77' lang='grc' dir='ltr'>ἐρωτῆσαι</span> 
     </span>
    </p>
   </div>
   <div class='ocr_carea' id='block_1_98' title="bbox 2216 3888 3819 3970">
    <p class='ocr_par' dir='ltr' id='par_1_98' title="bbox 2216 3888 3819 3970">
     <span class='ocr_line' id='line_1_98' title="bbox 2216 3888 3819 3970; baseline 0 -21"><span class='ocrx_word' id='word_1_776' title='bbox 2216 3890 2448 3950; x_wconf 77' lang='grc' dir='ltr'>δέδοικεν</span> <span class='ocrx_word' id='word_1_777' title='bbox 2467 3936 2484 3963; x_wconf 95' lang='grc'><strong>,</strong></span> <span class='ocrx_word' id='word_1_778' title='bbox 2530 3889 2618 3948; x_wconf 79' lang='grc' dir='ltr'>ἵνα</span> <span class='ocrx_word' id='word_1_779' title='bbox 2668 3891 2743 3967; x_wconf 90' lang='grc' dir='ltr'><strong>μὴ</strong></span> <span class='ocrx_word' id='word_1_780' title='bbox 2774 3890 2867 3949; x_wconf 85' lang='lat' dir='ltr'><strong>xui</strong></span> <span class='ocrx_word' id='word_1_781' title='bbox 2897 3895 2990 3948; x_wconf 90' lang='grc' dir='ltr'><strong>νῦν</strong></span> <span class='ocrx_word' id='word_1_782' title='bbox 3022 3888 3285 3970; x_wconf 77' lang='grc' dir='ltr'>ἐπιπλήξῃ</span> <span class='ocrx_word' id='word_1_783' title='bbox 3334 3892 3478 3969; x_wconf 81' lang='grc' dir='ltr'>αὐτῷ</span> <span class='ocrx_word' id='word_1_784' title='bbox 3508 3893 3576 3956; x_wconf 81' lang='grc' dir='ltr'>ὥς</span> <span class='ocrx_word' id='word_1_785' title='bbox 3619 3912 3819 3970; x_wconf 75' lang='grc' dir='ltr'>προπεο</span> 
     </span>
    </p>
   </div>
   <div class='ocr_carea' id='block_1_99' title="bbox 2216 3977 3815 4060">
    <p class='ocr_par' dir='ltr' id='par_1_99' title="bbox 2216 3977 3815 4060">
     <span class='ocr_line' id='line_1_99' title="bbox 2216 3977 3815 4060; baseline -0.001 -22"><span class='ocrx_word' id='word_1_786' title='bbox 2216 3982 2483 4060; x_wconf 79' lang='grc' dir='ltr'>τευομένῳ</span> <span class='ocrx_word' id='word_1_787' title='bbox 2536 3984 2564 4038; x_wconf 92' lang='lat'><strong>6</strong></span> <span class='ocrx_word' id='word_1_788' title='bbox 2612 3980 2827 4060; x_wconf 88' lang='grc' dir='ltr'>Κύριος.</span> <span class='ocrx_word' id='word_1_789' title='bbox 2916 3980 3073 4046; x_wconf 84' lang='grc' dir='ltr'>Τίνος</span> <span class='ocrx_word' id='word_1_790' title='bbox 3127 3979 3181 4036; x_wconf 86' lang='grc' dir='ltr'>δὲ</span> <span class='ocrx_word' id='word_1_791' title='bbox 3227 3977 3405 4037; x_wconf 77' lang='grc' dir='ltr'>ἕνεκεν</span> <span class='ocrx_word' id='word_1_792' title='bbox 3471 3981 3498 4037; x_wconf 87' lang='lat'><strong>6</strong></span> <span class='ocrx_word' id='word_1_793' title='bbox 3552 3977 3815 4051; x_wconf 87' lang='grc' dir='ltr'>Ἰωάννης</span> 
     </span>
    </p>
   </div>
   <div class='ocr_carea' id='block_1_100' title="bbox 2215 4067 3815 4151">
    <p class='ocr_par' dir='ltr' id='par_1_100' title="bbox 2215 4067 3815 4151">
     <span class='ocr_line' id='line_1_100' title="bbox 2215 4067 3815 4151; baseline 0.001 -24"><span class='ocrx_word' id='word_1_794' title='bbox 2215 4069 2397 4128; x_wconf 86' lang='grc' dir='ltr'>πίπτει</span> <span class='ocrx_word' id='word_1_795' title='bbox 2441 4070 2532 4127; x_wconf 82' lang='grc' dir='ltr'><strong>ἐπὶ</strong></span> <span class='ocrx_word' id='word_1_796' title='bbox 2574 4074 2651 4151; x_wconf 82' lang='grc' dir='ltr'><strong>τῷ</strong></span> <span class='ocrx_word' id='word_1_797' title='bbox 2700 4068 2881 4140; x_wconf 75' lang='grc' dir='ltr'>στήθει</span> <span class='ocrx_word' id='word_1_798' title='bbox 2934 4074 3025 4128; x_wconf 90' lang='grc' dir='ltr'><strong>τοῦ</strong></span> <span class='ocrx_word' id='word_1_799' title='bbox 3070 4067 3250 4140; x_wconf 81' lang='grc' dir='ltr'>Ἰησοῦ</span> <span class='ocrx_word' id='word_1_800' title='bbox 3291 4067 3457 4135; x_wconf 78' lang='grc' dir='ltr'>οὕτως</span> <span class='ocrx_word' id='word_1_801' title='bbox 3506 4069 3815 4138; x_wconf 81' lang='grc' dir='ltr'>ἀνευλαϐῶς</span> 
     </span>
    </p>
   </div>
   <div class='ocr_carea' id='block_1_101' title="bbox 2216 4156 3813 4237">
    <p class='ocr_par' dir='ltr' id='par_1_101' title="bbox 2216 4156 3813 4237">
     <span class='ocr_line' id='line_1_101' title="bbox 2216 4156 3813 4237; baseline 0.001 -21"><span class='ocrx_word' id='word_1_802' title='bbox 2216 4159 2306 4217; x_wconf 87' lang='grc' dir='ltr'><strong>καὶ</strong></span> <span class='ocrx_word' id='word_1_803' title='bbox 2355 4159 2760 4233; x_wconf 77' lang='grc' dir='ltr'>ἀνυποστόλωςς</span> <span class='ocrx_word' id='word_1_804' title='bbox 2806 4156 2940 4219; x_wconf 66' lang='grc' dir='ltr'><strong>εὈτι</strong></span> <span class='ocrx_word' id='word_1_805' title='bbox 2980 4158 3128 4218; x_wconf 83' lang='grc' dir='ltr'>οὐδὲν</span> <span class='ocrx_word' id='word_1_806' title='bbox 3163 4158 3369 4217; x_wconf 82' lang='grc' dir='ltr'>οὐδέπω</span> <span class='ocrx_word' id='word_1_807' title='bbox 3410 4157 3531 4237; x_wconf 82' lang='grc' dir='ltr'>περὶ</span> <span class='ocrx_word' id='word_1_808' title='bbox 3569 4157 3813 4232; x_wconf 80' lang='grc' dir='ltr'>Χριστοῦ</span> 
     </span>
    </p>
   </div>
   <div class='ocr_carea' id='block_1_102' title="bbox 2216 4238 3806 4323">
    <p class='ocr_par' dir='ltr' id='par_1_102' title="bbox 2216 4238 3806 4323">
     <span class='ocr_line' id='line_1_102' title="bbox 2216 4238 3806 4323; baseline 0.001 -18"><span class='ocrx_word' id='word_1_809' title='bbox 2216 4246 2357 4321; x_wconf 85' lang='grc' dir='ltr'>μέγα</span> <span class='ocrx_word' id='word_1_810' title='bbox 2404 4247 2806 4323; x_wconf 79' lang='grc' dir='ltr'>ὑπελάμϐανεν,</span> <span class='ocrx_word' id='word_1_811' title='bbox 2859 4248 2978 4307; x_wconf 73' lang='grc' dir='ltr'>οὐδὲ</span> <span class='ocrx_word' id='word_1_812' title='bbox 3025 4238 3161 4319; x_wconf 71' lang='grc' dir='ltr'>ἦσαν</span> <span class='ocrx_word' id='word_1_813' title='bbox 3206 4247 3653 4323; x_wconf 87' lang='grc' dir='ltr'>πεπαιδευμένοι,</span> <span class='ocrx_word' id='word_1_814' title='bbox 3702 4246 3806 4319; x_wconf 82' lang='grc' dir='ltr'><strong>τὴν</strong></span> 
     </span>
    </p>
   </div>
   <div class='ocr_carea' id='block_1_103' title="bbox 2217 4334 3806 4417">
    <p class='ocr_par' dir='ltr' id='par_1_103' title="bbox 2217 4334 3806 4417">
     <span class='ocr_line' id='line_1_103' title="bbox 2217 4334 3806 4417; baseline 0.001 -23"><span class='ocrx_word' id='word_1_815' title='bbox 2217 4334 2364 4402; x_wconf 81' lang='grc' dir='ltr'>ἀξίαν</span> <span class='ocrx_word' id='word_1_816' title='bbox 2416 4336 2576 4414; x_wconf 86' lang='grc' dir='ltr'>τιμὴν</span> <span class='ocrx_word' id='word_1_817' title='bbox 2623 4336 2907 4417; x_wconf 85' lang='grc' dir='ltr'>προσάγειν</span> <span class='ocrx_word' id='word_1_818' title='bbox 2954 4336 3061 4403; x_wconf 86' lang='grc' dir='ltr'>τοῖς</span> <span class='ocrx_word' id='word_1_819' title='bbox 3109 4336 3331 4412; x_wconf 80' lang='grc' dir='ltr'>τιμίοις·</span> <span class='ocrx_word' id='word_1_820' title='bbox 3383 4336 3549 4403; x_wconf 82' lang='grc' dir='ltr'>ἁλιεῖς</span> <span class='ocrx_word' id='word_1_821' title='bbox 3590 4335 3696 4416; x_wconf 78' lang='grc' dir='ltr'><strong>γὰρ</strong></span> <span class='ocrx_word' id='word_1_822' title='bbox 3753 4339 3806 4396; x_wconf 77' lang='grc' dir='ltr'>οἱ</span> 
     </span>
    </p>
   </div>
   <div class='ocr_carea' id='block_1_104' title="bbox 2221 4424 3823 4506">
    <p class='ocr_par' dir='ltr' id='par_1_104' title="bbox 2221 4424 3823 4506">
     <span class='ocr_line' id='line_1_104' title="bbox 2221 4424 3823 4506; baseline 0.002 -24"><span class='ocrx_word' id='word_1_823' title='bbox 2221 4424 2523 4505; x_wconf 85' lang='grc' dir='ltr'>ἄνθρωποι,</span> <span class='ocrx_word' id='word_1_824' title='bbox 2556 4427 2647 4484; x_wconf 85' lang='lat' dir='ltr'><strong>xui</strong></span> <span class='ocrx_word' id='word_1_825' title='bbox 2690 4432 2779 4485; x_wconf 90' lang='grc' dir='ltr'><strong>τοῦ</strong></span> <span class='ocrx_word' id='word_1_826' title='bbox 2804 4424 3159 4505; x_wconf 82' lang='grc' dir='ltr'>προσήκοντος</span> <span class='ocrx_word' id='word_1_827' title='bbox 3202 4428 3442 4501; x_wconf 85' lang='grc' dir='ltr'>ἀμαθεῖς.</span> <span class='ocrx_word' id='word_1_828' title='bbox 3531 4427 3823 4506; x_wconf 83' lang='grc' dir='ltr'>Συγχωρεῖ</span> 
     </span>
    </p>
   </div>
   <div class='ocr_carea' id='block_1_105' title="bbox 2219 4512 3815 4596">
    <p class='ocr_par' dir='ltr' id='par_1_105' title="bbox 2219 4512 3815 4596">
     <span class='ocr_line' id='line_1_105' title="bbox 2219 4512 3815 4596; baseline 0.002 -25"><span class='ocrx_word' id='word_1_829' title='bbox 2219 4515 2272 4573; x_wconf 85' lang='grc' dir='ltr'>δὲ</span> <span class='ocrx_word' id='word_1_830' title='bbox 2306 4519 2447 4596; x_wconf 78' lang='grc' dir='ltr'>αὐτῷ</span> <span class='ocrx_word' id='word_1_831' title='bbox 2477 4520 2505 4574; x_wconf 92' lang='lat'><strong>6</strong></span> <span class='ocrx_word' id='word_1_832' title='bbox 2539 4514 2725 4594; x_wconf 89' lang='grc' dir='ltr'>Κύριος</span> <span class='ocrx_word' id='word_1_833' title='bbox 2754 4522 2934 4573; x_wconf 80' lang='grc' dir='ltr'>πεσεῖν</span> <span class='ocrx_word' id='word_1_834' title='bbox 2970 4513 3057 4572; x_wconf 74' lang='grc' dir='ltr'>ἐπὶ</span> <span class='ocrx_word' id='word_1_835' title='bbox 3086 4513 3147 4573; x_wconf 80' lang='grc' dir='ltr'><strong>τὸ</strong></span> <span class='ocrx_word' id='word_1_836' title='bbox 3188 4518 3411 4586; x_wconf 83' lang='grc' dir='ltr'>στῆθος,</span> <span class='ocrx_word' id='word_1_837' title='bbox 3446 4512 3543 4585; x_wconf 85' lang='grc' dir='ltr'><strong>τὴν</strong></span> <span class='ocrx_word' id='word_1_838' title='bbox 3578 4514 3815 4591; x_wconf 87' lang='grc' dir='ltr'>ἀθυμίαν</span> 
     </span>
    </p>
   </div>
   <div class='ocr_carea' id='block_1_106' title="bbox 2215 4602 3817 4684">
    <p class='ocr_par' dir='ltr' id='par_1_106' title="bbox 2215 4602 3817 4684">
     <span class='ocr_line' id='line_1_106' title="bbox 2215 4602 3817 4684; baseline 0 -22"><span class='ocrx_word' id='word_1_839' title='bbox 2215 4603 2354 4662; x_wconf 91' lang='grc' dir='ltr'>λύων</span> <span class='ocrx_word' id='word_1_840' title='bbox 2395 4607 2587 4679; x_wconf 82' lang='grc' dir='ltr'>αὐτοῦ,</span> <span class='ocrx_word' id='word_1_841' title='bbox 2621 4604 2711 4663; x_wconf 88' lang='lat' dir='ltr'><strong>xui</strong></span> <span class='ocrx_word' id='word_1_842' title='bbox 2758 4603 3009 4684; x_wconf 74' lang='grc' dir='ltr'>πραΰνων</span> <span class='ocrx_word' id='word_1_843' title='bbox 3040 4602 3128 4661; x_wconf 84' lang='grc' dir='ltr'><strong>τὸν</strong></span> <span class='ocrx_word' id='word_1_844' title='bbox 3159 4603 3396 4683; x_wconf 84' lang='grc' dir='ltr'>τάραχον</span> <span class='ocrx_word' id='word_1_845' title='bbox 3437 4607 3533 4674; x_wconf 86' lang='grc' dir='ltr'><strong>τῆς</strong></span> <span class='ocrx_word' id='word_1_846' title='bbox 3577 4603 3817 4672; x_wconf 80' lang='grc' dir='ltr'>διανοίας</span> 
     </span>
    </p>
   </div>
   <div class='ocr_carea' id='block_1_107' title="bbox 2217 4690 3817 4769">
    <p class='ocr_par' dir='ltr' id='par_1_107' title="bbox 2217 4690 3817 4769">
     <span class='ocr_line' id='line_1_107' title="bbox 2217 4690 3817 4769; baseline 0 -17"><span class='ocrx_word' id='word_1_847' title='bbox 2217 4696 2406 4767; x_wconf 85' lang='grc' dir='ltr'>αὐτοῦ,</span> <span class='ocrx_word' id='word_1_848' title='bbox 2458 4694 2551 4752; x_wconf 87' lang='grc' dir='ltr'><strong>καὶ</strong></span> <span class='ocrx_word' id='word_1_849' title='bbox 2606 4694 2788 4761; x_wconf 81' lang='grc' dir='ltr'>ἁπλῶς</span> <span class='ocrx_word' id='word_1_850' title='bbox 2820 4694 2915 4764; x_wconf 83' lang='grc' dir='ltr'><strong>τὴν</strong></span> <span class='ocrx_word' id='word_1_851' title='bbox 2954 4690 3129 4764; x_wconf 89' lang='grc' dir='ltr'>λύπην</span> <span class='ocrx_word' id='word_1_852' title='bbox 3172 4691 3588 4769; x_wconf 81' lang='grc' dir='ltr'>κατακοιμίζων.</span> <span class='ocrx_word' id='word_1_853' title='bbox 3651 4694 3817 4762; x_wconf 83' lang='grc' dir='ltr'>Εἰκὸς</span> 
     </span>
    </p>
   </div>
   <div class='ocr_carea' id='block_1_108' title="bbox 2216 4780 3816 4862">
    <p class='ocr_par' dir='ltr' id='par_1_108' title="bbox 2216 4780 3816 4862">
     <span class='ocr_line' id='line_1_108' title="bbox 2216 4780 3816 4862; baseline -0.002 -20"><span class='ocrx_word' id='word_1_854' title='bbox 2216 4781 2319 4862; x_wconf 79' lang='grc' dir='ltr'><strong>γὰρ</strong></span> <span class='ocrx_word' id='word_1_855' title='bbox 2367 4786 2458 4841; x_wconf 88' lang='lat' dir='ltr'><strong>xui</strong></span> <span class='ocrx_word' id='word_1_856' title='bbox 2502 4783 2609 4850; x_wconf 85' lang='grc' dir='ltr'>τοῖς</span> <span class='ocrx_word' id='word_1_857' title='bbox 2663 4782 2965 4861; x_wconf 84' lang='grc' dir='ltr'>προσώποις</span> <span class='ocrx_word' id='word_1_858' title='bbox 3027 4784 3203 4841; x_wconf 77' lang='grc' dir='ltr'>αὐτῶν</span> <span class='ocrx_word' id='word_1_859' title='bbox 3259 4781 3464 4853; x_wconf 85' lang='grc' dir='ltr'>πολλὴν</span> <span class='ocrx_word' id='word_1_860' title='bbox 3516 4780 3816 4862; x_wconf 77' lang='grc' dir='ltr'>κατήφειαν</span> 
     </span>
    </p>
   </div>
   <div class='ocr_carea' id='block_1_109' title="bbox 2217 4870 3815 4951">
    <p class='ocr_par' dir='ltr' id='par_1_109' title="bbox 2217 4870 3815 4951">
     <span class='ocr_line' id='line_1_109' title="bbox 2217 4870 3815 4951; baseline 0.001 -23"><span class='ocrx_word' id='word_1_861' title='bbox 2217 4873 2602 4951; x_wconf 65' lang='grc' dir='ltr'>ἐπιφαίνεσθαι.</span> <span class='ocrx_word' id='word_1_862' title='bbox 2655 4871 2765 4932; x_wconf 85' lang='grc' dir='ltr'>Καὶ</span> <span class='ocrx_word' id='word_1_863' title='bbox 2807 4872 2924 4932; x_wconf 77' lang='grc' dir='ltr'>οὐδὲ</span> <span class='ocrx_word' id='word_1_864' title='bbox 2964 4871 3129 4938; x_wconf 76' lang='grc' dir='ltr'>οὕτως</span> <span class='ocrx_word' id='word_1_865' title='bbox 3180 4871 3459 4951; x_wconf 81' lang='grc' dir='ltr'>ἐρωτηθεὶς</span> <span class='ocrx_word' id='word_1_866' title='bbox 3506 4873 3534 4930; x_wconf 92' lang='lat'><strong>6</strong></span> <span class='ocrx_word' id='word_1_867' title='bbox 3586 4870 3815 4951; x_wconf 84' lang='grc' dir='ltr'>Κύριος,</span> 
     </span>
    </p>
   </div>
   <div class='ocr_carea' id='block_1_110' title="bbox 2216 4958 3814 5043">
    <p class='ocr_par' dir='ltr' id='par_1_110' title="bbox 2216 4958 3814 5043">
     <span class='ocr_line' id='line_1_110' title="bbox 2216 4958 3814 5043; baseline -0.001 -23"><span class='ocrx_word' id='word_1_868' title='bbox 2216 4961 2473 5035; x_wconf 84' lang='grc' dir='ltr'>ὀνομαστὶ</span> <span class='ocrx_word' id='word_1_869' title='bbox 2503 4962 2719 5040; x_wconf 83' lang='grc' dir='ltr'>φανεροῖ</span> <span class='ocrx_word' id='word_1_870' title='bbox 2746 4959 2831 5019; x_wconf 83' lang='grc' dir='ltr'><strong>τὸν</strong></span> <span class='ocrx_word' id='word_1_871' title='bbox 2866 4960 3151 5042; x_wconf 85' lang='grc' dir='ltr'>προδότην,</span> <span class='ocrx_word' id='word_1_872' title='bbox 3189 4958 3327 5020; x_wconf 75' lang='grc' dir='ltr'>ἀλλὰ</span> <span class='ocrx_word' id='word_1_873' title='bbox 3359 4961 3446 5018; x_wconf 84' lang='grc' dir='ltr'><strong>διὰ</strong></span> <span class='ocrx_word' id='word_1_874' title='bbox 3476 4965 3567 5019; x_wconf 89' lang='grc' dir='ltr'><strong>τοῦ</strong></span> <span class='ocrx_word' id='word_1_875' title='bbox 3594 4959 3814 5043; x_wconf 81' lang='grc' dir='ltr'>ψωμίου</span> 
     </span>
    </p>
   </div>
   <div class='ocr_carea' id='block_1_111' title="bbox 2218 5047 3815 5131">
    <p class='ocr_par' dir='ltr' id='par_1_111' title="bbox 2218 5047 3815 5131">
     <span class='ocr_line' id='line_1_111' title="bbox 2218 5047 3815 5131; baseline 0 -24"><span class='ocrx_word' id='word_1_876' title='bbox 2218 5052 2368 5122; x_wconf 86' lang='grc' dir='ltr'>δῆθεν</span> <span class='ocrx_word' id='word_1_877' title='bbox 2403 5051 2673 5122; x_wconf 85' lang='grc' dir='ltr'>δηλοποιεῖ</span> <span class='ocrx_word' id='word_1_878' title='bbox 2719 5049 2908 5123; x_wconf 78' lang='grc' dir='ltr'>αὐτὸν,</span> <span class='ocrx_word' id='word_1_879' title='bbox 2944 5049 3206 5130; x_wconf 76' lang='grc' dir='ltr'>ἐντρέπων</span> <span class='ocrx_word' id='word_1_880' title='bbox 3241 5050 3328 5108; x_wconf 85' lang='grc' dir='ltr'>τὸν</span> <span class='ocrx_word' id='word_1_881' title='bbox 3370 5048 3633 5131; x_wconf 74' lang='grc' dir='ltr'>προδότην</span> <span class='ocrx_word' id='word_1_882' title='bbox 3654 5096 3669 5123; x_wconf 87' lang='grc'><strong>,</strong></span> <span class='ocrx_word' id='word_1_883' title='bbox 3719 5047 3815 5107; x_wconf 88' lang='lat' dir='ltr'><strong>xui</strong></span> 
     </span>
    </p>
   </div>
   <div class='ocr_carea' id='block_1_112' title="bbox 2217 5137 3810 5221">
    <p class='ocr_par' dir='ltr' id='par_1_112' title="bbox 2217 5137 3810 5221">
     <span class='ocr_line' id='line_1_112' title="bbox 2217 5137 3810 5221; baseline 0 -23"><span class='ocrx_word' id='word_1_884' title='bbox 2217 5143 2288 5207; x_wconf 86' lang='grc' dir='ltr'><strong>εἰς</strong></span> <span class='ocrx_word' id='word_1_885' title='bbox 2332 5138 2576 5211; x_wconf 82' lang='grc' dir='ltr'>αἴσθησιν</span> <span class='ocrx_word' id='word_1_886' title='bbox 2628 5139 2770 5218; x_wconf 85' lang='grc' dir='ltr'>ἄγων</span> <span class='ocrx_word' id='word_1_887' title='bbox 2821 5141 2983 5199; x_wconf 82' lang='grc' dir='ltr'>αὐτὸν</span> <span class='ocrx_word' id='word_1_888' title='bbox 3010 5144 3104 5210; x_wconf 86' lang='grc' dir='ltr'><strong>τῆς</strong></span> <span class='ocrx_word' id='word_1_889' title='bbox 3148 5137 3418 5221; x_wconf 87' lang='grc' dir='ltr'>τραπέζης</span> <span class='ocrx_word' id='word_1_890' title='bbox 3461 5139 3553 5199; x_wconf 86' lang='lat' dir='ltr'><strong>xui</strong></span> <span class='ocrx_word' id='word_1_891' title='bbox 3582 5144 3675 5197; x_wconf 92' lang='grc' dir='ltr'><strong>τοῦ</strong></span> <span class='ocrx_word' id='word_1_892' title='bbox 3709 5139 3810 5218; x_wconf 74' lang='grc' dir='ltr'><strong>ἆρ-</strong></span> 
     </span>
    </p>
   </div>
   <div class='ocr_carea' id='block_1_113' title="bbox 2216 5221 3808 5305">
    <p class='ocr_par' dir='ltr' id='par_1_113' title="bbox 2216 5221 3808 5305">
     <span class='ocr_line' id='line_1_113' title="bbox 2216 5221 3808 5305; baseline -0.001 -19"><span class='ocrx_word' id='word_1_893' title='bbox 2216 5251 2335 5287; x_wconf 89' lang='grc' dir='ltr'>του·</span> <span class='ocrx_word' id='word_1_894' title='bbox 2379 5221 2451 5287; x_wconf 67' lang='grc' dir='ltr'>ὧν</span> <span class='ocrx_word' id='word_1_895' title='bbox 2494 5228 2871 5305; x_wconf 86' lang='grc' dir='ltr'>μεταλαϐόντα</span> <span class='ocrx_word' id='word_1_896' title='bbox 2915 5231 3011 5288; x_wconf 77' lang='grc' dir='ltr'>οὐκ</span> <span class='ocrx_word' id='word_1_897' title='bbox 3057 5229 3161 5287; x_wconf 83' lang='grc' dir='ltr'>ἔδει</span> <span class='ocrx_word' id='word_1_898' title='bbox 3209 5230 3495 5305; x_wconf 90' lang='grc' dir='ltr'>προδοῦναι</span> <span class='ocrx_word' id='word_1_899' title='bbox 3524 5228 3618 5287; x_wconf 88' lang='lat' dir='ltr'><strong>xui</strong></span> <span class='ocrx_word' id='word_1_900' title='bbox 3665 5226 3808 5286; x_wconf 80' lang='grc' dir='ltr'>κατὰ</span> 
     </span>
    </p>
   </div>
   <div class='ocr_carea' id='block_1_114' title="bbox 2218 5307 3814 5399">
    <p class='ocr_par' dir='ltr' id='par_1_114' title="bbox 2218 5307 3814 5399">
     <span class='ocr_line' id='line_1_114' title="bbox 2218 5307 3814 5399; baseline -0.001 -24"><span class='ocrx_word' id='word_1_901' title='bbox 2218 5323 2308 5375; x_wconf 89' lang='grc' dir='ltr'><strong>τοῦ</strong></span> <span class='ocrx_word' id='word_1_902' title='bbox 2354 5319 2585 5399; x_wconf 82' lang='grc' dir='ltr'>τροφέως</span> <span class='ocrx_word' id='word_1_903' title='bbox 2631 5324 2886 5397; x_wconf 84' lang='grc' dir='ltr'>μανῆναι.</span> <span class='ocrx_word' id='word_1_904' title='bbox 2940 5317 3136 5392; x_wconf 84' lang='grc' dir='ltr'>Δέξαι,</span> <span class='ocrx_word' id='word_1_905' title='bbox 3190 5319 3351 5398; x_wconf 80' lang='grc' dir='ltr'>φησὶ,</span> <span class='ocrx_word' id='word_1_906' title='bbox 3387 5317 3477 5377; x_wconf 80' lang='grc' dir='ltr'><strong>τὸν</strong></span> <span class='ocrx_word' id='word_1_907' title='bbox 3527 5316 3719 5397; x_wconf 80' lang='grc' dir='ltr'>ἄρτον,</span> <span class='ocrx_word' id='word_1_908' title='bbox 3751 5307 3814 5375; x_wconf 69' lang='grc' dir='ltr'><strong>οῦ</strong></span> 
     </span>
    </p>
   </div>
   <div class='ocr_carea' id='block_1_115' title="bbox 2219 5405 3803 5483">
    <p class='ocr_par' dir='ltr' id='par_1_115' title="bbox 2219 5405 3803 5483">
     <span class='ocr_line' id='line_1_115' title="bbox 2219 5405 3803 5483; baseline -0.002 -18"><span class='ocrx_word' id='word_1_909' title='bbox 2219 5407 2621 5483; x_wconf 84' lang='grc' dir='ltr'>συμμετέλαϐες</span> <span class='ocrx_word' id='word_1_910' title='bbox 2681 5407 2827 5483; x_wconf 73' lang='grc' dir='ltr'>ἐμοὶ,</span> <span class='ocrx_word' id='word_1_911' title='bbox 2876 5409 2947 5475; x_wconf 77' lang='grc' dir='ltr'><strong>εἰς</strong></span> <span class='ocrx_word' id='word_1_912' title='bbox 3001 5405 3245 5478; x_wconf 82' lang='grc' dir='ltr'>αἴσθησιν</span> <span class='ocrx_word' id='word_1_913' title='bbox 3298 5406 3414 5467; x_wconf 76' lang='grc' dir='ltr'>ἐλθὲ</span> <span class='ocrx_word' id='word_1_914' title='bbox 3468 5411 3562 5478; x_wconf 86' lang='grc' dir='ltr'><strong>τῆς</strong></span> <span class='ocrx_word' id='word_1_915' title='bbox 3622 5408 3803 5476; x_wconf 80' lang='grc' dir='ltr'>κοινῆς</span> 
     </span>
    </p>
   </div>
   <div class='ocr_carea' id='block_1_116' title="bbox 2215 5494 3813 5575">
    <p class='ocr_par' dir='ltr' id='par_1_116' title="bbox 2215 5494 3813 5575">
     <span class='ocr_line' id='line_1_116' title="bbox 2215 5494 3813 5575; baseline -0.001 -22"><span class='ocrx_word' id='word_1_916' title='bbox 2215 5496 2499 5575; x_wconf 83' lang='grc' dir='ltr'>τραπέζης.</span> <span class='ocrx_word' id='word_1_917' title='bbox 2535 5496 2675 5555; x_wconf 81' lang='grc' dir='ltr'>Ἀλλ’</span> <span class='ocrx_word' id='word_1_918' title='bbox 2706 5499 2765 5557; x_wconf 87' lang='grc' dir='ltr'>οὗ</span> <span class='ocrx_word' id='word_1_919' title='bbox 2812 5501 3033 5567; x_wconf 84' lang='grc' dir='ltr'>συνῆκεν</span> <span class='ocrx_word' id='word_1_920' title='bbox 3064 5497 3167 5557; x_wconf 80' lang='grc' dir='ltr'><strong>ὑπὸ</strong></span> <span class='ocrx_word' id='word_1_921' title='bbox 3197 5501 3287 5555; x_wconf 89' lang='grc' dir='ltr'><strong>τοῦ</strong></span> <span class='ocrx_word' id='word_1_922' title='bbox 3319 5494 3513 5562; x_wconf 88' lang='grc' dir='ltr'>πάθους</span> <span class='ocrx_word' id='word_1_923' title='bbox 3551 5494 3813 5575; x_wconf 82' lang='grc' dir='ltr'>καρωθεὶς</span> 
     </span>
    </p>
   </div>
   <div class='ocr_carea' id='block_1_117' title="bbox 2214 5582 3801 5667">
    <p class='ocr_par' dir='ltr' id='par_1_117' title="bbox 2214 5582 3801 5667">
     <span class='ocr_line' id='line_1_117' title="bbox 2214 5582 3801 5667; baseline -0.001 -24"><span class='ocrx_word' id='word_1_924' title='bbox 2214 5583 2309 5658; x_wconf 86' lang='grc' dir='ltr'><strong>τὴν</strong></span> <span class='ocrx_word' id='word_1_925' title='bbox 2339 5586 2539 5667; x_wconf 81' lang='grc' dir='ltr'>ψυχήν.</span> <span class='ocrx_word' id='word_1_926' title='bbox 2594 5588 2662 5647; x_wconf 84' lang='grc' dir='ltr'>Εἰ</span> <span class='ocrx_word' id='word_1_927' title='bbox 2696 5586 2860 5654; x_wconf 79' lang='grc' dir='ltr'>θέλεις</span> <span class='ocrx_word' id='word_1_928' title='bbox 2897 5586 2989 5648; x_wconf 83' lang='lat' dir='ltr'><strong>xui</strong></span> <span class='ocrx_word' id='word_1_929' title='bbox 3026 5586 3184 5655; x_wconf 79' lang='grc' dir='ltr'>αὐτὸς</span> <span class='ocrx_word' id='word_1_930' title='bbox 3222 5589 3532 5647; x_wconf 83' lang='grc' dir='ltr'>ἀνακεῖσθαι</span> <span class='ocrx_word' id='word_1_931' title='bbox 3571 5582 3801 5657; x_wconf 87' lang='grc' dir='ltr'>πλησίον</span> 
     </span>
    </p>
   </div>
  </div>
