  <div class='ocr_page' id='page_1' title='image "/cluster/home/n/w/nwhite01/storage/ocr_20150623/124:no.2/coo.31924054870294/089.png"; bbox 0 0 4198 6480; ppageno 0'>
   <div class='ocr_carea' id='block_1_1' title="bbox 467 406 2738 466">
    <p class='ocr_par' dir='ltr' id='par_1_1' title="bbox 467 406 2738 466">
     <span class='ocr_line' id='line_1_1' title="bbox 467 406 2738 466; baseline -0.001 -5"><span class='ocrx_word' id='word_1_1' title='bbox 467 410 566 462; x_wconf 75' lang='grc'><strong>163</strong></span> <span class='ocrx_word' id='word_1_2' title='bbox 1468 409 1986 466; x_wconf 83' lang='lat' dir='ltr'><strong>THEOPHYLACTI</strong></span> <span class='ocrx_word' id='word_1_3' title='bbox 2026 408 2385 466; x_wconf 78' lang='lat' dir='ltr'><strong>BULGARUE</strong></span> <span class='ocrx_word' id='word_1_4' title='bbox 2423 406 2738 462; x_wconf 79' lang='lat' dir='ltr'><strong>ARClllEP.</strong></span> 
     </span>
    </p>
   </div>
   <div class='ocr_carea' id='block_1_2' title="bbox 3667 402 3769 454">
    <p class='ocr_par' dir='ltr' id='par_1_2' title="bbox 3667 402 3769 454">
     <span class='ocr_line' id='line_1_2' title="bbox 3667 402 3769 454; baseline 0 0"><span class='ocrx_word' id='word_1_5' title='bbox 3667 402 3769 454; x_wconf 73' lang='grc'><strong>164</strong></span> 
     </span>
    </p>
   </div>
   <div class='ocr_carea' id='block_1_3' title="bbox 463 523 2057 614">
    <p class='ocr_par' dir='ltr' id='par_1_3' title="bbox 463 532 2056 607">
     <span class='ocr_line' id='line_1_3' title="bbox 463 532 2056 607; baseline 0.001 -19"><span class='ocrx_word' id='word_1_6' title='bbox 463 535 625 588; x_wconf 81' lang='lat' dir='ltr'><strong>eum?</strong></span> <span class='ocrx_word' id='word_1_7' title='bbox 647 534 837 603; x_wconf 81' lang='lat' dir='ltr'><strong>Neque</strong></span> <span class='ocrx_word' id='word_1_8' title='bbox 865 532 990 588; x_wconf 90' lang='lat' dir='ltr'><strong>iste.</strong></span> <span class='ocrx_word' id='word_1_9' title='bbox 1019 533 1380 605; x_wconf 86' lang='lat' dir='ltr'><strong>Nequaquam</strong></span> <span class='ocrx_word' id='word_1_10' title='bbox 1409 533 1558 589; x_wconf 88' lang='lat' dir='ltr'><strong>enim</strong></span> <span class='ocrx_word' id='word_1_11' title='bbox 1595 544 1965 607; x_wconf 75' lang='lat' dir='ltr'><strong>exspectasset</strong></span> <span class='ocrx_word' id='word_1_12' title='bbox 1997 543 2056 592; x_wconf 92' lang='lat' dir='ltr'><strong>ut</strong></span> 
     </span>
    </p>
   </div>
   <div class='ocr_carea' id='block_1_4' title="bbox 2164 523 3770 614">
    <p class='ocr_par' dir='ltr' id='par_1_4' title="bbox 2168 523 3770 614">
     <span class='ocr_line' id='line_1_4' title="bbox 2168 523 3770 614; baseline -0.007 -22"><span class='ocrx_word' id='word_1_13' title='bbox 2168 533 2300 614; x_wconf 87' lang='grc' dir='ltr'>πρὸς</span> <span class='ocrx_word' id='word_1_14' title='bbox 2339 533 2400 594; x_wconf 90' lang='grc' dir='ltr'><strong>τὸ</strong></span> <span class='ocrx_word' id='word_1_15' title='bbox 2425 524 2546 605; x_wconf 71' lang='grc' dir='ltr'>οῦς,</span> <span class='ocrx_word' id='word_1_16' title='bbox 2579 531 2718 590; x_wconf 84' lang='grc' dir='ltr'>ὥστε</span> <span class='ocrx_word' id='word_1_17' title='bbox 2748 528 2822 606; x_wconf 83' lang='grc' dir='ltr'><strong>μὴ</strong></span> <span class='ocrx_word' id='word_1_18' title='bbox 2853 525 3097 607; x_wconf 86' lang='grc' dir='ltr'>γενέσθαι</span> <span class='ocrx_word' id='word_1_19' title='bbox 3144 527 3302 599; x_wconf 82' lang='grc' dir='ltr'>δῆλον</span> <span class='ocrx_word' id='word_1_20' title='bbox 3351 523 3440 584; x_wconf 85' lang='grc' dir='ltr'><strong>τὸν</strong></span> <span class='ocrx_word' id='word_1_21' title='bbox 3473 523 3770 604; x_wconf 85' lang='grc' dir='ltr'><strong>προδότην·</strong></span> 
     </span>
    </p>
   </div>
   <div class='ocr_carea' id='block_1_5' title="bbox 464 619 2056 695">
    <p class='ocr_par' dir='ltr' id='par_1_5' title="bbox 464 619 2056 695">
     <span class='ocr_line' id='line_1_5' title="bbox 464 619 2056 695; baseline 0.003 -19"><span class='ocrx_word' id='word_1_22' title='bbox 464 619 761 692; x_wconf 90' lang='lat' dir='ltr'><strong>discipulus</strong></span> <span class='ocrx_word' id='word_1_23' title='bbox 787 621 844 676; x_wconf 93' lang='lat' dir='ltr'><strong>in</strong></span> <span class='ocrx_word' id='word_1_24' title='bbox 867 628 1071 676; x_wconf 80' lang='lat' dir='ltr'><strong>tantam</strong></span> <span class='ocrx_word' id='word_1_25' title='bbox 1105 630 1491 694; x_wconf 83' lang='lat' dir='ltr'><strong>prorumperet</strong></span> <span class='ocrx_word' id='word_1_26' title='bbox 1519 623 1877 695; x_wconf 79' lang='lat' dir='ltr'><strong>impietatem.</strong></span> <span class='ocrx_word' id='word_1_27' title='bbox 1911 626 2056 680; x_wconf 90' lang='lat' dir='ltr'><strong>San-</strong></span> 
     </span>
    </p>
   </div>
   <div class='ocr_carea' id='block_1_6' title="bbox 464 710 2058 786">
    <p class='ocr_par' dir='ltr' id='par_1_6' title="bbox 464 710 2058 786">
     <span class='ocr_line' id='line_1_6' title="bbox 464 710 2058 786; baseline 0.003 -21"><span class='ocrx_word' id='word_1_28' title='bbox 464 716 550 765; x_wconf 90' lang='lat' dir='ltr'><strong>cta</strong></span> <span class='ocrx_word' id='word_1_29' title='bbox 577 710 727 765; x_wconf 91' lang='lat' dir='ltr'><strong>enim</strong></span> <span class='ocrx_word' id='word_1_30' title='bbox 756 710 847 765; x_wconf 89' lang='lat' dir='ltr'><strong>illa</strong></span> <span class='ocrx_word' id='word_1_31' title='bbox 884 710 1070 766; x_wconf 90' lang='lat' dir='ltr'><strong>anima</strong></span> <span class='ocrx_word' id='word_1_32' title='bbox 1125 711 1313 782; x_wconf 88' lang='lat' dir='ltr'><strong>procul</strong></span> <span class='ocrx_word' id='word_1_33' title='bbox 1343 727 1373 766; x_wconf 93' lang='lat' dir='ltr'><strong>a</strong></span> <span class='ocrx_word' id='word_1_34' title='bbox 1404 711 1496 766; x_wconf 89' lang='lat' dir='ltr'><strong>tali</strong></span> <span class='ocrx_word' id='word_1_35' title='bbox 1531 711 1836 784; x_wconf 75' lang='lat' dir='ltr'><strong>impietate,</strong></span> <span class='ocrx_word' id='word_1_36' title='bbox 1882 729 2058 786; x_wconf 89' lang='lat' dir='ltr'><strong>neque</strong></span> 
     </span>
    </p>
   </div>
   <div class='ocr_carea' id='block_1_7' title="bbox 462 797 2059 872">
    <p class='ocr_par' dir='ltr' id='par_1_7' title="bbox 462 797 2059 872">
     <span class='ocr_line' id='line_1_7' title="bbox 462 797 2059 872; baseline 0.003 -17"><span class='ocrx_word' id='word_1_37' title='bbox 462 797 532 855; x_wconf 90' lang='lat' dir='ltr'><strong>de</strong></span> <span class='ocrx_word' id='word_1_38' title='bbox 558 799 668 855; x_wconf 92' lang='lat' dir='ltr'><strong>alio</strong></span> <span class='ocrx_word' id='word_1_39' title='bbox 698 798 851 855; x_wconf 79' lang='lat' dir='ltr'><strong>facile</strong></span> <span class='ocrx_word' id='word_1_40' title='bbox 881 798 990 855; x_wconf 87' lang='lat' dir='ltr'><strong>tale</strong></span> <span class='ocrx_word' id='word_1_41' title='bbox 1031 799 1314 871; x_wconf 88' lang='lat' dir='ltr'><strong>quidpiam</strong></span> <span class='ocrx_word' id='word_1_42' title='bbox 1343 801 1617 872; x_wconf 84' lang='lat' dir='ltr'><strong>suspicata</strong></span> <span class='ocrx_word' id='word_1_43' title='bbox 1655 800 1774 857; x_wconf 84' lang='lat' dir='ltr'><strong>fuit.</strong></span> <span class='ocrx_word' id='word_1_44' title='bbox 1806 825 1832 850; x_wconf 88' lang='grc'><strong>››</strong></span> <span class='ocrx_word' id='word_1_45' title='bbox 1864 803 2059 859; x_wconf 90' lang='lat' dir='ltr'><strong>Nullus</strong></span> 
     </span>
    </p>
   </div>
   <div class='ocr_carea' id='block_1_8' title="bbox 462 888 2055 963">
    <p class='ocr_par' dir='ltr' id='par_1_8' title="bbox 462 888 2055 963">
     <span class='ocr_line' id='line_1_8' title="bbox 462 888 2055 963; baseline 0.003 -19"><span class='ocrx_word' id='word_1_46' title='bbox 462 904 595 961; x_wconf 87' lang='lat' dir='ltr'><strong>ergo</strong></span> <span class='ocrx_word' id='word_1_47' title='bbox 636 889 916 959; x_wconf 85' lang='lat' dir='ltr'><strong>cognovit,</strong></span> <span class='ocrx_word' id='word_1_48' title='bbox 960 909 988 941; x_wconf 91' lang='lat'>»</span> <span class='ocrx_word' id='word_1_49' title='bbox 1035 888 1133 945; x_wconf 92' lang='lat' dir='ltr'><strong>sed</strong></span> <span class='ocrx_word' id='word_1_50' title='bbox 1162 889 1611 946; x_wconf 85' lang='lat' dir='ltr'><strong>existimaverunt</strong></span> <span class='ocrx_word' id='word_1_51' title='bbox 1667 892 1815 963; x_wconf 91' lang='lat' dir='ltr'><strong>quod</strong></span> <span class='ocrx_word' id='word_1_52' title='bbox 1844 892 2055 961; x_wconf 91' lang='lat' dir='ltr'><strong>dicens,</strong></span> 
     </span>
    </p>
   </div>
   <div class='ocr_carea' id='block_1_9' title="bbox 467 977 2056 1050">
    <p class='ocr_par' dir='ltr' id='par_1_9' title="bbox 467 977 2056 1050">
     <span class='ocr_line' id='line_1_9' title="bbox 467 977 2056 1050; baseline 0.003 -17"><span class='ocrx_word' id='word_1_53' title='bbox 467 1002 492 1026; x_wconf 75' lang='grc' dir='ltr'><strong>α</strong></span> <span class='ocrx_word' id='word_1_54' title='bbox 522 979 627 1035; x_wconf 87' lang='lat' dir='ltr'><strong>Fac</strong></span> <span class='ocrx_word' id='word_1_55' title='bbox 649 977 830 1045; x_wconf 90' lang='lat' dir='ltr'><strong>citius,</strong></span> <span class='ocrx_word' id='word_1_56' title='bbox 854 998 882 1029; x_wconf 84' lang='lat'><strong>»</strong></span> <span class='ocrx_word' id='word_1_57' title='bbox 916 977 1128 1034; x_wconf 84' lang='lat' dir='ltr'><strong>diceret</strong></span> <span class='ocrx_word' id='word_1_58' title='bbox 1153 978 1220 1035; x_wconf 87' lang='lat' dir='ltr'><strong>de</strong></span> <span class='ocrx_word' id='word_1_59' title='bbox 1244 979 1432 1050; x_wconf 91' lang='lat' dir='ltr'><strong>aliquo</strong></span> <span class='ocrx_word' id='word_1_60' title='bbox 1466 978 1541 1036; x_wconf 88' lang='lat' dir='ltr'><strong>ad</strong></span> <span class='ocrx_word' id='word_1_61' title='bbox 1565 977 1772 1035; x_wconf 85' lang='lat' dir='ltr'><strong>festum</strong></span> <span class='ocrx_word' id='word_1_62' title='bbox 1799 982 2056 1050; x_wconf 86' lang='lat' dir='ltr'><strong>emendo,</strong></span> 
     </span>
    </p>
   </div>
   <div class='ocr_carea' id='block_1_10' title="bbox 464 1067 2058 1140">
    <p class='ocr_par' dir='ltr' id='par_1_10' title="bbox 464 1067 2058 1140">
     <span class='ocr_line' id='line_1_10' title="bbox 464 1067 2058 1140; baseline 0.003 -18"><span class='ocrx_word' id='word_1_63' title='bbox 464 1091 489 1116; x_wconf 77' lang='grc' dir='ltr'><strong>α</strong></span> <span class='ocrx_word' id='word_1_64' title='bbox 522 1069 602 1124; x_wconf 87' lang='lat' dir='ltr'><strong>vel</strong></span> <span class='ocrx_word' id='word_1_65' title='bbox 629 1076 691 1124; x_wconf 89' lang='lat' dir='ltr'><strong>ut</strong></span> <span class='ocrx_word' id='word_1_66' title='bbox 712 1067 847 1140; x_wconf 90' lang='lat' dir='ltr'><strong>quid</strong></span> <span class='ocrx_word' id='word_1_67' title='bbox 873 1067 1032 1124; x_wconf 89' lang='lat' dir='ltr'><strong>daret</strong></span> <span class='ocrx_word' id='word_1_68' title='bbox 1071 1069 1421 1140; x_wconf 88' lang='lat' dir='ltr'><strong>pauperibus.</strong></span> <span class='ocrx_word' id='word_1_69' title='bbox 1459 1092 1484 1117; x_wconf 77' lang='lat'><strong><em>»</em></strong></span> <span class='ocrx_word' id='word_1_70' title='bbox 1520 1071 1660 1124; x_wconf 86' lang='lat' dir='ltr'><strong>Nam</strong></span> <span class='ocrx_word' id='word_1_71' title='bbox 1688 1071 1926 1127; x_wconf 91' lang='lat' dir='ltr'><strong>multam</strong></span> <span class='ocrx_word' id='word_1_72' title='bbox 1956 1087 2058 1126; x_wconf 91' lang='lat' dir='ltr'><strong>cu-</strong></span> 
     </span>
    </p>
   </div>
   <div class='ocr_carea' id='block_1_11' title="bbox 462 1158 2061 1232">
    <p class='ocr_par' dir='ltr' id='par_1_11' title="bbox 462 1158 2061 1232">
     <span class='ocr_line' id='line_1_11' title="bbox 462 1158 2061 1232; baseline 0.001 -18"><span class='ocrx_word' id='word_1_73' title='bbox 462 1173 583 1214; x_wconf 91' lang='lat' dir='ltr'><strong>ram</strong></span> <span class='ocrx_word' id='word_1_74' title='bbox 632 1158 858 1230; x_wconf 81' lang='lat' dir='ltr'><strong>gerebat</strong></span> <span class='ocrx_word' id='word_1_75' title='bbox 909 1173 1234 1230; x_wconf 90' lang='lat' dir='ltr'><strong>pauperum.</strong></span> <span class='ocrx_word' id='word_1_76' title='bbox 1291 1161 1356 1214; x_wconf 88' lang='lat' dir='ltr'><strong>Et</strong></span> <span class='ocrx_word' id='word_1_77' title='bbox 1421 1158 1703 1231; x_wconf 90' lang='lat' dir='ltr'><strong>quomodo</strong></span> <span class='ocrx_word' id='word_1_78' title='bbox 1778 1160 1872 1232; x_wconf 91' lang='lat' dir='ltr'><strong>qui</strong></span> <span class='ocrx_word' id='word_1_79' title='bbox 1922 1160 2061 1216; x_wconf 86' lang='lat' dir='ltr'><strong>alios</strong></span> 
     </span>
    </p>
   </div>
   <div class='ocr_carea' id='block_1_12' title="bbox 462 1248 2060 1321">
    <p class='ocr_par' dir='ltr' id='par_1_12' title="bbox 462 1248 2060 1321">
     <span class='ocr_line' id='line_1_12' title="bbox 462 1248 2060 1321; baseline 0 -17"><span class='ocrx_word' id='word_1_80' title='bbox 462 1248 726 1304; x_wconf 86' lang='lat' dir='ltr'><strong>admonet</strong></span> <span class='ocrx_word' id='word_1_81' title='bbox 753 1263 820 1303; x_wconf 93' lang='lat' dir='ltr'><strong>ne</strong></span> <span class='ocrx_word' id='word_1_82' title='bbox 859 1252 1081 1319; x_wconf 88' lang='lat' dir='ltr'><strong>portent</strong></span> <span class='ocrx_word' id='word_1_83' title='bbox 1110 1263 1324 1320; x_wconf 86' lang='lat' dir='ltr'><strong>peram,</strong></span> <span class='ocrx_word' id='word_1_84' title='bbox 1369 1264 1549 1320; x_wconf 92' lang='lat' dir='ltr'><strong>neque</strong></span> <span class='ocrx_word' id='word_1_85' title='bbox 1582 1265 1678 1317; x_wconf 74' lang='lat' dir='ltr'><strong>aes,</strong></span> <span class='ocrx_word' id='word_1_86' title='bbox 1710 1251 1823 1321; x_wconf 92' lang='lat' dir='ltr'><strong>ipse</strong></span> <span class='ocrx_word' id='word_1_87' title='bbox 1851 1266 2060 1306; x_wconf 88' lang='lat' dir='ltr'><strong>marsu-</strong></span> 
     </span>
    </p>
   </div>
   <div class='ocr_carea' id='block_1_13' title="bbox 464 1336 2056 1410">
    <p class='ocr_par' dir='ltr' id='par_1_13' title="bbox 464 1336 2056 1410">
     <span class='ocr_line' id='line_1_13' title="bbox 464 1336 2056 1410; baseline 0.002 -18"><span class='ocrx_word' id='word_1_88' title='bbox 464 1337 616 1410; x_wconf 89' lang='lat' dir='ltr'><strong>pium</strong></span> <span class='ocrx_word' id='word_1_89' title='bbox 648 1336 894 1394; x_wconf 81' lang='lat' dir='ltr'><strong>ferebat?</strong></span> <span class='ocrx_word' id='word_1_90' title='bbox 923 1337 1180 1394; x_wconf 88' lang='lat' dir='ltr'><strong>Ostendit</strong></span> <span class='ocrx_word' id='word_1_91' title='bbox 1218 1337 1368 1410; x_wconf 89' lang='lat' dir='ltr'><strong>quod</strong></span> <span class='ocrx_word' id='word_1_92' title='bbox 1397 1346 1453 1393; x_wconf 90' lang='lat' dir='ltr'><strong>et</strong></span> <span class='ocrx_word' id='word_1_93' title='bbox 1480 1340 1824 1410; x_wconf 88' lang='lat' dir='ltr'><strong>possessione</strong></span> <span class='ocrx_word' id='word_1_94' title='bbox 1867 1356 2056 1396; x_wconf 90' lang='lat' dir='ltr'><strong>caren-</strong></span> 
     </span>
    </p>
   </div>
   <div class='ocr_carea' id='block_1_14' title="bbox 461 1427 2058 1503">
    <p class='ocr_par' dir='ltr' id='par_1_14' title="bbox 461 1427 2058 1503">
     <span class='ocr_line' id='line_1_14' title="bbox 461 1427 2058 1503; baseline 0 -18"><span class='ocrx_word' id='word_1_95' title='bbox 461 1437 596 1496; x_wconf 86' lang='lat' dir='ltr'><strong>tem,</strong></span> <span class='ocrx_word' id='word_1_96' title='bbox 639 1436 695 1484; x_wconf 90' lang='lat' dir='ltr'><strong>et</strong></span> <span class='ocrx_word' id='word_1_97' title='bbox 738 1427 1064 1483; x_wconf 83' lang='lat' dir='ltr'><strong>cruciﬁxum</strong></span> <span class='ocrx_word' id='word_1_98' title='bbox 1107 1427 1335 1496; x_wconf 83' lang='lat' dir='ltr'><strong>mundo,</strong></span> <span class='ocrx_word' id='word_1_99' title='bbox 1380 1444 1643 1500; x_wconf 90' lang='lat' dir='ltr'><strong>magnam</strong></span> <span class='ocrx_word' id='word_1_100' title='bbox 1685 1437 1901 1501; x_wconf 87' lang='lat' dir='ltr'><strong>oportet</strong></span> <span class='ocrx_word' id='word_1_101' title='bbox 1941 1430 2058 1503; x_wconf 90' lang='lat' dir='ltr'><strong>ejus</strong></span> 
     </span>
    </p>
   </div>
   <div class='ocr_carea' id='block_1_15' title="bbox 461 1517 2054 1590">
    <p class='ocr_par' dir='ltr' id='par_1_15' title="bbox 461 1517 2054 1590">
     <span class='ocr_line' id='line_1_15' title="bbox 461 1517 2054 1590; baseline 0.001 -16"><span class='ocrx_word' id='word_1_102' title='bbox 461 1519 630 1590; x_wconf 86' lang='lat' dir='ltr'><strong>partis</strong></span> <span class='ocrx_word' id='word_1_103' title='bbox 669 1533 862 1574; x_wconf 91' lang='lat' dir='ltr'><strong>curam</strong></span> <span class='ocrx_word' id='word_1_104' title='bbox 894 1517 1114 1573; x_wconf 83' lang='lat' dir='ltr'><strong>habere.</strong></span> <span class='ocrx_word' id='word_1_105' title='bbox 1166 1539 1192 1566; x_wconf 76' lang='grc' dir='ltr'><strong>α</strong></span> <span class='ocrx_word' id='word_1_106' title='bbox 1255 1518 1532 1574; x_wconf 78' lang='lat' dir='ltr'><strong>Caeterum</strong></span> <span class='ocrx_word' id='word_1_107' title='bbox 1585 1534 1694 1574; x_wconf 83' lang='lat' dir='ltr'><strong>nox</strong></span> <span class='ocrx_word' id='word_1_108' title='bbox 1744 1526 1866 1574; x_wconf 88' lang='lat' dir='ltr'><strong>erat</strong></span> <span class='ocrx_word' id='word_1_109' title='bbox 1923 1535 2054 1575; x_wconf 90' lang='lat' dir='ltr'><strong>cum</strong></span> 
     </span>
    </p>
   </div>
   <div class='ocr_carea' id='block_1_16' title="bbox 459 1605 2053 1680">
    <p class='ocr_par' dir='ltr' id='par_1_16' title="bbox 459 1605 2053 1680">
     <span class='ocr_line' id='line_1_16' title="bbox 459 1605 2053 1680; baseline 0 -16"><span class='ocrx_word' id='word_1_110' title='bbox 459 1608 691 1677; x_wconf 84' lang='lat' dir='ltr'><strong>exisset;</strong></span> <span class='ocrx_word' id='word_1_111' title='bbox 717 1630 742 1656; x_wconf 77' lang='grc' dir='ltr'><strong>ιι</strong></span> <span class='ocrx_word' id='word_1_112' title='bbox 765 1621 945 1678; x_wconf 91' lang='lat' dir='ltr'><strong>neque</strong></span> <span class='ocrx_word' id='word_1_113' title='bbox 968 1605 1075 1663; x_wconf 91' lang='lat' dir='ltr'><strong>hoc</strong></span> <span class='ocrx_word' id='word_1_114' title='bbox 1091 1607 1369 1678; x_wconf 86' lang='lat' dir='ltr'><strong>superﬂue</strong></span> <span class='ocrx_word' id='word_1_115' title='bbox 1391 1607 1687 1680; x_wconf 83' lang='lat' dir='ltr'><strong>assignavit</strong></span> <span class='ocrx_word' id='word_1_116' title='bbox 1705 1608 2053 1680; x_wconf 82' lang='lat' dir='ltr'><strong>evangelista,</strong></span> 
     </span>
    </p>
   </div>
   <div class='ocr_carea' id='block_1_17' title="bbox 462 1696 2060 1770">
    <p class='ocr_par' dir='ltr' id='par_1_17' title="bbox 462 1696 2060 1770">
     <span class='ocr_line' id='line_1_17' title="bbox 462 1696 2060 1770; baseline 0.001 -17"><span class='ocrx_word' id='word_1_117' title='bbox 462 1696 562 1755; x_wconf 89' lang='lat' dir='ltr'><strong>sed</strong></span> <span class='ocrx_word' id='word_1_118' title='bbox 588 1703 650 1753; x_wconf 91' lang='lat' dir='ltr'><strong>ut</strong></span> <span class='ocrx_word' id='word_1_119' title='bbox 685 1696 882 1755; x_wconf 89' lang='lat' dir='ltr'><strong>doceat</strong></span> <span class='ocrx_word' id='word_1_120' title='bbox 921 1711 1025 1752; x_wconf 92' lang='lat' dir='ltr'><strong>nos</strong></span> <span class='ocrx_word' id='word_1_121' title='bbox 1055 1696 1204 1768; x_wconf 92' lang='lat' dir='ltr'><strong>quod</strong></span> <span class='ocrx_word' id='word_1_122' title='bbox 1242 1713 1419 1768; x_wconf 89' lang='lat' dir='ltr'><strong>neque.</strong></span> <span class='ocrx_word' id='word_1_123' title='bbox 1460 1704 1682 1770; x_wconf 86' lang='lat' dir='ltr'><strong>tempus</strong></span> <span class='ocrx_word' id='word_1_124' title='bbox 1721 1697 2060 1768; x_wconf 88' lang='lat' dir='ltr'><strong>prohibuerit</strong></span> 
     </span>
    </p>
   </div>
   <div class='ocr_carea' id='block_1_18' title="bbox 459 1785 2056 1860">
    <p class='ocr_par' dir='ltr' id='par_1_18' title="bbox 459 1785 2056 1860">
     <span class='ocr_line' id='line_1_18' title="bbox 459 1785 2056 1860; baseline 0.001 -18"><span class='ocrx_word' id='word_1_125' title='bbox 459 1787 634 1855; x_wconf 88' lang='lat' dir='ltr'><strong>illum,</strong></span> <span class='ocrx_word' id='word_1_126' title='bbox 691 1785 790 1842; x_wconf 90' lang='lat' dir='ltr'><strong>sed</strong></span> <span class='ocrx_word' id='word_1_127' title='bbox 833 1794 996 1842; x_wconf 91' lang='lat' dir='ltr'><strong>nocte</strong></span> <span class='ocrx_word' id='word_1_128' title='bbox 1059 1785 1251 1841; x_wconf 89' lang='lat' dir='ltr'><strong>dolum</strong></span> <span class='ocrx_word' id='word_1_129' title='bbox 1303 1787 1580 1842; x_wconf 82' lang='lat' dir='ltr'><strong>struxerit.</strong></span> <span class='ocrx_word' id='word_1_130' title='bbox 1648 1787 1830 1843; x_wconf 83' lang='lat' dir='ltr'><strong>Exivit</strong></span> <span class='ocrx_word' id='word_1_131' title='bbox 1891 1787 2056 1860; x_wconf 85' lang='lat' dir='ltr'><strong>igitur</strong></span> 
     </span>
    </p>
   </div>
   <div class='ocr_carea' id='block_1_19' title="bbox 457 1874 2136 1989">
    <p class='ocr_par' dir='ltr' id='par_1_19' title="bbox 457 1874 2136 1989">
     <span class='ocr_line' id='line_1_19' title="bbox 457 1874 2136 1989; baseline 0.001 -57"><span class='ocrx_word' id='word_1_132' title='bbox 457 1877 667 1950; x_wconf 90' lang='lat' dir='ltr'><strong>quinta,</strong></span> <span class='ocrx_word' id='word_1_133' title='bbox 695 1884 756 1932; x_wconf 92' lang='lat' dir='ltr'><strong>ut</strong></span> <span class='ocrx_word' id='word_1_134' title='bbox 775 1875 910 1931; x_wconf 92' lang='lat' dir='ltr'><strong>mihi</strong></span> <span class='ocrx_word' id='word_1_135' title='bbox 931 1874 1167 1944; x_wconf 91' lang='lat' dir='ltr'><strong>videtur,</strong></span> <span class='ocrx_word' id='word_1_136' title='bbox 1192 1891 1438 1948; x_wconf 90' lang='lat' dir='ltr'><strong>vespera,</strong></span> <span class='ocrx_word' id='word_1_137' title='bbox 1458 1875 1678 1948; x_wconf 89' lang='lat' dir='ltr'><strong>quando</strong></span> <span class='ocrx_word' id='word_1_138' title='bbox 1705 1899 1731 1926; x_wconf 74' lang='grc' dir='ltr'><strong>α</strong></span> <span class='ocrx_word' id='word_1_139' title='bbox 1755 1885 1811 1933; x_wconf 89' lang='lat' dir='ltr'><strong>et</strong></span> <span class='ocrx_word' id='word_1_140' title='bbox 1833 1877 2057 1934; x_wconf 87' lang='lat' dir='ltr'><strong>intravit</strong></span> <span class='ocrx_word' id='word_1_141' title='bbox 2089 1926 2136 1989; x_wconf 78' lang='grc' dir='ltr'><strong>Β</strong></span> 
     </span>
     <span class='ocr_line' id='line_1_20' title="bbox 457 1965 2050 1989; baseline 0.001 1"><span class='ocrx_word' id='word_1_142' title='bbox 457 1965 723 1989; x_wconf 72' lang='grc' dir='ltr'>ε--ε--.-...</span> <span class='ocrx_word' id='word_1_143' title='bbox 755 1967 976 1989; x_wconf 73' lang='grc' dir='ltr'><strong>ο,.,.,--</strong></span> <span class='ocrx_word' id='word_1_144' title='bbox 1035 1988 1050 1989; x_wconf 45' lang='grc' dir='ltr'>η</span> <span class='ocrx_word' id='word_1_145' title='bbox 1093 1967 1231 1989; x_wconf 63' lang='grc' dir='ltr'><strong>λγ-..</strong></span> <span class='ocrx_word' id='word_1_146' title='bbox 1266 1973 1452 1989; x_wconf 76' lang='lat'><strong>-.---.-</strong></span> <span class='ocrx_word' id='word_1_147' title='bbox 1485 1966 1702 1989; x_wconf 63' lang='lat' dir='ltr'><strong>_--u--_</strong></span> <span class='ocrx_word' id='word_1_148' title='bbox 1733 1967 1954 1989; x_wconf 73' lang='lat'><strong>------:.</strong></span> <span class='ocrx_word' id='word_1_149' title='bbox 1989 1966 2050 1989; x_wconf 67' lang='grc' dir='ltr'>,ι</span> 
     </span>
    </p>
   </div>
   <div class='ocr_carea' id='block_1_20' title="bbox 457 1965 2055 2038">
    <p class='ocr_par' dir='ltr' id='par_1_20' title="bbox 457 1965 2055 2038">
     <span class='ocr_line' id='line_1_21' title="bbox 457 1965 2055 2038; baseline 0.001 -16"><span class='ocrx_word' id='word_1_150' title='bbox 457 1965 728 2038; x_wconf 61' lang='grc' dir='ltr'>ἰηξὶρδιιω</span> <span class='ocrx_word' id='word_1_151' title='bbox 753 1967 998 2022; x_wconf 87' lang='lat' dir='ltr'><strong>Satanas.</strong></span> <span class='ocrx_word' id='word_1_152' title='bbox 1032 1988 1059 2015; x_wconf 78' lang='grc' dir='ltr'>ιο</span> <span class='ocrx_word' id='word_1_153' title='bbox 1091 1967 1235 2022; x_wconf 85' lang='lat' dir='ltr'><strong>Nam</strong></span> <span class='ocrx_word' id='word_1_154' title='bbox 1261 1973 1455 2037; x_wconf 88' lang='lat' dir='ltr'><strong>quarta</strong></span> <span class='ocrx_word' id='word_1_155' title='bbox 1481 1966 1706 2036; x_wconf 91' lang='lat' dir='ltr'><strong>quidem</strong></span> <span class='ocrx_word' id='word_1_156' title='bbox 1730 1967 1958 2023; x_wconf 88' lang='lat' dir='ltr'><strong>accessit</strong></span> <span class='ocrx_word' id='word_1_157' title='bbox 1986 1966 2055 2024; x_wconf 91' lang='lat' dir='ltr'><strong>ad</strong></span> 
     </span>
    </p>
   </div>
   <div class='ocr_carea' id='block_1_21' title="bbox 456 2053 2053 2128">
    <p class='ocr_par' dir='ltr' id='par_1_21' title="bbox 456 2053 2053 2128">
     <span class='ocr_line' id='line_1_22' title="bbox 456 2053 2053 2128; baseline -0.001 -16"><span class='ocrx_word' id='word_1_158' title='bbox 456 2055 638 2126; x_wconf 90' lang='lat' dir='ltr'><strong>illum,</strong></span> <span class='ocrx_word' id='word_1_159' title='bbox 667 2054 890 2128; x_wconf 92' lang='lat' dir='ltr'><strong>quando</strong></span> <span class='ocrx_word' id='word_1_160' title='bbox 915 2055 1122 2110; x_wconf 90' lang='lat' dir='ltr'><strong>scilicet</strong></span> <span class='ocrx_word' id='word_1_161' title='bbox 1158 2053 1358 2110; x_wconf 88' lang='lat' dir='ltr'><strong>mulier</strong></span> <span class='ocrx_word' id='word_1_162' title='bbox 1393 2069 1516 2126; x_wconf 67' lang='lat' dir='ltr'><strong>quae</strong></span> <span class='ocrx_word' id='word_1_163' title='bbox 1537 2053 1686 2125; x_wconf 89' lang='lat' dir='ltr'><strong>apud</strong></span> <span class='ocrx_word' id='word_1_164' title='bbox 1708 2054 2053 2125; x_wconf 69' lang='lat' dir='ltr'><strong>Matthaeum,</strong></span> 
     </span>
    </p>
   </div>
   <div class='ocr_carea' id='block_1_22' title="bbox 459 2141 2052 2217">
    <p class='ocr_par' dir='ltr' id='par_1_22' title="bbox 459 2141 2052 2217">
     <span class='ocr_line' id='line_1_23' title="bbox 459 2141 2052 2217; baseline 0 -17"><span class='ocrx_word' id='word_1_165' title='bbox 459 2153 802 2217; x_wconf 84' lang='lat' dir='ltr'><strong>unguentum</strong></span> <span class='ocrx_word' id='word_1_166' title='bbox 868 2142 1069 2200; x_wconf 87' lang='lat' dir='ltr'><strong>effudit</strong></span> <span class='ocrx_word' id='word_1_167' title='bbox 1134 2141 1198 2198; x_wconf 64' lang='lat'><strong>‘3.</strong></span> <span class='ocrx_word' id='word_1_168' title='bbox 1267 2144 1392 2214; x_wconf 90' lang='lat' dir='ltr'><strong>Ipse</strong></span> <span class='ocrx_word' id='word_1_169' title='bbox 1471 2151 1658 2199; x_wconf 89' lang='lat' dir='ltr'><strong>autem</strong></span> <span class='ocrx_word' id='word_1_170' title='bbox 1728 2151 1790 2199; x_wconf 87' lang='lat' dir='ltr'><strong>ut</strong></span> <span class='ocrx_word' id='word_1_171' title='bbox 1863 2145 2052 2212; x_wconf 88' lang='lat' dir='ltr'><strong>abivit,</strong></span> 
     </span>
    </p>
   </div>
   <div class='ocr_carea' id='block_1_23' title="bbox 459 2230 2056 2306">
    <p class='ocr_par' dir='ltr' id='par_1_23' title="bbox 459 2230 2056 2306">
     <span class='ocr_line' id='line_1_24' title="bbox 459 2230 2056 2306; baseline 0.001 -18"><span class='ocrx_word' id='word_1_172' title='bbox 459 2232 676 2290; x_wconf 87' lang='lat' dir='ltr'><strong>locutus</strong></span> <span class='ocrx_word' id='word_1_173' title='bbox 707 2241 790 2290; x_wconf 88' lang='lat' dir='ltr'><strong>est</strong></span> <span class='ocrx_word' id='word_1_174' title='bbox 827 2247 959 2288; x_wconf 90' lang='lat' dir='ltr'><strong>cum</strong></span> <span class='ocrx_word' id='word_1_175' title='bbox 987 2230 1195 2289; x_wconf 66' lang='lat' dir='ltr'><strong>Judaais</strong></span> <span class='ocrx_word' id='word_1_176' title='bbox 1243 2230 1312 2287; x_wconf 89' lang='lat' dir='ltr'><strong>de</strong></span> <span class='ocrx_word' id='word_1_177' title='bbox 1368 2230 1689 2288; x_wconf 88' lang='lat' dir='ltr'><strong>traditione.</strong></span> <span class='ocrx_word' id='word_1_178' title='bbox 1743 2235 1819 2288; x_wconf 77' lang='lat' dir='ltr'><strong>At</strong></span> <span class='ocrx_word' id='word_1_179' title='bbox 1866 2233 2056 2306; x_wconf 90' lang='lat' dir='ltr'><strong>quinta</strong></span> 
     </span>
    </p>
   </div>
   <div class='ocr_carea' id='block_1_24' title="bbox 461 2320 2056 2394">
    <p class='ocr_par' dir='ltr' id='par_1_24' title="bbox 461 2320 2056 2394">
     <span class='ocr_line' id='line_1_25' title="bbox 461 2320 2056 2394; baseline 0.001 -17"><span class='ocrx_word' id='word_1_180' title='bbox 461 2338 682 2394; x_wconf 88' lang='lat' dir='ltr'><strong>vespera</strong></span> <span class='ocrx_word' id='word_1_181' title='bbox 727 2320 948 2378; x_wconf 89' lang='lat' dir='ltr'><strong>intravit</strong></span> <span class='ocrx_word' id='word_1_182' title='bbox 975 2321 1036 2376; x_wconf 90' lang='lat' dir='ltr'><strong>in</strong></span> <span class='ocrx_word' id='word_1_183' title='bbox 1082 2320 1266 2388; x_wconf 93' lang='lat' dir='ltr'><strong>illum,</strong></span> <span class='ocrx_word' id='word_1_184' title='bbox 1301 2320 1409 2377; x_wconf 89' lang='lat' dir='ltr'><strong>hoc</strong></span> <span class='ocrx_word' id='word_1_185' title='bbox 1463 2329 1566 2390; x_wconf 89' lang='lat' dir='ltr'><strong>est,</strong></span> <span class='ocrx_word' id='word_1_186' title='bbox 1618 2322 1910 2394; x_wconf 89' lang='lat' dir='ltr'><strong>occupavit</strong></span> <span class='ocrx_word' id='word_1_187' title='bbox 1959 2339 2056 2379; x_wconf 90' lang='lat' dir='ltr'><strong>cor</strong></span> 
     </span>
    </p>
   </div>
   <div class='ocr_carea' id='block_1_25' title="bbox 459 2409 2054 2484">
    <p class='ocr_par' dir='ltr' id='par_1_25' title="bbox 459 2409 2054 2484">
     <span class='ocr_line' id='line_1_26' title="bbox 459 2409 2054 2484; baseline 0 -16"><span class='ocrx_word' id='word_1_188' title='bbox 459 2413 578 2484; x_wconf 89' lang='lat' dir='ltr'><strong>ejus</strong></span> <span class='ocrx_word' id='word_1_189' title='bbox 628 2429 644 2468; x_wconf 90' lang='lat'><strong>:</strong></span> <span class='ocrx_word' id='word_1_190' title='bbox 694 2412 840 2468; x_wconf 85' lang='lat' dir='ltr'><strong>sicut</strong></span> <span class='ocrx_word' id='word_1_191' title='bbox 879 2409 1026 2467; x_wconf 91' lang='lat' dir='ltr'><strong>aliud</strong></span> <span class='ocrx_word' id='word_1_192' title='bbox 1063 2418 1148 2466; x_wconf 88' lang='lat' dir='ltr'><strong>est</strong></span> <span class='ocrx_word' id='word_1_193' title='bbox 1197 2419 1478 2482; x_wconf 89' lang='lat' dir='ltr'><strong>percutere</strong></span> <span class='ocrx_word' id='word_1_194' title='bbox 1514 2411 1829 2483; x_wconf 88' lang='lat' dir='ltr'><strong>quempiam</strong></span> <span class='ocrx_word' id='word_1_195' title='bbox 1886 2428 2054 2468; x_wconf 92' lang='lat' dir='ltr'><strong>manu</strong></span> 
     </span>
    </p>
   </div>
   <div class='ocr_carea' id='block_1_26' title="bbox 458 2498 2057 2572">
    <p class='ocr_par' dir='ltr' id='par_1_26' title="bbox 458 2498 2057 2572">
     <span class='ocr_line' id='line_1_27' title="bbox 458 2498 2057 2572; baseline 0 -14"><span class='ocrx_word' id='word_1_196' title='bbox 458 2500 620 2570; x_wconf 85' lang='lat' dir='ltr'><strong>foris,</strong></span> <span class='ocrx_word' id='word_1_197' title='bbox 649 2510 702 2557; x_wconf 87' lang='lat' dir='ltr'><strong>et</strong></span> <span class='ocrx_word' id='word_1_198' title='bbox 728 2498 883 2556; x_wconf 89' lang='lat' dir='ltr'><strong>aliud</strong></span> <span class='ocrx_word' id='word_1_199' title='bbox 918 2507 1004 2556; x_wconf 89' lang='lat' dir='ltr'><strong>est</strong></span> <span class='ocrx_word' id='word_1_200' title='bbox 1043 2499 1344 2556; x_wconf 84' lang='lat' dir='ltr'><strong>confodere</strong></span> <span class='ocrx_word' id='word_1_201' title='bbox 1396 2499 1578 2572; x_wconf 89' lang='lat' dir='ltr'><strong>gladio</strong></span> <span class='ocrx_word' id='word_1_202' title='bbox 1622 2501 1842 2557; x_wconf 90' lang='lat' dir='ltr'><strong>viscera.</strong></span> <span class='ocrx_word' id='word_1_203' title='bbox 1876 2502 2057 2558; x_wconf 81' lang='lat' dir='ltr'><strong>Exivit</strong></span> 
     </span>
    </p>
   </div>
   <div class='ocr_carea' id='block_1_27' title="bbox 456 2589 2052 2664">
    <p class='ocr_par' dir='ltr' id='par_1_27' title="bbox 456 2589 2052 2664">
     <span class='ocr_line' id='line_1_28' title="bbox 456 2589 2052 2664; baseline 0.001 -18"><span class='ocrx_word' id='word_1_204' title='bbox 456 2591 620 2664; x_wconf 89' lang='lat' dir='ltr'><strong>igitur</strong></span> <span class='ocrx_word' id='word_1_205' title='bbox 643 2589 814 2648; x_wconf 88' lang='lat' dir='ltr'><strong>Judas</strong></span> <span class='ocrx_word' id='word_1_206' title='bbox 840 2597 895 2646; x_wconf 90' lang='lat' dir='ltr'><strong>et</strong></span> <span class='ocrx_word' id='word_1_207' title='bbox 921 2589 1250 2646; x_wconf 89' lang='lat' dir='ltr'><strong>sensibiliter</strong></span> <span class='ocrx_word' id='word_1_208' title='bbox 1272 2597 1328 2646; x_wconf 91' lang='lat' dir='ltr'><strong>et</strong></span> <span class='ocrx_word' id='word_1_209' title='bbox 1357 2589 1668 2647; x_wconf 90' lang='lat' dir='ltr'><strong>mentaliter</strong></span> <span class='ocrx_word' id='word_1_210' title='bbox 1695 2607 1724 2646; x_wconf 91' lang='lat' dir='ltr'><strong>a</strong></span> <span class='ocrx_word' id='word_1_211' title='bbox 1749 2591 2052 2660; x_wconf 88' lang='lat' dir='ltr'><strong>Salvatore,</strong></span> 
     </span>
    </p>
   </div>
   <div class='ocr_carea' id='block_1_28' title="bbox 460 2677 2053 2753">
    <p class='ocr_par' dir='ltr' id='par_1_28' title="bbox 460 2677 2053 2753">
     <span class='ocr_line' id='line_1_29' title="bbox 460 2677 2053 2753; baseline 0.001 -17"><span class='ocrx_word' id='word_1_212' title='bbox 460 2702 486 2730; x_wconf 70' lang='grc' dir='ltr'><strong>α</strong></span> <span class='ocrx_word' id='word_1_213' title='bbox 514 2683 646 2736; x_wconf 86' lang='lat' dir='ltr'><strong>Erat</strong></span> <span class='ocrx_word' id='word_1_214' title='bbox 673 2688 863 2736; x_wconf 90' lang='lat' dir='ltr'><strong>autem</strong></span> <span class='ocrx_word' id='word_1_215' title='bbox 899 2687 953 2735; x_wconf 91' lang='lat' dir='ltr'><strong>et</strong></span> <span class='ocrx_word' id='word_1_216' title='bbox 979 2695 1092 2735; x_wconf 85' lang='lat' dir='ltr'><strong>nox</strong></span> <span class='ocrx_word' id='word_1_217' title='bbox 1125 2696 1140 2734; x_wconf 90' lang='lat'><strong>:</strong></span> <span class='ocrx_word' id='word_1_218' title='bbox 1177 2702 1202 2727; x_wconf 77' lang='grc' dir='ltr'>ιο</span> <span class='ocrx_word' id='word_1_219' title='bbox 1230 2677 1478 2735; x_wconf 84' lang='lat' dir='ltr'><strong>fortassis</strong></span> <span class='ocrx_word' id='word_1_220' title='bbox 1513 2687 1571 2735; x_wconf 87' lang='lat' dir='ltr'><strong>et</strong></span> <span class='ocrx_word' id='word_1_221' title='bbox 1597 2679 1897 2753; x_wconf 90' lang='lat' dir='ltr'><strong>spiritualis</strong></span> <span class='ocrx_word' id='word_1_222' title='bbox 1921 2697 2053 2750; x_wconf 88' lang='lat' dir='ltr'><strong>nox,</strong></span> 
     </span>
    </p>
   </div>
   <div class='ocr_carea' id='block_1_29' title="bbox 455 2769 1587 2826">
    <p class='ocr_par' dir='ltr' id='par_1_29' title="bbox 455 2769 1587 2826">
     <span class='ocr_line' id='line_1_30' title="bbox 455 2769 1587 2826; baseline -0.001 0"><span class='ocrx_word' id='word_1_223' title='bbox 455 2771 698 2826; x_wconf 62' lang='lat' dir='ltr'><strong>avaritia;</strong></span> <span class='ocrx_word' id='word_1_224' title='bbox 724 2769 1100 2826; x_wconf 90' lang='lat' dir='ltr'><strong>obtenebratio</strong></span> <span class='ocrx_word' id='word_1_225' title='bbox 1128 2769 1399 2824; x_wconf 85' lang='lat' dir='ltr'><strong>invaserat</strong></span> <span class='ocrx_word' id='word_1_226' title='bbox 1437 2785 1587 2825; x_wconf 92' lang='lat' dir='ltr'><strong>eum.</strong></span> 
     </span>
    </p>
   </div>
   <div class='ocr_carea' id='block_1_30' title="bbox 2167 612 3773 704">
    <p class='ocr_par' dir='ltr' id='par_1_30' title="bbox 2167 612 3773 704">
     <span class='ocr_line' id='line_1_31' title="bbox 2167 612 3773 704; baseline -0.009 -21"><span class='ocrx_word' id='word_1_227' title='bbox 2167 612 2336 704; x_wconf 27' lang='grc' dir='ltr'>ἦ-γᾶρ</span> <span class='ocrx_word' id='word_1_228' title='bbox 2390 622 2450 682; x_wconf 82' lang='grc' dir='ltr'>ἂν</span> <span class='ocrx_word' id='word_1_229' title='bbox 2500 619 3155 704; x_wconf 37' lang='grc' dir='ltr'>διεσπάσατοῌμάχαιραν</span> <span class='ocrx_word' id='word_1_230' title='bbox 3207 615 3353 695; x_wconf 84' lang='grc' dir='ltr'>τάχα</span> <span class='ocrx_word' id='word_1_231' title='bbox 3407 613 3643 704; x_wconf 77' lang='grc' dir='ltr'>Πέτρος,</span> <span class='ocrx_word' id='word_1_232' title='bbox 3676 612 3773 704; x_wconf 82' lang='grc' dir='ltr'><strong>καὶ</strong></span> 
     </span>
    </p>
   </div>
   <div class='ocr_carea' id='block_1_31' title="bbox 2169 700 3768 790">
    <p class='ocr_par' dir='ltr' id='par_1_31' title="bbox 2169 700 3768 790">
     <span class='ocr_line' id='line_1_32' title="bbox 2169 700 3768 790; baseline -0.009 -18"><span class='ocrx_word' id='word_1_233' title='bbox 2169 700 2370 772; x_wconf 78' lang='grc' dir='ltr'>ἀνεῖλεν</span> <span class='ocrx_word' id='word_1_234' title='bbox 2423 712 2606 771; x_wconf 81' lang='grc' dir='ltr'>αὐτόν.</span> <span class='ocrx_word' id='word_1_235' title='bbox 2639 702 2754 790; x_wconf 68' lang='grc' dir='ltr'>’Ἆρ’</span> <span class='ocrx_word' id='word_1_236' title='bbox 2804 700 2894 768; x_wconf 71' lang='grc' dir='ltr'>οῦν</span> <span class='ocrx_word' id='word_1_237' title='bbox 2948 707 3066 767; x_wconf 80' lang='grc' dir='ltr'>οὐδὲ</span> <span class='ocrx_word' id='word_1_238' title='bbox 3118 705 3368 776; x_wconf 83' lang='grc' dir='ltr'>Ἰωάννης</span> <span class='ocrx_word' id='word_1_239' title='bbox 3411 702 3546 782; x_wconf 85' lang='grc' dir='ltr'><strong>ἔγνω</strong></span> <span class='ocrx_word' id='word_1_240' title='bbox 3579 703 3768 774; x_wconf 72' lang='grc' dir='ltr'>αὐτόν,</span> 
     </span>
    </p>
   </div>
   <div class='ocr_carea' id='block_1_32' title="bbox 2168 791 3772 878">
    <p class='ocr_par' dir='ltr' id='par_1_32' title="bbox 2168 791 3772 878">
     <span class='ocr_line' id='line_1_33' title="bbox 2168 791 3772 878; baseline -0.009 -15"><span class='ocrx_word' id='word_1_241' title='bbox 2168 803 2309 864; x_wconf 80' lang='grc' dir='ltr'>Οὐδὲ</span> <span class='ocrx_word' id='word_1_242' title='bbox 2359 793 2528 868; x_wconf 64' lang='grc' dir='ltr'>οὗτος.</span> <span class='ocrx_word' id='word_1_243' title='bbox 2579 804 2661 862; x_wconf 76' lang='grc' dir='ltr'><strong>Οὖ</strong></span> <span class='ocrx_word' id='word_1_244' title='bbox 2697 798 2800 878; x_wconf 78' lang='grc' dir='ltr'><strong>γὰρ</strong></span> <span class='ocrx_word' id='word_1_245' title='bbox 2835 798 2898 856; x_wconf 85' lang='grc' dir='ltr'>ἂν</span> <span class='ocrx_word' id='word_1_246' title='bbox 2931 795 3359 876; x_wconf 89' lang='grc' dir='ltr'>προσεδόκησεν,</span> <span class='ocrx_word' id='word_1_247' title='bbox 3395 793 3475 851; x_wconf 78' lang='grc' dir='ltr'>ὅτι</span> <span class='ocrx_word' id='word_1_248' title='bbox 3525 791 3772 871; x_wconf 82' lang='grc' dir='ltr'>μαθητὴς</span> 
     </span>
    </p>
   </div>
   <div class='ocr_carea' id='block_1_33' title="bbox 2169 881 3773 969">
    <p class='ocr_par' dir='ltr' id='par_1_33' title="bbox 2169 881 3773 969">
     <span class='ocr_line' id='line_1_34' title="bbox 2169 881 3773 969; baseline -0.008 -18"><span class='ocrx_word' id='word_1_249' title='bbox 2169 892 2258 951; x_wconf 83' lang='grc' dir='ltr'>ἐπὶ</span> <span class='ocrx_word' id='word_1_250' title='bbox 2296 898 2542 951; x_wconf 86' lang='grc' dir='ltr'>τοσοῦτον</span> <span class='ocrx_word' id='word_1_251' title='bbox 2591 889 2828 969; x_wconf 78' lang='grc' dir='ltr'>χωρήσει</span> <span class='ocrx_word' id='word_1_252' title='bbox 2880 884 3244 969; x_wconf 71' lang='grc' dir='ltr'>παρανομίας.</span> <span class='ocrx_word' id='word_1_253' title='bbox 3298 886 3496 964; x_wconf 81' lang='grc' dir='ltr'>Πόῤῥω</span> <span class='ocrx_word' id='word_1_254' title='bbox 3525 881 3628 963; x_wconf 79' lang='grc' dir='ltr'><strong>γὰρ</strong></span> <span class='ocrx_word' id='word_1_255' title='bbox 3674 885 3773 952; x_wconf 79' lang='grc' dir='ltr'><strong>τῆς</strong></span> 
     </span>
    </p>
   </div>
   <div class='ocr_carea' id='block_1_34' title="bbox 2167 965 3772 1058">
    <p class='ocr_par' dir='ltr' id='par_1_34' title="bbox 2167 965 3772 1058">
     <span class='ocr_line' id='line_1_35' title="bbox 2167 965 3772 1058; baseline -0.007 -18"><span class='ocrx_word' id='word_1_256' title='bbox 2167 981 2414 1054; x_wconf 81' lang='grc' dir='ltr'><strong>τοιαύτης</strong></span> <span class='ocrx_word' id='word_1_257' title='bbox 2461 980 2718 1058; x_wconf 86' lang='grc' dir='ltr'><strong>πονηρίας</strong></span> <span class='ocrx_word' id='word_1_258' title='bbox 2766 983 2800 1051; x_wconf 87' lang='grc' dir='ltr'>ἡ</span> <span class='ocrx_word' id='word_1_259' title='bbox 2849 977 2977 1056; x_wconf 82' lang='grc' dir='ltr'>ἁγία</span> <span class='ocrx_word' id='word_1_260' title='bbox 3021 965 3152 1034; x_wconf 67' lang='grc' dir='ltr'>οὖσα</span> <span class='ocrx_word' id='word_1_261' title='bbox 3202 973 3374 1045; x_wconf 76' lang='grc' dir='ltr'>ἐκείνη</span> <span class='ocrx_word' id='word_1_262' title='bbox 3423 976 3612 1053; x_wconf 82' lang='grc' dir='ltr'>ψυχὴ,</span> <span class='ocrx_word' id='word_1_263' title='bbox 3653 970 3772 1031; x_wconf 80' lang='grc' dir='ltr'><strong>οὐδὲ</strong></span> 
     </span>
    </p>
   </div>
   <div class='ocr_carea' id='block_1_35' title="bbox 2169 1060 3775 1152">
    <p class='ocr_par' dir='ltr' id='par_1_35' title="bbox 2169 1060 3775 1152">
     <span class='ocr_line' id='line_1_36' title="bbox 2169 1060 3775 1152; baseline -0.007 -22"><span class='ocrx_word' id='word_1_264' title='bbox 2169 1073 2291 1152; x_wconf 85' lang='grc' dir='ltr'>περὶ</span> <span class='ocrx_word' id='word_1_265' title='bbox 2323 1071 2503 1152; x_wconf 82' lang='grc' dir='ltr'>ἑτέρου</span> <span class='ocrx_word' id='word_1_266' title='bbox 2534 1075 2692 1128; x_wconf 91' lang='grc' dir='ltr'>τοῦτο</span> <span class='ocrx_word' id='word_1_267' title='bbox 2723 1068 2951 1134; x_wconf 76' lang='grc' dir='ltr'><strong>εὐκόλως</strong></span> <span class='ocrx_word' id='word_1_268' title='bbox 2979 1064 3328 1124; x_wconf 73' lang='grc' dir='ltr'><strong>ὑπώπτευσεν</strong></span> <span class='ocrx_word' id='word_1_269' title='bbox 3360 1063 3442 1122; x_wconf 85' lang='grc' dir='ltr'>ἄν.</span> <span class='ocrx_word' id='word_1_270' title='bbox 3498 1085 3528 1120; x_wconf 78' lang='grc' dir='ltr'><strong>α</strong></span> <span class='ocrx_word' id='word_1_271' title='bbox 3580 1060 3775 1127; x_wconf 77' lang='grc' dir='ltr'>Οὐδεὶς</span> 
     </span>
    </p>
   </div>
   <div class='ocr_carea' id='block_1_36' title="bbox 2169 1151 3771 1240">
    <p class='ocr_par' dir='ltr' id='par_1_36' title="bbox 2169 1151 3771 1240">
     <span class='ocr_line' id='line_1_37' title="bbox 2169 1151 3771 1240; baseline -0.007 -18"><span class='ocrx_word' id='word_1_272' title='bbox 2169 1151 2256 1222; x_wconf 70' lang='grc' dir='ltr'>οῦν</span> <span class='ocrx_word' id='word_1_273' title='bbox 2284 1160 2452 1240; x_wconf 82' lang='grc' dir='ltr'>ἔγνω,</span> <span class='ocrx_word' id='word_1_274' title='bbox 2495 1181 2523 1218; x_wconf 76' lang='grc' dir='ltr'>ι)</span> <span class='ocrx_word' id='word_1_275' title='bbox 2563 1157 2681 1218; x_wconf 82' lang='grc' dir='ltr'>ἀλλ’</span> <span class='ocrx_word' id='word_1_276' title='bbox 2721 1157 2970 1234; x_wconf 84' lang='grc' dir='ltr'><strong>ἐνόμισαν</strong></span> <span class='ocrx_word' id='word_1_277' title='bbox 2995 1201 3010 1229; x_wconf 96' lang='grc'><strong>,</strong></span> <span class='ocrx_word' id='word_1_278' title='bbox 3041 1154 3122 1213; x_wconf 81' lang='grc' dir='ltr'><strong>ὅτι</strong></span> <span class='ocrx_word' id='word_1_279' title='bbox 3171 1154 3266 1221; x_wconf 88' lang='grc' dir='ltr'><strong>τὸ,</strong></span> <span class='ocrx_word' id='word_1_280' title='bbox 3328 1174 3357 1211; x_wconf 77' lang='grc' dir='ltr'>(ι</span> <span class='ocrx_word' id='word_1_281' title='bbox 3389 1152 3624 1225; x_wconf 76' lang='grc' dir='ltr'><strong>Ποίησον</strong></span> <span class='ocrx_word' id='word_1_282' title='bbox 3669 1151 3771 1210; x_wconf 87' lang='grc' dir='ltr'>τά-</span> 
     </span>
    </p>
   </div>
   <div class='ocr_carea' id='block_1_37' title="bbox 2168 1240 3773 1331">
    <p class='ocr_par' dir='ltr' id='par_1_37' title="bbox 2168 1240 3773 1331">
     <span class='ocr_line' id='line_1_38' title="bbox 2168 1240 3773 1331; baseline -0.007 -23"><span class='ocrx_word' id='word_1_283' title='bbox 2168 1273 2311 1331; x_wconf 87' lang='grc' dir='ltr'>χιον,</span> <span class='ocrx_word' id='word_1_284' title='bbox 2341 1272 2371 1310; x_wconf 73' lang='grc' dir='ltr'>ι)</span> <span class='ocrx_word' id='word_1_285' title='bbox 2409 1249 2532 1329; x_wconf 75' lang='grc' dir='ltr'>περὶ</span> <span class='ocrx_word' id='word_1_286' title='bbox 2559 1253 2652 1308; x_wconf 92' lang='grc' dir='ltr'><strong>τοῦ</strong></span> <span class='ocrx_word' id='word_1_287' title='bbox 2685 1247 2946 1327; x_wconf 82' lang='grc' dir='ltr'><strong>ἀγοράσαι</strong></span> <span class='ocrx_word' id='word_1_288' title='bbox 2973 1269 3023 1303; x_wconf 91' lang='grc' dir='ltr'><strong>τι</strong></span> <span class='ocrx_word' id='word_1_289' title='bbox 3065 1265 3092 1302; x_wconf 85' lang='grc' dir='ltr'><strong>ιι</strong></span> <span class='ocrx_word' id='word_1_290' title='bbox 3121 1245 3192 1310; x_wconf 86' lang='grc' dir='ltr'>εἷς</span> <span class='ocrx_word' id='word_1_291' title='bbox 3221 1242 3318 1317; x_wconf 79' lang='grc' dir='ltr'>τὴν</span> <span class='ocrx_word' id='word_1_292' title='bbox 3351 1241 3536 1322; x_wconf 80' lang='grc' dir='ltr'>ἑορτὴν</span> <span class='ocrx_word' id='word_1_293' title='bbox 3557 1285 3575 1320; x_wconf 90' lang='grc'><strong>,</strong></span> <span class='ocrx_word' id='word_1_294' title='bbox 3623 1263 3650 1298; x_wconf 80' lang='grc'><strong>››</strong></span> <span class='ocrx_word' id='word_1_295' title='bbox 3686 1240 3773 1298; x_wconf 84' lang='grc' dir='ltr'>λέ-</span> 
     </span>
    </p>
   </div>
   <div class='ocr_carea' id='block_1_38' title="bbox 2167 1329 3772 1418">
    <p class='ocr_par' dir='ltr' id='par_1_38' title="bbox 2167 1329 3772 1418">
     <span class='ocr_line' id='line_1_39' title="bbox 2167 1329 3772 1418; baseline -0.007 -20"><span class='ocrx_word' id='word_1_296' title='bbox 2167 1329 2249 1418; x_wconf 85' lang='grc' dir='ltr'><strong>γει</strong></span> <span class='ocrx_word' id='word_1_297' title='bbox 2273 1329 2302 1418; x_wconf 76' lang='lat'><strong>,</strong></span> <span class='ocrx_word' id='word_1_298' title='bbox 2327 1363 2357 1398; x_wconf 78' lang='grc' dir='ltr'><strong>ιι</strong></span> <span class='ocrx_word' id='word_1_299' title='bbox 2387 1338 2420 1410; x_wconf 84' lang='grc' dir='ltr'>ἢ</span> <span class='ocrx_word' id='word_1_300' title='bbox 2455 1336 2544 1398; x_wconf 80' lang='grc' dir='ltr'><strong>ἵνα</strong></span> <span class='ocrx_word' id='word_1_301' title='bbox 2583 1362 2633 1397; x_wconf 90' lang='grc' dir='ltr'><strong>τι</strong></span> <span class='ocrx_word' id='word_1_302' title='bbox 2662 1341 2737 1418; x_wconf 86' lang='grc' dir='ltr'><strong>δῷ</strong></span> <span class='ocrx_word' id='word_1_303' title='bbox 2768 1346 2875 1404; x_wconf 91' lang='grc' dir='ltr'>τοῖς</span> <span class='ocrx_word' id='word_1_304' title='bbox 2903 1341 3160 1414; x_wconf 85' lang='grc' dir='ltr'>πτωχοῖς.</span> <span class='ocrx_word' id='word_1_305' title='bbox 3193 1356 3220 1392; x_wconf 78' lang='grc' dir='ltr'>ι)</span> <span class='ocrx_word' id='word_1_306' title='bbox 3279 1333 3387 1392; x_wconf 83' lang='grc' dir='ltr'>Καὶ</span> <span class='ocrx_word' id='word_1_307' title='bbox 3419 1330 3522 1410; x_wconf 79' lang='grc' dir='ltr'><strong>γὰρ</strong></span> <span class='ocrx_word' id='word_1_308' title='bbox 3549 1329 3772 1409; x_wconf 60' lang='grc' dir='ltr'>ξπολλὴν</span> 
     </span>
    </p>
   </div>
   <div class='ocr_carea' id='block_1_39' title="bbox 2169 1420 3773 1510">
    <p class='ocr_par' dir='ltr' id='par_1_39' title="bbox 2169 1420 3773 1510">
     <span class='ocr_line' id='line_1_40' title="bbox 2169 1420 3773 1510; baseline -0.007 -22"><span class='ocrx_word' id='word_1_309' title='bbox 2169 1429 2417 1510; x_wconf 88' lang='grc' dir='ltr'>πρόνοιαν</span> <span class='ocrx_word' id='word_1_310' title='bbox 2464 1432 2571 1488; x_wconf 86' lang='grc' dir='ltr'><strong>τῶν</strong></span> <span class='ocrx_word' id='word_1_311' title='bbox 2639 1431 2872 1507; x_wconf 81' lang='grc' dir='ltr'>πτωχῶν</span> <span class='ocrx_word' id='word_1_312' title='bbox 2923 1427 3177 1498; x_wconf 78' lang='grc' dir='ltr'>ἐποιεῖτο,</span> <span class='ocrx_word' id='word_1_313' title='bbox 3230 1423 3320 1481; x_wconf 80' lang='grc' dir='ltr'><strong>καὶ</strong></span> <span class='ocrx_word' id='word_1_314' title='bbox 3373 1425 3400 1480; x_wconf 97' lang='lat'><strong>6</strong></span> <span class='ocrx_word' id='word_1_315' title='bbox 3439 1429 3548 1489; x_wconf 93' lang='grc' dir='ltr'>τοῖς</span> <span class='ocrx_word' id='word_1_316' title='bbox 3592 1420 3773 1487; x_wconf 83' lang='grc' dir='ltr'>ἄλλοις</span> 
     </span>
    </p>
   </div>
   <div class='ocr_carea' id='block_1_40' title="bbox 2169 1509 3770 1599">
    <p class='ocr_par' dir='ltr' id='par_1_40' title="bbox 2169 1509 3770 1599">
     <span class='ocr_line' id='line_1_41' title="bbox 2169 1509 3770 1599; baseline -0.006 -21"><span class='ocrx_word' id='word_1_317' title='bbox 2169 1509 2442 1599; x_wconf 88' lang='grc' dir='ltr'>παραινῶν</span> <span class='ocrx_word' id='word_1_318' title='bbox 2496 1517 2570 1596; x_wconf 83' lang='grc' dir='ltr'><strong>μὴ</strong></span> <span class='ocrx_word' id='word_1_319' title='bbox 2620 1516 2800 1595; x_wconf 82' lang='grc' dir='ltr'>πήραν</span> <span class='ocrx_word' id='word_1_320' title='bbox 2853 1515 3018 1596; x_wconf 80' lang='grc' dir='ltr'>ἔχειν,</span> <span class='ocrx_word' id='word_1_321' title='bbox 3073 1512 3147 1591; x_wconf 89' lang='grc' dir='ltr'><strong>μὴ</strong></span> <span class='ocrx_word' id='word_1_322' title='bbox 3208 1510 3428 1592; x_wconf 86' lang='grc' dir='ltr'>χαλκὸν,</span> <span class='ocrx_word' id='word_1_323' title='bbox 3477 1512 3631 1578; x_wconf 81' lang='grc' dir='ltr'>αὐτὸς</span> <span class='ocrx_word' id='word_1_324' title='bbox 3677 1509 3770 1569; x_wconf 83' lang='grc' dir='ltr'><strong>καὶ</strong></span> 
     </span>
    </p>
   </div>
   <div class='ocr_carea' id='block_1_41' title="bbox 2168 1599 3772 1688">
    <p class='ocr_par' dir='ltr' id='par_1_41' title="bbox 2168 1599 3772 1688">
     <span class='ocr_line' id='line_1_42' title="bbox 2168 1599 3772 1688; baseline -0.007 -20"><span class='ocrx_word' id='word_1_325' title='bbox 2168 1607 2546 1687; x_wconf 82' lang='grc' dir='ltr'><strong>γλωσσόκομον</strong></span> <span class='ocrx_word' id='word_1_326' title='bbox 2582 1608 2882 1688; x_wconf 79' lang='grc' dir='ltr'>ἐπεφέρετο·</span> <span class='ocrx_word' id='word_1_327' title='bbox 2917 1602 3142 1679; x_wconf 77' lang='grc' dir='ltr'>δεικνὺς,</span> <span class='ocrx_word' id='word_1_328' title='bbox 3199 1601 3280 1660; x_wconf 83' lang='grc' dir='ltr'><strong>ὅτι</strong></span> <span class='ocrx_word' id='word_1_329' title='bbox 3333 1600 3422 1660; x_wconf 81' lang='grc' dir='ltr'>καὶ</span> <span class='ocrx_word' id='word_1_330' title='bbox 3469 1600 3558 1658; x_wconf 89' lang='grc' dir='ltr'><strong>τὸν</strong></span> <span class='ocrx_word' id='word_1_331' title='bbox 3601 1599 3772 1672; x_wconf 82' lang='grc' dir='ltr'>ἀκτή-</span> 
     </span>
    </p>
   </div>
   <div class='ocr_carea' id='block_1_42' title="bbox 2170 1689 3766 1776">
    <p class='ocr_par' dir='ltr' id='par_1_42' title="bbox 2170 1689 3766 1776">
     <span class='ocr_line' id='line_1_43' title="bbox 2170 1689 3766 1776; baseline -0.007 -18"><span class='ocrx_word' id='word_1_332' title='bbox 2170 1721 2306 1775; x_wconf 84' lang='grc' dir='ltr'>μονα</span> <span class='ocrx_word' id='word_1_333' title='bbox 2353 1699 2448 1757; x_wconf 81' lang='grc' dir='ltr'>καὶ</span> <span class='ocrx_word' id='word_1_334' title='bbox 2474 1695 2880 1776; x_wconf 78' lang='grc' dir='ltr'><strong>ἐσταυρωμένον</strong></span> <span class='ocrx_word' id='word_1_335' title='bbox 2913 1698 2988 1775; x_wconf 84' lang='grc' dir='ltr'><strong>τῷ</strong></span> <span class='ocrx_word' id='word_1_336' title='bbox 3018 1693 3208 1772; x_wconf 85' lang='grc' dir='ltr'>κόσμῳ</span> <span class='ocrx_word' id='word_1_337' title='bbox 3236 1737 3253 1770; x_wconf 92' lang='grc'><strong>,</strong></span> <span class='ocrx_word' id='word_1_338' title='bbox 3292 1689 3495 1776; x_wconf 62' lang='grc' dir='ltr'>πολλὴν</span> <span class='ocrx_word' id='word_1_339' title='bbox 3539 1692 3615 1748; x_wconf 88' lang='grc' dir='ltr'><strong>δεῖ</strong></span> <span class='ocrx_word' id='word_1_340' title='bbox 3646 1689 3766 1748; x_wconf 82' lang='grc' dir='ltr'>τού-</span> 
     </span>
    </p>
   </div>
   <div class='ocr_carea' id='block_1_43' title="bbox 2167 1769 3765 1867">
    <p class='ocr_par' dir='ltr' id='par_1_43' title="bbox 2167 1769 3765 1867">
     <span class='ocr_line' id='line_1_44' title="bbox 2167 1769 3765 1867; baseline -0.005 -21"><span class='ocrx_word' id='word_1_341' title='bbox 2167 1811 2257 1847; x_wconf 89' lang='grc' dir='ltr'>του</span> <span class='ocrx_word' id='word_1_342' title='bbox 2301 1792 2392 1846; x_wconf 90' lang='grc' dir='ltr'><strong>τοῦ</strong></span> <span class='ocrx_word' id='word_1_343' title='bbox 2443 1786 2630 1867; x_wconf 85' lang='grc' dir='ltr'>μέρους</span> <span class='ocrx_word' id='word_1_344' title='bbox 2679 1785 2930 1866; x_wconf 79' lang='grc' dir='ltr'>φροντίδα</span> <span class='ocrx_word' id='word_1_345' title='bbox 2971 1786 3260 1842; x_wconf 89' lang='grc' dir='ltr'>ποιεῖσθαι.</span> <span class='ocrx_word' id='word_1_346' title='bbox 3319 1802 3350 1839; x_wconf 76' lang='lat' dir='ltr'><strong>a</strong></span> <span class='ocrx_word' id='word_1_347' title='bbox 3388 1769 3498 1840; x_wconf 76' lang='grc' dir='ltr'>Ἦν</span> <span class='ocrx_word' id='word_1_348' title='bbox 3546 1780 3600 1838; x_wconf 85' lang='grc' dir='ltr'>δὲ</span> <span class='ocrx_word' id='word_1_349' title='bbox 3648 1778 3765 1856; x_wconf 80' lang='grc' dir='ltr'>νὺξ,</span> 
     </span>
    </p>
   </div>
   <div class='ocr_carea' id='block_1_44' title="bbox 2170 1869 3770 1957">
    <p class='ocr_par' dir='ltr' id='par_1_44' title="bbox 2170 1869 3770 1957">
     <span class='ocr_line' id='line_1_45' title="bbox 2170 1869 3770 1957; baseline -0.005 -22"><span class='ocrx_word' id='word_1_350' title='bbox 2170 1876 2329 1957; x_wconf 75' lang='grc' dir='ltr'>φησὶν</span> <span class='ocrx_word' id='word_1_351' title='bbox 2348 1921 2366 1951; x_wconf 96' lang='grc'><strong>,</strong></span> <span class='ocrx_word' id='word_1_352' title='bbox 2395 1877 2481 1936; x_wconf 76' lang='grc' dir='ltr'><strong>ὅτε</strong></span> <span class='ocrx_word' id='word_1_353' title='bbox 2514 1876 2748 1948; x_wconf 80' lang='grc' dir='ltr'>ἐξῆλθεν.</span> <span class='ocrx_word' id='word_1_354' title='bbox 2781 1896 2811 1933; x_wconf 82' lang='grc' dir='ltr'>ι)</span> <span class='ocrx_word' id='word_1_355' title='bbox 2842 1872 2984 1957; x_wconf 29' lang='grc' dir='ltr'><strong>Οὐδ-ὲ</strong></span> <span class='ocrx_word' id='word_1_356' title='bbox 3005 1877 3157 1931; x_wconf 89' lang='grc' dir='ltr'>τοῦτο</span> <span class='ocrx_word' id='word_1_357' title='bbox 3183 1869 3462 1950; x_wconf 85' lang='grc' dir='ltr'>παρέργως</span> <span class='ocrx_word' id='word_1_358' title='bbox 3493 1869 3770 1946; x_wconf 82' lang='grc' dir='ltr'>ἐπεσημή-</span> 
     </span>
    </p>
   </div>
   <div class='ocr_carea' id='block_1_45' title="bbox 2164 1953 3768 2044">
    <p class='ocr_par' dir='ltr' id='par_1_45' title="bbox 2164 1953 3768 2044">
     <span class='ocr_line' id='line_1_46' title="bbox 2164 1953 3768 2044; baseline -0.004 -19"><span class='ocrx_word' id='word_1_359' title='bbox 2164 1953 2290 2025; x_wconf 81' lang='grc' dir='ltr'>νατο</span> <span class='ocrx_word' id='word_1_360' title='bbox 2319 1971 2348 2027; x_wconf 93' lang='lat'><strong>6</strong></span> <span class='ocrx_word' id='word_1_361' title='bbox 2374 1964 2788 2044; x_wconf 80' lang='grc' dir='ltr'>εὖαγγελιστὴς,</span> <span class='ocrx_word' id='word_1_362' title='bbox 2816 1963 2877 2022; x_wconf 88' lang='grc' dir='ltr'><strong>τὸ</strong></span> <span class='ocrx_word' id='word_1_363' title='bbox 2917 1953 3050 2022; x_wconf 70' lang='grc' dir='ltr'>εἶναι</span> <span class='ocrx_word' id='word_1_364' title='bbox 3080 1961 3275 2036; x_wconf 79' lang='grc' dir='ltr'>νύκτα,</span> <span class='ocrx_word' id='word_1_365' title='bbox 3313 1958 3434 2018; x_wconf 78' lang='grc' dir='ltr'>ἀλλ’</span> <span class='ocrx_word' id='word_1_366' title='bbox 3465 1959 3551 2018; x_wconf 82' lang='grc' dir='ltr'><strong>ἵνα</strong></span> <span class='ocrx_word' id='word_1_367' title='bbox 3585 1958 3768 2039; x_wconf 78' lang='grc' dir='ltr'>διδάξῃ</span> 
     </span>
    </p>
   </div>
   <div class='ocr_carea' id='block_1_46' title="bbox 2163 2047 3770 2134">
    <p class='ocr_par' dir='ltr' id='par_1_46' title="bbox 2163 2047 3770 2134">
     <span class='ocr_line' id='line_1_47' title="bbox 2163 2047 3770 2134; baseline -0.004 -20"><span class='ocrx_word' id='word_1_368' title='bbox 2163 2059 2342 2133; x_wconf 84' lang='grc' dir='ltr'>ἡμᾶς,</span> <span class='ocrx_word' id='word_1_369' title='bbox 2373 2056 2455 2116; x_wconf 76' lang='grc' dir='ltr'><strong>ὅτι</strong></span> <span class='ocrx_word' id='word_1_370' title='bbox 2486 2053 2603 2114; x_wconf 81' lang='grc' dir='ltr'>οὐδὲ</span> <span class='ocrx_word' id='word_1_371' title='bbox 2644 2057 2672 2113; x_wconf 90' lang='lat'><strong>6</strong></span> <span class='ocrx_word' id='word_1_372' title='bbox 2719 2053 2902 2134; x_wconf 84' lang='grc' dir='ltr'>καιρὸς</span> <span class='ocrx_word' id='word_1_373' title='bbox 2938 2049 3204 2112; x_wconf 83' lang='grc' dir='ltr'>ἐκώλυσεν</span> <span class='ocrx_word' id='word_1_374' title='bbox 3253 2049 3439 2123; x_wconf 81' lang='grc' dir='ltr'>αὐτὸν,</span> <span class='ocrx_word' id='word_1_375' title='bbox 3489 2047 3629 2106; x_wconf 83' lang='grc' dir='ltr'>ἀλλὰ</span> <span class='ocrx_word' id='word_1_376' title='bbox 3676 2049 3770 2108; x_wconf 85' lang='grc' dir='ltr'><strong>καὶ</strong></span> 
     </span>
    </p>
   </div>
   <div class='ocr_carea' id='block_1_47' title="bbox 2163 2137 3766 2224">
    <p class='ocr_par' dir='ltr' id='par_1_47' title="bbox 2163 2137 3766 2224">
     <span class='ocr_line' id='line_1_48' title="bbox 2163 2137 3766 2224; baseline -0.004 -21"><span class='ocrx_word' id='word_1_377' title='bbox 2163 2145 2350 2212; x_wconf 91' lang='grc' dir='ltr'>νυκτὸς</span> <span class='ocrx_word' id='word_1_378' title='bbox 2373 2143 2536 2216; x_wconf 81' lang='grc' dir='ltr'>οὔσης</span> <span class='ocrx_word' id='word_1_379' title='bbox 2573 2143 2774 2224; x_wconf 84' lang='grc' dir='ltr'>ἤρτησε</span> <span class='ocrx_word' id='word_1_380' title='bbox 2930 2142 3152 2220; x_wconf 87' lang='grc' dir='ltr'>ἤρτυσε]</span> <span class='ocrx_word' id='word_1_381' title='bbox 3181 2139 3271 2199; x_wconf 85' lang='grc' dir='ltr'><strong>τὸν</strong></span> <span class='ocrx_word' id='word_1_382' title='bbox 3302 2139 3474 2199; x_wconf 89' lang='grc' dir='ltr'>δόλον.</span> <span class='ocrx_word' id='word_1_383' title='bbox 3511 2137 3766 2210; x_wconf 74' lang='grc' dir='ltr'>Ἐξῆλθεν</span> 
     </span>
    </p>
   </div>
   <div class='ocr_carea' id='block_1_48' title="bbox 2163 2225 3768 2314">
    <p class='ocr_par' dir='ltr' id='par_1_48' title="bbox 2163 2225 3768 2314">
     <span class='ocr_line' id='line_1_49' title="bbox 2163 2225 3768 2314; baseline -0.004 -21"><span class='ocrx_word' id='word_1_384' title='bbox 2163 2225 2251 2293; x_wconf 66' lang='grc' dir='ltr'><strong>οὖν</strong></span> <span class='ocrx_word' id='word_1_385' title='bbox 2277 2239 2343 2312; x_wconf 82' lang='grc' dir='ltr'><strong>τῇ</strong></span> <span class='ocrx_word' id='word_1_386' title='bbox 2375 2233 2597 2314; x_wconf 85' lang='grc' dir='ltr'>πέμπτῃ</span> <span class='ocrx_word' id='word_1_387' title='bbox 2629 2234 2774 2292; x_wconf 87' lang='grc' dir='ltr'>δοκεῖ</span> <span class='ocrx_word' id='word_1_388' title='bbox 2799 2255 2889 2310; x_wconf 88' lang='grc' dir='ltr'><strong>μοι</strong></span> <span class='ocrx_word' id='word_1_389' title='bbox 2919 2232 3176 2312; x_wconf 76' lang='grc' dir='ltr'>ἑσπέρας,</span> <span class='ocrx_word' id='word_1_390' title='bbox 3206 2229 3296 2290; x_wconf 80' lang='grc' dir='ltr'>ὅτε</span> <span class='ocrx_word' id='word_1_391' title='bbox 3336 2251 3366 2288; x_wconf 78' lang='grc' dir='ltr'><strong>α</strong></span> <span class='ocrx_word' id='word_1_392' title='bbox 3397 2227 3490 2286; x_wconf 81' lang='grc' dir='ltr'>καὶ</span> <span class='ocrx_word' id='word_1_393' title='bbox 3520 2230 3768 2300; x_wconf 80' lang='grc' dir='ltr'>εἰσῆλθεν</span> 
     </span>
    </p>
   </div>
   <div class='ocr_carea' id='block_1_49' title="bbox 2164 2317 3768 2401">
    <p class='ocr_par' dir='ltr' id='par_1_49' title="bbox 2164 2317 3768 2401">
     <span class='ocr_line' id='line_1_50' title="bbox 2164 2317 3768 2401; baseline -0.003 -19"><span class='ocrx_word' id='word_1_394' title='bbox 2164 2326 2238 2390; x_wconf 85' lang='grc' dir='ltr'><strong>εἰς</strong></span> <span class='ocrx_word' id='word_1_395' title='bbox 2287 2324 2442 2384; x_wconf 81' lang='grc' dir='ltr'>αὐτὸν</span> <span class='ocrx_word' id='word_1_396' title='bbox 2475 2327 2504 2384; x_wconf 97' lang='lat'><strong>6</strong></span> <span class='ocrx_word' id='word_1_397' title='bbox 2549 2326 2816 2389; x_wconf 83' lang='grc' dir='ltr'>Σατανᾶς.</span> <span class='ocrx_word' id='word_1_398' title='bbox 2851 2343 2881 2379; x_wconf 76' lang='grc' dir='ltr'>ι)</span> <span class='ocrx_word' id='word_1_399' title='bbox 2925 2325 3011 2401; x_wconf 82' lang='grc' dir='ltr'><strong>Τῇ</strong></span> <span class='ocrx_word' id='word_1_400' title='bbox 3066 2321 3162 2399; x_wconf 79' lang='grc' dir='ltr'><strong>μὲν</strong></span> <span class='ocrx_word' id='word_1_401' title='bbox 3194 2317 3300 2398; x_wconf 79' lang='grc' dir='ltr'><strong>γὰρ</strong></span> <span class='ocrx_word' id='word_1_402' title='bbox 3331 2317 3548 2398; x_wconf 79' lang='grc' dir='ltr'>τετράδι</span> <span class='ocrx_word' id='word_1_403' title='bbox 3595 2340 3768 2399; x_wconf 91' lang='grc' dir='ltr'>προσ-</span> 
     </span>
    </p>
   </div>
   <div class='ocr_carea' id='block_1_50' title="bbox 2163 2407 3767 2493">
    <p class='ocr_par' dir='ltr' id='par_1_50' title="bbox 2163 2407 3767 2493">
     <span class='ocr_line' id='line_1_51' title="bbox 2163 2407 3767 2493; baseline -0.004 -22"><span class='ocrx_word' id='word_1_404' title='bbox 2163 2412 2352 2472; x_wconf 79' lang='grc' dir='ltr'>έϐαλεν</span> <span class='ocrx_word' id='word_1_405' title='bbox 2386 2416 2550 2493; x_wconf 77' lang='grc' dir='ltr'>αὐτῷ,</span> <span class='ocrx_word' id='word_1_406' title='bbox 2599 2412 2686 2471; x_wconf 76' lang='grc' dir='ltr'>ὅτε</span> <span class='ocrx_word' id='word_1_407' title='bbox 2718 2411 2924 2485; x_wconf 84' lang='grc' dir='ltr'>δηλαδὴ</span> <span class='ocrx_word' id='word_1_408' title='bbox 2971 2415 3004 2482; x_wconf 88' lang='grc' dir='ltr'>ἡ</span> <span class='ocrx_word' id='word_1_409' title='bbox 3038 2407 3187 2490; x_wconf 81' lang='grc' dir='ltr'>παρὰ</span> <span class='ocrx_word' id='word_1_410' title='bbox 3216 2411 3292 2488; x_wconf 84' lang='grc' dir='ltr'><strong>τῷ</strong></span> <span class='ocrx_word' id='word_1_411' title='bbox 3326 2408 3595 2488; x_wconf 86' lang='grc' dir='ltr'>Ματθαίῳ</span> <span class='ocrx_word' id='word_1_412' title='bbox 3634 2407 3767 2484; x_wconf 81' lang='grc' dir='ltr'>γυνὴ</span> 
     </span>
    </p>
   </div>
   <div class='ocr_carea' id='block_1_51' title="bbox 2164 2496 3770 2583">
    <p class='ocr_par' dir='ltr' id='par_1_51' title="bbox 2164 2496 3770 2583">
     <span class='ocr_line' id='line_1_52' title="bbox 2164 2496 3770 2583; baseline -0.003 -22"><span class='ocrx_word' id='word_1_413' title='bbox 2164 2502 2389 2563; x_wconf 84' lang='grc' dir='ltr'>ἐκένωσε</span> <span class='ocrx_word' id='word_1_414' title='bbox 2449 2503 2508 2563; x_wconf 88' lang='grc' dir='ltr'><strong>τὸ</strong></span> <span class='ocrx_word' id='word_1_415' title='bbox 2573 2501 2766 2583; x_wconf 77' lang='grc' dir='ltr'>μόρονο</span> <span class='ocrx_word' id='word_1_416' title='bbox 2815 2500 2970 2568; x_wconf 81' lang='grc' dir='ltr'>αὐτὸς</span> <span class='ocrx_word' id='word_1_417' title='bbox 3023 2500 3078 2558; x_wconf 86' lang='grc' dir='ltr'>δὲ</span> <span class='ocrx_word' id='word_1_418' title='bbox 3130 2497 3375 2557; x_wconf 83' lang='grc' dir='ltr'>ἀπελθὼν</span> <span class='ocrx_word' id='word_1_419' title='bbox 3437 2496 3770 2571; x_wconf 87' lang='grc' dir='ltr'>συνελάλησε</span> 
     </span>
    </p>
   </div>
   <div class='ocr_carea' id='block_1_52' title="bbox 2164 2585 3768 2670">
    <p class='ocr_par' dir='ltr' id='par_1_52' title="bbox 2164 2585 3768 2670">
     <span class='ocr_line' id='line_1_53' title="bbox 2164 2585 3768 2670; baseline -0.004 -19"><span class='ocrx_word' id='word_1_420' title='bbox 2164 2599 2271 2661; x_wconf 90' lang='grc' dir='ltr'>τοῖς</span> <span class='ocrx_word' id='word_1_421' title='bbox 2319 2591 2597 2659; x_wconf 79' lang='grc' dir='ltr'>Ἰουδαίοις</span> <span class='ocrx_word' id='word_1_422' title='bbox 2652 2591 2776 2670; x_wconf 81' lang='grc' dir='ltr'>περὶ</span> <span class='ocrx_word' id='word_1_423' title='bbox 2824 2594 2918 2664; x_wconf 82' lang='grc' dir='ltr'><strong>τῆς</strong></span> <span class='ocrx_word' id='word_1_424' title='bbox 2970 2587 3272 2670; x_wconf 89' lang='grc' dir='ltr'>προδοσίας.</span> <span class='ocrx_word' id='word_1_425' title='bbox 3309 2589 3396 2666; x_wconf 83' lang='grc' dir='ltr'><strong>Τῇ</strong></span> <span class='ocrx_word' id='word_1_426' title='bbox 3436 2585 3490 2644; x_wconf 84' lang='grc' dir='ltr'>δὲ</span> <span class='ocrx_word' id='word_1_427' title='bbox 3547 2586 3768 2666; x_wconf 81' lang='grc' dir='ltr'>πέμπτῃ</span> 
     </span>
    </p>
   </div>
   <div class='ocr_carea' id='block_1_53' title="bbox 2165 2675 3768 2762">
    <p class='ocr_par' dir='ltr' id='par_1_53' title="bbox 2165 2675 3768 2762">
     <span class='ocr_line' id='line_1_54' title="bbox 2165 2675 3768 2762; baseline -0.004 -22"><span class='ocrx_word' id='word_1_428' title='bbox 2165 2681 2388 2762; x_wconf 81' lang='grc' dir='ltr'>ἑσπέρας</span> <span class='ocrx_word' id='word_1_429' title='bbox 2459 2683 2698 2752; x_wconf 80' lang='grc' dir='ltr'>εἰσῆλθεν</span> <span class='ocrx_word' id='word_1_430' title='bbox 2760 2683 2832 2749; x_wconf 79' lang='grc' dir='ltr'>εἰς</span> <span class='ocrx_word' id='word_1_431' title='bbox 2881 2677 3073 2752; x_wconf 79' lang='grc' dir='ltr'>αὐτὸν,</span> <span class='ocrx_word' id='word_1_432' title='bbox 3119 2677 3251 2757; x_wconf 80' lang='grc' dir='ltr'>ὅπερ</span> <span class='ocrx_word' id='word_1_433' title='bbox 3304 2676 3455 2750; x_wconf 84' lang='grc' dir='ltr'>ἐστὶ,</span> <span class='ocrx_word' id='word_1_434' title='bbox 3505 2675 3768 2756; x_wconf 81' lang='grc' dir='ltr'>κατέσχεν</span> 
     </span>
    </p>
   </div>
   <div class='ocr_carea' id='block_1_54' title="bbox 2165 2764 3772 2850">
    <p class='ocr_par' dir='ltr' id='par_1_54' title="bbox 2165 2764 3772 2850">
     <span class='ocr_line' id='line_1_55' title="bbox 2165 2764 3772 2850; baseline -0.004 -20"><span class='ocrx_word' id='word_1_435' title='bbox 2165 2773 2325 2830; x_wconf 77' lang='grc' dir='ltr'>αὐτοῦ</span> <span class='ocrx_word' id='word_1_436' title='bbox 2356 2769 2453 2844; x_wconf 79' lang='grc' dir='ltr'>τὴν</span> <span class='ocrx_word' id='word_1_437' title='bbox 2485 2771 2738 2850; x_wconf 81' lang='grc' dir='ltr'>καρδίαν·</span> <span class='ocrx_word' id='word_1_438' title='bbox 2771 2770 2952 2848; x_wconf 82' lang='grc' dir='ltr'>ὥσπερ</span> <span class='ocrx_word' id='word_1_439' title='bbox 3003 2768 3134 2827; x_wconf 84' lang='grc' dir='ltr'>ἄλλο</span> <span class='ocrx_word' id='word_1_440' title='bbox 3172 2768 3287 2827; x_wconf 81' lang='grc' dir='ltr'>ἐστὶ</span> <span class='ocrx_word' id='word_1_441' title='bbox 3327 2766 3386 2826; x_wconf 89' lang='grc' dir='ltr'><strong>τὸ</strong></span> <span class='ocrx_word' id='word_1_442' title='bbox 3427 2764 3625 2836; x_wconf 77' lang='grc' dir='ltr'>πλῆξαί</span> <span class='ocrx_word' id='word_1_443' title='bbox 3655 2789 3772 2824; x_wconf 88' lang='grc' dir='ltr'>τινα</span> 
     </span>
    </p>
   </div>
   <div class='ocr_carea' id='block_1_55' title="bbox 456 2855 3768 2940">
    <p class='ocr_par' dir='ltr' id='par_1_55' title="bbox 456 2855 3768 2940">
     <span class='ocr_line' id='line_1_56' title="bbox 456 2855 3768 2940; baseline 0 -23"><span class='ocrx_word' id='word_1_444' title='bbox 456 2863 523 2939; x_wconf 83' lang='grc' dir='ltr'><strong>τῇ</strong></span> <span class='ocrx_word' id='word_1_445' title='bbox 556 2859 697 2940; x_wconf 74' lang='grc' dir='ltr'>χειρὶ</span> <span class='ocrx_word' id='word_1_446' title='bbox 747 2858 968 2931; x_wconf 84' lang='grc' dir='ltr'>ἔξωθεν,</span> <span class='ocrx_word' id='word_1_447' title='bbox 999 2858 1092 2917; x_wconf 72' lang='grc' dir='ltr'>καὶ</span> <span class='ocrx_word' id='word_1_448' title='bbox 1135 2858 1268 2917; x_wconf 84' lang='grc' dir='ltr'>ἄλλο</span> <span class='ocrx_word' id='word_1_449' title='bbox 1298 2859 1358 2917; x_wconf 92' lang='grc' dir='ltr'><strong>τὸ</strong></span> <span class='ocrx_word' id='word_1_450' title='bbox 1394 2861 1680 2932; x_wconf 76' lang='grc' dir='ltr'>εἷσωθῆσαι</span> <span class='ocrx_word' id='word_1_451' title='bbox 1730 2860 1804 2928; x_wconf 82' lang='grc' dir='ltr'><strong>εἰς</strong></span> <span class='ocrx_word' id='word_1_452' title='bbox 1849 2859 2003 2919; x_wconf 76' lang='grc' dir='ltr'>αὐτὸν</span> <span class='ocrx_word' id='word_1_453' title='bbox 2059 2860 2120 2918; x_wconf 92' lang='grc' dir='ltr'><strong>τὸ</strong></span> <span class='ocrx_word' id='word_1_454' title='bbox 2168 2859 2346 2940; x_wconf 81' lang='grc' dir='ltr'>ξίφος,</span> <span class='ocrx_word' id='word_1_455' title='bbox 2401 2860 2492 2920; x_wconf 71' lang='grc' dir='ltr'><strong>καὶ</strong></span> <span class='ocrx_word' id='word_1_456' title='bbox 2559 2860 2811 2935; x_wconf 77' lang='grc' dir='ltr'>ἐμϐαλεῖν</span> <span class='ocrx_word' id='word_1_457' title='bbox 2869 2858 2999 2918; x_wconf 81' lang='grc' dir='ltr'>αὐτὸ</span> <span class='ocrx_word' id='word_1_458' title='bbox 3051 2857 3191 2916; x_wconf 76' lang='grc' dir='ltr'>κατὰ</span> <span class='ocrx_word' id='word_1_459' title='bbox 3245 2860 3349 2915; x_wconf 89' lang='grc' dir='ltr'><strong>τῶν</strong></span> <span class='ocrx_word' id='word_1_460' title='bbox 3418 2855 3768 2934; x_wconf 80' lang='grc' dir='ltr'>σπλάγχνων.</span> 
     </span>
    </p>
   </div>
   <div class='ocr_carea' id='block_1_56' title="bbox 458 2940 3774 3030">
    <p class='ocr_par' dir='ltr' id='par_1_56' title="bbox 458 2940 3774 3030">
     <span class='ocr_line' id='line_1_57' title="bbox 458 2940 3774 3030; baseline -0.002 -22"><span class='ocrx_word' id='word_1_461' title='bbox 458 2948 685 3021; x_wconf 78' lang='grc' dir='ltr'>Ἐξῆλθε</span> <span class='ocrx_word' id='word_1_462' title='bbox 734 2948 789 3006; x_wconf 84' lang='grc' dir='ltr'>δὲ</span> <span class='ocrx_word' id='word_1_463' title='bbox 821 2951 848 3006; x_wconf 90' lang='lat'><strong>6</strong></span> <span class='ocrx_word' id='word_1_464' title='bbox 896 2946 1104 3015; x_wconf 83' lang='grc' dir='ltr'>Ἰούδας</span> <span class='ocrx_word' id='word_1_465' title='bbox 1146 2947 1238 3006; x_wconf 83' lang='grc' dir='ltr'>καὶ</span> <span class='ocrx_word' id='word_1_466' title='bbox 1290 2949 1556 3019; x_wconf 78' lang='grc' dir='ltr'>αἰσθητῶς</span> <span class='ocrx_word' id='word_1_467' title='bbox 1605 2948 1699 3007; x_wconf 77' lang='grc' dir='ltr'><strong>καὶ</strong></span> <span class='ocrx_word' id='word_1_468' title='bbox 1751 2953 1951 3020; x_wconf 90' lang='grc' dir='ltr'>νοητῶς</span> <span class='ocrx_word' id='word_1_469' title='bbox 1989 2949 2094 3010; x_wconf 80' lang='grc' dir='ltr'><strong>ἀπὸ</strong></span> <span class='ocrx_word' id='word_1_470' title='bbox 2122 2955 2214 3010; x_wconf 89' lang='grc' dir='ltr'><strong>τοῦ</strong></span> <span class='ocrx_word' id='word_1_471' title='bbox 2251 2953 2526 3030; x_wconf 77' lang='grc' dir='ltr'>Σωτῆρος.</span> <span class='ocrx_word' id='word_1_472' title='bbox 2575 2970 2602 3007; x_wconf 85' lang='grc' dir='ltr'><strong>(ι</strong></span> <span class='ocrx_word' id='word_1_473' title='bbox 2649 2940 2758 3009; x_wconf 77' lang='grc' dir='ltr'><strong>ἾΙν</strong></span> <span class='ocrx_word' id='word_1_474' title='bbox 2791 2950 2845 3010; x_wconf 87' lang='grc' dir='ltr'>δὲ</span> <span class='ocrx_word' id='word_1_475' title='bbox 2875 2947 2986 3025; x_wconf 75' lang='grc' dir='ltr'>νὺξ,</span> <span class='ocrx_word' id='word_1_476' title='bbox 3020 2971 3048 3006; x_wconf 78' lang='grc' dir='ltr'>ι)</span> <span class='ocrx_word' id='word_1_477' title='bbox 3089 2947 3232 3028; x_wconf 80' lang='grc' dir='ltr'>τάχα</span> <span class='ocrx_word' id='word_1_478' title='bbox 3265 2946 3318 3006; x_wconf 83' lang='grc' dir='ltr'>δὲ</span> <span class='ocrx_word' id='word_1_479' title='bbox 3351 2945 3442 3005; x_wconf 83' lang='grc' dir='ltr'><strong>καὶ</strong></span> <span class='ocrx_word' id='word_1_480' title='bbox 3471 2945 3636 3018; x_wconf 75' lang='grc' dir='ltr'>νοητὴ</span> <span class='ocrx_word' id='word_1_481' title='bbox 3680 2944 3774 3014; x_wconf 80' lang='grc' dir='ltr'>νὺξ</span> 
     </span>
    </p>
   </div>
   <div class='ocr_carea' id='block_1_57' title="bbox 458 3038 1876 3120">
    <p class='ocr_par' dir='ltr' id='par_1_57' title="bbox 458 3038 1876 3120">
     <span class='ocr_line' id='line_1_58' title="bbox 458 3038 1876 3120; baseline 0.001 -22"><span class='ocrx_word' id='word_1_482' title='bbox 458 3042 493 3112; x_wconf 77' lang='grc' dir='ltr'>ἡ</span> <span class='ocrx_word' id='word_1_483' title='bbox 523 3042 871 3119; x_wconf 73' lang='grc' dir='ltr'>κατασχοῦσα</span> <span class='ocrx_word' id='word_1_484' title='bbox 902 3039 1058 3098; x_wconf 79' lang='grc' dir='ltr'>αὐτὸν</span> <span class='ocrx_word' id='word_1_485' title='bbox 1088 3041 1183 3110; x_wconf 80' lang='grc' dir='ltr'><strong>τῆς</strong></span> <span class='ocrx_word' id='word_1_486' title='bbox 1218 3038 1566 3120; x_wconf 77' lang='grc' dir='ltr'>φιλαργυρίας</span> <span class='ocrx_word' id='word_1_487' title='bbox 1599 3039 1876 3108; x_wconf 84' lang='grc' dir='ltr'>σκότωσις.</span> 
     </span>
    </p>
   </div>
   <div class='ocr_carea' id='block_1_58' title="bbox 526 3135 2136 3208">
    <p class='ocr_par' dir='ltr' id='par_1_58' title="bbox 526 3135 2136 3208">
     <span class='ocr_line' id='line_1_59' title="bbox 526 3135 2136 3208; baseline 0.001 -16"><span class='ocrx_word' id='word_1_488' title='bbox 526 3138 703 3194; x_wconf 72' lang='lat' dir='ltr'><strong>Vens.</strong></span> <span class='ocrx_word' id='word_1_489' title='bbox 737 3143 826 3205; x_wconf 85' lang='lat'><strong>31,</strong></span> <span class='ocrx_word' id='word_1_490' title='bbox 850 3141 937 3194; x_wconf 83' lang='lat'><strong>32.</strong></span> <span class='ocrx_word' id='word_1_491' title='bbox 968 3160 993 3184; x_wconf 78' lang='grc' dir='ltr'>«ι</span> <span class='ocrx_word' id='word_1_492' title='bbox 1023 3135 1166 3192; x_wconf 91' lang='lat' dir='ltr'><strong>Dicit</strong></span> <span class='ocrx_word' id='word_1_493' title='bbox 1187 3137 1381 3192; x_wconf 88' lang='lat' dir='ltr'><strong>Jesus:</strong></span> <span class='ocrx_word' id='word_1_494' title='bbox 1417 3138 1574 3192; x_wconf 91' lang='lat' dir='ltr'><strong>Nunc</strong></span> <span class='ocrx_word' id='word_1_495' title='bbox 1603 3136 1943 3208; x_wconf 86' lang='lat' dir='ltr'><strong>glorilicatus</strong></span> <span class='ocrx_word' id='word_1_496' title='bbox 1971 3145 2056 3194; x_wconf 90' lang='lat' dir='ltr'><strong>est</strong></span> <span class='ocrx_word' id='word_1_497' title='bbox 2091 3143 2136 3207; x_wconf 84' lang='lat' dir='ltr'><strong>C</strong></span> 
     </span>
    </p>
   </div>
   <div class='ocr_carea' id='block_1_59' title="bbox 453 3225 2052 3298">
    <p class='ocr_par' dir='ltr' id='par_1_59' title="bbox 453 3225 2052 3298">
     <span class='ocr_line' id='line_1_60' title="bbox 453 3225 2052 3298; baseline -0.001 -15"><span class='ocrx_word' id='word_1_498' title='bbox 453 3227 624 3284; x_wconf 86' lang='lat' dir='ltr'><strong>Filius</strong></span> <span class='ocrx_word' id='word_1_499' title='bbox 669 3225 940 3295; x_wconf 90' lang='lat' dir='ltr'><strong>hominis,</strong></span> <span class='ocrx_word' id='word_1_500' title='bbox 968 3225 1023 3282; x_wconf 84' lang='lat' dir='ltr'><strong>et</strong></span> <span class='ocrx_word' id='word_1_501' title='bbox 1066 3228 1217 3281; x_wconf 89' lang='lat' dir='ltr'><strong>Deus</strong></span> <span class='ocrx_word' id='word_1_502' title='bbox 1243 3225 1588 3297; x_wconf 82' lang='lat' dir='ltr'><strong>gloriﬁcatus</strong></span> <span class='ocrx_word' id='word_1_503' title='bbox 1619 3234 1704 3282; x_wconf 90' lang='lat' dir='ltr'><strong>est</strong></span> <span class='ocrx_word' id='word_1_504' title='bbox 1755 3242 1852 3298; x_wconf 91' lang='lat' dir='ltr'><strong>per</strong></span> <span class='ocrx_word' id='word_1_505' title='bbox 1877 3226 2052 3282; x_wconf 90' lang='lat' dir='ltr'><strong>illum.</strong></span> 
     </span>
    </p>
   </div>
   <div class='ocr_carea' id='block_1_60' title="bbox 453 3316 2056 3389">
    <p class='ocr_par' dir='ltr' id='par_1_60' title="bbox 453 3316 2056 3389">
     <span class='ocr_line' id='line_1_61' title="bbox 453 3316 2056 3389; baseline -0.001 -15"><span class='ocrx_word' id='word_1_506' title='bbox 453 3318 507 3375; x_wconf 93' lang='lat' dir='ltr'><strong>Si</strong></span> <span class='ocrx_word' id='word_1_507' title='bbox 525 3319 678 3372; x_wconf 91' lang='lat' dir='ltr'><strong>Deus</strong></span> <span class='ocrx_word' id='word_1_508' title='bbox 698 3316 1035 3388; x_wconf 81' lang='lat' dir='ltr'><strong>gloriﬁcatus</strong></span> <span class='ocrx_word' id='word_1_509' title='bbox 1060 3323 1142 3371; x_wconf 90' lang='lat' dir='ltr'><strong>est</strong></span> <span class='ocrx_word' id='word_1_510' title='bbox 1170 3331 1267 3386; x_wconf 89' lang='lat' dir='ltr'><strong>per</strong></span> <span class='ocrx_word' id='word_1_511' title='bbox 1293 3331 1444 3385; x_wconf 88' lang='lat' dir='ltr'><strong>eum,</strong></span> <span class='ocrx_word' id='word_1_512' title='bbox 1475 3324 1530 3371; x_wconf 91' lang='lat' dir='ltr'><strong>et</strong></span> <span class='ocrx_word' id='word_1_513' title='bbox 1550 3319 1701 3372; x_wconf 92' lang='lat' dir='ltr'><strong>Deus</strong></span> <span class='ocrx_word' id='word_1_514' title='bbox 1725 3316 2056 3389; x_wconf 85' lang='lat' dir='ltr'><strong>gloriﬁcabit</strong></span> 
     </span>
    </p>
   </div>
   <div class='ocr_carea' id='block_1_61' title="bbox 453 3405 2052 3479">
    <p class='ocr_par' dir='ltr' id='par_1_61' title="bbox 453 3405 2052 3479">
     <span class='ocr_line' id='line_1_62' title="bbox 453 3405 2052 3479; baseline 0.001 -17"><span class='ocrx_word' id='word_1_515' title='bbox 453 3421 583 3463; x_wconf 91' lang='lat' dir='ltr'><strong>eum</strong></span> <span class='ocrx_word' id='word_1_516' title='bbox 612 3421 713 3477; x_wconf 89' lang='lat' dir='ltr'><strong>per</strong></span> <span class='ocrx_word' id='word_1_517' title='bbox 739 3421 818 3461; x_wconf 88' lang='lat' dir='ltr'><strong>se.</strong></span> <span class='ocrx_word' id='word_1_518' title='bbox 871 3406 939 3460; x_wconf 89' lang='lat' dir='ltr'><strong>Et</strong></span> <span class='ocrx_word' id='word_1_519' title='bbox 963 3405 1230 3461; x_wconf 91' lang='lat' dir='ltr'><strong>continuo</strong></span> <span class='ocrx_word' id='word_1_520' title='bbox 1279 3405 1604 3478; x_wconf 77' lang='lat' dir='ltr'><strong>glorificabit</strong></span> <span class='ocrx_word' id='word_1_521' title='bbox 1651 3421 1801 3463; x_wconf 90' lang='lat' dir='ltr'><strong>eum.</strong></span> <span class='ocrx_word' id='word_1_522' title='bbox 1837 3430 1862 3456; x_wconf 71' lang='grc' dir='ltr'><strong>η</strong></span> <span class='ocrx_word' id='word_1_523' title='bbox 1898 3408 2052 3479; x_wconf 85' lang='lat' dir='ltr'><strong>Quo-</strong></span> 
     </span>
    </p>
   </div>
   <div class='ocr_carea' id='block_1_62' title="bbox 453 3495 2055 3567">
    <p class='ocr_par' dir='ltr' id='par_1_62' title="bbox 453 3495 2055 3567">
     <span class='ocr_line' id='line_1_63' title="bbox 453 3495 2055 3567; baseline 0 -15"><span class='ocrx_word' id='word_1_524' title='bbox 453 3495 605 3553; x_wconf 90' lang='lat' dir='ltr'><strong>niam</strong></span> <span class='ocrx_word' id='word_1_525' title='bbox 633 3495 991 3552; x_wconf 90' lang='lat' dir='ltr'><strong>conciderant</strong></span> <span class='ocrx_word' id='word_1_526' title='bbox 1018 3495 1418 3567; x_wconf 90' lang='lat' dir='ltr'><strong>discipulorum</strong></span> <span class='ocrx_word' id='word_1_527' title='bbox 1456 3504 1696 3564; x_wconf 79' lang='lat' dir='ltr'><strong>mentes,</strong></span> <span class='ocrx_word' id='word_1_528' title='bbox 1738 3497 1938 3553; x_wconf 89' lang='lat' dir='ltr'><strong>iterum</strong></span> <span class='ocrx_word' id='word_1_529' title='bbox 1964 3513 2055 3552; x_wconf 87' lang='lat' dir='ltr'><strong>eas</strong></span> 
     </span>
    </p>
   </div>
   <div class='ocr_carea' id='block_1_63' title="bbox 451 3585 2052 3658">
    <p class='ocr_par' dir='ltr' id='par_1_63' title="bbox 451 3585 2052 3658">
     <span class='ocr_line' id='line_1_64' title="bbox 451 3585 2052 3658; baseline 0.001 -16"><span class='ocrx_word' id='word_1_530' title='bbox 451 3586 632 3658; x_wconf 88' lang='lat' dir='ltr'><strong>erigit,</strong></span> <span class='ocrx_word' id='word_1_531' title='bbox 675 3585 881 3641; x_wconf 91' lang='lat' dir='ltr'><strong>dicens.</strong></span> <span class='ocrx_word' id='word_1_532' title='bbox 929 3609 955 3635; x_wconf 73' lang='grc' dir='ltr'><strong>α</strong></span> <span class='ocrx_word' id='word_1_533' title='bbox 1001 3587 1161 3642; x_wconf 85' lang='lat' dir='ltr'><strong>Nunc</strong></span> <span class='ocrx_word' id='word_1_534' title='bbox 1190 3585 1522 3658; x_wconf 88' lang='lat' dir='ltr'><strong>gloriﬁcatus</strong></span> <span class='ocrx_word' id='word_1_535' title='bbox 1561 3595 1649 3642; x_wconf 88' lang='lat' dir='ltr'><strong>est</strong></span> <span class='ocrx_word' id='word_1_536' title='bbox 1673 3586 1843 3643; x_wconf 89' lang='lat' dir='ltr'><strong>Filius</strong></span> <span class='ocrx_word' id='word_1_537' title='bbox 1873 3587 2052 3643; x_wconf 90' lang='lat' dir='ltr'><strong>homi-</strong></span> 
     </span>
    </p>
   </div>
   <div class='ocr_carea' id='block_1_64' title="bbox 452 3673 2054 3749">
    <p class='ocr_par' dir='ltr' id='par_1_64' title="bbox 452 3673 2054 3749">
     <span class='ocr_line' id='line_1_65' title="bbox 452 3673 2054 3749; baseline 0.001 -17"><span class='ocrx_word' id='word_1_538' title='bbox 452 3676 562 3732; x_wconf 90' lang='lat' dir='ltr'><strong>nis.</strong></span> <span class='ocrx_word' id='word_1_539' title='bbox 597 3699 624 3725; x_wconf 70' lang='grc' dir='ltr'>ι»</span> <span class='ocrx_word' id='word_1_540' title='bbox 649 3679 827 3732; x_wconf 91' lang='lat' dir='ltr'><strong>Docet</strong></span> <span class='ocrx_word' id='word_1_541' title='bbox 853 3676 1000 3732; x_wconf 92' lang='lat' dir='ltr'><strong>enim</strong></span> <span class='ocrx_word' id='word_1_542' title='bbox 1028 3691 1124 3732; x_wconf 87' lang='lat' dir='ltr'><strong>eos</strong></span> <span class='ocrx_word' id='word_1_543' title='bbox 1149 3692 1263 3732; x_wconf 92' lang='lat' dir='ltr'><strong>non</strong></span> <span class='ocrx_word' id='word_1_544' title='bbox 1289 3692 1550 3744; x_wconf 89' lang='lat' dir='ltr'><strong>moerere,</strong></span> <span class='ocrx_word' id='word_1_545' title='bbox 1581 3675 1679 3734; x_wconf 92' lang='lat' dir='ltr'><strong>sed</strong></span> <span class='ocrx_word' id='word_1_546' title='bbox 1717 3673 1897 3749; x_wconf 87' lang='lat' dir='ltr'><strong>magis</strong></span> <span class='ocrx_word' id='word_1_547' title='bbox 1925 3692 2054 3749; x_wconf 88' lang='lat' dir='ltr'><strong>gau-</strong></span> 
     </span>
    </p>
   </div>
   <div class='ocr_carea' id='block_1_65' title="bbox 451 3764 2056 3839">
    <p class='ocr_par' dir='ltr' id='par_1_65' title="bbox 451 3764 2056 3839">
     <span class='ocr_line' id='line_1_66' title="bbox 451 3764 2056 3839; baseline 0 -16"><span class='ocrx_word' id='word_1_548' title='bbox 451 3764 598 3823; x_wconf 87' lang='lat' dir='ltr'><strong>dere.</strong></span> <span class='ocrx_word' id='word_1_549' title='bbox 634 3766 824 3823; x_wconf 86' lang='lat' dir='ltr'><strong>Gloria</strong></span> <span class='ocrx_word' id='word_1_550' title='bbox 871 3767 1020 3822; x_wconf 90' lang='lat' dir='ltr'><strong>enim</strong></span> <span class='ocrx_word' id='word_1_551' title='bbox 1068 3774 1151 3822; x_wconf 88' lang='lat' dir='ltr'><strong>est</strong></span> <span class='ocrx_word' id='word_1_552' title='bbox 1197 3766 1321 3836; x_wconf 88' lang='lat' dir='ltr'><strong>hoc,</strong></span> <span class='ocrx_word' id='word_1_553' title='bbox 1372 3766 1484 3838; x_wconf 89' lang='lat' dir='ltr'><strong>ipsa</strong></span> <span class='ocrx_word' id='word_1_554' title='bbox 1517 3767 1696 3839; x_wconf 90' lang='lat' dir='ltr'><strong>passio</strong></span> <span class='ocrx_word' id='word_1_555' title='bbox 1743 3767 1970 3838; x_wconf 87' lang='lat' dir='ltr'><strong>scilicet,</strong></span> <span class='ocrx_word' id='word_1_556' title='bbox 2000 3774 2056 3823; x_wconf 90' lang='lat' dir='ltr'><strong>et</strong></span> 
     </span>
    </p>
   </div>
   <div class='ocr_carea' id='block_1_66' title="bbox 449 3855 2050 3929">
    <p class='ocr_par' dir='ltr' id='par_1_66' title="bbox 449 3855 2050 3929">
     <span class='ocr_line' id='line_1_67' title="bbox 449 3855 2050 3929; baseline 0.001 -17"><span class='ocrx_word' id='word_1_557' title='bbox 449 3855 600 3929; x_wconf 91' lang='lat' dir='ltr'><strong>quod</strong></span> <span class='ocrx_word' id='word_1_558' title='bbox 623 3872 720 3928; x_wconf 92' lang='lat' dir='ltr'><strong>per</strong></span> <span class='ocrx_word' id='word_1_559' title='bbox 741 3855 1107 3929; x_wconf 91' lang='lat' dir='ltr'><strong>ignominiosa</strong></span> <span class='ocrx_word' id='word_1_560' title='bbox 1134 3855 1453 3913; x_wconf 89' lang='lat' dir='ltr'><strong>hominibus</strong></span> <span class='ocrx_word' id='word_1_561' title='bbox 1484 3855 1662 3913; x_wconf 91' lang='lat' dir='ltr'><strong>honor</strong></span> <span class='ocrx_word' id='word_1_562' title='bbox 1699 3857 2050 3913; x_wconf 90' lang='lat' dir='ltr'><strong>conciliatur.</strong></span> 
     </span>
    </p>
   </div>
   <div class='ocr_carea' id='block_1_67' title="bbox 448 3945 2050 4020">
    <p class='ocr_par' dir='ltr' id='par_1_67' title="bbox 448 3945 2050 4020">
     <span class='ocr_line' id='line_1_68' title="bbox 448 3945 2050 4020; baseline 0 -19"><span class='ocrx_word' id='word_1_563' title='bbox 448 3947 519 4001; x_wconf 90' lang='lat' dir='ltr'><strong>Et</strong></span> <span class='ocrx_word' id='word_1_564' title='bbox 561 3945 740 4015; x_wconf 85' lang='lat' dir='ltr'><strong>aliter,</strong></span> <span class='ocrx_word' id='word_1_565' title='bbox 782 3949 885 4002; x_wconf 88' lang='lat' dir='ltr'><strong>Per</strong></span> <span class='ocrx_word' id='word_1_566' title='bbox 923 3945 1187 4002; x_wconf 90' lang='lat' dir='ltr'><strong>miracula</strong></span> <span class='ocrx_word' id='word_1_567' title='bbox 1233 3948 1290 4002; x_wconf 91' lang='lat' dir='ltr'><strong>in</strong></span> <span class='ocrx_word' id='word_1_568' title='bbox 1336 3961 1499 4002; x_wconf 90' lang='lat' dir='ltr'><strong>cruce</strong></span> <span class='ocrx_word' id='word_1_569' title='bbox 1553 3947 1896 4020; x_wconf 83' lang='lat' dir='ltr'><strong>gloriﬁcatus</strong></span> <span class='ocrx_word' id='word_1_570' title='bbox 1947 3955 2050 4015; x_wconf 89' lang='lat' dir='ltr'><strong>est,</strong></span> 
     </span>
    </p>
   </div>
   <div class='ocr_carea' id='block_1_68' title="bbox 445 4035 2055 4107">
    <p class='ocr_par' dir='ltr' id='par_1_68' title="bbox 445 4035 2055 4107">
     <span class='ocr_line' id='line_1_69' title="bbox 445 4035 2055 4107; baseline 0.001 -17"><span class='ocrx_word' id='word_1_571' title='bbox 445 4035 564 4090; x_wconf 87' lang='lat' dir='ltr'><strong>sole</strong></span> <span class='ocrx_word' id='word_1_572' title='bbox 609 4035 896 4103; x_wconf 86' lang='lat' dir='ltr'><strong>exstincto,</strong></span> <span class='ocrx_word' id='word_1_573' title='bbox 951 4036 1122 4105; x_wconf 90' lang='lat' dir='ltr'><strong>petris</strong></span> <span class='ocrx_word' id='word_1_574' title='bbox 1171 4035 1372 4105; x_wconf 88' lang='lat' dir='ltr'><strong>ruptis,</strong></span> <span class='ocrx_word' id='word_1_575' title='bbox 1425 4035 1544 4090; x_wconf 88' lang='lat' dir='ltr'><strong>velo</strong></span> <span class='ocrx_word' id='word_1_576' title='bbox 1583 4036 1782 4104; x_wconf 91' lang='lat' dir='ltr'><strong>scisso,</strong></span> <span class='ocrx_word' id='word_1_577' title='bbox 1827 4035 2055 4107; x_wconf 89' lang='lat' dir='ltr'><strong>aliisque</strong></span> 
     </span>
    </p>
   </div>
   <div class='ocr_carea' id='block_1_69' title="bbox 448 4123 2056 4196">
    <p class='ocr_par' dir='ltr' id='par_1_69' title="bbox 448 4123 2056 4196">
     <span class='ocr_line' id='line_1_70' title="bbox 448 4123 2056 4196; baseline 0.001 -17"><span class='ocrx_word' id='word_1_578' title='bbox 448 4123 799 4179; x_wconf 87' lang='lat' dir='ltr'><strong>mirabilibus</strong></span> <span class='ocrx_word' id='word_1_579' title='bbox 841 4123 1000 4178; x_wconf 81' lang='lat' dir='ltr'><strong>factis</strong></span> <span class='ocrx_word' id='word_1_580' title='bbox 1053 4145 1064 4179; x_wconf 93' lang='lat'>:</span> <span class='ocrx_word' id='word_1_581' title='bbox 1107 4124 1389 4193; x_wconf 89' lang='lat' dir='ltr'><strong>quomodo</strong></span> <span class='ocrx_word' id='word_1_582' title='bbox 1419 4132 1603 4178; x_wconf 90' lang='lat' dir='ltr'><strong>autem</strong></span> <span class='ocrx_word' id='word_1_583' title='bbox 1650 4146 1676 4172; x_wconf 74' lang='grc' dir='ltr'><strong>ι</strong></span> <span class='ocrx_word' id='word_1_584' title='bbox 1728 4125 2056 4196; x_wconf 82' lang='lat' dir='ltr'><strong>gloriﬁcabit</strong></span> 
     </span>
    </p>
   </div>
   <div class='ocr_carea' id='block_1_70' title="bbox 452 4211 2055 4285">
    <p class='ocr_par' dir='ltr' id='par_1_70' title="bbox 452 4211 2055 4285">
     <span class='ocr_line' id='line_1_71' title="bbox 452 4211 2055 4285; baseline 0.001 -17"><span class='ocrx_word' id='word_1_585' title='bbox 452 4217 606 4268; x_wconf 90' lang='lat' dir='ltr'><strong>Deus</strong></span> <span class='ocrx_word' id='word_1_586' title='bbox 646 4212 850 4267; x_wconf 91' lang='lat' dir='ltr'><strong>Filium</strong></span> <span class='ocrx_word' id='word_1_587' title='bbox 891 4211 948 4266; x_wconf 92' lang='lat' dir='ltr'><strong>in</strong></span> <span class='ocrx_word' id='word_1_588' title='bbox 975 4211 1186 4282; x_wconf 83' lang='lat' dir='ltr'><strong>seipso?</strong></span> <span class='ocrx_word' id='word_1_589' title='bbox 1221 4216 1342 4268; x_wconf 84' lang='lat' dir='ltr'><strong>Hoc</strong></span> <span class='ocrx_word' id='word_1_590' title='bbox 1385 4220 1488 4280; x_wconf 88' lang='lat' dir='ltr'><strong>est,</strong></span> <span class='ocrx_word' id='word_1_591' title='bbox 1522 4229 1621 4284; x_wconf 90' lang='lat' dir='ltr'><strong>per</strong></span> <span class='ocrx_word' id='word_1_592' title='bbox 1649 4213 1913 4285; x_wconf 91' lang='lat' dir='ltr'><strong>seipsum,</strong></span> <span class='ocrx_word' id='word_1_593' title='bbox 1939 4229 2055 4270; x_wconf 93' lang='lat' dir='ltr'><strong>non</strong></span> 
     </span>
    </p>
   </div>
   <div class='ocr_carea' id='block_1_71' title="bbox 451 4301 2055 4380">
    <p class='ocr_par' dir='ltr' id='par_1_71' title="bbox 451 4301 2055 4380">
     <span class='ocr_line' id='line_1_72' title="bbox 451 4301 2055 4380; baseline 0.002 -24"><span class='ocrx_word' id='word_1_594' title='bbox 451 4317 548 4373; x_wconf 90' lang='lat' dir='ltr'><strong>per</strong></span> <span class='ocrx_word' id='word_1_595' title='bbox 571 4301 766 4369; x_wconf 91' lang='lat' dir='ltr'><strong>alium,</strong></span> <span class='ocrx_word' id='word_1_596' title='bbox 794 4316 903 4356; x_wconf 94' lang='lat' dir='ltr'><strong>non</strong></span> <span class='ocrx_word' id='word_1_597' title='bbox 931 4317 1029 4372; x_wconf 89' lang='lat' dir='ltr'><strong>per</strong></span> <span class='ocrx_word' id='word_1_598' title='bbox 1067 4301 1287 4380; x_wconf 75' lang='lat' dir='ltr'><strong>angelos</strong></span> <span class='ocrx_word' id='word_1_599' title='bbox 1321 4308 1374 4357; x_wconf 88' lang='lat' dir='ltr'><strong>et</strong></span> <span class='ocrx_word' id='word_1_600' title='bbox 1398 4301 1776 4374; x_wconf 90' lang='lat' dir='ltr'><strong>archangelos,</strong></span> <span class='ocrx_word' id='word_1_601' title='bbox 1813 4319 1926 4358; x_wconf 93' lang='lat' dir='ltr'><strong>non</strong></span> <span class='ocrx_word' id='word_1_602' title='bbox 1957 4319 2055 4375; x_wconf 89' lang='lat' dir='ltr'><strong>per</strong></span> 
     </span>
    </p>
   </div>
   <div class='ocr_carea' id='block_1_72' title="bbox 452 4390 2052 4466">
    <p class='ocr_par' dir='ltr' id='par_1_72' title="bbox 452 4390 2052 4466">
     <span class='ocr_line' id='line_1_73' title="bbox 452 4390 2052 4466; baseline 0.002 -19"><span class='ocrx_word' id='word_1_603' title='bbox 452 4390 586 4448; x_wconf 89' lang='lat' dir='ltr'><strong>alias</strong></span> <span class='ocrx_word' id='word_1_604' title='bbox 617 4390 868 4459; x_wconf 89' lang='lat' dir='ltr'><strong>virtutes,</strong></span> <span class='ocrx_word' id='word_1_605' title='bbox 909 4390 1006 4447; x_wconf 90' lang='lat' dir='ltr'><strong>sed</strong></span> <span class='ocrx_word' id='word_1_606' title='bbox 1048 4406 1142 4462; x_wconf 90' lang='lat' dir='ltr'><strong>per</strong></span> <span class='ocrx_word' id='word_1_607' title='bbox 1169 4390 1426 4462; x_wconf 91' lang='lat' dir='ltr'><strong>seipsum.</strong></span> <span class='ocrx_word' id='word_1_608' title='bbox 1473 4393 1674 4448; x_wconf 90' lang='lat' dir='ltr'><strong>Omnia</strong></span> <span class='ocrx_word' id='word_1_609' title='bbox 1724 4391 1872 4448; x_wconf 90' lang='lat' dir='ltr'><strong>enim</strong></span> <span class='ocrx_word' id='word_1_610' title='bbox 1916 4408 2052 4466; x_wconf 81' lang='lat' dir='ltr'><strong>ope-</strong></span> 
     </span>
    </p>
   </div>
   <div class='ocr_carea' id='block_1_73' title="bbox 449 4479 2049 4554">
    <p class='ocr_par' dir='ltr' id='par_1_73' title="bbox 449 4479 2049 4554">
     <span class='ocr_line' id='line_1_74' title="bbox 449 4479 2049 4554; baseline 0.003 -19"><span class='ocrx_word' id='word_1_611' title='bbox 449 4489 604 4536; x_wconf 88' lang='lat' dir='ltr'><strong>ratus</strong></span> <span class='ocrx_word' id='word_1_612' title='bbox 649 4489 731 4537; x_wconf 89' lang='lat' dir='ltr'><strong>est</strong></span> <span class='ocrx_word' id='word_1_613' title='bbox 780 4479 848 4536; x_wconf 91' lang='lat' dir='ltr'><strong>ad</strong></span> <span class='ocrx_word' id='word_1_614' title='bbox 895 4479 1125 4553; x_wconf 87' lang='lat' dir='ltr'><strong>gloriam</strong></span> <span class='ocrx_word' id='word_1_615' title='bbox 1182 4481 1323 4537; x_wconf 90' lang='lat' dir='ltr'><strong>Filii.</strong></span> <span class='ocrx_word' id='word_1_616' title='bbox 1381 4498 1409 4533; x_wconf 78' lang='grc' dir='ltr'>ι(</span> <span class='ocrx_word' id='word_1_617' title='bbox 1459 4482 1734 4538; x_wconf 89' lang='lat' dir='ltr'><strong>Continuo</strong></span> <span class='ocrx_word' id='word_1_618' title='bbox 1782 4505 1809 4532; x_wconf 77' lang='grc' dir='ltr'><strong>ιι</strong></span> <span class='ocrx_word' id='word_1_619' title='bbox 1866 4483 2049 4554; x_wconf 87' lang='lat' dir='ltr'><strong>igitur,</strong></span> 
     </span>
    </p>
   </div>
   <div class='ocr_carea' id='block_1_74' title="bbox 2257 3125 3767 3208">
    <p class='ocr_par' dir='ltr' id='par_1_74' title="bbox 2257 3125 3767 3208">
     <span class='ocr_line' id='line_1_75' title="bbox 2257 3125 3767 3208; baseline -0.003 -19"><span class='ocrx_word' id='word_1_620' title='bbox 2257 3128 2499 3208; x_wconf 68' lang='grc' dir='ltr'>‹‹”Λέγει</span> <span class='ocrx_word' id='word_1_621' title='bbox 2550 3133 2578 3190; x_wconf 90' lang='lat'><strong>6</strong></span> <span class='ocrx_word' id='word_1_622' title='bbox 2625 3131 2865 3202; x_wconf 74' lang='grc' dir='ltr'>Ἰησοῦςο</span> <span class='ocrx_word' id='word_1_623' title='bbox 2917 3132 3031 3191; x_wconf 85' lang='grc' dir='ltr'><strong>Νῦν</strong></span> <span class='ocrx_word' id='word_1_624' title='bbox 3093 3125 3348 3199; x_wconf 77' lang='grc' dir='ltr'>ἐδοξάσθη</span> <span class='ocrx_word' id='word_1_625' title='bbox 3401 3127 3430 3185; x_wconf 90' lang='lat'><strong>6</strong></span> <span class='ocrx_word' id='word_1_626' title='bbox 3493 3125 3618 3194; x_wconf 82' lang='grc' dir='ltr'>Υἱὸς</span> <span class='ocrx_word' id='word_1_627' title='bbox 3673 3129 3767 3184; x_wconf 90' lang='grc' dir='ltr'><strong>τοῦ</strong></span> 
     </span>
    </p>
   </div>
   <div class='ocr_carea' id='block_1_75' title="bbox 2166 3216 3771 3302">
    <p class='ocr_par' dir='ltr' id='par_1_75' title="bbox 2166 3216 3771 3302">
     <span class='ocr_line' id='line_1_76' title="bbox 2166 3216 3771 3302; baseline -0.002 -23"><span class='ocrx_word' id='word_1_628' title='bbox 2166 3219 2474 3302; x_wconf 80' lang='grc' dir='ltr'>ἀνθρώπου,</span> <span class='ocrx_word' id='word_1_629' title='bbox 2561 3221 2654 3280; x_wconf 81' lang='grc' dir='ltr'><strong>καὶ</strong></span> <span class='ocrx_word' id='word_1_630' title='bbox 2731 3224 2759 3279; x_wconf 88' lang='lat'><strong>6</strong></span> <span class='ocrx_word' id='word_1_631' title='bbox 2833 3218 2973 3286; x_wconf 82' lang='grc' dir='ltr'>Θεὸς</span> <span class='ocrx_word' id='word_1_632' title='bbox 3031 3216 3287 3290; x_wconf 78' lang='grc' dir='ltr'>ἐδοξάσθη</span> <span class='ocrx_word' id='word_1_633' title='bbox 3361 3217 3413 3274; x_wconf 78' lang='grc' dir='ltr'><strong>ἐν</strong></span> <span class='ocrx_word' id='word_1_634' title='bbox 3475 3218 3636 3294; x_wconf 82' lang='grc' dir='ltr'>αὐτῷ.</span> <span class='ocrx_word' id='word_1_635' title='bbox 3702 3218 3771 3277; x_wconf 78' lang='grc' dir='ltr'>Εἰ</span> 
     </span>
    </p>
   </div>
   <div class='ocr_carea' id='block_1_76' title="bbox 2165 3305 3772 3390">
    <p class='ocr_par' dir='ltr' id='par_1_76' title="bbox 2165 3305 3772 3390">
     <span class='ocr_line' id='line_1_77' title="bbox 2165 3305 3772 3390; baseline -0.004 -20"><span class='ocrx_word' id='word_1_636' title='bbox 2165 3313 2193 3370; x_wconf 91' lang='lat'><strong>6</strong></span> <span class='ocrx_word' id='word_1_637' title='bbox 2246 3310 2383 3377; x_wconf 89' lang='grc' dir='ltr'>Θεὸς</span> <span class='ocrx_word' id='word_1_638' title='bbox 2452 3308 2711 3383; x_wconf 81' lang='grc' dir='ltr'>ἐδοξάσθη</span> <span class='ocrx_word' id='word_1_639' title='bbox 2779 3311 2834 3370; x_wconf 81' lang='grc' dir='ltr'>ἐν</span> <span class='ocrx_word' id='word_1_640' title='bbox 2892 3311 3069 3390; x_wconf 74' lang='grc' dir='ltr'>αὐτῷ,</span> <span class='ocrx_word' id='word_1_641' title='bbox 3128 3307 3220 3366; x_wconf 86' lang='grc' dir='ltr'><strong>καὶ</strong></span> <span class='ocrx_word' id='word_1_642' title='bbox 3279 3310 3308 3366; x_wconf 90' lang='lat'><strong>6</strong></span> <span class='ocrx_word' id='word_1_643' title='bbox 3367 3305 3504 3372; x_wconf 83' lang='grc' dir='ltr'>Θεὸς</span> <span class='ocrx_word' id='word_1_644' title='bbox 3562 3305 3772 3373; x_wconf 80' lang='grc' dir='ltr'>δοξάσει</span> 
     </span>
    </p>
   </div>
   <div class='ocr_carea' id='block_1_77' title="bbox 2166 3394 3768 3481">
    <p class='ocr_par' dir='ltr' id='par_1_77' title="bbox 2166 3394 3768 3481">
     <span class='ocr_line' id='line_1_78' title="bbox 2166 3394 3768 3481; baseline -0.003 -23"><span class='ocrx_word' id='word_1_645' title='bbox 2166 3399 2322 3459; x_wconf 79' lang='grc' dir='ltr'>αὐτὸν</span> <span class='ocrx_word' id='word_1_646' title='bbox 2358 3401 2411 3459; x_wconf 85' lang='grc' dir='ltr'><strong>ἐν</strong></span> <span class='ocrx_word' id='word_1_647' title='bbox 2443 3402 2637 3481; x_wconf 81' lang='grc' dir='ltr'>ἑαυτῷ,</span> <span class='ocrx_word' id='word_1_648' title='bbox 2672 3397 2762 3458; x_wconf 70' lang='grc' dir='ltr'>καὶ</span> <span class='ocrx_word' id='word_1_649' title='bbox 2793 3397 2942 3466; x_wconf 80' lang='grc' dir='ltr'>εὐθὺς</span> <span class='ocrx_word' id='word_1_650' title='bbox 2972 3397 3181 3468; x_wconf 85' lang='grc' dir='ltr'>δοξάσει</span> <span class='ocrx_word' id='word_1_651' title='bbox 3235 3394 3415 3456; x_wconf 77' lang='grc' dir='ltr'>αὐτόν.</span> <span class='ocrx_word' id='word_1_652' title='bbox 3453 3417 3481 3453; x_wconf 84' lang='grc'><strong>››</strong></span> <span class='ocrx_word' id='word_1_653' title='bbox 3540 3394 3768 3468; x_wconf 85' lang='grc' dir='ltr'>Ἐπειδὴ</span> 
     </span>
    </p>
   </div>
   <div class='ocr_carea' id='block_1_78' title="bbox 2165 3484 3770 3567">
    <p class='ocr_par' dir='ltr' id='par_1_78' title="bbox 2165 3484 3770 3567">
     <span class='ocr_line' id='line_1_79' title="bbox 2165 3484 3770 3567; baseline -0.002 -18"><span class='ocrx_word' id='word_1_654' title='bbox 2165 3489 2456 3549; x_wconf 85' lang='grc' dir='ltr'>κατέπεσον</span> <span class='ocrx_word' id='word_1_655' title='bbox 2502 3494 2610 3550; x_wconf 88' lang='grc' dir='ltr'><strong>τῶν</strong></span> <span class='ocrx_word' id='word_1_656' title='bbox 2643 3492 2892 3567; x_wconf 84' lang='grc' dir='ltr'>μαθητῶν</span> <span class='ocrx_word' id='word_1_657' title='bbox 2937 3492 2986 3548; x_wconf 76' lang='grc' dir='ltr'>οἱ</span> <span class='ocrx_word' id='word_1_658' title='bbox 3034 3486 3309 3567; x_wconf 88' lang='grc' dir='ltr'>λογισμοί·</span> <span class='ocrx_word' id='word_1_659' title='bbox 3351 3508 3380 3544; x_wconf 90' lang='grc'><strong>(‹</strong></span> <span class='ocrx_word' id='word_1_660' title='bbox 3422 3488 3533 3546; x_wconf 86' lang='grc' dir='ltr'><strong>Νῦν</strong></span> <span class='ocrx_word' id='word_1_661' title='bbox 3583 3484 3770 3554; x_wconf 83' lang='grc' dir='ltr'>ἐδοξά-</span> 
     </span>
    </p>
   </div>
   <div class='ocr_carea' id='block_1_79' title="bbox 2165 3572 3770 3660">
    <p class='ocr_par' dir='ltr' id='par_1_79' title="bbox 2165 3572 3770 3660">
     <span class='ocr_line' id='line_1_80' title="bbox 2165 3572 3770 3660; baseline -0.005 -20"><span class='ocrx_word' id='word_1_662' title='bbox 2165 3585 2265 3653; x_wconf 90' lang='grc' dir='ltr'><strong>σθη</strong></span> <span class='ocrx_word' id='word_1_663' title='bbox 2320 3584 2349 3640; x_wconf 91' lang='lat'><strong>6</strong></span> <span class='ocrx_word' id='word_1_664' title='bbox 2404 3579 2534 3648; x_wconf 77' lang='grc' dir='ltr'>Υἱὸς</span> <span class='ocrx_word' id='word_1_665' title='bbox 2583 3583 2678 3639; x_wconf 90' lang='grc' dir='ltr'><strong>τοῦ</strong></span> <span class='ocrx_word' id='word_1_666' title='bbox 2730 3577 3046 3660; x_wconf 81' lang='grc' dir='ltr'>ἀνθρώπου,</span> <span class='ocrx_word' id='word_1_667' title='bbox 3107 3598 3138 3635; x_wconf 78' lang='lat' dir='ltr'><strong>n</strong></span> <span class='ocrx_word' id='word_1_668' title='bbox 3211 3577 3420 3655; x_wconf 86' lang='grc' dir='ltr'>λέγων,</span> <span class='ocrx_word' id='word_1_669' title='bbox 3492 3572 3770 3648; x_wconf 87' lang='grc' dir='ltr'>διανίστη-</span> 
     </span>
    </p>
   </div>
   <div class='ocr_carea' id='block_1_80' title="bbox 2164 3663 3768 3749">
    <p class='ocr_par' dir='ltr' id='par_1_80' title="bbox 2164 3663 3768 3749">
     <span class='ocr_line' id='line_1_81' title="bbox 2164 3663 3768 3749; baseline -0.004 -21"><span class='ocrx_word' id='word_1_670' title='bbox 2164 3691 2248 3728; x_wconf 90' lang='grc' dir='ltr'>σιν</span> <span class='ocrx_word' id='word_1_671' title='bbox 2299 3666 2507 3736; x_wconf 79' lang='grc' dir='ltr'>αὖτούς.</span> <span class='ocrx_word' id='word_1_672' title='bbox 2562 3670 2744 3730; x_wconf 83' lang='grc' dir='ltr'>Πείθει</span> <span class='ocrx_word' id='word_1_673' title='bbox 2783 3669 2886 3749; x_wconf 74' lang='grc' dir='ltr'><strong>γὰρ</strong></span> <span class='ocrx_word' id='word_1_674' title='bbox 2927 3665 3116 3734; x_wconf 74' lang='grc' dir='ltr'>αὐτοὺς</span> <span class='ocrx_word' id='word_1_675' title='bbox 3165 3665 3240 3743; x_wconf 78' lang='grc' dir='ltr'><strong>μὴ</strong></span> <span class='ocrx_word' id='word_1_676' title='bbox 3282 3672 3578 3747; x_wconf 77' lang='grc' dir='ltr'>κατηφιᾷν,</span> <span class='ocrx_word' id='word_1_677' title='bbox 3628 3663 3768 3721; x_wconf 76' lang='grc' dir='ltr'>ἀλλὰ</span> 
     </span>
    </p>
   </div>
   <div class='ocr_carea' id='block_1_81' title="bbox 2165 3754 3769 3840">
    <p class='ocr_par' dir='ltr' id='par_1_81' title="bbox 2165 3754 3769 3840">
     <span class='ocr_line' id='line_1_82' title="bbox 2165 3754 3769 3840; baseline -0.004 -23"><span class='ocrx_word' id='word_1_678' title='bbox 2165 3761 2368 3837; x_wconf 84' lang='grc' dir='ltr'>μᾶλλον</span> <span class='ocrx_word' id='word_1_679' title='bbox 2420 3757 2648 3840; x_wconf 88' lang='grc' dir='ltr'>χαίρειν.</span> <span class='ocrx_word' id='word_1_680' title='bbox 2703 3756 2844 3826; x_wconf 83' lang='grc' dir='ltr'>Δόξα</span> <span class='ocrx_word' id='word_1_681' title='bbox 2897 3757 3001 3837; x_wconf 91' lang='grc' dir='ltr'><strong>γάρ</strong></span> <span class='ocrx_word' id='word_1_682' title='bbox 3071 3759 3187 3816; x_wconf 76' lang='grc' dir='ltr'>ἔστι</span> <span class='ocrx_word' id='word_1_683' title='bbox 3238 3757 3428 3832; x_wconf 57' lang='grc' dir='ltr'>τοῦτοξ,</span> <span class='ocrx_word' id='word_1_684' title='bbox 3477 3754 3537 3812; x_wconf 90' lang='grc' dir='ltr'><strong>τὸ</strong></span> <span class='ocrx_word' id='word_1_685' title='bbox 3580 3757 3769 3811; x_wconf 83' lang='grc' dir='ltr'>παθεῖν</span> 
     </span>
    </p>
   </div>
   <div class='ocr_carea' id='block_1_82' title="bbox 2165 3843 3767 3925">
    <p class='ocr_par' dir='ltr' id='par_1_82' title="bbox 2165 3843 3767 3925">
     <span class='ocr_line' id='line_1_83' title="bbox 2165 3843 3767 3925; baseline -0.002 -19"><span class='ocrx_word' id='word_1_686' title='bbox 2165 3848 2404 3922; x_wconf 79' lang='grc' dir='ltr'>δηλαδὴ,</span> <span class='ocrx_word' id='word_1_687' title='bbox 2450 3849 2542 3908; x_wconf 75' lang='grc' dir='ltr'><strong>καὶ</strong></span> <span class='ocrx_word' id='word_1_688' title='bbox 2598 3846 2684 3906; x_wconf 74' lang='grc' dir='ltr'><strong>διὰ</strong></span> <span class='ocrx_word' id='word_1_689' title='bbox 2734 3852 2839 3907; x_wconf 90' lang='grc' dir='ltr'><strong>τῶν</strong></span> <span class='ocrx_word' id='word_1_690' title='bbox 2897 3847 3102 3925; x_wconf 78' lang='grc' dir='ltr'>ἀτίμων</span> <span class='ocrx_word' id='word_1_691' title='bbox 3171 3845 3332 3923; x_wconf 83' lang='grc' dir='ltr'>τιμὴν</span> <span class='ocrx_word' id='word_1_692' title='bbox 3390 3851 3498 3911; x_wconf 90' lang='grc' dir='ltr'>τοῖς</span> <span class='ocrx_word' id='word_1_693' title='bbox 3552 3843 3767 3923; x_wconf 80' lang='grc' dir='ltr'>ἀνθρώ-</span> 
     </span>
    </p>
   </div>
   <div class='ocr_carea' id='block_1_83' title="bbox 2163 3933 3767 4018">
    <p class='ocr_par' dir='ltr' id='par_1_83' title="bbox 2163 3933 3767 4018">
     <span class='ocr_line' id='line_1_84' title="bbox 2163 3933 3767 4018; baseline -0.004 -21"><span class='ocrx_word' id='word_1_694' title='bbox 2163 3961 2283 4006; x_wconf 90' lang='grc' dir='ltr'>ποις</span> <span class='ocrx_word' id='word_1_695' title='bbox 2311 3936 2652 4018; x_wconf 80' lang='grc' dir='ltr'>προξενῆσαι.</span> <span class='ocrx_word' id='word_1_696' title='bbox 2691 3936 2799 3996; x_wconf 72' lang='grc' dir='ltr'>Καὶ</span> <span class='ocrx_word' id='word_1_697' title='bbox 2843 3935 3020 4004; x_wconf 83' lang='grc' dir='ltr'>ἄλλως</span> <span class='ocrx_word' id='word_1_698' title='bbox 3048 3934 3124 3994; x_wconf 76' lang='grc' dir='ltr'>δέ’</span> <span class='ocrx_word' id='word_1_699' title='bbox 3165 3934 3268 3995; x_wconf 80' lang='grc' dir='ltr'>Διὰ</span> <span class='ocrx_word' id='word_1_700' title='bbox 3303 3933 3371 3992; x_wconf 81' lang='grc' dir='ltr'><strong>τὰ</strong></span> <span class='ocrx_word' id='word_1_701' title='bbox 3401 3935 3454 3992; x_wconf 75' lang='grc' dir='ltr'><strong>ἐν</strong></span> <span class='ocrx_word' id='word_1_702' title='bbox 3485 3935 3560 4012; x_wconf 80' lang='grc' dir='ltr'><strong>τῷ</strong></span> <span class='ocrx_word' id='word_1_703' title='bbox 3600 3955 3767 3991; x_wconf 77' lang='grc' dir='ltr'>σταυο</span> 
     </span>
    </p>
   </div>
   <div class='ocr_carea' id='block_1_84' title="bbox 2168 4021 3765 4107">
    <p class='ocr_par' dir='ltr' id='par_1_84' title="bbox 2168 4021 3765 4107">
     <span class='ocr_line' id='line_1_85' title="bbox 2168 4021 3765 4107; baseline -0.004 -22"><span class='ocrx_word' id='word_1_704' title='bbox 2168 4029 2243 4107; x_wconf 83' lang='grc' dir='ltr'><strong>ρῷ</strong></span> <span class='ocrx_word' id='word_1_705' title='bbox 2297 4027 2548 4102; x_wconf 83' lang='grc' dir='ltr'>θαύματα</span> <span class='ocrx_word' id='word_1_706' title='bbox 2605 4025 2894 4104; x_wconf 76' lang='grc' dir='ltr'>ἐδοξάσθη,</span> <span class='ocrx_word' id='word_1_707' title='bbox 2946 4025 3097 4098; x_wconf 75' lang='grc' dir='ltr'>ἡλίου</span> <span class='ocrx_word' id='word_1_708' title='bbox 3149 4021 3493 4095; x_wconf 75' lang='grc' dir='ltr'>σϐεσθέντος,</span> <span class='ocrx_word' id='word_1_709' title='bbox 3552 4025 3765 4103; x_wconf 87' lang='grc' dir='ltr'>πετρῶν</span> 
     </span>
    </p>
   </div>
   <div class='ocr_carea' id='block_1_85' title="bbox 2166 4111 3766 4197">
    <p class='ocr_par' dir='ltr' id='par_1_85' title="bbox 2166 4111 3766 4197">
     <span class='ocr_line' id='line_1_86' title="bbox 2166 4111 3766 4197; baseline -0.004 -23"><span class='ocrx_word' id='word_1_710' title='bbox 2166 4119 2458 4197; x_wconf 78' lang='grc' dir='ltr'>ῥαγεισῶν,</span> <span class='ocrx_word' id='word_1_711' title='bbox 2487 4120 2579 4174; x_wconf 91' lang='grc' dir='ltr'><strong>τοῦ</strong></span> <span class='ocrx_word' id='word_1_712' title='bbox 2628 4115 3112 4194; x_wconf 88' lang='grc' dir='ltr'>καταπετάσματος</span> <span class='ocrx_word' id='word_1_713' title='bbox 3155 4112 3494 4194; x_wconf 87' lang='grc' dir='ltr'>σχισθέντος,</span> <span class='ocrx_word' id='word_1_714' title='bbox 3529 4111 3622 4170; x_wconf 76' lang='grc' dir='ltr'><strong>καὶ</strong></span> <span class='ocrx_word' id='word_1_715' title='bbox 3661 4114 3766 4170; x_wconf 89' lang='grc' dir='ltr'><strong>τῶν</strong></span> 
     </span>
    </p>
   </div>
   <div class='ocr_carea' id='block_1_86' title="bbox 2166 4201 3768 4285">
    <p class='ocr_par' dir='ltr' id='par_1_86' title="bbox 2166 4201 3768 4285">
     <span class='ocr_line' id='line_1_87' title="bbox 2166 4201 3768 4285; baseline -0.003 -23"><span class='ocrx_word' id='word_1_716' title='bbox 2166 4205 2340 4264; x_wconf 83' lang='grc' dir='ltr'>ἄλλων</span> <span class='ocrx_word' id='word_1_717' title='bbox 2391 4205 2601 4264; x_wconf 87' lang='grc' dir='ltr'>πάντων</span> <span class='ocrx_word' id='word_1_718' title='bbox 2646 4203 2936 4285; x_wconf 88' lang='grc' dir='ltr'>τεραστίων</span> <span class='ocrx_word' id='word_1_719' title='bbox 2967 4202 3286 4284; x_wconf 87' lang='grc' dir='ltr'>γενομένων.</span> <span class='ocrx_word' id='word_1_720' title='bbox 3345 4205 3472 4270; x_wconf 89' lang='grc' dir='ltr'>Πῶς</span> <span class='ocrx_word' id='word_1_721' title='bbox 3521 4201 3574 4260; x_wconf 85' lang='grc' dir='ltr'>δὲ</span> <span class='ocrx_word' id='word_1_722' title='bbox 3618 4221 3647 4257; x_wconf 81' lang='grc' dir='ltr'>ι(</span> <span class='ocrx_word' id='word_1_723' title='bbox 3678 4201 3768 4258; x_wconf 86' lang='grc' dir='ltr'><strong>δο-</strong></span> 
     </span>
    </p>
   </div>
   <div class='ocr_carea' id='block_1_87' title="bbox 2164 4289 3766 4374">
    <p class='ocr_par' dir='ltr' id='par_1_87' title="bbox 2164 4289 3766 4374">
     <span class='ocr_line' id='line_1_88' title="bbox 2164 4289 3766 4374; baseline -0.003 -23"><span class='ocrx_word' id='word_1_724' title='bbox 2164 4292 2312 4362; x_wconf 84' lang='grc' dir='ltr'>ξάσει</span> <span class='ocrx_word' id='word_1_725' title='bbox 2362 4297 2390 4353; x_wconf 89' lang='lat'><strong>6</strong></span> <span class='ocrx_word' id='word_1_726' title='bbox 2441 4294 2578 4363; x_wconf 82' lang='grc' dir='ltr'>Θεὸς</span> <span class='ocrx_word' id='word_1_727' title='bbox 2629 4295 2718 4354; x_wconf 90' lang='grc' dir='ltr'><strong>τὸν</strong></span> <span class='ocrx_word' id='word_1_728' title='bbox 2752 4297 2880 4355; x_wconf 80' lang='grc' dir='ltr'>Υἱὸν</span> <span class='ocrx_word' id='word_1_729' title='bbox 2930 4296 2982 4352; x_wconf 80' lang='grc' dir='ltr'>ἐν</span> <span class='ocrx_word' id='word_1_730' title='bbox 3040 4296 3250 4374; x_wconf 70' lang='grc' dir='ltr'>ἑαυτῷ,</span> <span class='ocrx_word' id='word_1_731' title='bbox 3284 4313 3314 4350; x_wconf 76' lang='grc' dir='ltr'>ι)</span> <span class='ocrx_word' id='word_1_732' title='bbox 3353 4289 3650 4365; x_wconf 86' lang='grc' dir='ltr'>Τουτέστι,</span> <span class='ocrx_word' id='word_1_733' title='bbox 3697 4290 3766 4350; x_wconf 92' lang='grc' dir='ltr'><strong>δι’</strong></span> 
     </span>
    </p>
   </div>
   <div class='ocr_carea' id='block_1_88' title="bbox 2162 4378 3765 4465">
    <p class='ocr_par' dir='ltr' id='par_1_88' title="bbox 2162 4378 3765 4465">
     <span class='ocr_line' id='line_1_89' title="bbox 2162 4378 3765 4465; baseline -0.004 -23"><span class='ocrx_word' id='word_1_734' title='bbox 2162 4385 2389 4464; x_wconf 80' lang='grc' dir='ltr'>ἑαυτοῦ,</span> <span class='ocrx_word' id='word_1_735' title='bbox 2438 4386 2496 4443; x_wconf 84' lang='grc' dir='ltr'><strong>οὖ</strong></span> <span class='ocrx_word' id='word_1_736' title='bbox 2540 4385 2605 4442; x_wconf 89' lang='grc' dir='ltr'>δι’</span> <span class='ocrx_word' id='word_1_737' title='bbox 2639 4385 2854 4465; x_wconf 84' lang='grc' dir='ltr'>ἑτέρου,</span> <span class='ocrx_word' id='word_1_738' title='bbox 2887 4385 2944 4444; x_wconf 78' lang='grc' dir='ltr'><strong>οὗ</strong></span> <span class='ocrx_word' id='word_1_739' title='bbox 2994 4385 3062 4442; x_wconf 90' lang='grc' dir='ltr'>δι’</span> <span class='ocrx_word' id='word_1_740' title='bbox 3101 4382 3338 4462; x_wconf 82' lang='grc' dir='ltr'>ἀγγέλων</span> <span class='ocrx_word' id='word_1_741' title='bbox 3370 4380 3460 4440; x_wconf 74' lang='grc' dir='ltr'>καὶ</span> <span class='ocrx_word' id='word_1_742' title='bbox 3493 4378 3765 4460; x_wconf 60' lang='grc' dir='ltr'>ἀρχαγγέκ</span> 
     </span>
    </p>
   </div>
   <div class='ocr_carea' id='block_1_89' title="bbox 2161 4469 3764 4550">
    <p class='ocr_par' dir='ltr' id='par_1_89' title="bbox 2161 4469 3764 4550">
     <span class='ocr_line' id='line_1_90' title="bbox 2161 4469 3764 4550; baseline -0.003 -19"><span class='ocrx_word' id='word_1_743' title='bbox 2161 4474 2296 4548; x_wconf 89' lang='grc' dir='ltr'>λων,</span> <span class='ocrx_word' id='word_1_744' title='bbox 2321 4472 2439 4533; x_wconf 82' lang='grc' dir='ltr'>οὐδὲ</span> <span class='ocrx_word' id='word_1_745' title='bbox 2475 4475 2540 4532; x_wconf 87' lang='grc' dir='ltr'><strong>δι’</strong></span> <span class='ocrx_word' id='word_1_746' title='bbox 2569 4474 2736 4545; x_wconf 84' lang='grc' dir='ltr'>ἄλλης</span> <span class='ocrx_word' id='word_1_747' title='bbox 2765 4473 3036 4550; x_wconf 81' lang='grc' dir='ltr'>δυνάμεως</span> <span class='ocrx_word' id='word_1_748' title='bbox 3056 4518 3072 4544; x_wconf 93' lang='grc'><strong>,</strong></span> <span class='ocrx_word' id='word_1_749' title='bbox 3109 4471 3249 4531; x_wconf 76' lang='grc' dir='ltr'>ἀλλὰ</span> <span class='ocrx_word' id='word_1_750' title='bbox 3284 4469 3353 4530; x_wconf 88' lang='grc' dir='ltr'>δι’</span> <span class='ocrx_word' id='word_1_751' title='bbox 3378 4473 3594 4529; x_wconf 78' lang='grc' dir='ltr'>ἑαυτοῦ·</span> <span class='ocrx_word' id='word_1_752' title='bbox 3626 4469 3764 4526; x_wconf 89' lang='grc' dir='ltr'>πάν-</span> 
     </span>
    </p>
   </div>
   <div class='ocr_carea' id='block_1_90' title="bbox 445 4549 2057 4645">
    <p class='ocr_par' dir='ltr' id='par_1_90' title="bbox 445 4549 2048 4643">
     <span class='ocr_line' id='line_1_91' title="bbox 445 4549 2048 4643; baseline 0 -17"><span class='ocrx_word' id='word_1_753' title='bbox 445 4569 644 4642; x_wconf 87' lang='lat' dir='ltr'><strong>inquit,</strong></span> <span class='ocrx_word' id='word_1_754' title='bbox 683 4593 708 4619; x_wconf 76' lang='grc' dir='ltr'>«ι</span> <span class='ocrx_word' id='word_1_755' title='bbox 743 4549 1082 4643; x_wconf 73' lang='lat' dir='ltr'><strong>gloriticabit</strong></span> <span class='ocrx_word' id='word_1_756' title='bbox 1106 4587 1237 4627; x_wconf 90' lang='lat' dir='ltr'><strong>eum</strong></span> <span class='ocrx_word' id='word_1_757' title='bbox 1269 4589 1281 4626; x_wconf 90' lang='lat'>:</span> <span class='ocrx_word' id='word_1_758' title='bbox 1315 4593 1341 4618; x_wconf 78' lang='grc' dir='ltr'>ι»</span> <span class='ocrx_word' id='word_1_759' title='bbox 1370 4569 1476 4626; x_wconf 91' lang='lat' dir='ltr'><strong>hoc</strong></span> <span class='ocrx_word' id='word_1_760' title='bbox 1507 4581 1590 4626; x_wconf 89' lang='lat' dir='ltr'><strong>est</strong></span> <span class='ocrx_word' id='word_1_761' title='bbox 1617 4587 1730 4627; x_wconf 89' lang='lat' dir='ltr'><strong>non</strong></span> <span class='ocrx_word' id='word_1_762' title='bbox 1787 4549 2048 4628; x_wconf 80' lang='lat' dir='ltr'><strong>tardabit.</strong></span> 
     </span>
    </p>
   </div>
   <div class='ocr_carea' id='block_1_91' title="bbox 2164 4549 3763 4645">
    <p class='ocr_par' dir='ltr' id='par_1_91' title="bbox 2164 4549 3763 4645">
     <span class='ocr_line' id='line_1_92' title="bbox 2164 4549 3763 4645; baseline -0.005 -22"><span class='ocrx_word' id='word_1_763' title='bbox 2164 4587 2224 4623; x_wconf 86' lang='grc' dir='ltr'><strong>τα</strong></span> <span class='ocrx_word' id='word_1_764' title='bbox 2251 4563 2352 4644; x_wconf 81' lang='grc' dir='ltr'><strong>γὰρ</strong></span> <span class='ocrx_word' id='word_1_765' title='bbox 2399 4563 2594 4645; x_wconf 86' lang='grc' dir='ltr'>ἔπραξε</span> <span class='ocrx_word' id='word_1_766' title='bbox 2624 4565 2752 4645; x_wconf 82' lang='grc' dir='ltr'>πρὸς</span> <span class='ocrx_word' id='word_1_767' title='bbox 2797 4549 2948 4632; x_wconf 87' lang='grc' dir='ltr'>δόξαν</span> <span class='ocrx_word' id='word_1_768' title='bbox 2982 4567 3073 4621; x_wconf 86' lang='grc' dir='ltr'><strong>τοῦ</strong></span> <span class='ocrx_word' id='word_1_769' title='bbox 3116 4563 3274 4622; x_wconf 74' lang='grc' dir='ltr'>Υίοῦ.</span> <span class='ocrx_word' id='word_1_770' title='bbox 3319 4582 3348 4620; x_wconf 79' lang='grc' dir='ltr'><strong>α</strong></span> <span class='ocrx_word' id='word_1_771' title='bbox 3377 4557 3549 4624; x_wconf 80' lang='grc' dir='ltr'>Εὐθὺς</span> <span class='ocrx_word' id='word_1_772' title='bbox 3578 4579 3608 4616; x_wconf 77' lang='lat' dir='ltr'><strong>n</strong></span> <span class='ocrx_word' id='word_1_773' title='bbox 3652 4549 3763 4632; x_wconf 69' lang='grc' dir='ltr'>οὖν,</span> 
     </span>
    </p>
   </div>
   <div class='ocr_carea' id='block_1_92' title="bbox 449 4659 2052 4732">
    <p class='ocr_par' dir='ltr' id='par_1_92' title="bbox 449 4659 2052 4732">
     <span class='ocr_line' id='line_1_93' title="bbox 449 4659 2052 4732; baseline 0.001 -16"><span class='ocrx_word' id='word_1_774' title='bbox 449 4659 544 4716; x_wconf 90' lang='lat' dir='ltr'><strong>sed</strong></span> <span class='ocrx_word' id='word_1_775' title='bbox 585 4661 643 4716; x_wconf 91' lang='lat' dir='ltr'><strong>in</strong></span> <span class='ocrx_word' id='word_1_776' title='bbox 663 4660 777 4732; x_wconf 90' lang='lat' dir='ltr'><strong>ipsa</strong></span> <span class='ocrx_word' id='word_1_777' title='bbox 808 4659 977 4731; x_wconf 78' lang='lat'><strong>695</strong></span> <span class='ocrx_word' id='word_1_778' title='bbox 1010 4676 1174 4717; x_wconf 90' lang='lat' dir='ltr'><strong>cruce</strong></span> <span class='ocrx_word' id='word_1_779' title='bbox 1219 4677 1233 4716; x_wconf 89' lang='lat'><strong>:</strong></span> <span class='ocrx_word' id='word_1_780' title='bbox 1285 4668 1340 4716; x_wconf 89' lang='lat' dir='ltr'><strong>et</strong></span> <span class='ocrx_word' id='word_1_781' title='bbox 1369 4661 1572 4717; x_wconf 90' lang='lat' dir='ltr'><strong>iterum</strong></span> <span class='ocrx_word' id='word_1_782' title='bbox 1604 4669 1727 4732; x_wconf 91' lang='lat' dir='ltr'><strong>post</strong></span> <span class='ocrx_word' id='word_1_783' title='bbox 1775 4669 1887 4718; x_wconf 90' lang='lat' dir='ltr'><strong>tres</strong></span> <span class='ocrx_word' id='word_1_784' title='bbox 1916 4663 2052 4732; x_wconf 87' lang='lat' dir='ltr'><strong>dies,</strong></span> 
     </span>
    </p>
   </div>
   <div class='ocr_carea' id='block_1_93' title="bbox 449 4750 2053 4824">
    <p class='ocr_par' dir='ltr' id='par_1_93' title="bbox 449 4750 2053 4824">
     <span class='ocr_line' id='line_1_94' title="bbox 449 4750 2053 4824; baseline 0.001 -18"><span class='ocrx_word' id='word_1_785' title='bbox 449 4765 580 4806; x_wconf 92' lang='lat' dir='ltr'><strong>cum</strong></span> <span class='ocrx_word' id='word_1_786' title='bbox 599 4750 940 4806; x_wconf 89' lang='lat' dir='ltr'><strong>resuscitavit</strong></span> <span class='ocrx_word' id='word_1_787' title='bbox 960 4765 1088 4805; x_wconf 90' lang='lat' dir='ltr'><strong>eum</strong></span> <span class='ocrx_word' id='word_1_788' title='bbox 1122 4769 1134 4804; x_wconf 92' lang='lat'>:</span> <span class='ocrx_word' id='word_1_789' title='bbox 1157 4758 1212 4806; x_wconf 90' lang='lat' dir='ltr'><strong>et</strong></span> <span class='ocrx_word' id='word_1_790' title='bbox 1243 4758 1368 4822; x_wconf 90' lang='lat' dir='ltr'><strong>post</strong></span> <span class='ocrx_word' id='word_1_791' title='bbox 1396 4750 1758 4823; x_wconf 84' lang='lat' dir='ltr'><strong>quadraginta</strong></span> <span class='ocrx_word' id='word_1_792' title='bbox 1781 4751 1898 4808; x_wconf 91' lang='lat' dir='ltr'><strong>dies</strong></span> <span class='ocrx_word' id='word_1_793' title='bbox 1928 4769 2053 4824; x_wconf 86' lang='lat' dir='ltr'><strong>sup-</strong></span> 
     </span>
    </p>
   </div>
   <div class='ocr_carea' id='block_1_94' title="bbox 450 4834 2054 4912">
    <p class='ocr_par' dir='ltr' id='par_1_94' title="bbox 450 4834 2054 4912">
     <span class='ocr_line' id='line_1_95' title="bbox 450 4834 2054 4912; baseline 0.003 -19"><span class='ocrx_word' id='word_1_794' title='bbox 450 4837 691 4912; x_wconf 89' lang='lat' dir='ltr'><strong>peditata</strong></span> <span class='ocrx_word' id='word_1_795' title='bbox 722 4839 894 4910; x_wconf 88' lang='lat' dir='ltr'><strong>gratia</strong></span> <span class='ocrx_word' id='word_1_796' title='bbox 923 4838 1154 4910; x_wconf 90' lang='lat' dir='ltr'><strong>Spiritus</strong></span> <span class='ocrx_word' id='word_1_797' title='bbox 1190 4834 1492 4912; x_wconf 90' lang='lat' dir='ltr'><strong>discipulis.</strong></span> <span class='ocrx_word' id='word_1_798' title='bbox 1521 4840 1824 4897; x_wconf 87' lang='lat' dir='ltr'><strong>Videamus</strong></span> <span class='ocrx_word' id='word_1_799' title='bbox 1867 4850 2054 4898; x_wconf 89' lang='lat' dir='ltr'><strong>autem</strong></span> 
     </span>
    </p>
   </div>
   <div class='ocr_carea' id='block_1_95' title="bbox 447 4928 2055 5004">
    <p class='ocr_par' dir='ltr' id='par_1_95' title="bbox 447 4928 2055 5004">
     <span class='ocr_line' id='line_1_96' title="bbox 447 4928 2055 5004; baseline 0.002 -20"><span class='ocrx_word' id='word_1_800' title='bbox 447 4936 506 4984; x_wconf 90' lang='lat' dir='ltr'><strong>et</strong></span> <span class='ocrx_word' id='word_1_801' title='bbox 534 4944 601 4986; x_wconf 82' lang='lat' dir='ltr'><strong>ex</strong></span> <span class='ocrx_word' id='word_1_802' title='bbox 629 4928 1008 5000; x_wconf 87' lang='lat' dir='ltr'><strong>superioribus</strong></span> <span class='ocrx_word' id='word_1_803' title='bbox 1057 4937 1307 4986; x_wconf 92' lang='lat' dir='ltr'><strong>mentem</strong></span> <span class='ocrx_word' id='word_1_804' title='bbox 1335 4930 1648 4987; x_wconf 91' lang='lat' dir='ltr'><strong>verborum.</strong></span> <span class='ocrx_word' id='word_1_805' title='bbox 1684 4951 1712 4984; x_wconf 77' lang='grc' dir='ltr'>(ι</span> <span class='ocrx_word' id='word_1_806' title='bbox 1755 4932 1914 4987; x_wconf 89' lang='lat' dir='ltr'><strong>Nunc</strong></span> <span class='ocrx_word' id='word_1_807' title='bbox 1940 4931 2055 5004; x_wconf 89' lang='lat' dir='ltr'><strong>glo-</strong></span> 
     </span>
    </p>
   </div>
   <div class='ocr_carea' id='block_1_96' title="bbox 447 5017 2052 5093">
    <p class='ocr_par' dir='ltr' id='par_1_96' title="bbox 447 5017 2052 5093">
     <span class='ocr_line' id='line_1_97' title="bbox 447 5017 2052 5093; baseline 0.002 -19"><span class='ocrx_word' id='word_1_808' title='bbox 447 5018 694 5074; x_wconf 85' lang='lat' dir='ltr'><strong>riﬁcatus</strong></span> <span class='ocrx_word' id='word_1_809' title='bbox 723 5026 807 5074; x_wconf 92' lang='lat' dir='ltr'><strong>est</strong></span> <span class='ocrx_word' id='word_1_810' title='bbox 833 5017 1002 5076; x_wconf 91' lang='lat' dir='ltr'><strong>Filius</strong></span> <span class='ocrx_word' id='word_1_811' title='bbox 1031 5018 1292 5088; x_wconf 85' lang='lat' dir='ltr'><strong>hominis,</strong></span> <span class='ocrx_word' id='word_1_812' title='bbox 1339 5042 1365 5070; x_wconf 78' lang='grc' dir='ltr'><strong>ιι</strong></span> <span class='ocrx_word' id='word_1_813' title='bbox 1399 5019 1506 5076; x_wconf 90' lang='lat' dir='ltr'><strong>hoc</strong></span> <span class='ocrx_word' id='word_1_814' title='bbox 1544 5029 1646 5089; x_wconf 90' lang='lat' dir='ltr'><strong>est,</strong></span> <span class='ocrx_word' id='word_1_815' title='bbox 1696 5024 1807 5092; x_wconf 84' lang='lat' dir='ltr'><strong>Ego</strong></span> <span class='ocrx_word' id='word_1_816' title='bbox 1853 5021 2052 5093; x_wconf 90' lang='lat' dir='ltr'><strong>doceo,</strong></span> 
     </span>
    </p>
   </div>
   <div class='ocr_carea' id='block_1_97' title="bbox 448 5107 2048 5184">
    <p class='ocr_par' dir='ltr' id='par_1_97' title="bbox 448 5107 2048 5184">
     <span class='ocr_line' id='line_1_98' title="bbox 448 5107 2048 5184; baseline 0.001 -19"><span class='ocrx_word' id='word_1_817' title='bbox 448 5109 820 5180; x_wconf 90' lang='lat' dir='ltr'><strong>miraculaque</strong></span> <span class='ocrx_word' id='word_1_818' title='bbox 873 5107 1032 5179; x_wconf 86' lang='lat' dir='ltr'><strong>facio,</strong></span> <span class='ocrx_word' id='word_1_819' title='bbox 1081 5117 1139 5164; x_wconf 90' lang='lat' dir='ltr'><strong>et</strong></span> <span class='ocrx_word' id='word_1_820' title='bbox 1175 5125 1288 5166; x_wconf 93' lang='lat' dir='ltr'><strong>non</strong></span> <span class='ocrx_word' id='word_1_821' title='bbox 1318 5110 1375 5165; x_wconf 92' lang='lat' dir='ltr'><strong>in</strong></span> <span class='ocrx_word' id='word_1_822' title='bbox 1427 5125 1520 5167; x_wconf 91' lang='lat' dir='ltr'><strong>me</strong></span> <span class='ocrx_word' id='word_1_823' title='bbox 1565 5109 1813 5166; x_wconf 90' lang='lat' dir='ltr'><strong>subsistit</strong></span> <span class='ocrx_word' id='word_1_824' title='bbox 1854 5111 2048 5184; x_wconf 84' lang='lat' dir='ltr'><strong>gloria,</strong></span> 
     </span>
    </p>
   </div>
   <div class='ocr_carea' id='block_1_98' title="bbox 449 5198 2050 5271">
    <p class='ocr_par' dir='ltr' id='par_1_98' title="bbox 449 5198 2050 5271">
     <span class='ocr_line' id='line_1_99' title="bbox 449 5198 2050 5271; baseline 0.001 -17"><span class='ocrx_word' id='word_1_825' title='bbox 449 5198 545 5255; x_wconf 89' lang='lat' dir='ltr'><strong>sed</strong></span> <span class='ocrx_word' id='word_1_826' title='bbox 581 5199 641 5255; x_wconf 91' lang='lat' dir='ltr'><strong>in</strong></span> <span class='ocrx_word' id='word_1_827' title='bbox 686 5201 862 5255; x_wconf 91' lang='lat' dir='ltr'><strong>Deum</strong></span> <span class='ocrx_word' id='word_1_828' title='bbox 909 5206 966 5254; x_wconf 91' lang='lat' dir='ltr'><strong>et</strong></span> <span class='ocrx_word' id='word_1_829' title='bbox 995 5201 1219 5254; x_wconf 88' lang='lat' dir='ltr'><strong>Patrem</strong></span> <span class='ocrx_word' id='word_1_830' title='bbox 1263 5200 1482 5256; x_wconf 87' lang='lat' dir='ltr'><strong>transit.</strong></span> <span class='ocrx_word' id='word_1_831' title='bbox 1535 5199 1684 5269; x_wconf 83' lang='lat' dir='ltr'><strong>Quia</strong></span> <span class='ocrx_word' id='word_1_832' title='bbox 1714 5200 1880 5271; x_wconf 87' lang='lat' dir='ltr'><strong>igitur</strong></span> <span class='ocrx_word' id='word_1_833' title='bbox 1927 5217 2050 5256; x_wconf 90' lang='lat' dir='ltr'><strong>mea</strong></span> 
     </span>
    </p>
   </div>
   <div class='ocr_carea' id='block_1_99' title="bbox 447 5287 2050 5362">
    <p class='ocr_par' dir='ltr' id='par_1_99' title="bbox 447 5287 2050 5362">
     <span class='ocr_line' id='line_1_100' title="bbox 447 5287 2050 5362; baseline 0.002 -20"><span class='ocrx_word' id='word_1_834' title='bbox 447 5288 618 5357; x_wconf 88' lang='lat' dir='ltr'><strong>gloria</strong></span> <span class='ocrx_word' id='word_1_835' title='bbox 677 5289 849 5362; x_wconf 85' lang='lat' dir='ltr'><strong>gloria</strong></span> <span class='ocrx_word' id='word_1_836' title='bbox 892 5287 954 5344; x_wconf 84' lang='lat' dir='ltr'><strong>ﬁt</strong></span> <span class='ocrx_word' id='word_1_837' title='bbox 1025 5289 1224 5357; x_wconf 89' lang='lat' dir='ltr'><strong>Patris,</strong></span> <span class='ocrx_word' id='word_1_838' title='bbox 1299 5306 1367 5345; x_wconf 90' lang='lat' dir='ltr'><strong>ne</strong></span> <span class='ocrx_word' id='word_1_839' title='bbox 1424 5289 1851 5346; x_wconf 89' lang='lat' dir='ltr'><strong>contristemini.</strong></span> <span class='ocrx_word' id='word_1_840' title='bbox 1908 5293 2050 5346; x_wconf 88' lang='lat' dir='ltr'><strong>Nam</strong></span> 
     </span>
    </p>
   </div>
   <div class='ocr_carea' id='block_1_100' title="bbox 449 5377 2044 5451">
    <p class='ocr_par' dir='ltr' id='par_1_100' title="bbox 449 5377 2044 5451">
     <span class='ocr_line' id='line_1_101' title="bbox 449 5377 2044 5451; baseline 0.003 -21"><span class='ocrx_word' id='word_1_841' title='bbox 449 5377 615 5432; x_wconf 89' lang='lat' dir='ltr'><strong>Pater</strong></span> <span class='ocrx_word' id='word_1_842' title='bbox 633 5377 834 5434; x_wconf 91' lang='lat' dir='ltr'><strong>iterum</strong></span> <span class='ocrx_word' id='word_1_843' title='bbox 859 5377 1190 5451; x_wconf 83' lang='lat' dir='ltr'><strong>gloriﬁcabit</strong></span> <span class='ocrx_word' id='word_1_844' title='bbox 1214 5395 1324 5445; x_wconf 91' lang='lat' dir='ltr'><strong>me,</strong></span> <span class='ocrx_word' id='word_1_845' title='bbox 1349 5387 1412 5435; x_wconf 92' lang='lat' dir='ltr'><strong>ut</strong></span> <span class='ocrx_word' id='word_1_846' title='bbox 1441 5387 1495 5435; x_wconf 91' lang='lat' dir='ltr'><strong>et</strong></span> <span class='ocrx_word' id='word_1_847' title='bbox 1531 5379 1644 5451; x_wconf 90' lang='lat' dir='ltr'><strong>ipse</strong></span> <span class='ocrx_word' id='word_1_848' title='bbox 1679 5378 2044 5449; x_wconf 85' lang='lat' dir='ltr'><strong>gloriﬁcetur.</strong></span> 
     </span>
    </p>
   </div>
   <div class='ocr_carea' id='block_1_101' title="bbox 447 5467 2050 5541">
    <p class='ocr_par' dir='ltr' id='par_1_101' title="bbox 447 5467 2050 5541">
     <span class='ocr_line' id='line_1_102' title="bbox 447 5467 2050 5541; baseline 0.001 -18"><span class='ocrx_word' id='word_1_849' title='bbox 447 5467 735 5538; x_wconf 82' lang='lat' dir='ltr'><strong>Numquid</strong></span> <span class='ocrx_word' id='word_1_850' title='bbox 785 5469 938 5524; x_wconf 87' lang='lat' dir='ltr'><strong>enim</strong></span> <span class='ocrx_word' id='word_1_851' title='bbox 981 5484 1084 5541; x_wconf 80' lang='lat' dir='ltr'><strong>ego</strong></span> <span class='ocrx_word' id='word_1_852' title='bbox 1131 5469 1366 5541; x_wconf 89' lang='lat' dir='ltr'><strong>gloriam</strong></span> <span class='ocrx_word' id='word_1_853' title='bbox 1411 5469 1544 5525; x_wconf 93' lang='lat' dir='ltr'><strong>mihi</strong></span> <span class='ocrx_word' id='word_1_854' title='bbox 1603 5469 1847 5537; x_wconf 89' lang='lat' dir='ltr'><strong>vindico,</strong></span> <span class='ocrx_word' id='word_1_855' title='bbox 1896 5477 1952 5524; x_wconf 90' lang='lat' dir='ltr'><strong>et</strong></span> <span class='ocrx_word' id='word_1_856' title='bbox 1979 5469 2050 5526; x_wconf 91' lang='lat' dir='ltr'><strong>ad</strong></span> 
     </span>
    </p>
   </div>
   <div class='ocr_carea' id='block_1_102' title="bbox 449 5553 2054 5630">
    <p class='ocr_par' dir='ltr' id='par_1_102' title="bbox 449 5553 2054 5630">
     <span class='ocr_line' id='line_1_103' title="bbox 449 5553 2054 5630; baseline 0.004 -20"><span class='ocrx_word' id='word_1_857' title='bbox 449 5553 609 5612; x_wconf 88' lang='lat' dir='ltr'><strong>illum</strong></span> <span class='ocrx_word' id='word_1_858' title='bbox 635 5571 749 5611; x_wconf 90' lang='lat' dir='ltr'><strong>non</strong></span> <span class='ocrx_word' id='word_1_859' title='bbox 774 5559 1006 5615; x_wconf 81' lang='lat' dir='ltr'><strong>transit?</strong></span> <span class='ocrx_word' id='word_1_860' title='bbox 1045 5561 1250 5617; x_wconf 85' lang='lat' dir='ltr'><strong>Verum</strong></span> <span class='ocrx_word' id='word_1_861' title='bbox 1290 5559 1604 5618; x_wconf 90' lang='lat' dir='ltr'><strong>communis</strong></span> <span class='ocrx_word' id='word_1_862' title='bbox 1642 5566 1728 5614; x_wconf 90' lang='lat' dir='ltr'><strong>est</strong></span> <span class='ocrx_word' id='word_1_863' title='bbox 1754 5558 1951 5630; x_wconf 85' lang='lat' dir='ltr'><strong>gloria,</strong></span> <span class='ocrx_word' id='word_1_864' title='bbox 1995 5567 2054 5616; x_wconf 91' lang='lat' dir='ltr'><strong>et</strong></span> 
     </span>
    </p>
   </div>
   <div class='ocr_carea' id='block_1_103' title="bbox 521 5721 1094 5796">
    <p class='ocr_par' dir='ltr' id='par_1_103' title="bbox 521 5721 1094 5796">
     <span class='ocr_line' id='line_1_104' title="bbox 521 5721 1094 5796; baseline 0.005 -15"><span class='ocrx_word' id='word_1_865' title='bbox 521 5721 564 5760; x_wconf 79' lang='grc'><strong>⁸³</strong></span> <span class='ocrx_word' id='word_1_866' title='bbox 599 5724 800 5782; x_wconf 87' lang='lat' dir='ltr'><strong>Matth.</strong></span> <span class='ocrx_word' id='word_1_867' title='bbox 831 5742 1006 5796; x_wconf 68' lang='grc' dir='ltr'>χχιιι,</span> <span class='ocrx_word' id='word_1_868' title='bbox 1040 5735 1094 5784; x_wconf 91' lang='grc'><strong>7.</strong></span> 
     </span>
    </p>
   </div>
   <div class='ocr_carea' id='block_1_104' title="bbox 2167 4647 3762 4735">
    <p class='ocr_par' dir='ltr' id='par_1_104' title="bbox 2167 4647 3762 4735">
     <span class='ocr_line' id='line_1_105' title="bbox 2167 4647 3762 4735; baseline -0.005 -23"><span class='ocrx_word' id='word_1_869' title='bbox 2167 4653 2331 4735; x_wconf 74' lang='grc' dir='ltr'>φησὶ,</span> <span class='ocrx_word' id='word_1_870' title='bbox 2385 4677 2412 4712; x_wconf 74' lang='grc' dir='ltr'><strong>α</strong></span> <span class='ocrx_word' id='word_1_871' title='bbox 2461 4653 2671 4722; x_wconf 85' lang='grc' dir='ltr'>δοξάσει</span> <span class='ocrx_word' id='word_1_872' title='bbox 2706 4653 2892 4713; x_wconf 83' lang='grc' dir='ltr'>αὐτόν·</span> <span class='ocrx_word' id='word_1_873' title='bbox 2948 4680 2970 4705; x_wconf 75' lang='grc' dir='ltr'><strong><em>ι</em></strong></span> <span class='ocrx_word' id='word_1_874' title='bbox 3020 4651 3328 4735; x_wconf 61' lang='grc' dir='ltr'>τουτέστιν,</span> <span class='ocrx_word' id='word_1_875' title='bbox 3374 4651 3433 4709; x_wconf 80' lang='grc' dir='ltr'><strong>οὗ</strong></span> <span class='ocrx_word' id='word_1_876' title='bbox 3488 4647 3762 4728; x_wconf 86' lang='grc' dir='ltr'>βραδυνεῖ,</span> 
     </span>
    </p>
   </div>
   <div class='ocr_carea' id='block_1_105' title="bbox 2165 4731 3767 4824">
    <p class='ocr_par' dir='ltr' id='par_1_105' title="bbox 2165 4731 3767 4824">
     <span class='ocr_line' id='line_1_106' title="bbox 2165 4731 3767 4824; baseline -0.004 -24"><span class='ocrx_word' id='word_1_877' title='bbox 2165 4731 2284 4801; x_wconf 66' lang='grc' dir='ltr'>ἀλλ’</span> <span class='ocrx_word' id='word_1_878' title='bbox 2317 4731 2372 4801; x_wconf 68' lang='grc' dir='ltr'><strong>ἓν</strong></span> <span class='ocrx_word' id='word_1_879' title='bbox 2404 4746 2550 4824; x_wconf 80' lang='grc' dir='ltr'>αὐτῷ</span> <span class='ocrx_word' id='word_1_880' title='bbox 2583 4747 2660 4822; x_wconf 83' lang='grc' dir='ltr'><strong>τῷ</strong></span> <span class='ocrx_word' id='word_1_881' title='bbox 2693 4745 2911 4824; x_wconf 83' lang='grc' dir='ltr'>σταυρῷ</span> <span class='ocrx_word' id='word_1_882' title='bbox 2955 4742 3046 4801; x_wconf 77' lang='grc' dir='ltr'>καὶ</span> <span class='ocrx_word' id='word_1_883' title='bbox 3083 4731 3151 4799; x_wconf 65' lang='grc' dir='ltr'>αἶ</span> <span class='ocrx_word' id='word_1_884' title='bbox 3193 4739 3329 4818; x_wconf 79' lang='grc' dir='ltr'>μετὰ</span> <span class='ocrx_word' id='word_1_885' title='bbox 3378 4745 3512 4819; x_wconf 86' lang='grc' dir='ltr'>τρεῖς</span> <span class='ocrx_word' id='word_1_886' title='bbox 3562 4735 3767 4816; x_wconf 84' lang='grc' dir='ltr'>ἡμέρας</span> 
     </span>
    </p>
   </div>
   <div class='ocr_carea' id='block_1_106' title="bbox 2165 4825 3765 4910">
    <p class='ocr_par' dir='ltr' id='par_1_106' title="bbox 2165 4825 3765 4910">
     <span class='ocr_line' id='line_1_107' title="bbox 2165 4825 3765 4910; baseline -0.004 -20"><span class='ocrx_word' id='word_1_887' title='bbox 2165 4832 2469 4905; x_wconf 80' lang='grc' dir='ltr'>ἀναστήσας</span> <span class='ocrx_word' id='word_1_888' title='bbox 2521 4832 2700 4906; x_wconf 74' lang='grc' dir='ltr'>αὐτὸν,</span> <span class='ocrx_word' id='word_1_889' title='bbox 2763 4831 2856 4892; x_wconf 74' lang='grc' dir='ltr'><strong>καὶ</strong></span> <span class='ocrx_word' id='word_1_890' title='bbox 2911 4832 3046 4910; x_wconf 82' lang='grc' dir='ltr'>μετὰ</span> <span class='ocrx_word' id='word_1_891' title='bbox 3093 4827 3494 4909; x_wconf 85' lang='grc' dir='ltr'>τεσσαράκοντα</span> <span class='ocrx_word' id='word_1_892' title='bbox 3557 4825 3765 4906; x_wconf 81' lang='grc' dir='ltr'>ἡμέρας</span> 
     </span>
    </p>
   </div>
   <div class='ocr_carea' id='block_1_107' title="bbox 2161 4919 3763 5002">
    <p class='ocr_par' dir='ltr' id='par_1_107' title="bbox 2161 4919 3763 5002">
     <span class='ocr_line' id='line_1_108' title="bbox 2161 4919 3763 5002; baseline -0.005 -22"><span class='ocrx_word' id='word_1_893' title='bbox 2161 4921 2257 4992; x_wconf 85' lang='grc' dir='ltr'><strong>τὴν</strong></span> <span class='ocrx_word' id='word_1_894' title='bbox 2289 4928 2382 4981; x_wconf 90' lang='grc' dir='ltr'><strong>τοῦ</strong></span> <span class='ocrx_word' id='word_1_895' title='bbox 2436 4921 2751 5000; x_wconf 78' lang='grc' dir='ltr'>Πνεύματος</span> <span class='ocrx_word' id='word_1_896' title='bbox 2796 4922 2952 5002; x_wconf 86' lang='grc' dir='ltr'>χάριν</span> <span class='ocrx_word' id='word_1_897' title='bbox 3001 4919 3396 5000; x_wconf 85' lang='grc' dir='ltr'>ἐπιχορηγήσας</span> <span class='ocrx_word' id='word_1_898' title='bbox 3437 4924 3544 4984; x_wconf 89' lang='grc' dir='ltr'>τοῖς</span> <span class='ocrx_word' id='word_1_899' title='bbox 3587 4921 3763 4992; x_wconf 84' lang='grc' dir='ltr'>μαθη-</span> 
     </span>
    </p>
   </div>
   <div class='ocr_carea' id='block_1_108' title="bbox 2161 5004 3761 5090">
    <p class='ocr_par' dir='ltr' id='par_1_108' title="bbox 2161 5004 3761 5090">
     <span class='ocr_line' id='line_1_109' title="bbox 2161 5004 3761 5090; baseline -0.005 -20"><span class='ocrx_word' id='word_1_900' title='bbox 2161 5013 2296 5079; x_wconf 85' lang='grc' dir='ltr'>ταῖς.</span> <span class='ocrx_word' id='word_1_901' title='bbox 2346 5009 2573 5090; x_wconf 85' lang='grc' dir='ltr'>Ἴδωμεν</span> <span class='ocrx_word' id='word_1_902' title='bbox 2618 5010 2673 5070; x_wconf 82' lang='grc' dir='ltr'>δὲ</span> <span class='ocrx_word' id='word_1_903' title='bbox 2719 5012 2811 5070; x_wconf 73' lang='grc' dir='ltr'><strong>καὶ</strong></span> <span class='ocrx_word' id='word_1_904' title='bbox 2841 5009 3039 5070; x_wconf 83' lang='grc' dir='ltr'>ἄνωθεν</span> <span class='ocrx_word' id='word_1_905' title='bbox 3072 5010 3160 5068; x_wconf 91' lang='grc' dir='ltr'><strong>τὸν</strong></span> <span class='ocrx_word' id='word_1_906' title='bbox 3193 5007 3392 5068; x_wconf 89' lang='grc' dir='ltr'>σκοπὸν</span> <span class='ocrx_word' id='word_1_907' title='bbox 3436 5010 3540 5065; x_wconf 89' lang='grc' dir='ltr'><strong>τῶν</strong></span> <span class='ocrx_word' id='word_1_908' title='bbox 3578 5004 3761 5086; x_wconf 79' lang='grc' dir='ltr'>ῥημά-</span> 
     </span>
    </p>
   </div>
   <div class='ocr_carea' id='block_1_109' title="bbox 2160 5095 3750 5180">
    <p class='ocr_par' dir='ltr' id='par_1_109' title="bbox 2160 5095 3750 5180">
     <span class='ocr_line' id='line_1_110' title="bbox 2160 5095 3750 5180; baseline -0.004 -21"><span class='ocrx_word' id='word_1_909' title='bbox 2160 5126 2286 5160; x_wconf 91' lang='grc' dir='ltr'>των.</span> <span class='ocrx_word' id='word_1_910' title='bbox 2331 5123 2360 5160; x_wconf 81' lang='lat' dir='ltr'><strong>(t</strong></span> <span class='ocrx_word' id='word_1_911' title='bbox 2392 5105 2508 5164; x_wconf 85' lang='grc' dir='ltr'>Νῦν</span> <span class='ocrx_word' id='word_1_912' title='bbox 2537 5101 2814 5175; x_wconf 82' lang='grc' dir='ltr'>ἐδοξάσθη,</span> <span class='ocrx_word' id='word_1_913' title='bbox 2839 5101 3027 5180; x_wconf 83' lang='grc' dir='ltr'>φησὶν,</span> <span class='ocrx_word' id='word_1_914' title='bbox 3069 5103 3097 5159; x_wconf 89' lang='lat'><strong>6</strong></span> <span class='ocrx_word' id='word_1_915' title='bbox 3121 5098 3249 5167; x_wconf 76' lang='grc' dir='ltr'>Υἱὸς</span> <span class='ocrx_word' id='word_1_916' title='bbox 3273 5103 3364 5157; x_wconf 89' lang='grc' dir='ltr'><strong>τοῦ</strong></span> <span class='ocrx_word' id='word_1_917' title='bbox 3392 5095 3692 5176; x_wconf 80' lang='grc' dir='ltr'>ἀνθρώπου·</span> <span class='ocrx_word' id='word_1_918' title='bbox 3719 5115 3750 5153; x_wconf 75' lang='grc'><strong>1)</strong></span> 
     </span>
    </p>
   </div>
   <div class='ocr_carea' id='block_1_110' title="bbox 2160 5185 3765 5270">
    <p class='ocr_par' dir='ltr' id='par_1_110' title="bbox 2160 5185 3765 5270">
     <span class='ocr_line' id='line_1_111' title="bbox 2160 5185 3765 5270; baseline -0.005 -19"><span class='ocrx_word' id='word_1_919' title='bbox 2160 5191 2454 5265; x_wconf 83' lang='grc' dir='ltr'>τουτέστιν,</span> <span class='ocrx_word' id='word_1_920' title='bbox 2503 5191 2647 5270; x_wconf 85' lang='grc' dir='ltr'>Ἐγὼ</span> <span class='ocrx_word' id='word_1_921' title='bbox 2690 5193 2992 5266; x_wconf 88' lang='grc' dir='ltr'>διδάσκων,</span> <span class='ocrx_word' id='word_1_922' title='bbox 3048 5190 3489 5268; x_wconf 89' lang='grc' dir='ltr'>θαυματουργῶν,</span> <span class='ocrx_word' id='word_1_923' title='bbox 3534 5185 3626 5244; x_wconf 79' lang='grc' dir='ltr'><strong>καὶ</strong></span> <span class='ocrx_word' id='word_1_924' title='bbox 3669 5185 3765 5244; x_wconf 73' lang='grc' dir='ltr'>οὐκ</span> 
     </span>
    </p>
   </div>
   <div class='ocr_carea' id='block_1_111' title="bbox 2160 5274 3766 5361">
    <p class='ocr_par' dir='ltr' id='par_1_111' title="bbox 2160 5274 3766 5361">
     <span class='ocr_line' id='line_1_112' title="bbox 2160 5274 3766 5361; baseline -0.006 -21"><span class='ocrx_word' id='word_1_925' title='bbox 2160 5284 2231 5349; x_wconf 77' lang='grc' dir='ltr'><strong>εἰς</strong></span> <span class='ocrx_word' id='word_1_926' title='bbox 2256 5281 2350 5360; x_wconf 85' lang='grc' dir='ltr'><strong>ἐμὲ</strong></span> <span class='ocrx_word' id='word_1_927' title='bbox 2374 5280 2685 5361; x_wconf 87' lang='grc' dir='ltr'>περιίστατο</span> <span class='ocrx_word' id='word_1_928' title='bbox 2714 5286 2748 5353; x_wconf 84' lang='grc' dir='ltr'><strong>ἡ</strong></span> <span class='ocrx_word' id='word_1_929' title='bbox 2776 5280 2925 5354; x_wconf 89' lang='grc' dir='ltr'>δόξα,</span> <span class='ocrx_word' id='word_1_930' title='bbox 2955 5282 3074 5338; x_wconf 82' lang='grc' dir='ltr'>ἀλλ’</span> <span class='ocrx_word' id='word_1_931' title='bbox 3103 5283 3175 5346; x_wconf 88' lang='grc' dir='ltr'>εἷς</span> <span class='ocrx_word' id='word_1_932' title='bbox 3198 5278 3286 5337; x_wconf 88' lang='grc' dir='ltr'><strong>τὸν</strong></span> <span class='ocrx_word' id='word_1_933' title='bbox 3313 5276 3454 5339; x_wconf 85' lang='grc' dir='ltr'>Θεὸν</span> <span class='ocrx_word' id='word_1_934' title='bbox 3475 5321 3492 5350; x_wconf 93' lang='grc'><strong>,</strong></span> <span class='ocrx_word' id='word_1_935' title='bbox 3526 5274 3618 5333; x_wconf 86' lang='grc' dir='ltr'><strong>καὶ</strong></span> <span class='ocrx_word' id='word_1_936' title='bbox 3645 5276 3766 5334; x_wconf 87' lang='grc' dir='ltr'><strong>Πα-</strong></span> 
     </span>
    </p>
   </div>
   <div class='ocr_carea' id='block_1_112' title="bbox 2157 5361 3763 5451">
    <p class='ocr_par' dir='ltr' id='par_1_112' title="bbox 2157 5361 3763 5451">
     <span class='ocr_line' id='line_1_113' title="bbox 2157 5361 3763 5451; baseline -0.006 -21"><span class='ocrx_word' id='word_1_937' title='bbox 2157 5371 2286 5451; x_wconf 88' lang='grc' dir='ltr'>τέρα</span> <span class='ocrx_word' id='word_1_938' title='bbox 2335 5372 2632 5434; x_wconf 80' lang='grc' dir='ltr'>ιίνέϐαινεν.</span> <span class='ocrx_word' id='word_1_939' title='bbox 2669 5371 2830 5433; x_wconf 76' lang='grc' dir='ltr'>Ἐπεὶ</span> <span class='ocrx_word' id='word_1_940' title='bbox 2881 5371 3053 5430; x_wconf 87' lang='grc' dir='ltr'>τοίνυν</span> <span class='ocrx_word' id='word_1_941' title='bbox 3101 5372 3133 5440; x_wconf 83' lang='grc' dir='ltr'>ἡ</span> <span class='ocrx_word' id='word_1_942' title='bbox 3189 5365 3294 5445; x_wconf 84' lang='grc' dir='ltr'><strong>ἐμὴ</strong></span> <span class='ocrx_word' id='word_1_943' title='bbox 3337 5365 3460 5435; x_wconf 86' lang='grc' dir='ltr'>δόξα</span> <span class='ocrx_word' id='word_1_944' title='bbox 3506 5363 3631 5432; x_wconf 82' lang='grc' dir='ltr'>δόξα</span> <span class='ocrx_word' id='word_1_945' title='bbox 3677 5361 3763 5451; x_wconf 86' lang='grc' dir='ltr'>γί-</span> 
     </span>
    </p>
   </div>
   <div class='ocr_carea' id='block_1_113' title="bbox 2158 5450 3762 5541">
    <p class='ocr_par' dir='ltr' id='par_1_113' title="bbox 2158 5450 3762 5541">
     <span class='ocr_line' id='line_1_114' title="bbox 2158 5450 3762 5541; baseline -0.006 -21"><span class='ocrx_word' id='word_1_946' title='bbox 2158 5450 2307 5520; x_wconf 88' lang='grc' dir='ltr'>νεται</span> <span class='ocrx_word' id='word_1_947' title='bbox 2350 5466 2443 5520; x_wconf 89' lang='grc' dir='ltr'><strong>τοῦ</strong></span> <span class='ocrx_word' id='word_1_948' title='bbox 2490 5462 2729 5541; x_wconf 86' lang='grc' dir='ltr'>Πατρὸς,</span> <span class='ocrx_word' id='word_1_949' title='bbox 2789 5457 2866 5538; x_wconf 81' lang='grc' dir='ltr'><strong>μὴ</strong></span> <span class='ocrx_word' id='word_1_950' title='bbox 2929 5465 3256 5540; x_wconf 76' lang='grc' dir='ltr'>κατηφιᾶτε.</span> <span class='ocrx_word' id='word_1_951' title='bbox 3310 5454 3381 5516; x_wconf 89' lang='grc' dir='ltr'>Ὁ</span> <span class='ocrx_word' id='word_1_952' title='bbox 3426 5453 3531 5534; x_wconf 81' lang='grc' dir='ltr'><strong>γὰρ</strong></span> <span class='ocrx_word' id='word_1_953' title='bbox 3565 5450 3762 5533; x_wconf 83' lang='grc' dir='ltr'>Πατὴρ</span> 
     </span>
    </p>
   </div>
   <div class='ocr_carea' id='block_1_114' title="bbox 2159 5542 3764 5628">
    <p class='ocr_par' dir='ltr' id='par_1_114' title="bbox 2159 5542 3764 5628">
     <span class='ocr_line' id='line_1_115' title="bbox 2159 5542 3764 5628; baseline -0.001 -18"><span class='ocrx_word' id='word_1_954' title='bbox 2159 5549 2322 5612; x_wconf 90' lang='grc' dir='ltr'>πάλιν</span> <span class='ocrx_word' id='word_1_955' title='bbox 2369 5549 2576 5621; x_wconf 85' lang='grc' dir='ltr'>δοξάσει</span> <span class='ocrx_word' id='word_1_956' title='bbox 2631 5574 2742 5628; x_wconf 83' lang='grc' dir='ltr'><strong>με,</strong></span> <span class='ocrx_word' id='word_1_957' title='bbox 2772 5547 2860 5610; x_wconf 75' lang='grc' dir='ltr'><strong>ἵνα</strong></span> <span class='ocrx_word' id='word_1_958' title='bbox 2905 5550 2996 5610; x_wconf 76' lang='grc' dir='ltr'><strong>καὶ</strong></span> <span class='ocrx_word' id='word_1_959' title='bbox 3027 5548 3180 5616; x_wconf 76' lang='grc' dir='ltr'>αὐτὸς</span> <span class='ocrx_word' id='word_1_960' title='bbox 3213 5544 3461 5626; x_wconf 84' lang='grc' dir='ltr'>δοξασθῇ.</span> <span class='ocrx_word' id='word_1_961' title='bbox 3511 5542 3606 5614; x_wconf 78' lang='grc' dir='ltr'><strong>Μὴ</strong></span> <span class='ocrx_word' id='word_1_962' title='bbox 3659 5543 3764 5622; x_wconf 80' lang='grc' dir='ltr'><strong>γὰρ</strong></span> 
     </span>
    </p>
   </div>
  </div>
