4198 6456
405 383 508 436 165

1201 371 1593 430 ENARRATIO
1634 372 1700 427 IN
1743 369 2172 426 EVANGELIUM
2207 368 2512 426 JOANNIS.
2549 399 2623 411 —
2660 371 2812 427 CAP.
2855 373 2985 428 XIII.

3633 380 3738 434 166

402 505 514 584 ἐγὼ
568 500 670 574 τὴν
720 501 877 570 δόξαν
934 499 1338 581 σφετερίζομαι,
1398 498 1490 558 καὶ
1542 499 1614 564 εἷς
1677 501 1870 558 ἐκεῖνον
1918 496 2044 562 οὔκ,

2152 493 2350 551 iterum
2379 495 2706 568 gloriﬁcabit
2727 511 2837 564 me,
2852 505 2908 554 et
2935 513 3049 554 non
3077 498 3331 568 tardabit,
3359 498 3458 556 sed
3484 523 3509 548 ι
3539 517 3690 570 mox,
3716 525 3742 550 ι»

407 594 727 666 ἁναϐαίνει;
756 588 925 652 Ἀλλὰ
953 589 1110 661 κοινή
1137 593 1280 648 ἐστιν
1320 592 1355 660 ἡ
1386 586 1530 656 δόξα.
1558 585 1736 647 Ὥστε
1779 586 1869 644 καὶ
1909 585 2016 643 πά-

405 687 493 744 λιν
529 683 743 752 δοξάσει
782 705 883 758 με·
937 680 1032 740 καὶ
1075 681 1136 738 οὗ
1191 678 1461 757 βραδυνεῖ,
1515 677 1634 735 ἀλλ’
1693 698 1722 734 (ι
1770 673 1942 748 εὐθὺς,
1990 697 2018 732 »

409 773 545 834 ὅταν
578 772 650 831 τὰ
680 775 852 848 ἄτιμα
879 769 1084 850 πάσχω
1125 769 1296 841 πάθη,
1328 768 1455 825 ὅταν
1501 767 1640 824 δοκῶ
1689 764 1776 823 διὰ
1819 769 1909 822 τοῦ
1942 769 2038 822 θα-

413 865 580 923 νάτου
631 866 693 923 ἐχ
741 861 910 941 μέσου
939 859 1206 937 γενέσθαι,
1244 857 1366 916 τότε
1396 857 1601 933 μᾶλλον
1631 853 1869 932 τιμήσει,
1917 853 2034 911 τότε

421 952 653 1035 φανερὸν
697 948 1032 1021 καταστήσει
1065 949 1153 1008 διὰ
1195 951 1290 1019 τῆς
1317 945 1682 1012 ἀναστάσεως.

511 1029 798 1113 «Τεκνία,
854 1039 939 1098 ἔτι
983 1037 1175 1116 μικρὸν
1226 1039 1342 1112 μεθ’
1387 1037 1535 1111 ὑμῶν
1587 1035 1722 1110 εἶμι.
1761 1029 2036 1102 Ζητήσετέ

425 1151 520 1211 με·
551 1132 646 1190 καὶ
694 1128 872 1198 καθὼς
922 1117 1070 1188 εῖπον
1103 1129 1211 1194 τοῖς
1253 1125 1548 1195 Ἰουδαίοις,
1591 1123 1674 1182 ὅτι
1700 1120 1881 1183 Ὅπου
1929 1119 2033 1199 ἐγὼ

431 1222 642 1300 ὑπάγω,
676 1223 828 1296 ὑμεῖς
856 1219 916 1278 οὗ
947 1217 1172 1276 δύνασθε
1207 1217 1400 1288 ἐλθεῖν,
1436 1213 1527 1273 καὶ
1558 1216 1682 1289 ὑμῖν
1712 1212 1854 1290 λέγω
1885 1211 2030 1300 ἄρτι.

432 1298 695 1383 Ἐντολὴν
749 1308 940 1381 καινὴν
996 1307 1190 1384 δίδωμι
1237 1308 1383 1382 ὑμῖν,
1437 1300 1528 1360 ἵνα
1576 1304 1822 1378 ἀγαπᾶτε
1867 1298 2033 1371 ἀλλή-

425 1405 591 1479 λους,
624 1398 798 1466 καθὼς
831 1396 1096 1476 ἠγάπησα
1141 1399 1277 1473 ὑμᾶς
1298 1439 1314 1466 ,
1351 1391 1440 1451 ἵνα
1471 1391 1576 1479 καὶ,
1598 1392 1745 1468 ὑμεῖς
1789 1393 2033 1479 ἀγαπᾶτε

424 1477 715 1560 ἀλλήλους.
799 1488 900 1548 Ἐν
951 1487 1125 1565 τούτῳ
1157 1484 1451 1565 γνώσονται
1502 1478 1728 1556 πάντες,
1781 1479 1863 1537 ὅτι
1914 1477 2033 1556 ἐμοὶ

427 1579 673 1657 μαθηταί
727 1581 872 1648 ἐστε,
937 1575 1028 1635 ἐὰν
1082 1575 1294 1654 ἀγάπην
1347 1571 1511 1652 ἔχητε
1584 1572 1638 1629 ἐν
1689 1568 1956 1657 ἀλλήλοις.
1994 1591 2022 1657 n

426 1655 662 1740 Ἐπειδὴ
705 1667 926 1742 ἔμελλον
967 1663 1106 1742 μετὰ
1160 1662 1343 1742 μικρὸν
1411 1661 1479 1719 τὰ
1531 1655 1752 1741 λυπηρὰ
1803 1656 2036 1729 ὑποστή-

427 1763 652 1831 σεσθαι,
700 1755 949 1836 προλέγει
1000 1751 1184 1813 λοιπὸν
1231 1756 1400 1810 ταῦτα
1449 1751 1662 1822 αὐτοῖς,
1713 1747 1852 1807 ὥστε
1883 1748 1935 1806 ἐν
1969 1751 2036 1825 τῇ

2148 585 2370 654 quando
2414 585 2851 658 ignominiosam
2892 588 3202 659 passionem
3265 589 3459 661 patiar,
3526 591 3747 663 quando

2147 673 2372 730 videbor
2409 690 2504 747 per
2555 684 2794 733 mortem
2851 693 2882 733 e
2926 677 3112 734 medio
3160 677 3327 734 tolli:
3379 684 3510 736 tunc
3566 681 3748 754 magis

2148 762 2467 834 honorabit,
2534 773 2669 824 tunc
2733 783 2834 840 per
2881 767 3344 826 resurrectionem
3398 784 3490 826 me
3533 770 3746 828 clarum

2145 851 2328 911 faciet.

2214 1038 2401 1093 Vsus.
2435 1040 2632 1104 33-35,
2666 1059 2691 1086 α
2717 1035 2918 1105 Filioli,
2948 1036 3132 1095 adhuc
3155 1037 3433 1110 paulisper
3467 1038 3748 1097 vobiscum

2143 1142 2285 1183 sum.
2318 1128 2592 1196 Quaeretis
2617 1143 2704 1183 me
2736 1145 2750 1183 :
2783 1137 2840 1183 et
2863 1127 3005 1184 sicut
3038 1126 3154 1184 dixi
3203 1128 3410 1186 Judaeis
3439 1148 3452 1185 :
3481 1133 3602 1201 Quo
3644 1145 3748 1203 ego

2140 1215 2304 1280 vado,
2333 1233 2431 1273 vos
2451 1233 2563 1273 non
2586 1217 2814 1289 potestis
2834 1217 3016 1273 venire
3041 1237 3054 1272 :
3079 1217 3156 1274 ita
3183 1227 3241 1274 et
3262 1219 3414 1274 vobis
3437 1218 3564 1275 dico
3584 1235 3748 1276 nunc.

2139 1305 2495 1378 Praeceptum
2546 1323 2758 1364 novum
2805 1307 2880 1363 do
2911 1307 3088 1375 vobis,
3135 1316 3199 1363 ut
3225 1307 3462 1380 diligatis
3491 1309 3747 1379 invicem,

2141 1395 2284 1451 sicut
2312 1395 2477 1452 dilexi
2508 1412 2626 1463 vos,
2645 1405 2710 1452 ut
2749 1405 2806 1452 et
2827 1413 2926 1452 vos
2955 1396 3196 1468 diligatis
3242 1397 3504 1454 invicem.
3541 1401 3602 1454 In
3641 1397 3748 1455 hoc

2142 1484 2291 1540 enim
2329 1495 2668 1558 cognoscent
2696 1502 2895 1542 omnes
2923 1486 3074 1559 quod
3101 1486 3356 1559 discipuli
3385 1489 3498 1543 mei
3523 1489 3674 1556 estis,
3702 1487 3747 1544 si

2141 1572 2496 1630 dilectionem
2537 1575 2840 1631 habueritis
2865 1577 3010 1632 inter
3035 1592 3163 1634 vos.
3197 1599 3222 1627 τι
3257 1577 3538 1648 Quoniam
3585 1579 3748 1649 paulo

2144 1671 2269 1735 post
2310 1665 2527 1736 passuri
2557 1674 2714 1721 erant
2741 1666 2950 1738 gravia,
2997 1681 3061 1722 ea
3088 1682 3240 1723 nunc
3283 1667 3528 1739 praedicit
3555 1668 3654 1736 eis,
3686 1677 3749 1724 ut

2147 1769 2210 1810 ea
2238 1753 2477 1811 habeant
2505 1755 2558 1810 in
2588 1755 2852 1812 memoria
2883 1763 2938 1811 et
2964 1765 3272 1828 praeparent
3299 1773 3357 1813 se
3385 1757 3458 1813 ad
3486 1773 3570 1814 ea.
3600 1759 3748 1815 Con-

427 1847 624 1927 μνήμῃ
695 1846 829 1904 αὐτὰ
910 1844 1085 1924 ἔχειν,
1143 1841 1235 1901 καὶ
1297 1836 1837 1920 προπαρεσκευάσθαι
1909 1836 2038 1916 πρὸς

2152 1842 2253 1900 fert
2282 1852 2469 1900 autem
2509 1844 2616 1900 hoc
2661 1843 2732 1901 ad
2760 1845 2994 1918 gloriam
3043 1845 3178 1917 ejus.
3211 1849 3334 1903 Non
3387 1863 3547 1918 parva
3595 1847 3750 1904 enim

426 1943 623 1997 ταῦτα.
662 1933 1047 2012 Συμϐάλλεται
1082 1931 1136 1990 δὲ
1185 1930 1275 1990 καὶ
1305 1935 1462 1989 τοῦτο
1507 1933 1581 1995 εἷς
1614 1927 1712 2000 τὴν
1744 1927 1896 1995 δόξαν
1945 1928 2040 1985 αὐ-

428 2032 550 2087 τοῦ.
587 2025 668 2086 Τὸ
715 2024 822 2105 γὰρ
869 2023 938 2083 τὰ
985 2021 1250 2100 μέλλοντα
1287 2017 1664 2095 συμϐήσεσθαι
1710 2024 1838 2105 τοῖςῌ
1861 2021 2042 2105 μαθη-

429 2120 547 2183 ταῖς
571 2118 666 2174 ὑπ’
717 2097 882 2174 αὐτοῦ
928 2111 1458 2192 προαναφωνεῖσθαι,
1509 2109 1567 2166 οὗ
1606 2105 1772 2186 μικρὰ
1803 2097 1870 2179 ἦν
1918 2104 2040 2174 δόξα

431 2209 592 2265 αὗτοῧ
611 2250 629 2279 ,
657 2199 1217 2280 ὑπομιμνησκομένων
1261 2198 1478 2277 ὕστερον
1504 2199 1610 2255 τῶν
1649 2199 1927 2272 μαθητῶν,
1960 2194 2042 2254 ὅτι

431 2303 605 2355 ταῦτα
648 2299 676 2353 ὁ
722 2293 915 2369 Κύριος
967 2293 1142 2358 αὐτοῖς
1188 2287 1456 2367 προέλεγε.
1494 2284 1714 2352 Δειχνὺς
1759 2284 1815 2344 δὲ
1859 2281 1939 2344 ὅτι
1981 2286 2040 2344 οὗ

431 2391 524 2444 νῦν
553 2386 765 2464 πρῶτος
796 2380 869 2460 .
913 2378 1175 2462 πρῶτον),
1219 2378 1357 2436 ἀλλὰ
1388 2376 1481 2435 καὶ
1515 2377 1620 2454 πρὸ
1647 2376 1845 2464 πολλοῦ
1876 2373 2042 2453 γινώ-

430 2497 553 2534 σκει
572 2463 707 2546 ,ὅτι
748 2473 1066 2544 ζητήσουσιν
1097 2468 1256 2528 αὐτὸν
1286 2469 1340 2526 ἐν
1367 2473 1683 2546 πειρασμοῖς
1729 2463 1902 2537 ὄντες,
1933 2489 2041 2546 φη-

431 2565 548 2636 σὶν,
579 2561 663 2620 ὅτι
692 2560 786 2620 καὶ
815 2567 923 2626 τοῖς
960 2557 1238 2622 Ἰουδαίοις
1267 2555 1396 2614 αὐτὸ
1428 2559 1582 2614 τοῦτο
1611 2544 1756 2614 εἶπεν
1777 2598 1796 2632 ,
1829 2556 1901 2620 ὡς
1937 2553 2041 2634 πρὸ

428 2655 638 2712 πολλοῦ
665 2651 834 2716 εἰδώς.
866 2650 947 2709 Τὸ
987 2648 1073 2720 δὲ,
1109 2668 1138 2704 α
1172 2645 1355 2708 ⁰Οπου
1385 2644 1491 2722 ἐγὼ
1535 2641 1754 2721 ὑπάγω,
1787 2665 1815 2700 ι
1848 2641 2039 2722 εἰπὼν,

432 2742 674 2802 δείκνυσι
720 2739 811 2798 τὸν
842 2739 1066 2796 θάνατον
1099 2737 1259 2795 αὐτοῦ
1293 2733 1593 2812 μετάϐασιν
1638 2734 1765 2792 ὄντα
1803 2730 1898 2790 καὶ
1941 2755 2040 2810 με·

431 2833 696 2892 τάστασιν
751 2828 1029 2908 κρείττονα
1087 2829 1160 2894 εἶς
1207 2825 1367 2884 τόπον
1425 2821 1652 2900 σώματα
1702 2820 1911 2902 φθαρτὰ
1965 2821 2040 2898 μὴ

436 2921 746 3002 δεχόμενον.
779 2921 905 2984 Τοῖς
936 2917 1032 2994 μὲν
1088 2914 1360 2982 Ἰουδαίοις
1396 2911 1737 3002 ἔλεγεν,ῗδτι
1786 2933 1816 2971 α
1856 2911 2040 3002 Ζητή-

437 2999 559 3072 σετέ
615 3033 718 3087 με,
771 3008 861 3066 καὶ
911 3004 1046 3065 ὅπου
1096 3004 1202 3085 ἐγὼ
1245 3001 1466 3083 ὑπάγω,
1521 3001 1672 3078 ὑμεῖς
1720 3003 1778 3061 οὗ
1821 2999 2043 3060 δύνασθε

445 3103 613 3160 ἐλθεῖν
635 3145 652 3171 ,
685 3121 715 3157 n
754 3095 917 3177 φόϐον
949 3097 1126 3163 αὐτοῖς
1163 3092 1434 3153 ἐπισείων·
1491 3091 1598 3159 τοῖς
1653 3088 1709 3150 δὲ
1756 3094 2048 3169 μαθηταῖς,

2151 1932 2328 2006 gloria
2357 1933 2477 2006 ejus
2506 1933 2634 2000 fuit,
2664 1933 2812 2006 quod
2841 1934 3122 2006 discipulis
3153 1933 3410 2006 praedixit
3435 1951 3560 2007 quae
3582 1952 3746 1993 even-

2150 2029 2275 2078 tura
2300 2031 2482 2078 essent
2505 2023 2605 2091 eis,
2638 2023 3056 2079 recordantibus
3084 2032 3273 2096 postea
3298 2023 3580 2096 discipulis
3599 2025 3752 2098 quod

2148 2110 2239 2166 illa
2267 2111 2350 2168 eis
2398 2119 2582 2167 essent
2625 2112 2905 2183 praedicta.
2948 2115 3261 2169 Monstrans
3299 2123 3504 2181 autem,
3541 2130 3599 2170 se
3637 2130 3749 2170 non

2145 2207 2280 2256 tunc
2318 2199 2556 2271 primum
2621 2217 2980 2273 cognoscere,
3025 2201 3122 2258 sed
3171 2203 3349 2258 multo
3390 2212 3552 2260 antea
3601 2203 3748 2276 quod

2149 2289 2438 2362 quaesituri
2461 2297 2647 2346 essent
2674 2290 2855 2361 ipsum
2875 2290 2933 2346 in
2961 2291 3407 2348 tribulationibus
3436 2293 3745 2362 constituti,

2149 2377 2304 2448 dicit,
2331 2378 2482 2450 quod
2513 2388 2569 2436 et
2613 2381 2822 2436 Judazis
2859 2380 3009 2437 istud
3056 2382 3240 2452 ipsum
3286 2381 3506 2449 dixerit,
3561 2391 3751 2455 utpote

2151 2469 2245 2540 qui
2293 2470 2474 2524 multo
2520 2477 2644 2524 ante
2688 2469 2924 2526 sciverit.
2975 2471 3098 2526 Hoc
3161 2479 3370 2539 autem,
3405 2493 3432 2520 «
3465 2473 3590 2541 Quo
3645 2489 3749 2545 ego

2151 2556 2311 2626 vado,
2342 2576 2372 2613 ››
2408 2557 2610 2614 indicat
2637 2558 2756 2630 ejus
2784 2566 3048 2625 mortem,
3077 2573 3202 2630 quae
3247 2559 3512 2615 transitus
3541 2569 3659 2617 erat
3686 2576 3752 2616 ac

2149 2646 2436 2704 translatio
2462 2646 2517 2702 in
2543 2655 2749 2704 statum
2777 2647 3086 2716 meliorem,
3119 2648 3177 2703 in
3216 2649 3395 2703 locum
3415 2649 3751 2722 corruptibi-

2150 2737 2225 2793 lia
2265 2753 2496 2810 corpora
2525 2753 2638 2793 non
2678 2737 3091 2810 suscipientem.
3137 2739 3312 2811 Igitur
3348 2738 3558 2796 Iudaeis
3593 2739 3748 2796 dice-

2149 2826 2264 2896 bat,
2301 2849 2327 2875 α
2365 2827 2633 2899 ροωτειίε
2658 2843 2771 2897 me,
2813 2835 2868 2884 et
2902 2844 3012 2900 quo
3042 2844 3143 2901 ego
3173 2828 3333 2896 vado,
3366 2845 3464 2885 vos
3502 2845 3617 2885 non
3648 2845 3756 2900 po-

2151 2917 2307 2974 testis
2336 2919 2526 2974 venire
2560 2935 2576 2974 :
2626 2940 2651 2967 »
2681 2918 2941 2973 timorem
2995 2918 3103 2974 illis
3144 2918 3438 2985 incutiens,
3467 2918 3752 2991 discipulis

2157 3016 2340 3063 autem
2368 3006 2702 3063 desiderium
2731 3007 3056 3064 accendens.
3087 3009 3312 3064 Etenim
3341 3009 3753 3080 consuevimus,

2157 3096 2378 3167 quando
2406 3096 2650 3153 videmus
2666 3095 2939 3168 quosdam
2963 3113 3029 3153 ex
3057 3097 3250 3153 amicis
3268 3096 3605 3167 secedentes,
3635 3114 3756 3154 ma-

441 3191 534 3248 τὸν
582 3189 740 3247 πόθον
773 3185 1036 3254 ἐξάπτων.
1090 3185 1199 3245 Καὶ
1247 3181 1347 3262 γὰρ
1380 3179 1638 3258 εἰώθαμεν
1672 3178 1798 3239 ὅταν
1846 3177 2042 3256 ἴδωμέν

2156 3186 2240 3258 gis
2268 3184 2514 3254 accendi,
2548 3195 2603 3242 et
2648 3187 2894 3242 maxime
2921 3186 2969 3242 si
3016 3195 3146 3242 cant
3171 3187 3224 3241 in
3252 3187 3434 3242 locum
3478 3202 3588 3258 quo
3639 3203 3756 3243 non

443 3302 594 3344 τινας
633 3281 737 3335 τῶν
763 3277 1033 3356 φιλτάτων
1063 3275 1506 3353 ἀναχωροῦντας,
1550 3270 1788 3347 μάλιστα
1831 3269 2044 3347 διαθερ-

442 3369 759 3444 μαίνεσθαι,
789 3365 884 3425 καὶ
936 3366 1141 3440 μᾶλλον
1160 3407 1178 3439 ,
1207 3361 1334 3420 ὅταν
1365 3363 1437 3428 εἷς
1477 3360 1638 3419 τόπον
1683 3357 1944 3444 ἀπίωσιν,
1978 3361 2050 3425 εἷς

440 3457 505 3517 δν
539 3461 599 3516 οὗ
650 3455 870 3515 δυνατὸν
918 3459 1049 3533 ἡμῖν
1079 3452 1346 3511 ἀπελθεῖν.
1379 3451 1488 3511 Τὸν
1533 3449 1693 3508 πόθον
1735 3439 1825 3508 οἷν
1874 3449 2048 3516 αὐτοῖς

439 3547 688 3616 ἐξάπτων
718 3544 889 3605 ταῦτά
920 3567 1068 3627 φησι.
1100 3541 1197 3604 Διὸ
1225 3539 1318 3600 καὶ
1366 3540 1449 3613 τὸ,
1491 3561 1522 3600 σ
1551 3538 1777 3611 Τεκνία,
1810 3560 1840 3596 ι)
1880 3561 2048 3619 προσ-

437 3637 662 3708 έθηκενο
713 3633 800 3694 ἵνα
850 3635 927 3711 μὴ
992 3633 1312 3710 νομίσωσιν,
1375 3633 1447 3696 ὡς
1500 3628 1608 3711 ἀπο
1653 3632 1746 3700 τῆς
1802 3627 2048 3702 τοιαύτης

442 3707 736 3791 διαθέσεως
777 3707 947 3800 rubr}
990 3707 1135 3780 εἶπεν
1185 3722 1390 3792 αὐτοῖς,
1419 3717 1510 3800 ἀφ’
1560 3707 1622 3789 ἧς
1651 3716 1742 3800 καὶ
1773 3725 1882 3783 τοῖς
1912 3716 2048 3777 ’1ου-

439 3817 606 3882 δηίοις
627 3860 646 3890 ,
678 3813 797 3872 ἀλλ’
845 3785 1169 3890 ἐξῖάγάπης.
1202 3785 1506 3882 Ἐζήτησάν
1557 3806 1652 3882 μὲν
1683 3795 1772 3865 οὖν
1803 3806 1958 3865 αὐτὸν
1999 3807 2047 3864 οἱ

441 3904 732 3976 Ἰουδαῖοι,
765 3900 850 3961 ὅτε
891 3906 926 3973 ἡ
955 3900 1107 3967 πόλις
1137 3901 1310 3958 αὐτῶν
1364 3898 1538 3974 ἑάλω,
1579 3896 1670 3954 καὶ
1711 3899 1746 3968 ἡ
1797 3895 2050 3966 θεήλατος

438 3994 572 4074 ὀργὴ
623 3994 882 4052 πάντοθεν
935 3990 1053 4050 κατ’
1087 3991 1259 4050 αὐτῶν
1305 3988 1548 4069 ἐφέρετο,
1595 3988 1667 4051 ὡς
1718 3985 1808 4044 καὶ
1860 3983 2050 4057 Ἰώση-

442 4107 542 4151 πος
602 4090 866 4162 μαρτυρεῖ
924 4079 1012 4140 διὰ
1071 4079 1162 4138 τὸν
1215 4079 1442 4138 θάνατον
1499 4081 1589 4134 τοῦ
1645 4075 1822 4148 Ἰησοῦ
1877 4080 2048 4134 ταῦτα

440 4175 622 4240 αὐτοῖς
666 4173 932 4242 γενέσθαι.
971 4171 1042 4232 Οἱ
1096 4167 1152 4228 δὲ
1205 4165 1470 4247 μαθηταὶ,
1516 4166 1603 4225 ὅτε
1650 4163 1907 4244 ἔφευγον,
1959 4163 2046 4223 ὅτε

445 4264 622 4330 ἄλλως
674 4260 981 4321 ἐθλίϐοντο·
1033 4259 1114 4318 διὸ
1157 4257 1248 4317 καὶ
1302 4259 1577 4335 ἀλλαχοῦ,
1615 4277 1646 4310 α
1700 4253 2047 4334 Ἀρθήσεται,

444 4353 639 4432 φησὶν,
665 4355 692 4410 ὃ
720 4351 975 4430 νυμφίος,
1008 4349 1098 4408 καὶ
1127 4345 1500 4422 νηστεύσουσιν
1536 4347 1583 4404 οἱ
1614 4343 1756 4425 φίλοι
1783 4349 1874 4403 τοῦ
1915 4367 2050 4420 νυμ-

445 4431 638 4524 φῶνος.
689 4463 719 4501 ι
778 4440 1038 4520 Προλέγει
1099 4431 1306 4498 οὗντὰ
1381 4435 1644 4528 μέλλοντα
1699 4433 1792 4528 καί
1841 4433 2044 4528 τούτοις
2076 4467 2125 4528 D

444 4522 712 4599 διάκείνοις
733 4576 751 4608 ,
786 4534 891 4596 τοῖς
922 4528 1018 4608 μὲν
1051 4527 1139 4586 διὰ
1167 4527 1262 4600 τὴν
1296 4524 1581 4599 ἀπιστίαν,
1613 4535 1720 4591 τοῖς
1746 4522 1800 4581 δὲ
1833 4523 1920 4584 διὰ
1948 4522 2046 4596 τὴν

444 4622 698 4701 ἀγάπην,
731 4619 823 4678 καὶ
859 4619 922 4678 τὸ
953 4616 1028 4698 μὴ
1062 4617 1478 4698 ἀπροσδοκήτοις
1518 4617 1768 4694 ἐμπεσεῖν
1799 4620 1906 4680 τοῖς
1947 4615 2053 4672 δει-

443 4714 571 4779 νοῖς.
649 4710 872 4779 Ἐπειδὴ
935 4709 1007 4774 εἶς
1063 4705 1281 4786 θόρυϐον
1344 4703 1532 4772 αὐτοὺς
1593 4706 1851 4780 ἐμπεσεῖν
1916 4702 2053 4768 εἰκὸς

446 4793 547 4874 ἧν,
575 4807 743 4860 ταίτα
776 4797 1064 4865 ἀκούοντας
1089 4799 1161 4863 ὡς
1207 4794 1434 4874 ἐρήμους
1481 4793 1771 4871 μέλλοντας
1805 4791 2017 4852 ἔσεσθαι
2037 4836 2054 4867 ,

446 4896 847 4971 παραμυθεῖται
891 4886 1108 4963 αὐτοὺς,
1160 4886 1257 4958 Μὴ
1312 4888 1563 4964 ἀλγεῖτε,
1612 4885 1810 4962 λέγων’
1860 4882 2052 4958 δίδωμι

445 4981 552 5062 γὰρ
600 4984 727 5058 ὑμῖν
775 4979 990 5060 φύλακα
1043 4975 1258 5058 ἰσχυρὸν
1318 4973 1416 5048 τὴν
1470 4974 1710 5052 ἀγάπην.
1765 4971 1898 5032 Ἐὰν
1949 4971 2051 5053 γὰρ

444 5069 651 5142 ταύτην
695 5068 853 5149 ἔχητε
874 5113 892 5145 ,
925 5067 1179 5140 ἀήττητοι
1224 5063 1409 5126 ἔσεσθε
1430 5110 1448 5140 ,
1482 5063 1574 5123 ὑπ’
1603 5065 1849 5135 ἀλλήλων
1889 5063 2049 5121 δυνα-

446 5164 730 5241 μούμενοι.
770 5151 905 5219 Εἶτα
931 5158 1121 5241 ἐπειδὴ
1154 5155 1426 5235 ἠπόρησεν
1460 5154 1524 5213 ἄν
1552 5177 1654 5221 τις·
1689 5157 1815 5220 Πῶς
1855 5151 2050 5241 ,καινὴν

442 5237 668 5323 ἐντολὴν
698 5249 884 5324 δίδως,
923 5237 968 5306 ὦ
1006 5248 1206 5328 Κύριε,
1254 5245 1350 5319 τὴν
1397 5245 1644 5324 ἀγάπην,
1677 5243 1744 5316 ἢν
1781 5240 1873 5301 καὶ
1903 5245 1956 5300 ἐν
1984 5246 2052 5324 τῇ

445 5345 678 5420 Παλαιᾷ
745 5336 1232 5414 νενομοθετημένην
1307 5334 1563 5412 οἴδαμεν;
1635 5332 1908 5415 ἐπιφέρει,
1971 5331 2053 5391 ὅτι

445 5456 478 5491 α
520 5429 717 5498 Καθὼς
749 5428 856 5510 ἐγὼ
892 5429 1158 5507 ἠγάπησα
1185 5431 1353 5504 ὑμᾶς,
1381 5423 1468 5483 ἵνα
1499 5423 1592 5482 καὶ
1637 5424 1897 5494 ἀλλήλους
1925 5424 2050 5499 ἀγαο

441 5532 601 5585 πᾶτε.
648 5544 680 5581 n
723 5518 945 5602 Ὥσπερ
993 5517 1102 5598 γὰρ
1135 5513 1279 5596 ἐγὼ,
1333 5514 1500 5597 φησὶ,
1539 5513 1742 5592 δωρεὰν
1789 5511 2050 5590 ἠγάπησα

505 5724 551 5759 “
574 5719 790 5782 Matth.
825 5733 912 5788 ιχ,
944 5723 1045 5785 15;
1082 5715 1224 5771 Luc.
1255 5726 1316 5770 v.
1343 5717 1431 5770 35.

2155 3281 2246 3330 est
2278 3274 2536 3346 possibile
2561 3291 2666 3331 nos
2702 3274 2801 3331 ire.
2850 3275 3022 3346 Igitur
3049 3274 3384 3332 desiderium
3414 3275 3520 3332 illis
3554 3291 3752 3332 accen-

2156 3363 2312 3431 dens,
2344 3363 2462 3421 hazc
2488 3364 2636 3422 dicit.
2685 3365 2814 3422 Ideo
2846 3373 2903 3422 et
2934 3388 2960 3414 ι
3005 3365 3145 3433 Filii,
3188 3388 3214 3414 ι»
3251 3365 3456 3437 adjecit
3511 3383 3527 3422 :
3580 3374 3637 3422 ut
3684 3382 3757 3422 ne

2153 3462 2351 3526 putent
2375 3454 2523 3527 quod
2553 3453 2745 3511 eadem
2776 3453 3071 3511 affectione
3097 3471 3206 3527 qua
3249 3455 3474 3524 Judmis,
3525 3455 3645 3512 haec
3678 3456 3758 3512 eis

2155 3545 2229 3600 sit
2271 3545 2506 3611 locutus,
2539 3545 2635 3601 sed
2665 3561 2732 3602 ex
2783 3545 3063 3601 charitate.
3110 3546 3492 3614 Quaesiverunt
3532 3545 3756 3618 quidem

2154 3649 2283 3690 eum
2310 3633 2512 3700 Judmi,
2565 3634 2788 3705 quando
2816 3635 3012 3691 civitas
3046 3635 3297 3705 ipsorum
3343 3643 3498 3708 capta
3545 3644 3650 3701 est,
3703 3643 3760 3692 et

2153 3721 2232 3778 ira
2278 3723 2542 3779 divinitus
2587 3723 2834 3779 immissa
2863 3723 3108 3795 undique
3145 3724 3203 3778 in
3253 3739 3348 3779 eos
3399 3725 3564 3792 venit,
3613 3724 3760 3780 sicut

2156 3819 2214 3868 et
2241 3812 2520 3884 Josephus
2546 3819 2780 3867 testatur
2821 3820 3044 3884 propter
3088 3819 3329 3868 mortem
3356 3813 3487 3868 Jesu
3527 3814 3608 3868 eis
3636 3813 3756 3869 haec

2154 3901 2418 3957 evenisse.
2451 3901 2718 3972 Discipuli
2740 3909 2951 3971 autem,
2973 3901 3194 3974 quando
3223 3900 3500 3972 fugerunt,
3531 3909 3587 3956 et
3613 3902 3753 3958 alias

2155 3989 2346 4048 afﬂicti
2375 3999 2523 4058 sunt,
2568 3999 2855 4063 pr0pterea
2886 3999 2942 4047 et
2981 3990 3086 4046 alio
3135 3991 3256 4046 loco
3302 3989 3368 4058 δι,
3403 4014 3428 4040 α
3479 3990 3752 4061 Tolletur,

2155 4081 2354 4153 inquit,
2387 4098 2640 4154 sponsus,
2671 4089 2726 4137 et
2743 4081 3069 4154 jejunabunt
3097 4079 3263 4137 amici
3301 4080 3551 4137 thalami.
3581 4105 3607 4131 ιο
3643 4083 3752 4137 lta-

2155 4187 2261 4244 que
2299 4170 2483 4228 futura
2543 4171 2788 4243 praedicit
2833 4179 2890 4228 et
2933 4171 3018 4227 his
3063 4178 3118 4226 et
3165 4171 3312 4227 illis:
3369 4172 3478 4228 illis
3527 4171 3755 4244 quidem

2157 4271 2382 4333 propter
2426 4261 2882 4329 incredulitatem,
2910 4260 2996 4316 his
3021 4270 3206 4318 autem
3231 4271 3454 4334 propter
3481 4278 3754 4331 amorem,

2156 4367 2227 4406 ne
2248 4351 2620 4422 inexspectata
2645 4349 2956 4407 inciderent
2983 4353 3144 4408 mala.
3185 4354 3255 4406 Et
3283 4353 3550 4424 quoniam
3601 4352 3750 4408 veri-

2156 4440 2332 4496 simile
2388 4439 2720 4511 696erat,
2762 4438 3054 4496 audientes
3105 4439 3234 4496 talia
3283 4440 3493 4496 turbari
3540 4441 3753 4511 animo,

2161 4535 2223 4585 ut
2249 4529 2525 4586 solitarios
2552 4527 2770 4586 futuros
2789 4530 3128 4598 consolatur,
3156 4531 3238 4585 Ne
3264 4527 3516 4598 doleatis,
3544 4529 3756 4598 dicens,

2158 4619 2231 4676 do
2257 4619 2408 4676 enim
2436 4618 2593 4676 vobis
2611 4618 2897 4676 custodem
2917 4618 3144 4686 fortem,
3175 4619 3351 4690 ipsam
3375 4618 3754 4687 dilectionem,

2159 4725 2330 4782 quam
2368 4709 2411 4765 si
2459 4707 2784 4776 habueritis,
2836 4708 2976 4764 inter
3013 4724 3108 4765 vos
3152 4708 3514 4778 corroborati,
3571 4708 3758 4765 invicti

2159 4800 2332 4856 eritis.
2365 4799 2580 4855 Deinde
2607 4799 2651 4855 si
2675 4797 3018 4856 dubitaverit
3044 4799 3189 4872 quis,
3217 4799 3514 4870 Quomodo
3534 4798 3760 4856 manda-

2160 4898 2281 4945 tum
2309 4904 2516 4946 novum
2543 4887 2664 4956 das,
2707 4904 2740 4945 ο
2769 4889 3028 4959 Domine,
3054 4889 3379 4946 charitatem
3407 4905 3576 4963 quam
3617 4898 3673 4945 et
3700 4888 3754 4944 in

2161 4979 2329 5036 veteri
2355 4979 2472 5052 lege
2491 4978 2678 5035 datam
2701 4979 2943 5037 scimus?
2973 4978 3182 5048 subdit,
3215 4999 3244 5032 ι(
3273 4981 3428 5037 Sicut
3450 4995 3553 5052 ego
3591 4979 3758 5035 dilexi

2161 5086 2280 5137 vos,
2312 5069 2387 5125 ita
2415 5077 2471 5125 et
2499 5085 2596 5126 vos
2624 5077 2883 5126 mutuum
2921 5068 3178 5142 diligatis.
3214 5093 3240 5120 ι»
3270 5067 3759 5142 Quemadmodum

2159 5160 2307 5216 enim
2350 5175 2475 5232 ego,
2528 5159 2726 5230 inquit,
2781 5159 2948 5231 gratis
2999 5158 3164 5215 dilexi
3214 5175 3332 5226 vos,
3384 5157 3545 5213 nullis
3597 5157 3762 5212 bonis

2161 5249 2418 5322 Operibus
2442 5249 2642 5306 vestris
2670 5249 3126 5321 praecedentibus,
3153 5247 3251 5304 sed
3297 5255 3353 5303 et
3379 5263 3509 5303 cum
3537 5246 3762 5304 inimica

2161 5348 2308 5397 esset
2331 5339 2576 5396 humana
2605 5348 2828 5406 natura,
2859 5355 2980 5394 eam
3006 5338 3244 5410 suscepi,
3275 5336 3714 5409 sanctiﬁcavique
3745 5353 3757 5394 :

2162 5430 2236 5487 ita
2265 5438 2323 5487 et
2342 5446 2438 5488 vos
2467 5429 2636 5503 gratis
2663 5453 2688 5478 ει
2720 5429 2927 5501 diligite
2970 5427 3116 5482 inter
3161 5442 3258 5484 vos
3291 5445 3306 5484 :
3341 5449 3367 5475 ι
3397 5427 3565 5484 etiam
3591 5427 3639 5484 si
3673 5427 3758 5484 of-

2159 5519 2396 5578 fenderit
2423 5528 2478 5576 te
2519 5518 2710 5587 frater,
2757 5532 2826 5574 ne
2863 5515 3167 5574 recorderis
3204 5516 3345 5590 ejus.
3405 5515 3566 5577 Vides
3613 5517 3765 5591 quod
