4128 6428
481 380 580 432 167

1483 375 2003 431 THEOPHYLACTI
2040 374 2398 430 BULGARUE
2437 374 2750 430 ARCHIEP.

3682 378 3788 430 168

471 499 578 556 hoc
611 500 685 557 sit
727 515 935 557 novum
977 499 1326 569 mandatum,
1363 499 1708 572 diligendum
1757 500 2066 572 proximum

2188 502 2348 576 ὑμᾶς,
2400 501 2460 558 οὗ
2489 497 2948 578 προϋπαρχόντων
2978 498 3126 574 ὑμῶν
3155 495 3610 576 κατορθωμάτων,
3647 497 3784 556 ἀλλὰ

471 590 556 644 cui
585 589 725 645 nihil
773 589 1008 647 debeas?
1037 592 1150 645 Lex
1189 599 1376 646 autem
1417 590 1631 646 dicebat
1674 590 1740 658 ‘5,
1776 613 1802 638 «ι
1861 591 2072 660 Diliges

476 679 718 734 amicum
746 687 906 734 tuum
958 699 1034 734 ε»
1087 689 1147 734 ut
1175 679 1421 735 debitum
1473 679 1724 750 proximo
1783 678 1877 751 qui
1925 679 2075 749 prius

477 766 785 838 inceperat,
885 767 1238 824 dilectionem
1345 768 1764 824 retribuendum
1853 766 2070 839 jubens.

472 856 770 911 Declarans
827 865 1014 912 autem
1080 857 1233 929 quod
1308 873 1424 912 non
1477 857 1859 928 exstinguendi
1948 865 2074 927 post

474 960 632 1000 suam
669 945 1080 1016 migrationem,
1129 945 1223 1001 sed
1271 947 1532 1001 clariores
1573 945 1742 1000 futuri
1784 946 1913 1012 sint,
1985 945 2069 1001 di-

473 1033 552 1088 cit
600 1053 614 1089 :
674 1056 698 1082 ι
749 1036 820 1089 ,Ιιι
868 1035 973 1090 hoc
1015 1035 1188 1090 scient
1235 1051 1451 1090 omnes.
1510 1059 1534 1083 ››
1582 1034 1748 1089 Vides
1791 1033 2072 1106 quomodo

474 1131 684 1178 asserat
712 1139 806 1178 eos
834 1124 903 1179 ab
931 1125 1190 1179 omnibus
1221 1123 1655 1195 cognoscendos,
1689 1140 1784 1193 per
1811 1123 1916 1178 hoc
1952 1123 2073 1179 illos

474 1227 587 1267 non
615 1228 814 1283 parum
841 1214 1176 1269 consolans?
1210 1213 1454 1284 Reliquit
1484 1213 1748 1268 indicium
1786 1221 1840 1268 et
1875 1212 2070 1267 chara-

473 1308 683 1356 cterem
713 1318 744 1356 a
783 1301 1078 1369 miraculis,
1113 1319 1144 1358 a
1175 1301 1442 1356 charitate
1472 1311 1656 1357 autem
1697 1318 1843 1356 nunc
1870 1317 2074 1373 cogno-

475 1390 694 1446 scibiles
741 1391 886 1446 facit.
920 1391 1080 1446 Multi
1112 1391 1260 1446 enim
1292 1399 1441 1459 sunt,
1485 1391 1574 1461 qui
1636 1391 1901 1445 miracula
1930 1389 2072 1446 fece-

473 1487 628 1548 runt,
659 1480 897 1536 audituri
921 1480 986 1550 ⁵⁸,
1017 1503 1039 1527 σι
1075 1480 1269 1536 Nescio
1300 1497 1414 1535 vos.
1449 1503 1474 1528 ιι
1509 1479 1672 1548 Quod
1703 1489 1888 1535 autem
1924 1487 2075 1534 totus

475 1569 624 1625 orbis
650 1569 932 1624 miraculis
961 1568 1032 1624 ad
1052 1569 1216 1624 [idem
1246 1569 1518 1625 adductus
1537 1570 1628 1637 sit,
1667 1570 1800 1640 quid
1832 1570 2077 1624 mirum?

475 1657 611 1727 Quia
640 1659 786 1713 enim
821 1658 1060 1713 charitas
1087 1657 1300 1725 aderat,
1332 1657 1455 1714 ideo
1503 1667 1561 1714 et
1610 1659 1786 1714 virtus
1828 1657 1899 1713 ad
1941 1673 2073 1729 ope-

472 1747 711 1803 randum
766 1748 1033 1803 miracula
1078 1764 1188 1803 non
1239 1747 1446 1803 deerat.
1516 1748 1677 1816 Quod
1715 1747 1763 1803 si
1809 1747 1970 1802 divisi
2023 1754 2078 1802 et

471 1835 709 1892 distincti
754 1836 1006 1906 fuissent,
1055 1838 1241 1892 omnia
1273 1837 1555 1908 perissent,
1598 1846 1653 1892 et
1683 1838 1866 1892 nullus
1901 1837 2078 1892 credi—

471 1925 646 1981 disset
714 1926 819 1982 illis
884 1927 956 1983 ita
1009 1935 1199 1982 contra
1236 1941 1294 1982 se
1349 1925 1676 1982 furentibus.
1732 1931 1922 1997 Itaque
1983 1942 2078 1981 eos

473 2016 670 2086 majori
709 2017 980 2072 miraculo
1027 2016 1221 2087 dignos
1275 2015 1533 2078 faciebat,
1575 2016 1723 2087 quod
1764 2032 1875 2070 una
1935 2025 2079 2071 esset

471 2105 681 2175 anima,
711 2113 768 2159 et
797 2119 974 2160 unum
1003 2121 1099 2160 cor
1135 2104 1475 2159 credentium
1497 2104 1562 2158 ⁸⁷.

2186 590 2278 648 καὶ
2325 591 2516 667 ἐχθρᾶς
2549 588 2739 658 οὔσης,
2792 585 2879 645 καὶ
2921 585 3330 664 κατηργημένης
3369 590 3463 659 τῆς
3516 587 3787 668 ἀνθρωπί-

2184 701 2278 749 νης
2327 677 2562 756 φύσεως,
2631 676 2774 754 ὅμως
2824 675 2981 741 αὐτὸς
3030 674 3373 751 ἐπελαϐόμην
3438 675 3635 749 ταύτης
3695 677 3789 735 καὶ

2183 767 2416 843 ἡγίασα·
2465 768 2600 825 οὕτω
2649 767 2737 824 καὶ
2768 769 2918 840 ὑμεῖς
2964 765 3165 842 δωρεὰν
3231 787 3260 820 (ι
3312 767 3560 842 ἀγαπᾶτε
3611 765 3789 836 ἀλλήη

2182 858 2302 924 λους
2322 881 2334 894 ·
2361 878 2390 914 ι)
2429 855 2528 914 κᾶν
2554 855 2885 934 σκανδαλίσῃ
2919 878 2977 912 σε
3009 857 3036 910 6
3064 854 3286 934 ἀδελφὸς
3305 898 3320 925 ,
3350 853 3426 930 μὴ
3455 858 3790 935 ἐπιμνησθῇς

2182 948 2394 1006 τούτου.
2436 944 2605 1026 (Ορᾷς
2649 945 2732 1004 ὅτι
2789 943 2945 1002 τοῦτό
2994 945 3132 1001 ἐστιν
3194 949 3229 1015 ἡ
3264 944 3418 1014 καινὴ
3474 946 3677 1017 ἐντολὴ,
3727 945 3792 1003 τὸ

2184 1035 2348 1110 μηδὲν
2383 1035 2659 1113 ὀφείλοντα
2705 1035 2781 1114 τῷ
2812 1033 3040 1103 πλησίον
3062 1078 3078 1104 ,
3113 1041 3310 1112 προῖκα
3344 1033 3503 1092 αὑτὸν
3534 1039 3790 1114 ἀγαπᾷν;

2182 1124 2251 1185 Ὀ
2282 1125 2336 1183 δὲ
2368 1124 2554 1201 νόμος,
2596 1145 2624 1178 (ι
2649 1123 2986 1200 Ἀγαπήσεις,
3020 1121 3189 1199 ἔλεγε,
3218 1122 3306 1180 τὸν
3334 1121 3485 1202 φίλον
3509 1146 3624 1194 σου,
3655 1146 3683 1179 ι)
3718 1127 3791 1190 ὡς

2181 1212 2334 1294 χρέος
2361 1212 2794 1290 προκατάρξαντι
2818 1217 2896 1292 τῷ
2926 1211 3151 1283 πλησίον
3172 1254 3189 1283 ,
3218 1211 3315 1282 τὴν
3350 1213 3563 1288 ἀγάπην
3599 1215 3794 1270 ἀντιδι-

2183 1307 2328 1362 δόναι
2353 1303 2604 1362 κελεύων.
2637 1300 2854 1367 Δεικνὺς
2887 1300 2960 1373 δὲ,
2987 1301 3067 1359 ὅτι
3097 1303 3154 1359 οὖ
3179 1300 3591 1374 σϐεσθήσονται,
3620 1304 3786 1361 αὐτοῦ

2183 1392 2531 1460 ἀπελθόντος,
2586 1390 2724 1448 ἀλλὰ
2772 1397 3074 1469 περιφανεῖς
3123 1389 3366 1462 ἔσονται,
3405 1390 3589 1470 φησὶν·
3631 1413 3661 1448 (ι
3691 1390 3792 1451 Ἐν

2181 1483 2350 1560 τούτῳ
2391 1481 2684 1557 γνώσονται
2738 1479 2951 1545 πάντες.
3007 1501 3036 1536 ι)
3079 1478 3246 1559 Ὁρᾷς
3297 1483 3412 1546 πῶς
3457 1478 3790 1556 διαγνωσθή-

2184 1577 2370 1630 σεσθαι
2429 1569 2620 1636 αὐτοὺς
2671 1568 2819 1648 παρὰ
2876 1577 3043 1626 πᾶσιν
3101 1568 3488 1648 ἀποφαίνεται,
3535 1592 3791 1648 παραμυ-

2183 1659 2430 1736 θούμενος
2486 1659 2675 1724 αὐτοὺς
2727 1660 2787 1716 οὐ
2838 1662 3039 1736 μικρῶς
3097 1654 3184 1714 διὰ
3235 1656 3456 1730 τούτους
3509 1657 3680 1734 Ἀφεὶς
3732 1658 3791 1716 δὲ

2185 1749 2290 1806 ἀπὸ
2327 1754 2434 1807 τῶν
2489 1748 2780 1824 θαυμάτων
2837 1745 3023 1812 αὐτοὺς
3066 1746 3493 1826 χαρακτηρίσαι,
3545 1747 3650 1805 ἀπὸ
3694 1751 3793 1816 τῆς

2186 1838 2399 1918 ἀγάπης
2447 1835 2849 1916 χαρακτηρίζει.
2912 1834 3115 1896 Πολλοὶ
3165 1835 3268 1914 γὰρ
3319 1835 3572 1918 θαύματα
3631 1836 3790 1908 ποιή-

2187 1915 2403 1997 σαντες,
2439 1915 2722 2002 μέλλουσιν
2756 1924 2986 1998 ἀκούειν,
3039 1925 3118 1983 ὅτι
3157 1947 3188 1982 ι(
3233 1925 3354 1984 Οὐκ
3395 1915 3512 1982 οῖδα
3552 1929 3712 2001 ὑμᾶς.
3749 1947 3784 1983 ι)

2189 2017 2255 2077 Εἰ
2287 2016 2340 2074 δὲ
2372 2019 2460 2074 καὶ
2490 2024 2637 2073 πᾶσα
2661 2020 2694 2086 ἡ
2731 2013 3010 2090 οἰκουμένη
3037 2013 3138 2072 ὑπὸ
3168 2017 3272 2071 τῶν
3304 2015 3592 2090 θαυμάτων
3622 2039 3790 2095 προσ-

2191 2105 2332 2184 ήχθη
2463 2104 2656 2177 πίστει,
2706 2104 2756 2162 τί
2792 2103 3131 2181 θαυμαστόνς
3183 2103 3332 2162 Διότι
3378 2103 3481 2182 γὰρ
3515 2109 3549 2176 ἡ
3602 2104 3790 2183 ἀγάπη

474 2198 689 2272 παρῆν,
739 2193 826 2251 διὰ
866 2198 1022 2251 τοῦτο
1078 2194 1168 2252 καὶ
1217 2193 1344 2272 πρὸς
1389 2193 1450 2251 τὸ
1505 2200 1923 2270 θαυματουργεῖν
1963 2197 2140 2262 αὐτοῖς
2192 2196 2416 2273 δύναμις
2466 2197 2608 2266 ἐν’ἤν.
2673 2196 2740 2253 Εἰ
2793 2194 2846 2252 δὲ
2893 2194 3177 2263 διέστησαν
3233 2193 3329 2250 ἀπ’
3377 2193 3626 2264 ἀλλήλων
3699 2195 3793 2253 καὶ

474 2282 866 2361 ἐμερίσθησαν,
911 2285 1091 2341 πάντα
1149 2281 1213 2341 ἂν
1273 2285 1447 2349 αὐτοῖς
1496 2281 1599 2356 καὶ,
1650 2281 1960 2355 ἀπολώλει,
2010 2284 2102 2342 καὶ
2164 2286 2332 2350 οὐδεὶς
2381 2285 2684 2342 ἐπίστευσεν
2749 2283 2888 2341 οὕτω
2946 2282 3064 2340 κατ’
3119 2284 3368 2351 ἀλλήλων
3425 2282 3790 2359 μαινομένοις·

471 2370 653 2451 ὥσπερ
706 2363 795 2430 οὖν
846 2373 936 2430 καὶ
1004 2374 1205 2432 πολλοῦ
1273 2371 1545 2448 θαύματος
1611 2369 1798 2438 αὖτοὺς
1867 2374 2034 2432 ἐποίει
2092 2372 2266 2442 ἀξίους
2323 2371 2384 2431 τὸ
2439 2363 2574 2432 εἶναι
2630 2375 2735 2431 τῶν
2806 2371 3161 2431 πιστευόντων
3237 2370 3334 2442 τὴν
3408 2371 3627 2451 καρδίαν
3697 2373 3794 2432 καὶ

472 2460 648 2540 ψυχὴν
680 2461 829 2539 μίαν.

540 2562 716 2616 Vens.
751 2566 936 2616 36-38.
984 2579 1011 2612 «
1044 2559 1190 2615 Dicit
1219 2559 1267 2615 ei
1295 2560 1485 2615 Simon
1517 2561 1714 2616 Petrus
1761 2577 1775 2614 :
1809 2559 2074 2629 Domine,

467 2665 576 2720 quo
606 2649 789 2704 vadis?
815 2649 1120 2720 Respondit
1143 2649 1194 2704 ei
1224 2651 1384 2704 Jesus
1408 2668 1420 2703 :
1447 2649 1571 2717 Quo
1619 2665 1720 2720 ego
1750 2649 1908 2716 vado,
1963 2665 2074 2704 non

471 2746 625 2808 potes
648 2754 739 2792 me
767 2754 911 2792 nunc
934 2737 1087 2808 sequi
1122 2758 1134 2794 :
1171 2739 1418 2808 sequeris
1462 2749 1649 2793 autem
1681 2746 1888 2808 postea.
1923 2737 2075 2794 Dicit

471 2826 514 2880 ei
535 2828 726 2881 Petrus
755 2848 767 2882 :
791 2827 1046 2892 Domine,
1066 2843 1234 2898 quare
1251 2843 1360 2881 non
1385 2843 1611 2897 possum
1629 2835 1680 2881 te
1710 2827 1864 2900 sequi
1887 2830 2074 2882 nunc?

471 2914 719 2969 animam
765 2931 948 2970 meam
989 2931 1087 2985 pro
1116 2925 1170 2970 te
1199 2932 1417 2987 ponam.
1448 2916 1760 2986 Respondit
1789 2917 1834 2970 ei
1865 2918 2024 2971 Jesus
2052 2935 2065 2970 :

469 3003 738 3059 Animam
769 3014 920 3058 tuam
957 3020 1058 3076 pro
1109 3020 1202 3060 me
1248 3007 1464 3076 pones?
1505 3010 1704 3069 Amen,
1745 3021 1905 3060 amen
1945 3004 2069 3060 dico

472 3092 590 3160 tibi,
631 3109 745 3149 non
793 3101 952 3149 canet
995 3093 1190 3161 gallus,
1237 3093 1413 3150 donec
1441 3103 1527 3149 ter
1582 3109 1670 3149 me
1701 3095 2000 3165 negaveris.
2036 3117 2062 3143 π

2274 2573 2305 2610 α
2336 2550 2494 2629 Λέγει
2525 2553 2667 2631 αὐτῷ
2696 2551 2882 2627 Σίμων
2907 2551 3134 2629 Πέτρος·
3168 2548 3331 2628 Κύριε
3352 2597 3368 2622 ,
3404 2555 3504 2608 ποῦ
3534 2550 3790 2629 ὑπάγεις;

2183 2641 2469 2719 Ἀπεκρίθη
2521 2644 2664 2717 αὐτῷ
2711 2644 2738 2697 6
2783 2639 3020 2713 Ἰησοῦς·
3072 2637 3254 2698 Ὅπου
3309 2636 3415 2714 ἐγὼ
3469 2639 3692 2715 ὑπάγω,
3725 2643 3791 2699 οὗ

2184 2729 2405 2788 δύνασαί
2439 2754 2528 2807 μοι
2580 2735 2669 2788 νῦν
2716 2731 3105 2798 ἀκολουθῆσαι·
3151 2728 3370 2807 ὕστερον
3400 2727 3454 2786 δὲ
3488 2729 3792 2801 ἀκολουθή-

2181 2841 2288 2884 σεις
2319 2842 2432 2895 μοι.
2468 2818 2627 2896 Λέγει
2655 2821 2801 2898 αὐτῷ
2847 2817 3070 2897 Πέτρος·
3111 2817 3306 2896 Κύριε,
3356 2817 3498 2874 διατί
3529 2819 3586 2875 οὗ
3622 2817 3793 2876 δύνα-

2184 2909 2282 2985 μαί
2313 2931 2396 2966 σοι
2432 2910 2790 2979 ἀκολουθῆσαι
2843 2908 2991 2986 ἄρτι,
3041 2906 3134 2977 τὴν
3167 2907 3343 2987 ψυχήν
3396 2927 3493 2978 μου
3525 2907 3656 2986 ὑπὲρ
3690 2912 3790 2966 σοῦ

2179 2998 2347 3070 θήσω.
2377 3000 2662 3078 Ἀπεκρίθη
2716 3001 2859 3076 αὐτῷ
2912 3002 2939 3055 6
2996 2995 3218 3068 Ἰησοῦς·
3276 2995 3392 3066 Τὴν
3455 2996 3632 3076 ψυχήν
3690 3020 3790 3056 σου

2177 3091 2309 3165 ὑπερ
2355 3089 2485 3164 ἐμοῦ
2536 3087 2744 3161 θήσεις;
2797 3086 2999 3162 Ἀμὴν,
3053 3086 3196 3163 ἀμὴν
3248 3086 3386 3164 λέγω
3436 3109 3554 3159 σοι,
3595 3088 3654 3144 οὖ
3706 3086 3787 3163 μὴ

467 3183 817 3254 Petrus‘prm
865 3185 1042 3238 multo
1100 3183 1318 3239 fervore
1363 3183 1537 3255 magis
1584 3199 1826 3256 prazceps
1869 3182 2064 3251 factus,

2182 3176 2420 3255 ἀλέκτωρ
2453 3179 2698 3256 φωνήσῃ,
2751 3177 2847 3243 ἕως
2898 3174 2956 3233 οὑ
2991 3174 3275 3256 ἀπαρνήσῃ
3324 3199 3390 3251 με
3440 3174 3575 3254 τρίς.
3626 3197 3654 3233 ››
3712 3174 3788 3237 c0

469 3272 561 3342 qui
589 3272 875 3328 audiverat
894 3272 1198 3327 Dominum
1229 3273 1529 3341 dicentem,
1565 3296 1588 3321 ‹ι
1623 3275 1748 3343 Quo
1777 3289 1879 3341 ego
1907 3273 2066 3340 vado,

470 3376 568 3415 vos
587 3377 694 3415 non
720 3363 952 3432 potestis
979 3363 1160 3418 venire
1187 3381 1201 3418 :
1236 3385 1262 3412 η
1281 3362 1600 3435 interrogat,
1627 3389 1648 3410 ιι
1681 3364 1802 3432 Quo
1833 3363 2017 3418 vadis?
2043 3386 2068 3412 υ

470 3451 624 3522 quasi
656 3451 848 3508 dicens
879 3451 1095 3508 Christo
1129 3455 1305 3522 :Qua:
1355 3452 1455 3506 ista
1495 3461 1578 3507 est
1620 3453 1705 3507 via
1757 3468 1925 3524 quam
1969 3468 2070 3524 ego

467 3540 700 3595 transire
749 3556 864 3595 non
910 3544 1169 3612 possum?
1215 3544 1334 3597 Non
1378 3541 1524 3596 enim
1581 3542 1828 3596 discendi
1880 3541 2068 3597 animo

467 3628 792 3700 interrogat,
821 3630 916 3686 sed
951 3631 1162 3686 occulte
1197 3631 1298 3685 hoc
1328 3630 1718 3701 subsigniﬁcat,
1759 3631 1909 3702 quod
1953 3632 2068 3687 Etsi

466 3718 851 3775 difﬁcillimam
871 3720 1122 3775 omnium
1143 3720 1292 3776 viam
1307 3721 1640 3776 transiturus
1654 3722 1750 3786 sis,
1774 3729 1826 3776 te
1844 3737 2062 3792 sequar.

465 3809 548 3864 Ita
577 3825 794 3880 semper
835 3826 963 3865 cum
1011 3809 1228 3866 Christo
1267 3826 1385 3866 esse
1429 3811 1668 3866 amabat.
1706 3810 1835 3865 Ideo
1868 3819 1924 3865 et
1953 3811 2068 3881 ipse.

463 3897 536 3953 ad
580 3909 823 3955 mentem
867 3900 983 3970 ejus
1021 3900 1321 3971 respondit,
1359 3925 1383 3949 ιι
1430 3902 1556 3956 Non
1605 3909 1757 3971 potes
1785 3916 1876 3955 me
1919 3916 2068 3955 nunc

461 3988 644 4058 sequi,
671 3997 857 4059 postea
889 3997 1077 4042 autem
1120 3989 1378 4059 sequeris.
1419 4012 1444 4037 ιο
1490 3992 1566 4044 At
1595 3990 1684 4044 ille
1712 3990 1784 4044 ita
1826 3997 2066 4043 temera-

463 4075 578 4130 rius
604 4075 686 4141 lit,
731 4084 795 4130 ut
823 4076 1222 4131 contradiceret
1249 4077 1469 4132 Christo
1515 4085 1570 4132 et
1615 4093 1728 4132 non
1773 4086 2066 4132 contentus

465 4163 706 4219 oblatam
750 4180 867 4219 esse
897 4179 1052 4234 spem
1091 4164 1297 4219 bonam
1343 4165 1490 4236 quod
1542 4174 1725 4236 postea
1775 4175 2067 4223 secuturus

465 4261 630 4320 esset,
661 4261 817 4324 urget
859 4253 1212 4324 pertinaciter
1249 4272 1262 4309 :
1300 4276 1326 4302 α
1376 4255 1563 4322 Quare
1594 4271 1708 4310 non
1750 4271 1972 4327 possum
2011 4265 2065 4311 te

463 4341 634 4396 modo
663 4341 853 4413 sequi?
881 4342 1122 4398 animam
1149 4359 1332 4398 meam
1359 4360 1458 4415 pro
1496 4352 1548 4398 te
1583 4360 1805 4414 ponam.
1839 4369 1862 4392 υ
1905 4345 2064 4400 Vides

463 4429 861 4487 vehementiam
901 4431 1199 4488 desiderii?
1245 4434 1380 4502 Quia
1425 4435 1730 4490 Dominum
1777 4434 2056 4490 audiverat

460 4519 741 4576 dicentem
769 4520 814 4554 ⁴⁸
843 4541 856 4576 :
899 4544 924 4568 «ι
955 4521 1223 4592 Majorem
1247 4521 1348 4577 hac
1373 4522 1703 4578 charitatem
1734 4523 1902 4594 697
1936 4524 2060 4578 nul-

463 4607 551 4665 lus
576 4609 758 4677 habet,
788 4627 953 4682 quam
981 4619 1044 4664 ut
1079 4611 1322 4666 animam
1354 4628 1511 4667 suam
1554 4621 1720 4684 ponat
1745 4630 1844 4684 pro
1871 4613 2062 4668 amicis

463 4697 581 4753 suis
619 4716 634 4753 :
684 4722 707 4747 ιι
742 4699 1018 4754 desiderat
1058 4715 1206 4754 nunc
1235 4699 1383 4756 hunc
1415 4701 1648 4772 gradum
1688 4709 1743 4756 et
1784 4701 2062 4773 fastigium

461 4785 774 4853 charitatis;
805 4787 994 4842 etideo
1010 4788 1296 4858 pollicetur
1309 4791 1552 4844 animam
1569 4807 1723 4844 suam
1748 4806 1952 4862 ponere
1965 4808 2061 4862 pro

460 4874 724 4930 Domino.
752 4878 924 4947 Igitur
943 4877 1190 4932 Salvator
1206 4879 1469 4941 ostendit,
1485 4879 1634 4951 quod
1657 4881 1763 4934 hoc
1787 4882 1868 4934 sui
1885 4881 2057 4936 solius

460 4973 516 5020 et
545 4981 655 5019 non
679 4964 1002 5036 cujusquam
1035 4965 1275 5022 hominis
1295 4969 1385 5037 sit,
1417 4970 1548 5023 talia
1575 4984 1703 5023 cum
1730 4971 2056 5025 auctoritate

459 5054 701 5126 polliceri
737 5063 832 5110 :et
858 5054 1015 5123 dicit,
1064 5078 1090 5103 «ι
1144 5057 1473 5128 Priusquam
1525 5058 1698 5129 gallus
1743 5066 1921 5126 canat,
1971 5067 2057 5114 ter

457 5145 680 5215 negabis
708 5160 800 5200 me
850 5162 864 5199 :
908 5165 936 5198 η
985 5145 1089 5200 hoc
1143 5156 1243 5214 est,
1275 5163 1422 5202 nunc
1468 5167 1480 5202 :
1530 5163 1709 5218 neque
1746 5148 1892 5203 enim
1938 5156 2057 5203 erat

458 5249 721 5305 magnum
753 5235 1123 5290 intervallum.
1153 5238 1483 5307 intempesta
1513 5237 1660 5291 enim
1690 5246 1850 5292 nocte
1878 5237 2054 5293 disse-

459 5321 633 5390 rebat,
683 5333 741 5380 et
782 5341 910 5380 cum
957 5325 1133 5396 prima
1180 5342 1243 5381 ac
1290 5323 1533 5381 secunda
1576 5327 1828 5382 custodia
1875 5327 2054 5382 noctis

459 5413 771 5468 transierat.
805 5415 946 5484 Quia
975 5400 1145 5483 igitur
1168 5432 1364 5488 magna
1393 5415 1632 5471 charitas
1663 5415 2047 5472 contradicen-

461 5507 575 5554 tem
625 5503 847 5558 Petrum
890 5504 1040 5574 fecit,
1095 5506 1424 5562 charitatem
1472 5505 1698 5578 quidem
1758 5507 2047 5578 approbat,

529 5668 571 5701 ‘5
613 5671 785 5728 Levit.
813 5690 949 5739 xxx,
982 5679 1069 5731 18.
1146 5675 1190 5711 ⁴⁶
1221 5677 1421 5734 Matth.
1456 5692 1600 5745 xxv,
1637 5680 1737 5745 l2;
1764 5693 1872 5744 vn,
1907 5683 1993 5733 22.

2073 5676 2116 5710 ⁸⁷
2149 5683 2273 5733 Act.
2311 5692 2394 5746 IV,
2425 5683 2511 5732 32.

2185 3267 2384 3346 Πέτρος
2417 3266 2522 3324 ἀπὸ
2552 3268 2753 3336 πολλῆς
2801 3265 3123 3344 θερμότητος
3173 3263 3589 3345 προπετέστερος
3625 3267 3785 3343 γενό-

2180 3377 2365 3432 μενος,
2443 3355 2626 3426 ἐπειδὴ
2687 3355 2884 3426 ἤκουσε
2941 3361 3032 3414 τοῦ
3105 3354 3303 3433 Κυρίου
3363 3353 3638 3428 εἰπόντος,
3703 3353 3788 3414 ὅτι

2181 3466 2212 3504 α
2246 3440 2428 3503 τ’οπου
2460 3443 2562 3521 ἐγὼ
2588 3444 2801 3522 ὑπάγω,
2831 3449 2980 3520 ὑμεῖς
3009 3445 3067 3501 οὐ
3103 3443 3324 3501 δύνασθε
3360 3445 3546 3514 ἐλθεῖν,
3572 3465 3602 3501 ι)
3646 3445 3785 3522 ἐρω-

2180 3543 2262 3614 τᾷ·
2309 3557 2336 3590 (ι
2372 3536 2484 3592 Ποῦ
2536 3535 2790 3609 ὑπάγειςς
2832 3554 2860 3589 ι)
2913 3532 3110 3591 ὡσανεὶ
3140 3541 3295 3590 τοῦτο
3325 3529 3492 3610 λέγων
3539 3537 3614 3612 τῷ
3645 3535 3790 3614 Χρι-

2177 3627 2303 3700 στῷ·
2352 3623 2490 3682 Ποία
2525 3623 2639 3688 ὁδός
2696 3627 2838 3682 ἐστιν
2895 3621 3056 3697 αὕτη,
3107 3622 3170 3693 ἣν
3205 3624 3264 3679 οὐ
3295 3621 3616 3698 δυνήσομαι
3673 3621 3788 3700 ἐγὼ

2177 3713 2371 3785 ἐλθεῖν,
2438 3714 2520 3771 Οὐ
2591 3711 2694 3790 γὰρ
2757 3716 2944 3788 μαθεῖν
3002 3713 3317 3794 βουλόμενοί
3374 3716 3531 3768 τοῦτο
3589 3713 3785 3791 ἐρωτᾷ,

2177 3804 2314 3860 ἀλλὰ
2347 3802 2724 3880 κεκρυμμένως
2772 3806 2928 3858 τοῦτο
2958 3803 3246 3873 ὑποδηλοῖ,
3287 3799 3366 3858 ὅτι
3417 3798 3533 3858 Κᾶν
3581 3804 3780 3859 πασῶν

2176 3892 2574 3968 δυσκολωτέραν
2607 3891 2724 3949 ὁδὸν
2773 3891 2983 3967 μέλλεις
3031 3893 3226 3962 ἐλθεῖν,
3263 3889 3608 3960 ἀκολουθήσω
3657 3913 3781 3948 σοι·
3827 3888 3844 3902 ’

2175 3979 2339 4047 οὕτως
2369 3980 2558 4058 ἠγάπα
2591 3983 2670 4038 ἀεὶ
2701 3981 2934 4038 συνεῖναι
2965 3983 3042 4060 τῷ
3073 3981 3320 4060 Χριστῷ.
3367 3977 3464 4038 Διὸ
3495 3981 3584 4036 καὶ
3617 3979 3781 4048 αὐτὸς

2175 4070 2303 4149 πρὸς
2331 4070 2429 4142 τὴν
2477 4070 2714 4128 διάνοιαν
2747 4070 2908 4127 αὐτοῦ
2959 4069 3332 4147 ἀποκρίνεται·
3375 4090 3404 4125 (ι
3435 4069 3518 4128 Οὐ
3553 4068 3784 4127 δύνασαί

2175 4181 2267 4234 μοι
2305 4164 2393 4216 νῦν
2431 4160 2813 4228 ἀκολουθῆσαι·
2843 4157 3059 4238 ὕστερον
3100 4159 3152 4215 δὲ
3190 4157 3565 4230 ἀκολουθήσεις
3595 4181 3704 4233 μοι.
3737 4179 3770 4214 ι)

2174 4245 2245 4307 Ὀ
2291 4246 2345 4305 δὲ
2409 4245 2548 4306 οὕτω
2597 4246 2999 4327 προπετεύεται,
3051 4245 3188 4305 ὥστε
3233 4246 3326 4304 καὶ
3374 4249 3638 4305 ἀντειπεῖν
3696 4250 3782 4325 τῷ

2173 4337 2412 4416 Χριστῷ.
2447 4340 2565 4396 Οὐκ
2601 4337 2874 4416 ἀρκεσθεὶς
2904 4337 3008 4416 γὰρ
3034 4333 3195 4414 τὸ
3357 4337 3599 4414 χρηστὰς
3631 4336 3783 4394 ἐλπί-

2173 4427 2265 4492 δας
2317 4428 2541 4500 λαϐεῖν,
2578 4427 2657 4484 ὅτι
2712 4425 2932 4504 ὕστερον
2981 4425 3366 4497 ἀκολουθήσει,
3418 4424 3654 4500 ἐπιμένει
3706 4430 3777 4505 τῇ

2176 4517 2452 4594 ἐνστάσει,
2484 4517 2577 4574 καὶ
2626 4517 3030 4584 αὖθαδιάζεται·
3071 4537 3100 4572 (ι
3133 4514 3288 4573 Διατί
3335 4515 3394 4572 οὖ
3425 4513 3657 4590 δύναμαί
3689 4537 3780 4574 σοι

2172 4605 2559 4677 ἀκολουθῆσαι;
2613 4605 2712 4676 τὴν
2767 4603 2945 4684 ψυχήν
3017 4627 3120 4677 μου
3171 4602 3302 4678 ὑπὲρ
3369 4607 3463 4660 σοῦ
3518 4603 3681 4673 θήσω.
3735 4624 3768 4660 ›)

2168 4691 2317 4772 σΟρα
2349 4696 2680 4775 σφοδρότητα
2728 4693 2916 4752 πόθου·
2969 4690 3197 4762 Ἐπειδὴ
3247 4691 3407 4763 ἤκουε
3448 4696 3538 4749 τοῦ
3573 4690 3777 4770 Κυρίου

2171 4784 2407 4851 εἰπόντος
2428 4827 2443 4855 ,
2482 4783 2563 4840 ὅτι
2604 4805 2633 4839 (ι
2662 4783 2896 4851 Μείζονα
2927 4780 3122 4853 ταύτης
3168 4781 3385 4858 ἀγάπην
3433 4780 3602 4846 οὐδεὶς
3633 4779 3772 4860 ἔχει,

2167 4870 2202 4943 ἢ
2229 4869 2317 4930 ἵνα
2345 4897 2422 4940 τις
2445 4871 2542 4943 τὴν
2574 4870 2752 4952 ψυχὴν
2782 4875 2943 4930 αὑτοῦ
2974 4876 3038 4949 θῇ
3065 4869 3198 4950 ὑπὲρ
3221 4875 3314 4928 τοῦ
3346 4869 3499 4948 φίλου
3525 4873 3707 4943 αὑτοῦ,
3733 4893 3763 4928 υ

2166 4962 2367 5041 ἐφίεται
2415 4963 2598 5020 λοιπὸν
2644 4962 2827 5020 τούτου
2859 4966 2949 5020 τοῦ
2997 4965 3228 5039 βαθμοῦ,
3282 4959 3501 5029 καὶτῆς
3543 4959 3773 5036 ἀκροτάο

2163 5075 2260 5123 της
2291 5052 2536 5129 ἀγάπης,
2587 5050 2666 5109 διὸ
2710 5052 2801 5108 καὶ
2831 5053 3169 5128 ὑπισχνεῖται
3229 5049 3396 5107 θεῖναι
3440 5047 3538 5119 τὴν
3592 5045 3774 5127 ψυχὴν

2165 5144 2326 5200 αὐτοῦ
2370 5139 2503 5222 ὑπὲρ
2552 5145 2640 5200 τοῦ
2690 5138 2908 5218 Κυρίου.
2973 5137 3046 5198 Ὀ
3093 5137 3268 5197 τοίνυν
3322 5136 3518 5216 Σωτὴρ
3563 5135 3770 5205 δεικνὺς

2165 5232 2334 5310 αὐτῷ,
2380 5229 2460 5288 ὅτι
2492 5231 2651 5289 αὐτοῦ
2685 5230 2845 5305 μόνου
2877 5227 3014 5300 ἐστὶ,
3043 5227 3136 5285 καὶ
3161 5229 3256 5286 οὑκ
3291 5226 3576 5305 ἀνθρώπου
3607 5225 3767 5299 τινὸς,

2161 5319 2222 5378 τὸ
2294 5324 2515 5378 τοιαῦτα
2574 5321 2709 5396 μετὰ
2766 5318 3040 5385 αὐθεντίας
3093 5318 3531 5393 ἐπαγγέλλεσθαι,
3603 5315 3768 5396 φησί·

2171 5431 2200 5468 ς(
2233 5409 2368 5488 Πρὶν
2417 5411 2679 5489 ἀλέκτορα
2726 5413 3016 5489 φωνῆσαι,
3067 5407 3179 5486 τρὶς
3244 5405 3532 5486 ἀπαρνήσῃ
3581 5427 3685 5483 με·
3725 5427 3758 5464 n

2160 5499 2425 5577 τουτέστι,
2462 5504 2573 5559 νῦν.
2600 5488 2746 5560 Οὐδὲν
2785 5497 2886 5578 γὰρ
2916 5488 2981 5570 ἧν
3013 5497 3149 5556 πολὺ
3181 5494 3241 5554 τὸ
3287 5496 3562 5575 διάστημα
3586 5518 3599 5532 ·
3631 5494 3769 5574 ἀωρὶ

2591 5676 2635 5710 ⁵⁸
2659 5679 2816 5733 .Ioan.
2850 5692 2954 5743 xv,
2990 5679 3074 5730 l3.
