4128 6430
361 371 463 425 H39

363 575 432 657 ἧν
491 579 710 663 φυλακὴ
765 583 860 652 τῆς
913 579 1098 645 νυκτὸς
1148 581 1446 640 διελθοῦσα.
1511 580 1667 640 Ἐπεὶ
1718 579 1890 642 τοίνυν
1941 587 1975 656 ἡ

363 672 546 743 πολλὴ
611 668 801 745 ἀγάπη
855 670 948 729 τὸν
1005 669 1208 748 Πέτρον
1268 669 1594 748 ἀντιλογικὸν
1664 671 1970 751 εἰργάσατο,

366 764 468 834 τὴν
510 762 610 839 μὲν
659 758 875 835 ἀγάπην
926 757 1286 836 ἀποδέχεται,
1331 756 1428 830 τὴν
1459 759 1512 816 δὲ
1545 760 1849 839 ἀντιλογίαν
1879 785 1974 820 πε-

371 851 632 933 ρικόπτιι.
663 849 760 908 Διὸ
787 846 881 906 καὶ
904 851 1229 924 ἀπογυνμνοῖ
1257 848 1415 906 αὐτὸν
1447 851 1539 918 τῆς
1571 847 1682 906 ἄνω
1705 849 1970 926 βοηθείας,

371 942 465 1001 καὶ
509 936 756 998 παιδεύει
803 938 1174 1013 ἐπιγινώσκειν
1231 934 1328 1006 τὴν
1388 937 1684 999 ἀσθένειαν.
1741 941 1828 1020 Εἰ,
1870 941 1974 1020 γὰρ

375 1033 614 1112 ἀγαπᾷς,
667 1027 892 1107 ὀφείλεις
923 1030 1002 1107 τῷ
1049 1026 1392 1107 ἀγαπωμένῳ
1425 1027 1723 1088 πείθεσθαι.
1760 1018 1973 1106 Εἶπον,

375 1121 459 1182 ὅτι
495 1143 525 1179 (ι
562 1121 645 1180 Οὐ
678 1117 928 1190 δύνασαι,
975 1139 1004 1174 n
1048 1115 1140 1174 καὶ
1176 1115 1486 1197 ἀντιλέγεις.
1524 1115 1630 1174 Διὰ
1661 1121 1754 1188 τῆς
1805 1118 1968 1197 ἀρνή-

383 1235 513 1278 σεως
551 1209 668 1288 εἴσῃ
719 1210 926 1286 σαφῶς,
974 1210 1055 1267 δτι
1110 1207 1214 1285 οὐχ
1261 1196 1367 1264 οἶόν
1414 1229 1473 1264 τε
1521 1205 1596 1282 μὴ
1651 1196 1897 1285 γενέσθαι
1945 1208 1974 1268 ὃ

383 1301 539 1376 λέγω.
582 1295 764 1358 "non
811 1295 1104 1374 κηδόμενος
1147 1297 1340 1368 αὐτοῦ,
1388 1295 1761 1374 συνεχώρησεν
1810 1297 1970 1357 αὐτὸν

374 1389 557 1448 πεσεῖν
579 1410 594 1426 ·
634 1386 726 1447 ἵνα
766 1384 858 1444 καὶ
890 1387 942 1444 ἐν
972 1392 1080 1451 τοίς
1110 1389 1246 1460 μετὰ
1270 1388 1469 1457 ταῦτα,
1501 1383 1627 1442 ὅταν
1657 1389 1750 1455 τῆς
1791 1390 1968 1446 οἰκου·

1149 365 1541 422 ENARRATIO
1581 367 1646 420 IN
1687 367 2122 424 EVANGELIUM
2156 368 2456 426 JOANNIS.
2495 399 2566 413 —
2606 373 2754 428 CAP.
2795 375 2927 429 XIV.

361 495 467 572 γὰρ
510 493 622 550 τῶν
671 492 880 549 νυκτῶν
925 487 1216 567 διελέγετο,
1269 489 1360 550 καὶ
1403 489 1590 570 πρώτη
1623 490 1713 551 καὶ
1760 491 1980 573 δευτέρα

2092 493 2581 552 contradictionem
2618 505 2805 553 autem
2851 506 3066 555 resecat

3588 387 3687 440 170

3116 517 3131 556 :
3175 501 3299 558 ideo
3340 512 3398 559 et
3447 504 3692 564 denudat

2085 597 2218 639 eum
2265 599 2501 656 superno
2544 586 2766 653 auxilio,
2813 595 2870 643 et
2911 587 3074 644 docet
3110 598 3171 646 ut
3220 607 3380 648 suam
3431 603 3693 666 agnoscat

2083 672 2548 729 imbecillitatem.
2611 677 2754 732 Nam
2804 676 2853 732 si
2893 677 3098 751 diligis,
3147 679 3313 737 debes
3359 682 3586 740 obedire
3638 685 3689 742 ei

2083 776 2247 834 quem
2265 762 2468 836 diligis.
2495 765 2616 820 Dixi
2639 766 2788 838 quod
2823 769 2995 822 «Non
3020 771 3214 839 possis,
3243 794 3268 818 η
3305 773 3682 831 contradicis:

2078 867 2175 922 per
2215 854 2568 923 negationem
2610 853 2785 911 disces
2814 857 3138 926 manifeste,
3191 861 3532 932 impossibile
3573 878 3688 920 non

2085 939 2204 995 ﬁeri
2238 941 2387 1012 quod
2426 943 2568 999 dico.
2619 947 2685 999 Et
2713 945 2783 1000 ita
2823 962 3012 1002 curam
3037 948 3157 1020 ejus
3194 965 3410 1021 gerens,
3441 952 3687 1023 permisit

2085 1045 2215 1085 eum
2273 1031 2492 1095 cadere,
2547 1041 2609 1089 ut
2653 1043 2710 1090 et
2759 1043 2946 1105 postea
3006 1037 3154 1093 orbis
3207 1039 3688 1099 administratione

2086 1128 2360 1190 suscepta,
2387 1123 2519 1177 nihil
2565 1122 2671 1178 tale
2711 1124 3042 1196 experiatur,
3066 1129 3164 1184 sed
3213 1139 3478 1201 agnoscat
3515 1147 3594 1188 se.
3620 1135 3688 1188 Et

2083 1206 2211 1263 vide
2235 1211 2514 1280 quomodo
2539 1212 2796 1269 ceciderit
2818 1230 2931 1269 non
2974 1217 3161 1286 semel,
3211 1217 3312 1274 sed
3343 1228 3446 1276 ter.
3479 1221 3565 1277 Ita
3593 1219 3689 1278 de-

2081 1296 2292 1354 relictio
2349 1301 2451 1356 Dei
2493 1311 2739 1358 nostram
2797 1305 2979 1376 arguit
3033 1305 3442 1378 inﬁrmitatem;
3492 1318 3546 1367 et
3591 1309 3688 1383 qui

2079 1387 2335 1457 attendit,
2369 1389 2476 1446 hoc
2505 1390 2707 1448 invenit
2727 1392 3051 1451 beneﬁcium
3076 1397 3406 1455 maximum.

372 1477 541 1552 μένης
587 1476 687 1550 τὴν
736 1473 1041 1552 οἰκονομίαν
1088 1472 1442 1546 ἀναδέξηται,
1489 1471 1565 1549 μὴ
1627 1474 1772 1553 πάθῃ
1824 1481 2019 1554 τοῦτο,
2072 1484 2190 1542 ἀλλ’
2222 1488 2549 1570 ἐπιγινώσκῃ
2604 1491 2809 1552 ἑαυτόν.
2853 1493 2963 1554 Καὶ
3003 1494 3102 1574 δρα
3153 1499 3265 1564 πῶς
3319 1495 3537 1573 ἔπεσεν,
3585 1500 3685 1579 οὐχ

370 1566 548 1642 ἅπαξ,
583 1565 724 1624 ἀλλὰ
755 1563 886 1645 τρίς·
927 1562 1115 1669 Οῧτφς
1163 1568 1198 1636 ἡ
1230 1563 1603 1645 ἐγκατάλειψις
1647 1569 1740 1624 τοῦ
1791 1567 1933 1628 Θεοῦ
1960 1567 2058 1643 τὴν
2091 1562 2362 1636 ἀσθένειαν
2406 1562 2563 1658 ἡμῶν
2612 1580 2843 1660 ἐλέγχει,
2894 1582 2986 1642 κοιλ⁵
3091 1562 3398 1667 προσέχων,
3455 1562 3686 1669 εὓρίσκᾶ

371 1656 579 1731 ταύτην
613 1654 913 1735 εὐεργεσίαν
948 1652 1228 1732 μεγίστην.

957 1763 1250 1823 ΚΕΦΑΔ.
1298 1759 1414 1824 ΙΔ’.

375 1873 498 1934 Περὶ
541 1873 702 1933 Genui
743 1870 1028 1932 ἀγνοοῦντος
1056 1873 1160 1934 ,ποῦ
1203 1868 1396 1934 ὑπάγει,
1427 1867 1691 1934 ὁμξζύριος.
1741 1869 1857 1930 Περὶ
1893 1875 1979 1920 τοῦ

437 1931 606 1986 Ἰούδα
638 1931 732 1983 τοῦ
761 1931 1007 1984 Θαδδαίου
1047 1932 1316 1997 ἐρωτῶντος
1354 1932 1440 1981 τὸν
1475 1931 1682 1988 Ἰησοῦν.
1725 1935 1841 1996 Περὶ
1892 1939 1978 1983 τοῦ

437 1997 782 2063 Παρακλήτου.

470 2111 502 2148 α
545 2086 647 2160 Μὴ
678 2084 1025 2165 ταρασσέσθω
1070 2086 1221 2162 ὑμῶν
1253 2087 1285 2156 ἦ
1330 2082 1527 2164 καρδία
1547 2107 1559 2120 -
1593 2083 1872 2146 πιστεύετε
1901 2088 1977 2155 εἰς

377 2179 470 2238 τὸν
498 2177 663 2251 Θεὸν,
689 2175 781 2234 καὶ
816 2177 890 2241 εἷς
934 2173 1030 2252 ἐμὲ
1060 2172 1358 2236 πιστεύετε.
1394 2195 1424 2232 ›)
1466 2172 1690 2246 Ἐπειδὴ
1739 2176 1878 2244 εἰκὸς
1909 2167 1973 2249 ἦν

377 2265 572 2335 αὐτοὺς
605 2268 676 2334 εἷς
701 2263 947 2345 ταραχὴν
989 2264 1240 2340 ἐμπεσεῖν
1268 2309 1286 2336 ,
1333 2262 1664 2332 ἀκούσαντας
1713 2265 1834 2346 περὶ
1883 2270 1974 2324 τοῦ

377 2354 670 2438 κορυφαίου
724 2354 969 2433 Πέτρου,
1015 2351 1097 2410 ὅτι
1127 2350 1429 2432 ἀρνήσεται,
1475 2351 1562 2411 διὰ
1609 2360 1766 2414 τοῦτο
1793 2377 1976 2433 παρα-

379 2452 628 2525 μυθεῖται
666 2441 878 2519 αὐτοὺς,
926 2441 1016 2499 καὶ
1071 2441 1424 2500 καταστέλλει
1465 2439 1561 2512 τὴν
1608 2448 1703 2516 τῆς
1758 2444 1978 2523 καρδίας

378 2535 652 2616 ταραχήν.
694 2534 758 2592 Εἰ
795 2531 902 2611 γὰρ
933 2534 960 2588 6
985 2539 1268 2612 κορυφαῖος
1298 2529 1390 2589 καὶ
1430 2529 1567 2590 οὕτω
1600 2534 1850 2614 διάπυρος
1877 2532 1980 2612 πρὸ

380 2626 662 2704 ἀλέκτορος
702 2624 879 2703 φωνῆς
906 2620 1019 2700 τρὶς
1054 2619 1273 2697 ἔμελλεν
1305 2620 1757 2704 ἀπαρνήσασθαι,
1792 2626 1966 2699 μεγά-

376 2718 476 2787 λην
527 2702 649 2771 τινὰ
705 2702 1016 2786 περίστασιν
1073 2708 1262 2778 αὐτοὺς
1331 2710 1468 2776 εἰκὸς
1524 2702 1588 2784 ἧν
1647 2713 1973 2793 προσδοκᾷν.

384 2796 519 2866 Εἶτα
560 2801 748 2881 ὥσπερ
793 2798 1048 2859 εἰπόντων
1097 2801 1201 2856 τῶν
1255 2802 1544 2878 μαθητῶνο
1592 2802 1703 2862 Καὶ
1751 2805 1865 2868 πῶς
1921 2801 1981 2858 οὗ

380 2890 832 2972 ταραχθησόμεθα
914 2886 1182 2955 τοιαύταις
1285 2888 1566 2965 μέλλοντες
1675 2889 1982 2957 δυσκολίαις

383 2981 708 3059 ἐμπίπτειν;
745 2978 904 3060 φησί’
945 2999 974 3036 α
1005 2975 1295 3037 Πιστεύετε
1321 2979 1392 3044 εἷς
1421 2977 1510 3037 τὸν
1550 2978 1730 3052 Θεὸν,
1779 2979 1870 3037 καὶ
1914 2981 1986 3047 εἷς

389 3071 483 3148 ἐμὲ
513 3068 808 3139 πιστεύετε,
846 3088 876 3125 ι
923 3067 1016 3126 καὶ
1061 3066 1236 3124 πάντα
1281 3065 1348 3124 τὰ
1379 3069 1611 3146 δυσχερῆ
1656 3071 1779 3144 ὑμῖν
1823 3067 1987 3138 λυθή-

388 3183 563 3233 σεται,
592 3159 680 3217 καὶ
706 3161 740 3228 ἡ
766 3155 982 3235 ταραχὴ
1026 3157 1498 3228 κατασταλήσεται
1531 3158 1617 3215 διὰ
1645 3161 1739 3228 τῆς
1779 3159 1854 3224 εἷς
1893 3157 1982 3214 τὸν

2003 2024 2054 2088 Β

2672 1778 2910 1835 CAPUT
2946 1780 3099 1836 XIV.

2085 1871 2154 1914 De
2189 1871 2367 1915 Thoma
2397 1873 2645 1924 ignorante
2682 1885 2775 1928 quo
2811 1876 2966 1919 abiret
3003 1878 3168 1922 Iesus.
3192 1881 3260 1922 De
3281 1880 3416 1923 Juda
3447 1881 3686 1928 Thadda'o

2292 1936 2614 1988 interrogante
2647 1938 2831 1982 Iesum.
2857 1941 2925 1983 De
2947 1941 3134 1990 Spiritu
3158 1942 3470 1987 consolatore.

2156 2086 2329 2143 Vens.
2367 2090 2417 2142 1.
2453 2106 2482 2141 (ι
2520 2089 2645 2145 Non
2671 2085 2923 2147 turbetur
2949 2107 3046 2148 cor
3074 2101 3351 2164 vestrum;
3382 2097 3606 2155 creditis
3633 2099 3689 2156 in

2079 2176 2286 2243 Deum,
2319 2184 2372 2232 et
2401 2177 2460 2232 in
2485 2195 2578 2234 me
2620 2179 2852 2236 credite.
2889 2204 2914 2230 ιο
2946 2183 3219 2253 Quoniam
3248 2185 3540 2243 verisimile
3570 2197 3692 2246 erat

2079 2263 2206 2320 illos
2255 2265 2510 2323 turbatos
2555 2284 2672 2324 esse
2707 2286 2835 2325 cum
2877 2271 3203 2330 audiverunt
3243 2274 3311 2331 de
3352 2276 3519 2332 Petro
3549 2278 3692 2336 inter

2080 2353 2230 2424 ipsos
2274 2355 2536 2426 primario
2567 2357 2716 2428 quod
2755 2367 3055 2431 negaturus
3085 2371 3248 2432 esset,
3281 2363 3408 2420 ideo
3437 2367 3690 2425 consola-

2081 2450 2174 2499 tur
2200 2459 2315 2512 eos,
2341 2453 2394 2500 et
2419 2445 2574 2501 sedat
2599 2447 2856 2503 cordium
2889 2450 3170 2506 turbellas.
3208 2455 3356 2508 Nam
3385 2471 3519 2511 cum
3540 2457 3690 2525 prin-

2083 2538 2212 2604 ceps
2250 2541 2305 2588 et
2331 2535 2426 2604 qui
2454 2542 2572 2589 tam
2602 2533 3223 2610 fervidus,‘priusquam
3254 2542 3427 2612 gallus
3450 2552 3690 2614 caneret,

2086 2628 2171 2676 ter
2220 2631 2518 2694 negaturus
2566 2631 2704 2694 erat,
2767 2626 3067 2682 verisimile
3121 2627 3224 2683 fuit
3281 2645 3540 2702 magnam
3598 2648 3694 2690 eos

2086 2719 2429 2782 exspectasse
2474 2713 2926 2770 vicissitudinem.
2975 2716 3187 2772 Deinde
3239 2720 3394 2790 quasi
3447 2721 3695 2778 dicerent

2089 2799 2356 2873 discipuli,
2386 2803 2454 2856 Et
2483 2803 2763 2874 quomodo
2793 2820 2904 2859 non
2943 2805 3299 2863 turbabimur
3325 2825 3451 2864 cum
3484 2811 3539 2866 in
3571 2819 3694 2868 tan-

2089 2897 2174 2945 tas
2204 2889 2562 2947 inciderimus
2588 2891 3179 2966 diflicultateSP‘inquit
3225 2916 3239 2953 :
3283 2921 3309 2947 α
3359 2898 3598 2956 Creditis
3641 2901 3697 2956 in

2090 2982 2296 3046 Deum,
2336 2988 2391 3035 et
2419 2980 2476 3036 in
2508 2998 2596 3037 me
2625 2981 2854 3049 credite,
2888 3007 2914 3032 ι)
2961 2993 3017 3039 et
3044 3001 3237 3041 omnes
3282 2988 3447 3044 vestri
3480 2989 3698 3047 labores

2093 3069 2393 3135 solventur,
2442 3079 2498 3125 et
2539 3071 2780 3127 turbatio
2832 3072 3113 3129 sedabitur
3155 3085 3378 3146 propter
3422 3077 3588 3133 [idem
3641 3079 3697 3134 in

2095 3160 2275 3213 Deum
2301 3169 2355 3214 et
2375 3159 2431 3214 in
2457 3176 2568 3216 me.
2602 3164 2789 3234 anue
2818 3172 3042 3233 propter
3067 3163 3239 3220 etiam
3271 3165 3405 3221 dixit
3426 3167 3523 3222 eis.
3556 3190 3581 3215 «ι
3615 3171 3697 3224 Ne

390 3250 533 3311 Θεὸν
562 3247 652 3306 καὶ
696 3247 767 3312 εἰς
814 3246 911 3323 ἐμὲ
950 3243 1197 3311 πίστεως.
1235 3243 1342 3305 Διὰ
1381 3251 1537 3304 τοῦτο
1583 3244 1686 3324 γὰρ
1723 3247 1813 3304 καὶ
1840 3235 1984 3304 εἶπεν

2092 3247 2346 3303 turbetur
2365 3265 2461 3304 cor
2480 3258 2746 3318 vestrum,
2774 3271 2802 3301 »
2827 3259 2889 3306 ut
2911 3255 3092 3308 Deum
3110 3253 3294 3324 ipsum
3315 3271 3435 3311 esse
3449 3255 3698 3327 credant,

389 3342 600 3406 αὐτοῖς,
647 3358 675 3393 ιι
725 3335 824 3406 Μὴ
872 3332 1226 3415 ταρασσέσθω
1261 3336 1408 3411 ὑμῶν
1453 3339 1488 3406 ἡ
1523 3335 1763 3414 καρδία,
1811 3357 1841 3392 ›)
1898 3334 1985 3393 ἵνα

385 3428 530 3490 Θεὸν
583 3426 743 3486 αὐτὸν
809 3417 947 3484 εἶναι
990 3424 1376 3498 πιστεύσωσιν,
1428 3425 1489 3484 ἐκ
1549 3429 1641 3484 τοῦ
1703 3425 1768 3484 τὰ
1822 3425 1876 3482 ἐν
1919 3427 1988 3503 τῇ

384 3517 582 3600 καρδία
619 3517 794 3574 αὐτῶν
849 3512 1078 3588 εἰδέναι,
1120 3513 1211 3574 καὶ
1254 3513 1342 3573 τὸν
1378 3515 1556 3594 ἀφανῆ
1588 3513 1826 3594 τάραχον
1871 3516 1990 3572 ἐπι-

382 3612 604 3690 γνῶναι.

475 3719 507 3755 (ι
551 3696 652 3756 Ἐν
767 3691 907 3774 οἰκία
928 3697 1020 3751 τοῦ
1055 3691 1264 3771 Πατρός
1288 3715 1390 3767 μου
1421 3691 1581 3770 μοναὶ
1610 3692 1808 3752 πολλαί
1834 3694 1986 3755 εἶσιν.

387 3789 452 3849 Εἰ
470 3785 527 3845 δὲ
549 3783 655 3862 μὴ,
684 3775 830 3843 εἷπον
869 3781 933 3840 ἂν
964 3785 1087 3859 ύμῖν
1106 3803 1121 3818 ⁸
1165 3780 1477 3861 Πορεύομαι
1516 3784 1797 3858 ἑτοιμάσαι
1826 3783 1988 3842 τόπον

389 3881 534 3953 ὑμῖν.
573 3872 685 3935 Καὶ
711 3874 801 3931 ἐὰν
831 3873 1074 3950 πορευθῶ
1106 3871 1388 3947 ἑτοιμάσαι
1430 3871 1591 3929 τόπον
1621 3873 1745 3947 ὑμῖν
1765 3915 1781 3944 ,
1825 3870 1987 3930 πάλιν

392 3966 638 4047 ἔρχομαι,
668 3961 763 4047 χίιὶ
797 3961 1198 4047 παραλήψομαι
1228 3963 1388 4034 ὓμᾶς,
1429 3960 1517 4018 ἵνα
1548 3957 1679 4020 ὅπου
1721 3961 1831 4037 εἰμὶ
1857 3958 1986 4040 ἐγὼ,

509 4035 661 4130 ύμεῗς
691 4043 810 4122 ἦτε.
836 4035 893 4108 ι)-
913 4035 1051 4111 Εἶπέ
1076 4035 1170 4126 μὲν
1196 4051 1326 4131 πρὸς
1357 4050 1442 4109 τὸν
1472 4047 1678 4128 Πέτρον
1711 4053 1738 4108 6
1772 4049 1989 4130 Κύριος,

393 4146 474 4204 δτι
506 4165 535 4199 ιι
563 4139 964 4211 Ἀκολουθήσεις
994 4162 1084 4215 μοι
1114 4137 1329 4218 ὕστερον
1350 4161 1362 4175 ·
1395 4161 1425 4196 ι)
1455 4136 1544 4196 ἵνα
1564 4139 1620 4196 δὲ
1651 4141 1727 4215 μὴ
1759 4139 1986 4216 νομίσω-

393 4257 476 4293 σιν
506 4235 556 4291 οἱ
575 4231 774 4303 λοιποὶ,
803 4229 886 4287 ὅτι
902 4227 1084 4309 ἐκείνῳ
1112 4227 1257 4310 μόνῳ
1284 4231 1361 4309 τῷ
1386 4228 1577 4308 Πέτρῳ
1607 4233 1765 4286 τοῦτο
1797 4228 1987 4307 ἐδόθη,

392 4325 514 4384 ἀλλ’
546 4319 666 4400 οὐχὶ
696 4319 787 4379 καὶ
819 4320 1024 4390 αὐτοῖς,
1059 4317 1252 4398 φησίν,
1298 4317 1377 4375 ὅτι
1428 4317 1536 4378 Καὶ
1573 4319 1711 4394 ὓμᾶς
1742 4319 1935 4384 ἐκεῖνος
1965 4323 1993 4378 6

391 4415 601 4492 γῶρος,
651 4414 679 4468 6
725 4407 818 4468 καὶ
867 4408 956 4466 τὸν
1009 4408 1212 4485 Πέτρον
1261 4405 1688 4483 ὑποδεξάμενος,
1742 4405 1989 4484 δέξεται,

654 4497 762 4578 χρὴ
795 4482 1139 4577 θορυϐεῖσθαι
1174 4495 1298 4576 περὶ
1326 4482 1520 4554 τόπου·
1563 4517 1594 4554 (ι
1627 4494 1841 4555 Πολλαὶ
1889 4482 1991 4575 γὰρ

393 4590 557 4668 μοναί
586 4590 717 4650 εἶσιν
742 4590 796 4646 ἐν
823 4591 890 4667 τῇ
920 4586 1063 4668 οἰκία
1088 4593 1180 4646 τοῦ
1214 4584 1429 4666 Πατρός
1457 4607 1560 4663 μου
1579 4609 1591 4622 ·
1624 4605 1655 4643 ι)
1693 4583 1988 4665 τουτέστιν,

395 4682 500 4739 ὑπὸ
535 4677 632 4750 τὴν
664 4677 902 4746 ἐξουσίαν
945 4681 1036 4734 τοῦ
1081 4674 1296 4755 Πατρός
1317 4699 1331 4712 ·
1374 4675 1545 4734 οἰκίαν
1582 4672 1686 4754 γὰρ
1719 4673 1814 4746 τὴν
1845 4672 1994 4742 ἐξου-

398 4770 518 4828 σίαν
547 4767 642 4828 καὶ
673 4767 842 4846 ἀρχὴν
873 4765 1002 4826 νόει.
1040 4767 1106 4825 Εἰ
1149 4764 1204 4824 δὲ
1234 4764 1329 4824 καὶ
1368 4761 1445 4842 μὴ
1473 4755 1612 4837 ἦσαν
1657 4764 1857 4839 οἰκίαι,
1889 4761 1996 4842 ἐγὼ

400 4859 464 4917 ἂν
503 4857 791 4937 ἐπορεύθην
829 4857 923 4915 καὶ
952 4854 1221 4933 ἡτοίμασα
1267 4856 1418 4931 ύμῖν.
1461 4851 1633 4912 Ὠστε
1676 4853 1766 4912 καὶ
1819 4855 1995 4934 ἀμερο-

400 4949 624 5028 τέρωθεν
672 4948 731 5006 οὗ
773 4946 850 5005 δεῖ
879 4949 1018 5015 ὑμᾶς
1049 4945 1420 5028 ταράττεσθαι,
1474 4941 1580 5003 εἴτε
1612 4945 1745 5002 εἰσὶν
1776 4940 1998 5020 ἕτοιμοι,

401 5025 508 5098 εἴτε
537 5036 632 5096 καὶ
680 5033 782 5113 μή.
829 5033 946 5096 Κᾶν
990 5032 1092 5114 γὰρ
1139 5034 1216 5112 μὴ
1246 5025 1377 5093 ὦσιν
1431 5031 1670 5109 ἕτοιμοι,
1721 5031 1828 5110 ἐγὼ
1862 5030 2000 5108 μετὰ

398 5127 580 5198 πάσης
627 5125 860 5196 σπουδῆς
891 5122 1270 5203 προητοίμασα
1302 5121 1366 5182 ἂν
1406 5119 1604 5188 ταύτας
1655 5124 1803 5198 ὑμῖν.
1838 5122 1907 5182 Εἰ
1947 5119 2000 5179 δὲ

399 5217 495 5278 καὶ
543 5214 631 5276 διᾶ
679 5214 740 5273 τὸ
793 5211 1072 5292 ἑτοιμάσαι
1125 5217 1250 5291 ὑμῖν
1300 5211 1462 5272 τόπον
1520 5210 1830 5289 ἐπορεύθην,
1883 5208 2002 5268 ἀλλ’

399 5305 520 5367 οὐδὲ
556 5307 727 5369 οὕτως
760 5305 945 5383 ἀφῆκα
965 5301 1028 5360 ἂν
1051 5305 1204 5379 ὑμᾶς,
1238 5301 1379 5361 ἀλλὰ
1401 5300 1708 5383 παρέλαϐον
1740 5300 1827 5378 ἂν,
1861 5326 1885 5352 a
1912 5295 2002 5358 ἵνα

402 5397 536 5455 ὅπου
564 5393 678 5473 εἶμί
709 5394 848 5471 ἐγὼ,
883 5391 975 5451 καὶ
1005 5394 1152 5468 ὑμεῖς
1184 5383 1302 5465 ἦτε.
1354 5412 1384 5448 ιι
1419 5389 1587 5471 Ὁρᾷς
1615 5387 2004 5469 παρακλήσεως

398 5486 490 5544 καὶ
537 5482 896 5566 ψυιαγωγίας
965 5480 1217 5561 ῥήματαξ
1297 5475 1484 5539 ιὍπου
1544 5479 1653 5556 εἰμὶ
1712 5479 1854 5559 ἐγὼ,
1914 5478 2006 5537 καὶ

399 5577 548 5650 ὑμεῖς
597 5578 717 5635 ἐκεῖ
763 5573 972 5632 ἔσεσθε.
1005 5573 1124 5632 Οὐκ
1174 5571 1286 5650 ἔχει
1313 5574 1438 5648 γοῦν
1464 5568 1620 5647 λόγον
1655 5566 1716 5627 τὸ
1744 5568 2006 5650 ταράσσε-

396 5672 517 5728 σθαι
539 5668 706 5749 ὑμᾶς,
746 5661 801 5722 εἴ
821 5684 884 5740 γε
910 5663 1030 5740 μετ’
1064 5663 1193 5737 ἐμοῦ
1220 5650 1354 5718 εἶναι
1377 5658 1621 5739 μέλλετε.

675 5766 925 5822 mmor“
965 5759 1074 5817 Gn.
1113 5758 1326 5816 CXXIV.

2094 3337 2544 3410 quandoquidem
2580 3339 2997 3411 introspiciebat
3024 3342 3190 3398 corda
3217 3344 3492 3416 ipsorum,
3525 3353 3583 3403 et
3609 3360 3700 3403 oc-

2093 3426 2300 3483 cultam
2340 3427 2810 3499 perturbationem
2839 3431 3226 3504 cognoscebat.

2179 3695 2356 3750 Vnns.
2383 3701 2436 3761 2,
2466 3701 2518 3752 3.
2544 3716 2570 3744 α
2591 3697 2654 3750 In
2665 3694 2835 3752 domo
2856 3696 3033 3753 Patris
3055 3697 3161 3753 mei
3181 3699 3498 3756 mansiones
3511 3702 3702 3760 multae

2094 3791 2244 3840 sunt.
2292 3783 2455 3852 Quod
2499 3783 2544 3839 si
2586 3799 2746 3839 secus
2787 3793 2952 3854 esset,
3000 3786 3266 3842 dixissem
3316 3789 3492 3853 vobis,
3539 3790 3698 3848 Vado

2098 3880 2390 3943 paraturus
2429 3872 2584 3927 vobis
2613 3872 2817 3928 locum.
2872 3876 2937 3928 Et
2965 3874 3014 3928 si
3058 3874 3242 3929 abiero
3274 3875 3342 3930 ad
3391 3876 3700 3947 parandum

2097 3962 2250 4018 vobis
2303 3961 2508 4029 locum,
2557 3962 2759 4017 iterum
2811 3963 3024 4019 veniam
3076 3972 3130 4018 et
3167 3979 3452 4022 assumam
3494 3982 3590 4022 vos
3631 3967 3704 4025 ad

2098 4051 2396 4122 meipsum,
2452 4059 2516 4106 ut
2555 4051 2651 4107 ubi
2693 4068 2817 4108 sum
2865 4067 2986 4125 ego,
3016 4061 3071 4108 et
3097 4069 3192 4110 vos
3234 4054 3372 4110 sitis.
3408 4074 3437 4108 »
3474 4057 3705 4113 Dixerat

2095 4141 2321 4214 quidem
2347 4141 2414 4197 ad
2437 4144 2662 4197 Petrum
2681 4142 2970 4211 Dominus,
2990 4166 3015 4191 α
3033 4145 3288 4215 Sequeris
3311 4161 3402 4200 me
3423 4155 3614 4217 postea
3637 4164 3650 4202 :
3673 4169 3700 4198 υ

2097 4240 2160 4286 ut
2185 4239 2371 4286 autem
2392 4247 2460 4286 ne
2477 4239 2670 4302 putent
2684 4232 2871 4288 caeteri
2894 4231 3043 4304 quod
3065 4235 3166 4289 soli
3191 4237 3355 4290 Petro
3383 4234 3489 4290 hoc
3507 4235 3703 4294 datum

2095 4322 2189 4389 sit,
2224 4329 2280 4376 et
2304 4336 2417 4376 non
2433 4321 2597 4375 etiam
2624 4320 2780 4392 ipsis,
2800 4321 2983 4393 inquit
3009 4339 3024 4376 :
3054 4325 3122 4378 Et
3146 4339 3243 4378 vos
3263 4325 3526 4395 suscipiet
3548 4327 3702 4399 regio

2099 4408 2187 4466 illa
2217 4425 2342 4482 quae
2372 4412 2593 4465 Petrum
2625 4419 2916 4481 exceptura
2944 4418 3046 4477 est,
3079 4420 3244 4482 atque
3273 4413 3349 4468 ita
3392 4430 3502 4468 non
3534 4430 3704 4486 opor-

2098 4507 2180 4555 tet
2199 4500 2372 4571 698
2389 4499 2601 4556 turbari
2632 4516 2730 4571 pro
2755 4500 2876 4557 loco
2909 4518 2923 4556 :
2960 4524 2985 4550 ‹ι
3014 4501 3204 4556 Multa:
3220 4503 3366 4557 enim
3389 4503 3707 4562 mansiones

2025 4592 2076 4654 D
2109 4598 2234 4644 sunt
2279 4588 2330 4643 in
2361 4589 2532 4644 domo
2579 4589 2754 4644 Patris
2782 4589 2920 4660 mei,
2967 4613 2994 4639 ιι
3027 4589 3135 4647 hoc
3161 4598 3266 4659 est,
3295 4591 3396 4647 sub
3436 4598 3706 4662 potestate

2105 4677 2283 4735 Patris
2316 4678 2450 4734 mei.
2496 4680 2601 4734 Per
2628 4678 2859 4735 domum
2894 4687 3082 4736 autem
3113 4687 3441 4751 potestatem
3467 4689 3520 4737 et
3561 4681 3710 4754 prin-

2103 4769 2350 4840 cipatum
2379 4769 2635 4841 intellige.
2677 4768 2730 4824 Si
2763 4777 2967 4838 autem,
2999 4767 3298 4826 defuissent
3343 4770 3574 4840 domus,
3605 4787 3706 4844 ego

2105 4857 2330 4915 ivissem
2384 4865 2440 4914 et
2487 4873 2766 4930 parassem
2817 4859 2993 4915 vobis.
3050 4862 3121 4915 Et
3166 4861 3239 4915 ita
3289 4861 3545 4932 utrinque
3591 4878 3709 4919 non

2107 4955 2329 5020 Oportet
2360 4962 2455 5003 vos
2480 4948 2712 5016 turbari,
2741 4947 2856 5004 sive
2884 4948 2997 5004 sint
3023 4958 3248 5020 paratae,
3277 4949 3388 5005 sive
3414 4966 3525 5005 non
3547 4950 3662 5005 sint
3691 4969 3706 5006 :

2109 5053 2243 5094 nam
2272 5044 2330 5092 et
2364 5036 2408 5092 si
2439 5046 2643 5109 paratae
2670 5053 2783 5094 non
2816 5045 3021 5105 essent,
3052 5054 3150 5112 ego
3182 5038 3340 5095 omni
3366 5039 3546 5096 studio
3575 5053 3712 5109 prae-

2110 5141 2395 5200 parassem
2421 5127 2597 5183 vobis.
2640 5127 2801 5196 Quod
2849 5128 2896 5184 si
2940 5135 3126 5184 autem
3169 5135 3223 5183 et
3249 5135 3470 5199 propter
3505 5126 3612 5182 hoc
3648 5134 3712 5183 ut

2112 5231 2423 5288 prmparem
2453 5217 2608 5273 vobis
2624 5217 2834 5284 locum,
2861 5217 3102 5285 ivissem,
3133 5233 3205 5272 ne
3234 5217 3310 5272 sic
3337 5215 3562 5287 quidem
3582 5215 3710 5272 reli-

2114 5307 2360 5380 quissem
2390 5322 2508 5375 vos,
2539 5306 2637 5363 sed
2665 5306 3106 5390 suscepissem,_«
3145 5315 3207 5361 ut
3233 5305 3325 5359 ubi
3354 5320 3479 5359 sum
3504 5320 3628 5376 ego,
3655 5313 3714 5362 et

2114 5411 2212 5452 vos
2228 5395 2370 5452 sitis.
2396 5419 2423 5446 ιι
2451 5397 2621 5454 Vides
2644 5395 3033 5452 consolationis
3058 5403 3112 5449 et
3129 5393 3488 5449 animationis
3507 5395 3711 5452 verba?

2112 5484 2227 5542 Ubi
2264 5501 2392 5542 sum
2422 5501 2544 5559 ego,
2585 5492 2640 5543 et
2679 5500 2777 5542 vos
2822 5483 2936 5539 illic
2974 5483 3149 5539 eritis.
3196 5484 3319 5539 Non
3355 5482 3521 5540 habet
3548 5485 3716 5556 igitur

2115 5575 2388 5632 rationem
2435 5575 2583 5650 quod
2635 5590 2732 5632 vos
2786 5572 3111 5646 tm'bemini,
3163 5572 3438 5646 siquidem
3491 5590 3714 5632 mecum

2120 5663 2290 5722 eritis.

3397 5756 3430 5809 6
