4128 6452
537 403 629 454 171

601 525 775 581 Vsus.
822 524 939 574 4-6.
987 541 1010 567 α
1065 521 1132 574 Et
1175 533 1286 590 quo
1332 532 1433 591 ego
1483 517 1622 574 vado
1666 518 1840 586 scitis,
1889 527 1944 574 et
1984 518 2129 574 viam
2158 523 2211 584 Α

529 610 701 667 scitis.
741 609 891 664 Dicit
937 608 984 663 ei
1027 606 1273 663 Thomas
1319 625 1332 662 :
1382 607 1646 674 Domine,
1697 607 1973 663 nescimus
2015 623 2127 678 quo

528 700 703 768 vadis,
743 707 798 754 et
844 696 1124 768 quomodo
1167 712 1460 767 possumus
1489 696 1634 752 viam
1679 698 1842 752 scire.
1893 697 2038 752 Dicit
2076 695 2125 752 ei

526 791 686 845 Jesus
715 805 730 842 :
765 791 876 859 Ego
903 803 1029 841 sum
1063 786 1166 851 via,
1198 794 1254 840 et
1282 785 1500 854 veritas,
1527 794 1582 841 et
1611 787 1738 841 vita.
1769 788 1950 842 Nemo
1981 785 2126 841 venit

526 878 596 934 ad
629 881 868 942 Patrem,
899 876 1001 930 nisi
1031 891 1124 946 per
1145 890 1250 930 me.
1280 898 1304 922 ιι
1336 874 1475 946 Quia
1503 875 1708 930 sciebat
1730 875 2123 947 cogitationem

524 983 717 1024 eorum
748 974 1088 1038 quaerentem
1133 964 1340 1019 discere
1384 980 1494 1035 quo
1525 963 1705 1030 vadat,
1733 964 1831 1019 dat
1868 965 1944 1019 eis
1966 979 2125 1020 occa-

525 1059 738 1112 sionem
765 1054 988 1125 rogandi
1031 1062 1085 1108 et
1110 1053 1239 1108 dicit
1272 1071 1285 1109 :
1318 1077 1342 1100 «
1376 1055 1498 1122 Quo
1530 1053 1670 1109 vado
1700 1055 1868 1121 scitis,
1895 1062 1949 1109 et
1980 1054 2122 1108 viam

521 1147 694 1213 scitis,
729 1168 754 1194 ι»
809 1145 1046 1200 incitans
1093 1159 1187 1198 eos
1237 1141 1305 1197 ad
1331 1143 1841 1215 interrogationem.
1896 1142 2026 1198 Ideo
2068 1150 2125 1198 et

520 1235 763 1292 Thomas
795 1255 808 1291 :
846 1258 868 1282 ι
905 1233 1163 1302 Domine,
1193 1233 1489 1300 nescimus,
1517 1233 1710 1305 inquit,
1738 1249 1849 1306 quo
1879 1232 2030 1288 vadis
2067 1239 2124 1287 et

521 1323 802 1396 quomodo
834 1337 1132 1395 possumus
1177 1321 1322 1377 viam
1351 1322 1512 1378 scire.
1560 1345 1587 1371 υ
1621 1324 1742 1377 Hoc
1770 1331 1958 1379 autem
1989 1321 2122 1377 dicit

520 1414 769 1470 Thomas
798 1427 909 1484 pra:
938 1412 1108 1467 nimia
1138 1410 1456 1477 formidine,
1485 1427 1597 1467 non
1627 1412 1769 1467 sicut
1796 1415 1990 1468 Petrus
2020 1410 2120 1465 de-

519 1503 770 1560 siderans
795 1502 970 1573 sequi.
993 1501 1165 1573 Igitur
1189 1501 1437 1556 Christus
1463 1501 1754 1557 ostendens
1791 1500 1940 1573 quod
1967 1500 2120 1556 facile

521 1602 578 1650 et
601 1609 716 1649 non
746 1593 1039 1648 molestum
1065 1591 1136 1646 sit
1159 1591 1239 1647 eis
1265 1591 1439 1663 sequi,
1467 1590 1711 1647 declarat
1730 1598 1784 1646 et
1807 1606 1915 1662 quo
1934 1590 2116 1658 vadat,

520 1691 577 1739 et
621 1699 744 1754 qua:
786 1683 860 1738 sit
897 1682 994 1736 via.
1023 1683 1167 1737 Nam
1197 1681 1344 1737 vadit
1385 1680 1604 1751 quidem
1645 1680 1713 1736 ad
1743 1685 1991 1748 Patrem;
2035 1680 2120 1736 via

520 1779 706 1828 autem
745 1772 858 1843 ipse
906 1778 994 1826 est
1028 1769 1294 1828 Christus.
1335 1770 1475 1840 Quia
1506 1770 1670 1841 igitur
1699 1769 1900 1841 inquit,
1947 1791 1971 1817 ‹‹
2006 1771 2120 1840 Ego

1550 393 2060 449 THEOPHYLACTI
2101 393 2459 448 BULGARIE
2497 392 2809 447 ARCHIEP.

3737 384 3836 438 172

2328 543 2356 572 ι(
2385 517 2492 577 Καὶ
2516 516 2648 575 ὅπου
2671 515 2776 590 ἐγὼ
2803 513 3014 590 ὑπάγω,
3029 511 3234 579 οἴδατε,
3258 511 3353 570 xui
3374 510 3471 579 τὴν
3493 509 3608 568 ὁδὸν
3631 507 3828 567 οἴδατεο

2237 607 2395 683 Λέγει
2423 609 2565 686 αὐτῷ
2589 610 2795 677 Θωμᾶς
2815 627 2828 641 ·
2863 601 3047 681 Κύριε,
3077 603 3172 659 οὐκ
3201 599 3420 674 οἴδαμεν
3446 603 3548 659 ποῦ
3577 598 3825 678 ὑπάγεις,

2233 695 2326 756 xui
2379 699 2492 761 πῶς
2543 695 2810 770 δυνάμεθα
2860 691 2958 764 τὴν
3008 692 3124 750 ὁδὸν
3157 690 3368 748 εἰδέναι.
3413 687 3575 766 Λέγει
3627 690 3771 766 αὐτῷ
3805 691 3832 746 6

2235 789 2473 857 Ἰησοῦς’
2529 783 2676 862 Ἐγώ
2721 784 2832 861 εἰμι
2863 786 2897 853 ἡ
2947 780 3087 858 ὁδὸς,
3137 779 3228 837 xui
3279 783 3312 849 ἡ
3349 779 3596 850 ἀλήθεια,
3653 777 3747 836 καὶ
3796 781 3831 848 ἡ

2233 875 2364 946 ζωή,
2429 874 2619 940 Οὐδεὶς
2664 873 2883 952 ἔρχεται
2933 872 3063 951 πρὸς
3112 870 3198 927 τὸν
3257 869 3500 948 Πατέρα,
3535 871 3580 926 εἷ
3634 867 3709 944 μὴ
3765 869 3833 927 δι’

2234 967 2384 1042 ἐμοῦ.
2417 985 2447 1021 ι)
2494 964 2720 1033 Ἐπειδὴ
2768 963 2970 1021 συνεῖδε
3013 960 3108 1031 τὴν
3159 958 3393 1016 διάνοιαν
3426 960 3597 1016 αὐτῶν
3635 961 3831 1030 ζητοῦε-

2233 1080 2329 1115 σαν
2373 1054 2600 1130 μαθεῖν,
2652 1057 2754 1111 ποῦ
2808 1051 3022 1128 ὑπάγει,
3064 1050 3277 1108 δίδωσιν
3336 1051 3512 1115 αὐτοῖς
3561 1047 3831 1126 πρόφασιν

2233 1149 2326 1202 τοῦ
2359 1147 2647 1221 ἐρωτῆσαι.
2688 1141 2795 1201 Kui
2819 1141 2880 1212 δή
2910 1163 3069 1221 φησιν
3093 1161 3106 1176 ⁸
3144 1165 3169 1190 α
3205 1137 3386 1198 Ὅπου
3411 1137 3600 1216 ὑπάγω
3631 1138 3834 1210 οἴδατε,

2232 1234 2321 1290 καὶ
2351 1232 2448 1304 τὴν
2479 1233 2596 1292 ὁδὸν
2647 1230 2858 1289 οἴδατεο
2893 1250 2925 1286 ι)
2980 1231 3292 1306 παρακινῶν
3335 1225 3523 1293 αὐτοὺς
3571 1229 3645 1294 εἰς
3694 1226 3831 1305 ἐρώ-

2231 1347 2403 1392 τησιν.
2440 1322 2535 1381 Διὸ
2561 1320 2651 1379 xui
2674 1325 2701 1378 6
2729 1322 2936 1396 Θωμᾶς
2958 1342 2972 1357 ·
3009 1341 3038 1377 ί(
3065 1316 3256 1396 Κύριε,
3281 1318 3375 1375 οὖκ
3403 1315 3644 1389 οἴδαμεν,
3671 1315 3828 1397 φησὶ,

2229 1419 2330 1471 ποῦ
2393 1411 2654 1487 ὑπάγεις,
2711 1409 2805 1468 καὶ
2853 1413 2964 1476 πῶς
3023 1406 3294 1484 δυνάμεθα
3348 1405 3445 1475 τὴν
3518 1407 3636 1464 ὁδὸν
3693 1404 3829 1464 εἰδέ-

2229 1523 2346 1578 ναι;
2396 1523 2426 1558 ›)
2465 1504 2642 1560 Τοῦτο
2684 1498 2739 1556 δὲ
2785 1498 2927 1576 λέγει
2957 1499 3163 1571 Θωμᾶς
3196 1495 3303 1553 ἀπὸ
3331 1497 3532 1566 πολλῆς
3582 1495 3783 1562 δειλίας
3809 1540 3828 1572 ,

2229 1593 2328 1670 οὐχ
2374 1589 2554 1668 ὥσπερ
2593 1593 2621 1647 6
2657 1587 2861 1667 Πέτρος
2907 1590 3084 1646 ποθῶν
3137 1587 3515 1656 ἀκολουθῆσαι.
3555 1583 3621 1643 Ὁ
3651 1585 3828 1644 τοίνυν

2230 1680 2459 1760 Χριστὸς
2489 1678 2760 1751 δεικνύων,
2795 1677 2876 1735 ὅτι
2903 1675 3042 1758 ῥᾴων
3087 1677 3261 1740 αὐτοῖς
3285 1673 3438 1732 ἔσται
3481 1674 3574 1733 xui
3603 1672 3830 1754 εὐχερὴς

2231 1775 2265 1840 ἡ
2294 1767 2642 1838 ἀκολούθησις
2668 1812 2684 1843 ,
2723 1766 2959 1847 ἐκφαίνει
2993 1765 3172 1825 καὶτὸ
3216 1768 3324 1823 ποῦ
3359 1760 3588 1841 ὑπάγει,
3621 1764 3714 1822 καὶ
3743 1763 3826 1832 τίς

518 1877 643 1918 sum
673 1862 782 1929 via,
808 1883 832 1910 ι
865 1876 963 1932 per
993 1875 1086 1916 me
1110 1861 1343 1916 omnino
1365 1859 1435 1915 ad
1470 1863 1687 1915 Patrem
1714 1867 1769 1914 et
1798 1873 1896 1914 vos
1923 1873 2106 1913 ascen-

2225 1863 2364 1920 ἐστιν
2415 1864 2449 1931 ἡ
2478 1858 2614 1923 ὁδός.
2665 1857 2896 1934 Ὑπάγει
2951 1855 3045 1934 μὲν
3085 1855 3189 1937 γὰρ
3236 1853 3369 1966 πρὸς
3417 1853 3506 1912 τὸν
3552 1854 3816 1932 Πατέρα,

2227 1951 2297 1966 ,ιιι
2381 1951 2423 1966 h‘
2500 1953 2516 1966 ς
2561 1947 2570 1962 1
2665 1951 2681 1966 ο
2729 1949 2779 1966 11
2921 1945 2934 1966 Ι
3025 1945 3090 1966 ,Π
3167 1946 3179 1966 \
3464 1943 3477 1966 λ
3598 1964 3606 1966 Α
3671 1945 3733 1966 ’Π
3794 1944 3808 1963 Ι

521 1951 680 2008 detis.
724 1953 850 2006 Non
903 1950 1086 2006 solum
1127 1959 1315 2005 autem
1359 1949 1466 2016 via,
1497 1947 1593 2003 sed
1631 1955 1684 2003 et
1732 1971 1757 1997 ιι
1802 1947 2025 2014 veritas,
2085 1969 2112 1996 ι

521 2047 683 2111 atque
702 2039 776 2094 ita
805 2039 1005 2094 merito
1026 2054 1122 2093 vos
1147 2036 1422 2106 conﬁdite,
1455 2035 1602 2108 quod
1624 2052 1732 2091 non
1764 2035 2114 2106 decipiamini

521 2144 553 2184 a
577 2144 688 2183 me.
731 2126 836 2184 Sed
864 2135 916 2181 et
962 2150 988 2175 «ι
1019 2127 1130 2182 vita
1165 2149 1185 2176 ιι
1222 2141 1349 2181 sum
1391 2145 1404 2182 :
1437 2125 1582 2180 unde
1614 2133 1668 2180 et
1695 2126 1742 2180 si
1772 2124 2113 2192 moriamini,

519 2233 634 2273 non
663 2214 990 2287 prohibebit
1028 2230 1126 2269 vos
1163 2230 1315 2269 mors
1344 2214 1642 2285 quominus
1673 2213 1743 2269 ad
1775 2215 1993 2268 Patrem
2017 2229 2116 2268 vc-

519 2305 690 2361 niatis
742 2320 756 2359 :
808 2303 944 2359 bene
972 2303 1138 2373 igitur
1187 2302 1355 2357 ﬁdite.
1399 2305 1503 2358 Per
1555 2318 1645 2356 me
1697 2301 1842 2357 enim
1891 2301 2118 2357 veniunt

521 2408 720 2451 omnes
751 2393 817 2447 ad
851 2396 1086 2448 Patrem.
1123 2394 1190 2446 Et
1217 2392 1344 2462 quia
1372 2407 1474 2462 ego
1511 2390 1768 2447 dominus
1794 2407 1916 2446 sum
1947 2390 2115 2446 addu-

517 2483 676 2540 cendi
703 2481 774 2538 ad
804 2486 1038 2546 Patrem,
1064 2481 1295 2535 omnino
1317 2480 1542 2536 venietis
1568 2480 1714 2535 illuc.
1746 2482 1935 2552 Neque
1965 2481 2112 2535 enim

518 2589 614 2645 per
655 2573 817 2628 aliam
845 2572 991 2626 viam
1023 2587 1191 2642 quam
1225 2586 1318 2641 per
1349 2585 1438 2625 me
1468 2570 1596 2624 illuc
1623 2569 1868 2624 eundum
1903 2578 2006 2624 est.
2031 2573 2112 2625 Tu

518 2671 710 2718 autem
752 2668 808 2716 et
843 2660 947 2715 hoc
993 2661 1112 2715 loco
1148 2660 1416 2730 aequalem
1461 2659 1652 2714 discito
1695 2660 1890 2714 Filium
1919 2660 1967 2714 ei
2019 2659 2114 2731 qui

517 2749 814 2823 generavit.
838 2753 976 2804 Nam
1005 2749 1110 2803 alio
1139 2749 1365 2819 quidem
1393 2749 1512 2804 loco
1540 2751 1754 2803 Patrem
1793 2749 1924 2804 dicit
1944 2748 2115 2804 addu-

513 2855 636 2894 cere
668 2837 738 2893 ad
776 2853 855 2892 se.
890 2861 916 2885 «ι
948 2838 1160 2901 Nullus,
1212 2837 1417 2908 inquit,
1449 2845 1629 2906 potest
1677 2837 1856 2890 venire
1887 2836 1956 2891 ad
2002 2853 2109 2905 me,

514 2927 618 2982 nisi
641 2929 802 2982 Pater
831 2926 1056 2980 traxerit
1077 2941 1207 2980 eum
1225 2925 1290 2981 η.
1314 2949 1340 2974 ι
1371 2928 1491 2980 Hoc
1507 2935 1694 2981 autem
1717 2927 1836 2980 loco
1863 2924 1996 2980 dicit
2017 2942 2114 2996 per

515 3033 574 3073 se
608 3015 808 3072 adduci
846 3015 915 3070 ad
961 3017 1200 3070 Patrem.
1242 3015 1413 3086 Igitur
1458 3013 1684 3086 aequalis
1725 3022 1808 3069 est
1834 3014 2008 3069 Patris
2049 3031 2112 3070 ac

2222 1951 2336 2017 ὁδὸς
2377 1951 2430 2008 δὲ
2457 1947 2610 2015 αὐτὸς
2660 1951 2687 2006 6
2729 1945 2980 2026 Χριστός.
3025 1945 3186 2007 Ἐπεὶ
3237 1943 3324 2003 οὖν
3355 1943 3535 2024 φησὶν,
3591 1964 3620 2001 (ι
3671 1944 3821 2022 Ἐγώ

2225 2043 2333 2116 εἰμι
2358 2043 2392 2111 ἡ
2433 2039 2570 2109 ὁδὸς,
2603 2060 2630 2095 ι)
2673 2035 2738 2094 δι’
2778 2039 2906 2113 ἐμοῦ
2939 2035 3153 2102 πάντως
3183 2033 3313 2113 πρὸς
3341 2033 3430 2091 τὸν
3467 2033 3687 2113 Πατέρα
3722 2032 3820 2091 καὶ

2225 2130 2370 2206 ὑμεῖς
2435 2125 2797 2198 ἀναϐήσεσθε⁹
2870 2129 2928 2184 οὖ
2976 2125 3132 2202 μόνον
3207 2121 3261 2182 δὲ
3315 2121 3474 2196 ὁδὸς,
3528 2123 3668 2182 ἀλλὰ
3726 2123 3825 2182 καὶ

2227 2242 2257 2276 α
2306 2218 2556 2289 ἀλήθεια·
2591 2237 2620 2273 ιι
2670 2215 2806 2276 ὥστε
2851 2215 2989 2280 εἰκὸς
3032 2217 3168 2290 ὑμᾶς
3201 2214 3449 2294 θαῤῥεῖν,
3482 2210 3565 2270 ὅτι
3608 2214 3666 2270 οὐ
3691 2216 3821 2292 ψευ-

2228 2307 2484 2378 σθήσεσθε
2517 2307 2645 2384 παρ’
2687 2307 2837 2382 ἐμοῦ.
2864 2301 3023 2364 Ἀλλὰ
3069 2303 3160 2362 καὶ
3213 2322 3241 2358 ι(
3279 2301 3388 2372 ζωή
3417 2321 3447 2358 ι)
3497 2304 3635 2376 εἰμι’
3677 2300 3820 2361 ὥστε

2227 2399 2272 2455 εἰ
2302 2397 2394 2456 καὶ
2423 2395 2725 2464 ἀποθάνητε
2744 2440 2761 2472 ,
2792 2398 2852 2453 οὐ
2885 2391 3115 2453 κωλύσει
3147 2395 3284 2468 ὑμᾶς
3315 2395 3342 2448 6
3368 2390 3709 2472 θάνατοςτοῦ
3741 2391 3822 2467 μὴ

2222 2485 2342 2566 οὐχὶ
2400 2484 2528 2564 πρὸς
2585 2483 2674 2542 τὸν
2745 2471 2960 2564 Πατέρα
3010 2485 3198 2541 ἐλθεῖν.
3250 2481 3517 2561 Θαῤῥεῑτε
3567 2471 3689 2539 οὖν’
3745 2482 3821 2539 δι’

2221 2578 2350 2652 ἐμοῦ
2394 2574 2496 2652 γὰρ
2531 2575 2744 2652 ἔρχεται
2791 2582 2893 2638 πᾶς
2945 2571 3075 2651 πρὸς
3123 2571 3212 2629 τὸν
3247 2570 3488 2650 Πατέρα.
3544 2571 3654 2630 Καὶ
3698 2569 3826 2629 ἐπεὶ

2223 2663 2326 2742 ἐγὼ
2358 2663 2534 2742 κύριός
2562 2665 2672 2739 εἰμι
2700 2667 2790 2720 τοῦ
2820 2661 2949 2740 πρὸς
2995 2661 3083 2718 τὸν
3121 2657 3341 2738 Πατέρα
3374 2659 3595 2735 ἀγαγεῖν
3615 2703 3631 2729 ,
3675 2659 3822 2718 πάν-

2220 2779 2322 2820 τως
2352 2752 2503 2824 ἥξετε
2553 2754 2677 2810 ἐκεῖ.
2731 2753 2871 2810 Οὐδὲ
2906 2751 3010 2830 γὰρ
3047 2749 3112 2806 δι’
3153 2749 3319 2819 ἄλλης
3363 2749 3485 2806 ὁδοῦ
3509 2792 3525 2822 ,
3567 2750 3610 2830 εἰ
3644 2748 3718 2824 μὴ
3749 2750 3826 2809 δι’

2219 2844 2371 2919 ἐμοῦ,
2403 2843 2541 2899 ἔστιν
2573 2842 2762 2901 ἐλθεῖν.
2811 2838 2889 2899 Σὺ
2920 2841 2977 2898 δέ
3005 2861 3094 2913 μοι
3127 2837 3230 2896 νόει
3262 2841 3546 2895 κάντεῦθεν
3567 2825 3692 2895 ἶσον
3725 2837 3820 2898 τὸν

2220 2932 2348 2990 Υἱὸν
2377 2934 2451 3007 τῷ
2493 2928 2847 3008 γεγεννηκότι.
2902 2930 3162 3005 Ἀλλαχοῦ
3199 2925 3294 3002 μὲν
3325 2926 3428 3005 γὰρ
3468 2925 3556 2984 τὸν
3595 2926 3821 3007 Πατέρα

2222 3019 2367 3095 λέγει
2397 3022 2684 3100 προσάγειν
2722 3020 2894 3098 αὐτῷ·
2949 3039 2979 3076 (ι
3009 3015 3199 3082 Οὐδεὶς
3242 3015 3370 3094 γὰρ,
3403 3015 3553 3095 φησὶ,
3593 3015 3820 3076 δύναται

513 3106 631 3163 Filii
665 3113 922 3177 potestas,
950 3119 1079 3158 nam
1102 3111 1157 3158 et
1176 3119 1284 3159 una
1321 3105 1586 3174 operatio.
1612 3105 1748 3159 Cum
1779 3103 1951 3175 igitur
1985 3120 2103 3174 pra-

2219 3111 2383 3167 ἐλθεῖν
2425 3107 2554 3188 πρός
2605 3131 2706 3184 με,
2746 3105 2840 3164 ἐὰν
2887 3105 2960 3183 μὴ
3003 3109 3031 3165 6
3065 3103 3259 3183 Πατὴρ
3311 3105 3510 3194 ἑλκύσῃ
3544 3103 3723 3194 αὐτόν.
3775 3127 3809 3165 ι)

511 3195 688 3250 cticen
719 3209 962 3260 exerces,
1001 3192 1065 3247 ﬁt
1100 3192 1195 3247 tibi
1225 3193 1473 3248 Christus
1502 3192 1614 3261 via;
1643 3207 1771 3246 cum
1811 3209 1938 3247 vero
1966 3209 2105 3248 con—

508 3283 851 3354 templationi
878 3298 1062 3349 vacas,
1093 3281 1154 3335 lit
1187 3281 1282 3336 tibi
1313 3281 1528 3336 veritas.
1557 3281 1699 3354 Quia
1749 3289 1934 3338 autem
1964 3298 2104 3337 non-

511 3373 649 3428 nulli
693 3371 963 3442 practicen
998 3371 1072 3425 ita
1113 3373 1321 3438 colunt,
1364 3379 1419 3426 et
1465 3370 1520 3425 in
1565 3370 1987 3442 contemplativa
2033 3371 2105 3427 ita

509 3460 764 3530 occupati
789 3470 941 3527 sunt,
974 3469 1034 3515 ut
1077 3459 1243 3514 vitam
1272 3475 1381 3514 non
1421 3468 1811 3531 assequuntur,
1843 3460 1925 3515 vel
1953 3460 2106 3532 quod

508 3559 734 3621 propter
776 3565 976 3604 vanam
1018 3548 1250 3620 gloriam
1301 3548 1559 3604 virtutem
1606 3551 2005 3620 amplexentur,
2049 3558 2104 3606 et

506 3638 598 3695 hic
626 3638 895 3709 recipiunt
937 3636 1242 3692 mercedem
1297 3654 1311 3692 :
1345 3638 1428 3692 vel
1469 3637 1618 3710 quod
1656 3638 1710 3693 in
1752 3637 2104 3709 dogmatibus

500 3744 616 3784 non
661 3737 810 3783 recte
851 3727 1117 3793 sentiunt,
1159 3735 1214 3782 et
1255 3726 1326 3781 ita
1367 3743 1396 3781 a
1444 3735 1593 3782 recta
1634 3728 1719 3783 via
1763 3728 2099 3793 exciderunt,

498 3817 746 3873 additum
779 3825 863 3872 est
892 3817 991 3873 viae
1032 3826 1086 3871 et
1116 3815 1354 3883 veritati,
1398 3815 1502 3872 hoc
1544 3826 1648 3882 est,
1681 3819 1934 3888 practice":
1971 3834 2104 3874 con-

493 3907 957 3977 templativaaque,
989 3909 1055 3960 Et
1072 3906 1200 3960 vita.
1227 3908 1369 3960 Nam
1391 3907 1513 3961 etin
1541 3905 1832 3962 virtutibus
1847 3907 2098 3976 omnino,

494 3995 668 4066 699
695 4003 753 4050 et
779 3995 851 4072 de
879 3993 1080 4049 divinis
1098 4003 1245 4049 recta
1277 3994 1622 4061 disserendo,
1652 3995 1723 4050 ad
1749 3995 2022 4050 viventem
2046 3997 2100 4051 in

496 4085 789 4147 saeculum,
835 4089 893 4137 et
938 4098 1052 4136 non
1088 4081 1160 4138 ad
1210 4091 1495 4138 mortuam
1523 4081 1832 4140 hominum
1879 4084 2098 4140 laudem

496 4179 741 4243 spectare
766 4170 1048 4227 debemus.

565 4458 746 4512 Vnus.
777 4459 832 4510 7.
878 4476 903 4503 α
937 4453 990 4511 Si
1020 4453 1418 4525 cognovissetis
1441 4469 1552 4524 me,
1575 4461 1630 4511 et
1654 4456 1878 4512 Patrem
1907 4470 2096 4512 meum

488 4546 678 4618 utique
723 4545 1137 4618 cognovissetis.
1181 4547 1247 4600 Et
1287 4561 1433 4600 nunc
1474 4545 1797 4612 cognoscitis
1840 4562 1990 4614 eum,
2032 4555 2087 4602 et

485 4635 694 4690 Vidistis
723 4651 868 4690 eum.
899 4659 924 4684 ιν
957 4635 1250 4704 Quomodo
1276 4635 1527 4706 superius
1554 4635 1712 4705 dixit,
1743 4659 1766 4683 α
1793 4636 1917 4705 Quo
1945 4635 2083 4692 vado

487 4725 662 4792 scitis,
706 4733 761 4778 et
801 4725 943 4779 viam
997 4725 1171 4791 scitis,
1226 4748 1251 4772 ν
1289 4725 1393 4800 hoc
1433 4734 1537 4793 est,
1581 4727 1699 4792 Me;
1751 4725 1855 4780 hoc
1895 4734 2080 4782 autem

483 4812 606 4868 loco
641 4812 768 4867 dicit
801 4831 813 4866 :
852 4836 876 4862 (ι
907 4813 960 4869 Si
997 4814 1396 4885 cogriovissetis
1426 4832 1533 4880 me,
1565 4823 1620 4870 et
1646 4818 1862 4871 Patrem
1893 4830 2080 4872 meum

481 4903 873 4974 cognovissctis
931 4903 1152 4974 utique?
1203 4927 1227 4953 υ
1283 4906 1407 4958 Non
1450 4914 1578 4960 sunt
1621 4905 1738 4960 haec
1778 4905 2076 4960 contraria.

479 4993 623 5048 Nam
655 4991 935 5047 sciverunt
964 4991 1182 5063 quidem
1209 4995 1462 5064 Patrem,
1492 4993 1586 5048 sed
1620 5009 1730 5048 non
1760 5002 1822 5048 ut
1849 5004 2078 5064 oporte-

475 5081 588 5138 bat.
635 5085 776 5138 Nam
807 5089 871 5136 ut
923 5084 1101 5137 Deum
1135 5081 1356 5153 quidem
1399 5083 1701 5150 sciverunt;
1754 5091 1816 5137 ut
1856 5085 2073 5140 Patrem

473 5179 679 5240 autem,
708 5171 955 5227 nondum
982 5192 994 5225 :
1020 5181 1078 5226 at
1102 5171 1194 5225 ubi
1224 5185 1410 5242 postea
1439 5173 1856 5244 venitSpiritus,
1887 5174 2074 5230 omnis

471 5261 549 5316 eis
567 5261 690 5316 data
721 5269 805 5317 est
835 5261 1076 5317 scientia.
1099 5262 1260 5334 Quod
1292 5263 1455 5334 igitur
1490 5262 1643 5327 dicit,
1677 5261 1820 5317 hunc
1848 5278 2068 5318 sensum

467 5348 631 5404 habet
673 5370 686 5405 :
720 5353 778 5407 Si
817 5353 1214 5417 cognovissetis
1255 5368 1432 5407 meam
1475 5352 1836 5407 substantiam
1885 5363 1938 5408 et
1984 5351 2067 5407 di-

466 5437 752 5506 gnitatern,
795 5450 848 5496 et
898 5443 1074 5496 Patris
1121 5457 1337 5514 quoque
1380 5442 1795 5514 cognovissetis.
1828 5445 1905 5496 Ex
1955 5442 2062 5498 hoc

462 5533 652 5582 autem
676 5536 920 5600 tempore
945 5532 1189 5603 coepistis
1217 5548 1547 5607 cognoscere
1573 5548 1700 5590 eum
1740 5547 1834 5604 per
1877 5546 1969 5588 me
2001 5541 2062 5588 ut

530 5675 757 5736 “Joan.
791 5693 880 5750 vr,
899 5687 986 5738 44.

2211 3197 2479 3259 Ἐνταῦθα
2523 3197 2576 3255 δὲ
2620 3201 2695 3275 τῷ
2747 3195 2923 3273 Πατρὶ
2969 3197 3180 3271 λέγεται
3214 3193 3576 3272 προσάγεσθαι
3609 3192 3679 3250 δι’
3711 3196 3812 3253 αὗ-

2210 3288 2328 3347 τοῦ.
2356 3286 2477 3359 Ἰση
2527 3285 2633 3367 ἄρα
2673 3290 2706 3356 ἡ
2742 3283 2966 3361 δύναμις
3022 3283 3200 3367 Παᾲτρὶ
3258 3283 3349 3342 καὶ
3394 3284 3542 3362 Υἱῷο
3588 3283 3676 3341 καὶ
3712 3284 3818 3361 μία

2210 3377 2314 3456 γὰρ
2343 3381 2378 3448 ἡ
2410 3363 2667 3453 ἐνέργεια.
2710 3372 2891 3434 ⁰Οταν
2935 3374 3030 3449 μὲν
3079 3363 3167 3430 οὖν
3216 3371 3311 3442 τὴν
3347 3371 3652 3450 πρακτικὴν
3681 3397 3815 3450 μετ.

2211 3465 2369 3545 έρχῃ,
2401 3463 2606 3543 γίνεταί
2635 3486 2718 3522 σοι
2750 3463 2866 3530 ὁδὸς
2909 3466 2938 3522 ὁ
2966 3461 3220 3541 Χριστός·
3250 3461 3376 3520 ὅταν
3421 3462 3475 3520 δὲ
3510 3461 3571 3519 τὸ
3604 3467 3816 3542 θεωρη-

2210 3561 2355 3613 τικὸν
2387 3557 2585 3634 ἀσκῇς,
2635 3552 2840 3632 γίνεταί
2888 3575 2970 3611 σοι
3005 3552 3249 3624 ἀλήθεια.
3309 3548 3468 3610 Ἐπεὶ
3516 3549 3570 3608 δὲ
3621 3552 3816 3612 πολλοὶ

2211 3645 2301 3703 xui
2348 3644 2443 3716 τὴν
2509 3643 2812 3723 πρακτικὴν
2865 3641 3170 3718 μετιόντες,
3245 3639 3336 3698 xui
3396 3638 3521 3717 περὶ
3579 3642 3812 3721 θεωρίαν

2212 3733 2625 3814 ἀσχοληθέντες,
2658 3734 2717 3791 οὗ
2748 3731 2962 3798 πάντως
2994 3730 3250 3810 ἐπέτυχον
3295 3732 3390 3801 τῆς
3430 3733 3566 3798 ζωῆς
3600 3728 3664 3810 (ἢ
3702 3729 3814 3812 γὰρ

2209 3825 2294 3882 διὰ
2333 3823 2628 3892 κενοδοξίαν
2675 3823 2770 3894 τὴν
2827 3821 3020 3902 ἀρετὴν
3074 3821 3364 3897 μετιόντες,
3418 3820 3657 3898 ἀπέσχον
3710 3823 3810 3880 ἐν-

2207 3919 2378 3972 ταῦθα
2409 3912 2498 3971 τὸν
2545 3911 2764 3988 μισθὸν,
2810 3909 2846 3982 ἢ
2877 3915 2942 3988 τῇ
2974 3911 3098 3990 περὶ
3147 3910 3208 3969 τὸ
3261 3907 3585 3985 δογματικὸν
3628 3909 3809 3979 οἰήσει

2209 4003 2663 4072 ἀπεπλανήθησαν
2692 4004 2786 4072 τῆς
2834 3999 3034 4066 εὐθείας
3088 3997 3272 4078 ὁδοῦ),
3313 3999 3401 4056 διὰ
3437 4001 3591 4055 τοῦτο
3631 3997 3807 4076 πρόσ-

2207 4095 2472 4170 κειται
2505 4093 2608 4169 ὁδῷ
2633 4091 2723 4148 καὶ
2755 4094 2822 4170 τῇ
2861 4089 3111 4168 ἀληθείᾳ,
3146 4090 3223 4166 τῷ
3257 4090 3539 4165 πρακτικῷ
3565 4128 3583 4159 ,
3620 4086 3800 4164 λέγω,

2205 4181 2296 4240 καὶ
2330 4183 2406 4260 τῷ
2437 4183 2742 4259 θεωρητικῷ
2763 4224 2779 4254 ,
2814 4183 2847 4250 ἡ
2874 4178 3002 4249 ζωή.
3031 4183 3125 4237 Δεῖ
3158 4175 3252 4236 xui
3275 4183 3421 4252 ἡμᾶς
3450 4176 3540 4234 xui
3571 4176 3804 4254 ὁδεύειν,

2203 4272 2295 4329 καὶ
2325 4271 2586 4348 θεολογεῖν
2619 4269 2749 4348 πρὸς
2784 4267 2873 4326 τὸν
2898 4271 3068 4336 ζῶντα
3117 4266 3262 4345 [εἰς]
3294 4267 3484 4341 αἰῶνα,
3508 4264 3626 4346 οὐχὶ
3665 4265 3806 4346 πρὸς

2201 4357 2290 4418 τὸν
2319 4358 2500 4438 νεκρὸν
2525 4357 2740 4416 ἔπαινον
2768 4360 2872 4416 τῶν
2907 4356 3197 4437 ἀνθρώπων
3228 4357 3552 4434 ἀφορῶντας.

2292 4470 2320 4505 (ι
2364 4451 2430 4509 Εἰ
2461 4449 2740 4528 ἐγνώκειτέ
2769 4471 2858 4524 με,
2889 4448 2979 4506 καὶ
3005 4447 3094 4506 τὸν
3133 4444 3354 4523 Πατέρα
3387 4468 3486 4520 μου
3514 4443 3799 4520 ἐγνώκειτε

2203 4536 2292 4600 ἄν.
2330 4538 2442 4599 Kui
2470 4537 2669 4618 ἀπάρτι
2697 4536 2987 4614 γινώσκετε
3016 4535 3174 4618 αὐτὸν
3200 4580 3218 4609 ,
3250 4532 3340 4593 xui
3377 4533 3649 4612 ἑωράκατε
3697 4536 3800 4592 αὖ-

2191 4626 2303 4688 τόν.
2338 4649 2366 4686 ι)
2411 4630 2534 4692 Πῶς
2583 4627 2835 4706 ἀνωτέρω
2866 4625 2962 4703 μὲν
2995 4614 3165 4697 εἶπεν,
3200 4620 3281 4682 ὅτι
3319 4643 3347 4679 (ι
3373 4619 3556 4681 "On-ou
3598 4623 3794 4702 ὑπάγω

2190 4717 2386 4791 οἴδατε,
2419 4717 2509 4775 καὶ
2552 4717 2648 4788 τὴν
2679 4716 2797 4774 ὁδὸν
2829 4716 3041 4788 οἴδατε,
3078 4739 3108 4770 n
3142 4711 3443 4784 τουτέστιν,
3491 4709 3662 4786 Ἐμέ·
3700 4713 3793 4770 έν-

2189 4811 2354 4866 ταῦθα
2387 4807 2440 4865 δὲ
2471 4803 2653 4883 λέγει,
2687 4804 2767 4863 ὅτι
2815 4829 2845 4860 α
2885 4805 2950 4865 Εἴ
2982 4805 3073 4881 ἐμὲ
3098 4801 3404 4880 ἐγνώκειτε,
3435 4801 3525 4860 xui
3555 4801 3640 4860 τὸν
3672 4803 3793 4862 Πα-

2186 4895 2312 4976 τέρα
2349 4920 2450 4971 μου
2495 4893 2771 4973 ἐγνώκειτε
2819 4894 2913 4972 ἄν;
2964 4915 2992 4952 ι)
3043 4895 3160 4953 Οὐκ
3194 4893 3571 4969 ἐναντιολογῶν
3616 4894 3791 4953 ταῦτά

2184 5008 2366 5067 φησιν.
2419 4983 2658 5062 ’ᾘδεσαν
2714 4985 2811 5058 μὲν
2845 4984 2947 5065 γὰρ
2999 4985 3088 5041 τὸν
3125 4983 3362 5061 Πατέρα,
3402 4983 3500 5059 οὐχ
3531 4978 3670 5039 οὕτω
3726 4982 3784 5042 δὲ

2183 5079 2253 5141 ὡς
2297 5078 2494 5155 ἐχρῆν·
2529 5079 2598 5140 ὡς
2645 5073 2784 5134 Θεὸν
2819 5073 2914 5151 μὲν
2945 5072 3045 5152 γὰρ
3087 5073 3312 5153 ᾔδεσαν,
3362 5074 3432 5137 ὣς
3465 5070 3678 5150 Πατέρα
3726 5073 3785 5133 δὲ

2181 5164 2350 5225 οὔπω.
2386 5163 2652 5245 ⁶¹Υστερον
2689 5162 2744 5222 δὲ
2795 5163 2856 5221 τὸ
2906 5165 3131 5240 Πνεῦμα
3160 5161 3345 5233 ἐλθὸν,
3392 5167 3571 5217 πᾶσαν
3605 5161 3786 5230 αὐτοῖς

2179 5255 2395 5325 ἐνέθηκε
2439 5254 2535 5326 τὴν
2584 5257 2796 5330 γνῶσιν.
2839 5251 2917 5312 ’⁸0
2963 5245 3051 5310 οὖν
3097 5251 3272 5328 λέγει,
3317 5249 3559 5309 τοιοῦτόν
3601 5250 3782 5309 ἐστιν’

2177 5345 2245 5404 Εἰ
2285 5335 2373 5404 οὖν
2421 5342 2696 5422 ἐγνώκειτε
2739 5341 2834 5412 τὴν
2876 5342 3011 5416 ἐμὴν
3050 5340 3233 5400 οὐσίαν
3258 5383 3274 5412 ,
3309 5338 3402 5398 καὶ
3435 5338 3533 5409 τὴν
3586 5337 3776 5417 ἀξίαν,

2172 5433 2264 5492 καὶ
2288 5433 2384 5505 τὴν
2414 5439 2507 5492 τοῦ
2543 5433 2751 5510 Πατρὸς
2777 5431 2841 5489 ἂν
2875 5431 3172 5510 ἐγνώκειτε.
3206 5427 3430 5509 Ἀπάρτι
3462 5427 3516 5486 δὲ
3541 5426 3776 5506 ἤρξασοε

2170 5521 2449 5604 γινώσκειν
2481 5523 2640 5582 αὐτὸν
2673 5521 2740 5580 δι’
2773 5523 2902 5600 ἐμοῦ
2936 5521 3134 5598 μέσον,
3175 5540 3202 5576 (ι
3233 5519 3324 5577 καὶ
3366 5515 3640 5598 ἑωράκατε
3671 5517 3774 5575 αὖ·
