4128 6510
357 404 455 458 173

1133 395 1531 453 ENARRATIO
1569 397 1633 451 IN
1672 397 2107 455 EVANGELIUM
2137 400 2439 457 JOANNIS.
2479 427 2553 439 —
2590 398 2742 453 CAP.
2777 398 2909 452 XIV.

3572 403 3676 456 174

350 526 475 600 τὸν,
517 547 551 583 ιι
606 522 853 585 τουτέστι
879 570 894 595 ,
936 523 1016 601 τῷ
1074 524 1150 602 νῷ
1199 523 1388 598 ὓμῶν,
1436 525 1506 588 ὡς
1550 520 1662 582 ἔστι
1707 522 1964 600 δυνατὸν,

2092 524 2347 594 nedium,
2388 547 2413 573 ιι
2444 531 2499 579 et
2525 521 2736 578 vidistis
2754 536 2907 586 eum,
2933 541 2960 568 ν
2991 518 3097 575 hoc
3126 528 3232 585 est,
3253 528 3446 577 mente
3475 532 3674 592 vestra,

353 613 716 697 ἐθωρήσατε.
772 610 941 672 Ἐπεὶ
987 608 1094 690 γὰρ
1142 609 1237 687 ἐμὲ
1297 609 1491 687 Κύριον
1548 610 1701 689 ἔχετε
1742 610 1837 670 καὶ
1894 614 1969 671 δι-

354 704 648 772 δάσκαλον,
685 703 753 761 δι’
786 703 919 779 ἐμοῦ
958 700 1173 764 πάντως
1201 697 1293 758 καὶ
1324 699 1421 769 τήν
1454 703 1546 757 τοῦ
1579 699 1792 779 Πατρὸς
1829 704 1968 777 γνῶ-

356 817 464 867 σιν,
517 796 593 861 ὣς
643 789 857 872 ἐφικτὸν
908 789 1043 855 τέως
1097 791 1240 865 ὑμῖν,
1292 787 1387 847 καὶ
1434 789 1660 865 μετρίως
1708 788 1966 849 ἐλάϐετε·

358 882 455 954 τὴν
495 882 604 962 τὰρ
633 879 971 959 τελειοτέραν
1018 877 1168 937 οὔπω
1214 877 1482 945 ἐδέξασθε.
1521 877 1629 938 Καὶ
1676 879 1851 945 ἄλλως
1894 879 1968 939 δέ·

363 973 466 1047 Τὸ,
494 993 525 1030 α
554 973 625 1032 Εἰ
656 966 939 1050 ἐγνώκειτέ
966 992 1054 1045 με,
1072 967 1165 1026 καὶ
1191 968 1277 1027 τὸν
1310 967 1530 1044 Πατέρα
1563 991 1664 1042 μου
1687 967 1967 1046 ἐγνώκειτε

365 1064 446 1137 ἄν,
473 1084 505 1119 υ
538 1062 638 1119 οὐκ
686 1060 934 1139 ἐμφαίνει
985 1058 1145 1117 αὐτὸν
1193 1059 1515 1134 ἀγνοοῦντας
1562 1056 1772 1130 αὐτοὺς,
1825 1055 1967 1117 ἀλλὰ

366 1136 599 1210 τοιοῦτόν
624 1136 744 1209 ἐστι
769 1136 835 1208 τὸ
866 1146 1154 1227 λεγόμενον
1176 1168 1190 1182 ·
1219 1136 1386 1206 Εἶπον
1411 1149 1556 1222 ὗμῖν,
1589 1144 1670 1204 ὅτι
1712 1168 1741 1206 (ι
1778 1144 1966 1207 ’Ὅπου

372 1240 579 1316 ὃπᾶτω,
609 1238 789 1298 οἴδατε
812 1283 827 1310 ,
853 1258 885 1296 n
917 1234 1161 1296 τουτέστι
1183 1280 1200 1308 ,
1232 1235 1362 1313 πρὸς
1392 1234 1735 1317 τὸν-Πατέρα
1753 1280 1770 1308 ,
1809 1258 1838 1293 ιι
1878 1236 1969 1294 καὶ

370 1333 466 1401 τήν
491 1330 609 1389 ὁδὸν
637 1329 841 1401 οἴδατε,
868 1347 899 1385 ιι
929 1325 1222 1397 τουτέστιν,
1252 1324 1412 1402 Ἐμέ.
1448 1314 1584 1385 Εἶπέ
1611 1348 1701 1397 μοι
1729 1327 1971 1401 Θωμᾶςο

504 1422 520 1439 ﬁ
636 1417 687 1439 νς
922 1421 956 1436 ~
1000 1418 1017 1440 ζ
1093 1414 1106 1435 Ι
1604 1414 1616 1432 \
1757 1416 1769 1435 3
1789 1416 1812 1435 ἢ

375 1441 405 1477 α
446 1422 566 1479 Οωι
606 1439 829 1492 οιοαμεν
851 1439 956 1475 που
998 1437 1255 1493 υπαγεις,
1283 1435 1313 1471 n
1351 1413 1444 1473 καὶ
1474 1418 1682 1490 λοιπον,
1719 1416 1838 1473 ουοὲ
1869 1415 1966 1488 τὴν

361 1510 481 1568 ὁδὸν
510 1508 758 1581 οἴδαμεν.
795 1494 962 1565 Εἶπον
990 1508 1065 1585 τῷ
1108 1506 1289 1585 Θωμᾷ
1311 1526 1326 1541 ·
1365 1525 1394 1560 (ι
1434 1502 1584 1583 Ἐγώ
1620 1506 1732 1578 εἶμι
1761 1508 1795 1575 ἡ
1827 1503 1966 1578 ὁδὸς,

360 1597 456 1657 καὶ
475 1597 651 1663 οὐδεὶς
672 1595 889 1675 ἔρχεται
917 1594 1047 1674 πρὸς
1073 1594 1161 1654 τὸν
1190 1591 1431 1672 Πατέρα,
1458 1595 1504 1651 εἰ
1546 1592 1621 1667 μὴ
1664 1592 1728 1650 δι’
1757 1595 1911 1669 ἐμοῦ.
1933 1615 1961 1651 ι)

364 1688 436 1749 Εἰ
474 1687 657 1746 τοίνυν
686 1684 784 1759 ἐμὲ
818 1682 1133 1760 ἐγνώκειτε,
1159 1683 1256 1741 καὶ
1299 1683 1388 1739 τὸν
1422 1683 1642 1761 Πατέρα
1675 1706 1777 1758 μου
1803 1682 1973 1761 ἔγνω-

362 1799 423 1836 τε
455 1778 546 1837 ἄν.
572 1797 603 1832 n
642 1773 806 1834 Ἀλλὰ
841 1774 945 1848 μὴν
978 1772 1076 1850 ἐμὲ
1105 1771 1282 1831 οἴδατε
1304 1818 1320 1844 ,
1354 1769 1447 1830 καὶ
1476 1770 1566 1829 τὸν
1603 1770 1827 1851 Πατέρα
1868 1794 1970 1849 μου

2079 624 2349 687 quantum
2370 612 2627 685 possibile
2651 620 2756 678 est,
2783 609 3083 682 spectaStis.
3111 610 3251 680 Quia
3277 611 3426 666 enim
3452 628 3543 667 me
3569 617 3680 669 Do-

2080 705 2297 760 minum
2327 703 2540 760 habetis
2581 711 2635 758 et
2664 701 3014 773 magistrum,
3045 715 3141 771 per
3171 716 3258 755 me
3286 700 3448 770 plane
3485 711 3538 757 et
3568 706 3680 759 Pa-

2078 793 2178 849 tris
2202 793 2512 859 scientiam,
2542 800 2608 847 ut
2634 789 2974 863 apprehendi
2998 789 3175 860 potuit
3201 806 3231 845 a
3261 790 3437 860 vobis,
3463 794 3682 849 modice

2078 883 2393 955 accepistis;
2426 898 2556 937 nam
2586 879 2966 953 perfectiorem
2995 878 3247 935 nondum
3273 882 3579 952 accepistis.
3609 885 3683 938 Et

2076 972 2233 1029 aliter
2265 989 2279 1028 :
2320 995 2345 1021 α
2380 973 2434 1028 Si
2465 970 2859 1044 cognovissetis
2885 985 2995 1035 me,
3027 977 3083 1025 et
3104 972 3320 1025 Patrem
3351 986 3535 1025 meum
3567 974 3681 1028 uti-

2077 1078 2183 1134 que
2219 1061 2636 1133 cognovissetis,
2672 1083 2696 1109 ››
2730 1076 2840 1115 non
2869 1059 3047 1131 arguit
3076 1059 3224 1131 quod
3254 1061 3540 1132 ignorent;
3583 1061 3682 1119 sed

2077 1150 2225 1223 quod
2255 1151 2478 1220 dicitur,
2503 1150 2649 1207 hunc
2674 1164 2901 1205 sensum
2935 1148 3100 1204 habet
3132 1167 3145 1203 :
3178 1149 3299 1204 Dixi
3331 1149 3504 1220 vobis,
3530 1151 3682 1222 quod

2082 1264 2107 1288 «ι
2142 1241 2266 1311 Quo
2303 1256 2407 1312 ego
2439 1238 2602 1306 vado,
2629 1238 2801 1306 scitis,
2832 1262 2856 1286 ιι
2892 1237 2998 1294 hoc
3027 1244 3130 1305 est,
3163 1237 3233 1293 ad
3264 1242 3482 1297 Patrem
3516 1261 3528 1297 :
3566 1263 3591 1290 ιι
3626 1249 3684 1297 et

2077 1331 2223 1385 viam
2243 1329 2416 1397 scitis,
2437 1353 2464 1379 ιι
2487 1329 2593 1385 hoc
2608 1336 2712 1397 est,
2742 1331 2849 1383 Me.
2874 1327 3029 1383 Dixit
3047 1327 3187 1382 mihi
3210 1328 3475 1400 Thomas,
3500 1354 3523 1379 ιι
3550 1334 3685 1387 Nes-

2077 1419 2258 1475 cimus
2302 1435 2411 1491 quo
2462 1418 2638 1487 vadis,
2680 1442 2704 1467 ιι
2756 1426 2813 1474 et
2857 1433 3034 1489 neque
3082 1417 3224 1472 viam
3282 1419 3504 1476 scimus.
3556 1422 3681 1477 Dixi

2075 1509 2306 1566 Thomas
2338 1530 2350 1566 :
2388 1532 2411 1558 ιι
2444 1512 2559 1581 Ego
2579 1524 2704 1565 sum
2730 1507 2815 1563 via
2844 1527 2856 1562 :
2880 1518 2935 1562 et
2960 1506 3140 1562 nullus
3166 1508 3317 1563 venit
3344 1508 3413 1565 ad
3438 1513 3680 1578 Patrem,

2080 1598 2184 1653 nisi
2215 1615 2312 1670 per
2357 1614 2465 1654 me.
2518 1622 2543 1647 υ
2574 1628 2648 1638 -
2697 1617 2724 1648 ι(
2766 1597 2826 1654 Si
2852 1596 3023 1667 igitur
3065 1613 3153 1652 me
3184 1600 3599 1671 cognovissetis,
3630 1610 3687 1658 et

2081 1691 2301 1744 Patrem
2332 1703 2523 1744 meum
2564 1686 2752 1759 utique
2778 1686 3185 1759 cognovissetis.
3218 1709 3245 1737 ι
3290 1690 3563 1745 (ἔνδιοι-οη]
3595 1707 3685 1748 me

2080 1778 2255 1845 scitis,
2298 1793 2430 1849 ergo
2476 1785 2531 1833 et
2571 1778 2791 1832 Patrem
2838 1792 3024 1832 meum
3066 1776 3238 1833 scitis.
3284 1779 3355 1832 Et
3399 1778 3504 1836 hoc
3532 1780 3685 1837 enim

366 1866 477 1946 ἄρα
517 1865 723 1924 οἴδατε.
764 1861 988 1943 ’Ᾱπάρτι
1031 1862 1178 1943 γὰρ,
1223 1862 1350 1941 φησὶ
1374 1906 1392 1934 ,
1438 1859 1730 1941 γινώσκετε
1771 1860 1969 1939 αὐτὸν,

439 1956 452 1969 ι
493 1957 512 1969 ι
619 1953 631 1969 ι
842 1952 858 1969 9
902 1951 916 1969 \
1025 1952 1042 1969 9
1095 1950 1109 1969 \
1154 1954 1171 1969 ο
1341 1947 1355 1969 Ι

2092 1867 2188 1941 ipsi
2207 1866 2532 1941 cognoscitis
2562 1882 2716 1935 eum,
2747 1872 2804 1923 et
2827 1864 3042 1921 vidistis
3069 1880 3218 1934 eum,
3247 1881 3341 1923 me
3364 1867 3503 1924 viso.

367 1956 462 2014 καὶ
489 1953 769 2033 ἑωράκατε
799 1951 982 2022 αὐτὸν,
1018 1950 1117 2027 ἐμὲ
1150 1947 1465 2031 ἑωρακότες.

457 2066 489 2103 ιι
532 2043 698 2120 Λέγει
725 2044 874 2121 αὖτῷ
908 2039 1220 2108 Φίλιππος·
1265 2039 1470 2120 Κύριε,
1516 2037 1681 2107 δεῖξον
1715 2039 1846 2117 ἡμῖν
1890 2037 1977 2100 τὸν

372 2132 622 2211 Πατέρα,
677 2130 773 2191 καὶ
821 2134 976 2211 ἀρκεῖ
1027 2131 1182 2208 ἡμῖν.
1244 2130 1404 2207 Λέγει
1460 2131 1607 2210 αὐτῷ
1653 2132 1681 2187 6
1734 2129 1979 2201 Ἰησοῦς·

371 2227 643 2286 Τοσοῦτον
680 2219 875 2301 χρόνον
921 2222 1039 2296 μεθ’
1095 2223 1243 2298 ὑμῶν
1302 2220 1434 2295 εἶμι,
1470 2218 1565 2277 καὶ
1604 2222 1699 2278 οὐκ
1748 2216 1982 2296 ἔγνωκάς

375 2337 461 2391 με,
489 2311 743 2371 Φίλιππε
763 2331 780 2386 ;
815 2308 888 2371 Ὀ
916 2309 1166 2390 ἑωρακὼς
1195 2306 1312 2386 ἐμὲ,
1347 2308 1552 2389 ἑώρακε
1586 2307 1675 2365 τὸν
1725 2306 1978 2383 Πατέρα·

374 2401 468 2462 καὶ
514 2403 630 2466 πῶς
676 2398 742 2459 σὺ
791 2398 1002 2478 λέγεις·
1050 2398 1232 2468 Δεῖξον
1293 2401 1425 2476 ἡμῖν
1481 2396 1571 2456 τὸν
1617 2394 1883 2477 Πατέρα;
1942 2418 1971 2454 ››

377 2490 593 2553 Ἐδόκει
632 2492 661 2548 6
697 2488 1017 2561 Φίλιππος,
1067 2487 1148 2547 ὅτι
1183 2486 1274 2546 τὸν
1321 2486 1416 2565 μὲν
1466 2485 1702 2568 Χριστὸν
1752 2485 1983 2568 ἀκριϐῶς

371 2578 663 2660 γινώσκει,
712 2583 890 2653 ἀγνοεῖ
955 2576 1010 2635 δὲ
1072 2576 1163 2635 τὸν
1232 2576 1489 2656 Πατέρα*
1528 2565 1626 2635 *διὸ
1680 2574 1773 2633 καὶ
1829 2565 1983 2633 εἶπε·

383 2692 413 2729 α
455 2668 643 2737 Δεῖξον
668 2667 802 2741 ἡμῖν
830 2668 921 2726 τὸν
956 2666 1216 2746 Πατέρα,
1262 2664 1358 2725 καὶ
1389 2667 1541 2745 ἀρκεῖ
1594 2668 1744 2741 ἡμῖν.
1785 2685 1813 2722 ››
1865 2662 1984 2725 Κᾶν

372 2759 476 2838 γὰρ
528 2756 779 2837 μυριάκις
827 2756 986 2834 λέγῃς
1017 2760 1179 2832 ἡμῖν,
1228 2756 1309 2813 ὅτι
1348 2775 1377 2813 ‹‹
1429 2755 1494 2814 Εἰ
1545 2752 1640 2830 ἐμὲ
1674 2751 1982 2833 ἐγνώκειτε,

375 2846 471 2908 καὶ
509 2846 601 2906 τὸν
648 2844 878 2926 Πατέρα
909 2868 1013 2922 μου
1039 2843 1321 2922 ἐγνώκειτε
1351 2842 1496 2926 3w,»
1539 2844 1601 2902 οὗ
1651 2841 1986 2919 δυνησόμεθα

375 2940 516 2997 οὕτω
542 2940 736 3014 μαθεῖν
771 2935 861 2993 τὸν
896 2933 1142 3013 Πατέρα.
1176 2932 1358 3001 Δεῖξον
1390 2924 1479 2992 οὖν
1517 2933 1646 3010 ἡμῖν
1695 2930 1849 2989 αὐτὸν
1879 2939 1989 2998 τοῖς

379 3033 711 3104 σωματικοῖς
756 3026 1069 3107 ὀφθαλμοῖς.
1108 3024 1341 3085 Ἀκούων
1377 3022 1482 3103 γὰρ
1510 3025 1539 3081 6
1569 3021 1866 3094 Φίλιππος,
1909 3019 1988 3079 ὅτι

2156 2049 2336 2103 Vnus.
2366 2051 2422 2110 8,
2443 2060 2495 2110 9.
2524 2066 2551 2094 α
2576 2043 2727 2101 Dicit
2748 2044 2797 2100 ei
2819 2042 3101 2116 Philippus
3125 2062 3137 2100 :
3172 2045 3433 2114 Domine,
3459 2048 3687 2106 ostende

2083 2136 2248 2191 nobis
2268 2138 2508 2201 Patrem,
2539 2141 2594 2189 et
2610 2133 2814 2189 sufﬁcit
2834 2132 3012 2189 nobis.
3039 2133 3184 2189 Dicit
3211 2135 3257 2190 ei
3282 2136 3313 2190 J
3317 2151 3444 2192 esus
3466 2154 3479 2191 :
3507 2139 3686 2195 Tanto

2085 2232 2336 2297 tempore
2356 2224 2645 2280 vobiscum
2675 2240 2823 2289 sum,
2845 2232 2897 2279 et
2929 2239 3041 2279 non
3071 2224 3378 2296 cognovisti
3403 2242 3518 2292 me,
3553 2227 3686 2284 Phi-

2087 2314 2268 2386 lippe?
2293 2314 2395 2383 Qui
2425 2313 2562 2370 vidit
2597 2330 2707 2382 me,
2745 2312 2888 2368 vidit
2922 2316 3147 2370 Patrem
3184 2331 3197 2368 :
3228 2322 3283 2369 et
3319 2315 3604 2387 quomodo
3625 2325 3686 2373 tu

2086 2404 2242 2472 dicis,
2270 2403 2516 2460 Ostende
2554 2403 2717 2458 nobis
2746 2404 3005 2459 Patrem?
3042 2426 3068 2453 ››
3104 2403 3410 2460 Videbatur
3437 2407 3688 2479 Philippo

2088 2493 2237 2566 quod
2280 2492 2561 2549 Christum
2605 2491 2829 2564 quidem
2873 2493 3014 2564 bene
3057 2502 3434 2564 cognosceret,
3466 2498 3690 2553 Patrem

2090 2590 2276 2638 autem
2310 2582 2608 2654 ignoraret.
2641 2581 2853 2636 Idcirco
2882 2590 2936 2636 et
2969 2579 3109 2636 dixit
3142 2600 3155 2634 :
3194 2604 3218 2630 ‹‹
3247 2583 3493 2639 Ostende
3530 2584 3691 2641 nobis

2091 2675 2331 2740 Patrem,
2379 2686 2444 2727 ac
2467 2670 2671 2726 sufﬁcit
2692 2670 2873 2726 nobis.
2910 2692 2935 2718 ιο
2967 2672 3113 2726 Nam
3155 2670 3284 2728 licet
3311 2672 3514 2729 millies
3541 2674 3694 2731 dicas

2091 2762 2272 2830 nobis,
2313 2784 2339 2810 α
2370 2761 2430 2818 Si
2457 2776 2549 2816 me
2577 2759 2989 2832 cognovissetis,
3018 2768 3072 2817 et
3110 2763 3327 2817 Patrem
3356 2778 3543 2818 meum
3583 2764 3692 2820 uti-

2094 2867 2201 2925 que
2227 2850 2649 2923 cognovissetis,
2685 2874 2710 2898 π
2743 2866 2857 2905 non
2897 2865 3192 2921 possumus
3220 2850 3315 2907 ita‘
3352 2851 3564 2909 discere
3594 2856 3695 2911 Pa-

2094 2950 2256 2998 trem.
2290 2940 2530 2997 Ostende
2559 2941 2728 3012 igitur
2756 2939 2917 2995 uobis
2946 2940 3104 2995 illum
3145 2941 3523 3014 corporalibus
3555 2959 3695 3001 ocu-

2096 3031 2179 3088 lis.
2214 3029 2467 3089 Audiens
2510 3031 2657 3086 enim
2686 3029 2964 3102 Philippus
3005 3029 3152 3101 quod
3181 3038 3235 3086 et
3263 3031 3544 3103 propheta:
3566 3049 3697 3090 cor—

384 3116 480 3175 καὶ
508 3118 556 3174 οἱ
586 3104 864 3196 προφῆται
889 3104 1026 3173 εἶδον
1058 3113 1148 3172 τὸν
1178 3111 1344 3185 Θεὸν,
1376 3110 1616 3186 ἐπεθύμη
1631 3135 1681 3171 τε
1714 3109 1805 3170 καὶ
1838 3110 1984 3178 αὐτὸς

2093 3120 2373 3193 poralibus
2401 3120 2573 3177 oculis
2602 3119 2872 3175 vidissent
2904 3123 3107 3190 Deum,
3132 3119 3482 3178 desiderabat
3504 3130 3561 3178 et
3580 3121 3697 3195 ipse

376 3205 519 3265 οὓτω
545 3207 875 3280 σωματικῶς
918 3204 1048 3262 ἰδεῖν
1102 3203 1260 3261 αὐτὸν
1281 3248 1298 3277 ,
1331 3202 1426 3261 οὐκ
1476 3198 1659 3276 εἰδὼς,
1689 3198 1771 3259 ὅτι
1810 3203 1986 3260 ἐκεῖνα

377 3296 446 3354 τα
494 3297 604 3353 τῶν
678 3295 1005 3373 προφητῶν,
1083 3289 1484 3371 συγκατάϐασις
1544 3281 1634 3362 ἦν.
1688 3288 1761 3350 Ὁ
1816 3287 1987 3349 τοίνυν

380 3383 622 3465 Χριστὸς
650 3382 925 3441 διδάσκων
953 3381 1043 3441 τὸν
1078 3383 1383 3456 Φίλιππον,
1415 3381 1500 3440 ὅτι
1534 3381 1630 3439 οὐκ
1675 3377 1790 3437 ἔστι
1831 3379 1989 3436 δυνα-

377 3475 465 3534 τὸν
515 3475 844 3550 σωματικῶς
889 3474 1143 3550 ὁραθῆναι
1186 3470 1367 3545 Θεὸν,
1417 3467 1578 3548 φησί·
1645 3488 1673 3526 ιι
1717 3470 1986 3529 Τοσοῦτον

383 3563 572 3644 χρόνον
602 3562 719 3638 μεθ’
755 3563 902 3638 ὑμῶν
933 3562 1077 3644 εἶμι,
1104 3559 1197 3619 καὶ
1226 3562 1320 3618 οὐκ
1358 3557 1596 3644 ἔχνωκοίς
1630 3579 1697 3635 με
1718 3601 1734 3629 ,
1784 3557 1989 3617 Φίλιπ-

391 3639 497 3727 Et;
524 3649 668 3731 Ὅρα
694 3648 776 3709 ὅτι
797 3652 895 3711 οὐκ
923 3640 1091 3723 εἶπεν,
1121 3648 1204 3709 ὅτι
1229 3651 1344 3709 Οὐκ
1366 3639 1498 3715 εἶδές
1528 3670 1615 3725 με,
1641 3648 1783 3720 ἀλλ’,
1818 3669 1847 3706 ιι
1872 3649 1989 3707 Οὐκ

396 3741 627 3819 ἔγνωκάς
662 3765 751 3819 με,
794 3763 822 3800 υ
881 3739 1106 3819 ἀπάγων
1151 3738 1240 3798 τὸν
1282 3738 1558 3798 Φίλιππον
1609 3737 1837 3797 ἀπὸτοῦ
1884 3760 1990 3817 χα-

394 3830 656 3907 μαιζήλου
724 3827 1095 3910 φρονήματος,
1169 3832 1264 3887 τοῦ
1318 3830 1591 3904 ἐπιθυμεῖν
1666 3830 1990 3902 σωματικῶς

394 3921 521 3979 ἰδεῖν
568 3920 663 3979 τὸν
712 3920 955 4000 Πατέρα.
1000 3921 1205 3984 Γνῶσις
1231 3917 1334 3998 γὰρ
1359 3962 1408 4000 ,__
1426 3916 1591 3999 φησὶ,
1624 3916 1842 3996 λέγεται
1901 3913 1991 3974 ἐπὶ

391 4010 559 4085 Θξῶ,
609 4009 712 4089 οὐχ
743 4013 779 4079 ἡ
826 3997 1112 4085 σωματικὴ
1160 3997 1477 4089 atteram
1524 4006 1793 4085 ἐπιφέρει·
1861 4026 1892 4063 (ι
1919 4002 1990 4064 Ὃ

388 4094 646 4178 ἑωρακὼς
674 4098 809 4171 ἐμὲ,
858 4099 1064 4178 ἑώρακε
1109 4096 1200 4155 τὸν
1251 4094 1491 4176 Πατέρα.
1535 4117 1564 4153 ›)
1604 4093 1682 4155 ⁸0
1723 4095 1777 4155 δὲ
1807 4094 1990 4172 λέγει,

388 4189 623 4249 τοιοῦτόν
664 4191 807 4247 ἐστι·
843 4186 923 4247 Σὺ
955 4187 1086 4265 μὲν,
1131 4178 1176 4246 ῶ
1205 4187 1485 4259 Φίλιππε,
1518 4187 1584 4244 δι’
1613 4185 1783 4265 ὄψεως
1808 4207 1997 4259 σωμα-

386 4283 542 4349 τικῆς
576 4281 751 4349 ζητεῖς
801 4278 929 4335 ἰδεῖν
959 4275 1047 4335 τὸν
1096 4278 1354 4357 Πατέρα,
1398 4273 1493 4334 καὶ
1527 4275 1694 4341 δοκεῖς
1719 4318 1752 4357 ,Α
1776 4273 1859 4333 ὅτι
1900 4271 1994 4350 ἐμὲ

388 4369 495 4442 ἤδη
545 4357 716 4432 εἶδες*
768 4364 877 4444 ἐγὼ
908 4364 963 4424 δὲ
1011 4364 1153 4443 λέγω
1190 4351 1415 4439 σοι,ετι
1469 4365 1514 4423 εἷ
1563 4362 1658 4441 ἐμὲ
1699 4351 1872 4444 εἶδες,
1903 4360 1996 4421 καὶ

2092 3210 2247 3267 illum
2290 3209 2472 3266 videre
2503 3209 2881 3281 corporaliter,
2926 3208 3188 3281 ignorans
3228 3210 3376 3282 quod
3399 3210 3491 3267 illa
3519 3212 3696 3269 conti-

2093 3301 2276 3373 gerint
2302 3299 2586 3372 prapbetis
2614 3314 2709 3370 per
2735 3298 3282 3355 condescensionem.
3317 3300 3486 3373 Igitur
3513 3300 3698 3359 Chris-

2095 3396 2213 3445 stus
2240 3390 2442 3446 docens
2468 3388 2786 3460 Philippum
2815 3387 2965 3461 quod
2994 3405 3106 3444 non
3136 3389 3210 3445 sit
3238 3390 3491 3460 possibile
3520 3394 3699 3449 Deum

2094 3478 2266 3536 videri
2314 3478 2696 3550 corporalibus
2725 3478 2919 3542 oculis,
2953 3477 3091 3534 dicit
3123 3494 3137 3533 :
3167 3501 3193 3528 ιι
3223 3480 3402 3536 Tanto
3445 3488 3698 3553 tempore

2096 3567 2382 3624 vobiscum
2413 3583 2561 3637 sum,
2618 3575 2675 3623 et
2722 3583 2837 3622 non
2866 3568 3168 3639 cognovisti
3215 3584 3330 3636 me,
3359 3568 3645 3643 Philippe?
3671 3595 3697 3622 ι

2096 3657 2236 3715 Vide
2263 3656 2390 3729 quia
2414 3673 2532 3712 non
2565 3655 2727 3725 dixit,
2757 3657 2886 3711 Non
2912 3655 3093 3712 vidisti
3124 3673 3239 3725 me,
3265 3656 3364 3713 sed
3397 3682 3422 3707 ιι
3457 3660 3585 3715 Non
3611 3676 3704 3717 co-

2096 3745 2328 3820 gnovisti
2356 3760 2463 3812 me,
2487 3765 2516 3799 »
2547 3744 2826 3801 abducens
2855 3745 3172 3817 Philippum
3195 3745 3263 3801 ab
3292 3746 3489 3803 humili
3509 3763 3699 3819 sensu,

2099 3851 2209 3909 quo
2239 3833 2587 3891 desiderabat
2610 3835 2834 3890 Patrem
2872 3832 3056 3889 videre
3096 3835 3468 3905 corporaliter.
3510 3837 3704 3894 Scien-

2096 3925 2172 3981 tia
2201 3923 2352 3980 enim
2381 3921 2453 3979 de
2482 3926 2624 3990 Deo,
2664 3922 2871 3995 inquit,
2895 3921 3116 3989 dicitur,
3152 3923 3322 3995 700
3356 3940 3472 3982 non
3497 3941 3702 3998 corpu-

2098 4013 2226 4071 ralis
2253 4020 2529 4085 aspectus.
2562 4010 2779 4068 Deinde
2804 4011 2988 4068 subdit
3019 4031 3031 4068 :
3069 4034 3095 4061 α
3128 4013 3236 4084 Qui
3261 4013 3394 4070 vidit
3421 4030 3531 4083 me,
3563 4016 3705 4074 vidit

2099 4106 2341 4161 Patrem.
2376 4125 2403 4152 ν
2448 4102 2611 4173 Quod
2640 4110 2824 4159 autem
2853 4102 3010 4170 dicit,
3042 4101 3115 4158 ita
3149 4118 3207 4159 se
3236 4102 3399 4161 habet
3425 4122 3439 4160 :
3468 4108 3552 4161 Tu
3580 4106 3703 4178 qui-

2102 4194 2254 4264 dem,
2295 4209 2329 4250 o
2358 4193 2625 4265 Philippe,
2653 4192 2860 4265 quaeris
2884 4191 3071 4249 videre
3096 4195 3320 4250 Patrem
3361 4195 3479 4251 visu
3501 4211 3700 4266 corpo-

2101 4285 2220 4351 rali,
2251 4290 2305 4339 et
2330 4291 2492 4355 putas
2530 4282 2677 4355 quod
2704 4298 2792 4338 me
2810 4281 2929 4355 jam
2959 4280 3173 4338 videris.
3204 4285 3320 4356 Ego
3358 4293 3547 4341 autem
3576 4285 3700 4345 dico

2101 4373 2219 4442 tibi,
2265 4371 2416 4444 quod
2442 4371 2490 4428 si
2519 4387 2610 4428 me
2646 4371 2894 4438 vidisses,
2923 4371 3088 4427 etiam
3116 4371 3272 4427 illum
3316 4373 3508 4445 utique
3537 4375 3702 4434 vidis-

389 4460 589 4518 ὶιιεῖνον
635 4454 702 4515 ἂν
736 4445 888 4524 εἶδες.
922 4456 1035 4516 Νῦν
1078 4453 1134 4514 δὲ
1164 4454 1279 4514 ἐπεὶ
1308 4455 1507 4513 ἐκεῖνον
1540 4453 1636 4511 οὔκ
1665 4443 1796 4520 εἶδες
1821 4500 1836 4526 ,
1869 4451 1984 4544 ουῦδὲ

2098 4478 2184 4519 ses
2216 4480 2230 4515 :
2262 4443 2412 4517 nunc
2440 4468 2627 4518 autem
2669 4476 2796 4518 cum
2828 4460 2983 4516 illum
3013 4476 3123 4515 non
3152 4458 3380 4528 videris,
3406 4443 3586 4534 neque
3610 4480 3704 4522 me

388 4548 482 4623 ἐμὲ
507 4536 644 4612 εἶδες
680 4545 753 4612 ὥς
788 4543 896 4624 χρὴ
933 4543 1178 4623 βλέπειν·
1209 4542 1347 4603 ἀλλὰ
1383 4545 1703 4619 σωματικῶς
1735 4542 1829 4619 μὲν
1861 4536 1993 4607 εἶδες

396 4635 510 4715 Ξμὲ,
544 4631 663 4693 ἐπεὶ
692 4634 785 4692 καὶ
818 4637 976 4710 σῶμα
1011 4636 1188 4715 φορῶ,
1236 4631 1334 4705 τὴν
1378 4632 1433 4692 δὲ
1465 4631 1607 4691 θείαν
1641 4630 1824 4692 οὐσίαν
1846 4674 1863 4704 ,
1894 4630 1991 4688 οὐκ

390 4718 551 4791 εἶδεςο
572 4721 716 4782 ὥστε
746 4722 864 4782 οὐδὲ
896 4720 994 4794 τὴν
1018 4728 1112 4781 τοῦ
1146 4722 1359 4802 Πατρὸς
1401 4720 1527 4788 ἴδοις
1555 4718 1619 4780 ἂν
1649 4723 1986 4799 σωματικῶς.

392 4813 537 4875 Οὔτε
570 4803 662 4870 οὖν
694 4811 826 4888 ἐμὲ,
859 4810 979 4871 οὔτε
1015 4812 1104 4869 τὸν
1154 4810 1373 4890 Πατέρα
1405 4811 1626 4869 δυνατόν
1676 4812 1820 4869 ἐστιν
1865 4810 1994 4868 ἰδεῖν

393 4903 735 4978 σωματικῶς.
790 4923 821 4955 ιι
846 4898 918 4960 ⁸0
945 4900 1048 4978 γὰρ
1077 4900 1324 4980 ἑωρακὼς
1355 4898 1451 4976 ἐμὲ
1474 4945 1489 4970 ,
1523 4897 1615 4958 καὶ
1641 4899 1729 4958 τὸν
1774 4897 1995 4975 Πατέρα

391 4993 646 5071 ἑώρακεν.
697 5011 728 5046 n
791 4988 954 5049 Ἀλλὰ
1004 4989 1110 5064 μὴν
1154 4987 1341 5049 πολλοὶ
1398 4984 1495 5066 ἐμὲ
1541 4992 1783 5048 δοκοῦσιν
1835 4989 1996 5067 ὁρᾷν,

392 5081 478 5141 τὸν
515 5082 570 5140 δὲ
623 5078 849 5159 Πατέρα
898 5080 999 5159 οὐχ
1038 5080 1262 5159 ὁρῶσιν·
1316 5078 1454 5137 ὥστε
1486 5077 1604 5137 οὐδὲ
1648 5080 1812 5157 δρῶσι
1856 5075 1996 5134 κατὰ

388 5172 482 5244 τὴν
512 5171 662 5231 θείαν
693 5168 855 5250 φύσιν
874 5213 892 5241 ,
925 5166 1066 5228 ἀλλὰ
1094 5167 1235 5228 κατὰ
1273 5167 1334 5227 τὸ
1367 5166 1722 5246 ἀνθρώπινον.
1756 5164 1997 5227 Δύνασαι

386 5263 437 5323 δὲ
480 5263 573 5321 καὶ
606 5259 944 5342 σαφέστερον
985 5256 1125 5317 οὕτω
1169 5262 1386 5330 νοῆσαι·
1431 5255 1775 5334 Ὁμοούσιος,
1808 5255 1993 5337 φησὶν,

381 5354 490 5431 εἰμὶ
516 5356 596 5433 τῷ
629 5347 846 5429 Πατρί.
891 5345 963 5408 Ὁ
1010 5346 1179 5408 τοίνυν
1224 5344 1473 5428 ἑωρακὼς
1502 5346 1635 5426 ἐμὲ,
1670 5345 1801 5426 ὅπερ
1846 5345 1995 5420 ἐστὶ,

377 5442 545 5525 γνοὺς,
595 5445 742 5524 ἔγνω
771 5437 869 5498 τὸν
908 5435 1164 5518 Πατέρα·
1198 5445 1321 5512 μιᾶς
1350 5436 1455 5515 γὰρ
1504 5436 1664 5509 οὔσης
1700 5434 1880 5525 οὐσίας
1907 5433 1999 5494 καὶ

369 5522 643 5620 σύσεωςς
680 5531 795 5609 μία
862 5528 959 5586 καὶ
1108 5529 1345 5620 γνῶσις-,Α
1387 5525 1736 5620 Αἰσχυν-έσθω
1797 5522 2000 5620 ῗΑρειος

359 5614 593 5699 ἀκούων,
626 5623 721 5685 ὅτι
754 5622 788 5680 ὅ
830 5614 1089 5698 ἑωρακὼς
1125 5616 1213 5674 τὸν
1261 5617 1417 5690 Υἱὸν,
1447 5615 1713 5689 τουτέστι,
1756 5614 1851 5687 τὴν
1885 5614 1999 5674 θεό-

351 5746 487 5798 “in
544 5723 653 5782 τῶ
720 5711 876 5775 Υἱοΰ
919 5703 1118 5786 γνοὺς,
1167 5703 1256 5765 τὸν
1302 5704 1565 5788 Πατέρα,
1617 5704 1740 5779 ἤτοι
1779 5703 1878 5779 τὴν
1918 5709 2007 5765 τοῦ

2100 4551 2284 4608 vidisti
2330 4557 2394 4606 ut
2414 4549 2603 4606 videre
2649 4558 2884 4623 oportet.
2934 4549 3312 4620 Corporaliter
3352 4550 3581 4622 quidem
3617 4552 3702 4609 vi-

2100 4639 2234 4698 disti
2266 4655 2379 4710 me,
2415 4640 2544 4713 quia
2577 4646 2633 4695 et
2660 4654 2863 4711 corpus
2891 4637 3043 4709 fero;
3075 4638 3319 4694 divinam
3358 4649 3541 4697 autem
3568 4642 3705 4699 sub—

2099 4730 2363 4788 stantiam
2389 4745 2501 4786 non
2521 4728 2725 4796 vidisti,
2764 4736 2934 4800 atque
2965 4729 3039 4785 ita
3075 4744 3252 4800 neque
3271 4732 3493 4786 Patrem
3520 4731 3706 4789 vidisti

2101 4818 2483 4892 corporaliter,
2511 4834 2691 4891 neque
2714 4818 2881 4890 igitur
2911 4833 3022 4888 me,
3050 4833 3231 4890 neque
3263 4821 3483 4876 Patrem
3511 4837 3706 4894 corpo-

2100 4910 2294 4966 raliter
2321 4909 2503 4965 videre
2530 4908 2674 4964 licet.
2702 4930 2728 4956 ι
2754 4906 2973 4963 Etenim
2998 4909 3093 4980 qui
3118 4908 3257 4964 vidit
3276 4925 3386 4978 me,
3408 4917 3464 4965 et
3485 4912 3705 4967 Patrem

2101 4998 2256 5056 vidit.
2313 5020 2339 5047 ν
2374 5001 2450 5055 At
2477 4996 2635 5053 multi
2665 5003 2864 5069 putant
2890 4995 3042 5069 quod
3080 5013 3171 5054 me
3199 4997 3438 5069 videant,
3485 5001 3704 5056 Patrem

2103 5097 2289 5145 autem
2313 5103 2426 5143 non
2453 5086 2659 5144 vident.
2682 5089 2877 5160 Itaque
2901 5102 3088 5160 neque
3111 5103 3199 5143 me
3221 5086 3411 5143 vident
3425 5087 3584 5159 juxta
3610 5103 3707 5144 na-

2104 5185 2286 5235 turam
2326 5175 2591 5246 divinam,
2634 5174 2733 5233 sed
2774 5175 2931 5249 juxta
2972 5177 3292 5232 humanam.
3337 5178 3504 5232 Potes
3547 5184 3604 5233 et
3630 5176 3709 5234 sic

2104 5265 2450 5325 manifestius
2503 5265 2808 5339 intelligere
2867 5264 3177 5339 :Ejusdem
3228 5263 3547 5322 substantiae
3578 5280 3705 5322 sum

2105 5372 2231 5413 cum
2256 5359 2444 5425 Patre;
2474 5356 2573 5427 qui
2600 5371 2730 5428 ergo
2759 5371 2848 5411 me
2872 5354 3024 5423 vidit,
3054 5354 3159 5410 hoc
3182 5361 3285 5422 est,
3309 5353 3581 5425 cognovit,
3615 5371 3709 5413 co-

2106 5444 2297 5520 gnovit
2340 5452 2397 5501 et
2443 5447 2679 5500 Patrem.
2731 5445 2873 5500 Nam
2920 5458 3046 5497 cum
3098 5457 3206 5498 una
3257 5442 3333 5497 sit
3383 5443 3710 5512 substantia,

2106 5534 2339 5593 scientia
2361 5549 2582 5607 quoque
2610 5549 2720 5589 una
2743 5542 2847 5588 est.
2871 5529 3260 5588 Confundatur
3278 5532 3443 5587 Arius
3462 5534 3711 5602 audiens,

2106 5624 2256 5699 quod
2280 5623 2374 5696 qui
2398 5623 2536 5681 vidit
2561 5623 2784 5690 Filium,
2806 5621 2911 5678 hoc
2935 5629 3041 5689 est,
3067 5620 3329 5679 deitatem
3362 5622 3481 5681 Filii
3501 5640 3713 5698 cogno-

2116 5714 2215 5783 vit,
2269 5715 2514 5784 Patrem,
2579 5712 2687 5770 hoc
2749 5720 2854 5783 est,
2903 5710 3166 5771 deitatem
3210 5712 3390 5772 Patris
3436 5714 3714 5788 cognovit,
