4128 6430
553 399 652 452 175

1547 395 2063 452 THEOPHYLACTI
2102 392 2462 450 BULGARIE
2500 391 2818 447 ARCHIEP.

3754 393 3855 445 176

545 517 940 578 Confuudatur
984 527 1040 576 et
1074 518 1363 586 Sabellius,
1411 521 1508 592 qui
1546 519 1682 577 dicit
1721 519 1869 592 quod
1913 537 2023 576 una
2073 519 2131 576 Sil

2254 517 2466 596 Πατρὸς
2497 517 2720 588 θεότητα
2757 515 2916 593 ἔγνω.
2963 511 3310 593 Αἷσχυνέσθω
3356 512 3448 571 καὶ
3491 513 3782 580 Σαϐέλλιος
3827 516 3857 572 6

543 609 854 681 hypostasis
874 616 927 665 et
953 624 1064 664 una
1091 624 1322 680 persona
1353 610 1534 665 Patris
1562 626 1626 665 ac
1653 609 1796 666 Filii.
1825 612 1968 665 Ecce
1993 609 2144 664 enim

542 697 771 755 diremit
817 697 1135 770 hypostases
1185 699 1480 765 Dominus,
1543 707 1599 754 et
1643 699 1803 754 aliam
1853 713 2145 770 personam

545 786 788 843 ostendit
833 787 1031 856 Patris,
1063 795 1119 842 et
1146 787 1309 842 aliam
1349 787 1502 858 Filii;
1548 787 1733 843 dicens
1763 788 1934 857 enim,
1983 808 2008 836 α
2040 787 2144 854 Qui

543 876 683 932 vidit
718 891 832 945 me,
863 899 889 925 ι
923 876 1162 932 ostendit
1191 892 1350 932 suam
1393 892 1708 948 personam,
1749 885 1803 934 et
1831 885 2023 948 postea
2053 875 2146 931 di-

543 981 694 1034 cens,
742 987 769 1014 ‹ι
819 965 969 1022 Vidit
1013 968 1253 1034 Patrem,
1308 989 1334 1014 υ
1366 981 1490 1022 ecce
1536 975 1592 1023 et
1630 966 1789 1022 aliam
1829 980 2142 1038 personam.

543 1053 707 1126 Quod
734 1055 782 1110 si
811 1070 919 1110 una
959 1070 1192 1125 persona
1222 1064 1386 1126 esset,
1416 1055 1551 1111 nihil
1595 1056 1703 1112 tale
1731 1055 1960 1112 dixisset
2005 1074 2018 1110 :
2050 1055 2146 1111 sed

541 1142 796 1215 Philippo
841 1143 1076 1211 dicente,
1126 1168 1151 1192 «ι
1193 1145 1432 1200 Ostende
1471 1145 1630 1200 nobis
1663 1148 1904 1210 Patrem,
1953 1167 1980 1193 ι
2030 1160 2147 1200 res-

544 1233 846 1305 pondisset,
890 1236 1017 1289 Non
1060 1233 1238 1290 habeo
1270 1237 1509 1302 Patrem,
1555 1235 1648 1289 sed
1688 1249 1788 1306 ego
1828 1249 1953 1289 sum
1985 1237 2147 1289 Pater

543 1329 599 1379 et
620 1321 810 1378 Filius.
848 1322 1096 1378 Omnino
1121 1331 1307 1378 autem
1331 1331 1592 1380 extremae
1622 1323 1952 1394 insipientia)
1984 1322 2148 1378 fuerit

542 1410 736 1467 audire
758 1411 981 1486 quidem
1002 1411 1201 1468 Filium
1221 1412 1516 1481 dicentem,
1541 1431 1567 1465 «
1593 1412 1682 1468 Ad
1710 1415 1928 1468 Patrem
1957 1427 2144 1468 meum

541 1498 704 1568 vado,
740 1522 766 1550 ο
815 1507 870 1557 et
913 1523 939 1550 «ι
972 1504 1087 1572 Ego
1128 1501 1183 1556 in
1211 1504 1394 1569 Patre,
1429 1524 1454 1549 »
1496 1510 1553 1557 et
1579 1517 1919 1574 quaecunque
1946 1501 2147 1558 similia

541 1595 676 1644 sunt
717 1603 732 1640 :
769 1605 884 1646 non
911 1589 1210 1663 intelligere
1239 1600 1427 1647 autem
1469 1591 1616 1663 quod
1659 1593 1760 1647 alia
1791 1607 2023 1664 persona
2075 1591 2148 1647 sit

542 1677 764 1748 Filii,et
787 1679 891 1735 alia
925 1679 1123 1747 Patris,
1163 1680 1257 1736 sed
1283 1679 1624 1737 confundere
1665 1681 1800 1737 illas.
1846 1683 2144 1752 Propterea

2254 607 2452 684 λέγων·
2509 606 2624 667 Μία
2672 604 2959 668 ὑπόστασις
3024 603 3113 661 καὶ
3166 601 3222 660 ἓν
3279 601 3566 682 πρόσωπον
3633 602 3852 680 Πατρὸς

2252 697 2344 755 καὶ
2383 697 2538 756 Υἱοῦ.
2590 693 2730 754 Ἰδοὺ
2781 694 2883 771 γὰρ
2924 693 3114 770 διαιρεῖ
3155 690 3250 757 τὰς
3283 691 3605 758 ὑποστάσεις
3648 694 3677 749 6
3747 691 3853 752 Κύ-

2257 807 2393 865 ριοςο
2421 785 2512 844 καὶ
2549 785 2679 842 ἄλλο
2711 782 2996 862 πρόσωπον
3051 779 3280 839 δείκνυσι
3319 785 3414 838 τοῦ
3461 781 3710 862 Πατρὸς,
3754 780 3850 841 καὶ

2256 876 2386 933 ἄλλο
2431 879 2521 931 τοῦ
2563 875 2713 933 Υἱοῦ.
2774 868 2956 931 Εἰπὼν
2998 870 3213 950 γὰρηιι
3244 867 3314 931 Ὀ
3360 869 3608 947 ἑωρακὼς
3657 869 3779 946 ἐμὲ,
3812 891 3843 928 υ

2256 962 2416 1031 ἔδειξε
2446 965 2506 1021 τὸ
2533 964 2722 1020 οἰκεῖον
2763 961 3046 1038 πρόσωπον
3066 983 3078 996 ·
3109 947 3256 1031 εἶτα,
3297 980 3326 1016 α
3370 957 3574 1038 ἑώρακε
3603 959 3693 1019 τὸν
3727 962 3852 1020 Πα-

2255 1052 2405 1132 τέρα,
2445 1076 2472 1110 ››
2514 1050 2625 1110 ἰδοὺ
2655 1053 2745 1110 καὶ
2791 1051 2968 1127 ἕτερον
3003 1049 3306 1128 πρόσωπον.
3349 1049 3418 1107 Εἰ
3463 1048 3519 1107 δὲ
3566 1047 3622 1106 ἓν
3671 1050 3851 1128 πρόσ-

2253 1130 2397 1200 ωπον
2429 1133 2526 1219 ἦν,
2553 1130 2696 1199 εἶπεν
2729 1138 2790 1198 ἂν
2825 1137 2972 1197 οὐδὲν
2993 1143 3244 1209 τοιοῦτον,
3275 1137 3415 1196 ἀλλὰ
3442 1141 3536 1196 τοῦ
3567 1137 3852 1198 Φιλίππου

2255 1230 2506 1304 εἰπόντος,
2546 1251 2575 1286 (ι
2617 1230 2797 1298 Δεῖξον
2829 1231 2952 1305 ὑμῖν
2978 1226 3065 1286 τὸν
3103 1225 3352 1305 Πατέρα,
3386 1249 3418 1282 to
3456 1227 3714 1306 ἀπεκρίθη
3748 1227 3851 1300 ἂν,

2252 1318 2332 1378 ὅτι
2363 1322 2482 1380 Οὐκ
2527 1318 2638 1378 ἔστι
2682 1341 2772 1396 μοι
2812 1316 3028 1395 Πατὴρ,
3073 1317 3190 1374 ἀλλ’
3223 1315 3328 1392 ἐγώ
3375 1319 3486 1390 εἰμι
3521 1317 3711 1396 Πατὴρ
3756 1317 3853 1376 καὶ

2255 1408 2397 1474 Υἱός.
2434 1408 2542 1469 Καὶ
2574 1407 2708 1475 ὅλως
2732 1408 2786 1465 δὲ
2817 1406 3052 1486 ἐσχάτης
3082 1405 3334 1477 ἀνοησίας
3368 1404 3518 1480 ἐστὶ,
3551 1404 3612 1462 τὸ
3645 1407 3856 1466 ἀκούειν

2256 1496 2352 1574 μὲν
2386 1502 2478 1556 τοῦ
2509 1499 2639 1558 Υῖοῦ
2668 1495 2910 1576 λέγοντος
2931 1540 2948 1571 ,
2986 1493 3068 1552 ὅτι
3113 1516 3144 1549 α
3179 1494 3321 1572 Πρὸς
3349 1493 3438 1552 τὸν
3471 1492 3696 1571 Πατέρα
3747 1519 3854 1571 μου

2253 1586 2582 1664 πορεύομαι⁹
2621 1609 2649 1644 ι)
2698 1585 2822 1657 καὶ,
2864 1606 2893 1642 (ι
2923 1581 3072 1661 Ἐγὼ
3100 1584 3153 1641 ἐν
3184 1585 3260 1661 τῷ
3304 1582 3506 1663 Πατρὶ,
3537 1603 3566 1641 ι)
3609 1585 3702 1642 καὶ
3746 1583 3853 1644 ὅσα

2255 1675 2394 1734 ἄλλα
2439 1681 2686 1736 τοιαῦτα·
2733 1673 2809 1752 μὴ
2840 1674 2976 1733 νοεῖν
3010 1673 3091 1746 δὲ,
3136 1670 3217 1732 ὅτι
3257 1671 3390 1730 ἄλλο
3419 1671 3704 1751 πρόσωπον
3752 1679 3856 1734 τοῦ

541 1765 879 1839 discipulum
920 1769 1198 1825 Dominus
1235 1770 1483 1842 increpat
1512 1770 1656 1842 quod
1705 1778 1861 1826 tanto
1892 1777 2131 1841 temport

2255 1765 2410 1838 Υῖοῦ,
2460 1765 2552 1823 καὶ
2603 1765 2733 1823 ἄλλο
2762 1766 2854 1821 τοῦ
2905 1761 3141 1842 Πατρὸς,
3193 1760 3333 1819 ἀλλὰ
3377 1759 3621 1840 συγχέειν
3659 1767 3852 1822 ταῦτα.

539 1864 801 1928 sequatur
828 1873 887 1914 se
917 1857 1224 1930 videritque
1253 1860 1409 1931 signa
1435 1875 1499 1915 ac
1527 1859 1752 1916 deitatis
1781 1874 1970 1932 Opera,
2001 1874 2141 1914 non-

539 1944 678 2002 dum
707 1954 893 2002 autem
916 1948 1196 2019 agnoverit
1223 1964 1352 2004 eum
1381 1956 1443 2004 ut
1461 1951 1665 2018 Deum,
1694 1964 1802 2020 quo
1835 1964 1933 2018 per
1959 1949 2144 2018 ipsum

540 2041 597 2090 et
635 2037 855 2090 Patrem
897 2045 1270 2107 cognosceret.
1325 2039 1483 2092 Nunc
1530 2045 1716 2092 autem
1761 2036 1896 2092 dicit
1947 2054 1959 2091 :
2001 2036 2142 2108 Quia

540 2121 898 2193 corporaliter
961 2123 1166 2195 quaeris
1223 2123 1410 2179 videre
1479 2128 1719 2192 Patrem,
1784 2124 2136 2180 manifestum

540 2211 691 2282 quod
715 2227 828 2268 non
856 2211 1034 2268 credis
1062 2228 1238 2285 neque
1277 2229 1368 2270 me
1394 2228 1572 2288 neque
1602 2213 1758 2270 illum
1788 2229 1906 2271 esse
1933 2217 2134 2270 Deum.

607 2391 781 2447 Vens.
810 2396 996 2447 10-12.
1032 2414 1058 2441 ιι
1097 2394 1214 2448 Νοιι
1243 2393 1526 2465 cognoscis
1555 2393 1703 2466 quod
1741 2409 1843 2464 ego
1871 2393 1924 2448 in
1949 2397 2131 2464 Patre,

536 2487 592 2535 et
619 2481 775 2536 Pater
803 2481 862 2536 in
888 2497 977 2536 me
1006 2486 1122 2538 est?
1165 2482 1344 2538 Verba
1374 2499 1497 2555 quae
1539 2499 1641 2556 ego
1673 2484 1870 2556 loquor
1898 2485 2069 2552 vobis,
2102 2501 2133 2541 a

536 2570 750 2640 meipso
777 2586 889 2625 non
920 2570 1120 2642 loquor
1154 2589 1167 2625 :
1203 2573 1364 2628 Pater
1390 2581 1575 2629 autem
1607 2573 1700 2646 qui
1726 2573 1784 2628 in
1813 2589 1901 2629 me
1923 2583 2132 2642 manet,

536 2657 652 2728 ipse
677 2655 810 2714 facit
838 2675 1021 2730 opera.
1058 2659 1276 2716 Credite
1304 2661 1460 2730 mihi,
1484 2663 1632 2735 quod
1659 2679 1760 2733 ego
1786 2662 1842 2717 in
1867 2666 2044 2731 Patre,
2082 2672 2137 2720 et

534 2747 697 2802 Pater
730 2747 789 2801 in
820 2762 908 2802 me
937 2756 1020 2802 est
1058 2768 1071 2803 :
1103 2748 1306 2820 alioqui
1352 2759 1575 2822 propter
1602 2750 1718 2823 ipsa
1755 2750 1901 2807 facta
1930 2752 2134 2809 credite

532 2834 690 2890 mihi.
727 2858 752 2884 υ
781 2838 845 2890 In
876 2838 1033 2892 Patre
1075 2845 1160 2892 est
1187 2838 1371 2907 Filius,
1403 2839 1713 2896 secundum
1739 2841 1887 2912 quod
1927 2841 1978 2895 in
2008 2840 2138 2896 sub-

531 2923 737 2980 stantia
768 2923 916 2980 illius
942 2932 1166 2996 apparet
1193 2944 1206 2982 :
1236 2935 1292 2982 et
1315 2943 1508 2984 rursus
1538 2932 1698 2984 Pater
1723 2928 1776 2983 in
1803 2930 1965 2998 Filio,
1992 2929 2136 2986 sicut

531 3027 628 3068 rex
657 3013 712 3068 in
741 3012 976 3085 imagine
1005 3031 1102 3070 sua
1131 3025 1357 3087 apparet
1401 3025 1457 3073 et
1483 3017 1670 3089 imago
1701 3018 1757 3073 in
1786 3034 1928 3089 rege.
1970 3021 2132 3076 Unus

2253 1855 2521 1933 Ἐπιτιμᾷ
2550 1853 2722 1913 τοίνυν
2765 1855 2841 1932 τῷ
2875 1855 3089 1930 μαθητῇ
3131 1853 3160 1907 6
3211 1851 3437 1930 Κύριος,
3484 1853 3554 1917 ὡς
3597 1857 3851 1912 τοσοῦτον

2255 1941 2350 2020 μὲν
2393 1942 2577 2022 χρόνον
2627 1943 3030 2011 ἀκολουθοῦντι,
3063 1941 3263 2015 σημεῖα
3298 1937 3353 1996 δὲ
3404 1938 3564 1997 ἰδόντι
3594 1942 3686 2000 καὶ
3733 1941 3854 2001 θεό-

2253 2055 2406 2104 τητος
2435 2033 2563 2111 ἔργα
2592 2076 2607 2106 ,
2643 2031 2808 2108 μήπω
2839 2030 2892 2088 δὲ
2922 2029 3098 2109 γνόντι
3146 2028 3304 2087 αὐτὸν
3344 2029 3415 2095 ὡς
3441 2027 3610 2102 Θεὸν,
3641 2029 3728 2088 ἵνα
3777 2034 3851 2089 δι’

2253 2121 2414 2180 αὐτοῦ
2444 2122 2535 2179 καὶ
2578 2119 2666 2178 τὸν
2700 2118 2920 2198 Πατέρα
2963 2122 3088 2198 γνῷ.
3129 2121 3242 2178 Νῦν
3287 2116 3342 2174 δέ
3382 2140 3581 2197 φησιν’
3616 2117 3847 2193 Ἐπειδὴ

2253 2212 2551 2288 σωματκῶς
2580 2213 2751 2281 ζητεῖς
2786 2208 2874 2266 τὸν
2909 2207 3152 2288 Πατέρα,
3182 2207 3338 2280 δῆλον
3367 2210 3437 2274 ὡς
3476 2208 3536 2267 οὖ
3584 2209 3852 2280 πιστεύεις

2250 2286 2366 2359 οὔτε
2399 2297 2493 2375 ἐμὲ
2523 2297 2642 2358 οὔτε
2669 2299 2865 2356 ἐκεῖνον
2889 2286 3023 2355 εἶναι
3049 2295 3210 2358 Θεόν.

2339 2410 2367 2446 (ι
2401 2389 2482 2448 Οὐ
2512 2386 2784 2466 γινώσκεις
2806 2387 2827 2464 [
2848 2387 2933 2448 al.
2961 2382 3290 2465 πιστεύειςῙ,
3316 2381 3398 2443 ὅτι
3424 2382 3528 2463 ἐγὼ
3555 2389 3607 2446 ἐν
3627 2388 3702 2466 τῷ
3733 2389 3856 2447 Πα-

2249 2476 2356 2558 τρὶ,
2405 2479 2495 2536 καὶ
2533 2480 2561 2536 6
2593 2477 2784 2555 Πατὴρ
2827 2477 2880 2534 ἐν
2932 2473 3050 2552 ἐμοί
3080 2477 3230 2550 ἐστι;
3265 2472 3356 2534 Τὰ
3405 2475 3625 2554 ῥήματα
3658 2475 3692 2533 ἃ
3738 2477 3849 2554 ἐγὼ

2245 2569 2395 2625 λαλῶ
2422 2567 2543 2642 ὑμῖν
2565 2611 2580 2640 ,
2615 2567 2710 2624 ἀπ’
2743 2568 2981 2642 ἐμαυτοῦ
3028 2566 3086 2624 οὗ
3117 2565 3265 2622 λαλῶ
3290 2588 3301 2600 ν
3336 2562 3365 2622 ό
3403 2563 3456 2622 δὲ
3491 2564 3683 2644 Πατὴρ
3725 2570 3754 2625 6
3790 2569 3852 2628 ἓν

2245 2658 2360 2733 ἐμοὶ
2405 2657 2614 2732 μένων,
2647 2656 2799 2721 αὐτὸς
2827 2661 2968 2713 ποιεῖ
2998 2654 3063 2713 τὰ
3097 2652 3251 2734 ἔργα.
3292 2652 3585 2713 Πιστεύετέ
3617 2678 3729 2732 μοι,
3762 2656 3853 2716 ὅτι

2244 2745 2348 2822 ἐγὼ
2380 2749 2431 2803 ἐν
2470 2750 2545 2825 τῷ
2574 2743 2770 2824 Πατρὶ,
2805 2743 2897 2802 καὶ
2927 2748 2954 2802 6
2989 2743 3182 2821 Πατὴρ
3215 2744 3267 2800 ἐν
3301 2742 3420 2820 ἐμοί
3467 2744 3627 2804 ἐστιν.
3673 2746 3738 2804 Εἰ
3787 2747 3852 2805 δὲ

2246 2833 2348 2912 μὴξ,
2379 2835 2465 2892 διὰ
2493 2835 2558 2892 τὰ
2588 2833 2716 2914 ἔργα
2745 2832 2880 2891 αὐτὰ
2909 2829 3184 2891 πιστεύετέ
3215 2853 3323 2906 μοι.
3358 2853 3386 2889 ι
3422 2828 3518 2891 Ἐν
3549 2835 3626 2913 τῷ
3662 2835 3846 2914 Πατρί

2242 2924 2266 2980 ἐ
2498 2923 2519 2940 ⁸
2545 2921 2556 2940 ‘
2771 2923 2785 2942 ἵ
2961 2926 2992 2955 ευ
3061 2923 3075 2943 ⁸,
3129 2920 3142 2941 Ι
3217 2923 3232 2944 9
3302 2918 3315 2941 Ι
3525 2919 3539 2942 Ι
3697 2945 3711 2958 .

2272 2946 2382 2981 στιν
2412 2927 2439 2982 6
2469 2924 2594 2988 ἶὶος
2620 2968 2635 3000 ,
2667 2928 2797 2982 καθο
2829 2924 2881 2980 ἐν
2925 2945 2992 2996 τῃ
3026 2944 3179 3000 ουσια
3209 2941 3407 2979 εκεινου
3444 2943 3684 2998 φαινεται
3746 2925 3846 2983 καὶ

2242 3014 2269 3068 6
2313 3011 2505 3091 Πατὴρ
2547 3003 2693 3078 αὖθις
2745 3014 2796 3069 ἐν
2827 3016 2894 3090 τῇ
2925 3015 3015 3069 τοῦ
3048 3011 3178 3070 Υἱοῦ
3200 3033 3213 3046 ·
3245 3007 3427 3087 ὥσπερ
3472 3009 3563 3068 καὶ
3595 3013 3622 3068 6
3673 3015 3842 3088 βασι-

531 3101 683 3158 enim
727 3103 1016 3159 character
1042 3104 1300 3177 imaginis
1342 3113 1398 3161 et
1423 3107 1586 3177 regis.
1619 3107 1778 3176 Quod
1806 3115 1995 3163 autem
2026 3125 2131 3164 una

2241 3099 2358 3167 λεὺς
2390 3105 2444 3160 ἐν
2473 3106 2539 3181 τῇ
2570 3100 2730 3160 εἰκόνι
2773 3101 2935 3158 αὐτοῦ
2967 3098 3250 3180 φαίνεται,
3282 3098 3372 3156 καὶ
3406 3103 3440 3169 ἡ
3474 3097 3628 3156 εἰκὼν
3674 3104 3726 3160 ἔν
3762 3105 3842 3184 τῷ

528 3190 834 3248 substantia
864 3207 987 3249 mea
1030 3202 1114 3249 est
1141 3200 1197 3248 et
1226 3194 1425 3262 Patris,
1457 3194 1839 3251 manifestum.
1884 3219 1910 3245 ιι
1955 3197 2132 3254 Verba

529 3280 674 3336 enim
717 3295 842 3353 qua
881 3296 981 3353 ego
1007 3281 1223 3353 loquor,
1250 3299 1280 3338 a
1324 3284 1537 3356 meipso
1576 3300 1690 3340 non
1719 3285 1935 3357 loquor,
1969 3309 1994 3335 η
2028 3285 2133 3342 hoc

527 3376 630 3436 est,
659 3385 775 3425 non
800 3369 958 3427 aliter
987 3369 1105 3427 haec
1131 3370 1285 3440 dico;
1323 3372 1420 3428 sed
1461 3373 1938 3445 quemadmodum
1971 3378 2133 3431 Pater

525 3456 748 3526 diceret,
789 3458 864 3513 sic
899 3459 1062 3530 701
1114 3468 1169 3516 et
1211 3477 1313 3533 ego
1352 3462 1562 3534 loquor.
1595 3464 1722 3518 Non
1751 3463 1898 3518 enim
1950 3463 2129 3520 habeo

524 3545 785 3618 quiddam
805 3549 1089 3620 proprium
1105 3550 1252 3621 quod
1270 3566 1456 3606 meum
1472 3552 1541 3606 sit
1564 3559 1618 3607 et
1633 3560 1950 3623 separatum
1974 3570 2005 3610 a
2027 3557 2130 3612 Pa-

522 3642 632 3705 tre,
661 3635 759 3693 sed
789 3637 974 3694 omnia
1001 3640 1338 3696 communia.
1369 3643 1500 3697 Una
1523 3640 1834 3698 substantia
1870 3651 1971 3710 est,
1996 3644 2126 3700 sub-

519 3723 784 3781 sistentiis
826 3728 1108 3797 separatis.
1141 3730 1264 3786 Non
1294 3731 1410 3786 sola
1455 3738 1642 3787 autem
1676 3732 1838 3788 verba
1883 3748 2006 3803 quas
2047 3733 2125 3789 lo-

518 3830 678 3886 quor,
728 3815 907 3872 Patris
945 3825 1094 3888 sunt,
1136 3817 1234 3874 sed
1281 3826 1336 3874 et
1373 3835 1557 3890 opera.
1586 3820 1724 3893 Quia
1755 3821 1904 3876 enim
1945 3821 2125 3879 divina

519 3911 650 3960 sunt
667 3919 857 3976 opera,
887 3907 1037 3961 Deus
1057 3915 1244 3964 autem
1266 3917 1347 3964 est
1372 3910 1549 3978 Pater,
1573 3917 1628 3966 et
1651 3926 1777 3981 ego,
1801 3911 1962 3966 unius
1993 3911 2126 3967 sub-

527 3993 746 4048 stantiae
810 4001 938 4048 sunt
965 4010 1149 4064 opera,
1192 4003 1356 4066 atque
1384 3997 1458 4052 ita
1489 3998 1704 4053 etiamsi
1749 4014 1851 4069 ego
1900 3999 2124 4068 faciam,

525 4081 687 4135 Pater
730 4079 892 4148 facit;
925 4090 982 4136 et
1019 4083 1068 4137 si
1098 4085 1278 4152 Pater,
1306 4101 1409 4156 ego
1438 4087 1601 4141 facio.
1656 4109 1681 4134 α
1712 4085 1936 4142 Credite
1975 4090 2126 4160 quod

520 4183 621 4240 ego
650 4167 709 4223 in
758 4171 939 4237 Patre,
983 4179 1039 4225 et
1077 4173 1239 4226 Pater
1279 4173 1337 4227 in
1398 4189 1508 4241 me,
1559 4197 1584 4222 »
1616 4173 1720 4230 hoc
1749 4183 1855 4245 est,
1901 4177 2128 4248 Oportet

519 4255 745 4330 quidem
771 4272 901 4313 cum
943 4259 1144 4316 auditis
1169 4264 1393 4317 Patrem
1434 4270 1490 4318 et
1531 4263 1754 4332 Filium,
1795 4265 1929 4320 nihil
1976 4266 2125 4324 aliud

520 4346 799 4418 inquirere
840 4363 939 4418 pro
976 4348 1358 4406 constituenda
1387 4352 1732 4409 substantiali
1777 4356 2120 4427 cognatione.

519 4436 615 4492 Sin
638 4451 767 4492 vero
800 4451 916 4492 non
943 4436 1146 4494 sufﬁcit
1170 4439 1275 4495 hoc
1304 4441 1459 4497 vobis
1486 4441 1556 4498 ad
1586 4442 1992 4500 ostendendam
2024 4462 2124 4517 pa-

2241 3194 2472 3270 βασιλεῖ.
2521 3187 2614 3258 Εἷς
2643 3191 2746 3271 γὰρ
2776 3193 2804 3248 6
2837 3188 3121 3269 χαρακτὴρ
3146 3192 3243 3259 τῆς
3268 3187 3466 3255 εἰκόνος
3491 3187 3584 3247 καὶ
3613 3194 3704 3247 τοῦ
3736 3195 3844 3268 βα-

2239 3279 2446 3347 σιλέως.
2495 3279 2627 3339 ⁰Οτι
2655 3278 2710 3337 δὲ
2759 3277 2859 3354 μία
2909 3283 2942 3349 ἡ
2976 3277 3129 3336 οὐσία
3162 3279 3294 3351 ἐμοῦ
3325 3299 3381 3334 τε
3435 3276 3526 3335 καὶ
3574 3280 3666 3338 τοῦ
3708 3283 3846 3341 Πα-

2235 3367 2379 3450 τρὸς,
2441 3369 2635 3439 δῆλον·
2680 3388 2710 3424 ››
2747 3368 2836 3427 Τὰ
2879 3368 2982 3447 γὰρ
3030 3366 3246 3448 ῥήματα
3295 3363 3329 3423 ἃ
3357 3362 3465 3444 ἐγὼ
3499 3367 3688 3441 λαλῶ,
3742 3369 3844 3428 ἀπ’

2237 3458 2472 3533 ἐμαυτοῦ
2501 3459 2559 3516 οὖ
2584 3459 2764 3538 λαλῷ·
2799 3480 2828 3513 n
2865 3456 3158 3528 τουτέστιν,
3190 3455 3308 3516 Οὐχ
3334 3453 3509 3522 ἄλλως
3542 3454 3649 3535 ἐγὼ
3691 3457 3841 3536 λέγω

2235 3552 2464 3621 ταῦταί
2491 3546 2610 3606 ἀλλ’
2659 3547 2842 3625 ὥσπερ
2889 3545 2952 3604 ἂν
2995 3549 3022 3604 6
3067 3543 3258 3624 Πατὴρ
3301 3543 3458 3617 εἴποι,
3503 3544 3643 3606 οὕτω
3683 3547 3846 3627 κάγὼ

2236 3640 2404 3695 λαλῶ.
2461 3636 2555 3707 Μὴ
2607 3634 2710 3716 γὰρ
2759 3634 2870 3714 ἔχω
2899 3657 2951 3693 τι
2989 3633 3120 3692 ἴδιον
3162 3635 3395 3711 ἐμαυτοῦ
3438 3636 3845 3715 κεχωρισμένον

2234 3732 2323 3785 τοῦ
2357 3725 2601 3805 Πατρὸς,
2634 3725 2772 3784 ἀλλὰ
2803 3725 2980 3784 πάντα
3012 3723 3161 3784 κοινά
3187 3747 3200 3760 ·
3233 3722 3330 3800 μία
3360 3722 3463 3804 γὰρ
3492 3724 3646 3783 οὐσία
3694 3727 3844 3786 διαι-

2237 3814 2502 3894 ρουμένων
2528 3817 2632 3871 τῶν
2659 3812 3027 3874 ὕποστάσεων.
3058 3815 3138 3873 Οὖ
3174 3811 3330 3888 μόνον
3361 3812 3415 3870 δὲ
3447 3811 3514 3869 τὰ
3545 3812 3762 3893 ῥήματα
3797 3815 3841 3876 ἃ

2234 3902 2392 3981 λέγω,
2415 3909 2506 3962 τοῦ
2531 3902 2741 3984 Πατρός
2771 3904 2921 3978 εἰσιν,
2947 3901 3086 3961 ἀλλὰ
3107 3901 3198 3958 καὶ
3222 3901 3286 3958 τὰ
3312 3900 3441 3980 ἔργα
3465 3906 3577 3959 θεῖα
3606 3901 3672 3960 τὰ
3700 3903 3838 3981 ἔργα

2235 3991 2394 4051 Ἐπεὶ
2419 3991 2521 4072 γὰρ
2563 3997 2677 4051 θεῖα
2706 3991 2774 4050 τὰ
2827 3991 2979 4071 ἔργα,
3017 3992 3154 4057 Θεὸς
3203 3989 3256 4049 δὲ
3298 3995 3326 4049 6
3380 3989 3611 4070 Πατὴρ,
3650 3992 3837 4072 κάγώ·

2235 4089 2359 4157 μιᾶς
2417 4081 2522 4162 ἄρα
2587 4083 2767 4148 οὐσίας
2833 4080 2936 4139 εἰσὶ
2996 4079 3063 4138 τὰ
3112 4079 3265 4160 ἔργα.
3333 4077 3504 4138 ’Ὠστε
3565 4078 3666 4138 κᾶν
3720 4082 3838 4160 ἐγὼ

2232 4173 2400 4243 ποιῶ,
2442 4175 2470 4229 6
2523 4170 2716 4246 Πατὴρ
2773 4170 2942 4230 ποιεῖ’
2996 4167 3096 4227 κᾶν
3137 4173 3165 4228 6
3211 4167 3442 4246 Πατὴρ,
3498 4167 3604 4246 ἐγὼ
3661 4175 3830 4234 ποιῶ.

2241 4279 2272 4316 α
2313 4258 2636 4329 Πιστεύετε,
2681 4257 2761 4318 ὅτι
2795 4257 2899 4337 ἐγὼ
2931 4260 2982 4317 ἐν
3013 4262 3090 4338 τῷ
3127 4257 3306 4336 Πατρὶ
3329 4305 3344 4330 ,
3375 4257 3465 4315 καὶ
3492 4263 3519 4318 6
3550 4259 3740 4340 Πατὴρ
3771 4263 3833 4321 ἐν

2233 4348 2382 4424 ἐμοί·
2408 4371 2438 4407 ι)
2477 4347 2736 4423 τουτέστι,
2757 4352 2853 4408 Δεῖ
2877 4346 2972 4425 μὲν
3002 4347 3288 4413 ἀκούοντας
3317 4349 3454 4422 ὑμᾶς
3482 4349 3702 4428 Πατέρα
3733 4351 3834 4410 καὶ

2232 4438 2386 4512 Υἱὸν,
2452 4437 2618 4515 μηδὲν
2675 4439 2850 4518 ἕτερον
2896 4441 3160 4510 ἐπιζητεῖν
3214 4437 3286 4503 εἰς
3324 4437 3670 4516 παράστασιν
3726 4445 3835 4513 τῆς

520 4540 640 4582 rem
665 4524 1030 4582 susbtantiam
1061 4537 1116 4583 et
1163 4527 1456 4598 honorem,
1505 4531 1656 4603 quod
1701 4535 1862 4588 Pater
1910 4533 1969 4588 in
1999 4505 2121 4591 mea

2240 4525 2368 4585 κατὰ
2413 4527 2511 4598 τὴν
2545 4526 2726 4586 οὐσίαν
2774 4527 3101 4606 συγγενείας.
3157 4529 3223 4585 Εἰ
3265 4525 3319 4583 δὲ
3354 4528 3478 4603 ὑμῖν
3530 4528 3623 4585 οὐκ
3672 4530 3832 4608 ἀρκεῖ

521 4614 829 4670 substantia
861 4625 1105 4687 apparet,
1135 4625 1190 4672 et
1220 4634 1320 4691 ego
1349 4620 1403 4674 in
1430 4622 1607 4677 Patris
1639 4640 1652 4676 :
1692 4645 1719 4670 α
1768 4622 1852 4678 vel
1895 4633 2122 4696 propter

521 4718 687 4774 opera
712 4703 914 4762 credite
940 4706 1098 4762 mihi.
1130 4730 1154 4757 ιο
1182 4709 1361 4786 Opera
1383 4711 1530 4765 enim
1556 4711 1659 4766 Dei
1686 4719 1831 4768 sunt.

595 4974 771 5029 Vens.
804 4978 984 5030 12-14.
1021 4997 1046 5025 σι
1081 4978 1286 5043 Amen,
1309 4993 1473 5034 amen
1498 4979 1620 5036 dico
1645 4979 1798 5037 vobis
1829 4982 1969 5054 :Qui
1997 4999 2116 5039 cre-

519 5061 601 5118 dit
640 5061 700 5118 in
737 5077 852 5131 me,
882 5079 1049 5135 opera
1089 5081 1212 5137 qua:
1255 5083 1356 5140 ego
1391 5067 1557 5137 facio,
1588 5077 1645 5124 et
1684 5069 1800 5142 ipse
1844 5069 2029 5138 faciet,
2061 5079 2118 5127 et

516 5151 730 5223 majora
772 5151 838 5208 iis
865 5151 1029 5209 faciet
1059 5175 1070 5210 :
1105 5155 1228 5228 quia
1267 5172 1368 5229 ego
1393 5157 1460 5214 ad
1485 5159 1703 5214 Patrem
1731 5175 1922 5216 meum
1958 5161 2112 5217 vado.

515 5243 588 5296 Et
615 5239 882 5314 quidquid
919 5244 1186 5313 petieritis
1225 5246 1282 5300 in
1316 5247 1543 5303 nomine
1580 5264 1728 5317 meo,
1757 5248 1864 5304 hoc
1892 5249 2108 5321 faciam,

517 5335 579 5383 ut
615 5330 952 5401 glorificetur
989 5335 1150 5390 Pater
1188 5334 1241 5390 in
1281 5337 1433 5392 Filio.
1478 5336 1532 5393 Si
1563 5338 1695 5409 quid
1750 5338 2018 5408 petieritis
2051 5341 2112 5396 in

514 5419 742 5474 nomine
761 5435 904 5490 meo,
935 5437 1035 5494 ego
1064 5421 1286 5480 faciam.
1309 5447 1336 5474 ι
1357 5426 1672 5483 Ostendens
1688 5426 1944 5484 Christus
1961 5428 2112 5500 quod

513 5519 628 5560 non
651 5505 769 5563 haac
795 5509 910 5564 sola
938 5513 1113 5581 possit
1140 5530 1326 5586 opera,
1365 5515 1462 5571 sed
1492 5524 1550 5570 et
1589 5516 1715 5585 alia,
1745 5523 1801 5571 et
1829 5515 1910 5572 his
1937 5518 2111 5574 multo

515 5593 753 5666 majora,
794 5599 1124 5656 excellenter
1166 5620 1227 5659 ea
1259 5605 1438 5675 ponit.
1461 5607 1588 5661 Non
1631 5605 1774 5661 enim
1804 5605 1936 5661 dixit
1965 5607 2111 5679 quod

509 5685 583 5738 Et
625 5681 838 5755 majora
877 5685 965 5743 his
1013 5688 1190 5749 facere
1214 5708 1444 5764 possum
1476 5710 1490 5750 :
1522 5693 1618 5753 sed
1641 5694 1789 5767 quod
1813 5695 1986 5770 magis
2025 5704 2111 5754 est

2227 4620 2382 4674 τοῦτο
2409 4617 2538 4696 πρὸς
2570 4617 2630 4675 τὸ
2663 4615 2829 4684 δεῖξαι
2860 4617 2921 4676 τὸ
2965 4615 3243 4692 ὃμοούσιον
3273 4614 3365 4673 καὶ
3398 4614 3654 4692 ὁμότιμον
3674 4662 3690 4690 ,
3729 4619 3831 4679 καὶ

2227 4703 2308 4763 ὅτι
2341 4708 2368 4764 6
2405 4705 2600 4777 Πατὴρ
2632 4707 2686 4766 ἐν
2717 4710 2783 4784 τῇ
2825 4707 2930 4786 ἐμῇ
2955 4705 3107 4785 οὐσίᾳ
3151 4703 3428 4784 φαίνεται,
3478 4705 3570 4762 καὶ
3619 4703 3724 4785 ἐγὼ
3768 4709 3829 4767 ἐν

2224 4799 2289 4873 τῇ
2319 4799 2411 4853 τοῦ
2439 4795 2670 4873 Πατρὸς,
2709 4817 2739 4853 α
2780 4793 2880 4853 κᾶν
2930 4793 3016 4853 διὰ
3058 4795 3125 4852 τὰ
3158 4793 3287 4874 ἔργα
3312 4792 3592 4852 πιστεύετέ
3622 4817 3712 4874 μοι
3736 4818 3750 4833 ο
3787 4821 3820 4854 ιο

2224 4882 2292 4941 τὰ
2325 4882 2454 4964 ἔργα
2492 4885 2638 4943 Θεοῦ
2664 4886 2819 4942 εἰσιν.

2313 4994 2344 5031 α
2388 4974 2576 5052 Ἀμὴν,
2620 4972 2763 5051 ἀμὴν
2798 4971 2938 5050 λέγω
2964 4973 3087 5047 ὓμῖν
3107 4995 3120 5013 ν
3151 4974 3179 5030 6
3209 4969 3472 5030 πιστεύων
3505 4973 3578 5040 εἷς
3607 4971 3722 5050 ἐμὲ,
3753 4975 3827 5038 τὰ

2223 5061 2354 5142 ἔργα
2401 5061 2436 5121 ἃ
2479 5061 2585 5141 ἐγὼ
2637 5065 2811 5136 ποιῶ,
2861 5065 3100 5130 κάκεῖνος
3159 5059 3404 5135 ποιήσει,
3456 5060 3548 5120 καὶ
3601 5064 3826 5139 μείζονα

2222 5151 2422 5210 τούτων
2461 5151 2706 5224 ποιήσει·
2739 5155 2818 5211 ὅτι
2871 5149 2978 5230 ἐγὼ
3013 5152 3142 5232 πρὸς
3179 5151 3264 5209 τὸν
3297 5151 3524 5229 Πατέρα
3574 5177 3675 5228 μου
3717 5177 3824 5216 πο-

2224 5240 2477 5321 ρεύομαιο
2525 5241 2616 5301 καὶ
2668 5240 2696 5300 ὃ
2752 5240 2842 5300 ἐὰν
2899 5241 3156 5312 αἰτήσητε
3188 5243 3239 5299 ἓν
3285 5244 3361 5321 τῷ
3411 5239 3639 5317 ὀνόματί
3669 5264 3774 5318 μου
3805 5291 3821 5317 ,

2217 5335 2373 5389 τοῦτο
2416 5330 2659 5404 ποιήσω,
2688 5329 2774 5389 ἵνα
2806 5329 3030 5410 δοξασθῇ
3060 5334 3088 5389 6
3118 5329 3314 5410 Πατὴρ
3346 5331 3398 5387 ἐν
3429 5333 3504 5408 τῷ
3548 5331 3687 5411 Υἱῷ.
3740 5331 3824 5396 ⁸0

2218 5418 2310 5478 ἐὰν
2359 5419 2613 5493 αἰτήσητε
2663 5422 2718 5478 ἐν
2761 5423 2836 5500 τῷ
2884 5418 3108 5496 ὀνόματί
3164 5442 3296 5496 μου,
3351 5416 3458 5498 ἐγὼ
3491 5419 3723 5491 ποιήσω.
3779 5443 3812 5482 n

2218 5507 2481 5569 Δεικνύων
2513 5514 2540 5568 6
2567 5509 2831 5589 Χριστὸς,
2865 5508 2946 5569 ὅτι
2988 5511 3047 5567 οὖ
3085 5513 3259 5568 ταῦτα
3298 5507 3435 5585 μόνα
3479 5508 3700 5568 δύναται
3746 5511 3820 5570 τὰ

2217 5598 2382 5678 ἔργα,
2419 5599 2558 5658 ἀλλὰ
2591 5597 2682 5658 καὶ
2725 5598 2880 5678 ἕτερα
2919 5601 3104 5680 πολλῷ
3150 5598 3348 5658 τούτων
3403 5597 3658 5676 μείζονα,
3690 5605 3820 5676 μεθ’

2217 5689 2516 5772 ὑπερϐολῆς
2541 5686 2680 5748 αὐτὰ
2711 5689 2939 5762 τίθησιν.
2972 5690 3053 5750 Οὖ
3088 5687 3193 5770 γὰρ
3217 5687 3394 5769 λέγει,
3431 5685 3514 5747 ὅτι
3544 5686 3659 5749 Καὶ
3690 5689 3818 5768 μεί-
