4128 6444
322 462 429 516 I77

1129 458 1525 517 ENARRATIO
1564 459 1633 517 IN
1670 457 2109 519 EVANGELIUM
2144 460 2445 519 JOANNIS.
2487 491 2556 503 —
2595 462 2750 523 CAP.
2788 466 2921 523 XN.

3569 474 3671 529 178

324 590 452 657 ζονα
481 583 701 647 τούτων
728 587 981 670 δύναμαι
1016 589 1270 662 ποιῆσαι,
1315 583 1475 668 ἀλλ’,
1523 585 1554 647 ὃ
1597 590 1782 670 πολλῷ
1824 593 1938 650 θαυ·

2071 586 2504 660 suscipiendum,
2528 588 2667 647 Aliis
2703 590 2893 662 etiam,
2936 591 3136 665 inquit,
3165 591 3299 650 dare
3340 609 3569 668 possum
3605 606 3673 654 ut

331 676 674 757 μαστότερον
696 698 699 705 ’
721 668 827 750 ἧν,
872 675 986 738 Καὶ
1019 676 1216 757 ἑτέροις
1258 675 1490 753 δύναμαι
1523 678 1704 737 δοῦναι
1727 668 1763 755 ,7
1797 678 1960 757 φησὶ,

2065 677 2235 734 etiam
2265 677 2349 734 his
2394 678 2614 751 majora
2655 677 2881 738 faciant.
2935 681 3101 739 Vides
3150 691 3352 755 quanta
3392 684 3465 741 sit
3492 685 3667 744 virtus

340 765 432 826 καὶ
461 767 690 844 μείζονα
730 766 941 827 τούτων
969 771 1219 840 ποιῆσαι.
1266 765 1432 849 Ὁρᾷς
1467 764 1568 839 τὴν
1600 766 1827 847 δύναμιν
1865 773 1938 828 τοῐ

2061 767 2370 839 Unigeniti,
2416 777 2480 824 ut
2509 768 2681 825 etiam
2724 769 2850 826 aliis
2889 770 3019 827 dare
3063 771 3236 844 possit
3263 773 3414 845 quod
3464 773 3668 831 faciant

346 859 709 937 Μονογενοῦς,
752 861 871 923 πῶς
916 856 1152 927 τοσαύτη
1179 854 1376 938 ἐστὶν,
1431 853 1572 915 ὥστε
1623 856 1717 916 καὶ
1764 856 1938 938 ἑτέροι

2062 856 2275 929 majora
2304 872 2472 929 quam
2499 858 2616 929 ipse
2652 856 2881 917 fecerit?
2909 860 3156 918 Dicendo
3185 861 3358 934 enim,
3390 885 3414 912 α
3446 866 3564 937 Ego
3591 865 3662 921 ad

356 945 550 1006 διδόναι
590 948 772 1006 ποιεῖν
804 944 938 1025 ἔργα
978 945 1144 1024 μείζω
1171 933 1244 1003 ὧν
1275 944 1431 1012 αὐτὸς
1463 945 1742 1021 ἐποίησενς
1780 944 1937 1008 «⁸οτ

2059 947 2279 1002 Patrem
2307 962 2497 1002 meum
2529 946 2688 1015 vado,
2738 970 2764 997 ιι
2802 948 2908 1005 hoc
2947 949 3262 1022 signiﬁcat:
3300 933 3535 1009 Posthac
3566 969 3665 1010 vos

348 1035 450 1115 ἐγὼ
480 1034 610 1118 πρὸς
636 1036 733 1097 τὸν
766 1035 996 1116 Πατέρα
1023 1059 1124 1113 μου
1144 1035 1483 1114 πορεύομαι,
1517 1057 1548 1093 u
1585 1040 1746 1097 τοῦτο
1778 1037 1953 1114 δηλοῖ,

2058 1035 2429 1107 operabimini
2454 1035 2745 1104 miracula,
2776 1035 2884 1094 hoc
2913 1045 3105 1095 autem
3134 1055 3283 1096 nunc
3305 1048 3545 1099 transeo.
3572 1044 3663 1099 ln-

349 1124 430 1186 ὅτι
454 1124 645 1203 Ὑμῶν
695 1129 811 1188 ἐστι
848 1125 1066 1204 λοιπὸν,
1111 1124 1173 1185 τὸ
1200 1125 1626 1207 θαυματουργεῖν
1651 1149 1664 1163 ·
1709 1124 1816 1205 ἐγὼ
1850 1127 1938 1210 γὰε

2057 1130 2363 1197 terpretans
2389 1133 2577 1181 autem
2597 1123 2756 1183 nobis
2783 1128 3067 1199 quomodo
3086 1129 3183 1200 qui
3202 1127 3377 1185 credit
3403 1130 3459 1185 in
3477 1129 3657 1198 illum,

354 1215 458 1289 ἤδη
498 1214 854 1293 μεθίσταμαι.
895 1214 1249 1293 εΕρμηνεύων
1307 1213 1363 1272 δὲ
1406 1218 1580 1291 ἡμῖν,
1629 1219 1744 1282 πῶς
1788 1219 1816 1275 ὁ
1857 1241 1938 1277 πι-

2058 1214 2263 1286 poterit
2279 1213 2460 1270 facere
2483 1230 2680 1287 magna
2698 1223 2756 1271 et
2778 1216 3078 1288 mirabilia,
3096 1218 3272 1290 inquit
3300 1234 3313 1273 :
3339 1241 3365 1268 ε
3391 1221 3660 1289 Quaecun-

352 1302 549 1366 στεύων
614 1306 691 1373 εἷς
752 1302 913 1364 αὐτὸν
963 1304 1245 1376 δυνήσεται
1299 1307 1523 1375 ποιῆσαι
1582 1305 1795 1383 μεγάλα
1861 1307 1938 1364 κα¹

2059 1318 2168 1376 que
2193 1303 2494 1375 petiveritis
2512 1303 2570 1359 in
2598 1305 2827 1362 nomine
2850 1321 2996 1363 meo.
3026 1329 3054 1357 ι)
3081 1308 3229 1364 Nam
3258 1307 3365 1364 hoc
3403 1310 3524 1365 loco
3552 1325 3662 1365 no—

347 1392 638 1471 θαυμαστά
656 1438 674 1470 ,
700 1396 883 1475 φησὶν,
906 1392 988 1452 ὅτι
1028 1415 1058 1452 α
1083 1392 1229 1453 Ὅσα
1257 1390 1320 1451 ἂν
1353 1395 1613 1466 αἰτήσητε
1646 1396 1699 1453 ἐν
1724 1398 1801 1477 τῷ
1830 1395 1952 1455 ὀνό-

2057 1391 2144 1449 bis
2163 1392 2498 1464 operationis
2513 1392 2907 1451 miraculorum
2926 1395 3251 1453 methodum
3273 1396 3531 1454 ostendit.
3557 1401 3661 1455 Per

343 1484 635 1561 ματίμου.
675 1481 991 1561 »Δείκνυσι
1032 1481 1134 1562 γὰρ
1164 1486 1296 1558 ἡμῖν
1325 1485 1552 1542 ἐνταῦθα
1592 1482 1689 1555 τὴν
1731 1483 1938 1562 μέθοδοι

2057 1482 2380 1553 petitionem
2412 1482 2561 1538 enim
2591 1490 2649 1539 et
2672 1484 2987 1541 orationem
3010 1493 3067 1542 et
3100 1484 3510 1544 invocationem
3553 1502 3659 1544 no-

342 1578 440 1646 τῆς
482 1571 940 1653 θαυματουργίας.
992 1569 1097 1631 Διὰ
1141 1571 1246 1651 γὰρ
1297 1572 1596 1646 αἰτήσεως,
1641 1572 1734 1632 καὶ
1788 1597 1954 1653 προσ-

339 1666 547 1741 ευχῆς,
608 1662 702 1721 καὶ
745 1666 842 1733 τῆς
891 1660 1227 1731 ἐπικλήσεως
1284 1665 1376 1720 τοῦ
1436 1659 1699 1735 ὀνόματος
1753 1665 1951 1737 αὐτοῦ,

338 1756 887 1830 θαυματουργεῖνιτις
927 1749 1363 1811 δύναται-Οὕτω
1395 1750 1487 1809 καὶ
1517 1752 1565 1809 οἱ
1612 1750 1947 1812 ἀπόστολοι·

2056 1571 2226 1627 minis
2270 1571 2390 1642 ejus
2421 1571 2563 1628 mira
2611 1573 2829 1645 operari
2866 1574 2992 1645 quis
3035 1576 3239 1647 poterit
3270 1595 3284 1632 :
3320 1576 3396 1633 ita
3442 1585 3500 1633 et
3529 1593 3661 1650 apo-

2056 1659 2185 1717 stoli
2208 1675 2220 1712 :
2252 1681 2277 1708 ‹‹
2304 1662 2371 1715 In
2396 1661 2623 1717 nomine
2638 1663 2670 1716 J
2674 1677 2772 1718 esu
2791 1661 3018 1731 Christi,
3035 1679 3201 1736 surge
3220 1673 3277 1721 et
3290 1665 3519 1722 ambula
3539 1665 3601 1721 ⁸ο.
3627 1688 3655 1717 ν

2061 1748 2268 1806 Idcirco
2296 1764 2410 1819 non
2448 1749 2606 1817 dixit,
2636 1751 2994 1823 Quatcunque
3037 1753 3325 1824 petieritis,
3356 1754 3662 1813 obsecrabo

342 1864 377 1896 α
420 1840 520 1901 Ἐν
544 1844 624 1923 τῷ
653 1839 877 1917 ὀνόματι
925 1842 1108 1911 Ἰησοῦ
1154 1841 1388 1919 Χριστοῦ
1412 1884 1430 1915 ,
1472 1837 1697 1919 ἔγειραι,
1729 1840 1822 1900 καὶ
1847 1866 1938 1903 πε-

458 1929 473 1946 ρ
692 1935 706 1946 ι
748 1929 760 1946 I
838 1930 853 1946 α
943 1919 975 1946 τ
1121 1926 1196 1946 (In
1298 1928 1324 1946 4
1429 1930 1446 1946 9
1500 1930 1515 1946 I

2058 1840 2274 1894 Patrem
2304 1846 2359 1894 et
2384 1836 2587 1894 faciet:
2616 1839 2732 1908 sed,
2785 1858 2813 1893 (ι
2848 1841 2959 1912 Ego
2990 1839 3215 1910 faciam,
3267 1860 3294 1895 >)
3343 1858 3501 1899 suam
3551 1860 3654 1916 po-

338 1919 644 2009 ριπᾶτειί»
677 1929 774 1991 Διὸ
801 1930 899 1988 οὐκ
922 1919 1090 1989 εἶπεν.
1121 1926 1275 1990 ¹¹Οσα
1297 1928 1361 1989 ἂν
1391 1930 1675 2006 αἰτήσητε,
1702 1954 1950 2010 παρακα-

336 2019 489 2079 λέσω
509 2018 604 2079 τὸν
629 2018 873 2099 Πατέρα,
896 2017 991 2077 καὶ
1017 2016 1251 2090 ποιήσει,
1279 2016 1400 2077 ἀλλ’
1427 2041 1457 2073 α
1486 2016 1634 2095 Ἐγὼ
1656 2019 1885 2097 ποιήσω,
1910 2042 1940 2079 ι)

335 2108 439 2182 τὴν
469 2108 673 2168 οἰκείαν
704 2107 942 2179 ἐξουσίαν
971 2108 1146 2181 δηλῶν
1166 2151 1183 2178 ,
1221 2130 1252 2168 (ι
1274 2109 1395 2168 Ἵνα
1427 2106 1654 2187 δοξασθῇ
1693 2112 1721 2168 ὁ
1755 2109 1948 2191 Πατὴρ

336 2201 396 2259 ἕν
436 2201 519 2278 τῷ
550 2199 692 2279 Υἱῷ.
738 2221 767 2255 ι
812 2194 993 2258 Ὅταν
1018 2196 1121 2279 γὰρ
1146 2200 1285 2276 φανῇ
1313 2201 1341 2256 ὁ
1385 2196 1514 2263 Υἱὸς
1545 2197 1758 2276 μεγάλα
1791 2199 1947 2258 δυνά-

334 2308 523 2366 μενος,
581 2287 703 2348 τότε
752 2286 1026 2356 δοξάζεται
1070 2290 1100 2346 δ
1145 2292 1382 2347 τοιοῦτον
1432 2284 1564 2347 Υἱὸν
1591 2287 1943 2367 γεγεννηκώς.

330 2376 488 2461 Ὅρα
518 2379 625 2458 γὰρ
648 2376 745 2446 τὴν
774 2375 1091 2437 ἀκολουθίαν
1119 2379 1213 2448 τῆς
1254 2382 1347 2435 τοῦ
1384 2374 1602 2454 Πατρὸς
1632 2376 1812 2447 δόξηςο
1847 2380 1946 2440 Ἐν

331 2470 412 2550 τῷ
462 2470 688 2545 ὀνόματι
723 2472 821 2526 τοῦ
866 2466 1069 2528 Κυσίου
1107 2468 1262 2543 ἡμῶν
1307 2467 1491 2538 Ἰησοῦ
1552 2468 1789 2545 Χριστοῦ
1830 2469 1947 2546 ἐγί-

328 2580 486 2619 νοντο
535 2556 607 2618 τὰ
654 2565 877 2633 σημεῖα,
929 2554 1040 2616 ἀπὸ
1088 2558 1196 2615 τῶν
1248 2556 1489 2630 σημείων
1542 2555 1820 2616 ἐπίστευον
1867 2561 1945 2638 τῷ

325 2647 475 2727 λόγῳ
532 2650 643 2707 τῶν
694 2645 1011 2705 ἀποστόλων
1034 2687 1052 2718 ,
1115 2643 1212 2704 καὶ
1251 2643 1437 2703 λοιπὸν
1495 2646 1570 2711 εἷς
1624 2645 1943 2723 θεογνωσίαν

330 2737 651 2817 ἐρχόμενοι,
695 2734 1054 2813 ἐπεγίνωσκον
1101 2731 1191 2793 τὸν
1224 2732 1469 2812 Πατέρα,
1512 2733 1605 2792 καὶ
1635 2732 1800 2802 οὕτως
1830 2737 1944 2795 380-

330 2824 521 2895 ξάζετο
557 2829 613 2887 ἐν
642 2828 720 2906 τῷ
747 2826 887 2906 Υἱῷ.
930 2821 1255 2883 Εἷποίτωσαν
1288 2826 1338 2883 οἱ
1379 2823 1450 2882 τὰ
1480 2827 1573 2881 τοῦ
1608 2823 1813 2904 Ἀρείου
1855 2849 1943 2885 νο-

331 2921 587 2988 σοῦντες,
618 2914 687 2973 τὰ
717 2916 805 2973 διὰ
847 2916 953 2972 τῶν
1004 2911 1342 2985 ἀποστόλων,
1398 2912 1556 2979 αὐτὸς
1589 2913 1796 2992 ἐποίει,
1849 2914 1943 2976 καὶ

330 3002 401 3063 τὰ
432 3006 503 3064 δι’
531 3008 721 3079 αὗτοῦ,
754 3004 853 3062 οὐκ
895 3000 1055 3068 αὐτὸς
1077 3043 1094 3073 ,
1124 3002 1242 3059 ἀλλ’
1268 2999 1373 3060 ὑπὸ
1401 3006 1494 3061 τοῦ
1527 3002 1747 3080 Πατρὸς
1797 3004 1940 3084 ἐνερ-

330 3093 609 3173 γοῦμενος,
661 3092 843 3160 ἄλλοις
897 3092 1070 3152 ἐδίδου
1122 3089 1384 3167 δύναμιν,
1419 3090 1702 3173 καὶ-αὐτὸς
1734 3092 1938 3165 ταύτην

326 3170 599 3263 eladis;
625 3181 786 3248 Τίνος
828 3180 884 3239 δὲ
929 3176 1108 3239 ἕνεκεν
1138 3181 1199 3238 ἐκ
1235 3178 1478 3259 δευτέρου
1503 3170 1623 3239 εἷπε
1663 3180 1732 3239 τὰ
1764 3182 1934 3258 αὐτάς

2060 1919 2310 1982 testatem
2341 1927 2643 1984 declarans.
2691 1951 2717 1978 α
2740 1931 2823 1985 Ut
2840 1928 3174 2003 gloriﬁcetur
3202 1932 3365 1989 Pater
3382 1931 3441 1987 in
3458 1932 3653 1990 Filio.»

2055 2018 2197 2073 Cum
2225 2016 2376 2072 enim
2406 2025 2632 2088 apparet
2659 2017 2859 2074 Filium
2888 2034 3083 2090 magna
3105 2035 3288 2091 posse,
3320 2020 3659 2092 gloriﬁcatur

2052 2112 2109 2160 et
2138 2105 2229 2177 qui
2259 2114 2477 2161 tantum
2506 2105 2705 2164 Filium
2734 2106 2939 2178 genuit.
2971 2107 3109 2165 Vide
3136 2108 3287 2165 enim
3316 2125 3657 2183 consequen-

2054 2201 2167 2249 tcm
2212 2193 2446 2265 gloriam
2490 2194 2684 2251 Patris.
2714 2197 2781 2251 In
2826 2195 3053 2253 nomine
3091 2198 3228 2254 Jesu
3257 2193 3462 2255 Christi
3509 2199 3659 2257 facta

2051 2292 2181 2339 sunt
2217 2284 2400 2353 signa,
2431 2298 2462 2339 a
2490 2283 2657 2357 signis
2698 2283 2999 2342 credebant
3025 2286 3281 2357 apostoli,
3326 2296 3382 2343 et
3423 2289 3657 2347 tandem

2052 2370 2124 2427 ad
2155 2372 2256 2428 Dei
2286 2371 2538 2428 notitiam
2583 2374 2966 2445 pervenientes
3006 2375 3381 2448 agnoscebant
3412 2380 3654 2447 Patrem,

2054 2469 2109 2516 et
2138 2461 2208 2516 ita
2240 2460 2655 2533 glorificabatur
2685 2462 2743 2517 in
2770 2462 2928 2520 Filio.
2956 2464 3160 2519 Dicant
3183 2466 3398 2534 Ariani,
3429 2483 3566 2524 num
3591 2484 3658 2525 ea

2051 2565 2178 2622 qua:
2227 2566 2323 2622 per
2378 2550 2662 2623 apostolos
2717 2550 2855 2622 ipse,
2884 2560 2966 2607 et
3017 2567 3080 2608 ea
3126 2568 3251 2625 quae
3278 2570 3377 2625 per
3418 2571 3498 2623 se,
3544 2572 3660 2613 non

2049 2638 2187 2711 ipse,
2230 2636 2330 2695 sed
2367 2654 2399 2695 a
2446 2640 2614 2695 Patre
2661 2639 3040 2711 operationem
3086 2642 3352 2712 recipiens
3395 2641 3654 2715 faciebat,

2050 2728 2170 2785 aliis
2198 2726 2364 2785 dabat
2389 2725 2624 2785 faciendi
2654 2736 3008 2801 potestatem,
3039 2735 3096 2786 et
3120 2730 3236 2802 ipse
3260 2731 3518 2790 eamdem
3541 2750 3657 2791 non

2048 2816 2318 2873 habebat?
2345 2821 2525 2890 Quare
2583 2826 2771 2874 autem
2832 2818 3078 2877 secundo
3120 2819 3227 2876 hoc
3302 2821 3463 2879 dixit.
3514 2825 3657 2882 Cum

2069 2906 2220 2962 enim
2264 2905 2514 2975 dixisset,
2552 2929 2577 2956 α
2605 2905 2988 2979 Quodcunque
3017 2908 3076 2964 in
3103 2909 3332 2967 nomine
3357 2927 3483 2969 meo
3512 2914 3655 2985 peti—

2047 2997 2256 3064 veritis,
2288 2996 2393 3052 hoc
2436 2995 2659 3065 faciam,
2714 3019 2741 3047 υ
2774 3005 2832 3054 et
2858 2997 3253 3071 subjunxisset,
3291 3021 3318 3052 ‹‹
3359 3003 3440 3059 Ut
3484 3003 3657 3075 glori-

2048 3085 2243 3141 ﬁcetur
2271 3088 2435 3142 Pater
2464 3084 2519 3141 in
2540 3086 2705 3153 Filio,
2740 3109 2765 3135 υ
2791 3087 2993 3143 iterum
3023 3088 3268 3145 secundo
3296 3088 3452 3157 dicit,
3486 3092 3654 3163 702

2067 3215 2092 3241 ,
2118 3175 2469 3247 Quaecunque
2482 3175 2777 3247 petiveritis
2790 3176 2850 3232 in
2870 3177 3095 3234 nomine
3106 3193 3251 3247 meo,
3266 3193 3367 3251 ego
3388 3177 3607 3237 faciam.
3625 3204 3653 3231 ιι

329 3257 653 3350 εἰπὼῖγάρ
677 3316 698 3347 ,
731 3292 762 3328 ι)
799 3269 1022 3351 mura”
1071 3267 1329 3341 αἰτήσητε
1356 3257 1409 3327 έν
1439 3271 1515 3348 τῷ
1547 3267 1772 3346 ὀνόματί
1801 3294 1903 3348 μου
1923 3257 1938 3351 ί,

2052 3263 2401 3321 Conﬁrmans
2429 3280 2745 3321 sermonem
2786 3282 2952 3323 suum
2978 3266 3084 3322 hoc
3123 3267 3280 3335 dicit,
3330 3276 3387 3325 et
3412 3269 3658 3327 ostendit

325 3367 486 3422 τοῦτο
516 3346 765 3439 ποιήσω,
807 3379 840 3417 ν
878 3346 995 3417 εἶτα
1046 3359 1367 3436 ἐπαγαγὼν,
1430 3357 1606 3416 «Ἵνα
1643 3358 1872 3440 δοξασθῇ
1903 3365 1932 3420 ὁ

328 3453 528 3533 Πατὴρ
561 3453 615 3508 ἐν
643 3451 722 3528 τῷ
753 3450 871 3528 Υῖῷ
896 3493 913 3522 ,
943 3469 975 3506 n
1011 3446 1176 3507 πάλιν
1220 3449 1280 3506 ἐκ
1322 3445 1570 3527 δευτέρου
1602 3447 1760 3529 φησὶν
1782 3496 1800 3524 ,
1853 3448 1933 3508 ὅτι

341 3561 374 3598 α
392 3539 544 3600 Ὅσα
565 3538 629 3597 ἂν
652 3536 915 3609 αἰτήσητε
936 3540 990 3597 ἐν
1012 3540 1088 3618 τῷ
1109 3536 1331 3611 ὀνόματί
1354 3560 1482 3616 μου,
1511 3534 1618 3616 ἐγὼ
1638 3536 1865 3608 ποιήσω.
1894 3560 1925 3598 n

335 3630 441 3689 Ἐκ
464 3627 698 3707 δευτέρου
721 3625 877 3689 τοῦτό
896 3648 1050 3708 φησι,
1079 3623 1312 3705 βεϐαιῶν
1336 3626 1425 3684 τὸν
1442 3628 1604 3685 αὑτοῦ
1635 3624 1814 3706 λόγον,
1841 3629 1932 3689 καὶ

336 3718 612 3790 δεικνύων,
641 3715 722 3775 ὅτι
769 3716 930 3782 αὐτὸς
958 3723 1125 3792 ποιεῖ,
1173 3713 1267 3774 καὶ
1311 3716 1371 3774 οὗ
1413 3717 1582 3775 δεῖται
1613 3716 1933 3779 ἐπεισάκτου

336 3805 631 3883 δυνάμεως.
659 3808 852 3867 Ταῦτα
883 3801 939 3863 δὲ
969 3801 1148 3863 πάντα
1178 3804 1322 3883 λέγει
1352 3812 1459 3871 τοῖς
1490 3808 1758 3880 μαθηταῖς
1778 3849 1795 3880 ,
1825 3830 1934 3866 πα·-

332 3896 728 3975 ραμυθοόμενος
773 3891 1000 3966 αὐτοὺς,
1051 3892 1144 3953 καὶ
1199 3892 1453 3953 δεικνύων
1479 3938 1495 3966 ,
1547 3892 1630 3954 ὅτι
1660 3896 1756 3954 οὐκ
1798 3897 1935 3955 ἀπο-

327 3988 520 4058 λεῖται,
555 3984 676 4045 οὐδὲ
702 3981 1126 4066 ἀφανισθήσεται
1173 3981 1311 4060 μετὰ
1339 3982 1399 4042 τὸ
1428 3987 1624 4056 θανεῖν,
1656 3983 1797 4044 ἀλλὰ
1827 4007 1929 4062 με-

325 4083 402 4135 νεῖ
450 4074 621 4133 πάλιν
661 4072 752 4134 ἐπὶ
794 4076 889 4144 τῆς
918 4071 1118 4141 οἰκείας
1149 4071 1320 4145 ἀξίας,
1372 4072 1466 4132 καὶ
1521 4074 1575 4132 ἐν
1614 4079 1722 4139 τοῖς
1772 4074 1932 4155 οὖρα-

321 4169 427 4232 νοῖς
448 4164 624 4224 ἔσται.
654 4185 687 4222 α
720 4161 864 4242 Πρὸς
886 4160 975 4220 τὸν
1026 4163 1246 4244 Πατέρα
1293 4160 1396 4240 γάρ
1434 4186 1538 4238 μου
1568 4205 1585 4235 ,
1617 4160 1793 4242 φησὶ,
1835 4186 1931 4224 πο·

322 4253 552 4335 ρεύομαι
574 4274 592 4291 ο
622 4274 654 4311 ι
690 4252 789 4324 Μὴ
821 4250 927 4332 γὰρ
957 4251 1304 4332 ἀφανίζομαι,
1339 4251 1456 4310 ἀλλ’
1487 4251 1658 4310 ἐκεῖσε
1700 4250 1927 4329 ἄπειμι,

2055 3353 2203 3425 quod
2225 3354 2339 3425 ipse
2378 3353 2533 3422 facit,
2560 3362 2617 3410 et
2652 3370 2765 3410 non
2795 3354 3038 3428 indigeat
3080 3356 3500 3415 subintroducta
3540 3359 3652 3416 vir-

2044 3449 2180 3498 tute.
2233 3445 2366 3499 Haec
2410 3451 2598 3499 autem
2629 3444 2814 3499 omnia
2855 3444 2986 3501 dicit
3029 3444 3332 3519 discipulis,
3364 3448 3656 3505 consolans

2041 3546 2159 3596 eos,
2189 3540 2244 3588 et
2271 3531 2566 3588 ostendens
2590 3533 2739 3605 quod
2778 3548 2891 3588 non
2915 3533 3111 3604 peribit
3141 3551 3240 3591 nec
3269 3535 3655 3594 obscurabitur

2042 3620 2358 3689 moriendo,
2388 3620 2483 3676 sed
2516 3621 2759 3677 manebit
2794 3621 2994 3677 iterum
3023 3623 3079 3678 in
3134 3626 3357 3697 propria
3388 3624 3654 3698 dignitate

2042 3717 2099 3764 et
2125 3709 2179 3764 in
2202 3709 2355 3765 caelis
2385 3709 2490 3765 erit
2526 3728 2541 3766 :
2569 3732 2594 3757 ιι
2628 3709 2717 3767 Ad
2745 3712 2966 3766 Patrem
2991 3711 3158 3778 enim,
3189 3713 3390 3785 inquit,
3417 3714 3580 3773 vado.
3617 3738 3645 3767 ι)

2038 3799 2168 3854 Non
2196 3798 2343 3853 enim
2372 3798 2640 3854 obscurus
2668 3798 2883 3865 ﬁo,nec
2912 3814 3030 3855 esse
3058 3815 3244 3868 cesso;
3278 3801 3378 3857 sed
3403 3801 3533 3859 illuc
3558 3820 3648 3874 eo,

2040 3887 2134 3944 ubi
2160 3886 2373 3944 beatior
2398 3887 2509 3943 vita
2553 3906 2566 3942 ε
2602 3895 2658 3942 et
2686 3887 2739 3942 iu
2769 3895 2990 3943 tantum
3034 3903 3145 3944 non
3177 3889 3455 3962 apparebo
3495 3891 3652 3949 inﬁr-

2040 3993 2188 4046 mus,
2231 3976 2440 4032 etiamsi
2471 3976 2702 4044 moriar,
2752 3985 2813 4032 ut
2846 3975 2969 4033 aliis
3011 3976 3082 4033 ad
3111 3977 3320 4051 majora
3348 3995 3516 4052 opera
3560 3980 3645 4039 fa-

2038 4064 2228 4123 cienda
2257 4066 2404 4122 vires
2430 4065 2659 4122 daturus
2692 4065 2819 4123 sim.
2860 4068 2931 4122 Et
2959 4082 3306 4140 quaecunque
3348 4069 3643 4143 petieritis,

2041 4154 2183 4213 dabo
2231 4155 2388 4212 vobis
2439 4174 2454 4211 :
2511 4170 2581 4211 ne
2608 4170 2739 4227 ergo
2768 4154 2989 4212 tristitia
3038 4155 3353 4214 afﬁciamini
3418 4169 3643 4233 propter

2038 4260 2224 4301 meam
2251 4252 2517 4314 mortem,
2546 4259 2670 4317 quae
2697 4245 2827 4301 talis
2872 4254 2958 4302 est
2986 4246 3208 4319 qualem
3236 4246 3642 4307 demonstravi.

320 4345 449 4404 ἔνθα
506 4341 891 4422 μακαριωτέρα
937 4344 973 4413 ἡ
1023 4339 1286 4419 διαγωγή.
1361 4341 1471 4401 Καὶ
1531 4347 1781 4401 τοσοῦτον
1839 4344 1935 4400 οὐκ
1994 4343 2219 4417 ἀσθενὴς
2273 4342 2613 4425 ὀφθήσομαι,
2664 4344 2766 4403 κᾶν
2810 4343 3061 4404 ἀποθάνω
3085 4390 3103 4418 ,
3138 4343 3276 4405 ὥστε
3324 4348 3416 4406 καὶ
3453 4348 3647 4417 ἄλλους

322 4434 595 4513 ἐνισχύσω
644 4431 856 4509 μείζονα
903 4429 1033 4515 ἔργα
1079 4438 1276 4490 ποιεῖν·
1307 4428 1403 4491 καὶ
1430 4429 1532 4490 ὅσα
1563 4427 1627 4489 ἂν
1675 4433 2004 4510 βουληθῆτε,
2052 4432 2208 4493 δώσω
2235 4435 2377 4511 ὑμῖν.
2416 4431 2516 4505 Μὴ
2554 4432 2729 4494 τοίνυν
2762 4435 3012 4513 ἀθυμεῖτε
3045 4433 3133 4493 διὰ
3171 4434 3260 4493 τὸν
3307 4436 3442 4515 ἐμὸν
3468 4438 3644 4498 θοίνα-

322 4546 415 4581 τσν
437 4510 685 4581 τοιοῦτον
721 4520 870 4593 ὄντα,
901 4510 1012 4579 οἶον
1042 4518 1316 4589 ἀπέδειξα.

410 4636 443 4671 α
486 4611 625 4673 Ἐὰν
672 4609 923 4690 ἀγαπᾶτέ
952 4633 1040 4686 με,
1070 4606 1164 4677 τὰς
1199 4607 1415 4675 ἐντολὰς
1445 4607 1541 4677 τὰς
1571 4608 1706 4687 ἐμὰς
1744 4609 1918 4689 τηρή-

2093 4615 2272 4671 Vens.
2322 4617 2506 4669 15-17.
2563 4630 2593 4665 ι(
2642 4612 2697 4667 Si
2743 4610 2966 4684 diligitis
3018 4626 3131 4683 me,
3178 4621 3456 4686 praecepta
3508 4629 3637 4673 mea

324 4725 458 4762 σατε
480 4724 496 4738 ·
526 4699 624 4760 καὶ
655 4698 761 4778 ἐγὼ
791 4698 1046 4778 ἐρωτήσω
1070 4698 1160 4759 τὸν
1194 4697 1416 4779 Πατέρα
1435 4741 1453 4773 ,
1491 4697 1585 4757 καὶ
1616 4698 1777 4757 ἄλλον
1809 4701 1935 4759 Πα-

328 4792 597 4871 ράκλητον
643 4789 801 4848 δώσει
853 4791 978 4866 ὑμῖν
1000 4834 1019 4866 ,
1054 4786 1140 4847 ἵνα
1182 4787 1319 4869 μένῃ
1371 4786 1488 4865 μεθ’
1535 4790 1683 4866 ὓμῶν
1733 4788 1807 4855 εἰς
1845 4788 1934 4849 τὸν

326 4884 522 4957 αἰῶνα,
550 4879 616 4939 τὸ
648 4880 876 4957 Πνεῦμα
917 4882 1015 4950 τῆς
1045 4875 1378 4952 ἀληθείας,ὃ
1419 4880 1448 4936 ὁ
1488 4878 1686 4955 κόσμος
1744 4880 1805 4936 οὐ
1848 4877 1936 4938 δύ-

322 4993 485 5029 ναται
529 4967 741 5045 λαϐεῖν,
801 4968 883 5028 ὅτι
940 4969 1000 5027 οὗ
1048 4970 1238 5046 θεωρεῖ
1290 4964 1442 5046 αὐτὸ,
1502 4966 1622 5028 οὐδὲ
1680 4966 1934 5045 γινώσκει

324 5058 491 5119 αὐτόσ
521 5060 676 5134 ὗμεῖς
705 5056 761 5116 δὶ
804 5053 1096 5136 γινώσκετε
1126 5054 1277 5130 αὐτὸ,
1322 5055 1406 5117 ὅτι
1436 5058 1563 5136 παρ’
1596 5058 1723 5133 ὑμῖν
1748 5054 1929 5135 μένει,

318 5147 415 5208 καὶ
445 5150 502 5207 ἓν
532 5148 664 5224 ὓμῖν
692 5146 867 5206 ἔσται.
908 5166 939 5203 (ι
968 5144 1151 5205 Εἰπὼν
1184 5142 1470 5226 ἀνωτέρω,
1501 5145 1582 5205 ὅτι
1616 5166 1647 5205 ι(
1671 5141 1824 5206 ’Ὅσα
1867 5142 1933 5205 ἂν

318 5235 610 5313 αἰτήσητε,
634 5233 870 5311 ποιήσω,
905 5257 938 5291 ν
974 5231 1206 5293 δείκνυσι
1233 5240 1325 5294 νῦν
1344 5280 1363 5310 ,
1396 5233 1480 5294 ὅτι
1516 5236 1616 5315 οὐχ
1639 5234 1823 5302 ἅπλῶς
1851 5234 1933 5293 δεῖ

318 5328 627 5400 αἰτεῖσθαι,
679 5322 824 5384 ἀλλὰ
862 5321 1001 5400 μετὰ
1050 5325 1144 5393 τῆς
1183 5323 1317 5402 πρὸς
1371 5322 1531 5383 αὐτὸν
1576 5324 1795 5401 ἀγάπης
1838 5322 1933 5383 καὶ

318 5419 415 5486 τῆς
452 5415 734 5494 τηρήσεως
777 5414 886 5471 τῶν
933 5411 1186 5475 ἐντολῶν.
1216 5413 1353 5473 Τότε
1401 5411 1507 5494 γὰρ
1535 5411 1768 5494 ποιήσω,
1800 5410 1930 5471 ὅταν

319 5502 482 5572 οὕτως
511 5492 762 5577 αἰτῆσθε.
817 5498 938 5562 Καὶ
998 5499 1214 5577 ἄλλως,
1260 5501 1376 5562 ἐπεὶ
1418 5492 1560 5570 εἰκὸς
1615 5492 1681 5575 ἧν
1743 5499 1932 5569 αὖτοὺς

321 5594 604 5664 ἐκούοντας
651 5591 741 5654 ὅτι
787 5587 1215 5675 στερηθήσονται
1282 5593 1439 5651 αὐτοῦ
1458 5638 1476 5668 ,
1528 5590 1929 5672 σκυθρωπάζειν

376 5784 426 5820 ⁸⁰
444 5789 572 5845 Act.
604 5796 711 5855 ω,
741 5783 801 5837 ϐ.

2039 4711 2253 4760 servate
2286 4718 2301 4759 :
2334 4710 2389 4758 et
2427 4716 2530 4774 ego
2560 4700 2768 4774 rogabo
2797 4704 3044 4772 Patrem,
3085 4709 3141 4759 et
3185 4702 3356 4759 alium
3387 4705 3639 4762 Paracle-

2040 4801 2165 4849 tum
2192 4792 2350 4849 dabit
2377 4790 2556 4861 vobis,
2595 4800 2657 4847 ut
2685 4800 2912 4848 maneat
2939 4790 3224 4848 vobiscum
3254 4793 3312 4849 in
3342 4804 3641 4864 internum,

2040 4881 2307 4954 Spiritum
2349 4881 2618 4947 veritatis,
2648 4895 2817 4953 quem
2845 4879 3084 4937 mundus
3122 4897 3234 4938 non
3276 4892 3461 4955 potest
3496 4887 3641 4943 acci-

2041 4986 2194 5044 pere,
2224 4970 2350 5043 quia
2380 4987 2496 5027 non
2530 4970 2679 5027 videt
2704 4986 2868 5038 eum,
2907 4986 3011 5027 nec
3035 4971 3191 5028 novit
3215 4988 3366 5031 eum.
3399 4976 3512 5032 Vos
3537 4991 3641 5032 au-

2041 5070 2155 5117 tem
2183 5059 2516 5133 cognoscitis
2543 5075 2671 5117 eum
2703 5101 2718 5129 ,
2756 5060 2889 5132 quia
2931 5059 3074 5133 apud
3101 5076 3201 5118 vos
3241 5070 3448 5132 manet,
3493 5072 3548 5119 et
3585 5064 3643 5120 in

2040 5150 2197 5207 vobis
2225 5150 2352 5206 erit.
2387 5173 2414 5199 ιο
2454 5149 2679 5206 Dixerat
2703 5149 2977 5221 superius,
3012 5173 3038 5199 α
3068 5153 3428 5223 Quaecunque
3469 5151 3639 5223 petie-

2039 5239 2180 5308 ritis,
2210 5238 2410 5296 faciam
2449 5259 2462 5296 :
2496 5260 2525 5290 ››
2556 5238 2801 5296 ostendit
2826 5255 2975 5295 nunc
3002 5239 3155 5311 quod
3183 5255 3297 5295 non
3321 5239 3642 5312 simpliciter

2041 5336 2292 5401 oporteat
2340 5337 2542 5401 petere,
2573 5327 2669 5386 sed
2715 5344 2845 5384 cum
2885 5326 3179 5385 dilectione
3219 5343 3348 5401 erga
3388 5343 3541 5398 eum,
3587 5337 3644 5388 et

2039 5418 2427 5476 observatione
2452 5417 2843 5476 mandatorum
2875 5420 3067 5473 :Tuuc
3091 5415 3242 5473 enim
3266 5415 3486 5488 faciam,
3507 5434 3642 5479 cum

2040 5506 2121 5565 sic
2174 5506 2460 5581 petieritis.
2489 5509 2562 5564 Et
2588 5507 2747 5563 aliter
2784 5524 2800 5561 :
2829 5504 3294 5577 Quandoquidem
3340 5506 3637 5566 verisimile

2038 5605 2185 5656 esset
2203 5597 2329 5655 illos
2362 5595 2650 5657 audientes
2676 5595 2825 5668 quod
2849 5596 2969 5669 ipso
2996 5594 3247 5668 privandi
3266 5605 3474 5671 essent,
3501 5613 3639 5657 con-
