4128 6432
473 475 576 529 179

1487 468 2000 527 THEOPHYLACTI
2040 463 2400 522 BULGARLE
2438 467 2751 524 ARCHIEP.

3681 471 3788 526 180

471 597 677 653 tristari
703 605 756 653 et
785 595 991 653 turbari
1020 597 1208 653 animo
1241 615 1255 652 :
1290 599 1414 653 Non
1442 595 1571 663 hoc,
1601 595 1802 669 inquit,
1833 602 1915 650 est
1939 591 2065 648 dili-

2197 589 2269 650 Lui
2317 593 2673 671 ταράττεσθαι
2721 592 2818 661 τὰς
2854 592 3031 674 ψυχὰς
3051 640 3069 670 ,
3099 594 3180 656 Οὖ
3210 600 3389 667 τοῦτο,
3421 594 3606 677 φησὶν,
3638 595 3785 655 ἔστιν

473 703 599 758 gere
624 703 735 755 me,
784 687 986 742 tristari
1016 692 1072 743 et
1100 695 1295 743 moesto
1341 703 1459 742 esse
1502 689 1678 753 vultu,
1720 686 1813 741 sed
1844 681 2068 740 credere

478 776 565 831 his
590 792 716 849 qua:
743 793 773 831 a
800 792 889 832 me
911 776 1184 832 dicuntur.
1216 777 1541 832 Mandatum
1565 775 1716 831 enim
1743 774 1863 830 dedi
1892 773 2066 839 vobis,

474 882 545 922 ne
581 866 903 921 terreamini
929 865 999 920 ab
1027 865 1109 920 his
1137 865 1232 937 qui
1263 865 1521 920 occidunt
1548 880 1777 935 corpus;
1809 871 1972 935 atque
1998 861 2070 916 ita

476 955 525 1010 si
571 954 794 1026 diligitis
828 970 936 1021 me,
985 953 1093 1010 hoc
1133 955 1444 1025 observate,
1492 961 1547 1009 et
1574 952 1803 1026 posthac
1853 968 1925 1007 ne
1955 951 2073 1007 sitis

476 1044 661 1099 tristes
703 1043 759 1098 in
790 1051 971 1098 morte
1019 1057 1166 1099 mea.
1200 1045 1343 1099 Nam
1386 1042 1606 1099 tristitia
1634 1041 1802 1109 afﬁci,
1835 1056 1947 1097 non
1988 1049 2075 1096 est

479 1134 594 1204 ejus
622 1134 711 1204 qui
728 1133 979 1188 observat
998 1133 1327 1189 mandatum
1354 1148 1565 1189 meum.
1598 1131 1893 1203 Quomodo
1909 1130 2077 1203 igitur

480 1238 592 1277 non
645 1222 1004 1278 observantes
1050 1222 1376 1279 mandatum
1422 1238 1632 1291 meum,
1682 1221 1780 1277 sed
1820 1222 2078 1277 timentes

481 1320 743 1379 mortem,
787 1311 969 1367 dicitis
1010 1312 1161 1383 quod
1216 1311 1456 1384 diligatis
1493 1314 1625 1367 me?
1672 1314 1900 1383 Insuper
1949 1310 2078 1381 quia

483 1400 770 1456 verisimile
813 1408 897 1456 est
940 1399 1137 1456 dixisse
1184 1401 1310 1456 illos
1339 1401 1411 1457 ad
1458 1401 1576 1458 haec
1616 1418 1632 1456 :
1682 1404 1752 1456 Et
1795 1398 2078 1472 quomodo

482 1504 597 1545 non
625 1488 974 1545 afﬁceremur
1015 1489 1262 1559 tristitia,
1294 1490 1537 1561 privandi
1587 1497 1747 1546 tanto
1774 1489 1991 1557 solatio,
2025 1495 2081 1544 et

480 1577 871 1634 refocillatione
890 1593 1054 1649 quam
1085 1594 1150 1633 ex
1185 1587 1239 1634 te
1259 1579 1560 1636 habemus?
1579 1579 1761 1651 inquit
1788 1596 1802 1635 :
1826 1580 1951 1635 Non
1973 1578 2081 1633 erit

484 1667 611 1735 hoc,
637 1682 751 1722 non
775 1666 1127 1738 privabimini
1149 1668 1538 1726 consolatione.
1564 1690 1590 1717 α
1614 1668 1843 1741 Rogabo
1869 1691 1892 1716 ι
1911 1667 2076 1736 enim,

484 1755 592 1813 hoc
617 1762 718 1823 est,
753 1755 1052 1813 obsecrabo
1095 1778 1122 1805 ι
1159 1761 1402 1827 Patrem,
1432 1767 1489 1815 et
1520 1759 1691 1814 alium
1736 1757 2080 1813 Paracletum

486 1846 671 1901 mittet
684 1843 837 1901 vobis
863 1865 876 1900 :
901 1863 931 1898 »
954 1846 1128 1902 alium
1144 1846 1289 1903 sicut
1302 1864 1409 1904 me.
1429 1846 1819 1906 Confundatur
1834 1847 1939 1902 hoc
1958 1845 2080 1901 loco

2176 686 2389 763 ἀγαπᾷν
2416 705 2485 759 με
2505 728 2521 755 ,
2555 684 2974 763 σκυθρωπάζειν,
3004 683 3099 743 xui
3134 684 3513 764 ταράττεσθαι,
3550 685 3689 745 ἀλλὰ
3720 685 3784 745 τὸ

2175 771 2451 831 πείθεσθαι
2479 773 2588 839 τοῖς
2636 772 2761 851 παρ’
2790 774 2927 848 ἐμοῦ
2972 773 3294 853 λεγομένοις.
3355 773 3619 845 Ἒντολήν
3671 773 3784 856 γὰρ

2179 860 2349 919 ἔδωκα
2382 865 2505 937 ὑμῖν
2533 861 2610 940 μὴ
2638 862 2911 943 φοϐεῖσθαι
3071 862 3339 944 φοϐεῖσθε]
3371 863 3480 922 ἀπὸ
3516 866 3622 922 τῶν
3649 867 3786 924 ἀπο-

2179 951 2488 1009 κτεινόντων
2519 951 2580 1011 τὸ
2613 956 2794 1025 σῶμα.
2825 950 3002 1012 Ὥστε
3045 955 3137 1013 ἐὰν
3168 954 3416 1032 ἀγαπᾶτέ
3449 976 3515 1030 με
3538 998 3555 1026 ,
3581 954 3787 1027 ταύτην

2180 1041 2434 1120 φυλάξετε
2453 1088 2468 1115 ,
2501 1042 2591 1100 xui
2621 1040 2697 1117 μὴ
2726 1043 2975 1100 λυπεῖσθε
3005 1044 3187 1102 λοιπὸν
3218 1042 3305 1100 ἐπὶ
3335 1047 3410 1122 τῷ
3454 1043 3666 1123 θανάτῳ
3706 1048 3786 1125 τῷ

2181 1133 2312 1209 ἐμῷ.
2345 1134 2441 1211 Τῷ
2580 1131 2672 1209 τὸ]
2706 1130 2811 1211 γὰρ
2843 1133 3121 1213 λυπεῖσθαι
3146 1135 3238 1191 οὐκ
3267 1131 3383 1191 ἔστι
3416 1133 3785 1213 φυλάσσοντος

2181 1218 2380 1293 ταύτην
2431 1220 2527 1291 τὴν
2575 1220 2813 1291 ἐντολήν.
2853 1224 2979 1287 Πῶς
3027 1212 3115 1281 οῦν
3151 1221 3223 1298 μὴ
3275 1212 3636 1302 φυλάσσοντες
3678 1224 3786 1295 τὴν

2184 1309 2399 1380 ἐντολήν
2454 1333 2589 1388 μου,
2619 1310 2763 1391 una:
2794 1310 3243 1391 cpo606pev0ti'rov
3289 1311 3546 1384 θάνατον,
3601 1313 3791 1391 λέγετε

2186 1402 2398 1480 ἀγαπᾷν
2426 1422 2491 1473 με
2510 1418 2526 1473 ;
2580 1388 2711 1457 Εἶτα
2739 1388 2920 1471 ἐπειδὴ
2952 1399 3087 1465 εἰκὸς
3115 1390 3180 1470 ἦν
3225 1399 3412 1468 αὐτοὺς
3446 1399 3576 1481 πρὸς
3609 1388 3789 1461 ταῦτα

2187 1490 2383 1548 εἰπεῖν·
2437 1487 2546 1547 Καὶ
2599 1492 2712 1555 πῶς
2763 1490 2822 1547 οὗ
2866 1487 3309 1564 λυπηθησόμεθα,
3344 1490 3628 1565 μέλλοντες
3681 1513 3791 1549 τοι.

2187 1578 2349 1649 αύτης
2394 1577 2782 1656 παρακλήσεως
2822 1576 2916 1635 καὶ
2953 1578 3301 1659 ψυχαγωγίας
3340 1584 3434 1651 τῆς
3488 1578 3636 1659 παρὰ
3688 1585 3790 1639 σοῦ

2185 1671 2538 1747 στερηθῆναις
2574 1667 2765 1747 φησίν·
2816 1670 2936 1728 Οὐκ
2979 1667 3129 1727 ἔσται
3176 1673 3365 1742 τοῦτο,
3412 1668 3473 1727 οὖ
3506 1668 3792 1749 στερηθή-

2186 1761 2338 1815 σεσθε
2370 1757 2780 1835 παρακλήσεως.
2826 1778 2855 1814 (ι
2887 1756 3184 1837 Ἐρωτήσω
3214 1777 3244 1814 n
3294 1756 3420 1838 γὰρ,
3462 1756 3592 1835 ὅπερ
3626 1758 3743 1818 ἐστὶ
3766 1803 3788 1833 ,

2187 1845 2554 1925 παρακαλέσω
2592 1868 2621 1904 ι(
2653 1845 2741 1905 τὸν
2777 1846 3001 1927 Πατέρα
3023 1891 3038 1920 ,
3072 1845 3165 1906 xui
3210 1846 3371 1906 ἄλλον
3424 1846 3789 1926 Παράκλητον

484 1936 752 1998 Sabellius
777 1980 792 2007 ,
821 1938 1011 1997 dicens
1047 1954 1223 1996 unam
1253 1953 1544 2010 personam
1573 1938 1754 1992 Patris
1783 1944 1836 1991 et
1864 1935 1985 1991 Filii
2028 1943 2085 1991 et

2197 1936 2389 2017 πέμψει
2436 1938 2592 2009 ὑμῖν,
2653 1956 2682 1992 ι
2738 1936 2929 2008 ἄλλον,
2988 1939 3057 2004 ὡς
3109 1935 3225 2013 ἐμέ.
3287 1937 3643 2017 Αἷσχυνέσθω
3702 1937 3793 1996 ἐν-

484 2030 721 2103 Spiritus
746 2032 950 2088 sancti.
979 2034 1120 2086 Ecce
1149 2029 1301 2084 enim
1331 2026 1507 2093 audit,
1525 2026 1711 2081 Alium
1741 2024 2085 2081 Paracletum

486 2117 652 2188 dabo,
683 2127 739 2174 et
765 2119 842 2174 ita
888 2118 1049 2174 aliam
1080 2131 1371 2188 personam
1410 2114 1666 2185 Spiritus.
1698 2112 2087 2170 Confundatur

488 2215 544 2264 et
594 2206 972 2276 Macedonius,
1020 2207 1112 2276 qui
1148 2205 1285 2262 dicit
1315 2204 1542 2262 alterius
1590 2202 1911 2259 substantia:
1967 2218 2087 2259 esse

489 2296 781 2369 Spiritum,
812 2304 869 2353 et
892 2295 1161 2352 minorem
1179 2294 1334 2351 Filio.
1369 2293 1535 2350 Audit
1555 2292 1700 2349 enim
1720 2291 1866 2364 quod
1890 2300 1945 2348 et
1972 2291 2087 2365 ipse

488 2386 808 2443 Paracletus
842 2387 929 2451 sit,
954 2386 1096 2441 sicut
1130 2383 1317 2442 Filius.
1352 2382 1609 2454 Ejusdem
1653 2382 1803 2437 enim
1827 2380 2088 2438 substan-

486 2476 580 2533 tiae
608 2483 692 2532 est
715 2490 843 2531 cum
871 2474 1011 2532 Filio
1036 2474 1292 2546 Spiritus,
1322 2472 1509 2544 utique
1530 2480 1718 2527 autem
1750 2479 1807 2527 et
1832 2487 1960 2527 cum
1988 2472 2089 2527 Pa-

488 2574 592 2622 tre.
638 2568 784 2621 Nam
828 2567 988 2622 Pater
1031 2572 1087 2620 et
1113 2564 1283 2620 Filius
1329 2562 1578 2635 ejusdem
1607 2560 1952 2617 substantiae.
2004 2562 2088 2618 Ne

493 2655 708 2710 mireris
736 2662 923 2710 autem
951 2653 1100 2727 quod
1126 2651 1280 2721 dicit,
1324 2674 1350 2701 α
1378 2651 1610 2724 Rogabo
1632 2654 1888 2719 Patrem;
1917 2674 1943 2701 ι
1971 2664 2087 2706 non

463 2744 642 2800 enim
675 2750 738 2800 ut
766 2758 954 2799 servus
999 2750 1140 2810 orat,
1183 2741 1280 2798 sed
1325 2740 1439 2795 vult
1482 2739 1633 2813 quod
1682 2739 2089 2796 sufﬁcientibus

491 2832 829 2904 argumentis
873 2839 1106 2888 testetur
1147 2829 1428 2902 discipulis
1454 2828 1607 2902 quod
1649 2829 1879 2884 omnino
1911 2828 2093 2885 veniat

491 2936 657 2992 super
679 2936 776 2976 eos
817 2920 1050 2992 Spiritus
1077 2920 1393 2976 Paracletus
1424 2936 1438 2973 :
1472 2918 1697 2991 ejusque
1734 2918 1910 2991 gratia
1953 2933 2086 2973 con-

492 3008 829 3068 descendens
854 3009 963 3065 illis
986 3009 1135 3076 dicit,
1163 3030 1191 3058 u
1210 3006 1444 3081 Rogabo
1467 3010 1704 3063 Patrem.
1727 3029 1752 3054 υ
1782 3009 1921 3063 Nam
1947 3006 1994 3061 si
2016 3006 2092 3062 di-

492 3100 685 3170 xisset,
714 3099 883 3171 703
916 3099 1155 3167 Mittam,
1187 3113 1299 3153 non
1340 3097 1416 3153 sic
1459 3095 1828 3152 credidissent
1877 3114 1892 3153 :
1942 3112 2089 3153 nunc

2192 2031 2360 2084 ταῦθα
2400 2028 2427 2085 ὁ
2469 2025 2797 2097 Σαϐἐλλιος,
2843 2028 2871 2083 ὁ
2903 2026 3071 2104 λέγων
3101 2025 3157 2085 ἓν
3213 2024 3500 2106 πρόσωπον
3536 2027 3789 2105 Πατρὸς,

2191 2115 2283 2174 καὶ
2314 2115 2465 2186 Υἳοῦ,
2495 2115 2585 2172 καὶ
2617 2114 2767 2194 ἁγίου
2796 2115 3137 2191 Πνεύματος.
3162 2114 3300 2175 Ἰδοὺ
3331 2114 3436 2195 γὰρ
3467 2115 3671 2189 ἀκούει,
3705 2115 3793 2175 ὅτι

2194 2205 2353 2263 ἄλλον
2386 2203 2740 2284 Παράκλητον
2778 2203 3002 2286 πέμψει,
3047 2203 3187 2265 ὥστε
3228 2204 3360 2264 ἄλλο
3402 2204 3684 2286 πρόσωπον
3727 2205 3796 2265 τὸ

2192 2299 2288 2353 τοῦ
2309 2294 2642 2371 Πνεύματος.
2678 2293 3028 2373 Αἶσχυνέσθω
3055 2294 3147 2354 xui
3174 2293 3503 2361 Μακεδόνιος
3532 2297 3559 2352 ὃ
3577 2293 3748 2374 λέγων
3770 2340 3791 2370 ,

2192 2381 2275 2443 ὅτι
2318 2383 2483 2456 ἄλλης
2524 2383 2704 2450 οὐσίας
2738 2384 2800 2443 τὸ
2841 2386 3102 2459 Πνεῦμα,
3152 2384 3243 2442 καὶ
3273 2383 3649 2463 ὑποδεέστερον
3693 2389 3794 2443 τοῦ

2196 2474 2348 2534 Υῖοῦ.
2385 2471 2454 2533 Ὁ
2488 2471 2583 2551 μὲν
2613 2472 2716 2553 γὰρ
2757 2474 2971 2545 ἀκούει,
3016 2473 3096 2532 ὅτι
3133 2475 3225 2533 xui
3261 2474 3397 2553 at’rt‘q
3437 2472 3801 2553 Παράκλητός

2196 2563 2363 2639 ἐστιν,
2389 2560 2572 2642 ὥσπερ
2602 2552 2697 2621 xui
2729 2565 2757 2621 ὁ
2802 2562 2949 2631 Υἱός.
2984 2561 3307 2640 Ὁμοούσιον
3338 2552 3427 2622 οὖν
3465 2552 3543 2644 τῷ
3571 2564 3688 2642 Υἱῷ
3727 2564 3799 2622 τὸ

2198 2654 2456 2727 Πνεῦμα·
2500 2651 2714 2719 πάντως
2750 2651 2807 2710 δὲ
2849 2651 2941 2709 xui
2991 2652 3199 2733 Πατρί·
3244 2656 3337 2724 τῆς
3378 2651 3483 2733 γὰρ
3515 2656 3675 2725 αὐτῆς
3707 2654 3799 2712 οὗ·

2196 2740 2313 2807 σίας
2347 2738 2536 2819 Πατὴρ
2577 2740 2671 2800 xui
2701 2739 2848 2807 Υἱός.
2885 2739 2981 2813 Μὴ
3013 2741 3296 2821 θαυμάσῃς
3322 2739 3377 2800 δὲ
3400 2740 3450 2800 εἴ
3485 2764 3676 2824 φησιν,
3708 2743 3799 2803 ὅτε

2202 2852 2234 2886 α
2262 2827 2558 2908 Ἐρωτήσω
2578 2830 2665 2889 τὸν
2694 2829 2950 2909 Πατέρα·
2973 2851 3001 2887 n
3036 2833 3094 2888 οὖ
3123 2830 3225 2911 γὰρ
3246 2834 3317 2897 ὡς
3344 2831 3524 2898 δοῦλος
3546 2853 3804 2912 παρακα-

2193 2921 2299 2994 λεῖ,
2324 2918 2462 2977 ἀλλὰ
2489 2917 2574 2976 διὰ
2598 2918 2658 2979 τὸ
2678 2922 3079 3001 πληροφορῆσαι
3107 2920 3225 2986 τοὺς
3263 2918 3525 2995 μαθητὰς,
3549 2919 3630 2979 ὅτι
3654 2919 3803 2980 πάν-

2199 3032 2301 3076 τως
2327 3007 2667 3068 ἐπελεύσεται
2701 3011 2873 3075 αὖτοῖς
2896 3010 2956 3069 τὸ
2990 3011 3214 3083 Πνεῦμα
3247 3010 3602 3087 Παράκλητος
3620 3032 3635 3048 ·
3660 3009 3798 3069 τοῦ-

2199 3120 2290 3157 του
2321 3097 2495 3157 ἕνεκεν
2540 3096 2953 3176 συγκαταϐαίνει
2983 3100 3179 3168 αὐτοῖς,
3218 3096 3310 3156 καί
3340 3121 3521 3178 φησιν,
3552 3098 3632 3157 ὅτι
3663 3102 3801 3160 Πα-

494 3197 679 3246 autem
745 3187 1156 3245 credibiliorem
1228 3186 1432 3243 faciens
1494 3201 1833 3254 sermonem,
1890 3186 2089 3258 inquit,

2203 3187 2484 3265 ρακαλέσω
2515 3187 2601 3247 τὸν
2636 3188 2874 3268 Πατέρα.
2901 3189 2968 3247 Εἰ
2996 3187 3099 3267 γὰρ
3129 3179 3293 3262 εἶπεν,
3323 3186 3404 3245 ὅτι
3430 3186 3667 3268 Πέμψω,
3701 3189 3801 3248 οὐκ

499 3302 523 3328 α
556 3278 787 3349 Rogabo
814 3280 1057 3335 Patrem.
1089 3300 1114 3326 η
1144 3279 1213 3333 Et
1234 3278 1279 3333 si
1326 3290 1465 3348 Opus
1494 3274 1656 3331 fuerit
1696 3276 1999 3348 patrocinio
2037 3285 2094 3333 et

496 3368 768 3436 oratione,
798 3367 1054 3422 omnibus
1080 3366 1258 3422 modis
1287 3380 1515 3436 operam
1539 3364 1683 3421 dabo
1716 3372 1780 3419 ut
1802 3365 1980 3421 veniat
2001 3381 2092 3422 su-

498 3472 597 3530 per
624 3472 720 3513 vos
750 3456 1004 3528 Spiritus.
1040 3454 1105 3511 1d
1125 3454 1274 3527 quod
1294 3463 1348 3511 et
1374 3470 1478 3511 nos
1504 3469 1888 3527 saepenumero
1912 3455 2092 3512 dicere

497 3546 775 3603 solemus:
801 3545 1067 3601 Animam
1096 3560 1283 3601 meam
1313 3559 1515 3617 ponam
1545 3553 1606 3600 ut
1631 3545 1736 3601 hoc
1758 3546 1869 3614 ﬁat,
1897 3561 2093 3617 quam-

496 3636 578 3691 vis
610 3651 777 3708 parvo
830 3630 1020 3691 labore
1071 3636 1397 3707 plerumque
1440 3649 1530 3690 res
1571 3642 1730 3708 egeat
1778 3654 1792 3690 :
1846 3643 2091 3691 attamen

500 3725 745 3781 volentes
773 3723 1065 3781 ostendere
1106 3723 1255 3797 quod
1286 3740 1401 3779 non
1430 3723 1799 3780 detrectemus
1821 3724 2089 3795 studium,

496 3816 576 3871 ita
597 3814 849 3872 dicimus.
875 3815 944 3871 Et
971 3813 1131 3870 aliter
1165 3814 1343 3885 :Quia
1373 3830 1474 3886 pro
1502 3815 1663 3872 nobis
1694 3814 1966 3872 Dominus
2003 3830 2091 3871 se-

497 3905 798 3976 metipsum
828 3904 1030 3961 obtulit
1063 3903 1301 3960 hostiam
1345 3904 1513 3973 Patri,
1545 3905 1763 3976 placans
1809 3905 1964 3961 illum
1999 3921 2094 3976 per

498 4010 657 4049 suam
680 4002 919 4049 mortem
944 4001 1007 4047 ut
1030 3992 1307 4059 Pontifex,
1336 3992 1533 4049 deinde
1574 3995 1654 4048 sic
1682 3993 1916 4064 Spiritus
1944 3995 2097 4050 venit

499 4084 560 4138 in
582 4097 707 4148 nos,
737 4090 926 4153 utpote
950 4090 1171 4152 peccato
1195 4081 1399 4147 soluto,
1422 4089 1477 4136 et
1501 4081 1805 4136 inimicitiis
1821 4082 2094 4141 sublatis:

501 4179 791 4242 propterea
833 4169 989 4238 dicit,
1025 4191 1049 4216 α
1103 4168 1336 4241 Rogabo
1382 4172 1622 4239 Patrem,
1667 4180 1723 4225 et
1751 4172 2096 4230 Paracletum

502 4258 654 4314 dabit
680 4257 855 4324 vobis,
889 4280 914 4308 ιι
953 4257 1060 4313 hoc
1086 4266 1188 4326 est,
1216 4258 1441 4329 placabo
1465 4258 1621 4316 vobis
1647 4261 1895 4330 Patrem,
1926 4271 1983 4318 et
2005 4278 2096 4318 re-

501 4346 801 4403 conciliabo
829 4347 981 4403 illum
1009 4347 1183 4417 vobis,
1215 4347 1306 4419 qui
1328 4356 1552 4420 propter
1586 4358 1869 4421 peccatum
1890 4351 2096 4408 inimici

503 4437 699 4502 eratis;
733 4445 791 4493 et
817 4437 1000 4493 mittet
1022 4437 1175 4493 vobis
1211 4437 1493 4508 Spiritum,
1526 4454 1624 4510 per
1660 4456 1839 4496 meam
1872 4458 1973 4514 pro
2003 4459 2098 4500 vo-

502 4527 587 4584 bis
628 4535 865 4583 mortem
898 4528 1164 4600 placatus,
1203 4535 1258 4582 et
1301 4529 1686 4585 reconciliatus
1714 4531 1888 4588 vobis.
1939 4534 2101 4604 Quod

501 4626 688 4673 autem
725 4617 880 4685 dicit,
930 4640 957 4666 ι
984 4618 1066 4674 Ut
1109 4625 1335 4674 maneat
1358 4617 1638 4674 vobiscum
1664 4619 1719 4674 in
1744 4630 2038 4692 aeternum,
2069 4648 2095 4675 ιι

502 4706 646 4762 dixit
670 4709 965 4762 consolans
987 4722 1100 4763 eos.
1129 4710 1254 4763 Non
1281 4706 1427 4762 enim
1455 4707 1552 4776 ita,
1579 4709 1781 4781 inquit,
1812 4720 2098 4785 tempora—

502 4795 586 4851 ria
640 4796 742 4850 erit
792 4795 911 4868 ejus
954 4795 1299 4852 consuetudo
1341 4796 1646 4866 vobiscum,
1696 4808 1761 4854 ut
1812 4817 1956 4869 mea,
2005 4804 2100 4861 sed

502 4899 678 4955 usque
710 4884 766 4939 in
791 4893 1062 4941 aeternum
1087 4886 1310 4941 durabit
1353 4904 1367 4941 :
1402 4903 1579 4955 neque
1608 4888 1827 4946 deﬁciet
1849 4907 1977 4947 cum
2005 4908 2101 4949 vos

503 4973 712 5030 mortui
756 4973 992 5043 fueritis,
1043 4976 1139 5031 sed
1178 4975 1347 5032 simul
1393 4964 1850 5048 permanebit,'et
1891 4982 2102 5054 glorio-

503 5065 678 5121 siores
744 5064 938 5121 reddet
1004 5084 1018 5120 :
1071 5074 1333 5121 caeterum
1397 5082 1527 5123 cum
1570 5068 1830 5124 omnibus
1898 5072 2101 5128 sanctis

502 5170 722 5226 semper
749 5164 833 5210 est
886 5162 986 5211 :et
1015 5164 1141 5226 post
1165 5170 1360 5212 eorum
1422 5166 1690 5227 mortem,
1768 5166 1922 5216 tanto
1999 5177 2099 5233 po-

501 5246 612 5303 tius
689 5254 897 5318 quanto
977 5246 1186 5302 scilicet
1257 5246 1612 5303 sublimiores
1678 5255 1810 5304 tunc
1898 5265 2097 5321 corpo-

501 5337 709 5392 ralibus
756 5334 1158 5392 affectionibus.
1234 5358 1261 5384 ‹ι
1326 5336 1593 5407 Spiritum
1648 5346 1835 5394 autem
1893 5340 2098 5397 verita-

500 5423 590 5490 tis,
647 5447 674 5473 ι
730 5425 928 5498 inquit,
986 5425 1092 5482 hoc
1156 5434 1260 5495 est,
1330 5426 1598 5497 Spiritum
1685 5442 1803 5482 non
1885 5429 2100 5486 Veteris

502 5514 838 5570 Testamenti
931 5513 1081 5584 (nam
1158 5516 1246 5572 illa
1318 5515 1493 5586 ﬁgura
1583 5521 1669 5571 est
1739 5524 1796 5573 et
1884 5520 2097 5592 umbra)

500 5601 597 5658 sed
646 5602 805 5671 Novi,
848 5604 998 5675 quod
1056 5612 1142 5661 est
1220 5605 1435 5661 veritas.
1489 5604 1782 5663 Habebant
1830 5607 1998 5679 igitur
2047 5617 2103 5665 ct

499 5691 577 5748 illi
620 5690 716 5764 qui
746 5691 804 5747 in
845 5693 985 5764 lege,
1016 5693 1299 5765 Spiritum,
1345 5694 1443 5750 sed
1487 5694 1545 5749 in
1581 5695 1754 5766 ﬁgura
1785 5704 1840 5752 et
1868 5696 2096 5755 umbro-

499 5797 646 5848 sum,
685 5796 832 5839 nunc
881 5781 1099 5841 Veritas
1139 5783 1258 5855 ipsa
1300 5783 1733 5841 substantialiter
1772 5787 1922 5843 venit
1969 5803 2097 5845 cum

2201 3276 2265 3333 ἂν
2306 3275 2469 3344 οὕτως
2510 3278 2858 3336 ἐπίστευσαν·
2914 3281 3006 3336 νῦν
3052 3277 3107 3335 δὲ
3139 3276 3442 3344 ἀξιόπιστον
3488 3281 3656 3336 ποιῶν
3702 3279 3799 3336 τὸν

2199 3364 2382 3444 λόγον,
2422 3364 2606 3445 φησὶν,
2657 3365 2740 3424 ὅτι
2788 3387 2819 3425 α
2858 3364 3155 3447 Ἐρωτήσω
3186 3365 3273 3425 τὸν
3322 3365 3571 3445 Πατέρα.
3607 3388 3636 3425 ι)
3679 3366 3803 3429 Κᾶν

2199 3454 2300 3535 γὰρ
2355 3455 2518 3536 χρεία
2572 3453 2820 3534 γένηται,
2870 3454 3034 3536 φησὶ,
3080 3454 3472 3535 παρακλήσεως
3524 3456 3614 3515 καὶ
3646 3456 3805 3524 ἀξιώ-

2200 3567 2359 3617 σεως,
2399 3543 2577 3603 πάντα
2607 3546 2799 3625 τρόπον
2829 3543 3153 3623 σπουδάσω,
3196 3543 3283 3602 ἵνα
3324 3545 3520 3624 ἐπέλθῃ
3570 3546 3691 3624 ὑμῖν
3738 3546 3808 3606 τὸ

2205 3635 2454 3709 Πνεῦμα·
2487 3630 2616 3713 ὅπερ
2657 3632 2749 3692 καὶ
2794 3637 2948 3712 ἡμεῖς
2989 3630 3250 3711 εἰώθαμεν
3278 3633 3536 3703 πολλάκις
3585 3635 3757 3713 λέγειν
3781 3681 3805 3710 ,

2200 3722 2281 3781 ὅτι
2320 3722 2436 3795 Τὴν
2465 3723 2643 3803 ψυχήν
2673 3746 2774 3800 μου
2804 3724 2971 3796 θήσω,
3000 3720 3088 3781 ἵνα
3118 3722 3236 3783 τόδε
3265 3724 3510 3803 γένηται·
3539 3724 3711 3783 καίτοι
3740 3748 3809 3804 γε

2199 3812 2380 3892 ὀλίγης
2415 3814 2645 3885 σπουδῆς
2676 3814 2934 3880 πολλάκις
2969 3812 3161 3892 χρῄζει
3193 3811 3253 3871 τὸ
3295 3811 3477 3893 ἔργον·
3509 3813 3626 3873 ἀλλ’
3656 3811 3810 3890 ὅμως

2202 3901 2367 3969 δεῖξαι
2409 3902 2648 3969 θέλοντες
2678 3905 2751 3969 ὡς
2799 3905 2858 3961 οὖ
2895 3903 3349 3983 παραιτησόμεθα
3394 3899 3491 3974 τὴν
3533 3903 3805 3984 σπουδὴν,

2202 3988 2342 4050 οὕτω
2365 3990 2612 4070 λέγομεν.
2654 3987 2858 4059 Ἄλλως
2888 4013 2977 4049 τε·
3026 3990 3183 4051 Ἐπεὶ
3217 3993 3352 4072 δπὲρ
3387 3994 3540 4063 ἡπῶν
3574 3991 3807 4071 ἀνήνεγ-

2204 4103 2293 4140 κεν
2327 4079 2512 4139 ἑαυτὸν
2545 4080 2727 4141 θυσίαν
2758 4083 2786 4139 ὃ
2823 4079 3014 4159 Κύριος
3056 4084 3131 4161 τῷ
3166 4080 3394 4161 Πατρὶ,
3426 4080 3811 4159 ἐξιλασάμενος

2206 4168 2366 4227 αὐτὸν
2413 4168 2500 4227 διὰ
2545 4174 2637 4227 τοῦ
2694 4169 2888 4230 οἰκείου
2942 4168 3170 4230 θανάτου
3225 4173 3296 4237 ὥς
3344 4169 3650 4251 ἀρχιερεὺς,
3697 4162 3800 4232 εἷθ’

2206 4259 2343 4317 οὕτω
2395 4257 2457 4317 τὸ
2505 4260 2728 4337 Πνεῦμα
2790 4261 3014 4330 ἐπῆλθεν
3062 4262 3225 4336 ἡμῖν,
3274 4261 3347 4326 ὥς
3390 4263 3484 4330 τῆς
3539 4258 3813 4339 ἁμαρτίας

2205 4346 2489 4420 λυθείσης,
2536 4347 2627 4407 xui
2684 4351 2778 4419 τῆς
2827 4348 3017 4427 ἔχθρας
3066 4347 3460 4427 ἀναιρεθείσης·
3510 4349 3598 4407 διὰ
3648 4349 3808 4410 τοῦτό

2209 4460 2390 4516 φησιν,
2424 4435 2506 4496 ὅτι
2554 4460 2585 4495 α
2619 4436 2918 4516 Ἐρωτήσω
2958 4436 3048 4495 τὸν
3081 4435 3324 4516 Πατέρα,
3356 4436 3447 4495 καὶ
3481 4437 3568 4496 τὸν
3614 4438 3809 4515 Παρά-

2212 4529 2406 4599 κλητον
2452 4526 2613 4585 δώσει
2657 4530 2806 4602 ὕμῖν·
2854 4548 2884 4585 ι)
2942 4526 3241 4600 τουτέστιν,
3285 4525 3641 4603 Ἐξιλάσομαι
3670 4528 3809 4607 ὑπὲρ

2208 4618 2356 4693 ὑμῶν
2395 4614 2485 4675 τὸν
2527 4618 2788 4696 Πατέρα,
2843 4615 2935 4674 xui
2977 4614 3405 4684 ἄποκαταλλάξω
3440 4622 3626 4675 τοῦτον
3677 4620 3808 4693 ὖμῖν

2207 4708 2314 4775 τοῖς
2348 4707 2460 4782 ,διὰ
2512 4705 2609 4778 τὴν
2657 4705 2924 4784 ἁμαρτίαν
2977 4710 3205 4785 ἐχθροῖς,
3252 4704 3345 4764 xui
3395 4696 3545 4773 οὗτος
3598 4705 3804 4787 πέμψει

2208 4798 2330 4872 ὑμῖν
2358 4797 2418 4854 τὸ
2446 4798 2704 4873 Πνεῦμα,
2745 4794 3032 4863 ἐξιλασθεὶς
3060 4795 3147 4853 διὰ
3176 4800 3267 4853 τοῦ
3311 4797 3441 4867 ἐμοῦ
3473 4794 3606 4875 ὑπὲρ
3651 4799 3805 4871 ὑμῶν

2208 4885 2465 4961 θανάτου,
2504 4884 2597 4943 xui
2642 4887 2992 4963 καταλλαγεὶς
3022 4886 3166 4962 ὑμῖν.
3204 4884 3284 4946 Τὸ
3323 4884 3377 4942 δὲ
3401 4931 3418 4959 ,
3460 4883 3634 4944 «Ἵνα
3665 4884 3805 4965 μένῃ

2210 4977 2324 5052 μεθ’
2354 4978 2502 5052 ὑμῶν
2548 4975 2621 5042 εἷς
2645 4974 2735 5033 τὸν
2770 4976 2960 5050 αἰῶνα,
2985 4995 3017 5033 ι)
3056 4967 3229 5049 εἶπεν,
3261 4973 3377 5050 ἅμα
3415 4972 3510 5051 μὲν
3542 4995 3804 5053 παραμυ-

2208 5064 2457 5137 θούμενος
2515 5062 2722 5132 αὐτούς.
2770 5065 2852 5124 Οὖ
2901 5063 3004 5145 γὰρ
3041 5064 3214 5141 οὕτω,
3264 5063 3433 5144 φησὶ,
3479 5063 3808 5144 πρόσκαιρός

2209 5157 2349 5214 ἐστιν
2398 5158 2433 5226 ἡ
2479 5154 2640 5213 αὐτοῦ
2678 5154 2977 5234 παρουσία,
3028 5157 3099 5222 ὡς
3130 5158 3164 5227 ἡ
3217 5152 3340 5230 ἐμὴ,
3390 5155 3514 5211 ἀλλ’
3541 5154 3671 5233 ἄχρι
3705 5161 3805 5214 τοῦ

2211 5246 2399 5312 αἰῶνος
2428 5244 2727 5323 διαρκέσει·
2769 5246 2862 5304 καὶ
2905 5243 3024 5301 οὐδὲ
3068 5243 3329 5302 θανόντων
3374 5246 3524 5319 ὖμῶν
3553 5241 3807 5315 ἀποστή-

2211 5357 2361 5395 σεται
2378 5379 2395 5405 ,
2423 5334 2560 5394 ἀλλὰ
2586 5340 3019 5413 συμπαραμενεῑ,
3051 5331 3146 5391 καὶ
3170 5332 3529 5412 ἐνδοξοτέρους
3558 5331 3773 5404 ποιήσει
3791 5356 3808 5370 ·

2209 5424 2299 5482 xui
2330 5432 2464 5483 πᾶσι
2495 5423 2550 5482 δὲ
2572 5431 2680 5491 τοῖς
2706 5422 2873 5499 ἁγίοις
2901 5422 2985 5480 ἀεὶ
3015 5423 3251 5496 σύνεστι,
3283 5424 3373 5481 καὶ
3406 5428 3622 5482 θανοῦσι
3651 5423 3806 5499 μᾶλ-

2208 5515 2321 5588 λον,
2353 5513 2462 5593 ὅσῳ
2491 5511 2582 5572 xui
2612 5515 2931 5589 σωματικῶν
2963 5515 3146 5570 παθῶν
3170 5511 3486 5593 ὑψηλότεροι
3507 5511 3626 5571 τότε
3657 5512 3805 5589 μᾶλ-

2206 5604 2319 5664 λον.
2363 5625 2392 5660 (ι
2423 5605 2647 5679 Πνεῦμα
2667 5602 2723 5660 δὲ
2750 5600 2992 5672 ἀληθείας
3017 5622 3047 5659 »
3081 5603 3260 5681 φησὶν,
3291 5602 3407 5660 ἀντὶ
3428 5604 3544 5679 τοῦ,
3575 5601 3806 5677 Πνεῦμά

2208 5693 2347 5751 ἐστιν
2404 5693 2463 5749 οὗ
2508 5695 2604 5762 τῆς
2662 5693 2912 5758 Παλαιᾶς
2961 5688 3232 5764 Διαθήκης
3281 5688 3487 5769 (ἐκείνη
3535 5688 3667 5771 γὰρ,
3708 5688 3808 5747 τύ-

2206 5805 2304 5851 πος
2350 5778 2443 5841 xui
2472 5803 2597 5841 σκια
2611 5780 2653 5860 ),
2685 5779 2825 5841 ἀλλὰ
2854 5783 2950 5853 τῆς
2998 5778 3176 5858 Νέας,
3209 5778 3328 5852 ¹ἥτις
3369 5779 3512 5841 ἐστὶν
3558 5777 3807 5852 ἀλήθεια.
