4128 6450
333 427 430 481 l8l
1185 426 1581 484 ENARRATIO
1625 427 1691 482 IN
1729 421 2163 481 EVANGELIUM
2196 423 2495 481 JOANNIS.
2534 453 2606 466 —
2643 426 2794 482 CAP.
2834 427 2965 483 XIV.

3581 427 3684 484 182

336 543 511 631 Εἶχον
545 551 662 631 ’μὲν
695 543 797 612 οὖν
834 556 1063 632 Πνεῦμα
1109 554 1200 614 καὶ
1230 555 1278 613 οἱ
1332 556 1384 613 ἓν
1428 555 1504 635 τῷ
1558 552 1705 635 νόμῳ
1756 552 1873 610 ἄλλ’
1916 552 1967 609 ἐν

2084 548 2385 621 discipulis,
2430 559 2491 607 ut
2518 551 2591 607 ita
2634 551 2760 624 quis
2805 551 2969 608 dicat.
3000 554 3080 608 Ne
3107 559 3294 609 autem
3333 554 3454 627 quis
3484 554 3683 627 opine-

384 642 398 661 I
616 643 630 660 ο
830 646 897 666 εδδ-υ
1016 649 1048 663 ~
1116 643 1160 666 (εὶ
1217 650 1235 666 ο
1293 646 1335 666 9‘
1369 643 1413 666 ΙΛ
1575 644 1592 664 τ
1644 643 1658 666 \
1735 643 1751 663 θ
1782 665 1787 666 γ
1872 642 1936 666 δη

384 643 398 661 1
616 643 630 660 δ
830 646 897 666 ἢκ
1016 649 1048 663 ~
1293 646 1308 666 θ
1369 643 1381 664 θ
1575 644 1592 664 τ
1735 643 1751 663 θ
1872 643 1936 661 εἴη

340 667 496 724 τυπῳ
538 667 638 702 και
675 667 955 712 σκιωοως·
985 669 1079 702 νυν
1111 643 1165 702 δὲ
1209 650 1241 715 ἡ
1280 646 1499 714 αληθεια
1533 643 1667 715 αυτὴ
1699 663 1968 708 ουσιωοως

348 735 696 811 συγκατῆλθε
730 743 845 802 τοῖς
891 739 1192 810 μαθηταῖς,
1225 737 1294 800 ὡς
1343 733 1406 792 ἂν
1455 732 1592 792 εἴποι
1627 756 1725 800 τις.
1759 730 1880 792 Ἵνα
1921 729 1974 790 δὲ

353 822 430 900 μή
484 823 822 898 νομίσωσιν,
881 823 965 883 ὅτι
1029 823 1122 882 καὶ
1171 822 1302 881 αὐτὸ
1360 827 1702 904 σαρκωθῆναι
1753 823 1974 898 μέλλει,

356 911 536 993 ὥσπερ
570 913 756 985 αὐτὸς,
788 912 972 993 φησὶν,
995 913 1086 986 ὅτι⁴
1123 935 1153 970 (ι
1188 911 1256 973 Ὀ
1283 911 1481 988 κόσμος
1520 914 1580 972 οὗ
1623 912 1845 970 δύναται
1869 913 1973 968 λα·-

360 1001 468 1061 εεῖν
495 1002 649 1062 αὑτό.
689 1025 719 1059 ο
758 1004 889 1083 Οὐχ
928 1001 1090 1075 οὕτω,
1135 1002 1301 1082 φησὶ,
1337 1000 1538 1070 διδάξει
1581 1005 1757 1076 ὑμᾶς,
1790 997 1972 1077 ὥσπερ

366 1092 493 1172 ὶγὼο
542 1093 603 1150 οὗ
634 1092 744 1172 γὰρ
777 1092 1000 1151 δύναται
1045 1091 1174 1150 αὐτὸ
1214 1095 1241 1150 6
1278 1089 1474 1167 κόσμος
1513 1090 1698 1149 λαϐεῖν
1731 1111 1972 1164 σωματι-

373 1185 500 1248 κῶς·
540 1181 854 1252 τουτέστιν,
911 1180 1008 1243 Ἐν
1054 1183 1235 1248 αὐταῖς
1285 1179 1489 1252 οἰκήσει
1537 1181 1650 1247 ταῖς
1693 1177 1973 1255 ὑμετέραις

371 1277 589 1352 ψυχαῖς.
625 1273 736 1332 Καὶ
766 1270 946 1337 ἄλλως
971 1272 1060 1330 δέ’
1093 1273 1173 1329 Οὐ
1209 1271 1424 1329 δύναται
1468 1269 1654 1329 λαϐεῖν
1689 1271 1717 1326 6
1745 1266 1971 1344 κόσμος,

367 1363 666 1432 τουτέστιν,
699 1364 727 1418 ὁ
757 1361 978 1440 χυδαῖος
1007 1359 1154 1432 λαὸς,
1179 1359 1270 1418 καὶ
1296 1359 1361 1418 τὰ
1392 1364 1483 1418 τοῦ
1511 1358 1714 1436 κόσμου
1741 1359 1968 1437 φρονῶν,

375 1472 406 1507 ι
448 1450 531 1508 ὅτι
585 1452 646 1509 οὗ
679 1456 866 1528 θεωρεῖ
919 1450 1048 1508 αὐτὸ
1063 1497 1078 1522 ,
1128 1450 1416 1522 τουτέστιν,
1459 1447 1540 1507 ὅτι
1591 1449 1972 1518 ἀκατάληπτος

364 1542 533 1599 αὐτοῦ
578 1541 721 1598 ἔστιν
755 1543 789 1610 ἡ
827 1539 1014 1598 οὖσία·
1069 1541 1290 1620 Θεωρίαν
1329 1537 1432 1618 γὰρ
1473 1542 1699 1598 ἐνταῦθα
1751 1535 1850 1607 τὴν
1884 1534 1972 1594 διὰ

363 1635 465 1689 τοῦ
500 1631 617 1695 νοὸς
657 1631 819 1705 λέγει.
850 1625 1020 1688 εὈθεν
1051 1628 1143 1686 καὶ
1190 1629 1452 1708 ἐπιφέρει·
1487 1649 1518 1686 ιι
1549 1626 1691 1687 Οὐδὲ
1725 1625 1972 1705 γινώσκει

365 1717 519 1780 αὑτό.
551 1740 583 1774 ιι
623 1716 804 1800 Ὁρᾷς,
835 1717 919 1776 ὅτι
949 1717 1042 1777 καὶ
1075 1719 1162 1789 τὸ,
1211 1739 1240 1775 α
1260 1719 1342 1778 Οὐ
1375 1724 1560 1798 θεωρεῖ
1587 1738 1617 1774 n
1663 1714 1848 1800 εἰπὼν,
1878 1716 1973 1789 τὸ,

373 1830 402 1866 α
447 1810 508 1867 οὖ
540 1810 826 1885 γινώσκει,
861 1830 892 1866 ι)
944 1807 1214 1883 ἐδήλωσες
1269 1810 1678 1883 Παραμυθεῖται
1713 1797 1802 1866 οὖν
1847 1804 1966 1872 τοὺς

2086 648 2178 694 tur
2206 639 2355 711 quod
2385 641 2551 696 etiam
2576 641 2809 713 Spiritus
2838 641 2983 697 sicut
3028 643 3144 713 ipse
3183 642 3552 699 incarnandus
3587 646 3680 713 sit,

2084 729 2282 800 inquit,
2319 754 2344 779 α
2378 732 2559 802 Quem
2597 730 2834 786 mundus
2864 748 2973 786 non
3003 739 3186 803 potest
3227 748 3440 804 capere.
3473 757 3498 781 ιι
3526 736 3674 801 Non,

2085 817 2277 891 inquit,
2330 819 2554 876 docebit
2592 837 2690 876 vos
2733 821 2876 876 sicut
2920 836 3021 894 ego
3075 839 3091 876 :
3147 838 3262 877 non
3309 822 3459 876 enim
3511 839 3680 880 mun-

2082 907 2187 964 dus
2227 925 2358 965 eum
2385 910 2748 981 corporaliter
2790 927 2980 983 capere
3022 919 3234 984 potest;
3284 911 3391 968 hoc
3429 921 3535 980 est,
3568 915 3681 969 Ha-

2082 997 2284 1056 bitabit
2325 1000 2384 1055 in
2413 1001 2546 1070 ipsis
2582 1000 2877 1056 animabus
2917 1002 3129 1057 vestris.
3180 1004 3250 1056 Et
3277 1003 3435 1057 aliter
3489 1021 3502 1060 :
3560 1006 3682 1060 Non

2081 1099 2261 1162 potest
2289 1089 2536 1162 accipere
2567 1090 2827 1157 mundus,
2850 1091 2971 1147 hoc
3013 1101 3116 1159 est,
3149 1092 3384 1164 populus
3411 1093 3496 1148 ille
3550 1109 3682 1166 pro-

2081 1179 2329 1236 miscuus
2379 1187 2434 1234 et
2462 1181 2676 1252 sapiens
2721 1196 2843 1251 quae
2893 1181 3053 1253 hujus
3094 1182 3311 1248 mundi,
3349 1205 3376 1231 α
3410 1185 3538 1256 quia
3567 1201 3682 1240 non

2082 1269 2227 1326 videt
2255 1285 2404 1338 eum,
2454 1291 2481 1319 ι
2527 1286 2594 1326 eo
2641 1271 2789 1342 quod
2832 1271 3403 1343 incomprehensibilis
3443 1273 3512 1329 sit
3566 1274 3683 1346 ejus

2082 1359 2409 1416 substantia.
2443 1361 2977 1433 Contemplationem
3007 1361 3159 1417 enim
3191 1372 3246 1416 et
3278 1363 3543 1419 visionem
3575 1365 3682 1420 hoc

2080 1448 2203 1505 loco
2246 1449 2446 1505 mentis
2481 1451 2654 1506 dicit:
2689 1451 2832 1506 unde
2859 1451 3063 1517 subdit,
3102 1474 3127 1499 α
3176 1455 3364 1524 Neque
3393 1455 3682 1525 cognoscit

2082 1554 2232 1595 eum.
2271 1559 2294 1584 ι
2315 1538 2477 1595 Vides
2498 1540 2668 1612 quod,
2694 1549 2748 1595 et
2779 1563 2803 1589 σι
2838 1543 2960 1597 Non
2991 1541 3162 1610 videt,
3188 1564 3213 1588 ιι
3245 1540 3459 1610 dicens,
3494 1565 3519 1591 αι
3552 1547 3681 1599 Non

2081 1629 2387 1701 cognoscit,
2432 1651 2458 1679 ι
2501 1629 2826 1701 sigiﬁcavit?
2868 1632 3157 1703 PrOpterea
3201 1634 3408 1687 solatur
3435 1632 3678 1705 discipu-

2082 1719 2182 1787 los,
2225 1718 2433 1788 dicens,
2467 1742 2492 1769 ι
2526 1718 2771 1774 Mundus
2817 1736 2932 1776 non
2977 1728 3160 1792 potest
3187 1737 3378 1793 capere
3409 1722 3564 1778 illum
3598 1740 3612 1780 :
3647 1742 3677 1777 ι)

2081 1809 2239 1864 vobis
2279 1821 2461 1866 autem
2504 1809 2610 1866 hoc
2654 1809 2862 1865 donum
2907 1813 3184 1883 egregium
3231 1811 3420 1868 datum
3466 1821 3568 1880 est,
3623 1823 3680 1870 et

365 1901 698 1964 ἀποστόλους
727 1897 810 1954 διὰ
837 1902 928 1956 τοῦ
960 1899 1149 1967 εἰπεῖν,
1182 1895 1264 1956 ὅτι
1293 1919 1322 1954 α
1347 1895 1416 1956 Ὁ
1440 1899 1639 1973 κόσμος
1665 1897 1724 1955 οὐ
1746 1895 1964 1954 δύναται

2085 1921 2109 1948 ι
2140 1908 2328 1955 manet
2353 1899 2498 1972 apud
2524 1916 2621 1955 vos
2653 1917 2667 1956 :
2696 1920 2724 1951 ››
2746 1910 2803 1956 et
2825 1899 3023 1956 deinde
3053 1900 3200 1972 quod
3228 1901 3405 1973 majus
3429 1911 3532 1968 est,
3563 1926 3588 1951 α
3607 1905 3681 1959 Et

364 1987 554 2047 λαϐεῖν
587 1987 743 2044 αὐτό⁸
781 2007 812 2043 ι)
861 1991 985 2062 ὑμῖν
1034 1985 1089 2044 δὲ
1127 1991 1280 2046 τοῦτο
1312 1985 1514 2066 δίδοται
1557 1987 1723 2066 δῶρον
1758 1983 1968 2063 ἐξαίρε-

365 2099 480 2146 τον,
512 2075 608 2135 καὶ
659 2097 687 2132 α
729 2075 876 2150 μένει
919 2074 1050 2154 παρ’
1083 2075 1234 2150 ὑμῖν·
1287 2095 1317 2132 ι)
1357 2065 1474 2134 εἶτα
1526 2074 1586 2134 τὸ
1618 2077 1832 2149 μεῖζον,
1887 2073 1968 2133 ὅτι

378 2189 408 2224 α
451 2163 565 2226 Καὶ
595 2166 645 2222 ἐν
675 2166 802 2240 ὑμῖν
826 2163 997 2224 ἔσται.
1028 2187 1057 2221 ι)
1097 2163 1175 2224 Τὸ
1207 2163 1302 2242 μὲν
1332 2164 1469 2244 γὰρ,
1512 2187 1541 2223 ί(
1578 2162 1722 2242 Παρ³
1742 2168 1898 2240 ὑμῖν,
1930 2185 1959 2222 ι)

363 2255 465 2326 τὴν
498 2254 691 2322 ἔξωθεν
736 2254 796 2312 ἐκ
826 2258 916 2312 τοῦ
947 2253 1194 2332 σύνεγγυς
1240 2252 1503 2332 βωήθειαν
1551 2254 1736 2325 δηλοῖο
1773 2254 1833 2311 τὸ
1867 2251 1922 2311 δὲ
1948 2295 1965 2324 ,

367 2365 400 2402 ι
446 2342 544 2404 Ἐν
577 2347 734 2419 ὑμῖν,
763 2365 792 2400 ν
831 2343 930 2415 τὴν
961 2342 1166 2401 ἔνδοθεν
1196 2342 1401 2413 οἴκησιν
1451 2341 1543 2400 καὶ
1576 2342 1881 2417 δυνάμωσιν
1901 2339 1968 2400 ’ὃ

361 2431 574 2492 καὶτοῦ
605 2432 744 2494 Θεὸν
777 2421 946 2504 εἶναι,
980 2431 1258 2491 δεικτικόν.
1294 2432 1372 2492 Τὸ
1396 2431 1530 2511 γὰρ,
1559 2453 1589 2489 ι
1630 2429 1967 2504 Ἐνοικήσω,

359 2524 456 2582 καὶ
502 2521 930 2602 ἐμπεριπατήσω
977 2522 1140 2597 ὑμῖν,
1186 2545 1216 2577 ν
1252 2525 1280 2580 6
1311 2522 1448 2587 Θεὸς
1498 2520 1662 2599 λέγει.
1708 2543 1738 2580 (ι
1769 2520 1837 2582 Ὁ
1871 2519 1967 2597 μὲν

358 2603 451 2672 οὖν
502 2612 704 2688 κόσμος
746 2611 806 2669 οὖ
854 2612 1076 2670 δύναται
1113 2610 1300 2670 λαϐεῖν
1345 2611 1407 2672 τὸ
1460 2613 1716 2690 Πνεῦμα,
1770 2609 1852 2669 ὅτι
1907 2611 1966 2667 οὖ

357 2700 616 2780 γινώσκει
658 2699 813 2776 αὐτὸ,
862 2703 1012 2774 ὑμεῖς
1055 2699 1110 2759 δὲ
1148 2701 1436 2779 γινώσκετε
1490 2702 1635 2760 αὐτό.
1691 2722 1722 2760 α
1771 2698 1963 2774 Διατί;

357 2792 512 2852 Διότι
533 2794 629 2849 οὐκ
663 2791 780 2848 ἐστὲ
810 2792 869 2849 ἐκ
890 2795 981 2847 τοῦ
1012 2787 1242 2866 κόσμου·
1287 2812 1316 2848 ι)
1354 2789 1447 2848 καὶ
1480 2791 1569 2848 διὰ
1599 2797 1751 2850 τοῦτο
1783 2791 1962 2848 δεκτι-

359 2879 448 2938 κοί
495 2882 616 2939 ἐστε
663 2880 846 2938 αὑτοῦ.
883 2879 990 2939 Καὶ
1049 2901 1076 2936 (ι
1115 2880 1260 2956 μένει
1299 2901 1330 2937 »
1380 2885 1472 2939 ν’ὗν
1514 2881 1700 2960 «παρ’
1734 2882 1880 2957 ὑμῖν,
1926 2900 1956 2938 ι)

360 2971 504 3030 ἀλλὰ
547 2990 580 3026 α
608 2970 701 3028 καὶ
729 2969 882 3027 ἔσται
911 2991 941 3025 ι)
979 2969 1060 3027 ἀεὶ
1099 2991 1128 3026 (ι
1154 2971 1205 3026 έν
1238 2969 1384 3046 ὑμῖν.
1413 2991 1443 3027 n

453 3081 484 3116 α
526 3059 648 3118 Οὐκ
679 3057 870 3137 ἀφήσω
909 3061 1042 3133 ὑμᾶς
1076 3059 1354 3140 ὀρφανούς*
1384 3059 1614 3140 ἔρχομαι
1643 3057 1772 3137 πρὸς
1811 3059 1966 3132 ὑμᾶς.

362 3146 493 3209 Ἔτι
535 3147 749 3228 μικρὸν,
789 3148 880 3205 καὶ
917 3151 946 3205 6
983 3147 1178 3222 κόσμος
1206 3172 1271 3224 με
1303 3149 1398 3207 οὐκ
1427 3150 1507 3207 ἔτι
1551 3149 1769 3226 θεωρεῖ·
1819 3147 1967 3222 ὑμεῖς

360 3237 417 3297 δὲ
455 3237 705 3316 θεωρεῖτέ
749 3260 842 3314 με,
892 3235 972 3294 ὅτι
1003 3237 1108 3314 ἐγὼ
1136 3240 1240 3306 ζῶ·
1270 3238 1361 3296 καὶ
1401 3240 1550 3313 ὑμεῖς
1595 3237 1838 3309 ζήσεσθε.
1874 3235 1966 3296 Ἐν

358 3328 540 3406 ἐκείνῃ
718 3327 898 3407 ἡμέρα
953 3326 1219 3402 γνώσεσθε
1263 3328 1447 3404 ὑμεῖς,
1497 3325 1579 3386 ὅτι
1632 3326 1737 3405 ἐγὼ
1786 3329 1840 3386 ἐν
1889 3327 1966 3406 τῷ

359 3417 544 3498 Πατρί
576 3438 700 3490 μου,
745 3414 841 3472 καῖ
880 3416 1028 3492 ὑμεῖς
1059 3418 1111 3498 ἐν
1159 3415 1278 3494 ἐμοὶ
1321 3414 1477 3496 κᾶγῶ
1509 3419 1562 3475 ἐν
1598 3421 1746 3493 ὑμῖν.
1785 3438 1813 3473 ι)
1870 3415 1964 3486 Μὴ

367 3495 652 3584 ςιοϐήθῆτε,
704 3506 881 3585 φησὶν,
945 3503 1026 3563 ὅτι
1059 3495 1208 3565 εἶπον
1251 3495 1418 3581 ὑμῖν,
1457 3529 1489 3562 α
1539 3501 1729 3565 Ἄλλον
1775 3506 1965 3584 Παράο

374 3597 572 3666 κλητον
608 3594 830 3675 πέμψω,
868 3618 897 3651 ι)
935 3594 1266 3670 νομίζοντες,
1295 3596 1377 3654 ὅτι
1411 3597 1507 3654 οὐκ
1551 3595 1628 3654 ἔτι
1657 3597 1839 3656 λοιπὸν
1871 3595 1965 3672 ἐμὲ

374 3684 590 3764 ὄψεσθεκ
612 3689 664 3743 ὠ
685 3686 788 3763 γὰρ
818 3684 1267 3760 ἄπαναστήσομαι
1296 3688 1443 3762 ὑμῶν
1467 3688 1540 3752 εἰς
1571 3683 1735 3751 τέλος.
1781 3706 1808 3743 tt
1839 3683 1970 3766 Ἕρ-

371 3795 543 3853 χομαι
571 3795 599 3830 ι
654 3774 796 3851 γὰρ,
841 3773 934 3832 καὶ
973 3796 1003 3832 α
1045 3777 1142 3832 οὐκ
1184 3773 1375 3856 ἀφήσω
1432 3778 1572 3850 ὑμᾶς
1619 3774 1894 3855 ὀρφανούς.
1930 3799 1962 3833 ι

371 3863 526 3924 Ἐπεὶ
556 3864 877 3942 ἀρχόμενος,
915 3884 945 3922 α
971 3861 1171 3925 Τεκνία
1200 3886 1230 3921 ι>
1275 3862 1464 3930 αὖτοὺς
1491 3863 1668 3942 ἔλεγεν
1691 3910 1707 3937 ,
1744 3864 1968 3924 ἀκολού-

366 3960 468 4020 θως
497 3959 585 4012 νῦν
619 3977 776 4034 φησιν
799 3977 813 3990 ⁸
850 3977 880 4009 α
921 3955 1041 4013 Οὖκ
1078 3952 1266 4034 ἀφήσω
1295 3957 1436 4031 ὑμᾶς
1466 3955 1738 4035 ὀρφανούς.
1779 3977 1808 4014 ι)
1847 3951 1969 4015 Ἵνα

363 4044 417 4102 δὲ
452 4046 529 4121 μή
558 4043 877 4118 νομίσωσιν,
901 4041 982 4101 ὅτι
1005 4045 1076 4109 ὡς
1099 4044 1355 4125 πρότερον
1377 4091 1394 4118 ,
1424 4044 1607 4122 μέλλει
1637 4048 1970 4121 ἐμφανισθῆ-

361 4159 450 4192 ναι
483 4133 578 4192 καὶ
613 4135 789 4199 αὐτοῖς
827 4133 922 4191 καὶ
965 4141 1096 4191 πᾶσι
1127 4135 1263 4210 μετὰ
1311 4133 1562 4212 σώματος
1585 4179 1603 4210 ,
1635 4135 1796 4216 φησὶν
1819 4179 1838 4213 ,
1888 4136 1968 4195 ὅτι

368 4246 402 4282 α
448 4222 521 4284 Ὁ
553 4221 750 4298 κόσμος
773 4223 867 4281 οὐκ
896 4221 976 4280 ἔτι
1020 4227 1205 4301 θεωρεῖ
1250 4247 1338 4300 με.
1365 4245 1396 4282 ι)
1433 4222 1622 4300 ⁸Υμεῖς
1661 4222 1785 4303 γὰρ,
1812 4225 1966 4304 φησὶ,

363 4312 519 4388 μόνοι
567 4310 760 4392 ὄψεσθέ
803 4334 869 4386 με
920 4313 1012 4370 καὶ
1059 4311 1194 4387 μετὰ
1225 4311 1322 4383 τὴν
1367 4314 1680 4374 ἀνάστασιν.
1723 4337 1754 4373 (ι
1797 4317 1888 4374 Ζῶ
1937 4339 1966 4373 υ

362 4403 492 4481 γὰρ,
517 4405 565 4461 εἷ
601 4401 692 4459 καὶ
722 4400 947 4459 θάνατον
989 4401 1207 4478 δέξομαι
1229 4446 1246 4472 ,
1278 4401 1370 4462 καὶ
1422 4403 1741 4481 ἀνίσταμαι.
1778 4425 1810 4463 ί
1859 4404 1970 4464 Καὶ

364 4493 519 4569 ὑμεῖς
562 4492 618 4550 δὲ
662 4490 918 4574 ζήσεσθεσ
957 4512 987 4548 ι)
1038 4492 1345 4565 τουτέστιν,
1399 4491 1624 4560 ’ἰδόντες
1668 4518 1734 4569 με
1786 4494 1962 4574 χαρή-

365 4587 549 4653 σεσθε,
585 4581 680 4639 καὶ
725 4571 831 4640 οἷον
861 4583 1345 4660 ἄπονεκρωθέντες,
1377 4581 1705 4642 ἄναϐιώσετε

366 4671 659 4751 ἐπιφανείᾳ.
719 4667 797 4730 Ἦ
843 4670 936 4728 καὶ
988 4669 1179 4738 οὕτως·
1228 4669 1478 4752 "nemp,
1528 4671 1708 4754 φησὶν,
1767 4676 1795 4731 6
1846 4673 1971 4750 ἐμὸς

369 4761 595 4826 θάνατος
639 4761 712 4825 εἷς
748 4758 888 4832 ζωὴν
937 4759 1184 4839 γέγονεν,
1240 4761 1382 4820 οὕτω
1421 4761 1520 4820 κᾶν
1569 4763 1718 4838 ὑμεῖς
1763 4764 1967 4824 ἀποθά-

369 4872 520 4922 νητε,
574 4873 604 4904 α
654 4850 902 4920 ζήσεσθε.
940 4871 968 4906 >›
1018 4849 1113 4922 Μὴ
1144 4849 1317 4910 τοίνυν
1364 4850 1501 4926 μήτε
1553 4852 1635 4908 ἐπ’
1684 4853 1800 4928 ἐμοὶ
1844 4852 1972 4924 θνή-

372 4963 558 4998 σκοντι
589 4941 842 4998 λυπεῖσθε
864 4985 880 5011 ,
927 4937 1062 5015 μήτε
1095 4941 1177 5019 ἐφ’
1210 4943 1436 5008 ἑαυτοῖς.
1475 4939 1596 5002 Κᾶν
1633 4940 1738 5021 γὰρ
1762 4941 1970 5014 θάνητε,

367 5029 597 5100 ζήσεσθε
646 5028 742 5099 τὴν
810 5028 1110 5105 μέλλουσαν
1179 5029 1342 5101 ζωήν.
1413 5052 1444 5086 α
1499 5029 1596 5090 Ἐν
1666 5031 1841 5112 ἐκείνῃ
1899 5037 1969 5112 τῇ

365 5119 553 5202 ἡμέρᾳ
579 5117 844 5197 γνώσεσθε
865 5163 882 5190 ,
911 5117 994 5177 ὅτι
1021 5116 1126 5197 ἐγὼ
1155 5119 1209 5176 ἐν
1252 5123 1331 5199 τῷ
1376 5119 1556 5202 Πατρί
1603 5144 1704 5196 μου
1722 5145 1736 5160 ·
1780 5143 1810 5180 n
1847 5145 1972 5181 του-

366 5209 569 5283 τέστιν,
615 5205 794 5268 Ὅταν
842 5209 1082 5287 ἀναστῶ,
1132 5229 1162 5265 α
1210 5209 1506 5286 γνώσεσθε,
1539 5231 1570 5268 ι)
1615 5209 1694 5268 ὅτι
1741 5214 1835 5271 οὐκ
1873 5214 1976 5270 ἀπ-

366 5300 631 5380 έσχισμαι
669 5301 763 5356 τοῦ
807 5297 1060 5376 Πατρὸς,
1095 5297 1233 5357 ἀλλὰ
1263 5299 1360 5370 τὴν
1393 5299 1558 5372 αὐτὴν
1587 5298 1697 5379 ἔχω
1728 5302 1971 5378 δύναμιν.

375 5410 406 5447 α
449 5387 561 5450 Καὶ
591 5391 745 5464 ὑμεῖς
777 5388 829 5445 ἐν
852 5387 979 5464 ἐμοί
1007 5389 1126 5446 ἐστε
1151 5433 1166 5459 ,
1199 5409 1228 5444 n
1271 5389 1661 5468 φυλαττόμενοι
1688 5393 1779 5449 ὑπ’
1813 5392 1942 5466 ἐμοῦ
1963 5416 1976 5430 '

375 5499 405 5537 tt
444 5478 623 5557 Κάγὼ
652 5479 708 5536 ἐν
740 5481 889 5554 ὑμῖν,
928 5499 958 5534 ι)
1007 5475 1125 5535 ἀντὶ
1153 5481 1281 5550 τοῦ,
1329 5481 1463 5538 Μεθ’
1494 5482 1642 5554 ὑμῶν
1671 5482 1804 5558 εἶμι,
1839 5481 1977 5549 ἐξαι-

363 5571 618 5650 ρούμενος
665 5571 774 5627 τῶν
803 5566 1035 5646 θλίψεων
1053 5609 1071 5640 ,
1115 5565 1186 5627 τὰ
1213 5567 1465 5644 θαύματα
1491 5567 1558 5627 δι’
1588 5572 1738 5648 ὑμῶν
1785 5572 1977 5651 τελῶν,

425 5757 471 5796 ⁸³
497 5756 556 5814 ll
579 5754 719 5814 Cor.
751 5765 843 5818 vr,
881 5749 1188 5819 16:1.evit.
1218 5765 1352 5820 xvr,
1388 5756 1476 5807 12.

1991 4549 2048 4615 D

2085 2012 2111 2038 α
2142 1989 2204 2044 in
2237 1989 2390 2046 vobis
2418 1989 2538 2045 erit.
2574 2013 2600 2039 ιο
2633 2020 2702 2030 -
2734 2013 2759 2038 α
2795 1990 2952 2061 Apud
2984 2005 3080 2045 vos
3119 2009 3146 2043 ››
3178 1991 3350 2059 enim,
3382 2000 3677 2048 externum

2077 2079 2384 2136 subsidium
2415 2087 2471 2135 et
2497 2079 2868 2147 vicinitatem;
2906 2103 2929 2128 ι
2958 2081 3016 2136 in
3044 2080 3198 2135 vobis
3223 2103 3247 2128 ν
3275 2089 3480 2146 autem,
3504 2082 3674 2138 inter-

2075 2185 2207 2225 nam
2271 2167 2656 2225 habitudinem
2714 2177 2768 2225 et
2810 2169 3319 2226 corroborationem
3379 2170 3674 2242 signiﬁcat.

2075 2259 2358 2316 Posterius
2396 2267 2581 2315 autem
2629 2258 2786 2327 illud,
2831 2259 2977 2331 quod
3028 2269 3084 2315 et
3128 2262 3276 2316 Deus
3307 2261 3379 2316 sit
3417 2262 3673 2332 Spiritus,

2075 2348 2365 2420 signiﬁcat,
2410 2349 2503 2421 qui
2547 2349 2698 2417 dicit,
2755 2371 2780 2398 α
2835 2349 3112 2405 Habitabo
3157 2357 3214 2405 et
3262 2351 3555 2407 ambulabo
3620 2353 3675 2408 in

2076 2438 2153 2493 eis
2173 2437 2236 2493 ιι,
2262 2461 2286 2485 υ
2307 2468 2376 2480 -
2401 2460 2425 2486 ε
2451 2439 2624 2509 Igitur
2652 2438 2891 2494 mundus
2911 2437 3135 2511 quidem
3157 2455 3274 2495 non
3295 2447 3475 2510 potest
3505 2441 3675 2514 704.

2075 2527 2321 2599 accipere
2349 2529 2634 2598 Spiritum,
2659 2528 2789 2600 quia
2823 2543 2935 2583 non
2962 2529 3241 2599 cognoscit
3271 2545 3422 2594 eum,
3457 2545 3554 2585 vos
3577 2547 3674 2586 auo

2075 2625 2190 2672 tem
2238 2617 2566 2688 cognoscitis
2593 2633 2742 2673 eum.
2797 2639 2823 2666 ι)
2867 2617 3085 2686 Quare?
3131 2617 3270 2687 Quia
3322 2640 3347 2666 α
3394 2634 3506 2674 non
3543 2621 3675 2676 estis

2075 2722 2138 2763 ex
2182 2705 2289 2763 hoc
2329 2706 2557 2774 mundo,
2606 2730 2634 2757 ι
2680 2715 2973 2779 propterea
3013 2722 3241 2779 capaces
3269 2707 3387 2779 ejus
3437 2709 3584 2777 estis,
3617 2717 3675 2766 et

2078 2819 2104 2845 ιι
2138 2804 2329 2851 manet
2353 2819 2378 2845 ι
2410 2811 2560 2852 nunc
2587 2819 2615 2847 α
2646 2797 2791 2871 apud
2819 2810 2938 2866 vos,
2967 2818 2994 2845 ν
3018 2796 3114 2854 sed
3137 2819 3163 2846 κ
3189 2805 3246 2853 et
3268 2797 3374 2853 erit
3406 2819 3432 2846 ν
3455 2813 3675 2871 semper

2079 2907 2105 2935 ι
2141 2886 2194 2940 in
2223 2885 2394 2942 vobis.
2427 2907 2454 2935 ι

2145 3068 2324 3122 Vens.
2359 3071 2533 3122 18-20.
2565 3088 2591 3115 ι
2623 3068 2747 3122 Non
2773 3065 3082 3138 relinquam
3112 3080 3209 3122 vos
3233 3066 3510 3138 orphanos
3537 3087 3552 3124 :
3586 3085 3674 3126 ve-

2074 3155 2228 3212 niam
2258 3155 2330 3212 ad
2355 3171 2467 3212 vos.
2509 3155 2708 3212 Adhuc
2743 3155 3026 3228 pusillum,
3072 3163 3129 3212 et
3168 3157 3406 3213 mundus
3422 3158 3537 3229 jam
3581 3174 3674 3217 me

2082 3262 2193 3302 non
2217 3245 2362 3302 videt
2390 3265 2404 3302 :
2445 3260 2540 3302 vos
2574 3253 2756 3301 autem
2781 3245 2976 3302 videtis
3011 3261 3119 3314 me,
3150 3247 3277 3318 quia
3305 3262 3404 3319 ego
3434 3248 3576 3316 vivo,
3619 3258 3677 3305 et

2078 3351 2177 3392 vos
2201 3336 2410 3391 vivetis.
2441 3337 2508 3391 In
2529 3335 2621 3391 illo
2651 3335 2742 3392 die
2764 3351 2861 3392 vos
2885 3335 3225 3408 cognoscetis
3243 3338 3390 3408 quod
3412 3352 3512 3410 ego
3545 3354 3671 3395 sum

2075 3424 2129 3480 in
2160 3428 2321 3481 Patre
2351 3441 2495 3490 meo,
2525 3433 2581 3481 et
2605 3440 2700 3481 vos
2742 3425 2797 3480 in
2838 3441 2948 3492 me,
2993 3433 3049 3480 et
3086 3441 3189 3497 ego
3218 3425 3274 3481 in
3317 3426 3490 3482 vobis.
3529 3449 3555 3476 ι
3591 3431 3673 3484 Ne

2075 3515 2355 3582 metuatis,
2386 3515 2587 3587 inquit,
2613 3515 2741 3587 quia
2769 3514 2878 3570 dixi
2917 3514 3072 3570 vobis
3099 3530 3189 3570 me
3233 3538 3258 3563 σι
3305 3517 3475 3572 alium
3506 3521 3673 3574 Para-

2075 3605 2279 3659 cletum
2311 3604 2464 3660 vobis
2497 3604 2818 3672 missurum,
2854 3625 2880 3652 ι
2902 3603 3188 3660 credentes
3231 3605 3380 3676 quod
3413 3621 3502 3660 me
3531 3607 3672 3664 ultra

2073 3707 2186 3748 non
2211 3693 2330 3748 sitis
2370 3692 2536 3748 visuri
2573 3713 2586 3748 ε
2616 3708 2728 3748 non
2763 3692 2912 3748 enim
2944 3692 3111 3748 abero
3150 3707 3180 3746 a
3206 3693 3363 3748 vobis
3401 3711 3571 3766 usque
3612 3695 3668 3751 in

2073 3781 2258 3837 linem.
2295 3803 2321 3830 ι
2355 3781 2582 3838 Veniam
2610 3804 2635 3830 η
2662 3782 2810 3837 enim
2837 3789 2892 3836 et
2925 3802 2951 3830 ι
2982 3797 3094 3836 non
3120 3780 3422 3852 relinquam
3452 3799 3548 3838 vos
3575 3799 3668 3838 or-

2073 3871 2303 3944 pbanos.
2359 3893 2384 3919 n
2418 3871 2558 3940 Quia
2603 3869 2750 3942 prius
2797 3893 2822 3919 α
2855 3870 2995 3925 ﬁlios
3029 3893 3054 3918 ιο
3103 3885 3198 3926 eos
3244 3869 3481 3938 dixerat,
3522 3887 3673 3929 nunc

2071 3968 2472 4034 consequenter
2499 3960 2718 4032 inquit:
2757 3982 2782 4008 α
2823 3963 2949 4016 Non
2993 3960 3295 4031 relinquam
3332 3976 3429 4016 vos
3467 3962 3672 4033 orpha-

2073 4067 2196 4108 nos.
2231 4075 2258 4100 ν
2288 4053 2370 4108 Ut
2403 4059 2590 4106 autem
2619 4065 2689 4106 ne
2725 4050 3038 4106 existiment
3071 4050 3222 4123 quod
3245 4050 3390 4106 sicut
3417 4052 3565 4122 prius
3602 4054 3673 4108 sit

2074 4139 2507 4198 manilestandus
2545 4147 2600 4196 et
2648 4139 2776 4211 ipsis
2802 4147 2858 4196 et
2894 4140 3153 4196 omnibus
3193 4140 3248 4195 in
3292 4156 3541 4212 corpore,
3593 4142 3674 4198 in-

2076 4231 2196 4302 quit
2226 4247 2239 4284 :
2267 4253 2292 4279 α
2319 4231 2558 4287 Mundus
2578 4229 2700 4300 jam
2731 4245 2819 4286 me
2848 4245 2958 4286 non
2989 4230 3134 4285 videt
3165 4249 3178 4285 :
3215 4254 3238 4278 ιι
3267 4247 3362 4286 vos
3390 4234 3565 4298 enim,
3597 4233 3674 4288 in-

2075 4320 2218 4392 quit,
2254 4319 2357 4374 soli
2395 4319 2644 4374 videbitis
2685 4335 2792 4384 me,
2827 4319 2995 4374 etiam
3037 4328 3161 4389 post
3195 4322 3655 4378 resurrectionem

2080 4431 2108 4459 ι
2133 4409 2268 4466 Vivo
2292 4427 2318 4460 ι)
2341 4407 2510 4473 enim,
2532 4417 2585 4464 et
2603 4409 2852 4480 quamvis
2868 4417 3105 4464 mortem
3127 4407 3326 4478 feram,
3348 4425 3650 4481 resurgam:

2082 4521 2108 4548 ι
2157 4505 2214 4554 et
2258 4513 2356 4553 vos
2395 4514 2611 4570 quoque
2641 4498 2849 4565 vivetis,
2891 4521 2917 4548 an
2966 4497 3071 4553 hoc
3115 4507 3218 4562 est,
3250 4515 3376 4553 cum
3429 4499 3676 4556 videbitis

2081 4604 2192 4658 me,
2236 4587 2577 4656 lmtabimini,
2610 4595 2667 4643 et
2710 4587 2866 4660 quasi
2899 4587 3061 4644 occisi
3091 4587 3421 4643 reviviscetis
3457 4587 3511 4642 in
3549 4604 3675 4645 mea

2078 4676 2538 4734 manifestatione.
2587 4677 2687 4733 Vel
2735 4677 2903 4733 etiam
2949 4678 3030 4733 sic
3095 4693 3109 4729 :
3165 4677 3675 4746 Quemadmodum,

2078 4767 2278 4839 inquit,
2308 4783 2460 4822 mors
2491 4783 2610 4823 mea
2639 4765 2781 4822 facta
2827 4774 2912 4822 est
2955 4766 3024 4822 ad
3057 4767 3248 4833 vitam,
3295 4767 3366 4822 ita
3417 4767 3585 4823 etiam
3629 4768 3679 4823 si

2079 4873 2179 4914 vos
2218 4857 2560 4924 moriamini,
2593 4879 2618 4906 α
2652 4856 2866 4912 vivetis.
2903 4879 2929 4906 ιο
2960 4858 3038 4913 Ne
3065 4857 3233 4930 igitur
3263 4865 3438 4914 estote
3466 4859 3676 4925 tristes,

2082 4947 2165 5003 vel
2233 4955 2454 5019 pr0pter
2535 4962 2626 5002 me
2689 4946 2783 5019 qui
2835 4947 3069 5016 morior,
3138 4947 3220 5004 vel
3286 4954 3510 5018 propter
3568 4962 3677 5002 vos.

2084 5039 2227 5093 Nam
2297 5036 2424 5090 licet
2486 5035 2824 5104 moriamini,
2890 5035 3080 5092 vivetis
3135 5037 3192 5092 in
3271 5045 3542 5092 aaternam
3594 5035 3678 5089 vi-

2083 5134 2221 5184 tam.
2274 5125 2373 5181 Illa
2423 5126 2575 5182 enim
2625 5125 2711 5182 die
2771 5127 2954 5182 scietis
2993 5125 3141 5199 quod
3181 5149 3206 5174 ι
3260 5129 3379 5196 Ego
3414 5125 3470 5179 in
3520 5126 3681 5180 Patre

2085 5231 2232 5284 meo,
2275 5239 2300 5265 η
2335 5215 2441 5272 hoc
2469 5223 2572 5279 est,
2611 5216 2751 5272 Cum
2778 5232 3023 5288 surgam,
3054 5237 3080 5264 α
3107 5213 3288 5271 scietis
3320 5237 3345 5262 ιο
3391 5213 3539 5286 quod
3566 5227 3681 5268 non

2085 5307 2192 5364 sim
2229 5322 2257 5362 a
2289 5308 2447 5362 Patre
2473 5315 2775 5378 separatus,
2818 5307 2912 5362 sed
2953 5304 3205 5361 eamdem
3237 5303 3414 5359 habeo
3445 5309 3684 5374 potesta-

2086 5403 2214 5453 tem.
2248 5419 2272 5444 ‹‹
2309 5398 2380 5452 Et
2409 5412 2506 5452 vos
2531 5396 2591 5450 in
2620 5411 2709 5451 me
2730 5395 2883 5463 estis,
2916 5417 2942 5443 ι
2975 5409 3114 5466 quos
3137 5409 3239 5464 ego
3258 5392 3524 5449 custodio.
3562 5414 3588 5442 α
3615 5394 3686 5448 Et

2087 5502 2187 5559 ego
2211 5485 2266 5542 in
2291 5486 2464 5553 vobis,
2513 5508 2539 5536 ιι
2571 5486 2676 5541 hoc
2703 5493 2809 5554 est,
2841 5484 3126 5540 vobiscum
3151 5500 3300 5553 sum,
3329 5500 3425 5541 vos
3453 5485 3686 5556 eripiens

2088 5595 2154 5638 ex
2182 5577 2458 5652 periculis,
2486 5574 2754 5634 miracula
2791 5591 2888 5648 per
2929 5591 3029 5634 vos
3055 5591 3310 5648 operans,
3341 5575 3684 5650 gloriﬁcans-
