4128 6462
420 475 518 530 183

1439 471 1956 528 THEOPHYLACTI
1997 467 2356 524 BULGARIAS
2396 464 2704 522 ARCHIEP.

3624 459 3724 516 184

417 615 521 672 que
540 614 638 654 vos
653 613 749 670 per
765 598 964 653 omnia.
995 601 1064 653 Et
1087 599 1243 654 aliter
1269 615 1282 654 :
1306 619 1334 647 ιι
1356 600 1421 654 In
1441 599 1594 655 vobis
1620 615 1765 662 sum,
1789 622 1815 648 ι»
1839 607 1902 654 ut
1922 613 2015 654 ca-

2140 592 2358 663 Βοξάζων
2403 595 2542 669 ὑμᾶς
2590 591 2772 656 ἁπλῶς
2817 586 2904 646 διὰ
2951 584 3188 649 πάντων.
3250 584 3362 647 Καὶ
3409 585 3584 654 ἄλλως
3638 585 3728 644 δέ’

419 697 519 762 put
556 690 612 745 in
667 687 969 756 membris;
1015 689 1263 744 membra
1319 688 1472 744 enim
1514 689 1719 746 Christi
1759 690 1840 756 ⁵³,
1889 705 2022 761 apo-

419 778 545 835 stoli
591 799 603 834 :
651 796 678 830 (ι
723 785 776 832 et
806 793 901 832 vos
936 777 996 832 in
1042 793 1154 846 me,
1207 801 1233 826 ι
1265 779 1407 834 sicut
1437 779 1683 835 membra
1730 778 1785 834 in
1819 780 2017 850 capite.

421 866 661 937 Quando
683 882 812 937 ergo
836 868 1153 934 resurrexit,
1183 866 1535 924 manifestam
1561 869 1628 924 dc
1658 869 1746 924 his
1766 869 2022 925 omnibus

420 955 699 1013 scientiam
727 955 972 1010 tradidit.
1009 957 1196 1012 Gratia
1222 957 1369 1013 enim
1397 958 1632 1029 Spiritus
1673 967 1795 1030 post
1835 975 2018 1014 resur-

422 1045 726 1102 rectionem
770 1046 960 1102 omnia
989 1045 1075 1101 illa
1119 1046 1305 1102 docuit
1335 1063 1447 1102 eos.
1477 1049 1615 1103 Cum
1644 1056 1831 1103 autem
1865 1047 2023 1104 audis

423 1133 576 1208 quod
602 1150 634 1187 α
659 1137 775 1206 Ego
799 1135 851 1189 in
881 1137 1066 1203 Patre,
1095 1144 1150 1192 et
1173 1153 1266 1192 vos
1291 1137 1345 1191 in
1374 1153 1485 1202 me,
1513 1146 1566 1192 et
1589 1154 1689 1209 ego
1714 1139 1769 1192 in
1793 1138 1966 1206 vobis,
1994 1162 2019 1188 υ

425 1239 492 1280 ne
522 1223 772 1279 similiter
800 1223 1086 1295 intelligas.
1124 1228 1262 1280 Nam
1292 1226 1460 1282 Filius
1491 1227 1713 1298 quidem
1742 1228 1798 1282 in
1835 1231 2022 1296 Patre,

426 1322 490 1369 ut
515 1312 593 1368 illi
622 1311 1104 1370 consubstantialis
1132 1332 1144 1370 :
1173 1317 1227 1370 in
1255 1316 1517 1387 apostolis
1544 1325 1752 1384 autem,
1780 1325 1843 1372 ut
1871 1317 2023 1389 adju-

427 1410 515 1458 tor
542 1411 600 1458 et
636 1402 1027 1473 cooperarius;
1073 1411 1131 1458 et
1169 1405 1402 1474 apostoli
1436 1405 1492 1459 in
1527 1421 1614 1473 eo,
1659 1415 1719 1461 ut
1753 1407 1845 1478 qui
1874 1407 2025 1478 adju-

426 1497 645 1559 vantur,
668 1498 724 1545 et
742 1499 1161 1562 cooperatorem
1191 1492 1452 1549 habentes
1489 1494 1557 1548 ab
1588 1495 1708 1566 ipso
1729 1493 1980 1551 foventur
2007 1516 2019 1552 :

426 1579 551 1650 quia
587 1586 641 1634 et
667 1581 839 1635 multa
868 1581 970 1635 alia
1009 1582 1229 1637 nomina
1268 1581 1337 1638 de
1378 1586 1494 1639 Deo
1515 1592 1569 1638 et
1595 1584 1904 1641 hominibus
1943 1586 2026 1642 di-

427 1675 646 1737 cuntur,
678 1668 776 1724 sed
799 1684 911 1724 non
937 1669 1188 1725 similiter
1220 1671 1610 1743 intelliguntur.
1641 1673 1729 1727 Dii
1756 1675 1907 1729 enim
1943 1675 2023 1731 di-

425 1757 604 1813 cimur
638 1764 692 1812 et
726 1773 828 1813 nos
855 1757 919 1823 ‘3,
966 1758 1059 1814 sed
1091 1775 1201 1814 non
1257 1776 1322 1814 ex
1372 1777 1556 1833 aequo.
1615 1762 1828 1818 Dicitur
1859 1764 2025 1819 Filius

2139 706 2170 742 α
2213 683 2307 744 Ἐν
2341 685 2467 759 ὑμῖν
2502 684 2641 758 εἶμι,
2677 701 2706 737 υ
2741 682 2812 744 ὡς
2841 677 3048 758 κεφαλή
3093 678 3146 736 ἐν
3189 679 3297 743 τοῖς
3332 677 3518 753 μέλεσι
3551 674 3727 756 (μέλη

2131 773 2234 853 γὰρ
2256 776 2491 854 Χριστοῦ
2513 773 2560 830 οἱ
2591 769 2916 847 ἀπόστολοι)
2941 790 2956 805 ’
2999 789 3027 826 ι(
3058 765 3148 825 καὶ
3172 768 3322 843 ὗμεῖς
3348 767 3400 824 ἐν
3424 766 3562 843 ἐμοὶ,
3592 787 3621 823 ι)
3661 769 3733 833 ὡς

2133 848 2270 940 μέλη
2304 848 2354 922 έν
2523 860 2750 939 κεφαλῇ.
2795 855 2934 918 Ὅτε
2984 848 3074 914 οἷν
3131 858 3347 928 ἀνέστη,
3397 860 3520 914 τότε
3555 855 3733 923 αὐτοῖς

2132 951 2225 1022 τὴν
2259 951 2375 1029 περὶ
2413 950 2610 1009 τούτων
2645 947 2857 1007 πάντων
2901 949 3094 1025 γνῶσιν
3142 945 3464 1024 ἐτράνωσεν.
3502 942 3572 1003 Ἣ
3622 943 3729 1026 γὰρ

2131 1045 2224 1100 τοῦ
2283 1038 2598 1116 Πνεύματος
2652 1036 2810 1116 χάρις
2864 1034 2998 1112 μετὰ
3047 1033 3144 1106 τὴν
3193 1034 3508 1106 ἀνάστασιν,
3555 1033 3732 1092 πάντα

2136 1127 2319 1196 αὐτοὺς
2359 1127 2743 1197 ἓξεπαίδευσεν.
2787 1122 2964 1184 ’Ὅταν
3009 1123 3065 1182 δὲ
3109 1121 3334 1202 ἀκούῃς,
3384 1121 3466 1181 ὅτι
3503 1143 3531 1180 ι(
3582 1119 3732 1199 Ἐγὼ

2136 1220 2187 1277 ἐν
2227 1222 2300 1297 τῷ
2341 1216 2520 1296 Πατρὶ
2544 1265 2556 1285 ,
2607 1216 2699 1274 καὶ
2733 1217 2878 1289 ὑμεῖς
2920 1215 2972 1272 ἐν
3007 1212 3162 1287 ἐμοὶ,
3196 1212 3348 1291 κάγὼ
3397 1212 3450 1270 ἓν
3496 1211 3620 1285 ὑμῖν
3649 1259 3664 1284 ,
3695 1233 3726 1269 ι)

2137 1308 2210 1384 μὴ
2248 1307 2438 1384 δμοίως
2481 1313 2650 1364 ταῦτα
2691 1303 2819 1364 νόει.
2855 1301 2922 1360 Ὁ
2953 1303 3056 1382 γὰρ
3086 1303 3245 1374 Υἱὸς,
3275 1305 3326 1361 ἐν
3359 1297 3454 1379 μὲν
3505 1305 3581 1378 τῷ
3618 1305 3738 1362 Πα-

2136 1399 2221 1476 τρὶ
2247 1399 2317 1462 ὡς
2347 1394 2626 1471 δμοούσιος
2649 1417 2661 1430 ⁸
2694 1395 2746 1452 ἐν
2782 1391 2836 1451 δὲ
2867 1392 2974 1457 τοῖς
3006 1391 3354 1462 ἀποστόλοις,
3397 1393 3465 1457 ὡς
3511 1391 3732 1470 βοηθὸς,

2137 1485 2228 1545 καὶ
2252 1483 2524 1564 συνεργόςο
2563 1483 2656 1540 καὶ
2686 1484 2732 1540 οἱ
2770 1479 3066 1540 ἀπόστολοι
3097 1482 3151 1538 ἐν
3193 1481 3336 1559 αὐτῷ
3355 1523 3371 1552 ,
3403 1481 3473 1546 ὡς
3506 1479 3738 1559 βοηθού-

2140 1599 2309 1653 μενοι,
2343 1574 2432 1632 καὶ
2461 1571 2894 1652 συνεργούμενοι,
2937 1571 3027 1629 καὶ
3058 1567 3147 1628 ὕπ’
3173 1569 3332 1628 αὐτοῦ
3384 1569 3732 1646 θαλπόμενοι.

2137 1665 2294 1725 Ἐπεὶ
2323 1665 2414 1721 καὶ
2445 1661 2583 1720 ἄλλα
2627 1659 2802 1720 πολλὰ
2833 1659 3074 1738 λέγονται
3105 1658 3193 1717 ἐπὶ
3236 1659 3377 1718 Θεοῦ
3409 1658 3501 1718 καὶ
3535 1657 3737 1739 ἀνθρώ-

2137 1777 2251 1811 πων
2283 1752 2546 1830 ὀνόματα,
2583 1752 2702 1809 ἀλλ’
2734 1752 2832 1830 οὐχ
2861 1749 3055 1824 ὁμοίως
3084 1754 3343 1810 νοοῦνται.
3377 1747 3584 1808 Αὐτίκα
3629 1747 3735 1807 θεοὶ

425 1848 611 1917 imago
649 1855 702 1902 et
726 1847 896 1918 gloria
934 1849 1110 1904 Patris
1147 1847 1216 1917 5",
1243 1858 1298 1904 et
1322 1849 1492 1906 homo
1517 1867 1754 1923 quoque,
1787 1852 1882 1908 sed
1914 1871 2025 1910 non

2140 1842 2398 1920 λεγόμεθα
2446 1840 2537 1898 καὶ
2596 1844 2783 1914 ἡμεῖς,
2843 1840 2962 1896 ἀλλ’
3018 1842 3115 1896 οὐκ
3170 1835 3385 1908 ἐπίσηςο
3435 1836 3648 1929 λέγεται
3707 1839 3736 1894 6

424 1935 698 1992 similiter.
730 1937 810 1990 Ita
843 1934 959 1991 hinc
981 1953 1197 2008 quoque
1232 1938 1580 2010 intelligenda
1621 1949 1770 2007 sunt,
1807 1942 1947 1996 sicut
1975 1952 2029 1998 et

425 2022 551 2092 hoc,
581 2045 606 2071 α
631 2023 1116 2094 Quemadmodum
1146 2027 1301 2082 misit
1330 2044 1420 2083 me
1446 2030 1626 2095 Pater,
1653 2038 1708 2084 et
1737 2046 1836 2101 ego
1867 2033 2030 2088 mitto

426 2127 545 2180 vos,
589 2135 616 2161 »
661 2128 797 2168 num
834 2114 1007 2183 igitur
1033 2114 1112 2169 sic
1148 2115 1412 2172 debemus
1440 2118 1742 2189 intelligere
1773 2120 2031 2191 simplici-

429 2199 852 2254 terPMinime“.
867 2199 1018 2255 Misit
1029 2201 1248 2271 quidem
1268 2204 1644 2261 Filium'suum
1661 2209 1842 2274 Pater,
1864 2209 2028 2280 705

428 2286 520 2359 qui
567 2295 682 2342 erat
719 2288 1098 2358 incorporeus,
1129 2297 1185 2344 et
1225 2290 1424 2347 deinde
1466 2293 1780 2350 incarnatus
1826 2305 1928 2366 est,
1978 2307 2033 2353 et

428 2391 494 2431 ex
521 2375 728 2448 virgine
757 2384 914 2432 natus
940 2385 1049 2445 est;
1087 2379 1252 2450 igitur
1285 2387 1342 2434 et
1387 2382 1616 2452 apostoli
1653 2397 1718 2438 ex
1754 2385 1896 2440 coelo
1921 2386 2034 2442 nati

427 2472 674 2535 sunt,et
718 2465 1046 2538 incorporei,
1085 2477 1140 2524 et
1177 2468 1375 2525 deinde
1419 2471 1704 2539 incarnati,
1733 2489 1762 2528 e
1805 2474 2034 2548 virgini-

427 2553 638 2625 busque
665 2555 778 2611 nati
807 2560 973 2611 sunt?
999 2557 1106 2615 Sed
1141 2558 1218 2615 ita
1255 2575 1528 2632 exponere
1553 2561 1883 2636 Scripturas,
1915 2581 2034 2623 ma-

432 2643 635 2700 nifeste
665 2644 902 2702 delirare
937 2655 1036 2703 est.

503 2825 690 2879 Vsus.
718 2827 809 2888 21,
839 2830 928 2878 22.
963 2848 988 2873 α
1014 2826 1119 2894 Qui
1147 2824 1313 2882 habet
1331 2827 1587 2885 mandata
1607 2845 1751 2900 mea,
1773 2840 1831 2888 et
1854 2843 2036 2890 servat

431 2927 518 2979 ca,
549 2911 641 2966 ille
670 2919 752 2968 est
775 2914 865 2983 qui
892 2929 980 2968 me
1011 2914 1204 2987 diligit.
1245 2917 1353 2986 Qui
1376 2927 1560 2975 autem
1594 2919 1772 2987 diligit
1806 2938 1918 2990 me,
1951 2924 2034 2979 di-

434 3000 631 3071 ligetur
661 3015 691 3055 a
715 3003 902 3068 Patre,
937 3010 993 3057 et
1024 3019 1124 3075 ego
1163 3004 1380 3076 diligam
1407 3023 1556 3074 eum,
1590 3017 1645 3063 et
1676 3010 2033 3070 manifestabo

433 3089 480 3144 ei
509 3089 801 3159 meipsum.
825 3091 971 3146 Dicit
997 3092 1046 3148 ei
1081 3094 1276 3160 Judas,
1305 3111 1417 3149 non
1439 3096 1528 3152 ille
1553 3099 1838 3156 lscariotes
1875 3120 1888 3156 :
1925 3105 2037 3157 Do-

433 3178 602 3243 mine,
632 3179 768 3250 quid
798 3177 1010 3236 factum
1039 3190 1123 3236 est
1154 3183 1298 3252 quod
1324 3185 1766 3244 manifestaturus
1787 3205 1845 3244 es
1874 3192 2035 3247 nobis

434 3267 695 3338 teipsum,
745 3276 801 3323 et
830 3285 939 3324 non
972 3271 1218 3328 mundo?
1252 3296 1276 3321 ι›
1309 3274 1460 3329 Sicut
1515 3285 1572 3331 et
1599 3278 1850 3348 superius
1895 3279 2032 3335 dixi-

433 3369 580 3422 mus,
611 3356 793 3410 verbis
828 3355 1141 3428 hujusmodi
1173 3359 1450 3417 tristitiam
1477 3363 1695 3421 illorum
1726 3367 1902 3437 sedat,
1929 3368 2028 3424 do-

433 3459 564 3499 cens
599 3460 696 3499 cos
731 3445 881 3517 quod
922 3447 1012 3502 ille
1053 3448 1236 3519 diligat
1264 3451 1469 3521 ipsum,
1505 3469 1616 3508 non
1655 3455 1750 3526 qui
1789 3456 1937 3512 dolet
1974 3458 2032 3512 in

433 3540 617 3588 morte
656 3535 792 3605 ejus,
834 3536 983 3607 quod
1021 3547 1076 3591 et
1122 3538 1195 3592 illi
1220 3542 1590 3609 patiebantur,
1633 3545 1727 3600 sed
1750 3547 1840 3617 qui
1881 3563 2034 3602 man—

435 3620 560 3676 data
614 3621 730 3693 ejus
761 3632 816 3678 et
856 3635 1122 3696 praecepta
1159 3637 1341 3684 servat
1378 3629 1447 3684 de
1490 3634 1886 3690 contemnenda
1929 3635 2035 3691 vita

433 3719 724 3782 praasente,
756 3721 811 3768 ct
836 3715 1080 3783 ponenda
1120 3717 1302 3772 anima
1329 3735 1426 3790 pro
1463 3721 1678 3776 Christo
1715 3733 1768 3778 et
1802 3725 2032 3792 virtute;

435 3799 595 3871 quasi
628 3801 700 3856 ita
731 3800 916 3858 dicens
955 3804 1034 3859 eis
1072 3824 1084 3860 :
1117 3809 1227 3862 Vos
1266 3809 1489 3879 quidem
1521 3811 1722 3882 putatis
1745 3813 1896 3884 quod
1925 3829 2036 3885 pra:

433 3885 720 3945 dilectione
758 3889 988 3948 doleatis
1030 3893 1088 3948 in
1132 3905 1308 3950 morte
1353 3913 1476 3952 mea
1519 3913 1531 3950 :
1572 3915 1673 3969 ego
1703 3909 1889 3957 autem
1938 3917 2036 3972 pro

433 3975 715 4032 charitatis
735 3991 1061 4050 argumento
1097 3983 1271 4038 habeo
1294 4001 1407 4039 non
1441 3987 1640 4041 dolere.
1663 3988 1823 4056 Quod
1852 3997 2038 4044 autem

434 4064 541 4119 hoc
568 4065 732 4134 dicat,
781 4067 1138 4124 manifestum
1169 4081 1251 4125 est
1289 4089 1353 4127 ex
1385 4073 1466 4128 his
1497 4090 1618 4144 quin
1647 4084 1832 4146 postea
1859 4077 1994 4132 dicit
2022 4097 2036 4133 :

439 4175 466 4201 ιι
509 4153 564 4208 Si
587 4153 878 4224 diligeretis
911 4172 1022 4222 me,
1063 4159 1372 4227 gauderetis
1411 4163 1619 4234 utique,
1654 4165 1801 4234 quod
1836 4165 1909 4220 ad
1939 4168 2039 4223 Pa-

435 4248 581 4296 trem
627 4257 766 4296 eam.
800 4262 828 4292 »
872 4244 973 4310 Qui
1012 4262 1139 4316 ergo
1177 4247 1346 4320 diligit
1382 4265 1496 4317 me,
1561 4251 1727 4307 habet
1777 4254 2040 4311 mandata

434 4345 581 4395 mea,
612 4329 725 4385 imo
761 4347 874 4387 non
907 4333 1089 4389 solum
1132 4335 1318 4406 habet,
1359 4339 1456 4394 sed
1495 4347 1549 4395 et
1577 4341 1820 4398 custodit
1855 4359 1939 4410 ea,
1978 4352 2040 4400 ut

430 4435 502 4474 ne
535 4417 622 4474 fur
641 4418 890 4476 diabolus
910 4424 1130 4480 veniens
1149 4427 1327 4498 rapiat
1346 4428 1680 4486 thesaurum.
1717 4433 1868 4504 Opus
1889 4434 2039 4489 enim

433 4517 516 4564 est
544 4509 782 4581 diligenti
814 4512 1086 4580 custodia,
1114 4523 1174 4570 ut
1201 4532 1270 4571 ne
1295 4516 1591 4587 perdamus
1611 4536 1695 4576 ea.
1727 4523 1828 4590 Qui
1855 4531 2038 4580 autem

433 4596 608 4671 diligit
637 4615 747 4668 me,
777 4602 936 4671 quale
959 4603 1250 4673 praemium
1280 4605 1558 4663 inveniet?
1581 4632 1605 4656 α
1635 4609 1926 4681 Diligetur,
1953 4612 2036 4667 in-

434 4686 570 4758 quit,
588 4702 620 4742 a
642 4689 804 4745 Patre
830 4706 978 4756 meo,
996 4699 1051 4746 et
1062 4708 1162 4762 ego
1183 4693 1400 4766 diligam
1421 4713 1572 4766 eum,
1590 4705 1644 4753 et
1663 4698 2032 4756 manifestabo
2063 4682 2114 4745 D

433 4774 506 4830 illi
525 4777 936 4847 memetipsum.
957 4802 983 4827 ιι
1010 4781 1194 4849 Quare
1217 4783 1322 4838 hoc
1341 4783 1509 4840 dixit:
1533 4810 1557 4834 α
1575 4786 1937 4845 Manifestabo
1953 4790 2031 4845 illi

433 4863 863 4936 memetipsumP
926 4889 950 4917 »
1012 4871 1148 4940 Quia
1194 4881 1320 4941 post
1359 4876 1815 4932 resurrectionem
1852 4893 1912 4934 se
1955 4878 2033 4934 eis

433 4951 879 5010 manifestaturus
926 4966 1044 5013 erat
1084 4975 1214 5014 cum
1262 4960 1526 5018 diviniore
1570 4979 1822 5035 corpore,
1853 4973 1915 5021 ut
1961 4982 2031 5024 ne

432 5051 627 5116 putent
653 5044 833 5115 ipsum
856 5045 1108 5117 spiritum
1136 5057 1189 5104 et
1218 5049 1542 5121 phantasma
1576 5069 1714 5123 esse,
1743 5064 2034 5126 propterea

432 5132 677 5206 praedicit
704 5133 780 5190 eis
804 5133 930 5204 hoc,
980 5145 1042 5193 ut
1083 5138 1327 5196 videntes
1359 5157 1510 5211 eum,
1552 5158 1666 5199 non
1695 5142 2033 5215 discredant,

429 5223 528 5280 sed
554 5227 910 5281 recordentur
939 5227 1088 5299 quod
1141 5243 1203 5284 ea
1245 5229 1564 5302 prmdixerit
1597 5231 1748 5305 ipsis,
1799 5242 1855 5289 et
1883 5232 2035 5306 quod

430 5321 653 5384 propter
697 5317 1084 5373 mandatorum
1123 5333 1352 5376 suorum
1384 5319 1824 5378 observationem
1850 5324 2032 5378 mani-

430 5398 658 5457 festetur
693 5404 790 5472 eis,
839 5407 1203 5480 studeantque
1233 5425 1452 5481 semper
1485 5426 1703 5467 servare
1736 5412 1844 5478 illa,
1879 5421 1940 5468 ut
1977 5421 2031 5469 et

434 5488 543 5544 illis
568 5505 782 5562 semper
803 5493 1204 5552 manifestetur.
1235 5501 1499 5571 Magnum
1520 5501 1728 5556 etenim
1751 5517 2027 5558 resurrec-

433 5575 596 5633 tionis
635 5593 1062 5648 sacramentum,
1111 5587 1335 5644 difﬁcile
1385 5589 1455 5644 ab
1507 5589 1590 5646 eis
1639 5598 1954 5662 susceptum
2008 5611 2026 5648 :

2141 1933 2266 1996 Υἱὸς
2307 1929 2460 1988 εἰκὼν
2513 1929 2604 1988 καὶ
2635 1928 2758 1995 δόξα
2808 1934 2897 1985 τοῦ
2935 1926 3170 2008 ῌατρὸς,
3216 1927 3307 1984 καὶ
3338 1929 3366 1984 6
3418 1925 3732 2008 ἄνθρωπος,

2141 2023 2259 2079 ἀλλ’
2286 2022 2385 2099 οὐχ⁹
2430 2020 2641 2094 ὁμοίως.
2686 2016 2875 2083 Οὕτως
2927 2007 3016 2074 οὖν
3068 2017 3159 2074 καὶ
3210 2019 3381 2074 ταῦτα
3433 2016 3513 2075 δεῖ
3559 2024 3736 2089 νοεῖν,

2141 2107 2320 2188 ὥσπερ
2347 2108 2437 2167 καὶ
2467 2107 2545 2181 τὸ,
2585 2131 2613 2164 (ι
2645 2104 2833 2172 Καθὼς
2859 2105 3138 2166 ἀπέστειλέ
3163 2129 3230 2182 με
3261 2109 3289 2164 6
3325 2104 3540 2185 Πατὴρ,
3583 2104 3736 2184 κάγὼ

2139 2186 2339 2272 πέμπω
2387 2201 2542 2272 ὑμᾶς.
2593 2218 2624 2254 ι)
2683 2186 2818 2275 Ἆρα
2862 2197 2964 2276 γὰρ
3009 2194 3175 2262 οὕτως
3223 2194 3500 2276 ὀφείλομεν
3555 2197 3737 2264 ἅπλῶς

2141 2289 2312 2362 νοεῖν;
2364 2285 2595 2346 Οὔκουν.
2649 2283 2951 2344 Ἀπέστειλε
3005 2283 3099 2361 μὲν
3146 2287 3174 2342 6
3224 2282 3420 2363 Πατὴρ
3466 2283 3556 2343 16v
3606 2285 3736 2345 Υἱὸν

2143 2379 2302 2434 αὐτοῦ
2334 2374 2617 2450 ἀσώματον
2661 2374 2808 2447 ὄντα,
2841 2364 2955 2432 εἶτα
2983 2371 3348 2453 σαρκωθέντα,
3384 2376 3444 2433 ἐκ
3475 2371 3738 2453 παρθένου

2143 2463 2198 2522 δὲ
2249 2464 2583 2542 γεγέννηταιο
2641 2463 2732 2522 καὶ
2785 2465 2834 2522 οἳ
2897 2462 3184 2522 ἀπόστολοι
3232 2452 3322 2519 οῦν
3379 2461 3433 2532 ἐξ
3481 2464 3738 2542 οὐρανοῦ,

2142 2553 2234 2614 καὶ
2267 2555 2576 2631 ἀσώματοι,
2621 2544 2736 2612 εἶτα
2784 2550 3178 2629 σαρκωθέντες,
3233 2551 3324 2610 καὶ
3361 2553 3422 2610 ἐκ
3471 2551 3738 2632 παρθένου

2142 2643 2404 2721 γεννηθεὶς
2467 2641 2723 2716 ἕκαστοςς
2786 2640 2949 2700 Ἀλλὰ
3007 2643 3167 2724 λῆρος
3227 2637 3400 2721 σαφὴς
3454 2639 3518 2700 16
3570 2640 3735 2710 οὕτως

2143 2731 2498 2809 ἐκλαμϐάνειν
2534 2731 2600 2790 τὰ
2625 2735 2716 2802 τῆς
2749 2733 2989 2811 Γραφῆς.

2233 2842 2263 2878 (ῐ
2306 2819 2380 2878 (Ο
2429 2819 2566 2899 ἔχων
2613 2820 2710 2886 τὰς
2758 2819 2970 2885 ἐντολάς
3011 2840 3133 2896 μου,
3185 2818 3276 2878 καὶ
3327 2821 3502 2899 τηρῶν
3549 2819 3739 2898 αὐτὰς,

2145 2909 2336 2977 ἐκεῖνός
2383 2912 2524 2968 ἐστιν
2561 2913 2588 2967 6
2620 2911 2840 2988 ἀγαπῶν
2888 2933 2974 2985 με.
3016 2907 3085 2968 εΟ
3135 2909 3188 2966 δὲ
3224 2911 3446 2988 ἀγαπῶν
3477 2931 3543 2987 με
3595 2911 3742 2987 ἀγα-

2143 2999 2446 3070 πηθήσεται
2483 3000 2584 3058 ὕπὸ
2611 3004 2704 3057 τοῦ
2755 2999 2966 3078 Πατρός
3009 3022 3144 3073 μου,
3193 3000 3285 3055 καὶ
3327 2997 3433 3076 ἐγὼ
3470 2998 3742 3078 ἀγαπήσω

2145 3088 2326 3165 αὐτὸν,
2394 3088 2482 3146 καὶ
2532 3087 2810 3167 ἐμφανίσω
2867 3090 3012 3167 αὐτῷ
3061 3087 3312 3161 ἐμαυτόν.
3366 3085 3528 3167 Λέγει
3591 3090 3742 3170 αὖτῷ

2142 3177 2373 3248 Ἰούδας,
2413 3179 2512 3256 οὐχ
2555 3180 2583 3235 6
2624 3175 3004 3256 Ἰσκαριώτηςο
3041 3175 3240 3254 Κύριε,
3266 3177 3358 3235 καὶ
3403 3177 3454 3235 τί
3486 3176 3738 3256 γέγονεν,

2144 3267 2225 3324 ὅτι
2278 3272 2409 3342 ἡμῖν
2470 3264 2680 3341 μέλλεις
2719 3265 3024 3344 ἐμφανίζειν
3069 3263 3310 3337 σεαυτὸν,
3365 3265 3458 3324 καὶ
3500 3268 3620 3346 οὐχὶ
3662 3269 3746 3347 τῷ

2144 3354 2365 3435 κόσμῳ;
2422 3354 2581 3415 Καθὰ
2639 3355 2702 3426 δὴ
2751 3356 2842 3414 καὶ
2888 3353 3134 3433 ἀνωτέρω
3190 3354 3444 3432 εἴπομεν,
3499 3356 3586 3414 διὰ
3632 3359 3745 3414 τῶν

2135 3445 2388 3503 τοιούτων
2445 3443 2697 3525 ῥημάτων
2743 3443 2840 3515 τὴν
2891 3443 3119 3520 ἀθυμίαν
3173 3446 3346 3502 αὐτῶν
3393 3444 3746 3522 ἀναστέλλει,

2138 3533 2404 3592 διδάσκων
2436 3531 2643 3602 αὐτοὺς,
2677 3532 2757 3592 ὅτι
2788 3537 2983 3599 ἐκεῖνος
3015 3535 3202 3613 ἀγαπᾷ
3242 3532 3430 3606 αὐτὸν,
3469 3537 3570 3614 οὐχ
3597 3537 3625 3592 6
3651 3534 3745 3593 ἐπὶ

2139 3627 2216 3701 τῷ
2263 3623 2473 3701 θανάτῳ
2517 3624 2680 3681 αὐτοῦ
2713 3625 2970 3699 ἀθυμῶν,
3023 3621 3051 3680 δ
3097 3621 3188 3679 καὶ
3220 3622 3372 3681 αὐτοὶ
3413 3621 3744 3703 πάσχουσιν,

2143 3713 2262 3770 ἀλλ’
2304 3710 2450 3777 δτὰς
2499 3709 2713 3778 ἐντολὰς
2762 3713 2924 3770 αὐτοῦ
2971 3709 3062 3770 καὶ
3106 3709 3199 3777 τὰς
3241 3714 3603 3791 παραγγελίας
3647 3735 3750 3785 τηο

2145 3805 2268 3879 ρῶν,
2317 3800 2410 3866 τὰς
2457 3799 2578 3877 περὶ
2621 3805 2710 3858 τοῦ
2774 3800 2848 3876 μὴ
2901 3803 3284 3858 ἀντιποιεῖσθαι
3330 3806 3422 3871 τῆς
3467 3801 3750 3881 παρούσης

2144 3894 2303 3967 ζωῆς,
2336 3888 2476 3947 ἀλλὰ
2509 3888 2606 3961 τὴν
2640 3891 2816 3969 ψυχὴν
2850 3887 2983 3968 ὑπὲρ
3026 3894 3115 3946 τοῦ
3147 3893 3288 3950 Θεοῦ
3328 3889 3418 3948 καὶ
3447 3895 3537 3948 τοῦ
3574 3893 3746 3949 καλοῦ

2142 3979 2375 4038 τιθέναιο
2433 3978 2713 4057 μονονουχὶ
2743 3982 2903 4038 10510
2949 3976 3126 4055 λέγων
3157 3979 3367 4045 αὐτοῖς·
3417 3977 3602 4055 Ὑμεῖς
3644 3977 3748 4057 μὲν

2143 4067 2416 4145 νομίζετε,
2470 4066 2550 4125 811
2602 4067 2654 4135 ἐξ
2713 4067 2928 4146 ἀγάπης
2989 4069 3241 4127 λυπεῖσθε
3291 4068 3380 4127 ἐπὶ
3413 4071 3488 4150 τῷ
3532 4069 3749 4149 θανάτῳ

2147 4179 2265 4235 μου·
2297 4155 2401 4235 ἐγὼ
2431 4155 2484 4214 δὲ
2518 4154 2577 4214 τὸ
2611 4155 2684 4233 μὴ
2710 4158 2988 4215 λυπεῖσθαι
3008 4200 3025 4228 ,
3062 4159 3264 4233 μᾶλλον
3296 4159 3580 4236 τεκμήριον
3611 4159 3747 4236 ἀγά-

2143 4269 2251 4317 πης
2278 4250 2548 4322 ποιοῦμαι.
2575 4241 2707 4304 c'011
2731 4246 2785 4303 δὲ
2816 4252 2967 4304 τοῦτο
3005 4246 3179 4324 λέγει,
3224 4248 3384 4318 δῆλον
3422 4247 3476 4315 ἐξ
3500 4238 3575 4306 ὧν
3602 4246 3746 4325 μετὰ

2146 4335 2320 4394 πολλά
2354 4358 2535 4415 φησιν.
2573 4361 2598 4387 σι
2629 4335 2696 4394 Εἰ
2727 4333 2972 4412 ἀγαπᾶτέ
3000 4357 3065 4412 με
3088 4383 3100 4406 ,
3139 4337 3371 4415 ἐχάρητε
3393 4336 3477 4412 ἂν,
3509 4335 3588 4395 ὅτι
3613 4334 3749 4417 πρὸς

2144 4423 2235 4482 16v
2286 4424 2505 4504 Πατέρα
2542 4446 2641 4498 μου
2670 4423 2986 4504 πορεύομαι.
3025 4451 3049 4477 ιι
3081 4423 3150 4485 Ὁ
3177 4426 3348 4485 τοίνυν
3394 4428 3618 4506 ἀγαπῶν
3644 4448 3746 4503 με,

2119 4515 2258 4593 ,ἔχει
2309 4512 2403 4580 τὰς
2446 4513 2659 4580 ἐντολάς
2691 4536 2823 4587 μου,
2859 4513 2949 4572 καὶ
2980 4516 3039 4572 οὗ
3073 4514 3229 4590 μόνον
3271 4515 3385 4596 ἔχει
3407 4560 3426 4591 ,
3479 4514 3616 4575 ἀλλὰ
3648 4519 3747 4574 καὶ

2149 4603 2402 4680 φυλάττει
2451 4601 2647 4672 αὐτὰς,
2702 4601 2790 4661 ἵνα
2846 4601 2922 4680 μὴ
2965 4601 3128 4662 ἐλθὼν
3155 4606 3183 4662 6
3223 4604 3455 4677 κλέπτης
3501 4604 3748 4673 διάϐολος

2146 4692 2354 4772 συλήσῃ
2387 4690 2476 4751 τὸν
2519 4690 2798 4771 θησαυρόν·
2849 4696 3091 4772 φυλακῆς
3119 4691 3222 4770 γὰρ
3257 4693 3511 4773 ἀκριϐοῦς
3547 4693 3744 4774 χρεία,

2142 4780 2230 4840 ⁴ἵνα
2261 4781 2334 4857 μὴ
2376 4779 2722 4856 ἀπολέσωμεν
2752 4780 2964 4848 ταύτας.
3003 4780 3073 4842 Ὁ
3103 4783 3156 4840 δὲ
3188 4784 3410 4860 ἀγαπῶν
3453 4807 3520 4862 με
3542 4830 3559 4862 ,
3590 4790 3744 4843 ποῖον

2143 4870 2369 4930 ἔπαθλον
2422 4869 2680 4950 εὑρίσκει;
2725 4896 2748 4923 σι
2797 4869 3259 4949 Ἀγαπηθήσεται,
3291 4871 3455 4953 φησὶ,
3503 4870 3606 4931 6116
3646 4877 3746 4932 105

2143 4958 2361 5038 Πατρός
2387 4982 2518 5038 μου,
2544 4961 2636 5018 καὶ
2668 4957 2774 5037 ἐγὼ
2809 4960 3076 5038 ἀγαπήσω
3107 4960 3268 5019 αὐτὸν
3287 5005 3303 5038 ,
3336 4962 3429 5020 καὶ
3462 4961 3746 5043 ἐμφανίσω

2143 5050 2289 5128 αὐτῷ
2330 5047 2580 5126 ἐμαυτόν.
2631 5076 2656 5100 ιο
2701 5047 2860 5115 Τίνος
2909 5050 2964 5107 δὲ
3009 5048 3184 5108 ἕνεκεν
3234 5055 3388 5110 τοῦτο
3439 5042 3596 5128 εἶπε,
3641 5050 3740 5124 16,

2143 5165 2167 5191 α
2221 5136 2540 5217 Ἐμφανίσω
2595 5140 2738 5218 αὐτῷ
2795 5138 3059 5214 ἐμαυτόνς
3110 5163 3134 5190 ι
3167 5138 3393 5212 Ἐπειδὴ
3449 5138 3590 5216 μετὰ
3641 5138 3741 5212 τὴν

2146 5225 2433 5286 ἀνάστασιν
2475 5225 2698 5302 ἔμελλεν
2744 5229 2919 5294 αὐτοῖς
2974 5227 3342 5308 ἐπιφαίνεσθαι
3374 5228 3512 5305 μετὰ
3565 5234 3743 5290 θεοει-

2141 5316 2388 5395 δεστέρου
2451 5321 2540 5375 τοῦ
2599 5315 2883 5393 σώματος,
2918 5315 3034 5396 ,ἵνα
3094 5317 3171 5396 μή
3232 5318 3520 5396 νομίσωσιν
3579 5318 3742 5378 αὐτὸν

2139 5410 2351 5483 πνεῦμα
2405 5405 2497 5464 καὶ
2551 5405 2840 5486 φάντασμα
2891 5395 3059 5484 εἶναι,
3128 5406 3218 5468 διὰ
3280 5413 3438 5466 τοῦτο
3493 5406 3740 5488 προλέγει

2137 5499 2292 5554 τοῦτο
2323 5497 2529 5568 αὐτοῖς,
2570 5493 2658 5552 ἵνα
2700 5497 2819 5554 τότε
2861 5495 2937 5572 μὴ
2969 5497 3266 5555 ἀπιστῶσιν
3298 5500 3522 5577 ὁρῶντες
3545 5497 3736 5571 αὐτὸν,

2137 5585 2253 5644 ἀλλ’
2287 5584 2796 5663 ἀναμιμνήσκωνται
2813 5630 2831 5666 ,
2861 5583 2942 5644 ὅτι
2969 5589 3142 5646 ταῦτα
3165 5588 3340 5654 αὐτοῖς
3369 5593 3617 5668 προεῖπε,
3642 5585 3735 5646 καὶ

504 5726 549 5762 ⁸²
585 5730 608 5785 1
635 5731 764 5789 Cor.
797 5739 999 5803 vr,15.
1032 5734 1080 5773 ⁵³
1103 5739 1308 5794 Pascal.
1332 5755 1523 5810 Lxxx,
1549 5747 1605 5800 6.
1632 5740 1680 5780 5‘
1703 5744 1725 5798 1
1750 5743 1876 5801 Cor.
1911 5757 1982 5812 II,
2010 5749 2032 5800 7

2158 5745 2323 5802 Joan.
2345 5760 2403 5813 x,
2424 5749 2515 5802 36.
