4128 6444
359 498 467 552 185

1183 491 1578 550 ENARRATIO
1617 493 1684 549 IN
1726 487 2158 547 EVANGELIUM
2194 486 2496 544 JOANNIS.
2535 516 2608 530 —
2645 487 2796 544 CAP.
2839 489 2970 544 XlV.

3624 493 3726 548 186

343 624 448 682 ’ὅτι
505 620 603 680 διᾶ
660 620 729 680 τὸ
762 620 864 689 τὰς
909 619 1128 688 ἐντολὰς
1172 620 1331 678 αὖτοῧ
1391 622 1601 698 τηρεῖν,
1658 616 1996 700 ἐπιφαίνεται

2118 612 2323 670 idcirco
2355 620 2630 685 praeparat
2650 627 2743 669 eos
2761 611 2948 668 dicens
2963 611 3118 686 quod
3147 612 3605 672 manifestaturus
3639 617 3716 673 sit

380 711 593 777 αὐτοῖς’
633 710 739 770 xui
782 711 852 782 δὴ
901 710 1246 770 σπουδάσωσι
1295 709 1524 769 πάντοτε
1569 712 1749 788 τηρεῖν
1781 706 2011 777 ταύτας,

384 803 468 860 ἵνα
497 801 594 861 xui
621 800 714 860 ἀεὶ
750 802 936 868 αὐτοῖς
981 799 1331 880 ἐπιφαίνοιτο.
1382 797 1545 878 Μέγα
1591 799 1695 878 γὰρ
1731 795 1788 856 ὂν
1826 797 1886 856 τὸ
1917 801 2014 866 τῆς

399 892 750 958 ἀναστάσεως
834 889 1164 970 μυστήριον,
1223 889 1489 955 δυσκόλως
1562 887 1625 945 ἂν
1686 889 1780 946 ὑπ’
1841 887 2012 944 αὐτῶν

401 981 732 1060 παρεδέχθη.
793 979 900 1040 Διὰ
948 985 1104 1039 τοῦτο
1154 979 1500 1058 προομαλίζει
1551 978 1604 1035 ἐν
1659 981 1735 1056 τῷ
1793 975 2009 1054 λέγειν,

402 1070 481 1128 ὅτι
512 1072 689 1147 ἐμφαν
707 1071 812 1128 ίσει
845 1070 1026 1137 αὐτοῖς
1066 1067 1270 1129 ἑαυτόν.
1308 1067 1467 1128 Ἐπεὶ
1509 1066 1598 1126 καὶ
1632 1065 1897 1137 ἀναστὰς,
1925 1063 2012 1123 διὰ

407 1165 557 1218 τοῦτο
595 1158 830 1237 ἔφαγεν,
876 1159 966 1216 ἵνα
997 1157 1072 1233 μὴ
1126 1155 1342 1225 δόξωσιν
1407 1157 1563 1215 αὐτὸν
1617 1157 1927 1238 φάντασμαο
1984 1153 2012 1214 ὃ

410 1248 503 1305 καὶ
530 1253 614 1305 νῦν
642 1252 672 1306 6
703 1247 912 1316 Ἰούδας
951 1238 1101 1313 οὗτος
1134 1245 1347 1308 ἔπαθεν.
1387 1245 1640 1321 Ἐνόμισε
1668 1245 1768 1323 γὰρ
1796 1249 1823 1304 6
1854 1242 2009 1303 Ἰού-

410 1340 502 1404 δας
547 1341 574 1395 6
617 1341 706 1397 νῦν
749 1336 1247 1416 μνημονευόμενος,
1295 1333 1376 1394 ὅτι
1407 1333 1591 1417 ὥσπερ
1637 1333 1753 1402 τοὺς
1805 1331 2014 1414 νεκροὺς

401 1429 612 1506 ὁρῶμεν
664 1427 818 1506 ὄναρ,
863 1426 1003 1486 οὕτω
1056 1426 1150 1484 xui
1192 1423 1345 1492 αὐτὸς
1398 1428 1574 1492 αὐτοῖς
1615 1422 2011 1506 ἐμφανισθήσε-

399 1538 513 1573 ται·
550 1517 632 1577 διὸ
663 1517 758 1575 καί
784 1533 937 1594 φησιο
965 1543 990 1569 ι
1025 1515 1219 1595 Κύριε,
1251 1513 1303 1572 τί
1333 1513 1578 1592 γέγονεν,
1601 1513 1682 1573 ὅτι
1709 1517 1840 1588 ἡμῖν
1874 1511 2008 1590 μέλ-

398 1607 511 1672 λεις
565 1607 872 1686 ἐμφανίζειν
902 1605 1126 1664 σεαυτὸν
1153 1648 1170 1677 ,
1215 1603 1306 1662 xui
1336 1603 1458 1682 οὐχὶ
1494 1605 1571 1683 τῷ
1603 1602 1818 1683 κόσμῳ;
1855 1630 1877 1655 ι
1911 1601 2012 1662 Ἐκ

399 1697 606 1754 πολλοῦ
659 1697 763 1776 γὰρ
805 1694 1044 1772 θάμϐους
1094 1693 1189 1752 xui
1236 1692 1543 1763 ἐκπλήξεως
1604 1691 1765 1752 τοῦτό
1819 1714 2013 1773 φησιν,

398 1783 589 1862 ὥσπερ
624 1783 690 1842 ἃν
722 1787 768 1843 εἷ
799 1784 994 1862 ἔλεγεν·
1045 1783 1191 1844 Οὖαὶ
1219 1788 1348 1858 ἡμῖν
1379 1783 1458 1841 ὅτι
1494 1781 1870 1853 ἀποθνήσκεις,
1918 1779 2009 1839 xui

399 1871 593 1952 ὥσπερ
623 1877 671 1932 οἱ
702 1873 1136 1946 τετελευτηκότες
1157 1915 1173 1944 ,
1211 1871 1420 1949 μέλλεις
1451 1876 1584 1946 ἡμῖν
1627 1871 2007 1951 ἐμφανίζεσθαι

399 1963 576 2042 ὄναρί
627 1965 710 2023 Τὸ
757 1964 898 2043 γὰρ,
950 1991 973 2016 ι
1027 1965 1100 2023 Τί
1147 1961 1386 2041 γέγονεν;
1432 1991 1456 2015 ι

2122 718 2180 759 se
2209 703 2288 758 eis
2317 723 2335 758 :
2359 703 2484 774 quia
2507 710 2708 758 etcum
2738 703 3153 770 resurrexisset,
3179 711 3466 776 propterea
3485 705 3728 762 comedit

2122 808 2248 848 cum
2278 791 2376 858 eis,
2409 801 2470 848 ut
2497 807 2568 848 ne
2612 792 2888 848 videretur
2919 793 2996 849 eis
3028 793 3350 864 phantasma
3375 793 3446 849 ⁵⁸.
3486 794 3550 850 ld
3577 794 3722 866 quod

2119 889 2176 937 et
2203 880 2366 938 Iuda:
2390 897 2534 937 nunc
2559 881 2782 938 accidit.
2811 881 3158 953 Opinahatur
3184 883 3330 938 enim
3362 887 3388 937 J
3400 883 3534 938 udas
3570 883 3728 955 cujus

2121 988 2266 1028 nunc
2285 971 2625 1028 mentionem
2647 971 2797 1035 facit,
2823 971 2970 1043 quod
2992 972 3135 1027 sicut
3159 973 3213 1027 in
3232 973 3452 1028 somnio
3473 973 3727 1030 videmus

2121 1069 2392 1127 mortuos,
2429 1061 2504 1117 ita
2535 1069 2588 1116 et
2619 1062 2894 1117 Dominus
2933 1061 3012 1117 eis
3050 1059 3485 1118 manifestandus
3531 1069 3677 1118 esset
3708 1079 3722 1118 :

2119 1150 2240 1207 ideo
2270 1159 2323 1207 et
2349 1151 2483 1206 dicit
2516 1169 2528 1207 :
2565 1175 2589 1202 ι
2625 1153 2887 1219 Domine,
2923 1151 3056 1223 quid
3087 1149 3292 1206 factum
3323 1159 3404 1207 est
3432 1150 3583 1223 quod
3619 1167 3723 1207 no-

2119 1240 2205 1296 bis
2233 1241 2474 1311 teipsum
2520 1239 2981 1296 manifestaturus
3025 1255 3105 1308 es,
3136 1248 3192 1296 et
3243 1256 3354 1296 non
3402 1239 3656 1299 mundo?
3694 1263 3720 1290 ι

2121 1333 2239 1386 Prae
2276 1330 2453 1385 multa
2485 1329 2634 1385 enim
2665 1329 3034 1386 admiratione
3080 1337 3136 1386 et
3163 1337 3390 1400 stupore
3434 1329 3544 1388 hoc
3571 1329 3725 1387 dice-

2121 1419 2234 1487 bat,
2279 1419 2422 1475 sicut
2453 1419 2498 1475 si
2530 1418 2757 1476 dixisset
2791 1439 2804 1476 :
2838 1421 2936 1476 Vae
2983 1419 3144 1475 nobis
3183 1419 3332 1492 quod
3374 1419 3635 1487 moreris,
3670 1428 3728 1477 et

2119 1508 2267 1580 quod
2290 1509 2431 1564 sicut
2456 1517 2710 1564 mortuus
2739 1507 3180 1565 manifestandus
3209 1525 3267 1564 es
3295 1507 3457 1565 nobis
3486 1508 3540 1564 in
3570 1525 3721 1565 som-

2121 1598 2242 1654 niis.
2295 1600 2434 1654 Nam
2462 1598 2612 1670 quod
2641 1597 2777 1654 dicit
2809 1616 2823 1654 :
2861 1620 2886 1647 ι
2917 1597 3065 1670 Quid
3095 1596 3300 1654 factum
3331 1607 3436 1666 cst,
3485 1621 3512 1646 ι
3540 1597 3702 1654 obstu

2122 1696 2378 1759 pescente
2402 1695 2456 1743 et
2478 1687 2709 1743 attonita
2737 1697 2919 1743 mente
2947 1687 3188 1743 dicebat.
3235 1687 3382 1756 Quid
3415 1687 3579 1760 igitur
3608 1691 3726 1743 Do-

2119 1777 2337 1832 minus?
2367 1775 2650 1849 quomodo
2678 1794 2708 1834 a
2741 1784 2926 1833 mente
2968 1777 3338 1848 suspicionem
3377 1777 3495 1848 ejus
3533 1784 3595 1833 ut
3624 1776 3723 1833 fal-

2126 1866 2298 1922 lacem
2328 1865 2561 1923 refellit?

1497 1945 1862 2034 ἐκπληκτικῶς
1915 1959 2009 2018 xui
2049 1956 2442 2038 τεθαμϐημένῳ
2491 1957 2735 2036 λογισμῷ
2788 1945 2928 2017 εἶπε.
2988 1957 3060 2016 Τί
3113 1945 3202 2015 οὖν
3247 1957 3275 2014 6
3332 1954 3523 2036 Κύριος
3591 1955 3722 2036 πρὸς

400 2057 611 2126 «Usu;
669 2056 795 2119 Πῶς
845 2055 1006 2112 αὐτοῦ
1051 2053 1148 2124 τὴν
1186 2051 1432 2110 ὑπόνοιαν
1483 2051 1686 2121 ταύτην
1737 2055 1808 2118 ὡς
1846 2047 2166 2130 ψευδῆλύει;

488 2163 518 2196 ι
559 2141 839 2223 Ἀπεκρίθη
895 2142 1141 2217 Ἰησοῦς,
1199 2142 1288 2200 καὶ
1325 2132 1470 2201 εἶπεν
1526 2140 1690 2221 αὐτῷ.
1752 2141 1882 2199 Ἐάν
1929 2163 2004 2206 τις

2193 2155 2371 2210 Vens.
2420 2157 2510 2220 23,
2552 2156 2641 2208 24.
2675 2172 2701 2204 ‹‹
2733 2151 3041 2224 Respondit
3069 2157 3252 2221 Jesus,
3285 2161 3340 2208 et
3383 2151 3524 2208 dixit
3551 2153 3624 2220 ei,
3663 2154 3722 2210 Si

403 2233 595 2311 ἀγαπᾷ
627 2255 694 2309 με
716 2276 732 2304 ,
765 2231 854 2290 τὸν
877 2232 1033 2311 λόγον
1064 2254 1166 2308 μου
1193 2230 1447 2309 τηρήσει,
1481 2229 1572 2289 xui
1600 2233 1628 2288 6
1659 2227 1851 2308 Πατήρ
1885 2251 1990 2306 μου

401 2320 676 2396 ἀγαπήσει
732 2321 907 2381 αὐτόν’
953 2320 1047 2380 xui
1097 2319 1228 2401 πρὸς
1281 2319 1438 2379 αὐτὸν
1495 2318 1853 2396 ἐλευσόμεθα,
1914 2317 2006 2376 xui

399 2409 570 2484 μονὴν
595 2409 723 2489 παρ’
751 2412 898 2491 αὖτῷ
925 2409 1238 2487 ποιήσομεν.
1273 2408 1344 2469 ⁸0
1374 2408 1450 2484 μὴ
1482 2410 1705 2484 ἀγαπῶν
1743 2430 1832 2484 με,
1885 2405 2006 2474 τοὺς

398 2499 586 2575 λόγους
615 2523 718 2574 μου
763 2501 823 2560 οὔ
865 2508 1038 2580 τηρεῖ.
1097 2501 1204 2560 Καὶ
1254 2503 1282 2558 6
1319 2498 1472 2576 λόγος
1514 2497 1573 2556 ὃν
1623 2496 1877 2570 ἀκούετε,
1909 2498 2006 2556 οὐκ

397 2587 546 2647 ἔστιν
601 2590 760 2665 ἐμὸς,
821 2588 962 2648 ἀλλὰ
1009 2595 1103 2648 τοῦ⁹
1151 2586 1457 2669 πέμψαντός
1492 2609 1557 2663 με
1608 2585 1837 2666 Πατρός.
1879 2612 1903 2640 ιο
1933 2585 2004 2646 ⁸0

397 2676 496 2752 μὲν
530 2677 737 2745 Ἰούδας
786 2677 892 2736 ἀπὸ
943 2680 1150 2750 πολλῆς
1198 2677 1396 2746 δειλίας
1443 2675 1680 2752 ἐνόμιζεν
1704 2721 1721 2750 ,
1753 2676 1835 2734 ὅτι
1867 2678 2003 2734 ἀπο-

396 2765 570 2825 θανὼν
602 2771 631 2826 6
673 2765 904 2847 Κύριος,
947 2765 1079 2847 ὄναρ
1111 2767 1391 2849 ἐμφανίσει
1435 2767 1623 2825 ἑαυτὸν
1655 2766 1855 2833 αὐτοῖς’
1883 2765 2003 2825 ὅθεν

394 2855 489 2914 xui
521 2858 730 2936 ἐρωτᾷ,
773 2857 1019 2936 καθάπερ
1067 2859 1293 2937 εἴρηται.
1331 2859 1399 2917 ιΟ
1429 2855 1482 2914 δὲ
1529 2854 1726 2935 Κύριος
1774 2853 2003 2913 διαλύων

395 2947 558 3004 αὐτοῦ
584 2945 682 3015 τὴν
712 2947 961 3006 ὑπόνοιαν
980 2994 996 3023 ,
1021 2947 1182 3030 φησὶν
1203 2991 1219 3018 ,
1255 2945 1338 3005 ὅτι
1365 2942 1590 3026 Ὥσπερ
1622 2947 1650 3001 6
1685 2942 1873 3024 Πατὴρ
1905 2947 2004 3017 ἔμ-

396 3034 602 3114 φανίζει
632 3034 852 3110 ἑαυτὸν,
902 3035 1042 3095 οὕτω
1073 3035 1220 3113 κάγὼ
1265 3035 1539 3118 ἐμφανίσω
1582 3037 1709 3109 ὑμῖν
1753 3033 2001 3110 ἐμαυτόν.

399 3151 424 3178 ι
454 3124 602 3202 Ἐγὼ
630 3126 761 3202 γὰρ,
811 3125 977 3205 φησὶ,
1028 3125 1120 3185 xui
1167 3128 1194 3183 6
1220 3125 1417 3204 Πατὴρ
1466 3123 1788 3197 ἐλευσόμεθα
1824 3149 1848 3175 ν
1877 3123 2004 3201 πρὸς

395 3212 484 3273 τὸν
517 3214 866 3293 ψυλάσσοντα
914 3213 1036 3283 τοὺς
1078 3214 1264 3293 λόγους
1321 3237 1443 3292 μου.
1502 3213 1584 3272 Οὐ
1641 3215 1757 3272 καθ’
1810 3210 2006 3278 ὕπνους

393 3302 1075 3381 ἐμαανισθήσομαᾙῦμῖν,
1140 3305 1259 3362 ἀλλ’
1300 3304 1416 3364 ἐπεὶ
1461 3302 1598 3378 μετὰ
1648 3306 1746 3360 τοῦ
1795 3302 2004 3382 ΙΙατρὸς

395 3393 578 3469 μέλλω
603 3394 795 3467 ἐλθεῖν,
819 3396 891 3460 ὥς
922 3394 1059 3459 εἰκός
1089 3395 1202 3452 ἐστι
1231 3391 1320 3452 τὸν
1344 3391 1569 3472 Πατέρα
1605 3391 2000 3473 ἐμφανίζεσθαι,

398 3480 539 3538 οὕτω
564 3482 849 3559 γενήσεται
890 3483 982 3542 xui
1013 3487 1048 3554 ἡ
1089 3482 1192 3560 ἐμὴ
1231 3483 1362 3564 πρὸς
1405 3485 1544 3558 ὑμᾶς
1575 3479 1851 3561 ἐμφάνεια.
1895 3481 2001 3540 Καὶ

2121 2243 2243 2314 quis
2275 2242 2452 2315 diligit
2475 2258 2588 2311 me,
2618 2258 2936 2299 sermonem
2965 2243 3136 2314 706
3166 2258 3354 2299 meum
3385 2242 3641 2311 servabit,
3673 2251 3729 2300 et

2116 2335 2280 2389 Pater
2311 2349 2468 2389 meus
2513 2333 2708 2403 diliget
2749 2349 2899 2400 eum,
2931 2341 2989 2388 et
3031 2331 3100 2389 ad
3151 2349 3281 2388 eum
3332 2333 3638 2398 veniemus,
3669 2340 3728 2390 et

2114 2421 2461 2478 mansionem
2491 2421 2640 2493 apud
2669 2437 2798 2477 eum
2829 2421 3112 2477 faciemus.
3141 2422 3248 2491 Qui
3278 2437 3392 2478 non
3413 2422 3590 2493 diligit
3608 2437 3720 2491 me,

2113 2526 2398 2567 sermones
2423 2526 2580 2566 meos
2603 2526 2713 2566 non
2744 2519 2945 2576 servat.
2979 2513 3050 2565 Et
3078 2526 3262 2566 sermo
3301 2526 3467 2581 quem
3502 2510 3722 2579 auditis,

2113 2615 2223 2655 non
2254 2607 2339 2656 est
2359 2615 2536 2668 meus,
2561 2598 2659 2655 sed
2681 2598 2799 2672 ejus
2828 2600 2924 2671 qui
2949 2598 3104 2655 misit
3133 2613 3220 2654 me
3249 2599 3451 2654 Patris.
3489 2622 3516 2647 ιι
3552 2599 3722 2655 Judas

2113 2688 2335 2761 quidem
2364 2703 2476 2761 pra:
2506 2688 2677 2744 multa
2702 2688 2998 2744 formidine
3027 2687 3378 2744 existimabat
3396 2687 3546 2760 quod
3575 2704 3726 2744 mor-

2113 2786 2244 2834 tuus
2271 2779 2548 2834 Dominus
2590 2779 2646 2833 in
2697 2778 2930 2833 somniis
2957 2793 3016 2833 se
3059 2776 3402 2832 exhibiturus
3439 2786 3583 2833 esset
3619 2778 3722 2848 eis,

2113 2867 2261 2924 unde
2291 2875 2348 2922 et
2381 2867 2757 2939 interrogabat
2779 2867 2925 2922 sicut
2951 2866 3164 2922 dictum
3191 2874 3287 2922 est.
3319 2867 3592 2922 Dominus
3619 2883 3720 2923 au-

2111 2964 2226 3012 tem
2268 2955 2522 3013 refellens
2559 2957 2674 3028 ejus
2699 2957 3093 3027 suspicionem,
3126 2956 3304 3027 inquit
3335 2976 3348 3012 :
3387 2957 3539 3012 Sicut
3566 2959 3725 3012 Pater

2115 3045 2430 3102 manifestat
2472 3047 2736 3118 seipsum,
2786 3047 2858 3101 ita
2905 3054 2960 3101 et
2999 3061 3100 3118 ego
3151 3046 3312 3101 vobis
3352 3043 3722 3101 manifestabo

2112 3135 2528 3207 memetipsum.
2577 3157 2605 3186 «
2638 3139 2756 3207 Ego
2786 3135 2958 3204 enim,
2998 3135 3200 3206 inquit,
3245 3143 3302 3190 et
3335 3137 3496 3189 Pater
3527 3135 3720 3190 venie-

2113 3240 2240 3280 mus
2269 3248 2294 3272 η
2327 3225 2396 3282 ad
2431 3239 2530 3282 eos
2555 3225 2646 3296 qui
2668 3225 2989 3280 custodiunt
3008 3239 3293 3279 sermones
3320 3238 3476 3279 meos
3508 3244 3519 3278 :
3553 3231 3721 3294 atque

2112 3314 2188 3370 ita
2221 3329 2332 3369 non
2378 3314 2434 3370 in
2461 3314 2696 3370 somniis
2730 3312 3215 3370 manifestabimur
3259 3313 3436 3377 vobis,
3468 3312 3562 3368 sed
3593 3311 3720 3384 quia

2109 3408 2236 3459 cum
2271 3407 2427 3459 Patre
2457 3413 2723 3460 venturus
2745 3419 2894 3471 sum,
2925 3411 2987 3458 ut
3019 3418 3116 3474 par
3156 3411 3242 3458 est
3277 3407 3494 3458 Patrem
3541 3402 3718 3458 mani-

2113 3490 2324 3560 festari,
2354 3493 2428 3547 ita
2471 3493 2568 3548 fiet
2616 3500 2672 3548 et
2699 3508 2822 3547 mea
2854 3491 3230 3548 manifestatio
3258 3507 3366 3564 qua
3407 3492 3558 3548 vobis
3596 3508 3720 3548 ma-

405 3569 468 3628 τὸ
492 3556 711 3651 [ﬁxis]
741 3577 912 3631 εἰπεῖν
943 3570 1034 3645 δὲ,
1066 3556 1147 3630 ὅτι
1191 3600 1214 3625 «ι
1254 3556 1449 3641 Mortiij
1485 3556 1615 3650 παρί
1658 3556 1806 3649 αὖτῷ
1837 3569 2000 3641 ποιή-

2113 3556 2426 3637 nifestabor.
2453 3585 2525 3637 At
2553 3581 2814 3648 dicendo,
2850 3603 2874 3630 σι
2906 3581 3255 3637 Mansionem
3274 3556 3441 3653 -apud
3469 3598 3595 3637 eum
3635 3581 3721 3638 fa-

407 3680 608 3734 σομεν,
643 3688 666 3712 ι
694 3662 974 3742 ἀνατρέπει
1017 3667 1111 3721 τοῦ
1151 3660 1326 3720 Ἰούδα
1359 3661 1452 3732 τὴν
1487 3661 1765 3720 ὓπόνοιαν.
1801 3662 1870 3718 Οἱ
1894 3660 1997 3741 γὰρ

407 3747 627 3827 ὄνειροι,
666 3750 851 3829 φησὶν,
902 3753 962 3809 οὗ
1006 3750 1430 3830 παραμνουσιν
1469 3750 1574 3828 ἐγὼ
1623 3749 1678 3808 δὲ
1713 3749 2004 3828 ἐμφανιζό-

405 3861 592 3912 μενος,
625 3845 918 3919 παραμενῶ
952 3841 1089 3916 μετὰ
1112 3849 1206 3901 τοῦ
1241 3839 1476 3919 Πατρός’
1511 3841 1608 3898 οὔκ
1639 3838 1743 3919 ἄρα
1786 3837 2004 3919 ὀνειρώ-

403 3929 497 4000 δης
545 3929 696 3987 ἔσται
747 3934 778 4000 ἡ
827 3929 1159 4010 ἐπιφοίτησίς
1205 3953 1327 4004 μου.
1383 3928 1645 4010 Προλέγει
1694 3927 1748 3987 δὲ
1795 3929 2000 3998 αὐτοῖς,

397 4021 469 4084 ὥς
501 4017 664 4097 ἔφην,
697 4016 779 4075 ὅτι
811 4018 1304 4101 ἐμφανισθήσεται,
1335 4017 1424 4077 ἵνα
1469 4019 1543 4094 μὴ
1582 4017 1872 4100 φάντασμα
1899 4019 2004 4076 αὖ-

394 4108 482 4166 τὲν
533 4107 756 4182 δόξωσι,
803 4109 900 4166 xui
953 4108 1065 4185 ἅμα
1107 4108 1350 4188 διεγείρει
1382 4107 1574 4175 αὐτοὺς
1623 4109 1694 4173 εἷς
1732 4108 1792 4166 τὸ
1822 4116 2002 4187 τηρεῖν

391 4197 488 4263 τὰς
519 4201 683 4256 αὑτοῦ
718 4196 964 4264 ἐντολὰς,
1022 4197 1224 4265 εἰδότας
1253 4196 1334 4256 ὅτι
1382 4206 1491 4264 τοῖς
1520 4203 1740 4276 τηροῦσι
1773 4197 2000 4276 ταύτας,

390 4287 743 4368 ἐμφανίζεται
769 4285 864 4344 xui
891 4285 1071 4359 αὐτὸς,
1104 4286 1195 4345 καὶ
1224 4291 1251 4345 6
1285 4287 1504 4365 Πατήρ·
1535 4275 1719 4366 ὥσπερ
1751 4275 1819 4342 αὖ
1843 4287 2004 4343 πάλιν

389 4381 486 4435 τοῦ
519 4376 596 4453 μὴ
647 4381 929 4454 τηροῦντος
979 4377 1071 4441 τὰς
1110 4376 1323 4442 ἐντολὰς
1368 4377 1658 4455 ἀφίσταται
1710 4373 1801 4434 xui
1849 4375 2004 4441 αὐτὸς

392 4467 485 4524 xui
518 4469 547 4524 6
577 4465 798 4545 Πατὴρ,
841 4467 914 4530 ὡς
959 4464 1036 4539 μὴ
1075 4467 1405 4542 ἀγαπῶντος.
1443 4491 1468 4517 ν
1513 4462 1584 4522 Ὁ
1612 4463 1715 4544 γὰρ
1747 4463 1822 4539 μὴ
1867 4467 2004 4541 ἀγα-

394 4558 510 4613 πῶν
546 4579 644 4630 με.
679 4555 841 4635 φησὶ,
871 4552 990 4620 τοὺς
1021 4554 1204 4632 λόγους
1244 4579 1347 4632 μου
1383 4556 1442 4614 οὗ
1471 4556 1642 4633 τηρεῖ·
1671 4581 1694 4605 υ
1724 4551 1863 4612 ὥστε
1885 4551 2002 4612 οὐδὲ

393 4645 483 4702 τὸν
521 4644 743 4722 Πατέρα
793 4646 1011 4724 ἀγαπᾷ,
1053 4648 1083 4702 6
1121 4642 1196 4720 μὴ
1241 4645 1464 4722 ἀγαπῶν
1493 4643 1583 4701 τὸν
1623 4643 1772 4703 Υίόν⁶
1827 4647 1854 4701 6
1900 4641 2003 4722 γὰρ

395 4732 550 4811 λόγος
587 4738 681 4792 rw”
711 4734 846 4792 Υῖοῧ
868 4781 882 4801 ,
915 4733 1006 4791 καὶ
1041 4737 1131 4790 τοῦ
1163 4733 1378 4812 Πατρός
1412 4735 1568 4791 ἐστιν.
1599 4731 1665 4792 Ὀ
1699 4731 1775 4810 μὴ
1801 4731 2002 4814 φυλάτ-

400 4845 506 4879 των
535 4814 627 4881 οὖν
655 4822 744 4881 τὸν
769 4821 928 4901 λόγον
955 4826 1047 4880 τοῦ
1072 4824 1236 4895 Υίοῢ,
1265 4821 1385 4894 ἤτοι
1409 4827 1504 4882 τοῦ
1536 4821 1780 4900 Πατρὸς,
1812 4824 1882 4888 ὡς
1913 4845 2003 4899 μι-

399 4919 480 4993 εεῖ
509 4911 597 4970 τὸν
629 4910 796 4990 Υὶὸν,
841 4909 982 4970 οὕτω
1023 4909 1117 4970 xui
1154 4912 1244 4970 τὸν
1279 4911 1521 4993 Πατέρα.
1568 4909 1757 4986 Ὑμεῖς
1786 4911 1958 4971 τοίνυν
1982 4955 1999 4984 ,

395 4987 440 5057 ὦ
478 5001 753 5078 μαθηταὶ,
779 4987 926 5068 ⁷τοὺς
978 5000 1162 5078 λόγους
1211 5025 1312 5078 μου
1367 4987 1684 5080 φυλάσσετε*
1716 4999 1856 5060 οὕτω
1899 4999 2003 5081 γὰρ

395 5088 460 5146 ἂν
493 5090 592 5160 τήν
638 5112 696 5148 τε
743 5089 877 5168 πρὸς
911 5089 1012 5167 ἐμὲ
1043 5089 1134 5147 xui
1175 5091 1262 5150 τὸν
1295 5092 1520 5171 Πατέρα
1567 5090 1782 5169 ἀγάπην
1835 5089 2004 5148 ἐνδεί-

393 5179 575 5251 ξησθε.
608 5178 771 5247 Τινὲς
811 5179 868 5237 δὲ
920 5180 1017 5238 οὐχ
1048 5178 1153 5237 ἀπὸ
1184 5179 1382 5246 δειλίας
1426 5180 1590 5261 φασὶ,
1627 5178 1718 5238 τὸν
1759 5177 2000 5256 μαθητὴν

391 5269 634 5345 Ἰούδαν,
681 5269 807 5326 ἀλλ’
863 5266 970 5326 ἀπὸ
1019 5268 1391 5349 φιλανθρώπου
1437 5268 1656 5348 γνώμης
1688 5269 1853 5328 εἰπεῖν
1901 5268 1999 5345 τὸ,

391 5357 551 5418 Διατί
593 5384 620 5411 ι
655 5359 872 5435 μέλλεις
920 5357 1222 5436 ἐμφανίζειν
1266 5357 1488 5417 σεαυτὸν
1529 5359 1692 5436 ἡμῖν,
1743 5357 1836 5416 xui
1881 5357 2002 5438 οὐχὶ

390 5450 466 5527 τᾷ
513 5447 744 5530 κόσμῳ;
800 5473 824 5499 ι
853 5446 1156 5507 Ἦϐούλετο
1183 5446 1285 5526 γὰρ
1326 5447 1404 5524 μὴ
1451 5446 1626 5524 μόνοις
1677 5450 1786 5513 τοῖς
1818 5452 1998 5526 μαθη-

390 5540 504 5605 ταῖς
534 5538 800 5618 ὑπᾶρχειν
847 5535 946 5608 τὴν
977 5538 1036 5596 ἐκ
1065 5540 1160 5610 τῆς
1190 5534 1501 5615 ἐπιφανείας
1531 5535 1792 5617 ὠφέλειαν
1812 5579 1829 5611 ,
1860 5536 1998 5596 ἀλλὰ

391 5628 475 5689 xui
500 5628 664 5691 παντὶ
696 5630 783 5709 τῷ
807 5628 1018 5709 κόσμῳ.
1047 5623 1120 5688 Ὀ
1167 5624 1226 5686 δί
1255 5648 1316 5706 γε
1350 5625 1548 5708 Σωτὴρ
1581 5627 1882 5702 δείκνυσιν,
1917 5625 2000 5687 ὅτι

441 5801 488 5837 ⁸⁸
518 5802 691 5862 Joan.
725 5810 872 5867 xxx,
905 5802 941 5855 4
966 5810 1128 5869 seqq.

2034 4787 2083 4850 Ι)

2111 3672 2338 3739 ciemus,
2391 3693 2416 3720 ιο
2470 3670 2742 3726 subvertit
2777 3669 2938 3725 Iudae
2966 3670 3354 3741 suspicionem.
3394 3673 3520 3725 Non
3566 3671 3717 3728 enim

2109 3761 2327 3815 somnia
2349 3767 2596 3826 manent,
2627 3759 2826 3830 inquit.
2860 3762 2972 3830 Ego
2991 3769 3180 3814 autem
3207 3774 3335 3813 cum
3362 3757 3714 3829 manifestor,

2110 3863 2314 3903 maneo
2338 3863 2467 3904 cum
2496 3849 2657 3902 Patre
2699 3865 2712 3902 :
2741 3863 2852 3901 non
2885 3846 3052 3917 igitur
3075 3847 3229 3919 quasi
3257 3847 3310 3901 in
3369 3846 3586 3901 somnio
3615 3847 3720 3904 erit

2111 3937 2352 3992 visitatio
2384 3953 2522 3992 mea.
2553 3936 2807 3991 Przedicit
2839 3943 3026 3990 autem
3081 3936 3161 3990 eis
3204 3940 3286 4002 (ut
3313 3935 3449 4002 dixi)
3491 3951 3548 3990 se
3593 3952 3718 3992 ma-

2110 4025 2512 4091 nifestandum,
2544 4034 2704 4081 utne
2755 4025 3080 4097 phantasma
3133 4025 3316 4095 ipsum
3366 4033 3559 4097 putent
3609 4044 3624 4080 :
3666 4033 3720 4081 et

2109 4116 2336 4173 interim
2361 4115 2687 4172 exhortatur
2715 4131 2812 4170 eos
2843 4114 2912 4170 ad
2941 4114 3275 4170 servandum
3307 4113 3565 4170 mandata
3594 4129 3716 4181 sua.

2109 4205 2339 4261 scientes
2403 4205 2552 4276 quod
2621 4204 2963 4260 servantibus
3002 4204 3094 4260 illa
3156 4203 3596 4260 manifestaudus
3648 4205 3721 4260 sit

2109 4295 2224 4366 ipse
2253 4304 2306 4350 et
2341 4295 2520 4350 Pater.
2553 4295 2643 4349 Sic
2673 4310 2890 4366 quoque
2919 4294 2986 4348 ab
3011 4309 3076 4348 co
3097 4293 3192 4364 qui
3217 4309 3328 4349 non
3354 4301 3535 4350 servat
3557 4309 3718 4350 man-

2107 4385 2256 4452 data,
2283 4383 2514 4439 discedit
2540 4393 2594 4438 et
2623 4384 2736 4455 ipse
2765 4391 2820 4438 et
2867 4385 3046 4451 Pater,
3083 4390 3346 4453 tanquam
3379 4398 3408 4438 a
3439 4398 3556 4438 non
3586 4383 3714 4438 dili-

2109 4481 2292 4545 gente.
2325 4497 2350 4522 α
2385 4475 2525 4529 Nam
2569 4473 2658 4544 qui
2692 4488 2801 4527 non
2832 4471 3009 4543 diligit
3053 4487 3165 4537 me,
3198 4471 3401 4542 inquit,
3432 4486 3719 4527 sermones

2113 4578 2265 4619 meos
2296 4578 2406 4618 non
2431 4570 2636 4629 servat,
2673 4585 2699 4610 ιι
2729 4570 2891 4632 atque
2923 4562 2996 4616 ita
3028 4575 3204 4632 neque
3246 4563 3471 4615 Patrem
3512 4559 3719 4630 diligit,

2110 4652 2204 4723 qui
2235 4668 2345 4707 non
2375 4651 2554 4723 diligit
2596 4651 2814 4706 Filium.
2860 4652 3004 4706 Nam
3049 4665 3235 4704 sermo
3264 4648 3405 4715 Filii,
3436 4657 3492 4704 et
3535 4649 3718 4705 Patris

2115 4751 2213 4797 est.
2241 4742 2350 4812 Qui
2375 4742 2540 4813 igitur
2568 4756 2682 4796 non
2719 4740 2961 4796 custodit
2983 4754 3299 4795 sermonem
3336 4738 3482 4805 Filii,
3507 4738 3585 4794 vel
3613 4741 3718 4795 Pa-

2118 4832 2245 4897 tris;
2278 4831 2420 4886 sicut
2461 4829 2577 4886 odit
2607 4829 2826 4896 Filium,
2868 4829 2944 4885 ita
2983 4836 3036 4885 ct
3085 4832 3320 4885 Patrem.
3379 4829 3492 4884 Vos
3531 4828 3718 4901 igitur,

2110 4920 2380 4992 discipuli,
2412 4919 2686 4975 custodite
2706 4933 2990 4974 sermones
3011 4933 3180 4974 meos.
3205 4921 3284 4974 Ita
3306 4917 3456 4974 enim
3473 4918 3714 4974 declara-

2112 5009 2236 5065 bitis
2271 5009 2618 5064 dilectionem
2650 5016 2767 5063 tam
2805 5024 2932 5080 erga
2975 5023 3082 5076 me,
3113 5023 3282 5079 quam
3319 5023 3447 5079 erga
3473 5008 3712 5063 Patrem.

2111 5098 2347 5169 Quidam
2386 5107 2572 5154 autem
2618 5095 2817 5153 dicunt
2863 5097 3066 5154 Judam
3120 5095 3450 5168 discipulum
3499 5110 3610 5150 non
3651 5109 3716 5150 ex

2111 5187 2434 5254 formidine,
2461 5186 2577 5259 {sed
2622 5187 2962 5242 misericordi
2993 5195 3175 5242 mente
3205 5185 3404 5241 dixisse
3437 5204 3449 5240 :
3482 5207 3506 5233 ι
3539 5186 3720 5253 Quare

2111 5276 2562 5334 manifestaturus
2587 5292 2645 5332 es
2691 5285 2744 5332 te
2773 5275 2954 5344 nobis,
2987 5284 3042 5332 et
3069 5291 3183 5331 non
3222 5273 3468 5330 mundo?
3501 5295 3528 5321 »
3561 5271 3716 5328 Volc-

2109 5366 2206 5423 bat
2239 5367 2383 5423 enim
2412 5381 2526 5422 non
2555 5365 2706 5422 solos
2733 5364 3056 5436 discipulos,
3104 5363 3199 5419 sed
3231 5370 3286 5418 et
3326 5368 3506 5416 totum
3551 5376 3716 5416 mun-

2108 5457 2243 5515 dum
2263 5455 2563 5513 utilitatem
2585 5470 2650 5511 ex
2669 5453 3114 5511 manifestatione
3149 5451 3266 5524 ejus
3296 5451 3600 5523 percipere.
3643 5453 3720 5506 At

2109 5546 2358 5604 Salvator
2387 5544 2628 5602 ostendit
2654 5559 2764 5600 non
2791 5558 2990 5599 omnes
3018 5541 3147 5597 talia
3187 5541 3470 5611 consequi,
3494 5540 3592 5597 sed
3614 5555 3716 5596 nos

2108 5635 2376 5693 duntaxat
2397 5635 2490 5708 qui
2518 5631 2776 5691 mandata
2806 5631 2951 5690 illius
2984 5645 3288 5700 servamus,
3325 5629 3480 5704 digni
3508 5628 3716 5687 videbi-
