4128 6430
485 491 586 543 187

1494 478 2012 535 THEOPHYLACTI
2054 476 2417 532 BULGARLE
2453 474 2769 532 ARCHIEP.

3680 468 3780 522 188

480 629 608 669 mur
635 610 806 684 ipsius
827 608 1272 666 manifestatione
1287 605 1568 677 Patrisque
1593 605 1902 660 dilectione.
1923 605 1987 660 ln
2009 619 2076 659 eo

2197 603 2251 660 οὗ
2287 601 2478 670 πάντες
2509 601 2880 670 καταξιοῦνται
2921 600 3028 658 τῶν
3052 596 3334 671 τοιούτων,
3368 594 3508 655 ἀλλᾶ
3557 593 3704 672 μόνοι
3733 595 3786 652 οἱ

479 711 663 760 autem
705 701 797 772 qui
842 699 1083 756 custodit
1112 697 1395 762 mandata,
1427 704 1510 751 est
1545 699 1688 750 Deus
1731 703 1786 750 et
1816 697 1995 760 Pater,
2027 701 2082 749 et

483 808 594 848 non
618 791 763 846 sicut
798 790 855 845 in
885 788 1024 845 Filio
1044 831 1059 855 ,
1081 788 1156 843 ita
1183 795 1237 842 et
1266 787 1319 842 in
1347 786 1467 841 hoc.
1493 787 1555 840 In
1577 785 1719 841 Filio
1745 785 1965 855 quidem
1990 799 2082 838 na-

481 888 602 937 tura
640 888 744 946 est,
775 881 833 936 in
879 878 1102 935 homine
1129 886 1312 934 autem
1356 873 1660 932 secundum
1699 873 2080 930 habitudinem

484 969 803 1044 quamdam.

553 1241 722 1296 Vens.
747 1243 840 1305 25,
871 1241 955 1292 26.
1005 1255 1034 1289 (ι
1065 1237 1197 1292 Haec
1227 1235 1441 1290 locutus
1467 1249 1592 1289 sum
1631 1233 1782 1289 vobis
1811 1232 1958 1304 apud
1985 1246 2082 1288 vos

487 1343 720 1386 manens
768 1346 782 1384 :
830 1327 1142 1382 Paracletus
1192 1333 1379 1380 autem
1428 1325 1537 1388 ille,
1584 1323 1676 1394 qui
1718 1331 1802 1378 est
1849 1321 2081 1393 Spiritus

480 1427 721 1486 sanctus,
752 1433 914 1489 quem
945 1417 1128 1471 mittet
1156 1418 1317 1470 Pater
1346 1414 1402 1469 in
1436 1414 1656 1468 nomine
1691 1428 1836 1479 meo,
1865 1412 1954 1466 ille
1985 1426 2082 1467 vos

483 1506 706 1563 docebit
739 1505 948 1572 omnia,
980 1511 1036 1559 et
1058 1511 1316 1574 suggeret
1338 1503 1487 1558 vobis
1517 1501 1707 1558 omnia
1737 1515 2080 1572 quaecunque

482 1595 597 1652 dixi
633 1595 804 1650 vobis.
833 1618 857 1642 ι»
896 1594 1173 1663 Quoniam
1204 1593 1432 1648 obscura
1477 1601 1630 1647 erant
1657 1590 1931 1662 discipulis
1959 1605 2083 1661 qua:

483 1702 512 1742 a
543 1684 785 1740 Domino
814 1682 1161 1751 dicebantur,
1191 1691 1247 1738 et
1272 1683 1376 1739 alia
1416 1681 1641 1754 quidem
1675 1697 1788 1735 non
1821 1680 2082 1752 intellige-

485 1775 639 1840 bant,
669 1781 725 1829 et
749 1772 815 1830 de
843 1773 964 1828 aliis
989 1773 1234 1828 multum
1271 1771 1596 1826 dubitabant
1641 1789 1652 1825 :
1685 1779 1748 1826 ut
1782 1786 1852 1826 ne
1881 1769 2082 1824 iterum

481 1865 820 1935 interrogent
847 1878 974 1918 eum
1019 1869 1074 1917 et
1117 1861 1352 1917 dicant:
1396 1865 1531 1932 Quae
1561 1859 1820 1915 mandata
1868 1874 2084 1914 servare

481 1952 778 2010 debemus?
809 1952 1007 2008 liberat
1029 1967 1124 2006 eos
1152 1967 1182 2005 a
1210 1950 1547 2014 turbatione,
1579 1949 1766 2004 dicens
1794 1966 1805 2002 :
1834 1947 2081 2002 Paracle-

478 2050 567 2098 tus
597 2042 831 2097 obscura
860 2049 913 2095 et
940 2039 1220 2094 intellectu
1253 2037 1515 2103 difﬁcilia,
1542 2037 1759 2107 cognita
1807 2036 1958 2091 vobis
1997 2034 2076 2090 fa-

482 2131 607 2186 ciet.
653 2133 795 2186 Nam
844 2149 870 2176 ιι
922 2127 1042 2184 hazc
1073 2150 1099 2174 »
1141 2142 1264 2198 quae
1309 2126 1463 2181 vobis
1523 2125 1776 2181 videntur
1823 2125 2080 2195 obscura,

487 2219 652 2289 707
684 2216 819 2273 dixit
844 2232 974 2272 cum
1005 2240 1028 2264 ι
1062 2231 1349 2271 manerem
1371 2222 1427 2270 et
1447 2230 1622 2270 essem
1650 2213 1796 2286 apud
1823 2230 1939 2270 vos.
1968 2237 1994 2264 η
2023 2215 2080 2270 Si

481 2316 670 2364 autem
699 2307 909 2374 abiero,
937 2306 1005 2362 de
1027 2304 1284 2361 omnibus
1311 2305 1658 2361 docebimini.
1684 2305 1858 2376 Igitur
1878 2303 1946 2360 de
1971 2304 2080 2359 dis-

483 2412 640 2453 cessu
673 2411 800 2451 meo
840 2411 956 2452 non
994 2402 1213 2467 oportet
1242 2409 1338 2449 vos
1386 2409 1506 2450 esse
1545 2393 1749 2461 tristes,
1799 2392 1893 2466 qui
1931 2401 2083 2450 tanta

482 2485 638 2543 vobis
661 2486 803 2542 bona
851 2493 1177 2556 tantamque
1211 2483 1536 2555 sapientiam
1581 2481 1795 2538 afferet.
1829 2482 2084 2554 Quandiu

482 2576 629 2632 enim
662 2591 764 2648 ego
806 2574 952 2647 apud
992 2590 1088 2631 vos
1132 2589 1351 2638 maneo,
1399 2580 1454 2629 et
1487 2571 1722 2642 Spiritus
1769 2588 1881 2628 non
1911 2573 2082 2642 venit,

480 2665 617 2721 nihil
672 2681 934 2738 magnum
973 2678 1150 2735 neque
1201 2662 1438 2719 sublime
1493 2662 1796 2734 intelligere
1835 2663 2081 2733 potestis.

483 2753 724 2812 Subinde
755 2763 934 2810 autem
967 2753 1314 2808 Paracletum
1355 2751 1623 2819 nominat,
1658 2759 1882 2823 propter
1907 2751 2084 2807 conti-

484 2858 625 2898 nuas
654 2844 902 2914 ipsorum
955 2841 1300 2905 afﬂictiones,
1351 2839 1500 2896 bono
1562 2841 1689 2896 illos
1732 2838 1922 2896 animo
1967 2855 2087 2896 esse

453 2929 709 2999 'faciens,
737 2931 886 3003 quod
912 2931 980 2986 ab
1006 2930 1100 2985 illo
1129 2929 1463 2985 refocillandi
1487 2937 1691 2985 essent.
1716 2927 1878 3000 Quod
1900 2937 2086 2984 autem

486 3019 641 3089 dicit,
674 3043 701 3070 α
750 3023 814 3076 In
841 3020 1070 3076 nomine
1100 3035 1224 3074 meo
1272 3041 1300 3068 ν
1372 3019 1552 3074 veniet
1598 3040 1622 3067 α
1671 3019 2007 3084 Paracletus,
2061 3041 2083 3066 υ

486 3110 593 3166 hoc
621 3110 755 3177 vult,
783 3108 933 3182 quod
961 3108 1106 3165 Nihil
1135 3108 1377 3163 alienum
1396 3123 1428 3164 a
1459 3123 1545 3162 me
1569 3106 1834 3163 docturus
1863 3115 1946 3162 est
1967 3123 2086 3175 vos,

485 3215 663 3272 neque
692 3199 972 3271 propriam
1001 3198 1231 3271 gloriam
1258 3197 1362 3253 sibi
1403 3196 1733 3265 vindicabit;
1765 3196 1861 3252 sed
1902 3197 1957 3252 in
1988 3213 2088 3252 no-

2192 693 2549 773 φυλάσσοντες
2574 695 2736 750 αὐτοῦ
2761 689 2858 758 τὰς
2899 689 3141 767 ἐντολὰς,
3187 686 3322 755 ἄξιοι
3349 687 3662 766 γενήσονται
3689 688 3785 754 τῆς

2190 805 2246 839 τε
2297 785 2455 841 αὐτοῦ
2501 780 2837 862 ἐπιφανείας,
2877 777 2970 838 καὶ
3018 781 3110 849 τῆς
3138 781 3233 836 τοῦ
3281 776 3496 854 Πατρὸς
3546 773 3782 850 ἀγάπης.

2191 870 2285 932 Ἐν
2334 869 2436 950 γὰρ
2479 875 2553 950 τῷ
2604 870 2927 949 φυλάσσοντι
2974 867 3069 934 τὰς
3120 863 3368 940 ἐντολὰς,
3403 864 3547 924 ἔστιν
3591 867 3618 920 6
3648 863 3788 930 Θεὸς

2189 961 2280 1020 καὶ
2316 959 2526 1039 Πατήρ”
2555 962 2676 1020 ἀλλ’
2706 961 2807 1039 οὐχ
2836 958 3017 1037 ὥσπερ
3053 960 3104 1016 ἐν
3136 958 3213 1035 τῷ
3250 956 3401 1034 Υἱῷ,
3441 953 3580 1014 οὕτω
3609 953 3701 1012 καὶ
3733 954 3789 1011 ἐν

2191 1051 2372 1132 τούτῳ·
2405 1052 2456 1108 ἐν
2481 1055 2558 1131 τῷ
2604 1051 2717 1129 Υἱῷ
2749 1051 2846 1127 μὲν
2875 1051 2977 1130 γὰρ
3011 1049 3277 1129 φυσικῶς,
3320 1049 3374 1104 ἐν
3408 1048 3485 1127 τῷ
3526 1043 3789 1125 ἀνθρώπῳ

2190 1141 2246 1199 δὲ
2279 1143 2532 1220 σχετικῶς
2543 1186 2556 1199 .

2272 1258 2296 1282 σι
2327 1233 2518 1289 Ταῦτα
2549 1228 2826 1300 λελάληκα
2871 1226 3027 1304 ὑμῖν,
3079 1229 3207 1306 παρ’
3257 1227 3381 1302 ὑμῖν
3431 1221 3682 1301 μένωνοὸ
3735 1220 3794 1281 δὲ

2193 1322 2548 1397 Παράκλητος
2580 1320 2640 1378 τὸ
2683 1323 2908 1394 Πνεῦμα
2950 1315 3011 1374 τὸ
3042 1316 3191 1394 ἅγιον
3215 1361 3232 1391 ,
3265 1315 3292 1375 ὃ
3318 1314 3522 1394 πέμψει
3545 1316 3572 1370 6
3601 1310 3794 1392 Πατὴρ

2190 1411 2242 1468 ἐν
2275 1414 2352 1488 τῷ
2403 1409 2625 1485 ὀνόματί
2661 1431 2794 1486 μου,
2827 1407 3024 1472 ἐκεῖνος
3062 1411 3201 1482 ὑμᾶς
3244 1405 3439 1472 διδάξει
3469 1403 3670 1478 πάντα,
3700 1401 3797 1460 καὶ

2191 1499 2484 1574 ὑπομνήσει
2544 1501 2682 1575 ὑμᾶς
2737 1497 2913 1555 πάντα
2973 1495 3007 1554 ἃ
3066 1487 3212 1554 εἷπον
3269 1498 3416 1572 ὑμῖν.
3469 1519 3493 1545 ι
3567 1491 3796 1563 Ἐπειδὴ

2191 1590 2372 1670 ἀσαφῆ
2407 1589 2512 1655 τοῖς
2557 1593 2818 1664 μαθηταῖς
2850 1577 2987 1657 ἦσαν
3038 1585 3106 1642 τὰ
3161 1584 3264 1644 ὑπὸ
3316 1589 3406 1643 τοῦ
3442 1582 3646 1660 Κυρίου
3693 1582 3796 1640 λε·-

2188 1677 2419 1753 γόμενα,
2453 1675 2546 1735 καὶ
2585 1677 2650 1736 τὰ
2677 1676 2771 1751 μὲν
2799 1674 2917 1734 οὐδὲ
2948 1673 3227 1746 συνίεσαν,
3263 1673 3332 1732 τὰ
3367 1672 3422 1731 δὲ
3451 1671 3669 1730 πλείονα
3695 1673 3792 1728 καὶ

2191 1766 2556 1847 ἀμφέϐαλλον·
2593 1764 2682 1824 ἵνα
2729 1770 2804 1841 μὴ
2839 1765 2998 1823 πάλιν
3045 1765 3310 1842 ἐρωτῶσιν
3343 1764 3532 1832 αὐτὸν,
3571 1761 3663 1819 καὶ
3700 1757 3792 1818 λέ-

2186 1879 2340 1933 γωσι⁸
2367 1856 2536 1924 Ποίας
2579 1854 2791 1922 ἐντολὰς
2834 1855 3113 1933 ὀφείλομεν
3153 1853 3476 1932 φυλάττειν;
3512 1849 3794 1908 ἀπαλλάτ-

2188 1969 2264 2004 τει
2312 1944 2498 2012 αὐτοῦς
2545 1945 2821 2024 ὀχλήσεων
2869 1941 2960 2002 καὶ
3010 1946 3278 2022 ταραχῆς,
3332 1939 3540 2019 λέγων,
3589 1938 3670 1998 ὅτι
3718 1937 3791 1999 (Ο

2190 2034 2577 2115 Παράκλητος,
2601 2032 2670 2093 τὰ
2702 2035 2882 2109 ἀσαφῆ
2914 2031 3007 2091 καὶ
3034 2032 3326 2104 δυσνόητα,
3363 2029 3635 2109 εὔγνωστα
3667 2031 3792 2106 ὑμῖν

2191 2123 2541 2193 καταστήσει.
2589 2150 2611 2176 α
2645 2126 2828 2185 Ταῦτα
2861 2149 2884 2174 ιο
2939 2120 3034 2196 μὲν
3067 2111 3157 2180 οῦν
3201 2118 3270 2179 τὰ
3301 2122 3483 2200 ἀσαφῆ
3535 2120 3793 2177 δοκοῦντα

2190 2215 2346 2290 ὑμῖν,
2379 2241 2402 2266 ι
2433 2213 2706 2284 λελάληκα
2727 2257 2741 2284 ,
2767 2214 2894 2290 παρ’
2929 2215 3052 2286 ὑμῖν
3085 2211 3257 2288 μένων
3277 2253 3293 2283 ,
3323 2235 3348 2262 ι
3377 2209 3468 2267 καὶ
3499 2210 3614 2286 μεθ’
3643 2211 3795 2284 ὑμῶν

2192 2304 2282 2362 ὤν·
2317 2302 2405 2363 ἐὰν
2437 2302 2488 2361 δὲ
2518 2301 2882 2378 ἀποδημήσω,
2917 2302 3096 2360 πάντα
3128 2298 3534 2380 διδαχθήσεσθε.
3567 2298 3648 2357 Οὖ
3676 2297 3794 2356 τοί-

2192 2416 2280 2451 νυν
2310 2393 2415 2472 χρὴ
2447 2395 2582 2470 ὑμᾶς
2611 2394 2894 2451 λυπεῖσθαι
2937 2390 3028 2451 ἐπὶ
3059 2395 3125 2470 τῇ
3158 2389 3498 2468 ἀναχωρήσει
3536 2411 3673 2465 μου,
3706 2410 3798 2445 10-

2195 2482 2397 2543 σούτων
2447 2484 2662 2559 ἀγαθῶν
2718 2479 2955 2558 προξένῳ
3006 2479 3232 2558 ἐσομένῃ
3277 2479 3369 2538 καὶ
3400 2477 3662 2550 τοσαύτης
3702 2499 3798 2535 σο-

2195 2573 2334 2652 φίας.
2372 2568 2522 2638 υΕως
2555 2563 2615 2629 οἷ
2662 2573 2765 2649 γὰρ
2819 2571 2976 2636 αὐτὸς
3009 2569 3141 2649 παρ’
3201 2573 3324 2646 ὑμῖν
3371 2565 3546 2640 μένω,
3592 2565 3683 2626 καὶ
3734 2566 3799 2626 τὸ

2197 2663 2424 2738 Πνεῦμα
2459 2660 2535 2736 μὴ
2575 2661 2836 2739 ἔρχηται,
2883 2657 3031 2718 οὐδὲν
3086 2658 3254 2736 μέγα,
3297 2656 3417 2716 οὐδὲ
3460 2655 3661 2736 ὑψηλὸν
3701 2657 3792 2714 ἐν·

2195 2755 2382 2823 νοῆσαι
2408 2750 2717 2822 δυνήσεσθε.
2754 2751 3002 2827 Συνεχῶς
3033 2747 3086 2807 δὲ
3127 2745 3489 2826 Παράκλητον
3520 2745 3796 2821 ὀνομάζει,

2197 2839 2284 2898 διὰ
2315 2838 2406 2906 τὰς
2430 2839 2752 2918 συνεχούσας
2801 2838 2986 2904 αὖτοὺς
3037 2839 3267 2917 θλίψεις,
3300 2835 3580 2902 εὐέλπιδας
3611 2834 3804 2904 αὐτοὺς

2197 2932 2393 3007 ποιῶνξ,
2441 2931 2511 2994 ὡς
2555 2931 2644 2985 ὑπ’
2697 2926 2897 2986 ἐκείνου
2948 2924 3526 3008 ψυχαγωγηθήσονται.
3580 2926 3659 2985 Τὸ
3707 2924 3801 3000 δὲ,

2199 3044 2222 3071 α
2251 3017 2343 3076 Ἐν
2381 3021 2454 3097 τῷ
2495 3018 2717 3092 ὀνοματί
2749 3040 2848 3092 μου
2879 3017 3196 3074 »ἐλεύσεται
3224 3041 3247 3066 ει
3288 3017 3316 3072 6
3346 3014 3699 3092 Παράκλητος
3721 3059 3737 3086 ,
3772 3040 3802 3067 υ

2200 3112 2350 3167 τοῦτο
2382 3109 2530 3176 δηλοῖ
2557 3154 2571 3179 ,
2604 3104 2683 3164 ὅτι
2727 3105 2898 3167 Οὐδὲν
2932 3103 3204 3184 ἀλλότριον
3235 3107 3364 3180 ἐμοῦ
3393 3103 3588 3172 διδάξει
3633 3107 3800 3180 ὑμᾶς,

2198 3197 2345 3255 οὐδὲν
2393 3196 2592 3255 οἰκείαν
2626 3195 2777 3264 δόξαν
2809 3195 3202 3276 σφετερίσεται,
3232 3195 3351 3250 ἀλλ’
3376 3194 3428 3250 ἐν
3469 3198 3547 3273 τῷ
3577 3193 3804 3268 ὀνόματι

487 3289 637 3344 mine
669 3304 793 3344 meo
825 3290 1020 3357 veniet,
1054 3287 1161 3343 hoc
1197 3295 1300 3355 est,
1331 3286 1387 3341 in
1413 3286 1646 3358 gloriam
1682 3286 1792 3342 mei
1824 3286 2087 3354 nominis,

2197 3289 2270 3366 τῷ
2301 3289 2414 3366 ἐμῷ
2448 3284 2561 3358 ¹ἥξει
2584 3328 2601 3357 ,
2651 3284 2959 3360 τουτέστιν,
3004 3287 3076 3351 εἰς
3113 3282 3264 3351 δόξαν
3304 3287 3396 3341 τοῦ
3430 3284 3562 3358 ἐμοῦ
3598 3282 3806 3360 ὀνόμα-

487 3392 600 3433 non
630 3378 716 3433 sui
747 3397 761 3435 :
806 3377 860 3434 id
887 3377 1036 3449 quod
1068 3375 1275 3432 faciunt
1303 3376 1578 3431 contraria
1608 3377 1890 3444 docentes,
1930 3377 2092 3432 audi-

490 3467 701 3522 toribus
728 3467 841 3523 suis
871 3467 1157 3539 proprium
1193 3482 1401 3521 nomen
1451 3466 1918 3521 commendantes.
1957 3466 2093 3536 Qui-

490 3555 814 3612 damautem
829 3557 1244 3627 sicintelligunt,
1267 3578 1290 3603 α
1312 3558 1373 3610 In
1395 3556 1619 3610 nomine
1640 3571 1764 3610 meo
1788 3573 1803 3610 :
1830 3579 1855 3605 υ
1874 3557 2092 3611 Nomen

491 3645 716 3714 Christi,
738 3646 1063 3702 Paracletus.
1091 3645 1374 3702 Habemus
1407 3646 1577 3710 enim,
1609 3646 1808 3717 inquit,
1837 3644 2088 3701 Paracle-

490 3744 610 3791 tum
639 3737 832 3792 Jesum
861 3735 1159 3793 Christum.
1194 3735 1331 3806 Quia
1362 3735 1530 3808 igitur
1559 3744 1613 3790 et
1634 3736 1863 3807 Spiritus
1891 3734 1984 3807 qui
2007 3750 2092 3790 ve-

490 3827 570 3880 nit
611 3825 679 3881 ad
718 3826 1030 3898 discipulos,
1086 3826 1399 3881 Paracletus
1443 3824 1618 3881 factus
1659 3834 1757 3894 est,
1806 3824 2093 3880 mmstitias

490 3914 708 3971 illorum
737 3917 1143 3980 consolaturus,
1197 3916 1255 3970 in
1299 3917 1522 3970 nomine
1562 3915 1762 3970 Christi
1791 3915 1954 3969 venit.
1991 3917 2093 3969 Pa-

490 4005 725 4060 racletus
747 4005 895 4059 enim
921 4011 976 4059 et
997 4006 1112 4075 ipse
1131 4005 1274 4059 sicut
1298 4005 1570 4058 Christus.
1602 4003 1709 4059 Sed
1729 4012 1783 4059 et
1809 4003 2090 4059 Christum

492 4095 694 4148 Paulus
717 4092 1021 4147 nominavit
1050 4093 1334 4162 Spiritum,
1359 4093 1492 4146 dum
1521 4091 1674 4160 dicit,
1714 4117 1738 4140 ιι
1769 4095 1883 4147 Vos
1909 4100 2094 4146 autem

493 4196 609 4236 non
657 4181 786 4236 estis
813 4182 867 4235 in
896 4197 1080 4247 carne,
1113 4181 1206 4235 sed
1238 4179 1297 4234 in
1338 4181 1565 4250 Spiritu,
1596 4180 1640 4235 si
1671 4180 1890 4251 quidem
1920 4181 2090 4251 Spiri-

495 4277 585 4325 tus
634 4270 736 4325 Dei
783 4268 991 4325 habitat
1032 4269 1090 4325 in
1134 4269 1307 4325 vobis.
1353 4269 1410 4325 Si
1439 4277 1623 4324 autem
1666 4271 1787 4339 quis
1831 4270 2093 4341 Spiritum

498 4359 697 4415 Christi
726 4375 838 4414 non
882 4359 1066 4425 habet,
1114 4359 1204 4414 hic
1252 4375 1367 4414 non
1415 4368 1498 4414 est
1541 4359 1656 4429 ejus
1694 4359 1759 4414 ⁵⁷.
1801 4383 1827 4407 ι»
1881 4357 2094 4416 Deinde

495 4448 681 4506 subdit
705 4468 718 4506 :
749 4472 774 4498 ι
802 4449 856 4504 Si
892 4458 1076 4504 autem
1098 4448 1351 4505 Christus
1377 4449 1428 4504 in
1454 4450 1607 4504 vobis
1628 4450 1694 4503 ⁵³.
1727 4473 1751 4499 »
1779 4449 1947 4505 Vides
1968 4465 2097 4521 quo-

2197 3399 2283 3441 τος
2303 3419 2319 3448 ,
2351 3375 2472 3453 οὐχὶ
2521 3379 2612 3434 τοῦ
2643 3375 2774 3434 ἰδίου
2795 3423 2807 3445 ,
2837 3372 2866 3432 ὃ
2896 3381 3133 3434 ποιοῦσιν
3165 3374 3213 3431 0i.
3240 3373 3696 3441 ἀντιδιδάσκοντες
3727 3374 3807 3440 εἰς

2198 3465 2328 3524 ἴδιον
2376 3464 2576 3540 ὄνομα,
2630 3463 2747 3530 τοὺς
2788 3462 3314 3534 ἐπακολουθήσαντας
3367 3463 3543 3528 αὐτοῖς
3598 3461 3806 3540 ἐπαγό-

2201 3577 2371 3632 μενοι.
2406 3554 2559 3620 Τινὲς
2591 3552 2645 3612 δὲ
2675 3553 2762 3622 τὸ,
2789 3581 2812 3606 α
2847 3555 2899 3611 ἐν
2943 3555 3020 3634 τῷ
3063 3551 3283 3629 ὀνόματί
3320 3573 3453 3628 μου,
3495 3577 3520 3603 ι
3551 3549 3690 3610 οὕτω
3716 3575 3811 3611 νο·

2198 3649 2368 3702 οῦσιν⁶
2403 3639 2620 3718 Ὅνομα
2651 3649 2742 3702 τοῦ
2770 3644 3007 3723 Χριστοῦ
3033 3687 3047 3716 ,
3083 3643 3177 3713 τὸ,
3213 3639 3592 3720 Παράκλητος.
3626 3638 3808 3722 Ἔχο-

2202 3755 2297 3808 μεν
2323 3731 2445 3812 γὰρ,
2492 3733 2620 3811 φησὶ
2644 3777 2661 3806 ,
2695 3732 3052 3811 Παράκλητον
3096 3731 3306 3803 Ἰησοῦν
3333 3729 3588 3810 Χριστόν.
3636 3727 3802 3790 Ἐπεὶ

2200 3813 2288 3880 οὖν
2318 3823 2409 3880 καὶ
2448 3820 2510 3880 τὸ
2547 3824 2766 3898 Πνεῦμα
2801 3820 2947 3878 ἐλθὸν
2977 3827 3083 3887 τοῖς
3126 3819 3390 3895 μαθηταῖς
3440 3819 3804 3898 Παράκλητον

2199 3910 2416 3989 γέγονε,
2457 3909 2552 3978 τὰς
2586 3910 2760 3978 λύπας
2810 3911 2984 3976 αὐτοῖς
3017 3908 3578 3990 παραμυθησάμενον,
3623 3912 3676 3968 ἐν
3723 3911 3807 3989 τῷ

2200 3999 2423 4076 ὀνόματι
2445 4006 2533 4059 τοῦ
2563 4001 2798 4079 Χριστοῦ
2830 3991 2975 4070 ἦλθε·
3024 4000 3379 4077 Παράκλητος
3402 3997 3503 4078 γὰρ
3529 3997 3620 4054 καὶ
3649 3996 3806 4076 αὐτὸ,

2201 4091 2271 4156 ὡς
2301 4089 2442 4148 καὶὸ
2475 4087 2726 4168 Χριστός.
2774 4087 2939 4148 Ἀλλὰ
2977 4089 3070 4146 καὶ
3102 4087 3335 4168 Χριστὸν
3383 4086 3476 4145 καὶ
3520 4088 3744 4164 Πνεῦμα
3772 4089 3808 4146 δ

2203 4179 2421 4246 Παῦλος
2451 4178 2756 4255 ὠνόμασεν,
2792 4182 2841 4238 ἐν
2884 4168 2958 4244 οἶς
2994 4179 3156 4257 λέγει’
3191 4204 3213 4230 ι
3241 4175 3430 4254 Ὑμεῖς
3463 4175 3516 4235 δὲ
3549 4176 3643 4235 οὐκ
3681 4175 3808 4236 ἐστὲ

2202 4268 2254 4325 ἐν
2285 4267 2473 4348 σαρκὶ,
2525 4267 2643 4327 ἀλλ’
2687 4270 2740 4325 ἐν
2773 4266 3080 4344 Πνεύματι,
3112 4265 3260 4346 εἴπερ
3305 4269 3530 4343 Πνεῦμα
3557 4268 3697 4327 Θεοῦ
3729 4271 3808 4348 οἰ-

2202 4364 2286 4415 κεῖ
2318 4359 2368 4415 ἐν
2395 4361 2537 4433 ὑμῖν.
2574 4359 2642 4418 Εἰ
2673 4355 2729 4415 δέ
2751 4381 2830 4423 τις
2874 4359 3099 4434 Πνεῦμα
3132 4358 3368 4436 Χριστοῦ
3402 4357 3496 4413 οὐκ
3531 4355 3645 4434 ἔχει
3666 4402 3681 4428 ,
3709 4346 3810 4414 οῦ-

2203 4470 2288 4513 10;
2319 4448 2411 4504 οὐκ
2443 4446 2585 4507 ἔστιν
2629 4448 2809 4507 αὐτοῦ.
2838 4473 2862 4498 ι
2906 4438 3039 4506 Εἶτα
3071 4447 3283 4524 ἐπάγει·
3335 4468 3366 4500 α
3399 4446 3460 4504 Εἰ
3489 4444 3542 4502 δὲ
3576 4445 3810 4525 Χριστὸς

497 4538 666 4595 modo
694 4555 860 4610 supra
901 4539 1084 4594 dicens
1131 4538 1392 4608 Spiritum
1439 4539 1536 4595 Dei
1601 4539 1844 4594 habitare
1890 4540 1948 4594 in
1994 4539 2087 4605 eis,

2205 4537 2257 4593 ἐν
2304 4539 2451 4611 ὑμῖν.
2484 4564 2509 4589 ιο
2563 4535 2763 4616 εΟρξξίς,
2819 4539 2930 4604 πῶς
2980 4535 3088 4593 ἄνω
3119 4533 3282 4594 εἰπὼν
3320 4534 3413 4593 καὶ
3452 4537 3678 4612 Πνεῦμα
3711 4540 3806 4593 τοῦ

496 4629 690 4686 deinde
718 4628 906 4685 subdit
937 4647 950 4684 :
988 4653 1013 4677 σι
1049 4628 1300 4684 Christus
1341 4628 1395 4682 in
1422 4628 1596 4697 vobis,
1634 4652 1659 4677 υ
1690 4629 1965 4684 Christum
1989 4629 2093 4684 sci-

497 4718 623 4773 licet
650 4718 917 4788 Spiritum
945 4718 1270 4773 nominans?
1298 4717 1431 4787 Quia
1458 4717 1620 4785 igitur
1658 4719 1886 4790 Spiritus
1911 4718 2093 4774 Chris-

498 4815 587 4862 tus
613 4806 952 4870 nominatur,
984 4808 1057 4861 ita
1097 4807 1264 4863 debes
1293 4807 1598 4879 intelligere
1631 4827 1644 4866 ε
1677 4830 1702 4855 «ι
1754 4811 1816 4863 In
1868 4808 2096 4863 nomine

501 4912 630 4952 meo
647 4897 825 4951 mittet
840 4911 966 4951 eum
986 4900 1165 4962 Pater,
1185 4920 1209 4945 υ
1235 4895 1340 4952 hoc
1359 4905 1462 4963 est,
1494 4901 1561 4952 Et
1583 4898 1699 4970 ipse
1719 4898 2097 4953 nominabitur

501 4986 766 5044 Christus.
797 4986 971 5057 Igitur
1001 4994 1054 5041 et
1078 4987 1311 5057 Spiritus
1334 4995 1552 5043 sanctus
1585 4996 1640 5043 et
1667 4987 1855 5043 docuit
1878 4996 1934 5043 et
1967 5002 2095 5059 sug-

501 5077 678 5149 gessit.
731 5075 936 5131 Docuit
969 5076 1217 5148 quidem,
1259 5091 1597 5149 quazcunque
1624 5093 1738 5132 non
1781 5076 1994 5133 dixerat
2020 5077 2097 5132 eis

499 5167 769 5232 Christus,
820 5174 1010 5237 utpote
1062 5174 1280 5238 portare
1326 5182 1440 5222 non
1505 5167 1764 5222 valentes.
1823 5166 2100 5240 Suggessit

503 5271 654 5325 vero,
706 5271 1050 5328 quaecunque
1100 5255 1312 5312 dixerat
1373 5256 1596 5328 quidem
1654 5256 1948 5324 Dominus,
2000 5255 2098 5313 sed

503 5345 805 5412 obscurius,
841 5346 925 5402 vel
950 5361 1073 5418 quae
1117 5355 1342 5418 propter
1386 5345 1819 5402 imbecillitatem
1860 5345 2098 5403 rationis

505 5435 769 5491 memoria
803 5435 1271 5508 comprehendere
1307 5452 1422 5492 non
1452 5436 1745 5493 valuerunt
1771 5435 2025 5508 apostoli.

579 5614 752 5670 Vens.
775 5617 862 5670 27.
904 5638 929 5664 α
979 5619 1177 5672 Pacem
1207 5616 1460 5688 relinquo
1490 5614 1668 5685 vobis,
1699 5630 1888 5688 pacem
1917 5630 2098 5673 meam

580 5764 623 5796 ⁵⁷
651 5766 815 5820 Rom.
848 5779 989 5834 VIII,
1019 5771 1075 5822 9.
1115 5766 1158 5799 ⁵³
1187 5766 1322 5822 Ibid.
1357 5773 1439 5822 ιο.

2203 4627 2344 4686 Θεοῦ
2378 4627 2537 4684 οἰκεῖν
2585 4627 2639 4683 ἐν
2687 4627 2898 4698 αὐτοῖς,
2933 4618 3047 4682 εἶτα
3094 4623 3370 4700 ἐπήγαγε,
3419 4623 3696 4702 ιΧριστὸς
3749 4625 3806 4682 ἐν

2204 4717 2356 4791 ὑμῖν,
2401 4741 2425 4766 ν
2465 4713 2695 4794 Χριστὸν
2727 4716 2829 4793 γὰρ
2856 4713 3096 4789 δηλονότι
3132 4713 3194 4772 τὸ
3235 4716 3462 4788 Πνεῦμα
3505 4711 3803 4789 ὠνόμασεν.

2203 4802 2360 4862 Ἐπεὶ
2424 4795 2514 4862 οἶν
2563 4803 2624 4861 τὸ
2676 4806 2901 4880 Πνεῦμα
2957 4802 3188 4882 Χριστὸς
3244 4803 3591 4878 ὀνομάζεται,
3640 4801 3809 4868 οὕτως

2204 4891 2426 4972 ὀφείλεις
2469 4893 2604 4952 νοεῖν
2652 4892 2799 4952 αὐτό⁶
2856 4920 2882 4946 ιι
2910 4892 3006 4954 Ἐν
3045 4897 3123 4972 τῷ
3171 4890 3393 4968 ὀνόματί
3440 4915 3542 4967 μου
3593 4891 3800 4970 πέμψει

2207 4981 2334 5040 αὐτὸ
2376 4986 2402 5040 6
2432 4983 2657 5061 Πατήρ·
2711 5010 2736 5034 ν
2774 4981 3079 5056 τουτέστιν,
3131 4981 3212 5041 ὅτι
3254 4981 3345 5040 καὶ
3374 4980 3530 5048 αὐτὸς
3576 4979 3809 5058 Χριστὸς

2205 5071 2643 5149 ὀνομασθήσεται.
2694 5074 2771 5132 Τὸ
2815 5061 2904 5130 οῦν
2951 5072 3102 5151 ἅγιον
3153 5075 3396 5151 Πνεῦμα,
3429 5071 3520 5130 καὶ
3570 5068 3806 5144 ἐδίδαξε,

2207 5159 2297 5220 καὶ
2326 5162 2655 5239 ὓπὲμνησεν³
2690 5161 2890 5230 ἐδίδαξε
2919 5150 3048 5238 μὲν,
3088 5159 3188 5218 ὅσα
3232 5161 3326 5220 οὐκ
3350 5150 3490 5220 εἶπεν
3521 5163 3549 5218 ὂ
3579 5159 3812 5240 Χριστὸς

2208 5251 2408 5322 αὐτοῖς,
2455 5255 2526 5317 ὥς
2570 5250 2645 5327 μὴ
2691 5250 3000 5324 δυναμένοις
3056 5249 3343 5330 βαστάσαι·
3397 5249 3670 5321 ὑπέμνησε
3720 5249 3814 5322 δὲ,

2209 5339 2306 5398 ὅσα
2331 5330 2444 5399 εἶπε
2479 5340 2572 5415 μὲν
2606 5344 2632 5398 6
2660 5339 2853 5420 Κύριος
2875 5385 2892 5415 ,
2924 5340 3029 5398 εἴτε
3055 5339 3108 5397 δὲ
3146 5341 3211 5397 δι’
3246 5338 3538 5420 ἀσάφειανί,
3571 5337 3605 5408 ἢ
3637 5336 3721 5395 διὰ
3750 5338 3815 5396 τὸ

2209 5428 2365 5495 νωθὲς
2406 5435 2500 5488 τοῦ
2561 5431 2817 5507 λογισμοῦ
2863 5430 2958 5487 οὐκ
3004 5428 3347 5502 ἠδυνήθησαν
3399 5434 3691 5506 κατασχεῖν
3739 5431 3811 5508 τῇ

2209 5518 2398 5597 μνήμῃ
2427 5521 2473 5577 οἱ
2505 5520 2805 5578 ἀπόστολοι.

2291 5635 2315 5662 ι
2346 5608 2582 5688 Εἰρήνην
2625 5607 2820 5688 ἀφίημι
2850 5607 3006 5686 ὑμῖν,
3048 5606 3263 5688 εἰρήνην
3303 5606 3401 5680 τὴν
3443 5607 3581 5688 ἐμὴν
3611 5606 3812 5685 δίδωμι
