4128 6428
452 431 546 489 191
1447 430 1962 487 THEOPHYLACTI
1991 431 2352 490 BULGARIE
2388 433 2703 492 ARCHIEP.

3648 437 3754 492 £92

451 580 479 609 α
520 559 590 613 Et
611 571 757 612 nunc
785 555 900 612 dixi
931 555 1084 613 vobis
1107 557 1426 629 priusquam
1459 555 1576 623 ﬁat,
1599 565 1663 612 ut
1689 572 1820 613 cum
1849 555 2050 614 factum

2159 563 2313 619 τοῦτο
2344 551 2487 636 εἷπε,
2518 563 2624 620 τῶν
2667 561 2985 640 νομιζόντων
3038 562 3193 623 αὐτὸν
3250 565 3348 642 μὲν
3405 568 3632 641 ἀσθενῆ,
3660 569 3751 629 τὸν

444 645 634 714 fuerit,
656 645 912 715 credatis,
947 666 974 699 ι)
997 647 1102 702 hoc
1135 655 1239 714 est,
1265 650 1348 702 Ita
1373 647 1516 702 bene
1537 645 1670 716 ﬁdo,
1700 655 2049 720 mortemque

449 752 563 793 non
609 737 803 804 timeo,
839 752 1021 807 neque
1050 736 1218 792 tristis
1261 751 1404 801 sum,
1459 745 1520 790 ut
1559 743 1614 791 et
1660 735 1954 808 praedicam
1993 745 2050 794 et

449 824 688 898 gaudere
735 840 832 880 vos
864 824 1118 897 jubeam,
1173 844 1199 877 α
1248 833 1310 880 ut
1338 824 1560 896 quando
1606 824 1813 880 factum
1863 824 2047 892 fuerit,

448 912 687 970 credatis
714 912 873 980 mihi,
927 936 952 963 ιι
992 913 1140 986 quod
1188 913 1328 970 sicut
1369 913 1500 968 scivi
1527 914 1854 970 alﬂictioues
1897 915 2052 972 vobis

448 1003 796 1071 obventuras,
840 1011 896 1058 et
937 1002 1289 1074 prmdixerim
1338 1018 1430 1058 eas
1474 1018 1587 1058 non
1639 1004 1928 1072 mentiens,
1965 1005 2043 1060 ita

449 1107 630 1166 neque
658 1091 729 1148 de
759 1091 999 1148 adventu
1028 1091 1287 1148 Paraeleti
1335 1101 1389 1148 et
1430 1091 1823 1148 consolationis
1852 1093 2048 1164 praedi-

447 1197 582 1238 cens
632 1181 889 1248 mentiar,
936 1179 1034 1236 sed
1065 1181 1252 1237 omnia
1283 1181 1438 1236 vobis
1459 1181 1700 1252 jucunda
1730 1190 2044 1237 occurrent.

446 1269 682 1340 Quidam
714 1278 901 1326 autem
938 1272 1180 1337 Patrem,
1210 1269 1512 1326 secundum
1542 1270 1687 1341 quod
1719 1271 2048 1342 principium

447 1369 502 1417 et
538 1377 698 1416 causa
726 1369 808 1416 est
846 1359 990 1428 Filii,
1023 1356 1336 1432 intelligunt
1379 1359 1649 1431 majorem
1691 1375 1828 1416 esse.
1871 1361 2051 1432 Major

448 1451 619 1522 709
647 1449 800 1506 enim
825 1463 914 1505 me
958 1456 1061 1517 est,
1111 1450 1312 1522 inquit,
1341 1451 1514 1519 Pater,
1565 1449 1872 1506 secundum
1901 1449 2050 1522 quod

448 1539 780 1612 principium
829 1545 883 1595 et
924 1554 1085 1594 causa
1133 1554 1256 1594 mea
1286 1545 1389 1594 est.
1426 1542 1504 1594 Ex
1553 1538 1670 1610 ipso
1694 1539 1842 1595 enim
1890 1549 2052 1596 natus

447 1644 592 1685 sum.
626 1633 700 1684 At
718 1627 988 1700 majorem
1021 1627 1138 1699 ipso
1160 1643 1276 1682 esse
1310 1629 1550 1694 Patrem,
1573 1643 1680 1682 non
1709 1625 1841 1683 facit
1868 1627 2048 1700 ipsum

445 1717 669 1774 alterius
696 1717 1039 1773 substantiae.
1075 1719 1218 1772 Nam
1248 1717 1494 1788 quamvis
1519 1716 1572 1772 in
1617 1716 1936 1773 hominibus
1961 1722 2046 1784 (ut

2161 649 2214 709 δὲ
2252 653 2469 730 Πατέρα
2501 650 2789 725 δυνάμενον
2820 653 2993 721 αὐτοῖς
3023 653 3317 732 ἐπαρκέσαι
3355 658 3409 715 ἐν
3435 662 3603 738 καιρῷ
3633 660 3753 717 θλί-

2159 743 2321 819 ψεων.
2367 763 2395 799 (ι
2424 741 2530 800 Καὶ
2561 748 2648 801 νῦν
2679 741 2865 819 εἴρηκα
2896 747 3020 817 ὑμῖν
3049 743 3172 822 πρὶν
3197 745 3481 824 γενέσθαι,
3508 746 3596 805 ἵνα
3625 748 3751 807 ὅταν

2159 831 2412 910 γένηται,
2456 830 2778 902 πιστεύσητε
2799 853 2813 868 ⁸
2845 853 2876 890 1)
2912 833 3214 906 τουτέστιν,
3238 835 3399 894 Οὕτω
3433 839 3627 919 θαῤῥῶ,
3661 839 3752 898 καὶ

2161 923 2218 982 οὐ
2267 920 2478 979 δέδοικα
2523 921 2610 980 τὸν
2664 921 2916 1000 θάνατον,
2953 923 3069 983 οὐδὲ
3121 925 3424 1002 λυποῦμαι,
3467 925 3608 986 ὥστε
3661 928 3754 988 καὶ

2159 1013 2437 1091 προλέγω,
2467 1010 2556 1068 καὶ
2587 1009 2792 1090 χαίρειν
2827 1017 2948 1090 ὑμῖν
2993 1014 3399 1090 διακελεύομαι,
3441 1039 3470 1075 (ι
3503 1014 3593 1074 ἵνα
3622 1018 3752 1078 ὅταν

2159 1101 2410 1177 γένηται,
2449 1099 2766 1172 πιστεύσητέ
2814 1125 2928 1178 μοι.
2981 1124 3012 1160 ›)
3043 1098 3173 1162 ’Ὅτι
3235 1103 3418 1184 ὥσπερ
3469 1107 3618 1185 ᾔδειν
3660 1109 3756 1175 τὰς

2161 1190 2359 1271 θλίψεις
2405 1189 2820 1268 συμϐησομένας
2885 1192 3039 1266 ὑμῖν,
3093 1192 3184 1252 xui
3239 1195 3506 1272 προειπὼν
3555 1199 3753 1264 ταύτας

2159 1282 2254 1340 οὐκ
2285 1282 2622 1361 ἐψευσάμην,
2647 1279 2810 1348 οὕτως
2838 1281 2956 1340 οὐδὲ
2995 1281 3062 1342 τὰ
3090 1280 3212 1362 περὶ
3245 1287 3336 1355 τῆς
3362 1286 3756 1365 παρακλήσεως

2160 1372 2250 1430 καὶ
2295 1369 2644 1450 ψυχαγωγίας
2695 1374 2840 1446 ὑμῶν
2891 1370 3196 1452 προειπὼν,
3253 1374 3754 1454 διαψευσθήσομαι,

2161 1458 2300 1518 ἀλλὰ
2333 1459 2507 1518 πάντα
2539 1463 2661 1535 ὑμῖν
2691 1458 2760 1519 τὰ
2806 1463 3122 1541 χαρμόσυνα
3165 1463 3554 1536 ἀπαντήσουσι.
3598 1466 3758 1534 Τινὲς

2161 1550 2216 1609 δὲ
2249 1551 2309 1610 τὸ
2339 1549 2554 1626 μείζονα
2584 1539 2720 1609 εἶναι
2751 1539 2841 1610 τὸν
2865 1539 3110 1632 Πατέρα,
3143 1552 3276 1610 καθὸ
3325 1553 3490 1622 αἴτιός
3521 1557 3630 1614 ἐστι
3663 1562 3756 1614 τοῦ

2160 1643 2327 1715 Υῖοῦ,
2364 1645 2562 1700 νοοῦσι.
2611 1639 2821 1709 Μείζων
2875 1641 3000 1721 γὰρ’
3038 1640 3228 1720 φησὶν,
3279 1641 3422 1701 ἔστιν
3455 1648 3482 1703 ὁ
3531 1645 3753 1725 Πατῆρ’

2159 1729 2290 1790 καθὸ
2338 1728 2503 1796 αἴτιος
2535 1729 2625 1788 xui
2681 1730 2823 1809 ἀρχή
2859 1732 3163 1814 μοῦμέστινο
3210 1730 3262 1800 ἐξ
3315 1734 3475 1794 αὐτοῦ
3520 1733 3623 1814 γὰρ
3659 1757 3756 1812 γε-

447 1807 681 1878 exempli
721 1821 881 1860 causa
919 1805 1190 1872 dicamus)
1237 1804 1417 1877 major
1458 1805 1528 1861 sit
1572 1814 1724 1876 pater
1765 1807 1900 1875 tilio,
1955 1806 2050 1863 sed

2165 1818 2440 1898 γέννημαι.
2475 1820 2556 1880 Τὸ
2587 1818 2641 1878 δὲ
2690 1819 2904 1896 μείζονα
2937 1807 3072 1878 εἶναι
3108 1819 3197 1878 τὸν
3248 1820 3493 1902 Πατέρα,
3524 1825 3584 1882 οὐ
3613 1831 3757 1882 ποιεῖ

437 1896 553 1969 jam
581 1911 694 1950 non
731 1895 958 1951 alterius
988 1902 1203 1951 natura:
1226 1902 1327 1950 est.
1383 1896 1523 1950 Dein
1555 1894 1740 1951 dicant
1778 1895 2045 1965 haeretici,

442 1983 747 2042 secundum
767 1983 902 2056 quid
923 1984 1072 2039 venit
1092 1984 1163 2039 ad
1193 1986 1410 2039 Patrem
1427 1984 1672 2039 Christus
1691 1987 1714 2038 ε’
1733 1984 2046 2040 secundum

443 2073 594 2146 quod
637 2077 808 2140 Deus,
838 2073 920 2128 vel
952 2071 1261 2127 secundum
1308 2071 1458 2144 quod
1503 2072 1704 2128 homo?
1730 2073 2048 2130 Secundum

445 2162 594 2235 quod
635 2163 826 2218 homo.
858 2162 997 2232 Quia
1024 2160 1328 2216 secundum
1376 2161 1524 2232 quod
1566 2165 1716 2216 Deus
1750 2177 1967 2234 semper
1993 2163 2050 2218 in

447 2251 606 2310 caelis
642 2260 779 2317 erat,
828 2259 884 2306 et
927 2251 1269 2322 inseparatus
1295 2266 1326 2306 a
1353 2253 1516 2308 Patre
1548 2269 1562 2307 :
1612 2250 1914 2307 secundum
1945 2252 2047 2308 hu-

448 2355 678 2398 manam
707 2340 876 2412 igitur
903 2347 1163 2397 naturam
1192 2339 1371 2414 major
1399 2355 1466 2398 eo
1491 2339 1696 2398 dicitur
1717 2356 1836 2398 esse
1868 2343 2045 2400 Pater.

518 2577 693 2631 Vitas.
739 2578 830 2643 30,
871 2578 961 2631 3t.
1009 2596 1033 2622 ι
1080 2571 1316 2630 Posthac
1354 2589 1468 2630 non
1512 2573 1690 2630 multa
1719 2573 1918 2646 loquar
1946 2591 2048 2631 vo-

447 2663 682 2720 biscum.
731 2663 898 2720 Venit
937 2662 1085 2718 enim
1126 2663 1381 2734 princeps
1428 2663 1620 2719 mundi
1663 2661 1849 2736 hujus,
1892 2673 1947 2719 et
1992 2664 2048 2720 in

447 2767 538 2809 me
562 2768 677 2808 non
707 2751 873 2807 habet
901 2751 1200 2823 quidquam
1225 2769 1239 2808 :
1271 2751 1368 2807 sed
1395 2759 1458 2806 ut
1484 2760 1781 2823 cognoscat
1809 2751 2051 2810 mundus

447 2841 596 2914 quod
640 2840 803 2913 diligo
829 2841 1076 2908 Patrem,
1107 2847 1164 2895 et
1190 2839 1334 2895 sicut
1362 2848 1697 2912 praeceptum
1734 2841 1886 2898 dedit
1908 2842 2052 2898 mihi

448 2933 632 2996 Pater,
679 2928 755 2984 sic
776 2927 940 2984 facio.
989 2951 1014 2978 ι
1044 2929 1184 2984 Cum
1223 2928 1539 2985 consolatus
1568 2937 1715 2986 esset
1752 2929 2052 3001 discipulos

447 3034 547 3090 per
577 3034 637 3073 ea
667 3033 790 3089 qua:
815 3033 981 3089 supra
1020 3016 1162 3073 dicta
1187 3025 1340 3085 sunt,
1371 3018 1570 3073 iterum
1609 3017 1746 3074 dicit
1783 3018 1852 3074 de
1873 3027 2053 3075 morte

449 3123 568 3164 sua.
614 3128 642 3158 »
677 3107 838 3164 Venit
873 3106 1043 3173 enim,
1073 3107 1267 3177 inquit,
1301 3107 1556 3178 princeps
1587 3105 1750 3177 hujus
1778 3107 1996 3176 mundi,
2027 3129 2050 3156 ι

451 3197 556 3253 hoc
597 3204 701 3265 est,
750 3195 1023 3252 diabolus.
1075 3195 1386 3268 Principem
1433 3203 1616 3251 autem
1646 3195 1791 3251 hunc
1818 3195 2056 3270 intellige

448 3285 667 3354 mundi,
709 3300 826 3340 non
871 3287 1155 3353 creaturae,
1198 3284 1294 3340 sed
1325 3284 1519 3340 mundi
1563 3282 1779 3340 confusi
1805 3293 1862 3341 et
1889 3301 2052 3341 mun-

449 3374 592 3430 dana
620 3373 873 3445 sapientis
914 3392 929 3430 :
960 3389 1073 3428 non
1103 3373 1250 3429 enim
1301 3373 1506 3429 calum
1551 3374 1821 3444 gubernat
1851 3390 1915 3430 ac
1942 3385 2050 3431 ter-

449 3479 594 3531 ram,
621 3462 750 3535 quia
787 3464 972 3519 omnia
996 3463 1281 3519 evertisset
1307 3471 1361 3518 et
1389 3463 1796 3532 conturbasset,
1829 3464 1925 3520 sed
1957 3480 2052 3521 eos

453 3553 545 3624 qui
588 3560 781 3624 sponte
808 3568 866 3608 se
909 3552 984 3607 illi
1025 3552 1296 3608 tradunt:
1339 3552 1465 3608 ideo
1511 3559 1567 3607 et
1605 3553 1862 3625 princeps
1892 3561 2052 3610 tene-

451 3643 673 3698 brarum
712 3641 932 3698 dicitur.
973 3645 1076 3698 Per
1105 3641 1356 3697 tenebras
1393 3641 1631 3714 intelligo
1669 3658 1830 3714 prava
1864 3659 2051 3715 opera.

453 3734 517 3788 Et
546 3731 676 3803 quia
727 3731 1017 3788 verisimile
1053 3740 1173 3788 erat
1203 3730 1478 3802 quosdam
1507 3731 1772 3803 suspicari
1832 3749 1971 3788 num
2002 3741 2056 3789 et

449 3820 698 3878 Christus
741 3828 966 3893 propter
1000 3829 1224 3893 peccata
1253 3829 1396 3877 esset
1427 3821 1594 3876 morti
1637 3819 1895 3888 traditus,
1923 3836 2051 3893 pro-

453 3919 636 3983 pterea
666 3911 853 3967 subdit
880 3928 894 3966 :
925 3932 950 3959 ι
978 3913 1040 3966 In
1062 3925 1155 3966 me
1183 3927 1296 3966 non
1321 3910 1488 3967 habet
1511 3909 1837 3982 quidquam,
1867 3928 1894 3962 ››
1926 3925 2054 3964 cum

449 4017 562 4055 non
589 3999 857 4056 obnoxius
884 3999 990 4054 sim
1033 3999 1225 4066 morti,
1271 4015 1450 4070 neque
1493 3998 1796 4069 quidquam
1825 3997 2054 4054 debeam

451 4087 703 4157 diabolo;
733 4085 830 4142 sed
876 4095 1098 4157 propter
1139 4086 1493 4142 dilectionem
1523 4101 1650 4157 erga
1681 4089 1923 4150 Patrem,
1955 4102 2051 4142 vo-

455 4175 725 4234 luntarius
777 4174 1020 4229 sustineo
1068 4174 1401 4244 passionem.
1433 4173 1712 4230 Continuo
1743 4181 1928 4230 autem
1967 4190 2052 4231 re-

454 4265 588 4337 petit
616 4278 898 4319 sermones
939 4263 1008 4319 de
1038 4270 1239 4330 morte,
1280 4263 1387 4319 illis
1416 4262 1722 4334 adjungens
1753 4273 1806 4320 et
1829 4278 1951 4334 qua:
1984 4264 2053 4320 ad

2162 1909 2317 1968 αὐτὸν
2350 1909 2440 1967 xui
2489 1907 2668 1988 ἑτέρας
2707 1909 2886 1975 οὐσίας
2935 1899 3092 1971 εἶναι.
3146 1909 3256 1970 Καὶ
3301 1899 3415 1991 γὰρ
3435 1899 3527 1972 καὶ
3578 1914 3632 1970 ἒν
3665 1916 3759 1971 ἀν-

2160 1999 2417 2078 θρώποις,
2449 1999 2574 2078 φέρε
2625 2000 2811 2072 εἰπεῖν,
2858 1999 3052 2077 μείζων
3103 1998 3246 2058 ἐστὶν
3297 2003 3326 2058 6
3376 1999 3560 2083 πατὴρ
3606 2005 3758 2077 uicti,

2162 2091 2278 2147 ἀλλ’
2310 2090 2404 2147 οὐκ
2430 2087 2534 2160 ἤδη
2561 2086 2657 2146 καὶ
2685 2088 2867 2167 ἑτέρας
2896 2086 3124 2168 φύσεως.
3157 2087 3393 2150 Ἔπειτα
3449 2093 3756 2152 εἰπάτωσαν

2160 2181 2208 2238 οἱ
2239 2177 2526 2258 αἱρετικοὶ,
2561 2177 2702 2237 κατὰ
2751 2177 2804 2236 τί
2853 2177 3133 2258 ἐπορεύετο
3161 2178 3291 2259 πρὸς
3337 2178 3425 2237 τὸν
3469 2181 3690 2259 Πατέρα
3731 2186 3760 2242 6

2158 2267 2412 2342 ’Χριστόςο
2463 2266 2594 2326 καθὸ
2645 2266 2814 2340 Θεὸς,
2866 2267 2901 2338 ἢ
2947 2267 3079 2326 καθὸ
3126 2267 3434 2348 ἅνθρωπος;
3499 2270 3758 2348 Πάντως,

2160 2357 2291 2417 καθὸ
2322 2357 2628 2435 ἄνθρωπος,
2659 2355 2772 2417 ἐπεὶ
2801 2357 2933 2416 καθὸ
2965 2355 3130 2427 Θεὸς,
3176 2357 3259 2416 ἀεὶ
3288 2359 3342 2416 ἐν
3375 2363 3612 2440 οὐρανοῖς
3657 2351 3758 2435 ἦν,

2159 2448 2252 2507 καὶ
2310 2447 2606 2528 ἀχώριστος
2665 2450 2756 2505 τοῦ
2812 2446 3042 2534 Πατρός.
3097 2446 3254 2507 Κατὰ
3316 2447 3378 2507 τὸ
3429 2449 3760 2534 ἀνθρώπινον

2189 2530 2219 2560 τ
2326 2537 2338 2551 ι
2438 2527 2441 2528 ⁷
2602 2537 2615 2557 I
2801 2537 2818 2557 τ
2889 2541 2922 2554 ~
2980 2527 3008 2555 τ
3337 2537 3352 2558 I

2159 2560 2248 2597 ουν
2277 2539 2492 2616 λέγεται
2525 2540 2720 2613 μειζων
2759 2558 2923 2594 αυτου
2962 2558 3097 2595 ειναι
3131 2541 3160 2596 6
3191 2539 3412 2618 Πατηρ.

2249 2649 2280 2686 α
2323 2630 2441 2688 Οὐκ
2470 2626 2548 2686 ἔτι
2572 2624 2747 2685 πολλὰ
2774 2624 2996 2696 λαλήσω
3026 2631 3144 2704 μεθ’
3167 2629 3335 2704 ὑμῶν.
3360 2625 3626 2708 Ἔρχεται
3651 2629 3762 2711 γὰρ

2159 2721 2187 2778 6
2239 2718 2420 2797 ἄρχων
2449 2721 2541 2775 τοῦ
2589 2715 2793 2792 κόσμου
2825 2715 3044 2789 τούτου,
3098 2717 3189 2776 xui
3238 2717 3291 2776 ἐν
3343 2717 3462 2795 ἐμοὶ
3509 2719 3608 2778 οὐκ
3644 2721 3760 2799 ἔχει

2160 2808 2328 2868 οὐδέν.
2361 2807 2503 2865 Ἀλλ’
2533 2804 2620 2864 ἵνα
2671 2807 2780 2886 γνῷ
2818 2810 2846 2864 ὁ
2889 2805 3115 2884 κόσμος,
3144 2804 3225 2866 ὅτι
3271 2809 3465 2888 ἀγαπῶ
3516 2807 3602 2867 τὸν
3637 2811 3763 2868 Πα-

2161 2897 2320 2978 τέρα,
2385 2896 2476 2956 xui
2535 2894 2710 2964 καθὼς
2759 2895 3053 2955 ἐνετείλατό
3111 2919 3200 2970 μοι
3259 2900 3288 2956 6
3349 2897 3561 2977 Πατὴρ,
3617 2897 3764 2958 οὕτω

2161 2990 2322 3048 ποιῶ.
2379 3011 2410 3043 ι
2450 2985 2988 3064 Παραμυθησάμενος
3038 2983 3158 3053 τοὺς
3211 2987 3454 3062 μαθητὰς
3501 2987 3590 3048 διὰ
3649 2991 3760 3047 τῶν

2163 3079 2361 3136 ἄνωθεν
2391 3075 2714 3158 εἰρημένων,
2753 3075 2915 3134 πάλιν
2962 3073 3106 3153 λέγει
3133 3075 3200 3136 τὰ
3243 3076 3364 3156 περὶ
3416 3082 3511 3136 τοῦ
3560 3078 3760 3138 οἰκείου

2085 3139 2134 3202 c
2165 3167 2413 3229 θανάτου.
2443 3139 2784 3245 ι«ιη”Ερχεται
2833 3163 2954 3243 γὰρ,
2999 3139 3180 3246 φησὶν,
3215 3168 3244 3224 6
3284 3139 3375 3226 τὸῦ
3429 3167 3632 3244 κόσμου
3663 3168 3760 3247 ἄρ.

2161 3281 2275 3338 χων
2292 3301 2308 3331 ,
2337 3279 2367 3315 n
2400 3255 2667 3316 τουτέστιν
2685 3300 2701 3332 ,
2723 3257 2751 3312 6
2777 3253 3040 3321 διάϐολος.
3068 3250 3126 3314 Ἀ
3139 3277 3332 3334 ρχοντα
3367 3255 3420 3316 δὲ
3441 3263 3624 3317 τοῦτον
3652 3257 3764 3318 νόει

2164 3371 2255 3425 μοι
2287 3352 2378 3406 τοῦ
2427 3345 2648 3419 κόσμου,
2698 3343 2772 3422 μὴ
2803 3346 2895 3414 τῆς
2938 3342 3182 3417 κτίσεως,
3221 3344 3358 3404 ἀλλὰ
3402 3351 3492 3405 τοῦ
3535 3346 3762 3426 χυδαίου

2161 3441 2313 3511 λαοῦ,
2347 3435 2438 3494 xui
2468 3433 2534 3493 τὰ
2563 3438 2654 3493 τοῦ
2685 3432 2886 3510 κόσμου
2922 3438 3254 3512 φρονοῦντος.
3291 3435 3372 3494 Οὐ
3402 3433 3504 3514 γὰρ
3533 3438 3760 3516 οὐρανοῦ

2163 3528 2319 3606 ἄρχει
2348 3525 2438 3584 xui
2470 3527 2599 3605 γῆς,
2631 3523 2743 3582 ἐπεὶ
2774 3522 2841 3581 τὰ
2885 3523 3062 3580 πάντα
3094 3523 3153 3582 ἂν
3193 3522 3470 3604 ἀνέτρεψε,
3502 3525 3590 3584 καὶ
3633 3551 3763 3586 συν-

2165 3615 2448 3696 ετάραξεν,
2501 3612 2639 3671 ἀλλὰ
2683 3617 2787 3672 τῶν
2854 3611 3069 3679 ἑαυτοὺς
3147 3613 3541 3693 παραδιδόντων
3595 3617 3765 3698 αὐτῷ.

2164 3708 2267 3769 Διὰ
2319 3713 2471 3766 τοῦτο
2519 3703 2609 3762 καὶ
2666 3702 2847 3782 ἄρχων
2886 3707 2978 3762 τοῦ
3020 3701 3235 3770 σκότους
3278 3703 3521 3779 λέγεται·
3569 3705 3762 3778 σκότος

2166 3799 2220 3858 δὲ
2251 3795 2356 3856 νόει
2387 3794 2480 3861 τὰς
2509 3791 2743 3870 πονηρὰς
2787 3791 3024 3871 πράξεις.
3065 3792 3224 3852 ³Επεὶ
3253 3791 3308 3851 δὲ
3360 3794 3498 3862 εἰκὸς
3526 3786 3592 3866 ἦν
3625 3800 3761 3855 ὑπο.

2164 3885 2350 3958 νοῆσαί
2386 3903 2560 3950 τινας
2589 3875 2727 3962 ’Ἆρα
2756 3882 2847 3941 xui
2877 3885 2907 3940 6
2968 3881 3197 3962 Χριστὸς
3243 3883 3308 3939 δι’
3340 3882 3608 3962 ἁμαρτίας
3650 3909 3757 3944 πα-

2166 3977 2436 4056 ραδίδοται
2465 3977 2542 4053 τῷ
2571 3972 2812 4051 θανάτῳ,
2850 3969 3087 4050 ἐπήγαγε
3119 3969 3204 4028 διὰ
3245 3976 3428 4046 τοῦτο,
3473 3972 3552 4030 ὅτι
3607 3994 3634 4029 (ι
3665 3973 3764 4035 Ἐν

2163 4063 2283 4143 ἐμοὶ
2316 4063 2431 4142 ἔχει
2460 4063 2629 4123 οὐδέν.
2661 4081 2691 4118 ι)
2728 4061 2846 4138 Οὐχ
2883 4060 3164 4126 ὑπεύθυνος
3196 4057 3300 4140 γὰρ
3328 4059 3400 4118 ὢν
3423 4063 3499 4141 τῷ
3525 4061 3760 4143 θανάτῳ,

2165 4154 2311 4214 οὐδὲν
2355 4152 2579 4232 ὀφείλων
2632 4153 2709 4230 τῷ
2750 4149 3006 4230 διαϐόλῳ,
3051 4148 3191 4207 ἀλλὰ
3219 4149 3306 4207 διὰ
3346 4149 3442 4220 τὴν
3482 4149 3611 4228 πρὸς
3663 4153 3759 4210 τὸν

2166 4241 2390 4324 Πατέρα
2420 4239 2666 4320 ἀγάπην,
2697 4237 2832 4298 ἑκὼν
2865 4241 3161 4320 ὑφίσταμαι
3190 4238 3250 4298 τὸ
3283 4239 3470 4307 πάθος.
3507 4241 3764 4322 Συνεχῶς

454 4353 895 4410 consolationem
948 4353 1323 4424 pertinebant,
1379 4361 1442 4409 ut
1497 4352 1901 4409 credibiliorem
1956 4354 2050 4411 illis

2166 4335 2219 4394 δὲ
2275 4330 2565 4391 ἀνακυκλοῖ
2595 4328 2714 4396 τοὺς
2761 4327 2886 4410 περὶ
2927 4333 3020 4387 τοῦ
3071 4328 3297 4388 θανάτου
3359 4328 3575 4408 λόγους,
3623 4333 3764 4388 ἀνα-

453 4444 681 4500 faceret.
734 4443 1036 4498 Audientes
1063 4443 1210 4499 enim
1247 4441 1392 4514 quod
1425 4441 1717 4511 moriatur,
1755 4441 1976 4498 discunt
2001 4455 2055 4500 et

451 4532 600 4606 quod
653 4532 996 4588 voluntarius
1055 4539 1381 4588 contemnat
1441 4530 1746 4600 diabolum,
1800 4539 1855 4586 et
1903 4531 2052 4603 quod

450 4630 676 4696 propter
720 4621 1046 4678 charitatem
1076 4637 1204 4693 erga
1243 4625 1460 4678 Patrem
1489 4621 1745 4678 moritur.
1792 4621 1846 4676 Si
1889 4621 2054 4693 igitur

453 4712 757 4785 perniciosa
787 4710 983 4766 fuisset
1011 4711 1212 4782 passio,
1245 4719 1300 4766 et
1332 4727 1444 4766 non
1471 4711 1744 4778 salutaris,
1767 4711 2052 4782 quomodo

453 4801 809 4874 approbasset
853 4803 1039 4868 Pater,
1087 4800 1181 4871 qui
1229 4800 1526 4872 diligebat?
1577 4799 1862 4871 quomodo
1920 4799 2050 4855 item

450 4891 620 4948 Filius
649 4889 746 4961 qui
770 4889 1114 4960 diligebatur,
1137 4889 1342 4945 obisset
1361 4893 1520 4947 eam?
1548 4889 1840 4959 Quomodo
1865 4895 2051 4945 autem

450 4979 821 5051 intelligemus
871 4978 1020 5050 quod
1077 4987 1301 5051 propter
1346 4995 1596 5035 amorem
1647 4993 1776 5050 erga
1826 4980 2052 5034 Patrem

449 5069 749 5126 moriatur?
778 5070 958 5136 Pater,
989 5067 1184 5139 inquit,
1223 5068 1318 5140 qui
1350 5067 1531 5140 diligit
1558 5067 1853 5136 mundum,
1886 5082 2051 5138 expo-

448 5160 559 5215 suit
583 5175 676 5215 me
705 5174 804 5231 pro
838 5157 1064 5214 illorum
1094 5164 1292 5213 morte.
1317 5159 1434 5228 Ego
1463 5172 1685 5229 quoque
1715 5159 1936 5212 Patrem
1960 5155 2048 5212 di-

449 5249 640 5318 ligens,
685 5248 1022 5303 voluntatem
1063 5245 1182 5319 ejus
1225 5246 1494 5318 approbo,
1539 5253 1596 5300 et
1637 5245 1868 5302 ostendo
1905 5245 2051 5316 quod

449 5335 674 5406 diligam
719 5339 964 5404 Patrem,
1012 5351 1106 5408 per
1137 5336 1242 5392 hoc
1270 5335 1419 5408 quod
1464 5334 1796 5391 mandatum
1842 5332 1913 5390 ab
1961 5349 2051 5403 eo,

451 5423 557 5479 hoc
575 5433 678 5492 est,
700 5426 1089 5498 complacitum
1119 5425 1218 5493 illi,
1257 5433 1313 5480 et
1335 5425 1619 5482 decretum
1645 5423 1714 5479 ab
1743 5439 1832 5491 eo,
1871 5423 2051 5478 susei-

452 5511 544 5584 pio
571 5520 628 5567 et
655 5514 896 5583 perﬁcio.
934 5515 1114 5571 Dicite
1148 5513 1440 5570 Arianistzn
1473 5534 1486 5569 ε
1519 5514 1573 5568 Si
1602 5527 1794 5568 servus
1823 5511 1929 5566 fuit
1958 5510 2049 5567 Fi-

450 5600 584 5666 lius,
614 5615 727 5655 non
753 5600 994 5670 dixisset,
1027 5605 1256 5673 Propter
1291 5601 1644 5658 dilectionem
1672 5615 1802 5673 erga
1829 5601 2050 5656 Patrem

450 5688 681 5746 morior.
731 5690 932 5747 Servus
985 5689 1158 5760 enim,
1211 5705 1324 5748 non
1371 5690 1501 5763 quia
1534 5690 1716 5764 diligit
1757 5689 2050 5748 dominum

2165 4423 2351 4504 μιγνὺς
2397 4420 2572 4486 αὐτοῖς
2616 4419 2707 4477 xui
2753 4418 2820 4476 τὰ
2870 4417 3208 4496 παράκλησιν
3259 4417 3520 4499 φέροντα,
3551 4417 3639 4479 ἵνα
3673 4424 3764 4479 εὐ-

2163 4512 2495 4594 παράδεκτον
2521 4509 2678 4566 αὐτὸν
2701 4507 2828 4587 παρ’
2856 4507 3030 4574 αὐτοῖς
3053 4507 3275 4587 ποιήσῃ.
3309 4510 3384 4568 Οἱ
3410 4507 3513 4587 γὰρ
3539 4507 3761 4568 ἀκούον-

2159 4628 2277 4676 τες,
2327 4601 2406 4660 ὅτι
2449 4602 2819 4670 ἀποθανεῖται,
2856 4597 3180 4675 μανθάνουσι
3233 4596 3326 4656 xui
3377 4597 3458 4656 ὅτι
3490 4597 3626 4657 ἑκὼν
3657 4621 3763 4657 κα-

2161 4692 2412 4775 ταφρονεῖ
2456 4693 2550 4748 τοῖὶ
2581 4687 2862 4760 διαϐόλου,
2915 4686 3008 4746 xui
3039 4685 3120 4745 ὅτι
3157 4684 3243 4745 διὰ
3274 4685 3368 4758 τὴν
3403 4688 3636 4775 ἀγάπηί
3655 4687 3758 4760 τὴν

2159 4768 2290 4862 πρὸς
2327 4779 2414 4839 τὸν
2454 4777 2676 4857 Πατέρα
2725 4776 2955 4848 θνήσκει.
3004 4778 3074 4836 Εἰ
3123 4776 3296 4834 τοίνυν
3333 4775 3564 4858 ὀλέθριον
3600 4768 3664 4848 ἦν
3697 4777 3763 4838 τὸ

2160 4873 2326 4938 πάθος
2365 4868 2457 4928 καὶ
2495 4869 2552 4926 οὐ
2591 4865 2885 4946 σωτήριον,
2917 4868 3030 4932 πῶς
3060 4863 3126 4923 ἂν
3172 4865 3453 4937 εὐδόκησεν
3499 4870 3527 4925 6
3562 4865 3760 4946 Πατὴρ

2161 4964 2188 5020 6
2220 4964 2474 5040 ἀγαπῶνς
2518 4959 2641 5023 Πῶς
2679 4957 2725 5015 δ’
2764 4957 2827 5014 ἂν
2857 4959 2886 5014 6
2930 4954 3054 5023 Υἱὸς
3093 4957 3121 5013 6
3164 4954 3511 5034 ἀγαπώμενος
3542 4955 3758 5014 κατεδέ-

2165 5051 2288 5120 ξατο
2315 5055 2496 5122 τοῦτο;
2549 5049 2674 5113 Πῶς
2710 5046 2765 5104 δὲ
2795 5044 3053 5122 νοήσομεν
3087 5043 3174 5121 τὸ,
3220 5043 3308 5103 διὰ
3351 5045 3444 5116 τὴν
3493 5043 3625 5126 πρὸς
3664 5046 3756 5104 τὸν

2165 5141 2385 5220 Πατέρα
2422 5136 2633 5218 ἀγάπην
2684 5135 2928 5207 θνήσκειν
2947 5158 2966 5208 ;
2997 5134 3072 5195 εΟ
3102 5134 3299 5214 πατὴρ,
3343 5132 3535 5215 φησὶν,
3569 5136 3759 5215 ἀγαπᾷ

2160 5230 2250 5288 τὸν
2300 5229 2529 5305 κόσμον,
2583 5225 2829 5284 ἐκδίδωσί
2883 5248 2950 5301 με
2993 5224 3127 5304 ὑπὲρ
3181 5226 3345 5283 αὐτοῦ
3393 5226 3469 5303 τῷ
3526 5224 3756 5303 θανάτῳ.

2163 5319 2310 5396 Ἐγὼ
2343 5319 2516 5378 τοίνυν
2549 5318 2770 5395 ἀγαπῶν
2799 5314 2886 5373 τὸν
2920 5311 3143 5393 Πατέρα
3164 5358 3180 5385 ,
3213 5317 3278 5390 τῇ
3312 5311 3522 5394 εὐδοκία
3565 5314 3750 5386 αὐτοῦ,

2161 5409 2253 5470 καὶ
2277 5411 2352 5488 τῷ
2383 5409 2646 5484 θελήματι
2677 5405 3003 5476 συνευδοκῶ,
3031 5402 3122 5461 καὶ
3152 5403 3426 5481 δείκνυμι,
3454 5401 3534 5461 ὅτι
3564 5404 3758 5481 ἀγαπῶ

2159 5497 2249 5558 τὸν
2297 5498 2554 5578 Πατέρα,
2589 5497 2649 5553 ἐκ
2695 5499 2790 5552 τοῦ
2839 5492 2901 5552 τὸ
2959 5493 3338 5568 ἐντεταλμένον
3387 5491 3518 5572 παρ’
3548 5493 3752 5568 αὐτοῦ,

2159 5588 2428 5661 τουτέστι,
2496 5588 2556 5645 τὸ
2602 5582 2880 5658 εὐδοκηθὲν
2934 5581 3025 5642 xui
3087 5581 3318 5663 κυρωθὲν
3361 5580 3754 5663 καταδέχεσθαι

2159 5677 2254 5737 xui
2299 5677 2491 5738 τελεῖν.
2531 5674 2762 5750 Εἴπατε,
2814 5677 2865 5735 οἱ
2893 5662 3321 5754 Ἄρειανίζοντες,
3379 5673 3425 5730 εἶ
3475 5672 3656 5738 δοῦλος
3687 5662 3750 5742 ἧν
