4128 6508
371 412 469 466 193

1161 406 1553 463 ENARRATIO
1590 407 1657 463 IN
1696 407 2129 463 EVANGELIUM
2163 405 2468 464 JOANNIS.
2507 436 2576 446 —
2616 405 2764 462 CAP.
2804 405 2913 460 XV.

3590 408 3685 463 194

366 539 397 594 6
429 532 592 606 Υἱὸς,
631 533 732 591 οὗκ
756 532 825 591 ἂν
865 532 1079 612 ἔλεγεν,
1105 530 1186 591 ὅτι
1217 529 1321 592 Διὰ
1353 531 1450 604 τὴν
1480 531 1610 612 πρὸς
1636 532 1726 592 τὸν
1758 531 1980 612 Πατέρα

2109 548 2275 595 unum,
2325 529 2459 588 facit
2500 530 2844 587 voluntatem
2890 529 3030 602 ejus,
3075 527 3172 585 sed
3203 528 3333 602 quia
3377 544 3567 588 servus
3609 539 3696 588 est

373 623 594 702 ἀγάπην
623 620 866 693 θνήσκω.
897 621 970 682 Ὁ
1003 620 1106 702 γὰρ
1152 625 1358 695 δοῦλος,
1398 623 1456 681 οὗ
1493 620 1624 681 διότι
1664 625 1850 704 ἀγαπᾷ
1892 621 1980 681 τὸν

370 713 557 793 κύριον
585 713 748 771 αὐτοῦ
771 756 789 786 ,
823 711 912 793 διὰ
943 715 1096 770 τοῦτο
1121 714 1263 770 ποιεῖ
1288 711 1348 769 τὸ
1373 713 1586 788 θέλημα
1621 712 1814 790 αὐτοῦ,
1843 709 1982 770 ἀλλὰ

375 792 462 863 διά
503 803 568 862 τὸ
615 803 798 868 δοῦλος
852 792 1024 874 εἶναι,
1059 801 1148 860 καὶ
1180 800 1458 882 φοϐεῖσθαι
1499 800 1592 869 τὰς
1614 801 1880 868 κολάσεις.
1912 799 1983 862 c0

379 895 435 952 at
466 892 664 969 Κύριος
691 893 905 961 Ἰησοῦς
925 935 942 962 ,
975 889 1090 950 ἐπεὶ
1121 893 1190 957 ὡς
1221 892 1444 968 ἀγαπῶν
1487 899 1628 949 ποιεῖ
1681 891 1742 949 τὸ
1772 893 1984 967 θέλημα

381 987 471 1042 τοῦ
501 985 648 1042 Θεοῦ
666 1026 683 1054 ,
706 981 768 1039 οὖ
795 981 1001 1051 δοῦλος,
1024 979 1140 1038 οὐδὲ
1167 980 1397 1058 κτίσμα,
1429 979 1571 1039 ἀλλὰ
1599 983 1674 1059 τῷ
1697 977 1808 1038 ὄντι
1834 979 1981 1052 Υἱὸς,

387 1072 602 1150 Πατρὸς
661 1071 872 1145 θέλημα
927 1071 1170 1148 πληρῶν.
1229 1065 1411 1130 Ὅταν
1472 1060 1562 1127 οὖν
1621 1068 1848 1148 ἀκούῃς,
1903 1069 1984 1128 ὅτι

395 1186 428 1217 α
461 1159 806 1222 Ἐνετείλατό
838 1181 928 1232 μοι
958 1163 989 1218 6
1023 1158 1247 1238 Πατὴρ,
1281 1179 1312 1217 ι)
1349 1158 1424 1236 μὴ
1447 1157 1535 1216 διὰ
1562 1158 1655 1231 τὸ,
1701 1180 1730 1216 (ι
1752 1157 1984 1218 Ἐνετεί-

391 1255 554 1324 λατο,
586 1272 618 1308 ι)
670 1247 1011 1327 ὖποϐιϐάσῃς
1042 1246 1133 1306 τὸν
1168 1248 1362 1329 Κύριον
1393 1249 1466 1315 ὡς
1496 1247 1986 1326 προστασσόμενον·

392 1341 528 1400 ἄλλᾶ
550 1339 639 1399 διὰ
666 1339 760 1414 τὸ,
791 1340 844 1398 Π
861 1338 985 1408 ατὴ
1005 1361 1063 1416 ρ,
1096 1336 1345 1416 ἐπίψωθι
1368 1335 1523 1398 αὐτὸν
1549 1336 1676 1398 Υίὸν
1707 1335 1986 1414 ὃμοούσιον

385 1434 463 1510 τῷ
495 1429 695 1510 Πατρῦ
714 1428 774 1487 τὸ
799 1426 877 1506 δὲ,
914 1449 944 1486 α
965 1427 1306 1487 Ἐνετείλατο
1325 1471 1340 1497 ,
1364 1448 1394 1485 ι)
1427 1425 1554 1502 νόει,
1579 1426 1698 1486 ἀντὶ
1721 1431 1841 1504 τοῦ,
1879 1425 1990 1500 ἠθέ-

383 1524 581 1596 λησεν,
619 1508 766 1580 εἶπεν
783 1561 801 1594 ,
832 1516 1132 1599 ἐκύρωσεν,
1163 1517 1468 1591 εὐδόκησεν.

963 1644 1254 1705 ΚΕΦΑΛ.
1288 1641 1409 1705 ΙΕ’.

384 1771 514 1838 Περὶ
543 1775 632 1829 τῆς
668 1769 890 1830 ἀληθινῆς
921 1769 1163 1832 ἀμπέλου,
1193 1767 1276 1818 καὶ
1321 1772 1564 1833 γεωργοῦ,
1596 1768 1682 1818 καὶ
1724 1767 1988 1830 κλήματος.

2088 629 2144 678 et
2183 622 2346 678 timet
2382 620 2668 693 supplicia.
2704 619 2976 675 Dominus
3023 625 3211 674 autem
3239 619 3426 689 Jesus,
3458 621 3582 692 quia
3633 629 3696 677 ut

2089 710 2330 782 diligens
2355 708 2490 767 facit
2516 710 2857 766 voluntatem
2881 707 2999 775 Dei,
3019 723 3133 764 non
3161 722 3352 764 servus
3381 717 3486 777 est,
3511 725 3697 783 neque

2088 809 2362 867 creatura,
2394 799 2491 856 sed
2528 815 2714 856 revera
2743 798 2932 867 Filius,
2969 799 3148 853 Patris
3189 797 3424 869 implens
3451 799 3698 855 volunta-

2092 897 2224 946 tem.
2268 891 2409 946 Cum
2450 889 2621 961 igitur
2653 885 2892 944 audieris
2931 885 3083 959 quod
3113 887 3283 958 710
3316 908 3339 936 ε
3373 887 3698 944 Mandatum

2089 979 2240 1036 dedit
2268 979 2409 1035 mihi
2443 981 2626 1046 Pater,
2673 1000 2699 1026 ι
2740 991 2854 1032 non
2884 983 3107 1048 propter
3147 975 3273 1045 hoc,
3307 997 3335 1025 σι
3367 975 3695 1034 Mandatum

2093 1067 2266 1136 dedit,
2299 1092 2325 1118 ι
2356 1068 2690 1139 mancipium
2720 1065 2893 1121 facias
2929 1065 3256 1134 Dominum,
3287 1073 3351 1121 ut
3373 1064 3695 1135 subditum;

2087 1159 2180 1214 sed
2211 1159 2336 1231 quia
2363 1161 2554 1224 Pater,
2588 1171 2858 1228 cognosce
2904 1154 3051 1227 quod
3079 1153 3196 1226 ipse
3243 1155 3417 1211 Filius
3441 1154 3516 1211 sit
3547 1154 3696 1227 ejus-

2089 1247 2221 1304 dem
2243 1246 2568 1304 substantia:
2593 1245 2741 1302 Patri
2765 1266 2779 1302 :
2807 1267 2833 1294 α
2861 1243 3181 1300 Mandatum
3209 1243 3380 1316 dedit,
3410 1265 3437 1295 ι
3465 1242 3572 1302 hoc
3593 1252 3696 1313 est,

2095 1336 2270 1394 voluit
2318 1336 2477 1406 dixit,
2519 1334 2863 1407 approbavit,
2896 1332 3154 1390 decrevit.

2702 1642 2945 1700 CAPUT
2979 1641 3106 1700 XV.

2460 1780 2529 1823 De
2554 1787 2667 1821 vera
2697 1778 2804 1828 rite,
2832 1776 3049 1830 agricola
3071 1781 3112 1819 et
3134 1777 3325 1828 palmie.

475 1901 507 1938 ι
555 1876 883 1976 Ἐγείρεσθε,
912 1875 1128 1955 ἄγωμεν
1161 1876 1418 1976 ἐντεῦθεν.
1447 1875 1596 1956 Ἐγώ
1617 1877 1729 1954 εἶμι
1758 1880 1792 1948 ἡ
1819 1875 1990 1953 ἄμπε-

2169 1893 2348 1948 Vsns.
2382 1894 2498 1946 1-3.
2544 1911 2570 1938 ι
2603 1888 2838 1961 Surgite,
2869 1903 3061 1944 eamus
3091 1886 3235 1942 hinc.
3265 1887 3383 1959 Ego
3411 1902 3534 1944 sum
3579 1887 3703 1945 vitis

385 1973 480 2037 λος
503 1971 541 2040 ἡ
575 1966 831 2040 ἀληθινὴ,
863 1966 954 2025 καὶ
982 1969 1011 2024 6
1044 1964 1234 2045 Πατήρ
1258 1989 1360 2042 μου
1390 1968 1418 2023 6
1448 1965 1677 2046 γεωργός
1701 1966 1834 2026 ἐστι.
1870 1967 1989 2024 Πᾶν

387 2063 581 2137 κλῆμα
624 2059 677 2117 ἐν
725 2056 846 2134 ἐμοὶ
893 2055 968 2133 μὴ
1014 2055 1168 2136 φέρον
1215 2053 1456 2135 καρπὸν,
1505 2055 1646 2136 αἴρει
1704 2054 1858 2114 αὖτόο
1901 2054 1993 2114 καὶ

389 2157 501 2210 πᾶν
547 2147 610 2206 τὸ
652 2145 856 2227 καρπὸν
905 2143 1090 2224 φέρον,
1140 2144 1383 2224 καθαίρει
1435 2144 1601 2221 αὐτὸ,
1635 2141 1726 2203 ἵνα
1776 2143 1993 2204 πλείονα

395 2236 606 2317 καρπὸν
636 2234 792 2317 φέρῃ.
822 2233 971 2306 Ἤδη
1003 2237 1153 2309 ὑμεῖς
1191 2231 1415 2314 καθαροί
1455 2234 1571 2293 ἐστε
1602 2233 1691 2293 διὰ
1722 2232 1812 2293 τὸν
1837 2233 1992 2313 λόγον

391 2329 452 2386 ὃν
478 2327 751 2397 λελάληκα
776 2325 926 2400 ὑμῖν.
960 2344 991 2382 ι)
1029 2321 1188 2383 Ἐπεὶ
1211 2321 1333 2402 περὶ
1354 2327 1446 2382 τοῦ
1469 2323 1669 2390 πάθους
1697 2323 1997 2402 διαλεχθεὶς

393 2414 608 2493 πολλὰ,
656 2412 970 2473 κατέπεισεν
1023 2413 1194 2472 αὐτῶν
1228 2412 1324 2478 τὰς
1375 2410 1580 2494 ψυχὰς,
1625 2411 1719 2472 καὶ
1762 2415 1990 2484 συνῆκεν

391 2504 588 2572 αὐτοὺς
635 2505 941 2571 δειλιῶντας
988 2505 1061 2569 ὡς
1114 2503 1166 2560 ἐν
1214 2500 1370 2581 τάχει
1437 2501 1842 2580 ἆλωσομένους,
1899 2502 1992 2561 καὶ

392 2597 503 2656 ἀπὸ
551 2598 647 2665 τῆς
684 2596 890 2664 πολλῆς
943 2590 1140 2660 δειλίας
1178 2590 1297 2651 οὐδὲ
1341 2591 1702 2674 προσέχοντας
1742 2598 1850 2658 τοῖς
1897 2592 1994 2651 λε·-

391 2683 676 2766 γομένοις,
733 2682 1130 2766 οχηματίζεται
1185 2677 1372 2749 αὐτοὺς
1425 2682 1497 2748 εἰς
1551 2683 1714 2741 τόπον
1766 2679 1992 2761 ἀπάγειν

390 2751 672 2855 κρυπτὸν,⁷
710 2751 967 2853 ἐν’ξὲοὖχ
993 2769 1321 2855 ἁλώσονται·
1367 2771 1458 2830 καὶ
1495 2770 1559 2842 δὴ
1592 2772 1858 2852 ἀπανιστᾷ
1891 2751 1999 2832 ἀπὸ

389 2870 487 2926 τοῦ
519 2862 724 2944 χωρίου
769 2861 970 2919 ἐκείνου
1020 2863 1073 2920 ἰν
1123 2851 1166 2943 ᾧ
1216 2851 1374 2934 ἦσαν,
1419 2861 1490 2928 ὣς
1530 2858 1593 2919 ἂν
1652 2851 2001 2932 καταστήσας

393 2956 486 3015 τὸν
518 2953 758 3033 τάραχον
802 2953 977 3010 αὑτῶν
1027 2951 1124 3023 τῆς
1169 2952 1376 3030 ψυχῆς,
1412 2951 1643 3030 παραδῷ
1690 2950 1870 3015 αὐτοῖς
1931 2949 2000 3009 τὰ

397 3043 776 3124 μυστικώτερα
807 3039 1073 3116 δόγματαο
1119 3039 1319 3116 ἀπάγει
1351 3038 1407 3097 δὲ
1445 3039 1632 3107 αὐτοὺς
1655 3084 1672 3117 ,
1713 3042 1783 3106 ὡς
1815 3039 2000 3117 ἐφεξῆς

2100 1996 2247 2049 vera,
2287 1989 2343 2036 et
2366 1983 2526 2036 Pater
2551 1993 2710 2035 meus
2736 1976 2979 2050 agricola
3018 1983 3120 2033 est.
3151 1979 3395 2034 Omnem
3419 1975 3704 2048 palmitem

2101 2071 2158 2127 in
2191 2086 2277 2126 me
2308 2085 2418 2126 non
2449 2068 2710 2124 ferentem
2755 2066 2996 2122 fructum
3027 2064 3172 2120 tollit
3212 2082 3227 2122 :
3269 2073 3328 2121 et
3354 2081 3582 2122 omnem
3607 2066 3704 2137 qui

2099 2158 2209 2216 fert
2232 2159 2472 2216 fructum
2503 2164 2721 2229 purgat,
2748 2163 2810 2212 ut
2827 2153 3073 2212 fructum
3101 2154 3469 2225 copiosiorem
3492 2153 3704 2212 afferat.

2099 2251 2228 2306 Jam
2274 2265 2373 2306 vos
2400 2246 2598 2304 mundi
2645 2245 2781 2303 estis
2831 2253 3056 2317 propter
3082 2259 3398 2302 sermonem
3427 2260 3593 2317 quem
3620 2244 3706 2302 lo-

2102 2347 2265 2395 cutus
2302 2353 2429 2394 sum
2476 2335 2657 2392 vobis.
2712 2357 2740 2385 ι
2772 2333 3046 2404 Quoniam
3078 2334 3278 2405 sapius
3330 2333 3400 2390 de
3449 2335 3706 2405 passione

2105 2426 2352 2495 locutus,
2384 2426 2605 2482 illorum
2634 2423 2849 2480 animos
2877 2422 3178 2490 concussit,
3229 2429 3286 2478 et
3315 2421 3585 2479 intellexit
3611 2439 3706 2479 eos

2106 2515 2402 2573 formidare
2442 2523 2707 2586 tanquam
2755 2512 2910 2568 brevi
2951 2510 3265 2582 capiendos,
3296 2519 3352 2567 et
3379 2526 3494 2583 prae
3529 2513 3706 2569 multo

2106 2607 2307 2664 timore
2346 2620 2523 2677 neque
2564 2602 2724 2659 dictis
2752 2600 3118 2667 attendentes,
3166 2600 3325 2672 ﬁngit
3369 2616 3430 2656 se
3476 2599 3600 2656 illos
3650 2601 3707 2658 in

2107 2696 2290 2752 locum
2315 2693 2596 2750 occultum
2649 2690 3036 2757 abducturum,
3068 2689 3125 2744 in
3173 2705 3285 2762 quo
3322 2703 3435 2746 non
3462 2689 3572 2746 sint
3615 2706 3704 2746 ca-

2107 2783 2312 2858 piendi.
2342 2785 2415 2839 Et
2455 2780 2702 2854 exsurgit
2727 2795 2859 2836 sane
2905 2795 2938 2835 a
2982 2780 3104 2834 loco
3158 2778 3218 2834 in
3290 2794 3400 2852 quo
3430 2787 3607 2848 erant,
3647 2787 3710 2836 ut

2105 2871 2616 2946 perturbationibus
2684 2869 2993 2925 animarum
3026 2867 3252 2936 sedatis,
3319 2868 3559 2925 traderet
3629 2868 3710 2926 eis

2107 2963 2366 3036 dogmata
2407 2961 2589 3032 magis
2638 2960 2889 3032 mystica.
2962 2958 3204 3014 Abducit
3248 2965 3436 3014 autem
3479 2973 3594 3026 eos,
3650 2965 3712 3015 ut

2109 3051 2339 3126 posthac
2365 3051 2660 3117 discemus,
2709 3049 2766 3104 in
2803 3047 3028 3104 hortum
3070 3062 3238 3120 quem
3273 3049 3446 3103 Judas
3480 3047 3707 3104 sciebat.

399 3132 777 3210 μαθησόμεθα,
825 3132 897 3196 εἷς
943 3127 1033 3188 τὸν
1080 3131 1282 3199 κῆπον,
1329 3125 1384 3186 ὃν
1434 3127 1642 3197 Ἰούδας
1704 3126 1998 3209 ἐγνώριζεν·

2109 3125 2299 3214 Itaque
2327 3140 2474 3213 quod
2504 3139 2692 3208 fiebat,
2717 3153 2964 3194 secessus
2990 3153 3110 3193 esse
3153 3136 3436 3193 videbatur
3465 3157 3479 3194 :
3523 3152 3708 3194 revera

393 3222 539 3282 ὥστε
569 3224 646 3302 τῷ
677 3218 773 3296 μὲν
815 3221 987 3278 δοκεῖν
1027 3216 1366 3296 ἀναχώρησις
1411 3208 1476 3287 ἦν
1519 3217 1580 3275 τὸ
1627 3208 1884 3299 πρᾶγμα,
1932 3221 1998 3295 τῇ

395 3313 454 3372 δὲ
491 3311 723 3390 ἀληθεία
763 3309 969 3376 ἔκδοσις
1000 3308 1269 3379 ἑκούσιος,
1299 3308 1369 3374 εἰς
1411 3311 1647 3366 τοιοῦτον
1677 3306 1835 3367 τόπον
1865 3307 2000 3364 ἀνα-

391 3407 743 3484 χωροῦντος,
804 3397 862 3458 ὃν
893 3401 922 3457 6
975 3395 1180 3463 Ἰούδας
1217 3396 1356 3476 ᾔδει.
1400 3396 1468 3456 Τί
1510 3396 1688 3455 τοίνυν
1741 3397 1998 3474 μυστικὸν

402 3494 584 3556 αὖτοῖς
610 3489 1012 3568 παραδίδωσιν;
1073 3485 1279 3564 «Ἐγώ
1329 3489 1461 3561 εἰμι,
1515 3486 1700 3566 φησὶν,
1742 3491 1777 3558 ἡ
1825 3486 2002 3562 ἄμπε-

405 3582 524 3650 λος,
548 3601 585 3636 ι
620 3578 922 3656 τουτέστιν,
958 3580 994 3650 ἡ
1027 3575 1170 3658 ῥίζα,
1212 3597 1242 3633 (ι
1271 3575 1420 3652 ὑμεῖς
1461 3573 1517 3634 δὲ
1561 3576 1628 3633 τὰ
1669 3575 1948 3654 κλήματα,
1976 3576 2004 3633 6

413 3668 472 3726 δὲ
499 3666 687 3747 Πατὴρ
715 3674 814 3745 μοῧ
849 3669 992 3747 ἐστιν
1021 3670 1050 3724 6
1076 3664 1328 3745 γεωργός.
1363 3686 1391 3721 n
1425 3664 1562 3744 Περὶ
1591 3663 1710 3723 τίνα
1740 3665 1795 3725 δὲ
1833 3667 2002 3745 ἀσχο-

411 3759 588 3816 λεῖται
616 3760 643 3814 6
664 3745 904 3837 Har/rp;
937 3745 998 3816 τΑ
1011 3778 1076 3836 ρα
1104 3754 1226 3834 περὶ
1259 3753 1356 3825 τὴν
1385 3753 1570 3834 ῥίζαν;
1604 3753 1770 3834 Οὐχὶ,
1815 3756 2005 3834 φησὶν,

410 3847 552 3906 ἀλλὰ
576 3846 788 3926 περὶτὰ
825 3844 1106 3922 κλήματα.
1153 3864 1184 3902 α
1225 3845 1342 3903 Πᾶν
1373 3844 1476 3923 γὰρ
1509 3845 1713 3921 κλῆμα,
1749 3843 1898 3924 φησὶ,
1928 3841 2004 3919 μὴ

405 3935 565 4017 φέρον
598 3936 830 4016 καρπὸν,
883 3933 1022 4014 αἴρει
1067 3931 1213 3992 αὖτό·
1267 3953 1298 3991 n
1356 3932 1635 4007 τουτέστι,
1683 3933 1862 3993 πάντα
1902 3931 2006 3990 ἄν·-

402 4031 654 4106 θρωπσν,
683 4025 776 4085 τὸν
827 4024 916 4083 διὰ
958 4027 1050 4094 τῆς
1093 4021 1321 4090 πίστεως
1368 4021 1465 4100 μὲν
1515 4021 1675 4102 μέρος
1725 4021 2008 4101 γενόμενον

398 4120 498 4187 τῆς
530 4119 715 4196 ῥίζης,
766 4113 862 4174 καὶ
913 4111 1172 4172 ἑνωθέντα
1224 4115 1304 4194 τῷ
1360 4111 1538 4194 Κυρίῳ
1583 4113 1675 4172 καὶ
1727 4113 2008 4186 σύσσωμον

398 4207 570 4264 αὐτοῦ
600 4205 922 4284 γενόμενον,
973 4202 1052 4260 δεῖ
1098 4200 1192 4261 καὶ
1222 4202 1430 4282 καρπὸν
1477 4200 1685 4282 φέρειν’,
1726 4199 2006 4278 τουτέστι,

402 4295 524 4375 βίον
555 4294 702 4374 ἔχειν
731 4293 993 4373 ἐνάρετον·
1019 4295 1090 4359 ὥς
1120 4291 1211 4350 ἐάν
1241 4314 1302 4370 γε
1342 4290 1506 4368 μόνην
1541 4290 1634 4349 καὶ
1667 4289 1828 4372 ψιλὴν
1870 4291 2008 4350 ἀπο-

399 4382 596 4464 λογίαν
625 4387 722 4455 τῆς
747 4382 979 4448 πίστεως
1016 4381 1116 4462 ἔχῃ
1146 4405 1247 4454 τις,
1277 4383 1338 4440 οὐ
1375 4379 1481 4457 μὴν
1521 4380 1611 4438 καὶ
1657 4381 1745 4440 διὰ
1785 4383 1881 4452 τῆς
1917 4404 2013 4452 τη·

405 4474 620 4553 ρήσεως
696 4475 803 4530 τῶν
868 4472 1097 4530 ἐντολῶν
1160 4473 1510 4551 καρποφορῇ,
1567 4469 1752 4552 νεκρὸν
1811 4468 2014 4553 γίνεται

403 4549 629 4640 κλῆμα’
666 4583 696 4621 ι
741 4561 931 4628 Πίστις
959 4560 1061 4642 γὰρ
1089 4549 1255 4642 χωρὶς
1274 4549 1445 4639 ἔργων
1483 4549 1675 4639 νεκρά..
1703 4580 1735 4618 n
1775 4561 1896 4625 Πᾶς
1923 4549 2012 4618 οὖν

407 4652 602 4718 πιστὸς
632 4653 684 4710 ἐν
712 4653 790 4731 τῷ
832 4640 1050 4730 Χριστῷ
1078 4649 1173 4727 μὲν
1209 4640 1345 4707 εἶναι
1378 4650 1544 4724 δοκεῖ,
1572 4647 1706 4708 καθὸ
1751 4649 2011 4710 πιστεύει.

419 4764 450 4800 α
493 4745 615 4801 Πᾶν
646 4739 750 4820 γὰρ
781 4743 1000 4817 κλῆμα,
1053 4737 1234 4820 φησὶν,
1282 4736 1312 4797 ὃ
1343 4739 1396 4798 ἐν
1453 4737 1591 4816 ἐμοὶ,
1641 4737 1730 4810 ἐὰν
1768 4737 1844 4817 μὴ
1877 4740 2010 4818 φέρῃ

412 4832 623 4911 καρπὸν
643 4875 659 4903 ,
689 4829 826 4908 αἴρει
871 4829 1000 4889 αὐτὸ
1033 4831 1061 4887 6
1112 4826 1326 4907 Πατὴρ,
1357 4848 1387 4885 ι)
1440 4827 1710 4889 τουτέστιν
1735 4874 1752 4904 ,
1792 4826 1892 4896 ἔξω
1920 4831 2014 4899 τῆς

413 4921 557 4999 μετὰ
587 4923 681 4980 τοῦ
731 4921 867 4980 Υἱοῢ
912 4919 1190 4986 κοινωνίας
1236 4921 1436 4988 τίθησι*
1498 4915 1590 4976 τὸν
1632 4917 1686 4976 δὲ
1733 4940 2014 4997 καρποφο-

413 5015 647 5090 ροῦντα,
685 5031 716 5069 ι
763 5007 1026 5088 καθαίρει.
1076 5029 1107 5067 η
1146 5006 1418 5068 Ἐνταῦθα
1446 5013 1606 5066 τοῦτο
1650 5007 2012 5085 μανθάνομεν,

408 5102 500 5161 ὅτι
546 5099 649 5160 κᾶν
687 5100 892 5182 σφόδρα
940 5097 1184 5180 ἐνάρετος
1226 5098 1310 5169 εἴη
1359 5120 1457 5169 τις,
1505 5099 1676 5157 δεῖται
1715 5101 1811 5168 τῆς
1867 5097 2016 5178 παρὰ

406 5195 509 5251 τοῦ
550 5193 692 5252 Θεοῦ
740 5187 1076 5266 ἐπιμελείας.
1125 5185 1206 5246 Τὸ
1255 5184 1350 5264 μὲν
1380 5187 1485 5266 γὰρ
1515 5184 1760 5267 ἄκαρπον
1797 5184 1917 5245 οὐδὲ
1962 5187 2015 5244 ἐν

406 5284 481 5362 τῇ
511 5281 746 5363 ἀμπέλῳ
775 5268 914 5339 εἶναι
955 5275 1196 5337 δύναται·
1225 5275 1286 5335 τὸ
1329 5274 1385 5334 δὲ
1431 5280 1820 5356 καρποφοροῦν,
1870 5297 2016 5352 γονι-

409 5369 647 5453 μώτερον
693 5369 982 5452 ἐργάζεται
1031 5368 1061 5426 6
1115 5363 1333 5447 Πατήρ.
1384 5364 1515 5427 Νόει
1551 5363 1729 5424 δὲκαὶ
1781 5364 1868 5425 διὰ
1922 5364 2018 5432 τὰς

408 5461 604 5544 θλίψεις
628 5467 738 5524 τῶν
767 5461 1036 5544 μαθητῶν
1082 5455 1341 5544 λέγε-σθαι,
1377 5460 1567 5514 ταῦτα.
1608 5453 1768 5515 Ἐπεὶ
1809 5453 1915 5534 γὰρ
1962 5455 2016 5544 αἱ

403 5535 597 5640 θλίψεις
643 5535 902 5618 δοκοῦσιν
953 5537 1120 5621 εἶναι,
1164 5535 1271 5607 οἷον
1320 5543 1350 5606 ὃ
1385 5543 1629 5624 λέγουσιν
1667 5545 1716 5606 οἱ
1764 5543 2014 5625 γεωργοὶ,

450 5735 637 5795 “Jac.
669 5745 752 5805 ιι,
787 5732 892 5786 20.

2107 3240 2293 3289 autem
2323 3229 2594 3302 expositio
2616 3228 2919 3284 voluntaria
2940 3227 2994 3283 in
3012 3226 3176 3282 talem
3201 3227 3382 3282 locum
3405 3224 3713 3283 secedentis

2107 3337 2274 3395 quem
2316 3319 2491 3376 Judas
2554 3317 2781 3375 sciebat.
2837 3316 2986 3390 Quid
3042 3316 3212 3388 igitur
3266 3315 3563 3388 mysticum
3609 3315 3714 3372 illis

2107 3411 2312 3468 tradit?
2345 3431 2373 3459 α
2426 3411 2540 3481 Ego
2569 3424 2717 3475 sum,
2746 3406 2946 3479 inquit,
2996 3405 3138 3472 vitis,
3182 3428 3208 3453 υ
3237 3404 3342 3462 hoc
3379 3413 3482 3474 est,
3533 3405 3712 3476 radix,

2114 3522 2141 3550 ι
2174 3515 2272 3557 vos
2301 3505 2488 3555 autem
2519 3496 2790 3569 palmites,
2821 3503 2879 3551 at
2908 3497 3070 3551 Pater
3095 3510 3252 3550 meus
3282 3494 3520 3568 agricola
3545 3502 3645 3552 est.
3684 3517 3709 3545 ι·

2108 3591 2262 3646 Circa
2317 3603 2443 3659 quae
2496 3595 2684 3643 autem
2736 3593 3038 3656 occupatus
3087 3591 3174 3640 est
3219 3586 3408 3640 Pater?
3460 3582 3715 3657 nunquid

2108 3679 2255 3735 circa
2300 3676 2584 3733 radicem?
2646 3676 2791 3741 Non,
2839 3674 3041 3745 inquit,
3098 3671 3196 3729 sed
3244 3672 3392 3729 circa
3438 3673 3713 3745 palmites.

2116 3790 2140 3818 ι
2187 3769 2431 3824 Omnem
2461 3765 2610 3822 enim
2653 3763 2956 3836 palmitem,
2991 3759 3189 3831 inquit,
3232 3776 3347 3816 non
3384 3760 3714 3818 afferentem

2111 3855 2354 3914 fructum
2401 3854 2544 3911 tollit
2590 3868 2741 3921 eum,
2795 3874 2822 3902 ι
2853 3850 2958 3907 hoc
3005 3857 3109 3916 est,
3153 3865 3378 3906 omnem
3431 3849 3715 3907 hominem

2113 3945 2206 4018 qui
2247 3960 2344 4017 per
2405 3943 2574 4000 ﬁdem
2618 3941 2795 3998 factus
2849 3948 2933 3998 est
2972 3955 3100 4012 pars
3145 3937 3363 4007 radicis,
3428 3947 3484 3996 et
3531 3939 3718 3997 unitus

2114 4035 2380 4101 Domino,
2405 4042 2462 4090 et
2492 4032 2880 4103 incorporatus
2907 4029 2979 4098 ei,
3023 4036 3243 4101 oportet
3269 4037 3321 4084 et
3356 4027 3603 4086 fructum
3631 4027 3718 4087 af-

2114 4123 2284 4192 ferre,
2331 4123 2438 4180 hoc
2483 4130 2590 4191 est,
2639 4121 2807 4177 vitam
2841 4119 3043 4177 habere
3085 4119 3378 4175 virtutibus
3407 4119 3717 4192 praeditam.

2118 4213 2282 4286 Quod
2340 4212 2389 4269 si
2427 4211 2657 4285 quidem
2702 4210 2881 4268 solam
2944 4225 3011 4267 ac
3049 4208 3265 4265 nudam
3310 4207 3720 4267 confessionem

2117 4303 2244 4361 ﬁdei
2290 4303 2415 4375 quis
2451 4299 2668 4369 habeat,
2713 4307 2768 4356 et
2795 4315 2910 4356 non
2947 4315 3046 4371 per
3071 4297 3517 4356 observationem
3560 4315 3722 4356 man-

2120 4393 2375 4451 datorum
2402 4389 2647 4447 fructum
2677 4388 2837 4456 ferat,
2867 4396 3123 4445 mortuus
3149 4387 3359 4459 palmes
3389 4387 3466 4443 fit.
3502 4409 3526 4437 ε
3560 4388 3724 4446 Fides

2122 4483 2271 4539 enim
2298 4481 2506 4552 absque
2533 4477 2792 4551 operibus
2818 4486 3036 4534 mortua
3079 4485 3164 4533 est
3203 4475 3268 4531 ⁸ο.
3313 4499 3341 4526 ιο
3373 4476 3575 4534 Omnis
3613 4477 3724 4548 igi-

2124 4579 2216 4627 tur
2261 4569 2439 4626 fidelis
2489 4569 2544 4624 in
2587 4567 2809 4624 Christo
2853 4565 3075 4639 quidem
3132 4579 3253 4621 esse
3297 4563 3532 4634 videtur,
3583 4579 3722 4635 qua-

2127 4669 2292 4717 tenus
2319 4657 2511 4716 credit.
2549 4679 2575 4705 ι
2601 4657 2798 4714 Omnis
2841 4656 2988 4712 enim
3017 4654 3249 4727 palmes,
3279 4653 3479 4726 inquit,
3519 4653 3613 4726 qui
3641 4661 3726 4712 est

2123 4750 2178 4806 in
2215 4764 2332 4815 me,
2359 4748 2404 4803 si
2433 4763 2548 4802 non
2579 4745 2816 4803 attulerit
2845 4745 3112 4813 fructum,
3141 4743 3286 4801 tollit
3313 4759 3443 4800 eum
3476 4745 3662 4813 Pater,
3695 4767 3724 4794 ι

2122 4838 2229 4894 hoc
2256 4845 2360 4903 est,
2389 4835 2543 4908 ponit
2567 4845 2718 4892 extra
2745 4833 3196 4891 communionem
3225 4849 3355 4891 cum
3378 4833 3519 4890 Filio
3551 4852 3568 4890 :
3595 4849 3727 4892 eum

2125 4935 2314 4984 autem
2343 4925 2434 4998 qui
2464 4923 2783 4994 fructiﬁcat,
2816 4947 2841 4973 α
2885 4931 3098 4996 purgat.
3133 4947 3157 4972 -
3192 4924 3300 4980 Hie
3339 4930 3528 4980 autem
3565 4922 3729 4980 disci-

2124 5031 2272 5085 mus,
2306 5013 2459 5088 quod
2487 5015 2589 5071 etsi
2630 5013 2786 5070 valde
2814 5013 3016 5070 virtute
3039 5013 3164 5086 quis
3190 5013 3457 5085 praeditus
3497 5012 3590 5080 sit,
3636 5011 3730 5068 in-

2126 5105 2274 5178 diget
2301 5113 2487 5161 tamen
2514 5112 2576 5160 ut
2601 5119 2630 5158 a
2662 5106 2780 5159 Deo
2804 5110 3045 5159 curetur.
3073 5103 3216 5157 Nam
3244 5101 3393 5174 quod
3421 5099 3726 5156 infructuo-

2126 5210 2273 5263 sum,
2290 5209 2468 5267 neque
2489 5193 2543 5249 in
2562 5195 2670 5250 vite
2693 5193 2896 5264 poterit
2916 5207 3036 5249 esse
3065 5209 3078 5246 :
3107 5191 3257 5265 quod
3276 5198 3460 5247 autem
3487 5188 3729 5246 fructum

2126 5283 2258 5354 fert,
2311 5282 2544 5341 fertilius
2590 5281 2726 5340 facit
2761 5286 2938 5340 Pater.
2989 5279 3292 5338 Considera
3343 5286 3533 5335 autem
3581 5277 3731 5350 quod

2127 5379 2354 5446 propter
2403 5369 2734 5429 afﬂictiones
2811 5369 3208 5441 discipulorum
3274 5367 3397 5424 haec
3455 5366 3728 5426 dicantur.

2127 5461 2589 5535 Quandoquidem
2613 5460 2762 5518 enim
2789 5457 3112 5519 afﬂictiones
3137 5455 3392 5514 videntur
3415 5472 3552 5528 esse,
3585 5457 3735 5531 quod

2129 5551 2316 5610 rustici
2369 5553 2581 5622 dicunt,
2625 5549 2941 5624 potationes
2987 5566 3002 5605 :
3056 5546 3298 5605 ostendit
3343 5547 3422 5606 eis
3460 5548 3736 5607 Dominus
