4128 6436
438 408 537 461 195

1455 378 1972 439 THEOPHYLACTI
2010 373 2370 432 BULGABUE
2408 372 2720 427 ARCHIEP.

3639 369 3743 422 196

434 527 584 602 quod
634 542 729 598 per
766 522 929 594 711
975 516 1301 574 afﬁictiones
1343 509 1633 566 fertiliores
1671 511 1852 571 erunt,
1899 503 2038 558 sicut

2152 498 2464 576 κλάδευμα·
2517 496 2776 554 δείκνυσιν
2825 497 3003 563 αὐτοῖς
3042 499 3070 553 ὃ
3113 494 3337 572 Κύριος,
3390 496 3462 560 ὡς
3502 493 3592 554 διὰ
3640 494 3748 551 τῶν

2158 590 2201 602 ,λ
2224 588 2263 602 ιι
2602 585 2616 602 1
2911 585 2925 602 Ι
3178 581 3205 602 εΙ
3468 581 3482 602 \
3546 583 3570 602 δ
3603 581 3615 602 \
3688 585 3721 598 ὐ

436 593 493 676 et
531 593 649 689 ρει·-
671 593 1014 686 putationem
1040 604 1311 678 palmites.
1361 598 1717 655 Tentationes
1745 593 1897 648 enim
1943 606 2038 646 eos

439 680 698 764 fortiores
739 696 1104 757 declarabant.
1158 692 1297 749 Dein
1343 704 1413 745 ne
1459 687 1662 755 dicant,
1718 685 1800 737 Dc
1841 680 2038 753 quibus

437 796 557 854 haec
584 792 757 849 dicis?
789 812 817 839 οι
853 791 987 855 Vos,
1021 782 1215 856 inquit,
1262 779 1390 836 estis
1416 775 1606 833 mundi
1650 780 1876 845 propter
1917 786 2038 825 ser-

440 898 671 941 monem
714 895 881 953 quem
920 878 1137 933 locutus
1165 887 1287 927 sum
1317 867 1485 924 vobis.
1538 889 1563 913 ιι
1594 862 1754 931 Vide,
1793 860 2042 931 superius

438 974 654 1031 dicebat
703 949 938 1043 purgare
988 969 1228 1029 Patrem,
1281 974 1432 1014 nunc
1480 956 1679 1010 iterum
1726 967 1785 1008 se
1831 949 2042 1005 inducit

442 1078 636 1120 curam
665 1038 938 1133 agentem.
965 1058 1095 1113 Una
1125 1051 1288 1125 igitur
1315 1045 1556 1120 operatio
1588 1042 1768 1099 Patris
1806 1049 1861 1096 et
1892 1038 2036 1096 Filii.

442 1156 581 1224 Ego,
611 1128 806 1223 inquit,
838 1162 934 1203 vos
959 1142 1184 1217 purgavi
1231 1156 1325 1211 per
1353 1152 1534 1193 meam
1560 1132 1867 1191 doctrinam
1898 1150 1912 1185 :
1943 1128 2038 1185 de-

439 1219 584 1299 betis
636 1219 819 1311 itaque
869 1234 1019 1310 quod
1060 1240 1308 1290 vestrum
1371 1234 1455 1284 est
1498 1223 1769 1292 conferre,
1816 1219 1939 1277 ideo
1985 1225 2042 1275 et

442 1330 630 1388 subdit
662 1349 675 1385 :

516 1604 696 1658 Vens.
725 1603 835 1657 4-6.
868 1619 895 1645 ‹ι
923 1596 1133 1651 Manete
1163 1592 1218 1648 in
1247 1605 1362 1654 me,
1388 1595 1444 1644 et
1465 1601 1567 1659 ego
1597 1584 1654 1640 in
1679 1580 1856 1639 vobis.
1887 1579 2039 1637 Sicut

444 1692 654 1764 palmes
681 1688 750 1745 de
782 1702 840 1743 se
870 1684 1112 1741 fructum
1152 1681 1294 1737 ferre
1321 1676 1531 1751 nequit,
1573 1673 1679 1730 nisi
1719 1677 1939 1727 maneat
1983 1668 2039 1724 in

444 1762 554 1836 vite
592 1797 605 1832 :
636 1779 711 1834 ita
739 1791 919 1847 neque
948 1789 1064 1840 vos,
1096 1770 1200 1826 nisi
1228 1768 1284 1825 in
1314 1782 1407 1823 me
1431 1762 1758 1821 manseritis.
1783 1763 1900 1832 Ego
1922 1774 2045 1814 sum

445 1869 588 1935 vitis,
624 1882 725 1923 vos
752 1863 1026 1938 palmites.
1056 1860 1158 1930 Qui
1201 1864 1391 1914 manet
1419 1855 1473 1911 in
1508 1868 1620 1919 me,
1649 1860 1704 1909 et
1730 1866 1834 1921 ego
1870 1849 1929 1903 in
1956 1863 2047 1914 eo,

443 1957 531 2014 hic
555 1957 663 2014 fert
687 1937 931 2011 fructum
960 1952 1222 2018 multum,
1261 1946 1392 2021 quia
1419 1945 1540 2001 sine
1565 1957 1657 1999 me
1678 1956 1790 1996 non
1815 1937 2045 2011 potestis

442 2045 624 2104 facere
651 2043 974 2119 quidquam.
1001 2040 1120 2096 Nisi
1157 2037 1280 2111 quis
1308 2032 1574 2091 manserit
1596 2032 1656 2086 in
1685 2045 1797 2096 me,
1836 2026 2044 2100 ejectus

443 2144 530 2193 est
548 2135 700 2192 foras
728 2134 872 2190 sicut
898 2130 1131 2203 palmes,
1160 2134 1216 2182 et
1240 2124 1384 2182 aruit
1418 2144 1430 2180 :
1464 2130 1521 2179 et
1561 2122 1902 2191 congregant
1927 2131 2043 2184 eos,

445 2233 501 2282 et
546 2224 602 2280 in
631 2224 816 2296 ignem
841 2218 1165 2293 conjiciunt,
1213 2222 1270 2272 et
1320 2211 1530 2269 ardent.
1571 2233 1597 2260 ν
1642 2212 1755 2281 Ego
1799 2205 2041 2278 quidem,

446 2313 640 2386 inquit,
655 2292 769 2368 ivos
797 2292 1021 2383 purgavi
1054 2322 1148 2379 per
1171 2317 1487 2361 sermonem
1531 2314 1718 2356 meum
1759 2304 1812 2351 et
1838 2292 2043 2351 doctri-

442 2384 598 2472 nam,
628 2409 683 2459 et
716 2399 851 2456 nihil
881 2396 1028 2470 quod
1056 2411 1158 2469 ego
1182 2393 1366 2451 facere
1393 2390 1580 2457 debui,
1606 2384 2042 2460 praetermissum

441 2499 542 2548 est.
591 2492 819 2563 Oportet
849 2494 1031 2544 autem
1065 2499 1213 2540 nunc
1243 2490 1302 2538 ut
1330 2479 1661 2552 incipiantur
1688 2483 1745 2533 et
1767 2490 1830 2531 ea
1857 2487 1981 2546 quze
2011 2487 2042 2527 a

440 2579 592 2637 vobis
628 2585 778 2635 sunt.
825 2601 851 2627 ει
883 2578 1124 2641 Manete,
1160 2595 1185 2621 ιο
1216 2569 1412 2644 inquit,
1448 2590 1474 2618 α
1507 2568 1562 2624 in
1593 2582 1701 2622 me.
1737 2587 1763 2614 ν
1795 2566 1937 2619 Nam
1972 2578 2042 2617 ne

439 2685 553 2744 pra:
597 2669 801 2725 timore
828 2673 1149 2737 separentur
1205 2661 1276 2718 ab
1341 2675 1430 2727 eo,
1483 2656 1740 2714 remissas
1795 2652 2040 2724 ipsorum

439 2759 651 2816 animas
676 2753 1024 2826 constringit,
1056 2759 1113 2807 et
1133 2750 1240 2807 sibi
1257 2749 1459 2821 jungit,
1489 2753 1543 2802 et
1580 2744 1867 2800 meliorem
1896 2756 2044 2797 nunc

441 2847 519 2904 eis
545 2862 703 2919 spem
723 2845 816 2902 dat
841 2862 856 2897 :
884 2846 1240 2913 Quaecunque
1262 2834 1581 2910 petiveritis,
1603 2832 1802 2905 inquit,
1824 2829 1868 2886 si
1894 2845 2045 2885 man-

440 2935 618 2994 seritis
657 2935 714 2991 in
741 2949 853 3004 me,
888 2930 1186 3001 accipietis.
1216 2927 1303 2984 Ab
1348 2924 1601 2996 exemplo
1629 2920 1869 2994 palmitis
1898 2919 2042 2974 clare

439 3025 597 3082 nobis
633 3023 956 3097 qualitatem
997 3027 1055 3076 et
1101 3018 1268 3073 vitam
1308 3013 1557 3087 eitponit,
1605 3026 1772 3084 quam
1814 3008 2040 3081 largitur

440 3114 526 3171 his
569 3096 665 3188 qui
693 3111 796 3169 sibi
828 3111 1065 3183 placent.
1093 3110 1237 3164 Nam
1268 3104 1412 3162 sicut
1441 3103 1529 3158 ille
1574 3114 1804 3156 manens
1832 3098 1887 3153 in
1935 3096 2039 3154 vite

438 3202 680 3260 fructum
718 3200 868 3268 facit,
917 3215 983 3256 eo
1015 3197 1166 3270 quod
1211 3196 1279 3252 ab
1310 3193 1399 3250 illa
1429 3190 1640 3247 vivendi
1668 3187 2042 3262 operationem

440 3291 669 3363 accipit:
698 3291 773 3347 ita
802 3297 856 3346 et
884 3304 981 3344 vos
1009 3310 1033 3337 ι
1057 3286 1102 3342 si
1136 3281 1439 3341 manseritis
1461 3282 1517 3337 in
1538 3296 1629 3336 me
1656 3301 1681 3328 ι
1715 3294 1813 3350 per
1850 3276 2043 3333 obser-

441 3381 725 3438 vationem
756 3378 1153 3435 mandatorum
1197 3373 1465 3446 majorem
1510 3368 1753 3426 fructum
1782 3365 2039 3423 afferetis.

443 3470 553 3543 Qui
588 3477 770 3525 autem
810 3484 926 3524 non
968 3472 1170 3534 manet,
1220 3461 1408 3519 aridus
1443 3460 1526 3526 ﬁt,
1579 3458 1685 3515 hoc
1727 3465 1831 3525 est,
1862 3454 2045 3528 abjicit

438 3558 589 3632 quod
623 3573 656 3615 a
686 3557 865 3614 radice
892 3554 1120 3612 habuit:
1153 3552 1196 3609 si
1226 3551 1377 3625 quod
1405 3547 1684 3622 spirituale
1712 3545 2043 3603 beneﬁcium

443 3647 762 3720 accipiebat,
809 3645 1056 3719 privatur
1103 3659 1193 3712 eo,
1237 3649 1294 3697 et
1335 3640 1576 3696 nudatur
1623 3636 1823 3694 auxilio
1854 3643 1909 3691 et
1937 3633 2043 3690 vita

441 3754 566 3811 quae
587 3737 657 3795 ab
685 3753 750 3795 eo
781 3735 963 3792 datur.
990 3737 1059 3790 Et
1082 3731 1215 3805 quid
1239 3730 1492 3787 tandem?
1516 3752 1542 3777 α
1565 3731 1629 3784 In
1651 3727 1834 3800 ignem
1865 3722 2042 3781 mitti-

440 3835 552 3897 tur,
601 3834 656 3883 et
699 3826 874 3882 ardet.
909 3847 936 3875 η
988 3825 1109 3879 Ηοο
1138 3830 1320 3879 autem
1350 3821 1473 3877 loco
1524 3825 1579 3874 et
1608 3815 2046 3873 consolationem

437 3932 552 3973 non
583 3931 807 3988 parvam
835 3915 911 3972 eis
930 3913 1049 3981 dat,
1078 3910 1372 3968 ostendens
1405 3906 1552 3980 quod
1575 3906 1630 3962 hi
1661 3905 1752 3979 qui
1784 3903 2044 3960 insidian-

437 4014 529 4061 tur
568 4005 694 4072 sibi,
744 4011 806 4060 ut
849 4002 1052 4070 Judas,
1101 3999 1493 4056 comburentur
1524 4013 1538 4051 :
1572 3995 1674 4068 ipsi
1722 4001 1905 4050 autem
1948 3992 2045 4064 qui

435 4092 744 4150 manserint
792 4091 850 4147 in
899 4106 988 4153 eo,
1050 4087 1294 4144 fructum
1351 4084 1604 4142 afferent.
1648 4086 1791 4140 Nam
1842 4081 2044 4152 absque

435 4197 600 4239 succo
625 4189 681 4237 et
710 4177 1075 4234 viviﬁcatione
1111 4190 1237 4249 quae
1278 4174 1405 4231 inde
1432 4170 1701 4247 procedit,
1742 4186 1855 4227 non
1882 4177 2045 4242 pote-

437 4277 568 4327 runt
595 4267 891 4343 quidquam
913 4265 1112 4323 facere.

510 4541 685 4597 Van.
717 4542 830 4594 7-8.
865 4553 895 4589 ‹‹
942 4534 1003 4592 Si
1031 4530 1337 4590 manseritis
1363 4529 1421 4586 in
1451 4544 1563 4597 me,
1609 4536 1663 4584 et
1700 4526 1865 4584 verba
1915 4541 2040 4582 mea

436 4630 495 4685 in
525 4627 681 4684 vobis
728 4624 1058 4692 manserint,
1091 4619 1360 4694 quidquid
1401 4617 1699 4687 volueritis,
1732 4615 1953 4689 petetis,
1988 4623 2042 4671 et

438 4716 533 4773 ﬁet
576 4715 750 4772 vobis.
798 4718 862 4769 ln
911 4712 1016 4768 hoc
1072 4710 1406 4783 glorilicatus
1447 4715 1530 4763 est
1577 4710 1733 4763 Pater
1762 4720 1935 4771 meus,
1979 4712 2043 4759 ut

436 4806 681 4861 fructum
711 4802 998 4872 copiosum
1026 4791 1292 4867 afferatis,
1324 4806 1379 4853 et
1401 4794 1717 4853 efﬁciamini
1746 4795 1855 4851 mei
1884 4794 2043 4850 disci-

435 4894 570 4967 puli.
616 4916 641 4942 ιο
684 4895 806 4949 Hoc
835 4891 955 4947 loco
984 4891 1378 4960 interpretatur
1420 4885 1580 4942 nobis
1611 4888 1882 4941 Dominus
1909 4882 2040 4956 quid

434 4984 506 5040 sit
551 4981 700 5054 quod
729 4980 884 5049 dixit,
919 5002 947 5029 α
979 4980 1033 5035 Si
1065 4977 1381 5033 manseritis
1410 4976 1464 5031 in
1496 4991 1634 5042 me,,
1669 4997 1694 5024 π
1727 4973 1833 5029 hoc
1860 4982 1963 5040 est,
1993 4974 2039 5029 si

436 5072 695 5129 mandata
752 5086 874 5127 mea
920 5066 1295 5126 custodieritis
1336 5083 1349 5120 :
1401 5064 1510 5121 hoc
1557 5063 1705 5119 enim
1748 5062 2037 5133 signiﬁcat,

438 5187 464 5213 ει
496 5163 553 5221 Si
578 5162 743 5219 verba
771 5176 893 5217 mea
918 5157 1230 5215 manserint
1258 5155 1314 5210 in
1339 5154 1515 5209 vobis.
1543 5174 1570 5204 ι
1600 5152 1734 5210 Vult
1763 5152 1912 5208 enim
1938 5153 2040 5209 sibi

433 5267 527 5325 pcr
555 5268 722 5324 opera
749 5249 1117 5307 adhaereatur.
1149 5247 1295 5302 Nam
1333 5243 1647 5316 quicunque
1674 5244 1790 5298 Deo
1828 5243 2040 5314 placere

433 5341 658 5412 cupiens
714 5338 867 5405 vivit,
914 5339 1193 5395 voluntate
1254 5350 1353 5390 sua
1407 5341 1592 5389 manet
1641 5332 1701 5388 in
1746 5332 1872 5400 vite,
1911 5347 2039 5388 cum

433 5430 625 5485 unitnr
664 5431 741 5486 illi
782 5445 877 5502 per
916 5427 1265 5485 dilectionem
1305 5432 1364 5479 et
1406 5422 1772 5479 servationem
1813 5421 2039 5478 manda-

431 5526 644 5589 torum,
675 5520 1030 5590 adbzeretque
1057 5514 1255 5589 spiritu
1288 5511 1466 5569 :sicut
1489 5521 1684 5568 contra
1715 5512 1861 5583 quia
1890 5528 2038 5568 man-

434 5605 694 5664 datorum
721 5606 1100 5664 observatione
1118 5605 1293 5672 abest,
1321 5602 1488 5673 712
1509 5611 1704 5674 sponte
1728 5618 1758 5657 a
1787 5602 2032 5658 Domino

433 5695 718 5753 alienatur.
748 5697 814 5752 ιιι
843 5695 950 5751 hoc
971 5703 1158 5751 autem
1186 5690 1524 5766 gloriﬁcatur
1548 5693 1711 5749 Pater
1731 5706 1914 5762 meus,
1949 5691 2035 5749 in-

2155 588 2378 668 θλίψεων
2422 585 2768 667 γονιμώτεροι
2799 585 3138 664 γενήσονται,
3168 581 3353 663 ὥσπερ
3398 581 3489 641 καὶ
3542 581 3628 640 διὰ
3656 585 3751 652 τῆς

2150 675 2403 742 κλαδείας
2429 675 2498 735 τὰ
2552 675 2825 751 κλήματα·
2882 678 2932 734 οῖ
2978 674 3079 752 γὰρ
3127 670 3421 752 πειρασμοὶ
3469 672 3752 750 ἰσχυροτέ-

2155 790 2272 848 ρους
2305 768 2507 844 μᾶλλον
2540 764 2733 831 αὐτοὺς
2781 764 3062 824 ἐδείκνυον.
3108 752 3243 822 Εἶτα
3297 761 3386 819 ἵνα
3419 760 3494 838 μὴ
3535 762 3752 837 λέγωσι·

2154 856 2289 935 Περὶ
2315 855 2471 914 τίνων
2502 860 2672 913 ταῦτα
2718 854 2917 932 λέγεις;
2958 875 2984 910 ιι
3022 851 3233 929 Ὑμεῖς,
3268 850 3451 931 φησὶν,
3488 850 3604 911 ἐστὲ
3646 873 3753 908 κα-

2150 948 2299 1025 θαροὶ
2332 945 2418 1003 διὰ
2448 943 2536 1002 τὸν
2567 945 2740 1023 λόγον,
2772 943 2830 1003 ὃν
2860 942 3132 1025 λελάληκα
3166 944 3314 1018 ὑμῖν.
3347 963 3375 998 ››
3407 938 3583 1021 "Oper,
3616 941 3754 999 ἄνω-

2150 1036 2289 1115 τέρω
2318 1032 2408 1092 τὸν
2457 1033 2681 1113 Πατέρα
2727 1033 2903 1111 ἔλεγεν
2940 1020 3074 1091 εἷναι
3120 1029 3206 1089 τὸν
3255 1028 3610 1109 καθαίροντα·
3659 1033 3752 1087 νῦν

2151 1125 2311 1183 παλιν
2341 1122 2525 1182 ἑαυτὸν
2575 1123 2775 1200 εἰσάγει
2818 1122 2908 1181 τὸν
2965 1119 3406 1196 ἐπιμελούμενον.
3465 1118 3582 1179 Μία
3643 1118 3750 1198 ἄρα

2150 1216 2182 1284 ἡ
2217 1212 2451 1292 ἐνέργεια
2481 1217 2571 1270 τοῦ
2609 1210 2821 1291 Πατρὸς
2870 1208 2963 1269 καὶ
2994 1214 3086 1268 τοῦ
3138 1210 3291 1269 Υἱοῦ.
3326 1205 3509 1283 Ἐγὼ,
3562 1206 3751 1287 φησὶν,

2151 1304 2289 1377 ὑμᾶς
2337 1301 2573 1378 ἐκάθηρα
2628 1299 2717 1358 διὰ
2767 1303 2861 1370 τῆς
2923 1300 3055 1375 ἐμῆς
3101 1296 3469 1362 διδασκαλίας·
3511 1296 3754 1377 ὀφείλετε

2148 1381 2237 1451 οὖν
2292 1389 2360 1449 τὰ
2409 1392 2640 1471 ὑμέτερα
2687 1389 2873 1448 λοιπὸν
2930 1387 3338 1447 ἐπιδείκνυσθαι·
3371 1387 3451 1445 διὸ
3504 1387 3596 1447 καὶ
3631 1388 3755 1445 ἐπι-

2146 1480 2310 1562 φέρει·

2238 1592 2268 1629 ιι
2302 1568 2536 1630 Μείνατε
2570 1572 2622 1628 ἐν
2650 1565 2788 1644 ἐμοὶ,
2816 1565 2967 1644 κάγὼ
2989 1569 3041 1625 ἐν
3075 1569 3222 1641 ὑμῖν.
3260 1564 3449 1634 Καθὼς
3475 1565 3534 1624 τὸ
3566 1568 3754 1639 κλῆμα

2152 1661 2212 1719 οὗ
2258 1661 2477 1718 δύναται
2510 1658 2714 1739 καρπὸν
2753 1658 2928 1737 φέρειν
2970 1659 3062 1735 ἀφ’
3091 1660 3302 1732 ἑαυτοῦ,
3347 1654 3437 1715 ἐὰν
3489 1654 3564 1732 μὴ
3597 1654 3753 1733 μείνῃ

2155 1750 2208 1808 ἐν
2241 1753 2307 1830 τῇ
2357 1747 2601 1828 ἀμπέλῳ·
2654 1744 2819 1813 οὕτως
2881 1744 2999 1805 οὐδὲ
3053 1746 3230 1822 ὑμεῖς,
3282 1744 3375 1804 ἐὰν
3427 1742 3501 1821 μὴ
3536 1748 3587 1804 iv
3634 1745 3755 1821 ἐμοὶ

2158 1837 2391 1916 μείνητε.
2441 1835 2588 1917 Ἐγώ
2627 1839 2739 1912 εἰμι
2783 1840 2816 1908 ἡ
2867 1835 3129 1912 ἄμπελος,
3163 1836 3314 1917 ὑμεῖς
3361 1833 3429 1893 τὰ
3472 1833 3751 1910 κλήματα.

2151 1914 2218 1989 Ὅ
2252 1926 2425 2006 μένων
2468 1914 2531 1984 ἐν’
2552 1924 2694 2002 ἐμοὶ,
2728 1923 2879 2001 κάγὼ
2914 1927 2966 1984 ἐν
2999 1925 3165 2003 αὐτῷ,
3197 1914 3346 1990 οὗτος
3371 1920 3517 2001 φέρει
3545 1921 3755 2000 καρπὸν

2153 2016 2348 2090 πολὺν,
2381 2013 2462 2075 ὅτι
2492 2014 2657 2095 χωρὶς
2702 2015 2834 2090 ἐμοῦ
2879 2015 2937 2072 οὗ
2968 2013 3191 2071 δύνασθε
3218 2014 3390 2072 ποιεῖν
3417 2010 3588 2070 οὐδέν.
3618 2010 3753 2072 Ἐὰν

2157 2106 2234 2183 μή
2270 2129 2348 2171 τις
2379 2104 2533 2182 μείνῃ
2569 2108 2619 2164 iv
2647 2104 2802 2178 ἐμοὶ,
2841 2102 3041 2175 ἐϐλήθη
3081 2099 3182 2169 ἔξω
3211 2104 3281 2169 ὥς
3308 2100 3369 2161 τὸ
3410 2102 3615 2179 κλῆμα,
3660 2100 3757 2161 καὶ

2154 2193 2432 2275 ἐξηράνθη⁹
2481 2192 2572 2252 καὶ
2644 2193 2958 2271 συνάγουσιν
3019 2189 3191 2263 αὐτὰ,
3241 2190 3334 2250 καὶ
3404 2192 3478 2256 εἷς
3528 2190 3588 2249 τὸ
3646 2196 3756 2271 πῦρ

2155 2287 2436 2365 βάλλουσι,
2481 2282 2574 2342 καὶ
2612 2281 2841 2341 καίεται.
2871 2303 2900 2339 ι)
2949 2280 3099 2359 Ἐγὼ
3132 2277 3251 2357 μὲν,
3285 2279 3455 2360 φησὶ,
3488 2278 3585 2338 καὶ
3615 2282 3756 2357 ὑμᾶς

2153 2374 2390 2450 ἐκάθηρα
2423 2371 2511 2430 διὰ
2541 2376 2631 2431 τοῦ
2662 2371 2819 2448 λόγου
2851 2394 2952 2446 μου
2996 2370 3089 2429 καὶ
3120 2373 3213 2440 τῆς
3240 2369 3590 2437 διδασκαλίας
3609 2411 3627 2441 ,
3659 2368 3757 2428 καὶ

2153 2462 2299 2522 οὐδὲν
2328 2465 2433 2520 τῶν
2464 2465 2594 2542 παρ’
2620 2461 2738 2539 ἐμοὶ
2778 2460 3032 2540 ἐνέλειψε.
3069 2459 3164 2519 Δεῖ
3206 2457 3261 2517 δὲ
3308 2457 3539 2539 ὑπάρξαι
3569 2457 3756 2517 λοιπὸν

2153 2550 2245 2611 καὶ
2266 2551 2345 2610 τὰ
2364 2555 2488 2631 παρ’
2514 2554 2685 2628 ὑμῶν.
2729 2571 2759 2609 (ι
2795 2550 3026 2609 Μείνατε
3071 2552 3123 2609 iv
3156 2549 3309 2625 ἐμοὶ,
3338 2570 3368 2606 ))
3411 2548 3594 2627 φησίν.
3630 2544 3755 2608 Ἵνα

2149 2640 2252 2722 γὰρ
2299 2639 2374 2719 μὴ
2426 2639 2530 2699 ἀπὸ
2572 2644 2664 2711 τῆς
2707 2639 2902 2706 δειλίας
2941 2640 3339 2717 ἀποσχισθῶσιν
3394 2639 3574 2710 αὐτοῦ,
3620 2658 3758 2716 χαυ-

2149 2736 2409 2791 νωθεῖσαν
2458 2731 2629 2788 αὐτῶν
2669 2728 2765 2801 τὴν
2804 2727 2983 2808 ψυχὴν
3034 2726 3335 2809 ἐπισφίγγει
3362 2770 3381 2801 ,
3438 2726 3532 2784 καὶ
3571 2728 3754 2809 ἐαυτῷ

2150 2821 2443 2900 συγκολλᾷ,
2508 2818 2600 2878 καὶ
2659 2818 2899 2898 χρηστὰς
2952 2815 3215 2875 ὑποτείνει
3263 2814 3450 2875 λοιπὸν
3504 2814 3750 2889 ἐλπίδας,

2150 2909 2248 2967 ὅτι·
2285 2906 2439 2969 Ὅσα
2488 2906 2550 2967 ἂν
2602 2907 2927 2984 αἰτήσησθε,
2973 2905 3243 2985 λήψεσθε,
3298 2904 3389 2963 ἐὰν
3439 2909 3652 2982 μείνητε
3699 2907 3755 2964 ἐν

2150 2996 2294 3076 ἐμοί.
2427 2994 2558 3058 Ἀπὸ
2614 2996 2667 3057 δὲ
2728 3003 2820 3056 τοῦ
2873 2996 3261 3073 ὑποδείγματος
3329 2996 3422 3053 τοῦ
3480 2994 3757 3071 κλήματος

2077 3062 2123 3127 c
2153 3062 2383 3168 ἐναργῶς
2443 3095 2681 3167 παριστᾷ
2716 3086 2845 3164 ἡμῖν
2900 3085 2995 3155 τὴν
3056 3062 3186 3164 παρ’
3247 3085 3409 3143 αὐτοῦ
3469 3062 3755 3160 διδομένην

2153 3177 2413 3246 ποιότητα
2458 3178 2551 3236 καὶ
2599 3175 2736 3247 ζωὴν
2769 3182 2878 3243 τοῖς
2922 3175 3293 3254 εὗαρεστοῦσιν
3328 3174 3497 3253 αὐτῷ.
3530 3172 3754 3252 εὨσπερ

2149 3264 2254 3346 γὰρ
2312 3268 2480 3326 ἐκεῖνο
2534 3274 2858 3347 καρποφορεῖ
2907 3264 3061 3343 μένον
3117 3264 3171 3322 iv
3220 3265 3288 3340 τῇ
3350 3264 3607 3344 ἀμπέλῳ,
3660 3262 3758 3321 καὶ

2150 3355 2280 3446 παρ’
2320 3356 2530 3446 ¹ἐκείνης
2568 3355 2850 3446 δεχόμενον
2903 3354 3027 3446 τὴν,
3059 3351 3189 3446 πρὸς
3236 3351 3296 3446 τὸ
3325 3355 3418 3430 ζῇν
3456 3350 3756 3432 συνεργίαν·

2150 3444 2289 3504 οὕτω
2320 3441 2434 3504 ’καὶ
2487 3447 2636 3521 ὑμεῖς
2693 3470 2718 3498 α
2760 3444 2851 3503 ἐὰν
2907 3444 2960 3503 iv
3011 3443 3131 3519 ἐμοὶ
3181 3441 3395 3517 μείνητε
3447 3468 3472 3495 υ
3522 3441 3611 3500 διὰ
3654 3447 3756 3514 τῆς

2150 3533 2423 3616 τηρήσεως
2464 3538 2568 3594 τῶν
2633 3535 2895 3607 ἐντολῶν,
2950 3531 3070 3591 τότε
3128 3530 3348 3591 πλείονα
3399 3531 3604 3610 καρπὸν
3663 3531 3756 3588 iv-

2151 3625 2377 3703 έγκοιτε.
2429 3621 2498 3684 Ὀ
2540 3622 2593 3683 δὲ
2626 3621 2701 3700 μὴ
2733 3623 2904 3700 μένων
2938 3620 3259 3700 ξηραίνεται·
3291 3621 3592 3694 τουτέστιν,
3623 3617 3673 3678 εἴ
3701 3644 3757 3679 τι

2152 3705 2289 3795 εἶχεν
2322 3713 2427 3773 ἀπὸ
2450 3718 2546 3787 τῆς
2598 3714 2770 3795 ῥίζης,
2819 3710 3133 3771 ἀποϐάλλει·
3159 3707 3208 3769 εἴ
3237 3732 3354 3769 τινα
3400 3710 3559 3789 χάριν
3590 3731 3756 3769 πνευ-

2153 3802 2384 3882 ματικὴν
2429 3803 2680 3883 ἐδέχετο,
2727 3807 3019 3880 γυμνοῦται
3062 3799 3292 3873 ταύτης,
3341 3798 3433 3858 καὶ
3482 3805 3754 3876 στερεῖται

2150 3898 2245 3966 τῆς
2287 3895 2483 3953 ἐκεῖθεν
2538 3891 2783 3973 βοηθείας
2844 3891 2935 3950 καὶ
2987 3893 3149 3961 ζωῆς.
3204 3889 3311 3949 Καὶ
3361 3886 3412 3946 τί
3447 3887 3507 3946 τὸ
3567 3887 3749 3962 τέλοςς

2153 4011 2177 4038 ι
2236 3985 2332 4050 Εἰς
2387 3988 2490 4062 πῦρ
2530 3984 2812 4062 βάλλεται,
2863 3981 2956 4041 καὶ
3003 3978 3235 4039 καίεται.
3291 4004 3316 4030 υ
3358 3979 3637 4038 Ἐντεῦθεν
3692 3978 3753 4036 δὲ

2151 4072 2243 4133 καὶ
2287 4071 2631 4150 παραμυθίαν
2676 4072 2849 4138 αὐτοῖς
2891 4071 2951 4129 οὗ
3004 4066 3200 4150 μικρὰν
3248 4066 3463 4136 δίδωσι,
3514 4065 3752 4141 δεικνὺς,

2147 4161 2227 4221 ὅτι
2260 4166 2308 4222 οἱ
2340 4149 2435 4239 μὲν
2467 4161 2891 4228 ἐπιϐουλεύοντες
2937 4149 3115 4240 αὐτῷ,
3166 4149 3271 4226 οἶος
3301 4160 3329 4217 ὁ
3361 4156 3592 4231 Ἰούδας,
3630 4180 3749 4216 κα-

2150 4253 2538 4325 τακαήσονται·
2581 4251 2730 4311 αὐτοὶ
2780 4248 2834 4309 δὲ
2886 4250 3159 4328 μείναντες
3205 4251 3256 4309 iv
3308 4247 3490 4328 αὐτῷ,
3544 4245 3751 4327 καρπὸν

2152 4342 2368 4402 οἴσουσι.
2428 4340 2606 4421 Χωρὶς
2662 4341 2763 4421 γὰρ
2814 4344 2909 4413 τῆς
2961 4341 3049 4398 ὑπ’
3102 4339 3264 4398 αὐτοῦ
3312 4336 3593 4410 ποιότητος
3656 4334 3754 4395 καὶ

2063 4438 2116 4503 D
2146 4431 2457 4512 ζωογονίας,
2489 4432 2546 4490 οὖ
2577 4429 2896 4503 δυνήσονται
2923 4436 3090 4488 ποιεῖν
3127 4426 3300 4487 οὐδέν.

2228 4549 2253 4575 α
2286 4520 2419 4581 Ἐὰν
2453 4517 2665 4597 μείνητε
2697 4522 2749 4578 ἐν
2781 4518 2925 4597 ἐμοὶ,
2956 4518 3047 4577 καὶ
3073 4516 3141 4577 τὰ
3165 4516 3381 4598 ῥήματά
3406 4539 3508 4595 μου
3536 4516 3587 4575 iv
3617 4516 3749 4592 ὑμῖν

2152 4610 2338 4692 μείνῃ,
2363 4609 2391 4670 ὃ
2420 4609 2510 4668 ἐὰν
2543 4612 2756 4682 θέλητε,
2787 4608 3100 4686 αἰτήσεσθε,
3134 4610 3222 4666 καὶ
3266 4606 3552 4685 γενήσεται
3600 4606 3749 4681 ὑμῖν.

2150 4703 2244 4761 Ἐν
2276 4699 2446 4781 τούτῳ
2485 4698 2738 4771 ἐδοξάσθη
2770 4702 2796 4757 ὃ
2830 4698 3024 4778 Πατήρ
3053 4719 3154 4774 μου
3176 4740 3193 4775 ,
3215 4694 3305 4753 ἵνα
3336 4697 3545 4777 καρπὸν
3580 4692 3752 4753 πολὺν

2149 4789 2372 4873 φέρητε,
2418 4786 2510 4849 κοῦ
2539 4790 2760 4868 γένησθε
2806 4789 2923 4865 ἐμοὶ
2974 4786 3233 4865 μαθηταί.
3274 4811 3299 4837 ι
3332 4787 3603 4845 Ἐνταῦθα
3655 4783 3748 4863 ἐρ-

2149 4872 2364 4958 μηνεύει
2410 4882 2588 4956 ἡμῖνδ
2624 4878 2852 4959 Κύριος,
2901 4875 2955 4936 τί
3004 4879 3114 4936 ἐστι
3152 4876 3248 4948 τὸ,
3292 4901 3312 4926 α
3353 4874 3488 4936 Ἐὰν
3534 4872 3753 4950 μείνητε

2149 4971 2201 5028 iv
2251 4969 2389 5046 ἐμοί.
2429 4995 2454 5023 n
2504 4969 2797 5041 τουτέστιν,
2851 4966 2983 5027 Ἐὰν
3026 4967 3122 5035 τὰς
3173 4965 3384 5032 ἐντολάς
3432 4985 3533 5041 μου
3580 4961 3754 5045 φυλά-

2147 5056 2292 5133 ξητε⁹
2328 5058 2388 5118 τὸ
2416 5059 2520 5136 γὰρ
2542 5103 2557 5129 ,
2589 5086 2612 5111 α
2644 5058 2753 5120 Καὶ
2794 5055 2861 5116 τὰ
2888 5055 3105 5139 ῥήματά
3141 5078 3242 5134 μου
3279 5058 3330 5115 iv
3358 5054 3482 5132 ὑμῖν
3516 5052 3688 5131 μείνῃ,
3724 5078 3749 5107 ο

2146 5152 2300 5206 τοῦτο
2359 5148 2624 5225 σημαίνει.
2682 5145 2798 5218 Τὴν
2834 5147 2924 5205 διὰ
2986 5150 3086 5204 τῶν
3148 5144 3314 5226 ἔργων
3354 5142 3750 5223 προσκόλλησιν

2146 5239 2315 5309 ζητεῖ.
2356 5237 2627 5304 Ἕκαστος
2662 5237 2766 5317 γὰρ
2808 5239 2914 5296 τῶν
2957 5236 3251 5315 θεαρέστως
3289 5233 3535 5311 ζώντων,
3562 5253 3752 5311 προαι-

2148 5325 2291 5406 ρέσει
2319 5326 2487 5407 οἰκείᾳ
2535 5328 2680 5405 μένει
2711 5331 2765 5385 iv
2791 5330 2856 5406 τῇ
2895 5328 3143 5405 ἀμπέλῳ,
3192 5321 3471 5400 ἑνούμενός
3502 5344 3560 5381 τε
3609 5321 3749 5402 αὐτῇ

2146 5414 2234 5475 διὰ
2263 5421 2358 5488 τῆς
2380 5417 2626 5495 ἀγάπης,
2662 5416 2751 5476 καὶ
2790 5422 2885 5488 τῆς
2916 5419 3022 5474 τῶν
3054 5417 3279 5474 ἐντολῶν
3310 5414 3586 5493 τηρήσεως
3605 5454 3622 5483 ,
3654 5410 3748 5468 καὶ

2145 5506 2199 5564 iv
2236 5506 2499 5582 πνεύματι
2553 5503 2906 5583 κολλώμενος·
2962 5504 3144 5583 ὥσπερ
3188 5504 3526 5575 τούναντίον,
3573 5505 3600 5558 ὃ
3647 5502 3749 5581 οἰφ-

2147 5595 2424 5674 ιστάμενος
2453 5598 2548 5668 τῆς
2576 5599 2677 5655 τῶν
2709 5598 2937 5655 ἐντολῶν
2972 5594 3255 5676 ἐργασίας,
3290 5593 3749 5671 ἀπαλλοτριοῦται

2148 5683 2282 5747 ἑκὼν
2309 5685 2415 5746 ἀπὸ
2433 5691 2525 5747 τοῦ
2553 5684 2768 5768 Κυρίου.
2791 5685 2888 5748 Ἐν
2914 5683 3085 5768 τούτῳ
3109 5683 3166 5745 δὲ
3201 5681 3471 5754 δοξάζεται
3493 5686 3522 5743 ὁ
3553 5678 3748 5760 Πατήρ
