4128 6440
423 338 523 392 I97

1222 338 1612 395 ENARRATIO
1653 340 1720 394 IN
1761 337 2192 394 EVANGELIUM
2223 334 2520 392 JOANNIS.
2561 367 2632 380 —
2667 338 2819 394 CAP.
2857 341 2967 394 XV.

3651 351 3752 404 198

419 483 556 538 μου,
583 461 770 542 φησὶν,
815 465 871 522 ἐν
899 466 980 544 τῷ
1021 462 1202 543 φέρειν
1243 467 1384 540 ὑμᾶς
1411 462 1577 522 πολὺν
1620 463 1848 544 καρπόν.
1889 463 2006 531 Δόξι

2143 460 2284 532 quit,
2313 459 2360 516 si
2392 476 2487 516 vos
2513 460 2752 518 fructum
2778 464 3016 522 multum
3037 465 3350 524 attuleritis.
3379 469 3570 528 Gloria
3599 473 3747 528 enim

417 549 520 629 γὰρ
539 556 630 609 τοῦ
651 553 800 611 Θεοῦ
831 551 929 612 καὶ
957 552 1196 632 Πατρὸς,
1221 557 1255 625 ἡ
1281 556 1336 612 εὖ
1349 553 1627 628 δοκίμησις
1647 557 1750 612 τῶν
1782 560 1874 614 τοῦ
1898 555 2030 614 Υἱοῦ

418 642 582 699 αὐτοῦ
609 645 894 717 μαθητῶν.
949 644 1268 717 Λάμποντος
1296 643 1398 722 γὰρ
1420 648 1514 702 τοῦ
1543 642 1713 720 φωτὸς
1746 648 1848 702 τῶν
1886 645 2030 702 ἀπο-

419 731 624 792 στόλων
655 730 959 811 ἔμπροσθεν
1007 736 1112 790 τῶν
1157 733 1480 814 ἀνθρώπων,
1525 731 1801 801 ἐδοξάζετο
1830 735 1857 791 6
1903 735 2031 792 Πα-

420 820 525 900 τὴρ
554 826 581 880 6
609 821 873 899 οὐράνιος.
923 821 1144 901 Καρπὸς
1177 825 1279 880 τῶν
1311 822 1618 882 ἀποστόλων
1652 823 1741 880 καὶ
1773 821 1840 881 τὰ
1869 821 2028 900 ἔθνη,

428 911 495 968 τὰ
549 913 638 969 διὰ
703 915 802 983 τῆς
861 911 1214 978 διδασκαλίας
1273 912 1446 970 αὐτῶν
1519 912 1894 992 προσαχθέντα
1959 917 2026 991 τῇ

425 999 620 1071 πίστει,
645 1001 734 1059 καὶ
759 999 902 1080 [τὰ]
933 1003 1008 1066 εἷς
1037 1001 1188 1071 δόξαν
1211 1001 1354 1061 Θεοῦ
1376 1000 1656 1080 γενόμενα.
1687 1004 1752 1062 Εἰ
1775 1001 1950 1060 τοίνυν
1973 1002 2025 1058 ἐν

429 1091 594 1168 τούτῳ
627 1089 905 1158 δοξάζεται
941 1092 970 1148 6
1005 1089 1232 1169 Πατὴρ,
1278 1091 1331 1148 ἐν
1360 1093 1436 1168 τῷ
1473 1096 1610 1169 ὑμᾶς
1641 1092 2026 1170 καρποφορεῖν,

433 1179 527 1236 οὖν.
570 1181 670 1258 ἄρα
712 1180 981 1255 ἀμελήσει
1023 1183 1118 1252 τῆς
1147 1178 1341 1248 οἰκείας
1374 1179 1560 1257 δόξης,
1593 1180 1734 1239 ἀλλὰ
1775 1180 1868 1238 καὶ
1904 1203 2026 1240 συν-

432 1269 639 1345 εργήσει
682 1273 808 1343 ὑμῖν
862 1270 935 1336 εἰς
980 1268 1045 1328 τὸ
1099 1269 1316 1329 πλείονα
1362 1278 1756 1350 καρποφορεῖν,
1809 1268 1896 1327 ἵνα
1937 1268 2026 1327 καὶ

423 1357 584 1415 πλέον
631 1358 935 1430 δοξάζηται.
988 1385 1012 1413 σ
1047 1358 1142 1420 Ἐν
1181 1357 1350 1438 τούτῳ
1395 1359 1524 1438 γὰρ,
1557 1360 1741 1440 φησὶν,
1772 1358 2024 1430 ἐδοξάσθη

422 1452 452 1504 6
489 1447 687 1528 Πατήρ
715 1473 840 1524 μου,
876 1447 963 1506 ἵνα
992 1448 1199 1527 καρπὸν
1226 1449 1392 1507 πολὺν
1423 1446 1646 1530 φέρητε,
1677 1449 1768 1508 καὶ
1799 1449 2024 1527 γένησθε

415 1535 539 1609 ἐμοὶ
584 1539 849 1614 μαθηταί.
884 1564 908 1589 ιι
937 1537 1144 1618 ²Ορᾷς,
1168 1540 1282 1606 πῶς
1324 1541 1352 1596 6
1391 1538 1594 1618 καρπὸν
1640 1538 1848 1620 φέρων,
1891 1539 2025 1595 ἐκεῖ·

412 1625 502 1690 νός
529 1629 646 1684 ἐστι
686 1630 762 1707 τῷ
805 1626 916 1687 ὄντι
971 1625 1248 1706 μαθητὴς,
1290 1625 1383 1687 καὶ
1434 1630 1461 1686 6
1509 1627 1701 1706 Πατὴρ
1758 1630 1810 1686 ἐν
1852 1626 2023 1707 τούτῳ

414 1714 725 1792 δοξάζεται,
755 1716 997 1776 τουτέστι
1035 1715 1246 1797 χαίρει,
1294 1717 1385 1775 καὶ
1433 1716 1586 1784 δόξαν
1631 1715 1830 1776 οἰκείαν
1869 1719 2024 1774 τοῦτο

408 1806 651 1882 ἡγεῖται.

2145 551 2248 607 Dei
2290 559 2348 607 et
2384 551 2584 620 Patris,
2626 553 2946 625 approbatio
3002 555 3404 628 discipulorum
3445 561 3570 616 Filii
3611 561 3744 634 ejus.

2137 642 2279 696 Nam
2315 639 2554 711 fulgente
2597 641 2717 697 luce
2759 645 3141 714 apostolorum
3183 662 3375 702 coram
3407 647 3745 718 hominibus,

2135 729 2546 803 gloriﬁcabatur
2577 733 2736 787 Pater
2763 733 3024 789 caelestis.
3057 737 3288 791 Fructus
3335 737 3484 792 enim
3521 749 3743 810 aposto-

2136 818 2315 874 lorum
2326 827 2814 894 suntgentcs,—qum
2827 823 3242 894 perdoctrinam
3258 825 3478 881 illorum
3493 829 3558 882 ad
3579 829 3741 885 iidem

2136 917 2265 964 sunt
2291 909 2560 972 adductae.
2586 920 2640 966 et
2666 927 2789 983 quae
2812 914 3018 983 operati
3038 923 3167 969 sunt
3186 916 3250 970 ad
3278 916 3507 987 gloriam
3545 919 3664 973 Dei.
3683 921 3741 976 Si

2135 999 2306 1070 igitur
2350 999 2688 1070 gloriﬁcatur
2717 1005 2873 1058 Pater
2911 1003 3046 1058 dum
3097 1020 3192 1060 vos
3233 1004 3475 1062 fructum
3505 1006 3740 1077 alfertis,

2134 1089 2324 1159 utique
2370 1104 2528 1144 suam
2575 1090 2803 1162 gloriam
2849 1108 2960 1148 non
3003 1094 3260 1165 negliget,
3305 1095 3399 1150 sed
3430 1097 3744 1166 operabitur

2134 1177 2440 1246 vobiscum,
2487 1187 2553 1234 ut
2596 1180 2958 1251 copiosiorem
3016 1181 3260 1239 fructum
3305 1183 3571 1254 afferatis,
3629 1203 3741 1260 quo

2132 1268 2309 1340 magis
2345 1267 2702 1340 glorilicetur.
2736 1293 2758 1318 α
2789 1274 2850 1326 ln
2891 1271 2995 1327 hoc
3028 1273 3201 1340 enim,
3232 1273 3434 1346 inquit,
3461 1275 3738 1348 gloriﬁca-

2129 1365 2223 1412 tus
2263 1365 2348 1412 est
2376 1360 2536 1414 Pater
2567 1375 2745 1426 meus,
2790 1368 2852 1414 ut
2898 1359 3142 1417 fructum
3185 1365 3429 1420 multum
3467 1364 3737 1437 afferatis,

2130 1453 2186 1500 et
2225 1445 2538 1502 efﬁciamini
2583 1449 2689 1503 mei
2719 1447 2988 1521 discipuli.
3043 1474 3067 1499 ιο
3117 1451 3286 1508 Vides
3325 1455 3609 1526 quomodo
3649 1456 3739 1514 ille

2129 1544 2211 1590 est
2245 1535 2485 1593 fructum
2511 1536 2750 1593 alt‘erens
2793 1541 2884 1611 qui
2917 1555 3041 1596 vere
3087 1549 3172 1596 est
3200 1541 3516 1615 discipulus,
3548 1554 3601 1600 et
3631 1549 3732 1602 Pa-

2131 1631 2216 1678 ter
2259 1624 2312 1680 in
2343 1625 2446 1680 isto
2493 1627 2848 1698 gloriﬁcatur,
2883 1627 2989 1685 hoc
3027 1636 3110 1686 est
3158 1631 3376 1703 gaudet,
3422 1642 3477 1690 et
3503 1636 3734 1706 gloriam

2131 1729 2290 1770 suam
2322 1713 2428 1771 hoc
2457 1716 2750 1772 existimat.

499 1921 526 1949 α
579 1894 773 1962 Καθὼς
810 1894 1062 1974 ἤγάπησέ
1107 1917 1174 1973 με
1220 1897 1248 1955 6
1287 1896 1517 1976 Πατὴρ,
1557 1893 1707 1968 κάγὼ
1753 1893 2006 1973 ἠγάπησα

2198 1876 2376 1932 Vens.
2409 1882 2463 1944 9,
2500 1879 2585 1931 10.
2634 1898 2660 1926 α
2699 1877 2849 1934 Sicut
2874 1877 3059 1934 dilexit
3087 1896 3177 1936 mc
3219 1885 3399 1950 Pater,
3445 1884 3518 1940 ita
3551 1892 3604 1941 et
3633 1902 3734 1960 ego

411 1989 572 2060 ὒμᾶς.
609 1984 842 2045 Μείνατε
875 1989 929 2045 ἐν
1081 1984 1266 2065 ἀγάπῃ
1295 1989 1360 2057 τῆ
1401 1988 1528 2066 ἐμῇ.
1586 1984 1713 2045 Ἐὰν
1745 1983 1838 2050 τὰς
1867 1987 2013 2042 ἐντο-

411 2075 508 2140 λάς
540 2098 643 2154 μου
674 2073 979 2156 τηρήσητε,
1029 2084 1231 2150 μενεῖτε
1260 2079 1311 2134 ἐν
1341 2079 1406 2154 τῇ
1452 2075 1634 2155 ἀγάπῃ
1675 2099 1808 2151 μου,
1840 2071 2015 2141 καθὼς

415 2163 521 2240 ἐγὼ
575 2164 671 2230 τὰς
711 2163 930 2231 ἐντολὰς
985 2169 1079 2222 τοῦ
1141 2162 1354 2243 Πατρός
1407 2187 1510 2240 μου
1560 2164 1871 2244 τετήρηκα,
1921 2163 2012 2223 καὶ

412 2253 559 2329 μένω
594 2255 758 2314 αὐτοῦ
808 2257 861 2313 ἐν
921 2257 987 2333 τῇ
1043 2252 1248 2332 ἀγάπῃ.
1281 2281 1306 2305 ι·
1361 2256 1598 2335 Θαῤῥεῖν
1641 2253 1823 2320 αὖτοὺς
1864 2276 2009 2333 προ-

412 2343 669 2420 τρέπεται
723 2343 809 2401 διὰ
865 2347 959 2402 τοῦ
988 2341 1192 2420 λέγειν,
1233 2342 1312 2401 ὅτι
1350 2369 1375 2397 ι
1411 2343 1706 2420 Ἤγάπησα
1757 2346 1928 2418 ὑμᾶς,
1985 2369 2009 2396 n

412 2436 550 2490 οὕτω
581 2433 638 2491 δὲ
668 2433 929 2509 ἠγάπησα
946 2477 964 2510 ,
1004 2434 1074 2497 ὡς
1098 2435 1126 2488 6
1154 2432 1346 2512 Πατὴρ
1378 2431 1491 2514 ἐμέ.
1524 2435 1696 2492 Τοῦτο
1726 2433 1780 2493 δὲ
1812 2435 2010 2514 ἀνθρω-

405 2521 697 2599 πινώτερον
756 2522 983 2602 εἴρηκεν·
1031 2548 1056 2572 ει
1084 2524 1317 2580 Μείνατε
1373 2511 1462 2579 οὖν
1514 2524 1565 2580 ἐν
1713 2523 1894 2601 ἀγάπῃ
1942 2528 2009 2605 τῇ

408 2611 541 2688 ἐμῇ.
571 2639 594 2664 ι
620 2610 828 2672 Τούτου
858 2609 961 2689 γὰρ
994 2613 1142 2687 ὑμεῖς
1171 2613 1289 2670 ἐστε
1329 2609 1522 2690 κύριοι.
1558 2613 1651 2684 Μὴ
1690 2609 1792 2691 γὰρ
1825 2614 2007 2685 ἐπειδὴ

406 2700 706 2775 ἠκούσατε,
754 2699 836 2758 ὅτι
864 2727 890 2755 ι
937 2699 1235 2779 Ἠγάπησα
1285 2703 1452 2776 ὑμᾶς,
1483 2729 1509 2753 υ
1538 2703 2000 2782 καταφρονήσητε.

407 2788 568 2850 Ἀλλὰ
604 2789 948 2850 σπουδάσατε
975 2797 1151 2864 μεῖναι
1183 2791 1236 2848 ἐν
1270 2794 1336 2870 τῇ
1369 2791 1552 2870 ἀγάπῃ
1585 2780 1730 2866 μου.
1756 2780 1892 2850 Εἶτα
1925 2792 2007 2849 δι-

405 2879 592 2938 δάσκει
652 2877 878 2957 αὐτοὺς,
945 2881 1058 2944 πῶς
1129 2878 1440 2949 δυνήσονται
1502 2887 1696 2956 μεῖναι·
1763 2880 1851 2938 ἐὰν
1913 2883 2008 2950 τὰς

404 2967 619 3034 ἐντολὰς
650 2970 812 3026 αὐτοῦ
853 2967 1180 3047 τηρήσουσιν.
1214 2966 1313 3034 ⁶Ως
1352 2969 1453 3049 γὰρ
1485 2967 1738 3035 πολλάκις
1765 2967 2002 3048 εἴρηται,

405 3058 604 3124 ἐκεῖνός
649 3059 794 3116 ἐστιν
841 3059 870 3116 6
902 3059 1124 3136 ἀγαπῶν
1157 3057 1345 3135 αὐτὸν,
1389 3063 1416 3117 6
1443 3059 1538 3125 τὰς
1581 3057 1794 3126 ἐντολὰς
1844 3061 2004 3119 αὐτοῦ

401 3152 599 3224 τηρῶν.
652 3149 758 3207 Διὰ
789 3147 1002 3206 πάντων
1046 3145 1100 3204 δὲ
1142 3145 1339 3204 τούτων
1381 3145 1635 3220 δεικνύει,
1670 3147 1751 3206 ὅτι
1789 3147 1907 3206 τότε
1952 3151 2004 3207 ἐν

399 3237 672 3315 ἆσςοαλείᾳ
737 3237 985 3313 ἔσονται,
1035 3235 1122 3294 ὅτε
1177 3234 1289 3315 βίον
1347 3237 1576 3314 καθαρὸν
1631 3236 2001 3305 ἐπιδείξονται.
2036 3259 2082 3323 c

397 3352 421 3377 α
463 3325 659 3392 Καθὼς
690 3323 796 3404 ἐγὼ
825 3326 919 3392 τὰς
949 3325 1162 3392 ἐντολὰς
1193 3331 1284 3383 τοῦ
1317 3328 1531 3407 Πατρός
1567 3349 1671 3403 μου
1700 3326 2002 3406 τετήρηκα,

398 3415 484 3472 καὶ
516 3416 662 3491 μένω
693 3419 857 3474 αὐτοῦ
893 3417 946 3473 ἐν
1079 3413 1286 3494 ἀγάπῃ.
1314 3443 1339 3467 ιι
1395 3417 1500 3474 Καὶ
1537 3421 1692 3475 τοῦτο
1725 3440 2002 3495 συγκατα-

407 3502 639 3572 εατικῶς
693 3505 782 3564 διὰ
832 3503 930 3575 τὴν
990 3504 1261 3563 ἀσθένειαν
1310 3507 1413 3563 τῶν
1469 3510 1763 3564 ἀκουόντων
1816 3507 1999 3588 φησίν.

407 3594 494 3652 Οὖ
523 3593 625 3671 γιΞιρ
671 3595 731 3666 δὴ
759 3597 789 3654 6
817 3593 1033 3652 πάντων
1085 3593 1371 3670 νομοθέτης
1417 3594 1521 3653 ὑπὸ
1551 3593 1764 3662 ἐντολὰς
1793 3597 1993 3671 ἔκειτο,

409 3683 504 3739 καὶ
540 3681 665 3739 ἄνευ
691 3686 788 3740 τῶν
819 3685 1109 3764 Πατρικῶν
1140 3684 1364 3742 ἐντολῶν
1395 3685 1491 3742 οὐκ
1528 3683 1758 3756 ἠδύνατο
1799 3686 1998 3762 διάγειν

405 3769 507 3842 τὴν
563 3773 747 3831 ἑαυτοῦ
787 3774 943 3844 ζωήν·
991 3776 1146 3831 τοῦτο
1195 3772 1297 3852 γὰρ
1345 3773 1688 3856 ἀτοπώτατον
1739 3775 1998 3846 ἐννοῆσαι.

404 3859 566 3938 Λέγει
599 3861 660 3918 τὸ
831 3862 928 3941 δὲ]
960 3866 1142 3932 τοῦτο,
1177 3862 1266 3921 ἐπὶ
1308 3862 1470 3922 πλέον
1502 3864 1999 3941 παραμυθήσασθαι

405 3952 726 4029 βουλόμενος
770 3953 984 4032 αὐτούς.
1043 3949 1199 4011 Ἐπεὶ
1251 3951 1352 4032 γὰρ
1411 3951 1588 4032 ἔλεγεν
1651 3954 1860 4026 αὐτοῖς,
1918 3957 1999 4014 ὅτι

401 4037 622 4119 Ἇγαπῶ
649 4044 812 4117 ὑμᾶς,
847 4031 962 4099 εἶτα
993 4040 1212 4118 ἔμελλον
1245 4039 1461 4121 ὕστερον
1491 4031 1697 4122 θλίψεσι
1727 4044 1995 4120 παλαίειν,

397 4130 482 4187 ἵνα
544 4130 624 4206 μὴ
678 4131 1167 4204 σκανδαλισθῶσιν,
1219 4133 1290 4198 ὣς
1322 4137 1417 4203 τῆς
1449 4131 1662 4210 ἀγάπης
1694 4133 1854 4191 αὐτοῦ
1887 4158 1996 4211 μη-

387 4219 473 4278 δὲν
523 4219 976 4296 συμϐαλλομένης
1025 4220 1234 4292 αὐτοῖς,
1281 4222 1375 4292 Μὴ
1414 4220 1752 4300 θορυϐεῖσθε,
1798 4223 1988 4304 φησὶν,

384 4308 503 4367 ἕπεὶ
532 4309 676 4385 κάμὲ
707 4312 897 4390 ἀγαπᾶ
938 4307 1034 4386 μὲν
1063 4315 1092 4370 6
1136 4310 1330 4390 Πατὴρ
1351 4356 1367 4384 ,
1397 4309 1734 4390 παραδίδωσι
1766 4312 1819 4390 ᾂὲ
1849 4313 1991 4390 ὅμως

382 4392 458 4457 εἷς
511 4392 574 4448 τὸ
610 4382 767 4470 ⁷ὑπὲρ
807 4395 898 4448 τοῦ
940 4382 1149 4466 ’κόσμου
1203 4382 1409 4451 παθεῖν.
1457 4387 1682 4470 ιὨσπερ
1743 4382 1834 4452 οὖν
1891 4398 1988 4455 οὐκ

2125 1962 2286 2020 dilexi
2324 1981 2439 2021 vos.
2484 1969 2701 2023 Maneto
2739 1967 2796 2022 in
2850 1967 3148 2026 dilectione
3187 1987 3325 2027 mea.
3375 1972 3429 2028 Si
3459 1985 3732 2047 praecepta

2126 2069 2244 2109 mea
2284 2055 2650 2125 servaveritis,
2688 2057 2977 2114 manebitis
3005 2059 3062 2114 in
3101 2059 3386 2118 dilectione
3417 2079 3558 2132 mea,
3587 2065 3732 2122 sicut

2123 2151 2178 2198 et
2221 2160 2322 2216 ego
2370 2153 2637 2216 praecepta
2683 2145 2860 2202 Patris
2902 2147 3011 2203 mei
3060 2150 3293 2218 servavi,
3350 2161 3403 2207 et
3435 2169 3629 2209 maneo
3675 2154 3729 2210 in

2121 2231 2236 2303 ejus
2260 2232 2570 2288 dilectione.
2613 2257 2635 2281 ι)
2665 2234 3003 2291 Exhortatur
3028 2252 3122 2292 eos
3153 2249 3215 2294 ut
3246 2239 3382 2295 bene
3407 2241 3686 2299 conﬁdant
3713 2265 3727 2300 :

2119 2321 2251 2377 dicit
2288 2322 2458 2390 enim,
2494 2345 2520 2372 α
2565 2325 2742 2380 Dilexi
2797 2341 2909 2381 vos.
2973 2350 2997 2375 υ
3037 2328 3127 2382 Sic
3168 2338 3351 2384 autem
3397 2330 3561 2387 dilexi
3609 2350 3728 2405 vos,

2119 2411 2264 2466 sicut
2315 2427 2403 2467 me
2433 2414 2591 2468 Pater
2631 2413 2828 2485 diligit.
2861 2419 2982 2470 Hoc
3017 2424 3203 2471 autem
3242 2417 3535 2476 humanius
3570 2423 3722 2495 dixit,

2124 2522 2149 2548 ι
2197 2503 2411 2556 Manete
2443 2501 2605 2573 igitur
2628 2501 2684 2556 in
2713 2502 3010 2574 dilectione
3041 2521 3179 2560 mea.
3221 2529 3245 2553 ν
3279 2507 3427 2562 Illius
3450 2510 3600 2566 enim
3628 2529 3723 2568 vos

2118 2590 2248 2645 estis
2308 2590 2536 2645 domini.
2569 2594 2694 2647 Non
2748 2593 2895 2647 enim
2928 2593 3056 2664 quia
3087 2594 3371 2651 audivistis
3401 2598 3546 2669 quod
3577 2620 3604 2648 «
3635 2601 3727 2656 di-

2117 2678 2345 2735 lexerint
2404 2697 2519 2748 vos,
2559 2705 2583 2729 ι›
2629 2683 3001 2738 contemnetis
3047 2700 3060 2738 :
3102 2684 3196 2740 sed
3239 2684 3439 2742 dabitis
3475 2705 3721 2760 operam,

2117 2777 2180 2823 ut
2213 2788 2242 2821 (ι
2275 2770 2538 2825 maneatis
2563 2771 2616 2824 in
2643 2771 2937 2827 dilectione
2974 2788 3116 2828 mea.
3149 2797 3175 2822 ι»
3207 2775 3422 2832 Deinde
3446 2776 3608 2834 docet
3630 2796 3725 2836 eos

2115 2859 2394 2930 quomodo
2416 2868 2674 2930 poterunt
2699 2877 2920 2917 manere
2943 2881 2954 2917 :
2983 2863 3028 2917 si
3051 2864 3305 2919 mandata
3324 2881 3421 2920 sua
3436 2870 3719 2925 servarint.

2113 2949 2256 3002 Nam
2285 2952 2365 3014 (ut
2387 2964 2530 3020 saepe
2561 2948 2774 3004 dictum
2811 2955 2915 3017 est)
2945 2951 3035 3006 ille
3063 2960 3146 3008 est
3188 2953 3282 3025 qui
3313 2953 3484 3026 diligit
3518 2960 3719 3029 Deum,

2114 3037 2210 3107 qui
2259 3037 2513 3093 mandata
2544 3039 2658 3110 ejus
2695 3048 2877 3095 servat
2911 3040 2974 3094 δι.
3022 3044 3126 3096 Per
3166 3043 3350 3100 omnia
3379 3054 3563 3102 autem
3601 3047 3720 3105 hac

2113 3125 2352 3182 ostendit
2392 3127 2538 3199 quod
2562 3136 2693 3184 tunc
2731 3130 2910 3184 securi
2937 3139 3122 3200 erunt,
3161 3149 3287 3188 cum
3320 3134 3484 3190 vitam
3517 3152 3715 3207 puram

2113 3216 2340 3288 egerint.
2377 3241 2402 3265 α
2436 3218 2588 3273 Sicut
2631 3235 2732 3290 ego
2775 3219 3035 3275 mandata
3067 3223 3242 3277 Patris
3269 3224 3374 3278 mei
3401 3226 3630 3296 servavi,
3665 3237 3720 3284 et

2113 3319 2315 3361 maneo
2352 3306 2410 3361 in
2454 3307 2749 3364 dilectione
2793 3309 2928 3381 ejus.
2962 3332 2988 3359 ιι
3041 3313 3112 3366 Et
3153 3317 3259 3368 hoc
3301 3321 3618 3384 temperans
3659 3333 3718 3374 se

2111 3393 2457 3451 audientium
2497 3395 2798 3452 infirmitati
2827 3398 2979 3454 dicit.
3004 3402 3129 3456 Non
3167 3401 3312 3457 enim
3339 3403 3431 3474 qui
3465 3406 3716 3463 omnium

2112 3492 2195 3538 est
2226 3485 2516 3556 Iegislator,
2559 3487 2835 3541 mandatis
2879 3487 3174 3558 obnoxius,
3215 3500 3272 3546 et
3309 3492 3426 3548 sine
3472 3496 3716 3565 paternis

2112 3572 2386 3628 mandatis
2415 3573 2616 3646 degere
2649 3592 2764 3631 non
2797 3585 2978 3647 potest
3005 3594 3161 3634 suam
3199 3580 3398 3650 vitam;
3432 3582 3536 3639 hoc
3565 3585 3714 3642 enim

2109 3662 2348 3733 cogitare
2407 3663 2570 3719 fuerit
2617 3666 3093 3722 absurdissimum.
3143 3669 3289 3724 Dicit
3343 3679 3529 3727 autem
3587 3674 3714 3743 hoc,

2109 3752 2350 3807 multum
2389 3767 2484 3808 eos
2530 3754 2802 3809 consolari
2853 3755 3058 3810 volens.
3109 3757 3250 3825 Quia
3291 3759 3440 3814 enim
3498 3761 3741 3819 diccbat

2109 3839 2208 3908 eis,
2243 3841 2427 3913 Diligo
2456 3857 2572 3910 vos,
2610 3851 2663 3897 et
2691 3843 2928 3898 habituri
2958 3854 3113 3899 erant
3139 3854 3326 3916 postea
3364 3864 3490 3903 cum
3532 3851 3711 3906 al‘ﬂic-

2106 3929 2344 3986 tionibus
2371 3939 2678 4000 certamen,
2708 3939 2771 3988 ut
2806 3948 2876 3988 ne
2905 3933 3282 4002 offendantur,
3313 3937 3467 4007 quasi
3494 3938 3709 3997 dilectio

2107 4009 2237 4065 nihil
2276 4011 2383 4067 illis
2424 4013 2710 4084 prodesset
2742 4033 2754 4069 :
2783 4015 2865 4070 Ne
2886 4015 3207 4083 turbemini,
3237 4017 3434 4088 inquit,
3458 4019 3581 4090 quia
3607 4021 3708 4076 etsi

2105 4105 2194 4146 me
2231 4091 2421 4165 diligat
2443 4093 2666 4165 quidem
2693 4095 2878 4162 Pater,
2918 4097 3184 4166 permittit
3224 4106 3415 4154 tamen
3444 4108 3505 4155 ut
3535 4102 3710 4172 patiar

2105 4185 2204 4242 pro
2236 4173 2459 4229 mundo.
2488 4175 2640 4230 Sicut
2668 4174 2832 4246 igitur
2855 4192 2966 4230 non
2988 4177 3255 4233 minuitur
3273 4179 3491 4236 dilectio
3524 4183 3707 4240 Patris

2103 4263 2389 4324 propterea
2433 4254 2583 4326 quod
2621 4270 2722 4326 ego
2770 4257 2974 4326 patiar;
3037 4257 3112 4313 ita
3157 4274 3334 4331 neque
3381 4276 3478 4316 vos
3525 4263 3707 4320 minus

2099 4332 2397 4404 diligemini
2431 4351 2462 4390 a
2499 4349 2607 4403 me,
2641 4335 2857 4392 etiamsi
2897 4337 2953 4392 in
2997 4337 3170 4395 varias
3203 4339 3505 4397 incideritis
3531 4342 3702 4400 afﬂic-

2098 4411 2292 4470 tiones.

385 4481 703 4539 ἐλαττοῦται
751 4483 787 4550 ἡ
846 4480 1030 4558 ἀγάπη
1065 4485 1153 4539 τοῦ
1185 4480 1400 4562 Πατρὸς
1434 4482 1495 4540 ἐκ
1534 4489 1627 4541 τοῦ
1657 4479 1887 4563 πάσχειν
1933 4485 2060 4565 ἐμὲ,
2105 4493 2272 4563 οὕτως
2329 4495 2447 4556 οὐδὲ
2497 4498 2646 4574 ὑμεῖς
2695 4487 2853 4571 ἧττον
2905 4500 3182 4574 ἀγαπᾶσθε
3234 4499 3322 4560 ὑπ’
3384 4505 3542 4579 ἐμοῦ,
3601 4503 3700 4563 κᾶν

381 4571 593 4650 θλίψεσι
627 4577 934 4648 περιπεσεῖν
967 4572 1223 4645 μέλλητε.

461 4687 488 4712 ι
517 4663 710 4722 Ταῦτα
738 4661 1011 4754 λελάληκα
1045 4663 1199 4736 ὑμῖν,
1223 4660 1312 4720 ἵνα
1343 4660 1545 4741 ἧχαρὰ
1567 4666 1606 4754 ,ἡ
1641 4660 1744 4754 ἐμὴ
1777 4665 1829 4722 ἓν
1861 4664 1985 4740 ὑμῖν

2165 4677 2344 4732 Vens.
2382 4679 2570 4731 11-13.
2607 4694 2637 4729 ιι
2673 4677 2810 4733 ΠᾶΞο
2850 4677 3066 4734 locutus
3092 4695 3215 4735 sum
3257 4678 3431 4749 vobis,
3466 4689 3527 4738 ut
3563 4698 3696 4754 gan-

384 4747 554 4827 μένῃ,
600 4750 695 4809 καὶ
738 4753 772 4821 ἡ
804 4748 952 4830 χαρὰ
983 4751 1129 4824 ὑμῶν
1161 4755 1445 4832 πληρωθῇ.
1497 4752 1648 4822 Αὕτη
1682 4753 1738 4811 δέ
1778 4756 1920 4813 ἐστιν
1951 4759 1984 4828 ἡ

379 4839 558 4911 ἔντολὴ
583 4845 615 4913 ἡ
647 4841 785 4915 ἐμὴ,
815 4840 905 4899 ἵνα
931 4842 1178 4918 ἀγαπᾶτε
1208 4841 1492 4913 ἀλλήλους,
1529 4841 1702 4907 καθὼς
1724 4841 1986 4920 ἠγάπησα

379 4930 534 5002 ὑμᾶς.
579 4931 818 5001 Μείζονα
876 4929 1080 5000 ταύτης
1112 4931 1327 5008 ἀγάπην
1358 4929 1526 4998 οὐδεὶς
1574 4930 1717 5010 ἔχει,
1765 4934 1851 4989 ἵνα
1907 4957 1985 5002 τις

374 5017 672 5102 τὴνψσχὴν
721 5023 896 5082 αὐτοῦ
948 5024 1015 5098 θῇ
1065 5017 1199 5099 ὑπὲρ
1247 5023 1350 5079 τῶν
1409 5021 1576 5100 φίλων
1625 5023 1804 5080 αὐτοῦ.
1849 5049 1872 5074 υ
1901 5056 1982 5070 -

366 5136 388 5161 ι
420 5112 632 5187 Ταῦτα,
664 5114 841 5194 φησὶ,
884 5109 1171 5179 λελάληκα
1215 5112 1379 5186 ὑμῖν,
1428 5135 1453 5162 υ
1492 5107 1581 5168 ἵνα
1628 5108 1703 5187 μὴ
1737 5111 1979 5192 διακόψω

355 5205 496 5280 ὑμῶν
529 5204 625 5279 τὴν
653 5202 870 5287 χαράν.
949 5197 1216 5278 Ἕχαιρον
1264 5199 1361 5276 μὲν
1408 5198 1512 5280 γὰρ
1557 5199 1800 5268 συνόντες
1833 5203 1977 5282 αὐτῷ

340 5271 842 5380 θαυματουργοίλτι
927 5288 1030 5348 καὶ
1086 5287 1432 5368 δοξαζομένῳο
1499 5288 1590 5349 καὶ
1646 5288 1827 5366 μέντοι
1884 5291 1975 5350 καὶ

326 5359 470 5451 αὖτοὶ
512 5359 786 5466 δαιμονια
851 5377 1226 5444 ἐκϐάλλοντες
1270 5359 1513 5459 ’ἔχαίρονο
1563 5380 1634 5446 ὣς
1686 5379 1777 5438 καὶ
1821 5380 1976 5449 αὐτός

312 5504 456 5570 φησι·
513 5511 542 5542 ι
573 5463 682 5558 Μὴ
734 5475 1030 5561 χαίρετε,
1065 5463 1151 5524 ὅτι
1194 5465 1262 5525 τὰ
1304 5469 1554 5548 δαιμόνια
1605 5467 1916 5531 ἐκϐάλλετε.
1949 5495 1974 5523 ι

352 5671 391 5714 ει
432 5672 606 5732 Joan.
647 5675 808 5728 XIV,
862 5655 976 5712 15.

2096 4761 2250 4819 dium
2291 4779 2475 4820 meum
2504 4765 2560 4821 in
2590 4765 2746 4822 vobis
2786 4778 3025 4837 maneat,
3069 4777 3121 4824 et
3162 4769 3423 4842 gaudium
3456 4783 3697 4831 vestrum

2094 4850 2403 4924 impleatur.
2439 4855 2560 4910 Hoc
2602 4864 2686 4912 est
2724 4865 3058 4928 praeceptum
3114 4875 3323 4929 meum,
3365 4869 3428 4917 ut
3463 4861 3698 4937 diligatis

2092 4957 2190 4998 vos
2217 4942 2474 5012 invicem,
2509 4944 2650 5000 sicut
2681 4944 2839 5001 dilexi
2874 4963 2987 5003 vos.
3027 4949 3296 5021 Majorem
3321 4949 3427 5007 hac
3446 4952 3694 5010 dilectio-

2089 5046 2218 5088 nem
2262 5047 2431 5088 nemo
2461 5031 2640 5099 habet,
2684 5043 2747 5090 ut
2775 5034 2896 5107 quis
2933 5037 3171 5093 animam
3209 5054 3367 5095 suam
3395 5050 3565 5111 penat
3595 5058 3694 5113 pro

2088 5122 2278 5177 amicis
2302 5122 2430 5177 suis.
2463 5143 2488 5170 ι
2523 5153 2590 5163 -
2615 5143 2641 5171 α
2666 5124 2818 5185 Haec.
2845 5125 3042 5197 inquit,
3072 5127 3283 5183 locutus
3309 5144 3430 5184 sum
3463 5127 3636 5199 vobis,
3664 5153 3688 5179 ι

2089 5217 2150 5266 ut
2193 5225 2305 5266 non
2350 5211 2686 5268 imminuam
2730 5213 2992 5286 gaudium
3027 5226 3286 5272 vestrum.
3349 5218 3514 5290 713
3547 5221 3691 5275 Nam

2089 5300 2413 5372 gaudebant
2443 5301 2689 5374 quidem,
2721 5319 2848 5359 cum
2892 5315 3078 5360 essent
3109 5306 3270 5361 simul
3301 5322 3428 5362 cum
3465 5324 3528 5363 eo
3560 5324 3691 5366 cum

2085 5389 2350 5446 miracula
2399 5388 2601 5446 faceret
2644 5399 2701 5447 et
2747 5392 3192 5464 gloriﬁcaretur:
3247 5400 3302 5450 et
3328 5395 3432 5466 ipsi
3469 5412 3691 5470 quoque

2085 5477 2360 5538 daemonia
2393 5479 2670 5554 ejicientes
2697 5480 3029 5554 gaudebant,
3057 5482 3201 5541 sicut
3227 5489 3282 5545 et
3310 5483 3424 5557 ipse
3466 5487 3639 5560 inquit
3673 5505 3688 5545 :
