4128 6442
521 346 622 399 199
1546 338 2039 396 THEOPHYLACT
2044 340 2062 395 Ι
2102 337 2461 394 BULGARUE
2496 338 2813 395 ARCHIEP.
3718 341 3827 395 200

511 488 538 516 ι
572 465 758 524 Nolite
778 463 1019 537 gaudere
1049 464 1198 536 quod
1226 461 1501 520 daemonia
1536 463 1754 536 ejicitis.
1783 482 1812 517 ν
1846 463 2103 535 Quonian

2230 463 2387 523 Ἐπεὶ
2439 462 2495 522 δὲ
2550 463 2811 533 τὸπάθος
2862 461 3231 545 παρενέπεσε,
3287 462 3380 522 καὶ
3416 460 3486 522 τὰ
3534 463 3830 546 σκυθρωπὰ

507 563 690 613 autem
715 562 774 611 et
800 552 1018 610 affectio
1041 552 1337 622 incidebat,
1368 562 1425 608 et
1454 568 1664 609 mceror
1687 552 1951 627 gaudium
1978 552 2103 625 ipso

2230 552 2472 614 διέκοπτε
2493 552 2589 628 τήν
2621 552 2796 634 χαρὰν
2830 554 3005 613 αὐτῶν
3025 597 3043 628 ,
3094 553 3287 633 φησὶν,
3320 551 3402 612 ὅτι
3444 579 3471 607 ι
3493 554 3683 613 Ταῦτα
3710 580 3734 606 ιι
3757 552 3829 611 τὰ

506 660 634 702 rum
679 644 994 713 mutilabat,
1036 643 1260 716 inquit:
1315 665 1339 691 α
1390 644 1526 699 Haec
1576 642 1903 719 usolatoria
1956 643 2103 699 verba

2226 642 2649 723 παραμυθητικὰ
2699 642 2915 725 ῥήματα
2980 670 3004 697 α
3036 645 3310 715 λελάληκα
3342 645 3497 719 ὑμῖν,
3530 668 3555 694 ι
3602 639 3692 700 ἵνα
3739 642 3831 702 διὰ

515 753 544 787 ιι
568 735 783 791 locutus
811 749 940 791 sum
966 732 1145 800 vobis,
1171 751 1201 786 ι)
1232 740 1294 788 ut
1315 747 1531 804 semper
1561 740 1617 788 et
1651 748 1825 805 usque
1850 732 1920 788 ad
1949 731 2103 788 tinem

2225 732 2426 799 παντὸς
2467 733 2560 792 καὶ
2601 731 2729 812 ἄχρι
2756 731 2936 799 τέλους
2970 737 3004 805 ἡ
3033 730 3181 813 χαρὰ
3227 734 3377 808 ὑμῶν
3421 730 3573 809 μείνῃ
3606 731 3828 791 ἀδιάκο-

511 822 775 896 gaudium
815 830 1056 878 vestrum
1086 821 1364 893 integrum
1404 828 1646 887 maneat,
1688 821 2018 893 plenumque
2044 820 2103 876 sil

2225 844 2324 888 πος
2360 821 2453 880 καὶ
2479 820 2689 901 πλήρης
2717 820 2809 879 καὶ
2839 820 3051 892 ἐντελὴς
3088 819 3194 894 εἴη.
3230 822 3312 881 Οὐ
3346 820 3450 901 γὰρ
3481 818 3656 890 λύπης
3702 819 3827 888 ἄξια

513 928 578 969 ac
603 911 931 985 perfectum.
972 913 1098 967 Non
1147 910 1296 967 enim
1334 924 1577 966 maerore
1603 910 1766 984 digna
1795 919 1928 967 sunt
1967 925 2103 982 prae-

2221 909 2289 968 τὰ
2320 910 2584 990 παρόντα,
2619 909 2759 969 ἀλλὰ
2788 917 2961 991 χαρᾶς
2979 955 2996 987 ,
3024 907 3123 969 κᾶν
3153 908 3376 991 σταυρὸς
3395 952 3413 983 ,
3440 908 3540 968 κᾶν
3570 908 3827 989 αἰσχύνη,

506 1002 700 1071 sentin,
736 1001 832 1058 sed
873 1001 1092 1073 gaudio,
1137 1000 1265 1056 licet
1301 1016 1460 1068 crux,
1500 1000 1628 1057 licet
1667 999 1943 1069 confusio,
1984 1001 2103 1056 licet

2220 998 2311 1059 καὶ
2346 989 2534 1076 ἀτιμία
2579 989 2797 1080 προσῇ(
2818 989 2990 1059 Ἐπεὶ
3022 998 3077 1058 δὲ
3118 997 3228 1056 ἄνω
3253 989 3436 1070 εἶπεν,
3481 997 3582 1072 ὅτι,
3631 1024 3657 1052 ιι
3684 998 3824 1060 Ἐὰν

515 1090 821 1166 ignominia
868 1090 1113 1147 accedat.
1138 1089 1275 1159 Quia
1317 1098 1500 1145 autem
1557 1105 1724 1162 supra
1770 1088 1931 1155 dixit,
1983 1111 2010 1139 ει
2053 1088 2103 1146 Si

2216 1088 2311 1157 τὰς
2342 1088 2552 1157 ἐντολάς
2583 1111 2684 1165 μου
2714 1086 3018 1167 τηρήσητε,
3047 1114 3072 1141 υ
3103 1086 3222 1147 τότε
3247 1115 3272 1141 κ
3303 1088 3509 1165 μενεῖτε
3549 1089 3603 1146 ἐν
3628 1087 3772 1166 ἐμοὶ,
3803 1115 3829 1143 ι

506 1180 769 1239 mandata
803 1194 926 1236 mea
976 1178 1344 1247 servaveritis,
1394 1201 1420 1228 ι
1462 1187 1595 1234 tunc
1636 1202 1661 1227 ιι
1712 1178 2008 1235 manebitis
2051 1178 2103 1235 in

2216 1184 2309 1238 νῦν
2362 1179 2595 1239 δείκνυσι
2644 1178 2802 1245 ποίας
2856 1177 3072 1245 ἐντολὰς
3129 1176 3406 1260 ὀφείλουσι
3454 1180 3668 1256 τηρεῖν,
3729 1177 3831 1238 καὶ

504 1285 619 1339 me,
647 1288 678 1323 ι
712 1285 862 1326 nunc
885 1268 1124 1325 ostendit
1154 1283 1279 1340 qua:
1303 1268 1562 1324 mandata
1586 1267 1827 1325 debeant
1844 1282 2063 1325 servare
2093 1286 2103 1323 :

2219 1269 2582 1329 ὑποδείκνυσιν
2616 1270 2789 1335 αὐτοῖς
2822 1266 2918 1339 τὴν
2955 1267 3192 1344 ἀγάπην.
3225 1293 3253 1322 σι
3280 1263 3407 1328 Ἵνα
3446 1264 3572 1347 γὰρ,
3619 1266 3783 1346 φησὶν
3804 1312 3825 1344 ,

504 1367 562 1417 et
601 1359 735 1431 ipsis
771 1358 1117 1415 demonstrat
1152 1357 1498 1414 charitatem.
1550 1357 1702 1414 Dicit
1745 1357 1918 1424 enim,
1966 1380 1990 1407 ι
2032 1357 2103 1415 Ut

2221 1361 2464 1437 ἀγαπᾶτε
2498 1356 2795 1434 ἀλλήλους,
2846 1356 3020 1422 καθὼς
3047 1356 3304 1432 ἠγάπησα
3337 1361 3497 1434 ὑμᾶς.
3534 1380 3560 1408 ι
3590 1357 3675 1416 Οὔ
3713 1356 3825 1435 γὰρ

504 1448 749 1522 diligatis
778 1463 876 1504 vos
910 1447 1161 1515 invicem,
1209 1447 1356 1504 sicut
1381 1445 1551 1503 dilexi
1587 1462 1705 1503 vos.
1747 1468 1774 1495 ι
1822 1449 1947 1503 Non
1996 1445 2103 1503 for-

2222 1448 2437 1523 ἇπλῶς,
2478 1446 2569 1507 καὶ
2610 1449 2683 1513 ὣς
2715 1446 2868 1524 ἔτυχε
2888 1491 2904 1520 ,
2942 1445 3194 1525 βούλεται
3225 1450 3367 1523 ἡμᾶς
3398 1446 3617 1526 ἀγαπᾷν
3649 1444 3827 1519 ἀλλή-

504 1537 669 1603 tuito,
710 1552 889 1611 neque
926 1537 1252 1608 simpliciter
1286 1537 1404 1593 vult
1439 1551 1543 1593 nos
1580 1535 1809 1608 diligere
1847 1536 2103 1605 invicem,

2219 1539 2374 1612 λους,
2421 1534 2562 1596 ἀλλὰ
2610 1534 2784 1603 καθὼς
2814 1534 2971 1602 αὐτὸς
3010 1540 3156 1614 ἡμᾶς
3200 1534 3474 1612 ἠγάπησε.
3509 1534 3830 1615 Παρατήρει

503 1627 603 1685 sed
641 1626 783 1684 sicut
820 1641 925 1683 nos
963 1625 1079 1698 ipse
1114 1625 1326 1683 dilexit.
1353 1625 1597 1683 Observa
1623 1634 1807 1682 autem
1830 1625 2103 1698 quomodo

2221 1626 2315 1699 δὲ,
2366 1628 2479 1694 πῶς
2530 1624 2640 1684 ἄνω
2689 1624 2788 1703 μὲν
2831 1625 3200 1697 πληθυντικῶς
3253 1614 3369 1683 εἶπε
3427 1621 3522 1690 τὰς
3573 1614 3826 1702 ἐντολὸιςξ,

509 1730 675 1789 supra
701 1715 925 1789 quidem
966 1715 1021 1771 in
1065 1714 1263 1788 plurali
1293 1714 1491 1773 dixerit
1534 1715 1828 1785 mandata,
1854 1715 1943 1771 hic
1980 1731 2103 1772 vero

2222 1720 2447 1778 ἐνταῦθα
2477 1713 2533 1774 δέ
2559 1736 2738 1796 φησιν,
2774 1734 2804 1772 ιι
2835 1712 3075 1800 Αὕτηλδέ
3103 1714 3246 1773 ἐστιν
3281 1717 3315 1785 ἡ
3341 1711 3525 1785 ἐντολὴ
3555 1716 3589 1785 ἡ
3621 1712 3762 1790 ἐμὴ,
3805 1740 3830 1769 ε

508 1804 674 1876 dicat,
718 1828 746 1856 ι
777 1807 899 1862 Hoc
918 1813 1107 1862 autem
1134 1804 1456 1862 mandatum
1499 1821 1687 1863 meum
1723 1806 1882 1874 est,‘u
1911 1805 1969 1860 in
1997 1804 2109 1859 sin-

499 1894 678 1969 gulari
719 1911 975 1952 numero.
1018 1898 1134 1967 Ego
1177 1894 1401 1967 quidem
1447 1894 1665 1967 Opinor,
1717 1895 1844 1967 quia
1891 1893 2108 1952 dilectio

494 1984 684 2042 omnia
737 1984 998 2041 mandata
1050 1984 1460 2056 complectitur,
1518 1992 1575 2040 et
1610 1992 1778 2056 caput
1833 1992 1936 2051 est,
1989 1982 2109 2040 ideo

496 2074 750 2146 usurpari
763 2074 1038 2131 mandata
1056 2082 1112 2131 et
1131 2073 1474 2129 mandatum.
1498 2076 1671 2129 Porro
1692 2073 1911 2130 interim
1926 2080 2113 2130 osten-

496 2161 579 2220 dit
606 2161 769 2219 nobis
823 2162 966 2219 viam
996 2179 1105 2234 qua
1135 2178 1423 2218 servemus
1452 2163 1708 2219 mandata
1733 2205 1749 2232 ,
1794 2178 1991 2234 nempe
2018 2179 2113 2235 per

498 2251 871 2309 servationem
903 2254 1067 2308 unius
1109 2251 1383 2321 mandati,
1422 2251 1724 2308 charitatis.
1756 2252 1987 2323 Quando
2014 2268 2110 2309 au-

498 2347 613 2397 tem
643 2339 803 2410 dixit,
839 2364 864 2390 ι
895 2340 1049 2398 Sicut
1072 2356 1174 2414 ego
1200 2339 1365 2397 dilexi
1400 2357 1520 2410 vos,
1551 2341 1788 2414 diligatis
1816 2350 1874 2398 et
1906 2356 2003 2398 vos
2035 2341 2112 2397 in'

496 2429 698 2499 vicem,
736 2453 762 2479 ι
800 2430 1042 2486 ostendit
1072 2428 1302 2486 modum
1347 2437 1402 2486 et
1437 2430 1817 2487 summitatem
1875 2429 2109 2487 charita-

2215 1812 2294 1888 τῷ
2325 1809 2483 1886 ἑνικῷ
2534 1792 2761 1884 ἀριθμῷ.
2820 1803 2929 1865 Καὶ
2976 1792 3158 1881 οἶμαι,
3208 1801 3292 1863 ὅτι
3339 1802 3454 1862 ἐπεὶ
3495 1805 3683 1862 πασῶν
3714 1805 3827 1864 τῶν

2217 1898 2440 1958 ἐντολῶν
2489 1892 2795 1972 περιεκτικὴ
2849 1892 2942 1951 καὶ
2989 1891 3280 1981 κεφάλαιόν
3331 1892 3474 1951 ἐστιν
3516 1892 3825 1981 ἡῖῄάπη,

2215 1988 2427 2066 λέγεται
2446 1983 2540 2044 καὶ
2564 1986 2626 2042 ἐν
2639 2007 2669 2042 τ
2686 1983 2755 2042 ολ
2770 1983 2835 2040 αὶ
2853 1980 2944 2040 καὶ
2963 1984 3026 2041 ἐν
3042 2005 3110 2041 το
3240 1978 3389 2057 Ἅμα
3408 1980 3483 2054 δὲ,
3506 1979 3600 2040 καὶ
3621 1978 3831 2041 δείκνυ-

2222 2100 2305 2139 σιν
2352 2075 2479 2153 ἡμῖν
2527 2071 2677 2149 ὁδὸν,
2726 2073 2840 2139 πῶς
2870 2070 3173 2152 τηρήσομεν
3217 2071 3312 2138 τὰς
3341 2068 3587 2143 ἐντολὰς,
3620 2069 3702 2131 ὅτι
3732 2070 3827 2130 διὰ

2219 2171 2316 2225 τοῦ
2376 2162 2502 2241 μίαν
2554 2160 2771 2233 ἐντολὴν
2835 2168 3014 2240 τηρεῖν
3071 2158 3169 2232 τὴν
3226 2159 3350 2241 περὶ
3415 2163 3511 2231 τῆς
3575 2157 3820 2239 ἀγάπης.

2218 2254 2440 2325 Ἐπειδὴ
2480 2253 2538 2313 δὲ
2569 2242 2738 2324 εἶπεν,
2784 2248 2864 2309 ὅτι
2906 2278 2931 2302 ι
2967 2249 3155 2318 Καθὼς
3198 2249 3302 2328 ἐγὼ
3339 2248 3602 2326 ἠγάπησα
3652 2253 3824 2325 ὑμᾶς,

2219 2349 2466 2425 ἀγαπᾶτε
2512 2343 2603 2402 καὶ
2651 2343 2802 2417 ὑμεῖς
2849 2338 3145 2417 ἀλλήλους,
3178 2366 3202 2393 ν
3256 2338 3489 2398 δείκνυσι
3533 2337 3595 2397 τὸ
3626 2337 3822 2421 μέτρον

2213 2439 2308 2507 τῆς
2339 2431 2551 2511 ἀγάπης
2597 2432 2688 2490 καὶ
2731 2430 2829 2502 τὴν
2881 2429 3172 2509 ἀκρότητα.
3211 2455 3237 2481 ιι
3274 2427 3502 2498 Μείζονα
3534 2427 3638 2506 γὰρ
3679 2428 3825 2487 ταύ-

492 2517 582 2575 tis.
620 2541 646 2568 α
696 2518 965 2591 Majorem
998 2518 1141 2574 enim
1173 2518 1275 2575 hac
1326 2518 1654 2576 charitatem
1702 2535 1868 2576 nemo
1918 2519 2103 2590 habet,

2213 2549 2308 2597 της
2347 2522 2564 2602 ἀγάπην
2595 2519 2763 2586 οὐδεὶς
2812 2518 2958 2599 ἔχει,
3006 2516 3092 2576 ἵνα
3125 2523 3191 2598 θῇ
3236 2542 3315 2584 τις
3343 2516 3440 2589 τὴν
3471 2515 3652 2597 ψυχὴν
3685 2517 3823 2597 ὑπὲρ

494 2613 557 2664 ut
583 2606 708 2680 quis
753 2615 918 2678 ponat
960 2608 1205 2664 animam
1261 2623 1418 2664 suam
1470 2624 1569 2680 pro
1594 2607 1806 2665 amicis.
1861 2631 1888 2658 ν
1919 2613 2103 2681 Atque

2211 2617 2318 2673 τῶν
2367 2611 2549 2692 φίλων.
2582 2636 2607 2662 ιι
2673 2608 2851 2668 "ﬂare
2893 2607 2985 2666 καὶ
3034 2610 3186 2682 ὑμεῖς
3238 2605 3370 2686 ὑπὲρ
3424 2606 3673 2678 ἀλλήλων
3722 2606 3826 2674 τὰς

493 2696 571 2752 ita
600 2704 657 2753 et
693 2711 790 2752 vos
821 2712 919 2768 pro
951 2696 1107 2752 vobis
1151 2696 1386 2753 invicem
1423 2698 1671 2753 animam
1704 2696 1939 2769 ponatis,
1973 2698 2101 2769 quia

2211 2701 2402 2781 ψυχὰςξ
2432 2702 2672 2772 τίθεσθε,
2724 2696 2841 2755 ἐπεὶ
2893 2699 3046 2775 κάγὼ
3075 2695 3209 2776 ὑπὲρ
3243 2699 3391 2775 ὑμῶν
3422 2694 3665 2768 θνήσκω.
3721 2695 3823 2768 Μὴ

493 2791 551 2842 et
591 2799 696 2857 ego
725 2800 824 2857 pro
853 2785 1006 2842 vobis
1034 2786 1263 2843 morior.
1310 2786 1484 2859 Igitur
1531 2803 1601 2843 ne
1632 2788 1835 2859 putetis
1876 2803 1940 2842 ex
1973 2786 2100 2843 odio

2208 2791 2273 2860 δὴ
2307 2781 2396 2850 οὖν
2428 2788 2668 2866 νομίζετε
2701 2786 2807 2846 ἀπὸ
2853 2791 2943 2846 τοῦ
2974 2784 3103 2866 πρὸς
3137 2791 3273 2861 ὑμᾶς
3324 2783 3511 2863 μίσους
3561 2784 3818 2864 γενέσθαι

494 2889 621 2947 erga
647 2889 744 2930 vos
784 2873 905 2931 fieri
943 2875 1244 2932 discessum
1270 2874 1421 2933 hunc
1452 2893 1467 2932 :
1507 2875 1571 2932 ﬁt
1596 2877 1743 2933 enim
1776 2892 1843 2932 ex
1873 2892 2097 2934 summa

2211 2879 2303 2953 τὴν
2334 2877 2675 2958 ἀναχώρησιν
2725 2873 2962 2951 ταύτην,
2996 2874 3062 2947 ἣν
3096 2876 3361 2954 ἀναχωρῶ
3392 2878 3482 2933 ν’ὗν
3516 2876 3609 2956 ἀφ’
3646 2876 3820 2950 ὑμῶν·

494 2962 784 3021 charitate.

565 3152 749 3209 Vnus.
791 3156 961 3208 14-16.
997 3173 1024 3202 ιι
1056 3152 1168 3207 Vos
1197 3149 1305 3208 mei
1335 3150 1500 3208 amici
1560 3150 1712 3220 estis,
1754 3151 1801 3209 si
1858 3150 2096 3211 feceritis

2122 3111 2169 3177 C

2204 2968 2312 3027 ἀπὸ
2366 2967 2469 3047 γὰρ
2524 2965 2737 3044 ἀγάπης
2791 2965 2997 3044 μᾶλλον
3051 2964 3143 3024 καὶ
3198 2962 3523 3043 τελειοτέρας
3599 2962 3810 3044 γίνεται

2210 3079 2535 3224 τοῒιτῗῖμεῖς
2567 3143 2710 3227 φίλοι
2758 3164 2860 3221 μου
2896 3141 3047 3217 ἐστὲ,
3100 3142 3192 3202 ἐὰν
3221 3144 3410 3223 ποιῆτε
3453 3140 3554 3200 ὅσα
3585 3140 3692 3222 ἐγὼ
3722 3141 3819 3200 ἐν-

490 3255 836 3312 quzecunque
884 3256 985 3312 ego
1030 3240 1284 3313 praecipio
1332 3241 1503 3297 vobis.
1559 3243 1683 3297 Non
1733 3242 1959 3314 posthac
2001 3258 2097 3300 vos

2211 3235 2463 3313 τέλλομαι
2516 3237 2663 3311 ὑμῖν.
2715 3235 2833 3294 Οὐκ
2885 3230 2963 3291 ἔτι
3014 3235 3150 3309 ὑμᾶς
3195 3230 3340 3309 λέγω
3372 3230 3616 3305 δούλους,
3660 3228 3743 3290 ὅτι
3789 3233 3824 3292 ὅ

494 3328 619 3385 dico
637 3344 849 3399 servos,
880 3329 1004 3401 quia
1044 3345 1233 3385 servus
1268 3330 1448 3386 nescit
1482 3330 1612 3402 quid
1638 3329 1804 3387 faciat
1837 3331 2098 3389 dominus

494 3416 633 3489 ejus.
680 3417 793 3473 Vos
820 3427 1006 3474 autem
1047 3417 1162 3473 dixi
1199 3418 1427 3487 amicos,
1462 3419 1591 3491 quia
1625 3420 1812 3476 omnia
1836 3435 1961 3492 quae
2000 3436 2101 3476 au-

492 3505 601 3563 divi
641 3522 672 3562 a
709 3508 867 3563 Patre
894 3522 1040 3575 meo,
1081 3516 1209 3563 nota
1237 3506 1344 3564 feci
1380 3506 1552 3565 vobis.
1584 3511 1706 3565 Non
1746 3525 1842 3567 vos
1868 3525 1959 3567 me
1995 3511 2103 3567 ele-

491 3595 666 3668 gistis,
721 3595 817 3652 sed
850 3611 954 3669 ego
993 3596 1132 3669 elegi
1184 3613 1279 3652 vos
1307 3605 1363 3653 et
1408 3598 1665 3655 constitui
1713 3614 1834 3669 vos,
1903 3608 1965 3656 ut
2001 3615 2102 3656 vos

490 3685 653 3752 eatis,
683 3692 739 3740 et
760 3683 1002 3741 fructum
1026 3684 1295 3755 aft'eratis,
1322 3694 1379 3743 et
1403 3685 1614 3744 fructus
1653 3696 1833 3745 vester
1859 3697 2099 3760 maneat,

488 3781 553 3830 ut
575 3773 840 3847 quidquid
872 3774 1139 3846 petieritis
1190 3777 1410 3833 Patrem
1451 3776 1506 3833 in
1551 3779 1780 3834 nomine
1813 3794 1961 3848 meo,
2018 3779 2113 3835 det

490 3863 659 3921 vobis.
707 3887 734 3915 ιο
773 3865 1005 3921 Sursum
1045 3864 1416 3939 deorsumque
1444 3876 1628 3924 versat
1656 3867 1942 3925 charitatis
1981 3867 2111 3925 doc-

490 3953 721 4021 trinam,
759 3953 1106 4026 ostenditque
1134 3953 1293 4011 nobis
1333 3955 1524 4012 multis
1569 3956 1752 4013 verbis
1775 3957 1926 4029 quod
1961 3957 2109 4015 istud

491 4043 819 4100 mandatum
854 4042 1083 4114 majoris
1113 4042 1190 4099 sit
1232 4045 1521 4115 momenti,
1556 4052 1611 4100 et
1642 4047 1760 4117 plus
1797 4044 2106 4103 curandum

491 4145 662 4203 quam
732 4128 856 4185 alia.
909 4130 1275 4187 Commendat
1313 4140 1501 4188 autem
1549 4141 1606 4188 et
1667 4133 1951 4191 charitatis
1990 4150 2107 4192 suae

493 4219 717 4291 signum
756 4217 1084 4274 maximum.
1125 4222 1265 4276 Nam
1317 4220 1373 4285 in
1412 4228 1652 4289 tantum,
1693 4222 1905 4295 inquit,
1933 4223 2102 4297 diligo

494 4321 613 4375 vos,
640 4315 705 4363 ut
724 4314 780 4364 et
818 4307 1033 4364 occulta
1075 4309 1230 4365 vobis
1266 4310 1643 4367 revelaverim.
1706 4313 1907 4370 Servus
1953 4313 2102 4370 enim

2207 3326 2391 3392 δοῦλος
2419 3326 2516 3384 οὔκ
2563 3314 2710 3399 οἶδε,
2757 3321 2809 3380 τί
2856 3321 2999 3380 ποιεῖ
3047 3323 3206 3380 αὐτοῦ
3257 3323 3285 3379 ὃ
3327 3319 3522 3400 κύριος’
3567 3322 3707 3398 ὑμᾶς
3759 3318 3824 3380 δὲ

2208 3412 2399 3494 εἴρηκα
2429 3415 2646 3495 φίλους,
2678 3408 2759 3470 ὅτι
2781 3409 2959 3470 πάντα
3003 3408 3104 3469 ὅσα
3129 3409 3337 3483 ἤκουσα
3370 3408 3521 3489 παρὰ
3557 3413 3651 3469 τοῦ
3684 3411 3823 3471 Πα-

2209 3503 2333 3585 τρός
2370 3526 2505 3583 μου,
2536 3503 2799 3581 ἐγνώρισα
2833 3502 2980 3580 ὑμῖν.
3034 3501 3154 3561 Οὖκ
3181 3502 3332 3577 ὑμεῖς
3368 3520 3437 3575 με
3473 3496 3819 3574 ἐξελέξασθε,

2210 3592 2335 3653 ἀλλ’
2395 3592 2501 3670 ἐγὼ
2547 3590 2867 3667 ἐξελεξάμην
2912 3593 3087 3666 ὑμᾶς,
3146 3588 3240 3648 καὶ
3284 3586 3451 3661 ἔθηκα
3510 3591 3678 3664 ὑμᾶς,
3725 3586 3822 3648 ἵνα

2217 3683 2369 3761 ὑμεῖς
2418 3681 2679 3760 ὑπάγητε,
2727 3680 2822 3741 καὶ
2862 3678 3069 3759 καρπὸν
3113 3677 3343 3760 φέρητε,
3394 3676 3485 3736 καὶ
3528 3679 3556 3735 ὁ
3609 3677 3822 3759 καρπὸς

2221 3773 2370 3848 ὑμῶν
2401 3772 2554 3851 μένῃ·
2579 3768 2667 3829 ἴνα
2702 3768 2736 3828 ὅ
2757 3793 2811 3829 τι
2841 3770 2934 3830 ἐὰν
2978 3767 3240 3841 αἰτήσητε
3270 3767 3360 3827 τὸν
3398 3764 3623 3847 Πατέρα
3653 3768 3708 3825 ἐν
3735 3772 3825 3848 τῷ

2219 3860 2440 3939 ὀνόματί
2502 3884 2640 3938 μου,
2699 3861 2775 3939 δῷ
2817 3862 2961 3937 ὑμῖν.
2989 3884 3015 3911 ι
3067 3855 3209 3918 Ἅνω
3257 3859 3350 3917 καὶ
3399 3855 3549 3915 κάτω
3578 3855 3644 3914 τὰ
3693 3857 3826 3937 περὶ

2217 3954 2311 4021 τῆς
2362 3948 2576 4029 ἀγάπης
2619 3952 2864 4029 στρέφει,
2908 3954 3063 4008 τοῦτο
3117 3945 3320 4015 δεικνὺς
3381 3945 3510 4024 ἡμῖν
3568 3943 3655 4004 διὰ
3708 3948 3823 4005 τῶν

2215 4040 2430 4097 πολλῶν
2457 4039 2658 4099 τούτων
2697 4038 2949 4118 ῥημάτων
2996 4037 3077 4096 ὅτι
3108 4035 3241 4107 αὕτη
3279 4038 3311 4107 ἡ
3361 4032 3549 4106 ἐντολὴ
3594 4031 3818 4103 ἀξιολο-

2213 4127 2419 4207 γωτέρα
2468 4131 2572 4188 τῶν
2621 4127 2800 4186 ἄλλων
2853 4126 2946 4187 καὶ
3000 4123 3575 4204 ἀξιοσπουδαστοτέρα.
3658 4124 3821 4205 [Iap-

2213 4218 2393 4289 ίστησι
2435 4217 2490 4277 δὲ
2535 4216 2628 4276 καὶ
2682 4221 2776 4289 τῆς
2821 4216 3033 4296 ἀγάπης
3074 4217 3236 4275 αὐτοῦ
3279 4222 3502 4293 σημεῖον
3545 4210 3821 4292 μέγιστον.

2208 4309 2476 4367 Τοσοῦτον
2520 4305 2646 4386 γὰρ,
2701 4306 2897 4389 φησὶν,
2944 4308 3139 4384 ἀγαπῶ
3191 4307 3361 4380 ὑμᾶς,
3407 4302 3548 4363 ὥστε
3605 4302 3700 4362 καὶ
3741 4304 3821 4363 τὰ

493 4396 666 4454 nescit
699 4397 961 4471 mysteria
999 4397 1237 4469 domini,
1278 4415 1377 4456 vos
1409 4407 1595 4456 autem
1630 4416 1757 4457 cum
1803 4417 1953 4459 nunc
1979 4402 2102 4459 sitis

2211 4397 2490 4497 ἀνπόῤῥητα
2540 4400 2662 4474 ὑμῖν
2710 4396 3045 4497 ἀνεκάλυψα.
3072 4394 3160 4497 ’Ὁ
3206 4395 3304 4497 μέν
3357 4391 3682 4497 γὰρῃδοῗλος
3716 4396 3823 4497 οιξκ

492 4485 655 4544 amici
718 4485 852 4555 mei,
923 4488 1202 4561 mysteriis
1255 4487 1404 4560 digni
1436 4488 1565 4545 facti
1615 4490 1769 4547 estis.
1824 4512 1852 4541 α
1898 4493 2101 4549 Omnia

491 4575 641 4634 enim
669 4591 1013 4650 quaecunque
1038 4576 1221 4634 audivi
1250 4595 1281 4635 a
1310 4581 1470 4635 Patre
1495 4594 1641 4649 meo,
1688 4587 1823 4637 nota
1858 4580 1962 4637 feci
2010 4597 2102 4638 vo-

494 4663 599 4722 bis.
649 4687 676 4715 n
731 4666 1031 4735 Quomodo
1063 4667 1225 4740 igitur
1253 4665 1433 4739 inquit
1468 4666 1576 4724 alio
1621 4668 1744 4725 loco
1785 4684 1799 4723 :
1844 4692 1871 4719 α
1927 4671 2098 4728 Multa

493 4751 672 4810 habeo
696 4754 852 4811 vobis
878 4755 1079 4823 dicere,
1100 4755 1200 4813 sed
1219 4771 1333 4813 non
1361 4757 1589 4828 potestis
1609 4767 1828 4830 portare
1845 4759 2047 4817 modo?
2068 4784 2091 4809 ν

494 4842 698 4900 Omnia
740 4850 872 4899 nota
916 4841 1047 4900 fecit
1093 4844 1171 4901 eis
1209 4860 1335 4918 qua:
1394 4846 1472 4902 illi
1516 4855 1769 4919 poterant
1797 4848 2015 4918 audire,
2040 4857 2096 4906 et

491 4946 733 5005 quorum
766 4940 926 4989 erant
953 4948 1203 5004 capaces.
1244 4934 1478 5004 Quando
1505 4944 1692 4993 autem
1733 4936 1868 4994 dicit
1901 4938 2090 5011 714,

495 5044 521 5071 α
555 5023 913 5095 Quaecunque
955 5023 1137 5079 audivi
1182 5039 1215 5081 a
1257 5027 1418 5081 Patre
1447 5040 1594 5093 meo,
1627 5048 1656 5079 ι»
1702 5042 1772 5084 ne
1805 5029 2097 5099 suspiceris

491 5111 644 5184 quod
671 5112 918 5169 doctrina
947 5112 1117 5169 Filius
1145 5129 1284 5185 opus
1315 5114 1542 5184 habeat;
1564 5115 1660 5173 sed
1685 5116 1927 5174 ostendit
1948 5116 2100 5190 quod

492 5199 630 5256 nihil
670 5201 916 5259 alienum
956 5218 987 5259 a
1019 5204 1184 5258 Patre
1221 5204 1498 5276 loquatur,
1534 5202 1632 5261 sed
1664 5221 1727 5262 ea
1754 5222 1879 5278 quae
1920 5208 2101 5266 Patris

491 5299 643 5363 sunt,
669 5300 723 5347 et
736 5306 1084 5364 quascunque
1097 5291 1317 5360 dixerit,
1335 5292 1481 5350 illius
1503 5300 1652 5350 sunt.
1678 5296 1979 5368 Postquam
1998 5313 2100 5354 au-

492 5384 604 5435 tem
627 5380 784 5450 dixit,
812 5381 1080 5439 Indicium
1114 5382 1396 5439 charitatis
1431 5398 1569 5440 meae
1616 5399 1750 5457 ergo
1776 5400 1874 5443 vos
1910 5394 2013 5455 est,
2039 5394 2103 5444 ut

491 5475 626 5524 nota
648 5468 759 5526 sint
780 5470 935 5528 vobis
955 5487 1021 5529 ea
1045 5472 1330 5545 mysteria,
1357 5471 1552 5530 subdit
1573 5481 1630 5530 et
1652 5474 1801 5531 aliud
1819 5474 2104 5535 charitatis

491 5554 755 5614 indicium
793 5575 809 5615 :
841 5580 868 5609 α
897 5561 1038 5633 Ego,
1068 5560 1266 5634 inquit,
1295 5561 1432 5636 elegi
1479 5578 1600 5631 vos,
1642 5586 1669 5614 ι
1711 5563 1819 5622 hoc
1843 5575 1948 5634 est,
1977 5568 2104 5623 Non

497 5659 593 5702 vos
622 5660 802 5703 meam
850 5649 1153 5708 accessistis
1199 5651 1524 5721 amicitiam,
1566 5652 1662 5712 sed
1705 5670 1808 5729 ego
1842 5663 2102 5724 vestram,

2208 4474 2417 4546 οἶδε-τὰ
2460 4491 2555 4546 τοῦ
2600 4485 2859 4546 δεσπότου
2909 4474 3201 4563 μὺστήριω
3246 4485 3397 4561 ὑμεῖς
3445 4481 3499 4543 δὲ
3552 4482 3692 4557 ἤδη,
3740 4484 3825 4553 ὣς

2210 4574 2353 4656 φίλοι
2398 4575 2554 4654 ἐμοὶ,
2588 4574 2894 4657 μυστηρίων
2946 4572 3225 4646 ἠξιώθητε.
3273 4599 3299 4626 σι
3326 4571 3522 4635 Πάντα
3574 4570 3679 4652 γὰρ
3709 4568 3821 4633 ὅσα

2206 4663 2615 4747 ἤκουσαμπαρὰ
2664 4669 2758 4725 τοῦ
2812 4663 3024 4747 Πατρός
3087 4686 3229 4741 μου,
3295 4660 3562 4743 ἐγνώρισα
3604 4660 3753 4736 ὑμῖν.
3791 4688 3822 4715 ι

2207 4756 2334 4821 Πῶς
2383 4744 2473 4814 οὖν
2521 4744 2761 4833 ἀλλαχοῦ
2816 4744 3013 4834 φησιν,
3064 4750 3147 4811 ὅτι
3187 4778 3213 4808 α
3249 4750 3438 4813 Πολλὰ
3482 4750 3592 4832 ἔχω
3638 4748 3822 4826 λέγειν

2205 4843 2327 4919 ὑμῖν
2345 4885 2363 4916 ,
2391 4844 2511 4903 ἀλλ’
2546 4844 2606 4903 οὗ
2637 4844 2861 4903 δύνασθε
2892 4842 3212 4923 βαστάζεινς
3247 4868 3269 4895 ι
3303 4840 3497 4901 Πάντα
3527 4837 3819 4923 ἐγνώρισεν

2206 4933 2417 5006 αὐτοῖς,
2441 4931 2541 4992 ὅσα
2581 4931 2768 5000 αὐτοὺς
2802 4919 3073 5012 ἐνεδέχετο
3104 4919 3363 5005 ἀκοῦσαι,
3392 4928 3486 4989 καὶ
3533 4930 3634 4990 ὅσα
3668 4919 3821 5001 ἦσαν

2206 5021 2355 5089 εὐθὺς
2372 5021 2615 5102 χωρητά.
2639 5020 2816 5083 Ὅταν
2839 5022 2896 5081 δὲ
2921 5020 3043 5101 εἴπῃ
3061 5065 3079 5095 ,
3106 5018 3189 5081 ότι
3210 5047 3236 5076 ιι
3258 5020 3408 5082 Ὅσα
3430 5018 3637 5092 ἤκουσα
3660 5017 3823 5098 παρὰ

2206 5115 2298 5171 τοῦ
2353 5111 2565 5191 Πατρός
2616 5135 2756 5191 μου,
2791 5137 2817 5166 ι
2871 5110 2947 5189 μὴ
3000 5110 3273 5192 ὑπολάϐῃς
3308 5108 3388 5168 ὅτι
3462 5106 3822 5177 διδασκαλίας

2210 5200 2386 5260 δέεται
2411 5204 2439 5259 ὃ
2474 5201 2633 5275 Υἱὸς,
2665 5200 2806 5261 ἀλλὰ
2833 5206 2991 5260 τοῦτο
3021 5200 3317 5275 δείκνυσιν,
3357 5196 3437 5259 ὅτι
3468 5196 3616 5257 οὐδὲν
3644 5194 3821 5256 ἀλλό-

2209 5312 2352 5370 τριον
2402 5289 2719 5370 φθέγγεται,
2767 5289 2910 5351 ἀλλὰ
2945 5290 3014 5349 τὰ
3061 5295 3152 5351 τοῦ
3188 5288 3431 5370 Πατρὸς,
3479 5286 3572 5347 καὶ
3599 5287 3701 5349 ὅσα
3739 5283 3815 5346 ἂν

2209 5379 2369 5458 εἴπῃ,
2407 5379 2604 5440 ἐκείνου
2648 5380 2801 5444 εἰσίν.
2836 5379 3024 5441 Εἰπὼν
3057 5379 3150 5457 δὲ,
3194 5378 3278 5439 ὅτι
3325 5381 3443 5448 Τῆς
3488 5375 3619 5457 πρὸς
3670 5378 3817 5454 ὑμᾶς

2210 5468 2422 5547 ἀγάπης
2472 5469 2673 5549 δεῖγμα
2712 5476 2967 5549 ποιοῦμαι
2994 5468 3056 5528 τὸ
3104 5468 3387 5551 γνωρίσαι³
3413 5466 3536 5545 ὑμῖν
3585 5464 3653 5526 τὰ
3698 5490 3813 5544 μυ-

2210 5556 2443 5639 στήρια,
2498 5558 2738 5642 ἐπιφέρει
2785 5560 2878 5621 καὶ
2934 5558 3113 5639 ἕτερον
3155 5562 3377 5639 σημεῖον
3430 5560 3526 5631 τῆς
3573 5554 3815 5634 ἀγάπης·

2214 5675 2239 5703 σι
2278 5645 2432 5728 Ἐγὼ
2459 5646 2588 5731 γὰρ,
2630 5648 2789 5731 φησὶν
2807 5694 2824 5728 ,
2872 5646 3190 5729 ἐξελεξάμην
3234 5652 3392 5730 ὑμᾶς’
3425 5673 3451 5702 ι
3501 5642 3810 5721 τουτέστιν,
