4128 6434
476 435 582 490 203

1494 428 2006 486 THEOPHYLACTI
2047 426 2405 485 BULGARIE
2444 431 2755 487 ARCHIEP.

3680 428 3784 485 204

475 555 800 631 iniquitatis,
844 579 869 605 α
906 561 1193 629 propterea
1247 554 1374 612 odio
1403 569 1499 611 vos
1544 554 1709 611 habet
1740 551 2006 623 mundus,
2043 574 2067 601 ιο

2196 557 2271 626 τῆς
2307 576 2335 612 α
2365 561 2453 616 τοῦ
2486 556 2688 632 κόσμου
2718 578 2748 615 ι)
2778 551 3035 635 πονηρίας
3053 599 3070 633 ,
3112 574 3141 611 ι(
3170 551 3257 612 διὰ
3280 556 3438 612 τοῦτο
3463 559 3608 631 μισεῖ
3637 555 3780 631 ὑμᾶς

474 652 552 709 uti
580 667 678 708 eos
707 651 800 723 qui
824 651 1081 723 operibus
1108 650 1221 707 suis
1249 666 1363 707 non
1387 648 1821 706 communicant.

544 746 719 799 Vnus.
756 747 847 810 20,
879 747 968 797 2t.
1015 763 1040 790 «
1074 744 1410 797 Mementote
1456 740 1730 797 sermonis
1760 739 1865 796 mei
1911 754 2076 813 quem

479 848 581 905 ego
602 831 714 889 dixi
734 831 910 888 vobis.
939 833 1062 889 Non
1083 839 1165 888 est
1192 846 1381 888 servus
1409 830 1591 904 major
1619 830 1843 887 domino
1871 846 1990 886 suo.
2019 827 2075 885 Si

481 942 572 984 me
614 926 882 999 persecuti
919 925 1140 995 fuerint,
1181 934 1236 982 et
1282 941 1381 983 vos
1408 933 1825 998 persequentur.
1874 924 1929 982 Si
1957 940 2076 981 ser—

481 1037 709 1078 monem
748 1036 938 1078 meum
984 1029 1359 1090 servaverunt,
1390 1028 1443 1077 et
1472 1028 1717 1077 vestrum
1759 1019 2073 1077 servabunt.

477 1115 584 1174 Sed
611 1116 730 1173 haec
756 1115 941 1173 omnia
963 1113 1163 1172 facient
1191 1114 1601 1189 vobisfpropter
1627 1130 1834 1171 nomen
1866 1130 2074 1185 meum,

479 1212 607 1283 quia
634 1227 747 1268 non
788 1218 1057 1268 noverunt
1101 1226 1227 1267 eum
1273 1210 1370 1282 qui
1399 1210 1521 1267 misi
1567 1226 1677 1267 me.
1714 1233 1739 1259 ν
1781 1211 1904 1266 Hoc
1931 1208 2079 1281 quod

476 1306 724 1381 superius
751 1305 905 1377 dixit,
944 1328 969 1354 α
1011 1307 1103 1362 Me
1144 1304 1384 1379 priorem
1415 1305 1569 1361 vobis
1616 1304 1744 1362 odio
1776 1303 1992 1375 habuit,
2047 1325 2075 1358 »

478 1401 531 1459 id
557 1416 704 1458 nunc
730 1400 991 1469 dilatans,
1023 1400 1293 1474 majorem
1322 1399 1426 1456 illis
1454 1399 1851 1457 cosolationem
1887 1398 2074 1456 affert.

479 1496 619 1552 Dicit
660 1495 810 1553 enim
849 1516 860 1551 :
907 1517 933 1544 «ι
986 1498 1262 1551 Memores
1306 1494 1422 1551 sitis
1464 1494 1737 1551 sermonis
1766 1494 1898 1564 mei,
1930 1492 2081 1567 quod

477 1606 590 1648 non
624 1590 694 1647 sit
721 1606 908 1647 servus
944 1590 1123 1662 major
1165 1589 1391 1647 domino
1421 1605 1521 1646 suo
1580 1606 1595 1644 :
1635 1612 1660 1638 ι
1705 1590 1869 1662 igitur
1899 1604 2081 1662 neque

478 1701 574 1742 vos
618 1701 710 1742 me
751 1684 1005 1756 majores.
1059 1682 1250 1741 Videte
1279 1683 1439 1758 igitur
1484 1700 1595 1757 quo
1642 1692 1804 1757 pacto
1852 1699 1944 1740 me
1992 1683 2076 1740 usi

478 1787 624 1837 sunt.
667 1778 723 1837 Si
750 1779 1021 1852 persecuti
1048 1777 1273 1837 fuerunt
1303 1778 1631 1849 Dominum,
1677 1787 1734 1836 et
1767 1794 1862 1837 vos
1889 1793 2080 1835 servos

476 1874 653 1931 multo
673 1874 846 1948 magis
869 1874 942 1931 :si
965 1890 1056 1931 me
1074 1890 1189 1931 non
1204 1874 1475 1947 persecuti
1488 1872 1749 1942 fuissent,
1770 1873 1865 1931 sed
1885 1890 2076 1931 meum

475 1984 792 2027 sermonem
820 1977 1148 2038 servassent,
1185 1978 1243 2026 et
1280 1976 1526 2026 vestrum
1553 1968 1820 2026 servaturi
1846 1976 2030 2026 essent
2062 1987 2076 2025 ἒ

476 2062 533 2121 id
559 2063 711 2136 quod
729 2079 845 2121 non
872 2062 987 2119 ﬁet.
1017 2066 1206 2135 Neque
1233 2064 1384 2119 enim
1409 2078 1600 2120 meum
1629 2078 1808 2136 neque
1830 2070 2079 2120 vestrum

476 2158 789 2217 servabunt.
844 2180 870 2207 ι
916 2157 1027 2215 Sed
1054 2158 1241 2214 omnia
1286 2157 1406 2214 haec
1432 2156 1633 2215 facient
1674 2158 1830 2216 vobis
1858 2166 2083 2231 prapter

477 2268 568 2310 me
599 2272 613 2309 :
648 2276 675 2303 ιι
722 2260 889 2325 atque
925 2251 1003 2308 ita
1041 2252 1087 2308 si
1122 2250 1423 2324 diligeretis
1451 2268 1564 2322 me,
1595 2253 1938 2311 sustineretis
1967 2253 2073 2309 uti-

476 2361 584 2421 que
604 2354 828 2419 propter
850 2362 943 2403 me
964 2361 1130 2418 quem
1151 2345 1404 2419 diligitis,
1436 2356 1498 2404 ut
1518 2346 1723 2404 dicitis.
1748 2347 1854 2405 Sed
1876 2356 1931 2405 et
1951 2347 2082 2405 illud

478 2442 649 2499 etiam
686 2457 782 2499 vos
818 2441 1149 2511 consoletur,
1182 2440 1311 2513 quia
1358 2440 1561 2515 injuria
1586 2441 1839 2499 afficiunt
1867 2450 1925 2500 et
1953 2458 2081 2500 eum

477 2537 570 2610 qui
616 2552 709 2593 me
737 2536 909 2593 misit.
963 2539 1155 2609 Itaque
1181 2536 1231 2593 si
1274 2536 1409 2593 nihil
1459 2536 1631 2605 aliud,
1685 2545 1834 2595 certe
1880 2536 1989 2596 hoc
2018 2537 2089 2594 sit

475 2630 632 2689 vobis
659 2631 718 2687 in
744 2630 1201 2699 consolationem,
1234 2630 1386 2704 quod
1415 2631 1518 2704 ipsi
1542 2640 1597 2691 et
1636 2632 1822 2703 vestri,
1855 2641 1911 2690 et
1946 2635 2083 2706 mei,

476 2733 532 2783 et
560 2726 743 2782 Patris
787 2725 899 2781 mei
932 2725 1045 2782 sint
1072 2724 1298 2781 inimici.

546 2818 725 2873 Vens.
761 2820 950 2871 22-25.
986 2838 1009 2863 α
1058 2815 1115 2872 Si
1145 2831 1260 2871 non
1291 2813 1582 2886 venissem,
1623 2823 1679 2873 et
1706 2817 1924 2876 locutus
1953 2819 2100 2877 fuis-

475 2922 593 2964 sem
618 2907 718 2972 eis,
750 2912 1037 2977 peccatum
1071 2921 1186 2961 non
1224 2904 1490 2962 baberent
1522 2925 1535 2963 :
1567 2923 1717 2964 nunc
1757 2918 1946 2967 autem
1976 2928 2090 2968 non

476 2995 681 3052 habent
704 2994 852 3067 quod
874 3003 1179 3067 praetexam
1202 3005 1431 3068 peccato
1459 3012 1581 3053 suo.
1624 2998 1731 3070 Qui
1762 3015 1851 3056 me
1880 3000 2015 3073 odit,
2044 3001 2090 3059 is

478 3094 534 3142 et
551 3087 770 3141 Patrem
798 3099 988 3140 meum
1004 3084 1142 3141 odit.
1164 3084 1219 3141 Si
1236 3101 1399 3157 opera
1419 3102 1533 3143 non
1550 3085 1809 3145 fecissem
1830 3089 1975 3147 inter
1993 3107 2087 3148 eos

2184 647 2212 703 6
2242 645 2472 723 κόσμος,
2505 668 2536 705 ›)
2574 650 2645 713 ὡς
2680 645 2755 726 μὴ
2788 648 3304 726 κοινωνοῦντας-τοίς
3327 642 3495 726 ἔργοις
3520 643 3703 706 αὐτοῦ.

2267 762 2289 789 ι
2339 722 2715 813 Μνημονεύετε
2762 740 2853 796 τοῦ
2898 734 3091 813 λόγου,
3145 723 3203 792 οὗ
3254 722 3367 811 ἐγὼί
3417 722 3571 793 εἷπον
3636 734 3783 809 ὑμῖν·

2180 826 2299 885 Οὐκ
2329 826 2442 885 ἔστι
2486 829 2668 895 δοῦλος
2716 825 2909 902 μείζων
2952 829 3047 883 τοῦ
3090 821 3273 903 κυρίου
3324 825 3515 884 αὑτοῦ.
3575 824 3641 883 Εἰ
3690 822 3785 901 ἐμὲ

2188 914 2441 990 ἐδίωξαν,
2480 919 2572 977 καὶ
2622 920 2763 995 ὓμᾶς
2798 914 3092 985 διώξουσιν
3124 914 3169 971 εἰ
3210 913 3298 973 τὸν
3339 912 3493 990 λόγον
3532 936 3633 989 μου
3665 912 3789 985 ἐτή-

2191 1029 2379 1087 ρησαν,
2427 1010 2516 1065 καὶ
2563 1006 2650 1066 τὸν
2708 1006 2962 1087 ὑμέτερον
3007 1003 3353 1083 τηρήσουσιν.
3410 1001 3572 1062 Ἀλλὰ
3615 1008 3788 1063 ταῦτα

2189 1096 2365 1157 πάντα
2397 1096 2708 1168 ποιήσουσιν
2736 1098 2864 1173 ὑμῖν
2895 1093 2979 1154 διὰ
3010 1092 3072 1153 τὸ
3101 1091 3270 1170 ὄνομά
3297 1114 3398 1171 μου
3418 1138 3433 1167 ,
3466 1091 3548 1173 ὅτι
3584 1093 3678 1153 οὐκ
3706 1094 3789 1153 οῐ-

2190 1188 2311 1247 δασι
2362 1186 2451 1247 τὸν
2495 1185 2788 1268 πέμψαντά
2854 1206 2943 1263 με.
2990 1206 3018 1243 ι)
3066 1181 3249 1264 Ὥπερ
3327 1184 3435 1243 ἄνω
3482 1172 3665 1258 εἶπεν,
3706 1181 3790 1242 ὅτι

2193 1305 2218 1332 α
2245 1276 2382 1356 Ἐμὲ
2417 1279 2625 1357 πρῶτον
2656 1279 2807 1355 ὑμῶν
2838 1274 3107 1352 μεμίσηκε
3134 1320 3148 1347 ,
3177 1294 3207 1331 n
3259 1277 3417 1332 τοῦτο
3449 1279 3538 1335 νῦν
3582 1270 3792 1332 πλατύ-

2189 1392 2323 1443 νων,
2406 1366 2498 1439 τὴν
2583 1366 2921 1449 παρηγορίαν
2996 1365 3171 1432 αὐτοῖς
3235 1361 3467 1438 ἐντίθησι
3542 1363 3786 1424 πλείονα.

2199 1480 2229 1517 ιι
2255 1455 2542 1531 Μνήσθητε
2570 1456 2698 1539 γὰρ,
2738 1455 2900 1538 φησὶ,
2943 1459 3036 1515 τοῦ
3060 1454 3221 1535 λόγου
3268 1475 3401 1531 μου,
3444 1451 3641 1513 ὅτιούκ
3678 1452 3791 1515 ἔστι

2191 1548 2373 1615 δοῦλος
2422 1546 2615 1626 μείζων
2667 1552 2761 1606 τοῦ
2827 1543 3008 1625 κυρίου
3071 1548 3260 1604 αὑτοῦ*
3320 1566 3351 1602 ι)
3420 1544 3607 1603 οὐκοῦν
3667 1544 3789 1604 οὖδέ

2192 1641 2340 1715 ὑμεῖς
2392 1641 2518 1715 ἐμοῦ
2565 1637 2815 1714 μείζονες.
2864 1635 3033 1697 Ἴδετε
3086 1635 3259 1694 τοίνυν
3302 1636 3414 1703 πῶς
3446 1634 3570 1714 ἐμοὶ
3623 1634 3791 1716 ἐχρή-

2191 1750 2373 1789 σαντο.
2467 1730 2533 1789 Εἰ
2585 1727 2805 1797 ἐδίωξαν
2854 1725 2943 1786 τὸν
2999 1725 3317 1798 Δεσπότην,
3370 1724 3462 1784 καὶ
3511 1728 3650 1801 ὑμᾶς
3678 1724 3795 1793 τοὺς

2112 1839 2162 1904 Β
2190 1817 2403 1887 δούλους
2428 1820 2612 1899 πολλῷ
2640 1819 2864 1897 μᾶλλον·
2902 1818 2948 1877 εἰ
2980 1816 3055 1895 μὴ
3088 1814 3331 1889 ἐδίωξαν,
3359 1813 3501 1875 ἀλλὰ
3524 1815 3615 1875 τὸν
3635 1813 3793 1904 λόγον

2192 1932 2293 1986 μου
2325 1907 2620 1990 ἐτήρησαν,
2651 1907 2742 1967 καὶ
2788 1906 2877 1967 τὸν
2909 1904 3164 1986 ὑμέτερον
3210 1906 3555 1985 τηρήσουσιν.
3646 1902 3794 1966 Ἀλλ’

2192 2000 2284 2058 οὐκ
2312 1998 2427 2057 ἔστι
2474 2004 2646 2057 τοῦτο⁹
2698 1997 2817 2058 οὔτε
2860 1997 2963 2077 γὰρ
2992 1996 3080 2055 τὸν
3121 1997 3283 2074 ἐμὸν,
3323 1994 3442 2055 οὔτε
3488 1995 3576 2055 τὸν
3606 1994 3794 2072 ὓμέτε-

2196 2113 2281 2169 ρον
2331 2087 2673 2169 τηρήσουσιν.
2740 2110 2771 2148 (ι
2814 2087 2970 2148 Ἀλλὰ
3026 2090 3195 2146 ταῦτα
3254 2086 3430 2146 πάντα
3482 2085 3796 2159 ποιήσουσιν

2195 2184 2318 2258 ὑμῖν
2351 2180 2419 2239 δι’
2445 2179 2559 2258 ἐμέ.
2591 2200 2622 2239 n
2657 2175 2831 2239 ι⁵Ώστε
2874 2181 2920 2237 εἷ
2968 2176 3214 2257 ἀγαπᾶτέ
3263 2201 3329 2255 με
3351 2221 3368 2251 ,
3405 2176 3589 2259 φέρετε
3623 2176 3657 2236 ἃ
3688 2176 3792 2237 πά-

2195 2293 2351 2352 σχετε
2400 2268 2467 2328 δι’
2514 2268 2608 2349 ἐμὲ
2650 2270 2737 2331 τὸν
2788 2266 3173 2350 ἀγαπώμενον,
3230 2270 3301 2336 ὡς
3344 2266 3543 2347 λέγετε.
3630 2266 3790 2328 Ἀλλὰ

2196 2360 2287 2420 καὶ
2339 2360 2519 2440 ἕτερον
2549 2360 2678 2440 πρὸς
2706 2359 3051 2441 παραμυθίαν
3072 2403 3088 2433 ,
3134 2356 3214 2418 ὅτι
3249 2356 3468 2441 καὶ-τὸν
3500 2357 3794 2440 πέμψαντά

2199 2473 2265 2528 με
2312 2438 2763 2529 συνενξυϐρίζουσιν
2792 2438 2959 2528 ῦμῐν.
3008 2450 3075 2510 Εἰ
3115 2447 3193 2525 μή
3226 2472 3279 2507 τι
3322 2438 3411 2507 οὖν
3443 2438 3793 2523 ἄλλο,ήτοῦτο

2198 2540 2336 2601 ἔστω
2373 2545 2499 2619 ὑμῖν
2532 2543 2604 2609 εἷς
2634 2540 3007 2623 παρηγορίαν,
3065 2537 3146 2598 ὅτι
3195 2540 3243 2598 οἱ
3284 2537 3434 2600 αὐτοὶ
3478 2537 3570 2598 καὶ
3608 2541 3794 2617 ὑμῶν,

2200 2632 2290 2691 καὶ
2342 2634 2471 2711 ἐμοῦ
2493 2677 2509 2706 ,
2546 2630 2639 2692 καὶ
2670 2636 2761 2692 τοῦ
2793 2630 3007 2713 Πατρός
3038 2654 3140 2709 μου
3170 2628 3368 2711 ἐχθροί.

2284 2839 2307 2865 ι(
2335 2814 2402 2873 Εἰ
2442 2811 2518 2890 μὴ
2560 2804 2718 2886 ἦλθον
2746 2857 2761 2888 ,
2793 2810 2882 2870 καὶ
2908 2810 3148 2883 ἐλάλησα
3179 2810 3374 2884 αὐτοῖς,
3398 2807 3666 2892 ἁμαρτίαν
3699 2809 3796 2871 οὐκ

2208 2891 2367 2982 εἶχον
2397 2907 2487 2961 νῦν
2536 2901 2589 2960 δὲ
2641 2901 2906 2984 πρόφασιν
2951 2902 3047 2961 οὐκ
3082 2899 3266 2981 ἔχουσι
3294 2898 3419 2981 περὶ
3460 2903 3555 2973 τῆς
3599 2899 3796 2983 ἆμαρ-

2208 2992 2322 3059 τίας
2352 2995 2545 3053 αὑτῶν.
2578 2989 2649 3053 Ὀ
2678 2990 2773 3071 ἐμὲ
2813 2994 2981 3069 μισῶν
3012 2990 3103 3049 καὶ
3134 2990 3222 3049 τὸν
3249 2991 3471 3071 Πατέρα
3502 3014 3605 3067 μου
3636 2992 3801 3069 μισεῖ.

2200 3083 2264 3141 Εἰ
2296 3080 2362 3141 τὰ
2388 3081 2516 3163 ἔργα
2550 3081 2626 3161 μὴ
2658 3081 2883 3155 ἐποίησα
2914 3084 2968 3163 ἐν
2999 3080 3207 3155 αὐτοῖς,
3238 3079 3272 3139 ἃ
3299 3082 3468 3149 οὖδεῖς
3504 3081 3666 3149 ἄλλος
3692 3105 3796 3142 πε-

478 3190 602 3248 quae
627 3190 793 3231 nemo
820 3173 961 3231 alius
981 3171 1129 3243 fecit,
1154 3183 1444 3247 peccatum
1466 3191 1581 3233 non
1603 3178 1869 3236 haberent
1900 3198 1914 3237 :
1942 3196 2085 3239 nunc

2199 3171 2455 3270 ποίηκεν,
2486 3172 2760 3270 ᾇμαρτίαν
2789 3173 2883 3270 οὐκ
2924 3162 3102 3270 εἶχον..
3125 3174 3241 3233 Νῦν
3273 3170 3329 3270 δέ
3360 3169 3453 3231 καὶ
3504 3170 3798 3270 ἑωράκασι,

479 3274 666 3323 autem
712 3272 770 3321 et
798 3264 1069 3333 viderunt,
1118 3272 1174 3321 et
1200 3265 1438 3323 oderunt
1474 3283 1588 3324 non
1617 3268 1799 3326 solum
1846 3286 1963 3340 me,
1994 3288 2083 3329 ve-

477 3369 607 3413 rum
665 3355 832 3411 etiam
859 3362 915 3411 et
941 3357 1163 3411 Patrem
1191 3371 1385 3414 meum
1431 3377 1445 3415 :
1492 3358 1591 3416 sed
1640 3368 1702 3415 ut
1730 3361 2084 3434 compleatur

480 3460 667 3503 sermo
695 3446 787 3517 qui
824 3445 881 3501 in
928 3447 1047 3519 lege
1077 3462 1273 3503 eorum
1317 3448 1559 3521 scriptus
1588 3458 1691 3520 est,
1722 3451 1850 3509 odio
1879 3451 2087 3510 habue-

481 3544 614 3592 runt
639 3551 729 3591 me
758 3536 945 3608 gratis.
981 3559 1008 3585 ι»
1043 3539 1191 3593 Num
1220 3544 1411 3595 autem
1425 3539 1596 3611 juste,
1636 3541 1833 3613 inquit,
1863 3542 1983 3599 haec
2003 3542 2084 3599 fa-

483 3626 653 3695 ciunt,
672 3633 728 3681 et
746 3626 875 3682 odio
904 3624 1110 3683 habent
1127 3635 1182 3683 et
1196 3644 1307 3696 me,
1336 3637 1391 3684 et
1410 3632 1632 3686 Patrem
1652 3647 1862 3702 meum,
1884 3642 1937 3689 et
1958 3636 2085 3690 vos?

483 3732 620 3773 num
648 3724 935 3789 propterea
971 3732 1094 3789 quae
1122 3716 1239 3774 dixi
1272 3718 1357 3775 vel
1396 3718 1521 3788 feci,
1555 3720 1698 3777 hanc
1722 3732 1969 3780 mentem
1998 3724 2084 3780 in-

482 3811 870 3879 sumpserunt?
899 3810 1044 3875 Non,
1088 3807 1265 3881 inquit
1310 3825 1324 3863 :
1356 3818 1639 3882 peccatum
1669 3813 1816 3869 enim
1844 3812 1952 3871 hoc
1994 3815 2089 3870 in-

482 3896 840 3955 condonabile
865 3906 965 3955 est.
994 3897 1257 3972 Nunquid
1286 3899 1435 3956 enim
1477 3918 1592 3959 non
1618 3903 1737 3959 veni
1784 3913 1839 3960 et
1885 3903 2091 3961 docui?

482 3987 542 4043 Si
567 4002 681 4043 non
707 3987 1001 4057 venissem,
1032 3988 1080 4043 si
1111 4004 1226 4044 non
1255 3986 1481 4047 fuissem
1526 3991 1742 4048 locutus
1769 3990 1836 4062 ⁸³,
1867 3995 2087 4066 potuis-

484 4084 607 4133 sent
634 4075 837 4144 dicere,
879 4078 1006 4132 Non
1034 4076 1361 4134 audivimus.
1405 4081 1561 4136 Nunc
1605 4091 1791 4138 autem
1822 4093 2089 4155 praetextu

485 4172 636 4221 caret
690 4180 887 4221 eorum
941 4166 1171 4222 malitia.
1225 4167 1371 4223 Dein
1423 4169 1548 4241 quia
1590 4170 1725 4227 nihil
1770 4172 1919 4229 aliud
1947 4189 2087 4247 prae-

490 4254 745 4311 texebant
771 4255 830 4310 in
872 4255 1154 4325 omnibus,
1192 4272 1364 4329 quam
1406 4258 1554 4331 quod
1608 4270 1832 4333 propter
1868 4265 2090 4323 Patrem

489 4344 823 4401 ulciscantur
867 4345 969 4413 (sic
992 4345 1141 4402 enim
1188 4346 1399 4420 dicunt,
1429 4351 1615 4407 Homo
1643 4351 1812 4424 716
1841 4352 1931 4410 hic
1972 4371 2086 4412 non

490 4442 617 4492 esta
633 4437 775 4503 Deo,
790 4443 847 4491 et
864 4435 1103 4506 similia),
1124 4436 1332 4494 idcirco
1351 4438 1535 4496 subdit
1555 4462 1566 4497 :
1597 4464 1621 4490 α
1640 4443 1746 4515 Qui
1769 4459 1858 4500 me
1879 4443 2014 4517 odit,
2034 4455 2091 4502 et

2195 3262 2286 3322 καὶ
2317 3264 2654 3343 μεμισήκασι
2677 3262 2769 3323 καὶ
2792 3261 2911 3341 ἐμὲ,
2940 3262 3032 3322 καὶ
3056 3261 3143 3321 τὸν
3165 3260 3390 3342 Πατέρα
3416 3286 3540 3341 μου,
3562 3262 3680 3322 ἀλλ’
3714 3262 3801 3321 ἵνα

2196 3356 2453 3435 πληρωθῇ
2485 3357 2513 3413 ὃ
2541 3354 2694 3434 λόγος
2724 3357 2752 3413 ὁ
2784 3350 3156 3435 γεγραμμένος
3199 3356 3252 3413 ἐν
3292 3355 3369 3433 τῷ
3399 3351 3549 3434 νόμῳ
3593 3354 3800 3429 αὐτῶν,

2196 3443 2276 3502 ὅτι
2307 3433 2709 3524 Ἕμίσησάννμε
2755 3433 2979 3524 δωρεάν.
3020 3469 3045 3497 ν
3076 3433 3214 3522 ’Ἆρα
3259 3441 3315 3502 δὲ
3357 3433 3577 3511 δικαίως
3621 3448 3799 3502 ταῦτα

2196 3539 2471 3609 ποιοῦσιν,
2535 3536 2627 3595 καὶ
2677 3539 2892 3613 μισοῦσι
2945 3533 3035 3594 καὶ
3090 3531 3225 3611 ἐμὲ,
3283 3532 3374 3592 καὶ
3431 3532 3518 3592 τὸν
3576 3534 3803 3614 Πατέρα

2200 3647 2321 3701 μου,
2354 3622 2446 3682 καὶ
2477 3627 2643 3702 ὕμᾶςς
2680 3615 2787 3705 ἆρα
2823 3622 2857 3696 ἢ
2882 3626 2986 3682 τῶν
3016 3623 3311 3705 λεχθέντων
3330 3621 3366 3695 ἢ
3397 3626 3503 3682 τῶν
3530 3622 3801 3704 πραχθέν-

2198 3736 2302 3772 των
2326 3714 2486 3794 χάριν
2515 3714 2762 3788 τοιαύτην
2783 3710 3001 3794 γνώμην
3046 3711 3384 3781 ἐπεδείξαντο
3408 3734 3425 3788 ;
3458 3711 3605 3793 Οὐχὶ
3631 3756 3646 3785 ,
3686 3736 3800 3794 φη-

2199 3803 2298 3861 σίν
2326 3804 2699 3885 οἷσύγγνωστος
2752 3806 2856 3885 γὰρ
2904 3808 2935 3877 ἡ
2992 3802 3231 3885 ἁμαρτία
3267 3804 3462 3863 αὐτῶν.
3549 3802 3643 3873 Μὴ
3698 3801 3803 3885 γὰρ

2199 3895 2294 3952 οὐκ
2321 3883 2478 3966 ἦλθον
2495 3939 2511 3969 ,
2535 3894 2627 3954 καὶ
2655 3883 2867 3963 ἐδίδαξα
2884 3914 2899 3969 ;
2932 3896 2997 3952 Εἰ
3024 3893 3099 3972 μὴ
3118 3883 3326 3969 ἦλθον,
3356 3895 3404 3953 εἷ
3435 3890 3511 3971 μὴ
3535 3883 3802 3968 ἐλάλησα,

2200 3974 2341 4063 εἶχον
2375 3982 2439 4042 ἂν
2483 3984 2631 4044 αὐτοὶ
2677 3981 2887 4064 λέγειν,
2938 3986 3009 4052 ὥς
3057 3985 3176 4044 Οὔκ
3229 3981 3571 4064 ἠκούσαμεν
3622 3985 3716 4041 νῦν
3749 3981 3805 4042 δέ

2200 4062 2590 4154 ἀπροφάσιστος
2632 4079 2666 4147 ἡ
2716 4062 2949 4155 πονηρία
3000 4075 3195 4135 αὐτῶν.
3254 4062 3390 4134 Εἶτα
3436 4070 3619 4144 ἐπειδὴ
3654 4071 3802 4133 οὐδὲν

2201 4163 2333 4223 ἄλλο
2363 4164 2781 4247 προεφασίζοντο
2827 4169 3107 4247 πανταχοῦ
3128 4210 3145 4240 ,
3181 4166 3226 4224 εἰ
3258 4163 3334 4243 μὴ
3364 4162 3426 4223 τὸ
3462 4163 3549 4222 τὸν
3577 4162 3804 4246 Πατέρα

2202 4245 2427 4314 ἐκδικεῖν
2453 4245 2519 4336 (ἐ
2544 4245 2717 4323 Οὗτος
2736 4255 2838 4337 γὰρ
2855 4299 2871 4330 ,
2892 4245 3052 4337 φησιν
3073 4299 3091 4329 ,
3128 4258 3157 4315 ὁ
3184 4254 3460 4336 ἄνθρωπος
3481 4300 3497 4330 ,
3534 4257 3630 4313 οὐκ
3656 4245 3800 4315 ἐστιν

2200 4349 2260 4402 ἐκ
2290 4348 2382 4404 τοῦ
2417 4348 2560 4407 Θεοῦ
2579 4392 2596 4426 ,
2633 4366 2663 4404 ι)
2706 4346 2799 4405 καὶ
2825 4346 2894 4406 τὰ
2934 4345 3194 4428 τοιαῦτα)
3220 4390 3236 4420 ,
3290 4342 3377 4405 διὰ
3408 4351 3561 4406 τοῦτο
3592 4344 3799 4423 ἐπάγειο

2206 4457 2233 4492 α
2268 4432 2337 4497 Ὅ
2383 4436 2477 4515 ἐμὲ
2526 4438 2696 4515 μισῶν
2727 4436 2819 4497 καὶ
2866 4434 2954 4495 τὸν
2987 4434 3212 4518 Πατέρα
3264 4460 3366 4515 μου
3400 4435 3561 4512 μισεῖ·
3596 4460 3622 4488 ιο
3660 4433 3800 4495 ὥστε

488 4527 703 4581 Patrem
748 4540 942 4582 meum
987 4525 1117 4583 odio
1158 4525 1328 4584 habet
1372 4547 1387 4583 :
1440 4551 1467 4578 ιο
1498 4539 1666 4603 atque
1712 4532 1785 4589 ita
1823 4533 1959 4590 nihil
1988 4537 2085 4593 tale

2202 4525 2318 4584 οὒδέ
2375 4530 2529 4587 τοῦτο
2581 4529 2752 4595 αὐτοῖς
2798 4529 2870 4594 εἷς
2914 4525 3205 4603 ἀπολογίαν
3254 4525 3660 4585 ἀπολέλειπται.
3715 4525 3799 4586 Οὔ

490 4613 744 4671 relictum
766 4623 851 4671 est
874 4613 956 4671 eis
987 4616 1045 4671 in
1073 4617 1503 4676 excusationem.
1535 4623 1661 4677 Non
1690 4622 1873 4679 solum
1903 4633 2092 4682 autem

491 4702 802 4759 doctrinam
817 4702 1055 4775 exhibui,
1086 4704 1187 4761 sed
1213 4714 1270 4762 et
1297 4723 1463 4779 opera
1486 4708 1682 4783 adjeci,
1714 4712 1900 4785 qualia
1911 4714 2096 4771 nullus

491 4791 649 4859 alius,
674 4800 738 4848 ut
762 4801 847 4849 est
874 4793 1206 4851 miraculum
1232 4793 1302 4853 de
1330 4812 1499 4867 caeco,
1531 4799 1857 4858 miraculum
1886 4802 1955 4861 de
1982 4805 2095 4861 La-

491 4896 643 4950 zaro,
674 4888 730 4939 et
759 4883 867 4939 alia
895 4882 1161 4942 similiter.
1187 4887 1371 4956 Quam
1410 4888 1579 4961 igitur
1614 4889 1891 4949 habebunt
1924 4909 2097 4951 excu-

489 4970 802 5029 sationem?
844 4973 1166 5032 Doctrinam
1213 4992 1537 5036 sermonum
1566 4981 1796 5054 praebui,
1826 4983 2003 5049 adieci
2043 4993 2099 5041 et

491 5076 674 5134 opera,
728 5060 869 5120 sicut
913 5072 970 5120 et
996 5066 1184 5122 Moses
1226 5069 1488 5141 praecipit,
1530 5069 1607 5126 illi
1646 5070 1692 5115 ‘4
1722 5070 2093 5131 obediendum

489 5153 783 5223 mandans,
811 5153 908 5227 qui
935 5161 992 5211 et
1018 5154 1173 5227 signa
1203 5154 1432 5228 faceret,
1473 5166 1526 5216 et
1556 5158 1817 5232 pietatem
1843 5162 2090 5221 doceret.

492 5263 519 5292 ιι
560 5244 721 5300 Nunc
762 5250 948 5301 autem
984 5244 1238 5303 viderunt
1290 5270 1317 5297 ι
1346 5248 1477 5305 talia
1510 5263 1697 5322 opera,
1727 5260 1784 5308 et
1812 5252 2096 5311 nihilomi-

489 5344 594 5387 nus
623 5355 649 5381 ι
696 5333 789 5388 Me
820 5340 983 5407 atque
1012 5337 1236 5392 Patrem
1277 5336 1406 5394 odio
1435 5337 1767 5398 habuerunt.
1816 5364 1842 5391 ι
1880 5342 2096 5401 Deinde

492 5419 676 5476 subdit
699 5429 753 5477 et
776 5425 1100 5495 prophetam
1123 5433 1323 5483 testem
1352 5447 1365 5483 :
1397 5451 1421 5478 α
1458 5430 1713 5486 Oderunt
1740 5447 1829 5488 me
1848 5432 2036 5506 gratis.
2060 5451 2091 5488 ι)

489 5508 635 5565 Nam
675 5521 902 5583 propter
933 5515 1109 5572 solam
1149 5516 1418 5575 malitiam
1448 5528 1504 5577 et
1529 5520 1741 5578 nullam
1770 5522 1933 5580 aliam
1961 5540 2095 5582 cau-

489 5612 611 5657 sam
647 5607 847 5660 natum
872 5612 957 5663 est
980 5604 1086 5664 hoc
1113 5606 1326 5668 odium.
1358 5611 1567 5685 Legem
1599 5620 1785 5673 autem
1805 5630 1921 5675 non
1944 5614 2096 5677 solos

562 5761 783 5825 83Joan.
811 5781 918 5839 xv,
945 5773 1034 5826 22.
1067 5767 1107 5805 δε
1137 5772 1307 5833 Deut.
1330 5789 1401 5848 ιι,
1426 5781 1510 5836 13.

2208 4615 2365 4692 μόνον
2420 4616 2475 4676 δὲ
2522 4617 2871 4698 διδασκαλίαν
2912 4615 3300 4698 παρεσχόμην,
3348 4614 3485 4677 ἀλλὰ
3531 4614 3625 4675 καὶ
3674 4614 3804 4696 ἔργα

2205 4706 2551 4787 προσέθηκα,
2599 4697 2685 4768 οἶα
2740 4707 2907 4775 οὐδεὶς
2964 4696 3139 4775 ἄλλος·
3191 4696 3298 4767 οἶον
3353 4705 3414 4765 τὸ
3463 4709 3555 4764 τοῦ
3605 4706 3805 4787 τυφλοῦ

2206 4801 2386 4880 θαῦμα
2405 4844 2423 4877 ,
2455 4798 2515 4858 τὸ
2535 4801 2625 4858 τοῦ
2650 4798 2932 4880 Λαζάρου,
2964 4795 3057 4857 καὶ
3088 4799 3137 4856 τ’
3178 4796 3318 4857 ἄλλα
3350 4794 3565 4875 ὁμοίως.
3622 4794 3802 4857 Ποίαν

2206 4872 2548 4967 οὗν-ἔχουσιν
2592 4872 2883 4968 ἀπολογίαν
2902 4872 2927 4964 ς’
2971 4886 3087 4961 Τὴν
3139 4886 3245 4947 ἀπὸ
3288 4872 3392 4946 τῶν
3438 4884 3612 4964 λόγων
3643 4885 3802 4944 διδα-

2206 4979 2431 5037 σκαλίαν
2479 4977 2869 5060 παρεσχόμην,
2920 4976 3017 5050 τὴν
3088 4976 3195 5037 ἀπὸ
3246 4979 3351 5036 τῶν
3396 4975 3562 5058 ἔργων
3617 4989 3803 5060 προσ-

2206 5066 2389 5141 ἐθηκα⁸
2445 5058 2616 5137 καθὼς
2656 5058 2757 5129 καὶ
2806 5058 3119 5143 ὁίΜωῦσῆς
3180 5066 3577 5146 διακελεύεται,
3622 5058 3805 5147 ἐκείνῳ

2206 5156 2477 5219 πείθεσθαι
2518 5158 2887 5241 ἐντελλόμενος
2909 5204 2925 5234 ,
2956 5161 3034 5241 τῷ
3062 5159 3153 5219 καὶ
3184 5161 3382 5236 σημεῖα
3414 5161 3672 5233 ποιοῦντι,
3709 5152 3804 5216 καὶ

2206 5247 2273 5307 τὰ
2316 5250 2447 5332 πρὸς
2495 5250 2764 5312 εὐσέϐειαν
2814 5250 3141 5311 διδάσκοντι.
3178 5276 3203 5303 ι
3244 5251 3361 5312 Νῦν
3411 5246 3466 5307 δὲ
3497 5246 3591 5307 καὶ
3620 5245 3801 5328 ἑωράο

2205 5362 2331 5399 κασι
2368 5362 2397 5399 ι)
2457 5345 2677 5401 τοιαῦτα
2731 5340 2901 5422 ἔργα,
2939 5340 3029 5400 καὶ
3076 5338 3225 5422 ὅμως⁸
3281 5361 3313 5399 ιι
3360 5336 3519 5417 Κάμὲ
3569 5336 3661 5399 καὶ
3712 5336 3802 5398 τὸν

2208 5431 2431 5513 Πατέρα
2480 5455 2580 5510 μου
2632 5419 3019 5511 μεμισήκασιν.
3072 5458 3098 5484 ι
3154 5419 3290 5490 Εἶτα
3344 5427 3537 5510 ἐπάγει
3571 5429 3663 5489 καὶ
3711 5425 3800 5487 τὸν

2205 5523 2484 5606 προφήτην
2520 5521 2802 5605 μάρτυρα,
2845 5520 2929 5582 ὅτι
2982 5543 3015 5582 tt
3047 5520 3355 5601 Ἐμίσησάν
3388 5544 3456 5601 με
3500 5518 3725 5601 δωρεάν.
3765 5539 3794 5575 ι

2202 5614 2307 5677 Διὰ
2328 5613 2431 5697 γὰρ
2460 5613 2715 5697 πονηρίαν
2738 5658 2755 5693 ,
2784 5612 2949 5697 φησὶ,
2981 5612 3147 5694 μόνην
3192 5611 3386 5695 ἐτέχθη
3431 5610 3493 5673 τὸ
3524 5610 3707 5691 μῖσος,
3741 5608 3801 5669 οὗ
