4128 6438
372 426 478 478 205

1200 425 1590 483 ENARRATIO
1634 427 1699 481 IN
1739 424 2170 482 EVANGELIUM
2205 424 2505 482 JOANNIS.
2545 454 2617 467 —
2653 426 2804 482 CAP.
2845 428 2952 482 XV.

3591 432 3697 487 206

368 549 441 607 δι’
471 547 652 610 αἰτίαν
683 551 874 624 ἄλλην.
908 551 1097 630 Νόμον
1128 552 1183 612 δὲ
1202 598 1217 626 ,
1259 556 1330 621 ὡς
1356 552 1616 621 πολλάκις
1637 551 1863 632 εἴπομεν
1883 599 1899 630 ,
1926 556 1986 613 οὗ

2100 550 2270 608 libros
2324 551 2469 609 Mosi
2512 550 2665 620 dicit,
2715 551 2813 609 sed
2863 558 2919 608 et
2971 550 3394 625 prophetarum,
3446 561 3508 610 ut
3553 569 3698 627 saepe

371 638 537 716 μόνον
585 642 676 700 τὸν
722 640 1061 717 Μωσαῖκὸν,
1108 640 1249 725 ἀλλὰ
1280 641 1371 701 καὶ
1413 640 1509 711 τὰς
1557 647 1663 703 τῶν
1697 647 1987 725 προφητῶν

373 729 597 807 βίϐλους
640 731 831 813 φησὶν,
879 732 1067 813 ὥσπερ
1116 722 1206 792 οὖν
1252 735 1525 793 κάνταῦθα
1573 733 1670 805 τὴν
1698 722 1790 793 τοῦ
1818 722 1989 794 Δαυῒδ

371 819 538 895 νόμον
572 822 870 899 ὠνόμασεν.
959 821 1030 885 Ὁ
1068 820 1165 901 μὲν
1197 813 1286 882 οῦν
1320 820 1491 883 Δαυῒδ
1533 823 1819 902 Πνεύματι
1850 824 1987 904 ἁγίῳ

379 912 781 992 προανερώνει,
837 910 866 971 ὃ
935 912 1156 990 ἔμελλεν
1210 918 1243 985 ἡ
1295 914 1466 972 αὐτῶν
1518 913 1748 994 πονηρία
1791 914 1982 973 ποιεῖν’

381 1000 533 1059 αὐτοὶ
585 1002 641 1060 δὲ
680 1002 897 1071 πάντως
939 1005 1011 1070 ὥς
1058 1003 1277 1083 πονηροὶ
1318 1004 1379 1063 τὸ
1409 1002 1700 1084 προλεχθὲν
1746 1002 1849 1062 ὑπὸ
1895 1008 1986 1064 τοῦ

382 1090 657 1172 προφήτου
710 1091 1068 1172 ἐπλήρωσαν,
1120 1092 1226 1154 ⁶καὶ
1284 1091 1375 1166 τὴν
1426 1092 1755 1176 προφητείαν
1810 1096 1985 1167 ἀληθῆ

390 1180 613 1249 ἶδειξαν.

478 1293 506 1329 ε
532 1268 711 1333 Ὅταν
758 1270 815 1331 δὲ
882 1272 1009 1352 ἔλθῃ
1060 1276 1089 1332 ὁ
1138 1272 1523 1353 Παρᾶκλητος,
1563 1272 1619 1333 ὃν
1647 1270 1751 1352 ἐγὼ
1791 1272 1989 1355 πέμψω

385 1361 510 1437 ὑμῖν
540 1361 696 1440 παρὰ
725 1367 817 1421 τοῦ
865 1363 1080 1445 Πατρὸς
1100 1408 1116 1437 ,
1153 1364 1213 1422 τὸ
1242 1366 1467 1442 Πνεῦμα
1514 1368 1609 1437 τῆς
1640 1362 1931 1441 ἀληθείας,
1961 1363 1990 1423 ὃ

376 1450 531 1529 παρὰ
561 1457 654 1511 τοῦ
702 1452 912 1533 Πατρὸς
971 1452 1357 1534 ἐκπορεύεται,
1410 1456 1605 1523 ἐκεῖνος
1654 1453 1988 1533 μαρτυρήσει

374 1540 504 1621 περὶ
540 1545 694 1619 ἐμοῦ.
734 1541 845 1603 Καὶ
876 1543 1035 1625 ὑμεῖς.
1066 1544 1121 1602 δὲ
1154 1552 1506 1625 μαρτυρεῖτε,
1553 1543 1635 1604 ὅτι
1680 1545 1775 1602 ἀπ’
1819 1546 1989 1624 ἀρχῆς

377 1633 501 1705 μετ’
533 1634 666 1707 ἐμοῦ
713 1633 853 1691 ἐστε.
889 1660 915 1685 ιι
962 1620 1103 1693 Εἶπε
1154 1620 1262 1701 τοῖς
1305 1620 1602 1712 μαθηταῖς,
1658 1631 1739 1693 ὅτι
1772 1657 1802 1689 α

378 1720 560 1788 Ξουσιν
585 1726 757 1804 ῥμᾶς,
781 1749 805 1775 ι
837 1722 918 1781 ὅτι
951 1749 973 1775 ι
1002 1724 1113 1783 Τὸν
1143 1723 1295 1804 λόγον
1323 1728 1473 1803 ὑμῶν
1512 1728 1571 1785 οὖ
1596 1724 1933 1803 τηρήσουσιν.
1960 1750 1984 1777 π

372 1806 499 1871 Ἵνα
552 1800 643 1871 οὖν
673 1812 749 1889 μὴ
800 1810 966 1892 ἔχωσι
1018 1800 1228 1892 λέγειν(
1266 1800 1369 1874 Καί
1418 1814 1635 1889 λοιπὸν,
1671 1800 1731 1875 ϋῶ
1783 1813 1981 1895 Κύριε,

377 1906 482 1958 ποῦ
534 1901 763 1980 πέμπεις
813 1890 995 1980 ἡμᾶς
1058 1890 1173 1972 πῶς
1223 1902 1515 1973 ἀξιόπιστοι
1575 1903 1842 1983 Cadmea;
1875 1890 1984 1973 ’τίς
2020 1890 2069 1954 Β

380 1991 629 2067 προσέξει
678 1996 846 2069 ἡμῖν,
898 1992 977 2061 τίς
1033 1994 1415 2071 πεισθήσεται;
1456 1994 1544 2055 διὰ
1590 1999 1747 2055 τοῦτο
1777 1994 1983 2075 ἐπάγει·

393 2104 423 2139 ιι
459 2082 639 2143 Ὅταν
682 2080 736 2141 δὲ
766 2083 895 2163 ἔλθῃ
924 2087 953 2143 ὁ
998 2083 1388 2165 Παράκλητος,
1433 2086 1628 2154 ἐκεῖνος
1658 2086 1987 2168 μαρτυρήσει

382 2170 506 2250 περὶ
574 2173 723 2249 ἐμοῦ.
779 2196 809 2232 ι)
879 2171 1234 2249 Ἀξιόπιστος,
1291 2174 1455 2255 φησὶ,
1518 2175 1722 2256 μάρτυς
1793 2176 1986 2244 ἐκεῖνός

380 2262 547 2320 ἐστιν’
604 2260 741 2322 ὥστε
806 2262 913 2323 ὑπὸ
962 2268 1057 2324 τοῦ
1120 2264 1432 2342 Πνεύματος
1480 2265 1854 2347 ἐλεγχόμενοι,
1905 2267 1987 2327 ὅτι

382 2351 764 2431 ἀναπολόγητα
839 2352 1236 2436 ἁμαρτάνουσι,
1311 2354 1697 2437 παραδέξονται
1760 2356 1821 2415 τὸ
1873 2356 1983 2430 κή-

378 2465 579 2521 ρυγμα.
630 2464 657 2500 ε
692 2440 800 2503 Καὶ
831 2443 986 2521 ὑμεῖς
1012 2444 1069 2505 δὲ
1108 2449 1422 2526 μαρτυρεῖτε
1443 2490 1459 2519 ,
1508 2446 1605 2504 ἀπ’
1637 2448 1808 2528 ἀρχῆς
1840 2446 1984 2516 ὄντες

375 2534 497 2608 μετ’
522 2535 656 2611 ἐμοῦ
678 2578 695 2607 ,
733 2554 764 2592 ι
798 2530 880 2592 ὅτι
902 2533 996 2593 καὶ
1023 2533 1200 2614 λόγοις
1224 2537 1314 2618 καὶ
1343 2535 1514 2617 ἔργοις
1547 2537 1982 2618 ἀπροφασίστους

376 2620 570 2691 αὐτοὺς
624 2621 875 2695 ἐποίησα.
929 2625 1194 2705 Θαρῥεῖτε
1253 2615 1383 2686 οῦν(
1413 2615 1472 2687 οὗ
1525 2615 1638 2707 γὰρ*
1680 2615 1985 2709 ἀμάρτυρον

373 2714 529 2771 ἕσται
556 2710 620 2771 τὸ
647 2712 938 2792 κήρυγμα,
976 2715 1118 2775 ἀλλὰ
1152 2715 1244 2775 καὶ
1280 2717 1340 2775 τὸ
1376 2718 1601 2795 Πνεῦμα
1650 2739 1982 2800 συνεπιμαρ-

375 2802 598 2883 τυρήσει
644 2802 891 2881 σημείοις
932 2803 1023 2864 καὶ
1057 2802 1262 2886 τέρασι,
1325 2806 1421 2866 καὶ
1469 2805 1770 2884 ἀξιόπιστος
1834 2807 1985 2869 ἔσται

374 2895 601 2973 μάρτυςο
644 2895 873 2971 Πνεῦμα
899 2893 1001 2974 γάρ
1030 2896 1175 2956 εστιν
1220 2895 1495 2968 ἀληθείας.
1598 2895 1696 2965 Ὧς
1729 2886 1818 2957 οῦν
1848 2902 1986 2972 ἀλη-

374 2983 519 3051 θείας
566 2985 828 3061 Πνεῦμα,
873 2983 1205 3065 μαρτυρήσει
1251 2990 1477 3069 τάληθῆ
1521 2989 1593 3055 ὡς
1631 2986 1685 3046 δὲ
1720 2986 1864 3069 παρὰ
1894 2994 1985 3048 τοῦ

376 3073 591 3155 Πατρὸς
617 3072 1064 3157 ἐκπορευόμενον,
1101 3076 1281 3136 πάντα
1317 3067 1455 3137 οἶδεν
1501 3077 1754 3157 ἀκριϐῶςο
1790 3067 1984 3139 ἐκεῖθεν

371 3163 475 3244 γάρ
504 3154 683 3238 ἐστιν,
709 3164 761 3233 ἐξ
790 3154 851 3224 οὗ
884 3163 1103 3225 πάντων
1139 3173 1171 3240 ἡ
1204 3170 1421 3246 γνῶσις.
1456 3167 1535 3229 Τὸ
1574 3154 1648 3243 δὲ,
1690 3191 1719 3227 ι(
1746 3166 1851 3229 “Ov
1883 3168 1987 3249 ἐγὼ

369 3259 601 3336 πέμψω,
631 3283 655 3309 ι
693 3254 793 3327 τὴν
841 3256 1073 3327 ἰσότητα
1102 3258 1252 3340 δηλοῖ
1286 3258 1383 3333 τὴν
1421 3259 1552 3340 πρὸς
1596 3258 1774 3321 αὐτόν.
1866 3258 1986 3320 Ἀλ-

367 3346 545 3426 λαχοῦ
596 3346 702 3425 γὰρ
745 3344 836 3404 τὸν
880 3344 1102 3425 Πατέρα
1161 3337 1278 3408 εἶπε
1339 3337 1572 3428 πέμπειν
1630 3349 1690 3408 τὸ
1746 3352 1985 3426 Πνεῦμα·

371 3439 603 3495 ἐνταῦθα
641 3436 733 3508 δὲ,
762 3435 951 3496 ἑαυτὸν
982 3437 1216 3515 πέμπειν
1247 3443 1403 3499 τοῦτο
1438 3438 1638 3513 εἰπὼν,
1671 3439 1816 3500 οὐδὲν
1839 3440 1990 3517 ἄλλο,

378 3522 415 3597 ἢ
462 3525 559 3596 τὴν
604 3525 827 3599 ἰσότητα
876 3527 1051 3599 δηλοῖ.
1107 3526 1232 3587 Ἵνα
1284 3528 1341 3588 δὲ
1388 3528 1464 3607 μὴ
1496 3529 1622 3611 δόξῃ
1672 3534 1991 3612 ἀντανιστᾷν

384 3613 575 3672 ἑαυτὸν
601 3619 673 3694 τῷ
700 3614 876 3697 Πατρὶ
901 3661 916 3690 ,
971 3620 1044 3685 ὥς
1074 3616 1169 3675 ἀπ’
1205 3619 1371 3690 ἄλλης
1401 3618 1643 3689 ἐξουσίας
1670 3621 1900 3698 πέμπων
1930 3620 1991 3681 τὸ

386 3707 643 3783 Πνεῦμα,
671 3707 973 3785 προσέθηκε·
1008 3729 1037 3765 α
1058 3708 1221 3789 Παρὰ
1248 3716 1341 3769 τοῦ
1372 3710 1613 3792 Πατρὸς.
1642 3738 1667 3763 ν
1694 3743 1775 3757 -—
1797 3738 1822 3765 σι
1846 3711 1991 3789 Πέμ-

382 3798 472 3875 ψω
497 3816 531 3853 ι
572 3794 667 3872 μὲν
710 3796 810 3876 γὰρ
852 3796 1044 3870 αὐτὸς,
1091 3797 1231 3858 ἀλλὰ
1281 3820 1311 3858 (ι
1341 3799 1492 3880 παρὰ
1546 3805 1642 3859 τοῦ
1693 3801 1925 3882 Πατρός·
1952 3824 1981 3861 ι)

381 3884 687 3959 τουτέστιν,
721 3887 1052 3956 εὐδοκοῦντος
1081 3893 1173 3949 τοῦ
1216 3889 1432 3971 Πατρὸς
1452 3933 1468 3963 ,
1502 3888 1594 3949 καὶ
1624 3893 1991 3951 συναποστέλ-

376 3979 577 4045 λοντος.
611 3978 696 4037 Οὖ
745 3976 849 4057 γὰρ
898 3976 949 4045 ἐξ
1000 3977 1211 4037 οἰκείων
1261 3980 1474 4039 κόλπων
1529 3980 1685 4049 αὐτὸς
1732 3982 1990 4063 προΐεμαι

372 4068 433 4127 τὸ
465 4070 736 4145 Πνεῦμα,
784 4066 924 4125 ἀλλὰ
966 4068 1117 4149 παρὰ
1164 4074 1258 4129 τοῦ
1289 4069 1509 4151 Πατρὸς
1563 4071 1631 4129 δι’
1684 4072 1812 4149 ἐμοῦ
1856 4095 1985 4152 χορ-

372 4162 609 4235 ηγεῖται.
639 4156 820 4218 Ὅταν
851 4155 907 4217 δὲ
941 4158 1197 4239 ἀκούσῃς,
1232 4158 1313 4220 ὅτι
1340 4189 1366 4214 ι
1399 4159 1811 4241 Ἐκπορεύεται,
1847 4189 1871 4216 υ
1911 4161 1987 4240 μὴ

369 4248 480 4307 νόει
530 4248 844 4319 ἀποστολὴν
886 4246 983 4319 τὴν
1031 4249 1377 4329 ἐκπόρευσιν,
1421 4250 1536 4311 οἵαν
1572 4250 1988 4312 ἀποστέλλονται

370 4339 443 4397 τὰ
484 4338 830 4419 λειτουργικὰ
856 4336 1169 4417 πνεύματα,
1214 4339 1355 4399 ἀλλὰ
1400 4343 1597 4422 φυσική
1647 4340 1865 4421 ὕπαρξις
1894 4347 1987 4401 τοῦ

376 4428 702 4507 Πνεύματός
750 4430 895 4487 ἔστιν
955 4434 988 4500 ἡ
1042 4430 1372 4512 έκπόρευσις.
1431 4434 1498 4492 Εἰ
1557 4431 1661 4512 γὰρ
1717 4430 1793 4509 μὴ
1850 4430 1987 4492 οὕτω

374 4520 644 4597 νοήσομεν
677 4517 777 4591 τὴν
808 4517 1152 4599 έκπόρευσιν,
1186 4520 1328 4580 ἀλλά
1368 4544 1487 4581 τινα
1524 4519 1828 4592 ἀποστολὴν
1855 4521 1987 4590 ἔξω-

373 4614 462 4669 θεν
505 4608 829 4688 γινομένην,
883 4608 1077 4680 ἄδηλον
1132 4608 1283 4670 ἔσται
1332 4610 1453 4691 περὶ
1500 4611 1650 4671 ποίου
1691 4610 1988 4688 πνεύματος

376 4699 550 4777 λέγει.
597 4696 786 4778 Μυρία
830 4696 932 4779 γάρ
978 4700 1082 4759 εἰσι
1112 4697 1180 4759 τὰ
1224 4704 1296 4769 εἷς
1339 4700 1610 4762 διακονίαν
1661 4703 1989 4761 ἀποστελλό-

384 4811 558 4865 μενα,
616 4787 706 4846 διὰ
757 4786 874 4854 τοὺς
934 4788 1223 4865 μέλλοντας
1277 4793 1627 4870 κληρονομεῖν
1687 4790 1983 4872 σωτηρίαν.

382 4878 551 4940 Ἀλλὰ
609 4878 721 4955 μὴν
780 4880 1007 4939 ἐνταῦθα
1060 4879 1332 4961 ἐξαίρετόν
1372 4905 1423 4940 τι
1454 4882 1545 4940 καὶ
1594 4880 1988 4963 κεχωρισμένον

382 4968 587 5047 ἰδίωμᾶ
618 4990 754 5050 φησι
795 4966 856 5027 τὸ
910 4969 1329 5051 ἐκπορεύεσθαι,
1375 4970 1455 5031 ἑνὶ
1484 4974 1560 5053 τῷ
1592 4970 1785 5053 κυρίως
1820 4971 1990 5031 Πνεύ-

381 5084 517 5138 ματι
564 5058 1058 5141 προαφωρισμένον.
1138 5064 1256 5123 Οὐκ
1327 5062 1433 5142 ἄρα
1497 5062 1555 5121 τὸ
1613 5060 1991 5141 ἐκπορεύεσθαι

380 5150 814 5211 ἀποστέλλεσθαι
849 5150 1109 5226 νοήσομεν
1131 5197 1148 5227 ,
1196 5153 1314 5211 ἀλλ’
1346 5156 1408 5213 ἐκ
1443 5156 1533 5212 τοῦ
1578 5151 1798 5233 Πατρὸς
1844 5152 1989 5232 ἔχειν

378 5239 479 5313 τὴν
520 5239 751 5323 φυσικὴν
806 5238 1052 5321 ὕπαρξιν.
1114 5244 1289 5303 Τοῦτο
1321 5240 1386 5314 δὴ
1430 5241 1491 5301 τὸ
1523 5244 1750 5321 Πνεῦμα
1782 5242 1991 5322 μάρτυς

380 5331 540 5392 ἔσται
573 5336 668 5391 τοῦ
696 5330 1061 5412 κηρύγματος·
1102 5358 1127 5386 ι
1161 5331 1253 5391 καὶ
1295 5334 1447 5412 ὑμεῖς
1479 5332 1534 5394 δὲ
1568 5340 1926 5413 μαρτυρεῖτε,
1958 5360 1981 5386 ιο

384 5422 522 5482 διότι
551 5423 648 5483 οὐκ
694 5422 749 5493 ἐξ
779 5421 960 5483 ἄλλων
991 5422 1262 5495 ἀκηκόατε
1290 5468 1307 5499 ,
1360 5425 1482 5483 ἀλλ’
1525 5423 1676 5483 αὐτοὶ
1726 5421 1778 5491 ἐξ
1822 5424 1992 5503 ἀρχῆς

386 5512 620 5575 σύνιστε.
668 5515 752 5576 Οὐ
795 5511 973 5596 μικρὰ
1018 5510 1075 5573 δὲ
1111 5513 1250 5586 αὕτη
1296 5513 1569 5596 μαρτυρία
1612 5513 1716 5573 ὑπὸ
1757 5515 1863 5571 τῶν
1896 5515 1988 5571 ἀπ’

392 5604 562 5687 ἀρχῆς
598 5604 865 5670 συνόντων
900 5601 1180 5685 γινομένη·
1237 5602 1267 5663 ὃ
1302 5602 1393 5664 καὶ
1425 5603 1580 5664 αὓτοὶ
1617 5604 1665 5663 οἱ
1696 5600 1986 5663 ἀπόστολοι

450 5800 490 5837 ⁸⁵
514 5802 691 5863 Hebr.
729 5816 779 5871 ι,
813 5803 871 5856 4.

2094 641 2353 699 diximus.
2374 641 2857 712 Quemadmodum
2881 650 2936 698 et
2959 641 3065 699 hoc
3088 642 3209 698 loco
3239 641 3470 699 Davidis
3489 643 3697 702 librum

2093 732 2272 806 legem
2299 731 2628 790 nominavit.
2677 731 2849 804 Igitur
2876 731 3059 789 David
3094 731 3299 804 Spiritu
3330 740 3522 789 sancto
3552 749 3694 806 prae-

2095 822 2234 880 dicit
2261 824 2439 896 qualis
2468 821 2653 880 futura
2682 832 2828 880 esset
2854 822 3076 881 illorum
3102 822 3339 892 malitia,
3370 830 3427 880 et
3482 822 3607 895 ipsi,
3634 832 3698 880 ut

2094 913 2251 985 mali,
2280 912 2491 971 dictum
2528 929 2561 969 a
2588 912 2857 986 pr0pheta
2877 912 3264 987 impleverunt,
3281 921 3333 971 et
3347 910 3692 986 prophetiam

2095 1019 2289 1061 veram
2317 1019 2437 1061 esse
2465 1003 2986 1077 comprobaverunt.

2168 1288 2348 1343 Vens.
2402 1290 2494 1355 26,
2522 1289 2607 1341 27.
2645 1302 2675 1337 (ι
2703 1286 2844 1342 Cum
2889 1292 3079 1342 autem
3118 1285 3329 1342 venerit
3380 1285 3695 1346 Paracletus

2098 1379 2283 1449 (quem
2313 1391 2414 1449 ego
2450 1376 2670 1432 mittam
2702 1375 2859 1432 vobis
2895 1393 2928 1433 a
2956 1376 3136 1446 Patre)
3181 1375 3397 1450 Spritus
3427 1379 3690 1447 veritatis,

2096 1466 2251 1539 quia
2299 1469 2458 1523 Patre
2508 1465 2773 1538 procedit,
2835 1466 2929 1523 ille
2974 1467 3355 1524 testimonium
3388 1467 3698 1541 perhibebit

2096 1555 2166 1612 de
2194 1571 2301 1613 me.
2352 1558 2423 1611 Et
2453 1571 2548 1612 vos
2576 1563 2746 1613 testes
2780 1555 2933 1625 estis,
2981 1556 3109 1630 quia
3148 1555 3219 1613 ab
3267 1558 3431 1614 initio
3476 1574 3694 1616 mecum

2096 1646 2242 1703 estis.
2277 1666 2303 1699 »
2356 1646 2589 1703 Dixerat
2610 1645 2914 1718 discipulis,
2947 1664 2976 1699 ‹‹
3018 1648 3367 1704 Persecuturi
3410 1657 3541 1706 sunt
3574 1664 3694 1720 vos,

2095 1752 2411 1794 sermonem
2447 1744 2690 1793 vestrum
2719 1750 2831 1793 non
2869 1734 3185 1793 servabunt.
3220 1756 3247 1789 »
3282 1739 3363 1795 Ut
3398 1738 3563 1812 igitur
3602 1736 3693 1795 di-

2095 1842 2217 1884 cere
2245 1842 2356 1882 nou
2407 1825 2634 1897 possint,
2678 1828 2750 1882 Et
2785 1841 2953 1895 nunc,
2997 1842 3031 1882 ο
3084 1827 3339 1896 Domine,
3372 1844 3481 1900 quo
3521 1828 3696 1885 mittis

2095 1919 2229 1974 nos?
2258 1916 2540 1989 quomodo
2587 1915 2742 1989 digni
2786 1915 2893 1973 fide
2932 1916 3173 1972 erimus?
3202 1916 3322 1988 quis
3362 1914 3434 1973 ad
3462 1933 3566 1975 nos
3610 1926 3695 1975 at-

2095 2006 2317 2063 tendet?
2336 2006 2460 2078 quis
2486 2004 2942 2078 persuadebitur?
2971 2005 3090 2062 ideo
3117 2005 3301 2063 subdit
3332 2026 3345 2060 :
3376 2027 3403 2060 ι(
3433 2008 3573 2064 Cum
3598 2022 3693 2065 au-

2095 2104 2209 2153 tem
2238 2097 2453 2153 venerit
2486 2095 2825 2166 Paracletus,
2854 2095 2946 2153 ille
2976 2095 3271 2153 testabitur
3298 2096 3368 2155 de
3398 2112 3509 2154 me.
3542 2120 3570 2149 ‹‹
3602 2098 3694 2156 Fi-

2094 2185 2251 2257 delis,
2295 2186 2497 2260 inquit,
2523 2185 2679 2243 testis
2702 2186 2789 2242 ille
2813 2195 2914 2252 est,
2944 2195 3001 2243 et
3026 2185 3101 2243 ita
3132 2186 3408 2259 redarguti
3433 2205 3466 2244 a
3490 2188 3696 2261 Sipritu

2094 2276 2245 2349 quod
2288 2276 2495 2349 absque
2524 2276 2875 2333 excusatione
2913 2276 3214 2348 peccarint,
3244 2276 3695 2349 praedicationem

2094 2365 2424 2439 suscipient:
2456 2384 2485 2419 ιι
2511 2368 2580 2422 Et
2609 2382 2706 2423 vos
2727 2381 2945 2438 quoque
2974 2366 3334 2437 testabimini,
3366 2368 3459 2440 qui
3489 2367 3560 2425 ab
3594 2368 3697 2425 ini-

2096 2456 2175 2513 tio
2201 2472 2421 2514 mecum
2454 2456 2604 2525 estis,
2650 2475 2680 2509 ι)
2725 2456 2848 2527 quia
2887 2464 2942 2512 et
2981 2456 3241 2527 operibus
3267 2465 3325 2512 et
3350 2458 3698 2515 sermonibus

2095 2545 2195 2602 feci
2228 2545 2420 2604 deesse
2467 2545 2599 2618 ipsis
2637 2545 3063 2603 excusationem.
3110 2547 3265 2602 Bono
3309 2545 3478 2619 igitur
3512 2546 3697 2605 animo

2094 2636 2235 2705 sitis,
2268 2635 2587 2709 praedicatio
2629 2651 2746 2693 non
2791 2635 3027 2692 caritura
3057 2643 3139 2692 est
3180 2635 3433 2703 testibus,
3489 2636 3586 2694 sed
3634 2646 3693 2694 et

2096 2726 2328 2799 Spiritus
2347 2742 2476 2783 cum
2506 2726 2678 2797 signis
2706 2732 2763 2781 et
2783 2725 3051 2799 prodigiis
3073 2725 3387 2797 testabitur,
3414 2725 3697 2799 ﬁdelisque

2095 2816 2253 2874 testis
2280 2816 2401 2873 erit.
2433 2818 2533 2873 Est
2557 2815 2705 2872 enim
2732 2835 2763 2869 ιι
2781 2815 3015 2888 Spiritus
3038 2815 3297 2873 veritatis.
3324 2836 3353 2869 »
3378 2816 3555 2890 Igitur
3575 2817 3698 2889 Spi-

2097 2908 2237 2964 ritus
2276 2905 2519 2963 veritatis
2552 2922 2677 2963 vera
2728 2905 3117 2963 testiﬁcabitur
3150 2924 3164 2962 :
3216 2921 3351 2963 nam
3402 2924 3432 2960 ι(
3460 2923 3492 2964 a
3538 2909 3697 2964 Patre

2097 2996 2362 3070 procedit,
2413 3016 2440 3050 »
2473 3005 2528 3054 et
2552 2996 2741 3053 omnia
2783 2997 2927 3053 clare
2955 2995 3122 3053 novit.
3157 2998 3255 3052 Est
3283 2995 3425 3053 enim
3468 3012 3536 3053 ex
3563 3012 3631 3054 eo
3666 3014 3697 3054 a

2096 3104 2205 3159 quo
2235 3088 2489 3144 omnium
2526 3087 2776 3143 scientia.
2807 3088 2933 3144 Jam
2960 3084 3114 3159 quod
3138 3085 3289 3154 dicit,
3328 3108 3352 3134 α
3386 3087 3565 3156 Quem
3593 3100 3695 3158 ego

2099 3178 2337 3247 mittam,
2383 3200 2407 3227 ι
2441 3176 2811 3250 aequalitatem
2841 3192 2970 3249 erga
2992 3178 3208 3233 Patrem
3237 3175 3522 3248 signiﬁcat.
3552 3178 3696 3233 Nam

2098 3268 2210 3325 alio
2239 3268 2366 3325 loco
2399 3266 2468 3325 de
2495 3269 2658 3324 Patre
2698 3266 2841 3323 dixit
2866 3266 3015 3339 quod
3042 3266 3229 3323 mittat
3253 3266 3519 3339 Spiritum
3549 3281 3562 3320 :
3594 3265 3700 3322 hoc

2098 3367 2284 3416 autem
2311 3358 2435 3415 loco
2464 3356 2615 3430 quod
2645 3358 2761 3430 ipse
2788 3357 2997 3424 mittat,
3027 3357 3215 3429 utique
3256 3372 3390 3413 sane
3416 3356 3699 3430 aequalita-

2099 3457 2213 3506 tem
2275 3448 2605 3520 signiﬁcans.
2653 3450 2737 3505 Ut
2782 3457 2967 3504 autem
3021 3463 3093 3503 ne
3136 3446 3388 3503 videatur
3432 3446 3698 3503 obluctari

2099 3538 2267 3609 Patri,
2297 3537 2453 3611 quasi
2483 3537 2554 3593 ab
2583 3536 2687 3594 alia
2735 3536 3042 3593 substantia
3072 3537 3258 3593 mittat
3280 3535 3565 3610 Spiritum,
3607 3536 3701 3594 ad-

2097 3627 2254 3696 didit,
2287 3647 2315 3681 ι(
2344 3631 2393 3684 Α
2418 3630 2598 3683 Patre.
2630 3646 2660 3679 »
2694 3628 2833 3683 Nam
2854 3635 2909 3683 et
2930 3627 3043 3698 ipse
3070 3626 3297 3699 quidem
3327 3648 3352 3675 ιι
3387 3627 3632 3694 Mittam,
3665 3646 3694 3681 γι

2097 3719 2193 3775 sed
2225 3737 2253 3771 ιι
2280 3721 2330 3773 Α
2353 3720 2532 3784 Patre,
2563 3737 2591 3769 ι)
2620 3716 2728 3773 hoc
2753 3725 2855 3785 est,
2885 3715 3238 3788 approbante
3258 3718 3440 3785 Patre,
3459 3724 3515 3772 et
3533 3716 3697 3773 simul

2098 3808 2377 3865 mittente.
2431 3808 2561 3864 Non
2612 3805 2766 3862 enim
2830 3822 2896 3861 ex
2942 3804 3163 3877 proprio
3215 3805 3341 3861 sinu
3383 3804 3499 3877 ipse
3550 3805 3699 3876 prius

2098 3899 2287 3965 mitto,
2324 3895 2424 3954 sed
2451 3913 2483 3953 a
2526 3899 2684 3952 Patre
2713 3911 2807 3967 per
2842 3910 2932 3951 me
2962 3892 3360 3967 suppeditatur.
3416 3895 3559 3951 Cum
3602 3910 3697 3951 au-

2095 3996 2212 4046 tem
2259 3987 2498 4045 audieris
2540 3984 2690 4059 quod
2728 4004 2756 4037 ι(
2788 3982 3065 4051 Procedit,
3110 4006 3138 4034 ιν
3173 4000 3243 4041 ne
3289 3983 3563 4057 intelligas
3603 3999 3701 4057 per

2097 4078 2509 4151 processionem
2534 4076 2861 4133 missionem
2890 4074 3035 4147 quali
3064 4074 3394 4132 emittuntur
3416 4072 3697 4131 ministra-

2096 4169 2229 4225 torii
2269 4168 2516 4241 spiritus,
2560 4165 2661 4223 sed
2689 4164 2959 4223 naturalis
2998 4165 3163 4235 717
3196 4164 3547 4223 subsistentia
3578 4164 3699 4237 Spi-

2096 4260 2233 4315 ritus
2275 4267 2363 4315 est
2388 4256 2685 4331 processio.
2733 4258 2876 4313 Nam
2922 4254 3033 4312 nisi
3063 4256 3471 4328 processionem
3512 4255 3591 4311 sic
3620 4255 3701 4312 in-

2096 4349 2496 4417 tellexerimus,
2548 4347 2646 4405 sed
2681 4355 2959 4403 externam
3005 4346 3308 4418 quamdam
3353 4344 3700 4417 missionem,

2096 4439 2371 4496 incertum
2399 4439 2505 4495 erit
2538 4437 2606 4493 de
2635 4452 2744 4509 quo
2773 4436 2967 4509 spiritu
2998 4435 3145 4493 dicat
3194 4454 3208 4491 :
3236 4434 3513 4492 innumeri
3551 4435 3703 4492 enim

2016 4548 2067 4613 D
2098 4537 2231 4587 sunt
2264 4528 2360 4601 qui
2395 4528 2450 4584 in
2478 4526 2852 4583 ministerium
2894 4526 3193 4582 mittuntur
3236 4532 3460 4598 propter
3487 4538 3583 4581 eos
3609 4526 3702 4597 qui

2098 4618 2498 4677 haereditabunt
2527 4616 2760 4673 salutem
2779 4615 2847 4670 6⁵.
2879 4616 3154 4673 Caeterum
3182 4614 3288 4671 hoc
3311 4615 3434 4672 loco
3460 4613 3699 4686 singula-

2099 4710 2175 4766 ris
2213 4707 2470 4782 quaadam
2516 4715 2572 4764 et
2614 4714 2868 4779 separata
2918 4704 3228 4778 proprietas
3269 4712 3353 4761 est
3382 4704 3698 4777 procedere,

2100 4798 2195 4854 uni
2220 4798 2442 4871 proprio
2472 4795 2693 4869 Spiritui
2740 4795 3026 4853 attributa.
3072 4796 3197 4852 Non
3220 4794 3387 4868 igitur
3424 4795 3699 4868 intellige-

2100 4903 2228 4944 mus
2264 4904 2359 4961 per
2400 4887 2805 4965 processionem
2840 4885 3145 4958 simplicem
3188 4884 3556 4955 emissionem,
3606 4882 3704 4942 sed

2097 4978 2415 5035 naturalem
2442 4993 2511 5035 ex
2546 4980 2709 5035 Patre
2740 4974 3179 5033 subsistentiam.
3214 4973 3319 5032 Hic
3342 4974 3509 5048 igitur
3538 4973 3703 5046 Spiris

2101 5077 2191 5127 tus
2218 5068 2376 5126 testis
2420 5068 2526 5125 erit
2548 5066 2977 5141 praedicationis,
3007 5089 3031 5117 σ
3064 5068 3136 5123 Et
3163 5081 3260 5123 vos
3287 5081 3506 5138 quoque
3534 5072 3700 5120 testa;

2098 5157 2314 5228 bimini,
2351 5180 2369 5209 ι
2400 5156 2549 5231 quod
2575 5173 2687 5215 non
2731 5172 2799 5214 ex
2841 5155 2963 5213 aliis
2990 5154 3326 5223 audiveritis,
3370 5152 3469 5211 sed
3505 5151 3608 5225 ipsi
3635 5153 3705 5210 ab

2096 5246 2252 5306 initio
2282 5264 2507 5306 mecum
2536 5246 2687 5305 estis.
2726 5248 2853 5304 Non
2876 5261 3106 5320 parvum
3154 5252 3343 5301 autem
3376 5258 3444 5300 ex
3471 5242 3578 5300 hoc
3620 5249 3704 5300 te-
3796 5238 3810 5250 “

2098 5338 2422 5397 stimonium
2447 5338 2518 5396 ab
2551 5337 2711 5394 initio
2733 5336 2898 5394 simul
2923 5350 3074 5393 esse:
3110 5332 3259 5406 quod
3277 5340 3332 5390 et
3350 5332 3452 5404 ipsi
3471 5332 3709 5406 apostoli

2097 5436 2292 5505 postea
2326 5428 2647 5487 concionati
2669 5434 2820 5496 sunt,
2849 5426 3114 5493 dicentes,
3140 5422 3252 5495 Qui
3275 5422 3439 5480 simul
3462 5423 3709 5481 comedi—

2098 5536 2246 5590 mus,
2275 5519 2555 5593 simulque
2572 5516 2817 5575 bibimus
2843 5530 2972 5573 cum
2996 5528 3083 5571 eo.
3111 5513 3332 5587 Duplex
3359 5513 3530 5589 igitur
3550 5514 3710 5572 testi-

2099 5610 2385 5680 monium,
2435 5624 2469 5667 a
2520 5606 2678 5667 vobis
2717 5614 2773 5664 et
2819 5623 2849 5664 a
2880 5604 3109 5679 Spiritu.
3156 5607 3304 5663 Nam
3331 5604 3457 5663 licet
3511 5614 3607 5663 vos
3644 5600 3718 5661 ad
