4128 6436
461 442 568 494 207

1478 435 1564 489 ΤΗ
1575 434 1995 491 EOPHYLACTI
2036 433 2396 490 BULGARIE
2432 430 2751 487 ARCHIEP.

3659 422 3764 476 208

463 560 697 636 gratiam
723 561 912 618 testari
963 559 1287 630 videamini,
1321 567 1378 617 at
1409 575 1522 616 non
1551 559 1680 616 item
1727 559 1797 618 ad
1824 559 2059 634 gratiam

2182 560 2389 641 ὕστερον
2421 559 2598 638 ἔλεγον
2649 556 3100 635 δημηγοροῦντες
3155 576 3198 641 οιΔ
3225 552 3436 641 Οῗξινες
3467 543 3758 641 συνεφάγο-

463 651 850 710 testiﬁcabitur
875 657 933 708 et
959 649 1210 724 Spiritus.

2172 674 2268 728 μεν
2300 629 2480 730 αὐτῷ,
2509 629 2602 708 καὶ
2647 629 2989 724 συνεπίομεν.
3043 637 3213 730 Διττὴ
3263 629 3354 730 οὖν
3401 641 3436 708 ἡ
3470 633 3762 730 ,μαρτυρία

462 751 558 810 καὶ
603 753 734 830 παρ’
782 752 935 827 ὑμῶν
959 793 975 824 ,
1000 722 1119 810 ήκαὶ
1167 747 1318 830 παρᾶ
1351 753 1440 808 τοῦ
1481 748 1816 828 Πνεύματος.
1874 752 1942 812 Εἰ
1973 746 2075 830 γὰρ
2124 722 2274 821 binis
2314 722 2649 820 πρὸξχάριν
2685 722 2977 818 μαρτυρεῖν
3008 729 3216 805 δόξετε,
3256 728 3377 788 ἀλλ’
3423 723 3537 786 οὔτε
3566 725 3642 803 ἑγε
3672 722 3766 783 καὶ

463 839 524 901 τὸ
556 841 780 919 Πνεῦμα
808 837 938 922 πρὸς
961 838 1118 920 χάριν
1152 838 1498 920 μαρτυρήσει.

1047 971 1291 1030 CAPUT
1326 974 1483 1031 XVI.

470 1080 738 1151 Quomodo
763 1082 918 1138 Iesus
965 1096 1028 1137 ea
1069 1097 1191 1152 qua:
1240 1081 1522 1152 discipulis
1574 1085 1840 1136 eventura
1891 1084 2065 1147 erant,

533 1154 822 1226 pradixit.
860 1157 934 1208 De
963 1153 1073 1224 hoc,
1105 1155 1308 1209 Parum
1332 1154 1590 1226 videbitis
1633 1169 1733 1208 me.
1800 1153 2068 1221 Quomodo

534 1224 702 1354 farier
722 1241 1051 1296 quiscunque
1074 1226 1142 1280 ab
1170 1242 1226 1281 eo
1257 1227 1523 1297 petierint
1565 1224 1805 1281 homines
1839 1226 2068 1282 daturus

541 1398 724 1452 Vens.
756 1399 872 1452 1-4.
911 1417 936 1444 α
967 1395 1104 1452 Haec
1143 1393 1356 1451 locutus
1398 1409 1525 1452 sum
1555 1393 1729 1460 vobis,
1754 1401 1817 1450 ut
1840 1409 1908 1450 ne
1935 1392 2068 1467 quid

470 1483 851 1541 offendamini.
898 1484 1120 1542 Alienos
1147 1499 1178 1540 a
1203 1484 1497 1558 synagogis
1534 1483 1736 1540 facient
1764 1499 1862 1540 vos
1905 1501 1919 1539 :
1975 1482 2069 1540 sed

473 1574 650 1630 veniet
673 1582 913 1646 tempus,
949 1581 1011 1630 ut
1057 1573 1308 1647 quisquis
1356 1572 1614 1630 interﬁcit
1653 1588 1770 1641 vos,
1818 1571 2071 1629 videatur

469 1664 678 1720 cultum
723 1671 986 1736 prastare
1031 1665 1171 1720 Deo.
1204 1665 1277 1718 Et
1315 1661 1432 1720 haec
1459 1660 1664 1720 facient
1715 1661 1892 1730 vobis,
1941 1661 2070 1733 quia

472 1769 586 1810 non
635 1763 910 1810 noverunt
949 1754 1192 1821 Patrem,
1220 1767 1399 1826 neque
1425 1768 1535 1810 me.
1577 1751 1681 1810 Sed
1711 1751 1830 1809 haec
1857 1751 2074 1809 locutus

474 1857 602 1899 sum
630 1841 806 1911 vobis,
829 1850 912 1911 ut,
941 1856 1072 1899 cum
1093 1842 1309 1899 venerit
1338 1851 1560 1914 tempus
1581 1841 1743 1910 illud,
1760 1841 2075 1898 reminisca-

2740 946 3034 1008 ΚΕΦΑΔ.
3079 941 3210 1020 Ιςκ

2177 1089 2298 1152 Περὶ
2323 1091 2406 1136 τοῦ
2469 1082 2635 1142 Ἰησοῦ
2666 1081 2981 1146 προλέγοντος
3001 1079 3062 1128 τὰ
3086 1075 3457 1152 συμᾷηεσόμεα-
3473 1077 3571 1152 τοῖς
3610 1073 3763 1152 p.201!-

2239 1145 2360 1214 ταῖς.
2405 1157 2530 1220 Περὶ
2566 1157 2681 1216 τοῦ,
2712 1145 2908 1216 Μικρὸν
2957 1153 3040 1201 καὶ
3077 1150 3253 1212 ὄψεσθέ
3295 1165 3374 1212 με.
3416 1146 3531 1211 Περὶ
3570 1149 3656 1194 τοῦ
3688 1145 3774 1192 τὸν

2239 1230 2453 1294 Πατέρα,
2484 1227 2581 1277 ὅσα
2604 1227 2661 1274 ἂν
2705 1226 3033 1285 αἰτήσωνται,
3076 1223 3270 1272 δώσειν.

2266 1414 2290 1441 α
2322 1389 2516 1448 Ταῦτα
2545 1382 2821 1456 λελάληκα
2865 1381 2988 1460 ὑμῖν
3012 1425 3030 1454 ,
3071 1379 3162 1439 ἵνα
3192 1377 3267 1459 μὴ
3315 1379 3765 1452 σκανδαλισθῆτε.

2177 1474 2645 1554 Ἀποσυναγώγους
2741 1471 3054 1544 ποιήσουσιν
3133 1472 3274 1548 ὖμᾶς
3339 1469 3462 1526 ἀλλ’
3547 1468 3766 1548 ἔρχεται

2177 1566 2328 1647 ὥρα,
2374 1563 2462 1624 ἵνα
2519 1571 2626 1631 πᾶς
2675 1564 2703 1620 ὁ
2763 1561 3077 1628 ἀποκτείνας
3136 1563 3275 1637 ὑμᾶς
3340 1557 3461 1647 δόξῃ
3520 1559 3777 1638 λατρείαν

2179 1646 2495 1736 προσφέρειν
2541 1655 2618 1733 τῷ
2649 1653 2800 1733 Θεῷ.
2859 1650 2970 1711 Καὶ
3019 1655 3188 1710 ταῦτα
3247 1646 3558 1720 ποιήσουσιν
3609 1650 3773 1727 ὑμῖν,

2180 1747 2258 1806 ὅτι
2281 1747 2376 1804 οὐκ
2406 1743 2642 1822 ἔγνωσαν
2673 1743 2760 1802 τὸν
2796 1742 3049 1818 Πατέρα,
3085 1739 3205 1799 οὐδὲ
3239 1738 3358 1814 ἐμέ.
3410 1737 3574 1798 Ἀλλὰ
3599 1745 3774 1798 ταῦτα

2181 1837 2357 1896 πάντα
2401 1833 2678 1904 λελάληκα
2721 1833 2882 1907 ύμῖν,
2927 1827 3016 1889 ἵνα
3062 1828 3189 1889 ὅταν
3221 1829 3350 1909 ἔλθῃ
3395 1825 3511 1909 ὥρα
3563 1852 3778 1908 μνημο-

477 1931 614 1987 mini
633 1947 853 2001 eorum,
880 1931 1028 2004 quod
1053 1947 1154 2006 ego
1181 1931 1415 1988 dixerim
1439 1930 1616 1989 vobis.
1647 1953 1674 1980 ν
1698 1931 1848 2000 Dixi,
1871 1931 2074 2003 inquit,

2182 1924 2383 1999 νεύητε,
2405 1919 2486 1982 ὅτι
2499 1921 2604 2003 ἐγὼ
2622 1911 2769 1981 εἷπον
2789 1923 2934 1996 ὑμῖν.
2958 1945 3107 1974 υ-σι
3128 1907 3435 1996 Ἐλάλνήσα,
3449 1907 3635 1998 Ὗφησὶν,
3652 1907 3778 1996 ὖίμῖν

478 2021 633 2078 vobis
653 2021 771 2078 haec
809 2021 1129 2094 priusquam
1172 2020 1388 2089 ﬁerent,
1424 2043 1451 2070 α
1483 2029 1546 2078 ut
1573 2035 1643 2078 ne
1679 2026 1868 2092 postea
1897 2017 2076 2076 offen-

478 2110 695 2167 damini
725 2133 752 2160 ιι
779 2127 909 2166 cum
933 2108 1184 2166 videritis
1217 2110 1426 2167 multos
1471 2125 1583 2166 non
1625 2109 1870 2179 credere,
1902 2117 1958 2164 et
1985 2124 2080 2165 vos

481 2199 658 2255 multa
673 2214 866 2271 aspera
881 2199 1015 2271 pati;
1035 2199 1133 2255 sed
1149 2199 1391 2272 cogitate
1409 2198 1560 2272 quod
1584 2199 1752 2256 etiam
1782 2206 2077 2271 antequam

480 2287 687 2344 factum
716 2287 808 2357 sit,
850 2287 1082 2345 dixerim
1109 2287 1283 2344 vobis.
1317 2289 1586 2362 Suscipite
1624 2287 1852 2361 posthac
1897 2305 1929 2344 a
1983 2304 2076 2345 me

477 2377 933 2447 consolationem,
988 2377 1136 2451 quod
1178 2393 1356 2451 neque
1403 2378 1458 2434 in
1503 2377 1612 2435 hoc
1656 2377 1930 2451 decipiam
1954 2393 2075 2448 vos,

476 2468 619 2523 sicut
668 2483 844 2540 neque
897 2466 953 2522 in
1003 2466 1358 2538 praedictione
1414 2467 1757 2540 passionum.
1817 2469 1965 2524 Nam
2022 2475 2078 2523 et

483 2579 509 2604 «
551 2555 766 2629 absque
817 2557 1110 2630 synagogis
1155 2555 1364 2614 facient
1405 2572 1527 2627 vos,
1570 2579 1596 2607 ιι
1625 2565 1681 2614 et
1713 2555 2012 2614 excludent
2045 2571 2075 2613 a

479 2645 728 2702 conciliis
756 2645 1112 2718 honestisque
1139 2645 1570 2714 conditionibus,
1600 2655 1656 2704 et
1699 2647 1757 2703 in
1781 2662 2000 2704 summa
2045 2661 2077 2703 a

479 2751 578 2792 sua
616 2735 1015 2792 communione
1059 2735 1408 2807 separabant.
1453 2736 1671 2794 Etenim
1704 2736 1825 2809 jam
1853 2735 2075 2809 conspi-

479 2831 751 2892 raverant,
782 2822 932 2895 quod
957 2824 1003 2880 si
1029 2825 1152 2897 quis
1180 2825 1538 2882 confiteretur
1586 2825 1886 2894 Christum,
1911 2826 2077 2898 ejice-

477 2921 630 2969 retur
660 2929 693 2970 a
717 2915 1004 2986 Synagoga
1029 2912 1100 2968 ⁸6.
1139 2915 1267 2970 Non
1295 2915 1481 2971 solum
1510 2923 1700 2971 autem
1728 2930 1760 2971 a
1785 2916 2074 2988 Synagoga

479 3018 577 3059 vos
608 3001 816 3058 alienos
839 3000 1060 3072 facient,
1086 3002 1185 3060 sed
1211 3011 1268 3059 et
1291 3012 1472 3061 morte
1507 3003 1755 3076 punient,
1789 3013 2076 3078 morteque

477 3091 1025 3164 ignominiosissima,
1062 3100 1256 3164 utpote
1279 3109 1382 3150 ceu
1413 3094 1768 3166 perniciosos,
1799 3102 1855 3151 et
1882 3103 1946 3151 ut
1966 3095 2072 3151 ini-

477 3181 652 3238 micos
678 3181 784 3238 Dei
808 3180 1058 3238 occident
1085 3198 1202 3238 vos.
1239 3184 1309 3238 Et
1335 3183 1519 3240 omnis
1542 3183 1635 3256 qui
1667 3182 1927 3240 occiderit
1953 3201 2072 3254 vos,

2181 2020 2348 2074 ταῦτα
2375 2041 2398 2068 ν
2425 2011 2531 2091 πρὸ
2557 2016 2649 2070 τοῦ
2679 2010 2956 2090 γενέσθαι,
2998 2036 3024 2063 π
3055 2009 3143 2067 ἵνα
3183 2008 3262 2087 μὴ
3294 2009 3721 2082 σκανδαλισθῆτε
3748 2038 3771 2063 ιι

2183 2104 2434 2183 ὕστερον,
2464 2099 2590 2161 ὅταν
2631 2101 2779 2174 ἴδητε
2812 2098 3037 2169 πολλοὺς
3081 2101 3434 2166 ἀπειθοῦντας
3455 2145 3471 2176 ,
3501 2097 3594 2158 καὶ
3633 2100 3781 2158 δεινὰ

2182 2195 2490 2274 πάσχοντας
2549 2195 2691 2269 ὑμᾶς
2745 2189 2946 2256 αὐτούς’
3001 2189 3139 2274 ἀ).λρ
3188 2188 3654 2268 ἀναλογιζόμενοι,
3703 2191 3785 2248 ὅτι

2182 2284 2274 2344 καὶ
2296 2269 2404 2365 πρὸ
2431 2286 2523 2342 τοῦ
2551 2280 2796 2361 γενέσθαι
2831 2286 3030 2355 ταῦτα,
3075 2269 3221 2339 εἶπον
3265 2281 3390 2354 ὑμῖν
3411 2326 3427 2355 ,
3476 2280 3786 2360 προσδέχη-

2183 2379 2274 2433 σοε
2328 2370 2512 2432 λοιπὸν
2555 2369 2648 2430 καὶ
2697 2369 2792 2443 τὴν
2840 2373 2970 2450 παρ’
3015 2371 3145 2447 ἐμοῦ
3185 2369 3562 2450 παράκλησιν,
3610 2372 3683 2438 ὡς
3726 2371 3785 2430 οὗ

2184 2461 2558 2543 διαψεύσοντος
2605 2463 2745 2537 ὑμᾶς
2774 2461 2882 2519 οὐδ’
2913 2461 2969 2518 ἐν
3010 2457 3180 2542 τούτῳ
3205 2505 3222 2533 ,
3249 2457 3432 2539 ὥσπερ
3478 2460 3590 2520 οὐδ’
3625 2461 3682 2518 ἐν
3717 2464 3781 2540 τῇ

2181 2550 2304 2632 περὶ
2333 2554 2438 2610 τῶν
2468 2551 2649 2610 δεινῶν
2678 2548 3094 2631 προαγορεύσει.
3157 2548 3270 2610 Καὶ
3312 2547 3417 2630 γὰρ
3453 2575 3479 2603 α
3514 2551 3784 2610 ἀποσυνα-

2181 2640 2381 2721 γώγους
2411 2638 2721 2712 ποιήσουσιν
2751 2642 2890 2717 ὑμᾶς
2909 2693 2923 2716 ,
2953 2667 2976 2692 ιν
3016 2639 3235 2698 καὶτῶν
3264 2641 3395 2719 παρ’
3430 2641 3609 2706 αὐτοῖς
3648 2662 3781 2698 συν-

2184 2730 2400 2811 εδρίων,
2429 2729 2523 2789 καὶ
2566 2727 2810 2802 ἐνδόξων,
2838 2728 2930 2788 καὶ
2975 2727 3109 2796 ὅλως
3153 2732 3247 2801 τῆς
3293 2733 3469 2789 αὐτῶν
3505 2729 3785 2796 κοινωνίας

2183 2820 2544 2902 ἀφορίσουσιν.
2587 2816 2738 2890 Ἤδη
2767 2819 2870 2898 γὰρ
2901 2817 3172 2879 συνέθεντο
3193 2863 3208 2893 ,
3250 2816 3334 2878 ὅτι
3354 2862 3370 2893 ,
3400 2819 3490 2878 ἐάν
3516 2842 3598 2886 τις
3645 2822 3786 2896 ὁμο·

2180 2909 2386 2988 λογήσῃ
2441 2909 2530 2968 τὸν
2581 2907 2837 2988 Χριστὸν,
2896 2909 3312 2989 ἀποσυνάγωγος
3364 2909 3603 2990 γένηται.
3697 2911 3783 2970 Οὐ

2183 2999 2337 3076 μόνον
2386 2997 2442 3058 δὲ
2486 3003 2670 3072 τοῦτο,
2719 2997 2782 3056 τὸ
2822 2998 3263 3077 ἀποσυναγώγους
3291 3001 3431 3074 ὑμᾶς
3471 2997 3764 3077 γενέσθαι,

2183 3089 2318 3149 ἀλλὰ
2343 3088 2433 3148 καὶ
2461 3087 2685 3147 θάνατον
2715 3088 3102 3168 προσδέχεσθε,
3136 3091 3227 3149 καὶ
3258 3089 3484 3147 θάνατον
3513 3089 3782 3149 ἐπονείδι-

2183 3201 2322 3238 στον·
2379 3181 2450 3246 ὡς
2519 3176 2622 3257 γὰρ
2686 3177 2962 3256 λυμεῶνας
3011 3177 3129 3237 ικαὶ
3206 3176 3425 3258 ἐχθροὺς
3478 3183 3574 3238 τοῦ
3638 3180 3786 3240 Θεοῦ

479 3278 637 3327 tanto
663 3270 845 3328 studio
872 3271 1105 3340 occidet,
1136 3280 1201 3327 ut
1223 3295 1249 3321 α
1278 3271 1528 3330 videatur
1557 3277 1678 3330 Deo
1698 3274 1907 3330 cultum
1927 3290 2071 3347 prte-

2190 3270 2563 3328 ἀποκτενοῦσιν
2593 3269 2753 3344 ὑμᾶς.
2814 3267 2925 3329 Καὶ
2964 3277 3068 3336 πᾶς
3114 3271 3143 3326 ὁ
3173 3267 3403 3348 φονεύων
3454 3270 3594 3345 tua;
3645 3269 3786 3330 οὕτω

482 3367 647 3429 stare,
678 3383 704 3409 ιο
731 3359 838 3417 hoc
854 3368 961 3429 est,
991 3361 1207 3432 putabit
1221 3377 1280 3418 se
1305 3377 1424 3419 rem
1441 3361 1588 3434 piam
1615 3366 1842 3435 Deoque
1859 3373 2077 3436 gratam

480 3448 780 3506 facturum.
803 3449 1005 3506 Subdit
1031 3459 1219 3508 autem
1267 3452 1728 3521 consolationem,
1766 3469 1890 3525 quae
1921 3454 2076 3511 sufﬁ-

478 3554 604 3595 cere
633 3547 798 3612 queat
828 3558 842 3592 :
905 3563 930 3588 ι
951 3542 1085 3597 Haec
1110 3541 1295 3612 (enim,
1343 3541 1540 3614 inquit,
1568 3542 1773 3599 facient
1800 3543 1926 3616 quia
1963 3560 2077 3601 non

478 3636 752 3684 noverunt
775 3631 1018 3697 Patrem,
1059 3645 1236 3702 neque
1268 3647 1378 3688 me.
1417 3655 1443 3681 ν
1488 3634 1724 3704 Propter
1770 3648 1862 3689 me
1907 3634 2076 3704 enim,

478 3717 677 3788 inquit,
707 3725 763 3774 et
816 3721 1035 3776 Patrem
1084 3720 1203 3777 haec
1231 3721 1541 3792 patiemini,
1588 3721 1751 3795 igitur
1789 3724 2073 3780 sustinete.

481 3807 650 3878 718
695 3831 722 3857 σι
761 3808 914 3865 Beati
953 3809 1096 3866 enim
1141 3810 1294 3867 eritis
1331 3827 1462 3867 cum
1507 3812 1981 3883 exprobraverint,
2023 3821 2080 3869 et

481 3897 747 3968 persecuti
770 3913 868 3954 vos
895 3897 1123 3968 fuerint,
1166 3909 1224 3957 et
1259 3900 1499 3958 dixerint
1518 3917 1684 3959 omne
1709 3903 1924 3959 malum
1950 3917 2077 3959 ver-

479 3985 616 4041 bum
633 3993 826 4042 contra
844 4002 963 4056 vos,
979 3989 1316 4045 mentientes
1326 3999 1549 4062 propter
1567 4006 1675 4048 me.
1708 4014 1735 4040 ιι
1756 3994 1892 4047 Haec
1906 3991 2080 4048 beati-

479 4073 614 4129 tudo
640 4082 817 4131 vestra
845 4075 920 4131 sit
967 4075 1290 4146 consolatio,
1331 4094 1462 4134 cum
1489 4078 1608 4151 ejus
1633 4078 1848 4136 fueritis
1891 4096 2076 4136 recor-

479 4162 615 4218 dati.
645 4185 670 4211 α
699 4166 837 4220 Haec
863 4171 1048 4220 autem
1079 4164 1299 4222 locutus
1330 4181 1456 4223 sum
1496 4167 1672 4236 vobis,
1707 4191 1734 4218 ι
1765 4177 1827 4224 ιιι
1853 4169 2077 4242 quando

481 4249 721 4307 videritis
771 4253 1000 4309 molesta
1041 4253 1132 4309 illa
1161 4255 1424 4325 evenisse,
1475 4258 1714 4314 credatis
1759 4266 1816 4314 et
1841 4258 1914 4315 de
1955 4259 2078 4316 reli-

479 4339 620 4412 quis.
653 4343 784 4398 Non
813 4342 967 4399 enim
995 4343 1245 4415 poteritis
1272 4345 1455 4403 dicere
1485 4346 1638 4419 quod
1657 4346 1903 4421 jucunda
1932 4365 2074 4421 prm-

478 4429 710 4486 dixerim
741 4431 914 4498 vobis,
941 4431 1219 4505 decipere,
1244 4450 1343 4491 vos
1387 4435 1632 4508 cupiens.
1678 4439 1883 4494 Verum
1931 4439 2076 4496 sicut

481 4520 818 4577 annuntians
845 4521 1022 4579 tristia
1044 4539 1157 4579 non
1179 4523 1390 4596 decepi,
1415 4526 1492 4582 ita
1517 4541 1696 4600 neque
1716 4527 1840 4584 laeta
1865 4527 2072 4598 dicens,

2187 3358 2476 3418 σπουδάσει
2531 3356 2654 3437 περὶ
2704 3359 2794 3417 τὸν
2849 3357 3100 3439 ὑμέτερον
3155 3357 3310 3439 φόνον
3337 3401 3353 3432 ,
3409 3355 3548 3417 ὥστε
3590 3382 3620 3417 (ι
3648 3359 3787 3430 δόξει

2185 3448 2435 3528 λατρείαν
2464 3449 2780 3530 προσφέρειν
2823 3452 2898 3528 τῷ
2943 3450 3089 3530 Θεῷ
3123 3473 3154 3506 ν»
3191 3448 3470 3522 τουτέστι,
3501 3448 3787 3530 θεάρεστον

2187 3539 2337 3617 ἔργον
2379 3538 2586 3616 νομίσει
2639 3537 2728 3596 καὶ
2792 3537 3004 3606 εὐσεϐὲς
3066 3536 3473 3620 διαπράξασθαι.
3560 3539 3788 3620 Ἐπάγει

2186 3629 2241 3687 δὲ
2291 3628 2384 3688 καὶ
2427 3627 2526 3701 τὴν
2555 3626 2896 3710 παραμυθίαν
2966 3632 3254 3709 ἀρκοῦσαν.
3327 3651 3358 3688 α
3399 3632 3591 3691 Ταῦτα
3642 3631 3788 3713 γὰρ,

2186 3718 2345 3796 φησὶ,
2385 3717 2727 3793 ποιήσουσιν,
2777 3717 2858 3778 ὅτι
2891 3720 2989 3778 οὐκ
3021 3717 3196 3779 οἴδασι
3229 3717 3323 3778 τὸν
3361 3719 3591 3798 Πατέρα
3615 3766 3632 3796 ,
3664 3722 3786 3780 οὐδὲ

2187 3809 2302 3884 ἐμέ.
2337 3831 2366 3866 ι)
2406 3809 2494 3869 Δι’
2526 3807 2620 3888 ἐμὲ
2649 3806 2774 3888 γὰρ,
2819 3810 2984 3888 φησὶ,
3023 3809 3116 3868 καὶ
3172 3809 3258 3868 τὸν
3299 3808 3556 3890 Πατέρα,
3615 3815 3785 3871 ταῦτα

2185 3899 2370 3957 παθεῖν
2418 3900 2655 3975 μέλλετε·
2703 3902 2887 3958 οὐκοῦν
2943 3898 3255 3976 ὑπομένετε.
3309 3922 3337 3956 α
3366 3899 3638 3979 Μακάριοι
3681 3901 3788 3981 γάρ

2187 3989 2337 4061 ἐστε,
2383 3985 2510 4046 ὅταν
2559 3986 2890 4048 ὀνειδίσωσιν
2930 3992 3098 4066 ὑμᾶς,
3140 3989 3232 4049 καὶ
3264 3987 3527 4068 διώξωσι,
3561 3989 3652 4048 καὶ
3708 3991 3790 4050 εἴ·-

2185 4099 2326 4135 πωσι
2355 4085 2460 4134 πᾶν
2487 4076 2718 4155 πονηρὸν
2748 4080 2894 4157 ῥῆμα
2931 4077 3048 4137 καθ’
3085 4082 3236 4154 ὑμῶν
3267 4077 3580 4159 ψευδόμενοι
3610 4079 3789 4140 ἕνεκεν

2188 4168 2340 4242 ἐμοῦ.
2387 4188 2416 4223 α
2445 4156 2615 4233 Οὗτος
2643 4169 2671 4224 ὁ
2702 4156 3038 4246 μακαρισμὸς
3079 4156 3415 4246 παράκλησις
3437 4156 3584 4246 γῦμῐν
3614 4170 3772 4245 ἔστω,

2193 4254 2744 4333 ἀναμιμνῃσκομένοις
2768 4256 2927 4315 αὐτά.
2958 4279 2988 4316 (ι
3007 4259 3196 4318 Ταῦτα
3217 4255 3272 4316 δὲ
3297 4257 3574 4332 λελάληκα
3593 4259 3740 4337 finiit,
3765 4287 3786 4314 ι

2188 4343 2277 4402 ἵνα
2327 4345 2537 4404 ἐπειδὰν
2587 4343 2735 4420 ἴδητε
2777 4345 2847 4405 τὰ
2901 4347 3189 4427 σκυθρωπὰ
3239 4345 3508 4427 ἐκϐάντα,
3558 4349 3783 4408 πιστεύ-

2188 4456 2316 4505 σητε
2344 4434 2436 4493 καὶ
2479 4433 2600 4514 περὶ
2635 4438 2739 4494 τῶν
2775 4439 2998 4496 λοιπῶν.
3055 4439 3137 4497 Οὖ
3163 4434 3268 4518 γὰρ
3297 4435 3439 4505 ἕξετε
3471 4439 3669 4513 εἰπεῖν,
3702 4439 3785 4498 ὅτι

2187 4521 2256 4580 τὰ
2285 4523 2579 4604 εὖφρόσυνα
2622 4531 2872 4602 προεῖπον
2921 4528 3076 4601 ὑμῖν,
3111 4524 3386 4607 ἐξαπατᾷν
3418 4525 3582 4586 θέλων
3619 4530 3783 4605 ὁμᾶςι

482 4607 733 4682 indignus
752 4610 860 4668 ﬁde
885 4609 1109 4669 fuerim.
1145 4616 1375 4687 Insuper
1404 4623 1466 4671 ut
1491 4631 1562 4672 ne
1588 4616 1707 4673 sitis
1730 4618 1915 4674 minus
1940 4634 2074 4691 pra:-

2191 4615 2306 4672 ἀλλ’
2357 4601 2541 4694 ὥσπερ
2569 4614 2637 4674 τὰ
2669 4601 2898 4694 λυπηρᾶ
2945 4601 3345 4695 προαγγείλας,
3390 4618 3448 4676 οὖ
3491 4601 3783 4698 διεψευσά-

481 4699 679 4769 parati,
702 4700 799 4756 sed
825 4700 1101 4770 instructi,
1131 4704 1502 4762 recordemini
1527 4705 1680 4779 quod
1711 4723 1814 4780 ego
1840 4707 1996 4765 vobis
2014 4724 2075 4766 ea

477 4787 733 4860 dixerim,
765 4797 822 4846 et
839 4789 1045 4849 idcirco
1081 4792 1236 4851 stetis
1255 4791 1476 4852 fertiter
1494 4803 1688 4853 contra
1715 4796 1962 4856 adversa.

548 5057 726 5116 Vsns.
759 5063 870 5115 6-7.
906 5081 932 5109 α
963 5063 1098 5118 Haec
1136 5071 1325 5120 autem
1349 5063 1504 5121 vobis
1522 5065 1592 5121 ab
1615 5065 1770 5123 initio
1797 5082 1910 5124 non
1939 5067 2072 5137 dixi,

474 5147 603 5220 quia
623 5149 912 5206 vobiscum
939 5167 1112 5208 eram.
1146 5154 1306 5210 Nunc
1334 5162 1524 5211 autem
1549 5154 1688 5212 vado
1715 5154 1788 5212 ad
1815 5172 1945 5213 eum
1974 5158 2072 5230 qui

475 5238 627 5295 misit
652 5254 764 5296 me.
799 5242 872 5297 Et
895 5255 1063 5298 nemo
1091 5257 1159 5298 ex
1187 5242 1346 5299 vobis
1373 5243 1681 5317 interrogat
1708 5261 1798 5302 me
1843 5262 1952 5319 quo
1977 5263 2070 5304 va-

471 5326 600 5382 dam
627 5346 642 5384 :
671 5329 767 5386 sed
792 5331 920 5402 quia
950 5330 1073 5387 haec
1110 5332 1326 5389 locutus
1370 5347 1497 5389 sum
1523 5333 1700 5403 vobis,
1745 5336 2070 5393 moestitudo

474 5415 716 5486 implevit
740 5435 837 5476 cor
864 5429 1128 5478 vestrum.
1159 5421 1267 5479 Sed
1293 5437 1394 5494 ego
1417 5423 1707 5480 veritatem
1734 5423 1860 5482 dico
1884 5425 2068 5496 vobis;

475 5504 697 5576 expedit
730 5509 887 5565 vobis
930 5519 992 5567 ut
1035 5526 1138 5583 ego
1179 5511 1397 5569 vadam.
1452 5512 1510 5569 Si
1550 5513 1698 5570 enim
1718 5531 1834 5571 non
1859 5515 2066 5585 abiero,

471 5595 786 5654 Paracletus
821 5612 934 5656 non
959 5599 1138 5657 veniet
1158 5599 1231 5659 ad
1259 5616 1373 5661 vos.
1402 5601 1459 5659 Si
1484 5611 1675 5662 autem
1703 5604 1912 5676 abiero,
1940 5606 2069 5664 mit-

538 5719 584 5756 ⁸⁸
617 5720 778 5779 Joan.
807 5736 900 5795 ιι,
927 5729 1019 5781 22.

2187 4726 2330 4778 μην,
2375 4700 2543 4771 οὕτως
2587 4702 2703 4762 οὐδὲ
2749 4703 2817 4762 τὰ
2867 4704 3160 4785 εὖφρόσυνα
3204 4704 3401 4778 εἰπὼν,
3445 4707 3786 4768 ἀπιστεῖσθαι

2187 4791 2342 4860 ἄξιος·
2373 4791 2465 4850 καὶ
2496 4791 2613 4869 ἅμα
2655 4791 2739 4851 ἵνα
2773 4790 2847 4871 μὴ
2883 4795 3253 4875 ἀπαράσκευοι
3299 4787 3430 4873 ἦτε,
3471 4797 3593 4855 ἀλλ’
3637 4795 3783 4858 ἕτοι-

2186 4904 2310 4957 μοι,
2361 4879 2777 4958 μνημονεύοντες
2824 4881 2904 4942 ὅτι
2951 4874 3056 4964 ἐγὼ
3101 4874 3247 4944 εἷπον
3287 4887 3410 4963 ὑμῖν
3439 4890 3611 4944 ταῦτα
3632 4931 3648 4964 ,
3691 4884 3787 4946 καὶ

2183 4969 2270 5030 διὰ
2302 4975 2459 5030 τοῦτο
2483 4971 2757 5048 ἱστάμενοι
2785 4972 3037 5050 γενναίως
3065 4974 3199 5056 πρὸς
3219 4977 3288 5034 τὰ
3313 4976 3548 5056 λυπηρά.

2264 5063 2498 5123 «Ταῦτα
2529 5060 2585 5120 δὲ
2611 5065 2735 5139 ὑμῖν
2767 5061 2819 5131 ἐξ
2849 5065 3018 5143 ἀρχῆς
3043 5055 3138 5125 οὐκ
3169 5055 3342 5139 εἷπον,
3377 5055 3598 5144 ὅτιμεθ’
3623 5069 3776 5146 ὑμῶν

2181 5149 2347 5226 ἤμην·
2375 5155 2470 5209 νῦν
2500 5149 2556 5210 δὲ
2584 5151 2776 5229 ὓπάγω
2804 5152 2934 5233 πρὸς
2960 5155 3049 5212 τὸν
3078 5154 3368 5235 πέμψαντά
3401 5179 3469 5232 με
3491 5199 3508 5230 ,
3542 5159 3636 5217 καὶ
3668 5160 3775 5217 οὗ-

2178 5241 2283 5306 δεὶς
2305 5239 2354 5310 ἐξ
2385 5243 2533 5318 ὑμῶν
2565 5243 2736 5322 ἐρωτᾶ
2765 5265 2850 5319 με·
2883 5245 3000 5302 Ποῦ
3030 5244 3284 5324 ὑπάγεις,
3316 5244 3460 5306 Ἀλλ’
3490 5245 3571 5306 ὅτι
3595 5252 3765 5308 ταῦτα

2178 5330 2448 5419 λελάληκα
2477 5331 2634 5408 ὑμῖν,
2665 5336 2700 5404 ἡ
2734 5331 2874 5406 λύπη
2921 5333 3274 5414 πεπλήρωκεν
3321 5338 3470 5412 ὑμῶν
3518 5338 3616 5412 τὴν
3645 5361 3781 5419 καρ·

2179 5419 2316 5482 δίαν.
2350 5418 2491 5479 Ἀλλ’
2527 5420 2634 5499 ἐγὼ
2665 5419 2762 5492 τὴν
2814 5420 3065 5495 ἀλήθειαν
3121 5423 3261 5504 λέγω
3315 5430 3457 5502 ὑμῖν⁸
3521 5418 3782 5508 συμφέρει

2180 5512 2335 5587 ὑμῖν,
2385 5508 2473 5567 ἵνα
2521 5508 2627 5589 ἐγὼ
2661 5510 2895 5574 ἀπέλθω.
2944 5511 3074 5574 Ἐὰν
3121 5515 3225 5596 γὰρ
3263 5514 3369 5595 ἐγὼ
3398 5515 3476 5595 μὴ
3516 5517 3772 5589 ἀπέλθω,

2178 5602 2206 5658 ὅ
2255 5599 2610 5681 Παράκλητος
2677 5603 2769 5663 οὐκ
2817 5601 3088 5665 ἐλεύσεται
3147 5605 3277 5687 πρὸς
3343 5609 3499 5686 ὑμᾶς·
3559 5607 3649 5666 ἐὰν
3715 5606 3772 5673 δὲ
