4128 6430
470 437 565 490 2H

1496 419 2011 482 THEOPHYLACTI
2049 419 2408 480 BULGARUE
2446 420 2758 479 ARCHIEP.

3668 425 3771 479 212

469 557 666 619 debitis
691 570 784 614 me
815 573 830 613 :
861 553 934 613 de
974 553 1208 629 judicio,
1251 551 1380 627 quia
1406 550 1657 624 princeps
1681 548 1846 624 hujus
1869 546 2060 606 mundi

2176 550 2272 608 οὐκ
2315 548 2395 608 ἔτι
2432 547 2676 630 θεωρεῖτέ
2724 570 2808 627 με·
2857 545 2980 626 περὶ
3028 544 3083 606 δὲ
3113 545 3370 626 κρίσεως,
3413 545 3494 605 ὅτι
3526 549 3554 606 ὁ
3591 546 3770 629 ἄρχων

459 651 582 726 jam
605 647 880 722 judicatus
907 653 1011 703 est.
1039 668 1066 696 ι›
1097 643 1298 703 Veniet
1335 641 1672 711 Paracletus,
1710 648 1767 698 et
1788 654 1911 713 quae
1940 637 2065 695 inde

469 737 710 797 utilitas?
759 761 786 788 ι
831 740 1060 809 Arguct,
1091 733 1288 808 inquit,
1331 731 1604 789 mundum
1647 730 1716 789 de
1762 737 2003 804 peccato,
2037 751 2062 778 υ

468 839 524 888 et
573 827 832 887 ostendet
894 841 990 884 eos
1039 832 1374 899 peccatores,
1437 822 1566 895 quia
1639 836 1754 878 non
1809 819 2064 876 credunt.

466 918 706 992 Quando
751 917 900 975 enim
951 915 1185 973 viderint
1211 930 1310 988 per
1355 927 1556 970 manus
1583 911 1979 984 discipulorum
2007 909 2066 965 in

468 1010 677 1083 Spiritu
706 1007 923 1081 egregia
951 1005 1104 1079 signa
1149 1012 1206 1062 et
1248 1002 1493 1078 prodigia
1522 1001 1662 1070 ﬁeri,
1701 1009 1756 1058 et
1781 1015 1960 1074 neque
1987 999 2066 1056 sic

467 1099 714 1169 credent,
736 1096 1025 1172 quomodo
1049 1112 1162 1153 non
1189 1093 1659 1153 condemnatione
1673 1092 1845 1166 digni,
1873 1100 1928 1148 et
1949 1106 2065 1164 pec-

469 1199 592 1248 cato
620 1188 862 1246 maximo
908 1187 1171 1244 obnoxii?
1209 1188 1354 1243 Nam
1382 1201 1530 1242 nunc
1571 1183 1792 1258 quidem
1835 1190 2067 1255 possunt

468 1280 651 1338 dicere
699 1277 846 1352 quod
895 1275 1038 1334 fabri
1088 1276 1235 1333 ﬁlius
1284 1276 1412 1345 sim,
1471 1282 1525 1331 et
1575 1273 1802 1330 humilis
1849 1273 2064 1340 matris,

467 1369 722 1444 quamvis
748 1383 848 1442 ego
876 1367 1138 1424 miracula
1188 1365 1391 1422 faciam
1423 1387 1437 1422 :
1485 1371 1623 1420 tunc
1649 1371 1834 1420 autem
1881 1362 2062 1419 incre-

467 1459 669 1518 dulitas
691 1457 842 1516 omni
869 1457 1078 1514 carebit
1112 1455 1485 1521 excusatione,
1513 1453 1721 1527 Spiritu
1753 1453 1810 1510 in
1834 1452 2064 1509 nomine

465 1563 593 1607 meo
631 1548 759 1605 talia
801 1546 1133 1621 perficiente.
1183 1547 1373 1617 Itaque
1423 1567 1451 1595 α
1483 1542 1553 1601 de
1603 1550 1826 1616 peccato
1873 1565 1899 1592 υ
1943 1541 2065 1599 illos

469 1661 496 1690 α
537 1648 748 1713 arguet,
794 1661 822 1689 ι
881 1637 988 1694 hoc
1039 1645 1142 1707 est,
1197 1634 1453 1693 ostendet
1506 1649 1604 1692 eos
1640 1633 1846 1707 absque
1903 1633 2061 1690 venia

463 1745 710 1804 peccare.
741 1752 766 1778 α
799 1731 871 1785 Et
897 1727 966 1785 de
986 1726 1226 1800 justitia,
1257 1749 1283 1775 ι
1311 1740 1533 1799 quoque
1567 1748 1592 1774 α
1625 1732 1841 1798 arguet,
1871 1747 1898 1773 υ
1935 1723 2062 1798 quia

463 1835 564 1893 ego
593 1819 664 1876 ad
691 1822 911 1876 Patrem
956 1832 1144 1874 meum
1192 1815 1351 1886 vado,
1399 1815 1505 1872 hoc
1553 1823 1654 1885 est,
1687 1813 1939 1872 ostendet
1982 1816 2062 1871 eis

2173 647 2266 700 τοῦ
2317 638 2522 718 κόσμου
2567 638 2752 699 τούτου
2801 637 3066 718 κέκριται.
3115 657 3146 695 n
3207 634 3528 698 Ἐλεύσεται
3574 640 3604 697 ὁ
3653 641 3773 699 Πα-

2178 728 2469 808 ράκλητος,
2513 733 2606 790 καὶ
2651 727 2702 788 τί
2731 728 2790 787 τὸ
2841 726 3052 810 κέρδος
3110 749 3140 784 σ
3167 725 3427 805 Ἐλέγξει,
3477 726 3638 808 φησὶ,
3680 728 3770 786 τὸν

2175 819 2374 897 κόσμον
2422 820 2545 901 περὶ
2596 817 2894 899 ἁμαρτίας,
2927 845 2952 872 υ
3007 816 3099 876 καὶ
3150 814 3307 885 δείξει
3351 815 3539 884 αὖτοὺς
3591 816 3770 898 ἅμαρ-

2174 907 2393 983 τωλοὺς,
2423 909 2504 969 ὅτι
2532 913 2591 970 οὗ
2621 909 2978 968 πιστεύουσιν.
3012 906 3191 967 Ὅταν
3223 907 3327 987 γὰρ
3355 903 3512 965 ἴδωσι
3545 906 3633 965 διὰ
3659 909 3770 966 τῶν

2173 1003 2366 1081 χειρῶν
2401 1004 2504 1059 τῶν
2539 1001 2792 1077 μαθητῶν
2841 1000 2894 1056 ἐν
2947 996 3229 1075 Πνεύματι
3273 1004 3472 1073 σημεῖα
3515 995 3726 1066 ἐξαίσια
3751 1043 3767 1075 ,

2174 1089 2266 1148 καὶ
2288 1089 2485 1171 τέρατα
2515 1088 2794 1168 γινόμενα,
2823 1085 2916 1146 καὶ
2945 1085 3062 1147 οὐδὲ
3097 1084 3235 1147 οὕτω
3263 1085 3589 1146 πιστεύσωσι
3607 1131 3625 1163 ,
3656 1088 3771 1154 πῶς

2175 1183 2232 1241 οὖ
2262 1179 2627 1260 κατακρίσεως
2671 1177 2824 1250 ἄξιοι,
2871 1175 2964 1236 καὶ
3005 1175 3249 1256 ἁμαρτίᾳ
3289 1174 3518 1254 μεγίστῃ
3551 1175 3763 1256 ἔνοχοι;

2226 1275 2286 1330 ῢν
2325 1269 2420 1348 μὲν
2465 1268 2568 1352 γὰρ
2599 1268 2782 1350 ἔχουσι
2824 1266 3036 1348 λέγειν,
3079 1265 3161 1326 ὅτι
3198 1264 3436 1332 τέκτονός
3475 1267 3586 1342 εἰμι
3625 1267 3769 1343 υῖὸς,

2173 1360 2254 1421 ὅτι
2305 1362 2544 1428 εὖτελοῦς
2583 1358 2815 1440 μητρὸς,
2845 1357 3021 1418 καίτοι
3063 1355 3157 1416 καὶ
3201 1355 3452 1432 θαύματα
3495 1357 3770 1426 ποιοῦντός

2174 1472 2292 1530 μου·
2339 1449 2458 1510 τότε
2497 1449 2552 1509 δὲ
2585 1445 2980 1528 ἀπροφάσιστος
3030 1445 3181 1506 ἔσται
3210 1445 3386 1513 αὖτοῖς
3427 1449 3462 1518 ἡ
3497 1446 3722 1506 ἀπιστία
3744 1495 3761 1521 ,

2171 1546 2263 1602 τοῦ
2311 1539 2628 1618 Πνεύματος
2676 1539 2729 1596 ἐν
2777 1540 2855 1618 τῷ
2900 1535 3122 1618 ὀνόματί
3173 1558 3276 1612 μου
3319 1538 3542 1595 τοιαῦτα
3583 1539 3770 1596 ἐπιτε-

2169 1634 2400 1698 λοῦντος.
2454 1617 2478 1683 ιι
2510 1627 2648 1709 Περὶ
2682 1617 2948 1708 ἁμαρτίας
2973 1653 2997 1678 ιι
3045 1617 3135 1686 οῦν
3186 1622 3375 1693 αὐτοὺς
3421 1651 3445 1678 α
3474 1624 3691 1706 ἐλέγξειε
3723 1649 3754 1685 ι)

2171 1720 2441 1794 τουτέστι,
2499 1717 2654 1787 δείξει
2707 1714 2894 1783 αὐτοὺς
2958 1714 3339 1796 ἡμαρτηκότας
3392 1713 3768 1794 ἄσύγγνωστα.

2181 1834 2209 1870 (ι
2257 1813 2370 1873 Καὶ
2423 1807 2547 1889 περὶ
2601 1806 2933 1878 δικαιοσύνης
2990 1828 3018 1865 ι)
3100 1805 3155 1865 δὲ
3220 1803 3459 1884 ἐλέγξει,
3517 1803 3597 1864 ὅτι
3655 1805 3764 1884 ἐγὼ

462 1908 612 1982 quod
647 1923 770 1982 ego,
811 1923 940 1965 cum
972 1907 1159 1980 justus
1198 1905 1404 1963 fuerim
1443 1914 1500 1962 et
1527 1904 2056 1978 irreprehensibilem

2171 1901 2302 1982 πρὸς
2343 1900 2433 1960 τὸν
2484 1897 2706 1978 Πατέρα
2737 1919 2840 1975 μου
2885 1894 3201 1976 πορεύομαιο
3241 1893 3544 1972 τουτέστιν,
3588 1895 3763 1965 Δείξει

460 1999 667 2072 egerim
696 1999 884 2066 vitam,
938 1997 1142 2070 injuste
1189 1995 1258 2051 ab
1304 1995 1439 2066 ipsis
1482 1994 1696 2051 occisus
1723 1994 1853 2062 sim,
1901 2002 1958 2052 et
2000 1995 2058 2050 in

2170 1991 2375 2064 αὐτοῖς,
2427 1987 2508 2048 ὅτι
2543 1987 2742 2053 δίκαιος
2772 1986 2879 2061 ὢν,
2929 1985 3019 2046 καὶ
3068 1986 3304 2058 ἄληπτον
3354 1985 3767 2067 παρασχόμενος

459 2089 578 2162 ejus
624 2086 894 2144 indicium
937 2085 1010 2142 ad
1054 2087 1277 2141 Patrem
1317 2084 1549 2151 vadam;
1587 2099 1766 2157 neque
1817 2083 1968 2140 enim
2009 2085 2057 2141 si

460 2178 700 2250 injustus
753 2175 1004 2243 fuissem,
1057 2173 1128 2231 ad
1195 2176 1412 2230 Patrem
1484 2173 1872 2231 ascendissem.
1915 2175 2054 2245 Quia

461 2267 611 2324 enim
641 2272 706 2323 ut
751 2264 1127 2322 adversarium
1155 2265 1272 2320 Deo
1319 2270 1376 2319 et
1422 2263 1673 2334 iniquum
1713 2262 2054 2332 occiderunt,

460 2353 730 2413 Ostendet
763 2353 860 2421 eis,
902 2351 1104 2425 inquit,
1133 2351 1385 2424 Spiritus,
1425 2349 1578 2425 quod
1607 2367 1718 2408 non
1755 2353 1863 2409 sim
1910 2353 2052 2410 talis.

458 2449 650 2518 Neque
677 2443 825 2500 enim
853 2442 897 2499 si
927 2441 1274 2499 adversarius
1301 2441 1402 2498 Dei
1431 2440 1680 2511 fuissem,
1709 2441 1853 2515 apud
1874 2443 2056 2501 Deum

455 2537 548 2593 ctl
578 2534 921 2607 egislatorem
988 2531 1134 2589 hunc
1191 2531 1459 2589 honorem
1507 2541 1793 2589 assecutus
1852 2548 2055 2604 essem,

456 2626 837 2698 honoremque
861 2638 977 2680 non
1001 2623 1424 2695 temporarium,
1467 2621 1564 2680 sed
1597 2631 1886 2680 aeternum.
1931 2626 2057 2697 Jam

455 2713 604 2788 quod
631 2714 786 2781 dicit,
822 2735 849 2762 α
892 2712 1132 2769 Posthac
1167 2727 1278 2768 non
1314 2711 1562 2769 videbitis
1589 2728 1699 2783 me,
1732 2736 1760 2763 ιι
1790 2722 2058 2772 aeternam

454 2805 573 2878 ejus
614 2802 757 2875 apud
793 2803 1016 2857 Patrem
1058 2800 1525 2857 conversationem
1555 2801 1890 2860 manifestat.
1919 2827 1944 2855 α
1978 2807 2060 2862 De

449 2892 658 2967 judicio
691 2915 716 2941 ιι
748 2899 935 2948 autem
974 2898 1169 2963 arguet
1195 2904 1312 2957 eos,
1347 2912 1374 2940 ιι
1413 2893 1546 2962 quia
1601 2892 1853 2966 princeps
1894 2894 2060 2968 hujus

461 2981 661 3040 mundi
684 2981 966 3055 judicatus
1009 2988 1117 3052 est,
1159 3003 1186 3030 υ
1213 2979 1323 3036 hoc
1363 2988 1467 3050 est,
1498 2979 1660 3037 etiam
1690 2997 1790 3054 per
1819 2983 1927 3042 hoc
1972 3001 2062 3044 me

455 3073 685 3147 justum,
713 3079 768 3129 et
790 3087 821 3128 a
858 3078 1080 3144 peccato
1121 3070 1428 3126 immunem
1458 3069 1658 3127 iterum
1685 3073 1942 3132 ostendet
1969 3092 2063 3135 me
2092 3092 2136 3157 ρ

456 3164 712 3235 Spiritus,
753 3177 821 3219 eo
850 3159 998 3235 quod
1026 3165 1210 3217 rector
1237 3159 1433 3216 mundi
1481 3175 1511 3216 a
1561 3175 1652 3218 me
1675 3161 1951 3235 judicatus
1979 3177 2066 3225 est

457 3261 516 3310 et
558 3252 758 3310 victus.
790 3251 926 3322 Quia
975 3250 1123 3307 enim
1175 3249 1457 3320 dicebant,
1505 3273 1531 3300 «ι
1582 3252 1930 3312 Daemonium
1961 3257 2063 3314 ha-

457 3343 552 3400 bet
567 3341 618 3380 δδ
645 3365 671 3391 η
694 3349 771 3411 et,
788 3363 813 3390 α
841 3343 902 3396 In
918 3340 1209 3397 Beelzebul
1231 3340 1498 3397 miracula
1514 3338 1642 3398 facit
1658 3341 1729 3410 09,
1755 3366 1781 3392 ιι
1804 3352 1878 3413 et,
1907 3368 1932 3395 α
1955 3349 2062 3404 1m.

456 3439 650 3506 pastor
673 3439 757 3489 est
787 3449 801 3488 :
831 3454 856 3480 υ
886 3433 1021 3488 Haec
1041 3430 1250 3500 omnia,
1282 3430 1484 3504 inquit,
1505 3432 1870 3492 ostendentur
1904 3453 2061 3509 vana,

459 3538 588 3579 cum
618 3521 932 3595 apparuerit
965 3519 1222 3578 diabolus
1251 3521 1752 3593 condemnatus,.et
1777 3534 2061 3585 ostensum

456 3611 623 3668 fuerit
651 3611 931 3668 ominibus
971 3610 1120 3684 quod
1166 3627 1198 3668 a
1227 3626 1318 3668 me
1345 3611 1416 3667 sit
1444 3612 1638 3682 victus,
1678 3613 1732 3671 id
1782 3616 1935 3690 quod
1974 3633 2063 3674 ne-

455 3701 775 3775 quivissem,
815 3701 860 3758 si
905 3716 1021 3758 non
1059 3701 1152 3757 illo
1189 3699 1419 3758 fuissem
1457 3701 1677 3772 fortior,
1709 3713 1765 3761 et
1793 3707 1860 3763 ab
1909 3709 2062 3766 omni

454 3799 676 3864 peccato
704 3791 932 3848 alienus.
961 3790 1259 3863 Quomodo
1283 3791 1390 3848 hoc
1417 3791 1859 3852 demonstratum
1891 3798 2062 3870 720

453 3881 570 3938 est?
620 3885 727 3938 Per
779 3881 1079 3938 adventum
1107 3881 1339 3954 Spiritus
1385 3898 1577 3941 omnes
1608 3885 1701 3957 qui
1747 3885 1979 3942 credunt
2007 3888 2060 3943 in

453 3970 754 4039 Christum,
821 3972 1159 4027 conculcant
1231 3979 1288 4027 et
1354 3980 1718 4030 contemnunt
1789 3984 2061 4033 rectorem

453 4059 672 4116 mundi.
727 4059 898 4116 Unde
963 4059 1096 4116 satis
1141 4067 1510 4117 monstratum
1556 4063 1704 4134 quod
1761 4079 1792 4118 a
1839 4064 2059 4121 Christo

453 4147 858 4205 condemnatus
888 4149 964 4204 sit
986 4147 1164 4204 multo
1199 4157 1382 4205 antea.
1426 4151 1622 4222 Arguit
1647 4166 1780 4225 ergo
1827 4153 2061 4225 Spiritus

453 4253 549 4294 eos
605 4236 697 4310 qui
735 4253 853 4293 non
904 4236 1156 4305 credunt,
1205 4245 1269 4293 ut
1321 4247 1656 4311 peccatores.
1706 4241 1870 4299 Fides
1913 4244 2059 4300 enim

452 4326 714 4400 baptismi
767 4334 991 4399 peccata
1039 4327 1204 4383 olvit
1243 4343 1343 4400 per
1395 4330 1797 4388 remissionem.
1848 4334 2056 4406 Opera-

451 4417 627 4473 tiones
669 4425 852 4472 autem
877 4416 1108 4489 Spiritus
1142 4433 1267 4490 quae
1307 4427 1572 4490 apparent
1617 4421 1672 4476 in
1698 4421 1786 4478 his
1811 4423 1904 4495 qui
1933 4439 2057 4479 cre-

453 4505 728 4574 diderunt,
757 4521 869 4562 non
905 4506 1035 4564 visa:
1063 4515 1196 4564 sunt
1220 4507 1277 4563 in
1298 4507 1389 4564 his
1417 4508 1510 4582 qui
1546 4525 1658 4566 non
1679 4510 2051 4569 crediderunt.

452 4597 614 4652 Unde
642 4595 921 4670 redarguti
949 4604 1082 4653 sunt
1119 4597 1176 4652 in
1220 4613 1349 4653 vasa
1378 4599 1522 4654 mala
1571 4608 1628 4656 et
1679 4601 2052 4676 coinquinata,

450 4683 670 4759 indigna
697 4686 932 4759 Spiritus
959 4685 1327 4760 susceptione.
1354 4690 1425 4744 Et
1448 4688 1602 4746 aliter
1625 4707 1638 4746 :
1665 4693 1864 4763 Arguit
1896 4707 2056 4749 mun-

450 4774 587 4831 dum
626 4775 719 4846 qui
763 4790 876 4831 non
917 4775 1149 4833 credidit
1182 4777 1422 4848 Spiritus
1459 4777 1528 4835 de
1562 4779 1800 4852 justitia,
1841 4781 1946 4838 hoc
1971 4789 2056 4838 est

452 4863 576 4936 quia
633 4864 878 4936 privatus
937 4871 1022 4922 est
1069 4865 1301 4939 justitia,
1352 4867 1480 4939 quia
1549 4884 1663 4926 non
1718 4869 1949 4928 credidit
1997 4872 2054 4927 in

441 4953 658 5026 justum
680 4954 892 5026 Iesum,
917 4969 1071 5025 eum,
1093 4955 1184 5028 qui
1208 4964 1430 5029 propter
1441 4957 1714 5030 justitiam
1737 4969 2057 5032 assumptus

448 5051 535 5099 est
585 5041 640 5098 in
678 5043 863 5100 caelos.
917 5043 1114 5118 Arguit
1143 5053 1330 5103 autem
1369 5054 1423 5103 et
1451 5048 1783 5106 condemnat
1808 5059 1872 5108 ut
1895 5051 2048 5124 igna-

449 5147 604 5202 vum,
635 5133 766 5206 quia
794 5133 1078 5192 vulnerato
1120 5136 1342 5208 Satana,
1389 5152 1570 5210 neque
1599 5139 1678 5197 sic
1704 5141 1859 5198 illum
1882 5139 2054 5199 voluit

448 5237 686 5281 vincere.

508 5491 692 5548 Vsus.
751 5497 930 5550 l2-l4.
977 5517 1004 5543 ι
1048 5493 1246 5552 Adhuc
1296 5494 1468 5554 multa
1524 5495 1701 5556 habeo
1743 5512 1867 5572 quae
1894 5499 2048 5557 vobis

446 5576 650 5650 dicam,
675 5578 770 5636 sed
793 5595 906 5638 non
941 5583 1171 5654 potestis
1207 5593 1427 5657 portare
1458 5599 1609 5644 nunc
1639 5605 1652 5644 :
1685 5602 1817 5646 cum
1858 5597 2046 5647 autem

517 5729 561 5763 ⁸⁸
581 5729 781 5788 Matth.
803 5744 891 5800 χι,
927 5737 1010 5789 18.
1039 5732 1084 5766 ⁶⁹
1112 5735 1359 5802 Luc.1x,
1392 5742 1476 5792 19.

2165 2084 2313 2163 βίον,
2344 2078 2536 2148 ἀδίκως
2583 2080 2674 2136 ὑπ’
2718 2079 2893 2137 αὐτῶν
2945 2076 3226 2157 ἀνῃρέθην
3278 2075 3373 2136 καὶ
3413 2075 3600 2136 τούτου
3643 2079 3762 2137 δεῖ-

2161 2196 2304 2251 γμα,
2341 2171 2401 2231 τὸ
2447 2169 2579 2250 πρὸς
2603 2168 2693 2228 τὸν
2739 2165 2965 2248 Πατέρα
3007 2165 3348 2248 πορεύεσθαι’
3376 2167 3472 2226 οὐκ
3519 2164 3584 2225 ἂν
3621 2167 3723 2249 γὰρ
3745 2214 3766 2243 ,

2163 2265 2208 2322 εἰ
2240 2261 2315 2340 μὴ
2361 2261 2559 2327 δίκαιος
2604 2257 2786 2334 ἤμην,
2833 2257 2964 2336 πρὸς
3006 2255 3096 2316 τὸν
3148 2253 3370 2337 Πατέρα
3419 2257 3761 2338 ἇνηρχόμην.

2164 2350 2320 2414 Ἐπεὶ
2355 2347 2460 2430 γὰρ
2490 2351 2560 2418 ὡς
2608 2347 2840 2407 ἀντίθεον
2871 2345 2965 2406 καὶ
3011 2345 3326 2425 παράνομον
3361 2345 3520 2407 αὐτὸν
3553 2350 3772 2429 ἐφόνευ-

2163 2465 2263 2502 σαν
2285 2486 2301 2518 ,
2334 2439 2504 2509 Δείξει
2539 2437 2750 2515 αὔτοῖς,
2794 2435 2963 2518 φησὶ,
3003 2434 3063 2495 τὸ
3092 2437 3318 2512 Πνεῦμα
3341 2480 3357 2510 ,
3398 2434 3481 2496 ὅτι
3525 2438 3620 2497 οὔκ
3651 2439 3772 2516 εἰμὶ

2161 2535 2417 2598 τοιοῦτος.
2474 2529 2558 2590 Οὗ
2616 2527 2722 2608 γὰρ
2771 2525 2836 2587 ἂν
2894 2525 3126 2593 ἀντίθεος
3175 2523 3248 2583 ὢν
3294 2525 3385 2585 καὶ
3419 2526 3768 2607 παράνομος,

2162 2620 2312 2702 παρὰ
2344 2624 2421 2700 τῷ
2451 2621 2579 2699 Θεῷ
2609 2617 2700 2677 καὶ
2741 2614 2998 2696 νομοθέτῃ
3037 2619 3199 2694 τιμῆς
3232 2613 3497 2694 ἠξιούμην
3516 2661 3533 2692 ,
3561 2618 3652 2678 καὶ
3680 2643 3772 2678 τι-

2165 2715 2269 2788 μῆς
2301 2713 2359 2771 οὔ
2387 2707 2750 2790 προσκαίρου,
2779 2705 2898 2766 ἀλλ’
2933 2705 3168 2774 αἰωνίας.
3201 2705 3282 2768 Τὸ
3307 2705 3409 2786 γὰρ
3427 2749 3444 2779 ,
3484 2729 3515 2766 (ι
3544 2710 3660 2768 Οὐκ
3685 2709 3772 2768 ἔτι

2165 2801 2408 2881 θεωρεῖτέ
2441 2822 2508 2876 με
2527 2843 2544 2872 ,
2566 2820 2596 2857 »
2652 2799 2714 2858 τὸ
2744 2795 2956 2856 αἰώνιον
2998 2800 3094 2868 τῆς
3125 2794 3275 2877 παρὰ
3302 2799 3380 2877 τῷ
3415 2797 3594 2880 Harp}
3643 2800 3770 2858 δια..

2163 2894 2342 2970 γωγῆς
2390 2891 2564 2963 δηλοῖ.
2623 2885 2819 2966 «Περὶ
2867 2885 2920 2946 δὲ
2951 2886 3174 2967 κρίσεως
3224 2910 3253 2943 ι)
3306 2884 3503 2966 ἐλέγξαι
3546 2888 3770 2964 αὖτοὺς,

2171 3004 2202 3038 α
2233 2979 2315 3040 ὅτι
2361 2984 2389 3041 ὃ
2428 2978 2607 3059 ἅρχων
2637 2981 2732 3037 τοῦ
2783 2976 2987 3052 κόσμου
3023 2975 3208 3037 τούτου
3237 2974 3501 3056 κέκριται·
3538 2998 3569 3036 n
3606 3002 3770 3041 τουτ-

2166 3070 2310 3146 έστι,
2358 3067 2470 3131 Καὶ
2501 3073 2562 3128 ἐκ
2596 3066 2787 3128 τούτου
2820 3067 2874 3126 δὲ
2897 3068 3058 3126 πάλιν
3092 3065 3297 3126 δίκαιον
3326 3066 3420 3126 καὶ
3444 3069 3767 3150 ἀναμάρτη-

2169 3183 2258 3220 τον
2289 3157 2550 3229 ἀποδείξει
2585 3181 2652 3236 με
2681 3156 2742 3216 τὸ
2775 3159 3033 3234 Πνεῦμα,
3081 3158 3142 3216 ἐκ
3188 3159 3280 3217 τοῦ
3319 3157 3412 3218 τὸν
3455 3161 3770 3240 κοσμοκρά-

2170 3273 2298 3331 τορα
2345 3250 2440 3308 ὕπ’
2471 3250 2602 3326 ἐμοῦ
2641 3250 3058 3327 κατακριθῆναι,
3101 3244 3194 3306 καὶ
3237 3249 3768 3320 καταπαλαισθῆναι.

2171 3337 2398 3410 Ἐπειδὴ
2426 3339 2528 3418 γὰρ
2557 3337 2772 3416 ἔλεγον,
2802 3335 2884 3394 δτι
2927 3363 2952 3390 ι
2983 3335 3273 3414 Δαιμόνιον
3317 3335 3461 3418 ἔχει,
3491 3358 3522 3396 ι
3564 3339 3654 3398 καὶ
3687 3341 3772 3401 ὅτι

2178 3451 2210 3489 α
2245 3429 2343 3491 Ἐν
2372 3432 2448 3510 τῷ
2474 3426 2798 3497 Βεελζεϐοὺλ
2829 3425 3081 3504 θαύματα
3110 3429 3273 3506 ποιεῖ,
3297 3446 3326 3484 n
3365 3429 3458 3486 καὶ
3493 3451 3524 3482 α
3557 3429 3772 3501 Πλᾶνος

2171 3519 2301 3579 ἐστί’
2345 3540 2375 3577 ι)
2413 3520 2603 3579 Ταῦτα
2631 3515 2808 3575 πάντα
2835 3561 2852 3592 ,
2899 3516 3061 3598 φησὶ,
3116 3515 3486 3596 δειχθήσονται
3521 3519 3731 3596 μάταια
3753 3567 3769 3595 ,

2171 3607 2496 3689 κατακρίτου
2523 3605 2776 3687 φανέντος
2804 3611 2895 3665 τοῦ
2939 3605 3186 3665 διαϐόλου
3204 3650 3220 3678 ,
3250 3606 3341 3665 καὶ
3365 3615 3501 3668 πᾶσι
3524 3609 3770 3688 δειχθέν-

2170 3721 2284 3772 τος,
2325 3697 2406 3757 8τι
2431 3700 2523 3756 ὑπ’
2549 3698 2679 3774 ἐμοῦ
2723 3695 3015 3766 νενίκηταν
3059 3693 3190 3776 ὅπερ
3225 3699 3318 3756 οὐκ
3362 3695 3426 3756 ἂν
3457 3698 3767 3773 ἠδυνήθην,

2171 3791 2216 3847 εἰ
2260 3787 2336 3866 μὴ
2375 3786 2712 3868 ἰσχυρότερος
2756 3789 2913 3845 αὐτοῦ
2953 3784 3131 3862 ἤμην,
3166 3783 3257 3844 καὶ
3288 3785 3467 3858 πάσης
3495 3787 3772 3867 ἁμαρτίας

2173 3878 2470 3960 ἀλλότριος.
2511 3879 2634 3943 Πῶς
2661 3874 2717 3934 δὲ
2753 3876 2966 3956 ἐδείχθη
2991 3879 3184 3949 τοῦτο;
3224 3878 3306 3956 Τῇ
3337 3881 3428 3936 τοῦ
3451 3876 3770 3954 Πνεύματος

2169 3966 2436 4048 παρουσίᾳ
2481 3965 2675 4033 πάντες
2725 3968 2772 4024 οἱ
2817 3965 3147 4034 πιστεύοντες
3179 3969 3252 4034 εἷς
3301 3966 3562 4046 Χριστὸν,
3599 3991 3772 4030 κατα-

2169 4057 2398 4134 πάτημα
2463 4054 2557 4116 καὶ
2618 4054 2772 4136 ὕϐριν
2838 4057 3114 4116 ἐποιοῦντο
3179 4055 3269 4114 τὸν
3325 4056 3765 4139 κοσμοκράτορα.

2170 4148 2382 4206 Οὐκοῦν
2439 4144 2703 4204 ἐδείκνυτο
2745 4147 2806 4204 ἐκ
2842 4145 3072 4218 τούτων,
3119 4145 3212 4205 καὶ
3253 4145 3334 4205 ὅτι
3388 4147 3491 4207 ὑπὸ
3532 4149 3770 4226 Χριστοῦ

2169 4233 2550 4316 κατακέκριται
2605 4236 2789 4313 πολλῷ
2847 4236 3124 4316 πρότερον.
3185 4233 3414 4315 Ἦλεγξε
3471 4237 3644 4296 τοίνυν
3705 4238 3769 4298 τὸ

2169 4328 2398 4402 Πνεῦμα
2429 4323 2550 4392 τοὺς
2603 4323 2678 4403 μὴ
2725 4325 3114 4393 πιστεύσαντας
3155 4328 3226 4392 ὥς
3257 4325 3630 4405 ἁμαρτωλούς.
3693 4327 3768 4390 Ἣ

2165 4413 2270 4496 γὰρ
2301 4413 2478 4483 πίστις
2508 4414 2773 4495 ἁμαρτίας
2797 4414 2912 4474 λύει
2941 4413 3029 4473 διὰ
3050 4418 3144 4488 τῆς
3174 4415 3412 4497 ἀφέσεως
3445 4421 3536 4476 τοῦ
3572 4419 3772 4496 βαπτίο

2169 4526 2392 4580 σματος.
2445 4504 2546 4566 Ἐν
2579 4503 2634 4564 δὲ
2674 4507 2783 4572 τοῖς
2831 4505 3180 4564 πιστεύσασιν
3230 4506 3286 4564 αἱ
3321 4504 3640 4586 φαινόμεναι
3669 4513 3770 4568 τοῦ

2171 4593 2481 4672 Πνεύματος
2534 4593 2795 4675 ἐνέργειαι
2857 4595 2912 4653 ἐν
2944 4601 3050 4662 τοῖς
3081 4593 3325 4663 ἆπίστοῖς
3369 4598 3468 4675 οὐχ
3521 4599 3764 4675 ὡρῶντο.

2161 4681 2330 4745 Ὅθεν
2358 4684 2651 4766 ἠλέγχοντο
2685 4681 2849 4756 σκεύη
2875 4684 3082 4764 πονηρὰ
3100 4730 3116 4758 ,
3145 4685 3238 4744 καὶ
3265 4687 3460 4764 ἐναγῆ,
3497 4685 3592 4745 καὶ
3621 4687 3767 4746 ἄνᾶ-

2164 4772 2248 4843 ξια
2297 4776 2392 4845 τῆς
2437 4779 2529 4833 τοῦ
2586 4773 2898 4850 Πνεύματος
2945 4773 3258 4857 χωρήσεως.
3304 4775 3418 4835 Καὶ
3464 4770 3643 4842 ἄλλως
3687 4776 3770 4837 δέ·

2165 4861 2416 4943 Ἐλέγχει
2467 4864 2555 4924 τὸν
2605 4863 2978 4936 ἀπιστήσαντα
3024 4863 3224 4942 κόσμον
3274 4863 3336 4924 τὸ
3368 4867 3594 4944 Πνεῦμα
3639 4867 3768 4947 περὶ

2167 4954 2540 5030 δικαιοσύνης,
2571 4953 2877 5028 τουτέστιν,
2928 4952 3011 5013 ὅτι
3057 4953 3340 5034 ἐστέρηται
3392 4953 3763 5032 δικαιοσύνης,

2163 5046 2192 5102 ὁ
2223 5043 2300 5121 μὴ
2343 5043 2607 5105 πιστεύων
2639 5047 2710 5111 εἷς
2753 5043 2842 5103 τὸν
2887 5043 3090 5104 δίκαιον
3140 5044 3353 5120 Ἰησοῦν
3377 5089 3394 5121 ,
3428 5045 3515 5105 τὸν
3549 5043 3636 5104 διὰ
3676 5048 3763 5106 δι-

2160 5133 2445 5206 καιοσύνην
2493 5133 2862 5216 ἀναληφθέντα
2911 5135 2984 5202 εἷς
3034 5134 3309 5215 οὐρανούς.
3365 5134 3617 5216 Ἐλέγχει
3668 5138 3767 5196 καὶ

2160 5223 2466 5304 κατακρίνει
2525 5223 2618 5284 καὶ
2663 5226 2736 5292 ὡς
2800 5222 3032 5307 ῥᾴθυμον
3053 5270 3070 5299 ,
3134 5223 3216 5284 ὅτι
3273 5225 3767 5307 καταθραυσθέντος

2161 5317 2252 5374 τοῦ
2301 5315 2563 5394 Σατανᾶ,
2617 5313 2736 5374 οὐδὲ
2774 5312 2939 5382 οὕτως
2986 5315 3148 5375 αὐτοῦ
3201 5313 3428 5388 ἠθέλησε
3486 5316 3766 5396 περιγενέ-

2163 5407 2304 5464 σθαι.

2249 5513 2280 5551 a
2319 5489 2444 5553 Ἔτι
2473 5492 2649 5553 πολλὰ
2702 5493 2814 5574 ἔχω
2845 5492 3019 5575 λέγειν
3065 5497 3228 5574 ύμῖν,
3264 5495 3380 5554 ἀλλ’
3430 5496 3490 5556 οὗ
3535 5495 3763 5556 δύνασθε

2160 5581 2445 5663 βαστάζειν
2489 5584 2628 5666 ἄρτι.
2676 5583 2852 5645 ⁸Οταν
2884 5584 2939 5644 δὲ
2983 5583 3112 5666 ἔλθῃ
3166 5587 3392 5660 ἐκεῖνος,
3440 5585 3503 5645 τὸ
3529 5588 3763 5664 Πνεῦμα
