4128 6456
456 392 564 445 213

1241 398 1634 458 ΕΝΑΒΗΑΤΙΟ
1674 401 1742 458 ΙΝ
1782 400 2213 460 EVANGELIUM
2244 400 2541 461 JOANNIS.
2574 434 2643 448 —-
2678 406 2829 463 CAP.
2870 409 3003 464 XVI.

3684 420 3789 475 2H

466 524 562 593 τ’ἧς
585 518 847 595 ἀληθείας
873 568 890 598 ,
924 522 1181 603 ὁδηγήσει
1207 526 1345 603 ὑμᾶς
1369 531 1442 595 εἰς
1470 534 1649 588 πᾶσαν
1682 528 1779 603 τὴν
1806 530 2066 604 ἀλήθειαν

2196 530 2403 587 venerit
2446 530 2536 588 ille
2566 532 2661 606 qui
2699 539 2785 589 est
2824 534 3061 608 Spiritus
3091 536 3355 609 veritatis,
3400 538 3563 599 ducet
3604 558 3704 601 vos
3734 545 3787 601 in

467 612 553 673 Οὐ
604 609 709 701 γὰρ
759 612 996 685 λαλήσει
1037 617 1130 696 ἀφ’
1170 617 1398 691 ἑαυτοῦ,
1431 616 1549 676 ἀλλ’
1598 618 1696 680 ὅσα
1740 619 1803 679 ἂν
1849 620 2082 701 ἀκούσῃ,

474 700 734 775 λαλήσει,
769 702 866 762 καὶ
915 702 983 763 τὰ
1013 703 1277 785 ἐρχόμενα
1324 708 1606 788 ἀναγγελεῖ
1655 712 1795 787 ὑμῖν.
1852 700 2084 779 Ἐκεῖνος

478 790 579 871 ἕμὲ
611 791 857 881 δοξάσει,
890 792 973 853 ὅτι
1006 796 1065 855 ἐκ
1094 800 1187 856 τοῦ
1222 798 1354 873 ἐμοῦ
1383 796 1642 881 λήψεται,
1679 799 1770 859 καὶ
1801 802 2084 880 ἀναγγελεῖ

476 886 627 970 ὖμῖν.
668 880 862 944 Πάντα
906 884 1009 945 ὅσα
1040 887 1153 966 ἔχει
1180 890 1210 947 6
1244 885 1469 970 Πατὴρ,
1502 890 1608 967 ἐμά
1652 892 1780 950 ἔστι·
1812 888 1899 950 διὰ
1928 897 2083 951 τοῦτο

478 964 669 1047 εἶκον,
689 972 773 1033 ὅτι
803 974 864 1034 εκ
884 979 980 1035 τοῦ
1010 964 1141 1053 ἐμοῦ
1165 964 1421 1060 λήψεται,
1446 964 1542 1039 καί
1566 981 1851 1059 ἀναγγελεῖ
1875 981 2022 1059 ὑμῖν.
2044 1002 2073 1038 n

474 1063 661 1127 Εἰπὼν
691 1063 805 1125 ἄνω
824 1108 843 1139 ,
886 1062 968 1125 ὅτι
1008 1087 1041 1126 α
1072 1067 1344 1149 Συμφέρει
1376 1071 1531 1147 ὑμῖν,
1555 1066 1644 1129 ἵνα
1664 1070 1906 1147 ἀπέλθω,
1932 1096 1957 1126 ε
1988 1075 2080 1131 νῦν

478 1153 733 1215 πλατύνει
762 1159 947 1228 τοῦτο,
978 1156 1070 1217 καί
1093 1181 1278 1240 φησιν,
1308 1157 1391 1218 ὅτι
1431 1180 1461 1217 α
1485 1161 1600 1221 Νῦν
1640 1159 1737 1237 μὶν
1767 1163 1826 1221 οὗ
1855 1160 2079 1223 δύνασθε

485 1248 781 1325 βαστάζειν·
815 1243 905 1305 ἐὰν
934 1245 991 1307 δὲ
1021 1246 1150 1328 ἔλθῃ
1180 1249 1374 1317 ἐκεῖνος
1392 1293 1410 1327 ,
1445 1275 1470 1302 ι
1501 1250 1620 1311 τότε
1651 1250 1715 1323 δὴ
1743 1255 1845 1311 τῶν
1877 1252 2078 1313 ἐκείνου

479 1334 882 1404 ἀπολαύσαντες
909 1336 1182 1417 χαρίτων,
1218 1341 1291 1406 εἰς
1335 1349 1518 1400 πᾶσαν
1562 1340 1657 1412 τὴν
1696 1340 1948 1413 ἀλήθειαν
1984 1344 2076 1403 ὁδ-

471 1426 833 1504 ηγηθήσεσθε.
874 1427 1044 1488 Ποίαν
1071 1425 1127 1487 δὲ
1156 1428 1643 1511 ἀλήθειάν”φησι,ἢ
1672 1429 1768 1503 τὴν
1798 1432 1921 1513 περὶ
1945 1432 2080 1494 πάν-

469 1540 582 1574 των
633 1520 864 1594 γνῶσινς
912 1515 1082 1583 Αὐτὸς
1137 1516 1235 1596 μὲν
1280 1518 1383 1599 γὰρ
1439 1524 1468 1579 6
1519 1518 1712 1598 Κύριος
1753 1520 1901 1581 οὐδὲν
1957 1523 2079 1603 περὶ

476 1610 673 1695 ἑαυτοῦ
724 1605 861 1684 μέγα
907 1606 1206 1686 ἰφθέγξατο·
1238 1606 1351 1685 ἅμα
1400 1607 1495 1685 μὲν
1526 1609 1618 1669 καὶ
1658 1614 2076 1695 ταπεινοφροσύ-

474 1719 573 1767 νης
602 1693 798 1762 τύπους
819 1696 1019 1769 διδοὺς,
1051 1696 1165 1775 ἅμα
1201 1698 1253 1757 δὲ
1287 1698 1378 1757 καὶ
1410 1698 1497 1757 διὰ
1525 1699 1624 1771 τὴν
1657 1693 1931 1762 ἀσθένειαν
1973 1707 2076 1762 τῶν

475 1785 876 1864 ἀκροωμένων,
918 1786 1011 1847 καὶ
1046 1786 1142 1860 τὴν
1182 1790 1287 1847 τῶν
1336 1788 1611 1850 Ἰουδαίων
1661 1791 2072 1869 ἀγνωμοσύνην.

472 1874 623 1937 Ἀλλ’
669 1875 913 1981 οὖδῖ
962 1878 1068 1935 τῶν
1116 1880 1349 1981 νομικῶν
1382 1880 1866 1981 παρατηρημάτων
1914 1882 2073 1981 (Ax-hu-
2108 1917 2157 1981 B

472 1991 559 2027 σιν
598 1968 837 2047 φανερῶς
866 1967 1169 2045 εἰσηγεῖτο,
1207 1964 1296 2029 ἵνα
1331 1966 1407 2047 μὴ
1464 1969 1695 2037 ἀντίθεος
1735 1980 1870 2030 πᾶσι
1927 1973 2074 2054 δόξῃ.

471 2058 589 2117 Τοῦ
623 2055 677 2114 δὲ
726 2056 1092 2136 Παρακλήτου
1136 2058 1397 2130 ἐλθόντος,
1443 2057 1480 2131 ἥ
1528 2083 1587 2119 τε
1634 2064 1725 2120 τοῦ
1789 2063 1921 2123 Υίοῦ
1954 2065 2074 2133 ἀξία

472 2145 830 2227 διετρανώθη,
862 2144 956 2206 καὶ
1002 2150 1037 2217 ἡ
1083 2148 1283 2222 ἀληθὴς
1316 2149 1437 2230 περὶ
1481 2149 1699 2210 πάντων
1731 2154 1924 2230 γνῶσις
1971 2154 2078 2225 ἐξε-

469 2236 652 2318 φάνη,
681 2236 773 2295 καὶ
807 2238 914 2295 τῶν
938 2236 1121 2295 τύπων
1158 2240 1263 2299 τῶν
1294 2242 1523 2317 νομικῶν
1567 2239 1833 2321 ἀρθέντων
1876 2245 1930 2302 ἐν
1974 2245 2076 2322 μέ-

470 2349 603 2396 σου,
651 2325 746 2387 καὶ
781 2327 1255 2406 καταργηθῶτων,
1304 2331 1375 2397 εἷς
1421 2329 1519 2403 τὴν
1569 2331 1821 2406 ἀληθινὴν
1881 2334 1972 2393 καὶ
2020 2338 2074 2395 ἐν

468 2416 741 2495 πνεύματι
792 2416 1046 2497 λατρείαν
1095 2419 1485 2499 ὡδηγήθημεν,
1543 2420 1631 2479 διὰ
1688 2423 1793 2482 τῶν
1839 2424 2074 2501 σημείων

465 2509 578 2566 τῶν
614 2511 669 2567 ἐν
702 2506 986 2591 Πνεύματι
1015 2510 1381 2588 τελουμένων,
1415 2510 1805 2591 βεϐαιωθείσης
1844 2517 1941 2587 τῆς
1982 2516 2071 2576 πί-

463 2620 655 2665 στεως.
690 2588 828 2658 Εἶτα
854 2596 1043 2671 ἐπειδὴ
1073 2598 1287 2678 μεγάλα
1318 2588 1437 2659 τινά
1472 2590 1588 2659 εἶπε
1623 2602 1751 2682 περὶ
1776 2607 1871 2663 τοῦ
1902 2604 2074 2664 Πνεύ-

464 2709 678 2765 ματος,
728 2685 817 2745 ἵνα
870 2686 947 2764 μὴ
1000 2688 1265 2762 νομίσωσί
1318 2713 1490 2763 τινες,
1544 2688 1625 2749 ὅτι
1669 2691 1865 2769 μείζων
1911 2694 2071 2755 αὐτοῦ

462 2779 581 2837 εστι
608 2776 670 2837 τὸ
698 2778 926 2854 Πνεῦμα
947 2823 964 2850 ,
1012 2776 1062 2836 εἴ
1099 2803 1158 2859 γε
1203 2779 1331 2839 αὐτὸ
1361 2778 1618 2860 ὁδηγήσει
1652 2782 1783 2861 πρὸς
1803 2781 1898 2854 τὴν
1935 2784 2070 2856 ἀλή-

460 2869 643 2945 θειαν’,
694 2865 787 2925 καὶ
844 2866 1058 2939 ποιήσει
1112 2868 1444 2950 χωρητικοὺς
1506 2869 1599 2930 καὶ
1647 2870 1918 2941 δεκτικοὺς
1965 2877 2070 2934 τῶν

460 2958 676 3017 πολλῶν
708 2955 803 3015 καὶ
835 2958 1118 3035 μεγάλων,
1152 2958 1186 3018 ἃ
1205 3004 1221 3033 ,
1242 2965 1345 3042 Δτοῦ
1379 2962 1613 3042 Χριστοῦ
1642 2961 1935 3041 παρόντος,
1975 2965 2070 3024 οὐκ

459 3046 726 3119 ἠδύναντο
762 3045 1050 3125 βαστάσαι·
1093 3046 1180 3107 ἵνα
1213 3038 1303 3109 οῦν
1342 3038 1622 3127 μὴ’τοῦτο
1651 3038 1909 3133 νομισθῇ,
1946 3056 2064 3114 ἐπι-

2193 636 2412 678 omnem
2444 622 2746 680 veritatem.
2781 627 2905 682 Non
2935 625 3083 682 enim
3106 626 3361 700 loquetur
3388 646 3420 687 a
3447 633 3739 707 semetipso
3767 654 3784 691 :

2189 709 2287 767 sed
2332 725 2674 785 quaecunque
2719 713 2969 783 audierit,
3002 716 3258 788 loquetur
3308 736 3323 775 :
3354 726 3411 775 et
3450 736 3574 794 quae
3604 721 3786 781 futura

2190 808 2339 870 sunt,
2380 802 2734 859 annuntiabit
2773 803 2945 862 vobis.
2995 804 3093 862 Ille
3135 822 3224 863 me
3267 807 3614 881 gloriﬁcabit,
3658 813 3786 886 quia

2189 889 2257 947 de
2286 905 2415 948 meo
2442 890 2687 965 accipiet,
2718 901 2775 949 et
2808 894 3160 952 annuntiabit
3189 896 3358 954 vobis.
3404 898 3602 956 Omnia
3633 918 3784 975 qum-

2188 996 2427 1055 cumque
2456 980 2628 1039 habet
2646 985 2829 1054 Pater,
2847 1000 2973 1041 mea
2992 994 3157 1055 sunt;
3189 995 3478 1060 propterea
3508 989 3618 1048 dixi
3640 992 3787 1065 quod

2188 1068 2260 1127 de
2287 1086 2413 1129 meo
2432 1071 2679 1145 accipiet,
2701 1082 2756 1130 et
2778 1074 3133 1132 annuntiabit
3157 1075 3328 1133 vobis.
3354 1100 3379 1126 ι
3398 1078 3541 1135 Cum
3561 1080 3787 1138 dixisset

2186 1174 2375 1233 supra,
2410 1183 2435 1209 α
2476 1160 2708 1234 Expedit
2737 1162 2894 1219 vobis
2921 1171 2986 1220 ut
3003 1163 3217 1233 abeam,
3250 1184 3277 1219 »
3310 1182 3460 1223 nunc
3488 1167 3593 1225 hoc
3619 1170 3788 1227 latius

2186 1249 2556 1322 prosequitur,
2589 1258 2644 1307 et
2671 1250 2803 1307 dicit
2830 1251 2982 1324 quod
3023 1271 3053 1305 «
3081 1256 3244 1310 Nunc
3273 1256 3493 1328 quidem
3521 1273 3635 1315 non
3682 1276 3786 1330 po-

2184 1338 2341 1394 testis
2370 1348 2587 1411 portare
2614 1357 2627 1395 :
2651 1339 2696 1395 si
2726 1348 2912 1397 autem
2942 1342 3153 1398 venerit
3178 1342 3289 1412 ille,
3326 1368 3349 1391 »
3383 1353 3514 1401 tunc
3540 1346 3785 1404 fruentes

2184 1428 2332 1484 illius
2360 1427 2539 1497 donis,
2584 1430 2645 1485 in
2684 1446 2909 1487 omnem
2940 1432 3229 1491 veritatem
3272 1432 3573 1493 ducemini.
3606 1440 3785 1511 Quam

2185 1525 2372 1575 autem
2416 1519 2702 1576 veritatem
2747 1520 2925 1593 inquit
2978 1521 3086 1578 nisi
3138 1522 3426 1581 scientiam
3470 1524 3541 1582 de
3598 1528 3786 1585 omni-

2187 1606 2331 1665 bus?
2376 1611 2517 1665 Nam
2546 1610 2681 1665 nihil
2729 1608 2797 1666 de
2832 1626 2891 1667 se
2928 1627 3196 1685 magnum
3227 1614 3341 1687 ipse
3370 1616 3649 1673 Dominus
3696 1618 3783 1675 lo-

2186 1706 2348 1755 cutus
2387 1707 2471 1755 est
2502 1718 2514 1755 :
2554 1701 2755 1772 partim
2795 1699 2934 1758 dans
2962 1702 3128 1759 nobis
3155 1703 3389 1777 ﬁguram
3440 1705 3783 1777 humilitatis,

2186 1789 2389 1861 partim
2418 1800 2474 1846 et
2511 1798 2736 1863 propter
2762 1790 3149 1849 inﬁrmitatem
3178 1794 3548 1865 audientium,
3596 1806 3650 1857 et
3694 1800 3781 1855 in-

2186 1878 2575 1952 gratitudinem
2597 1878 2953 1949 Iudaeorum;
2985 1890 3044 1937 at
3078 1897 3260 1955 neque
3287 1884 3547 1956 legalium
3586 1886 3784 1945 obser-

2190 1968 2475 2025 vationum
2516 1970 2853 2027 solutionem
2904 1971 3196 2028 manifeste
3261 1973 3665 2045 introduxerat,
3720 1986 3782 2034 ut

2186 2074 2258 2115 ne
2282 2061 2402 2115 Deo
2430 2059 2742 2116 contrarius
2770 2058 3049 2118 videretur
3095 2062 3376 2121 omnibus.
3425 2065 3537 2122 Ubi
3590 2073 3780 2123 autem

2184 2148 2337 2205 venit
2372 2148 2709 2219 Paracletus,
2754 2157 2809 2206 et
2846 2149 3195 2209 manifestata
3222 2151 3328 2209 fuit
3359 2153 3591 2227 dignitas
3633 2156 3779 2225 Filii,

2183 2246 2239 2296 et
2272 2254 2395 2296 vera
2436 2238 2506 2296 de
2557 2238 2814 2296 omnibus
2869 2241 3097 2298 scientia
3155 2242 3210 2299 in
3261 2242 3442 2301 lucem
3486 2244 3777 2317 producta,

2183 2327 2405 2385 abolitis
2453 2336 2512 2385 et
2563 2328 2793 2386 sublatis
2831 2344 2862 2386 e
2898 2329 3085 2387 medio
3136 2330 3329 2404 ﬁguris
3380 2333 3667 2405 legalibus,
3726 2337 3780 2392 in

2182 2434 2380 2476 verum
2420 2428 2479 2476 et
2525 2419 2862 2492 spiritualem
2918 2421 3130 2478 cultum
3174 2422 3387 2480 inducti
3429 2441 3644 2495 sumus,
3685 2443 3782 2499 per

2181 2509 2340 2583 signa
2364 2525 2489 2583 qua:
2525 2509 2582 2566 in
2606 2509 2815 2582 Spiritu
2838 2510 2999 2583 ﬁunt,
3035 2511 3364 2569 conﬁrmata
3396 2513 3524 2571 ﬁde.
3566 2515 3779 2573 Deinde

2180 2600 2307 2673 quia
2363 2615 2566 2672 magna
2622 2599 2879 2672 quadam
2926 2600 3135 2658 dixerat
3188 2601 3256 2658 de
3302 2602 3533 2675 Spiritu,
3596 2613 3656 2661 ut
3711 2622 3780 2661 ne

2182 2696 2373 2761 putent
2420 2688 2587 2761 aliqui
2618 2688 2769 2761 quod
2811 2689 2990 2763 major
3034 2690 3152 2762 ipso
3193 2691 3267 2747 sit
3305 2692 3561 2764 Spiritus,
3604 2694 3775 2766 siqui.

2180 2776 2308 2834 dem
2336 2778 2452 2851 ipse
2482 2778 2537 2833 in
2569 2778 2853 2834 veritatem
2882 2779 2955 2835 sit
2983 2779 3415 2850 introducturus,
3441 2790 3497 2838 et
3537 2781 3777 2840 facturus

2180 2883 2410 2941 capaces
2431 2868 2706 2941 majorum
2731 2876 2785 2924 et
2805 2868 3044 2940 plurium
3072 2885 3222 2943 quae,
3243 2870 3462 2929 Christo
3484 2882 3775 2945 praesente,

2180 2966 2400 3032 portare
2424 2974 2539 3015 non
2586 2967 2843 3032 poterant
2900 2978 2913 3015 :
2962 2976 3034 3017 ne
3077 2960 3239 3033 igitur
3286 2960 3392 3019 hoc
3443 2963 3565 3036 quis
3593 2965 3776 3022 existi-

2180 3057 2316 3115 met,
2365 3049 2553 3107 subdit
2584 3069 2597 3106 :
2643 3072 2670 3099 α
2705 3053 2835 3107 Non
2864 3050 3013 3107 enim
3041 3050 3304 3125 loquetur
3331 3069 3363 3109 a
3392 3055 3711 3127 semeptiso,
3741 3076 3768 3108 »

462 3136 623 3218 φέρει·
683 3158 714 3193 ιι
749 3137 834 3196 Οὖ
877 3136 982 3217 γὰρ
1033 3136 1256 3209 λαλήσει
1294 3140 1382 3221 ἀφ’
1414 3142 1629 3199 ἑαυτοῦ³
1677 3161 1708 3199 ι>
1750 3144 2063 3217 τουτέστιν,

2175 3138 2279 3197 hoc
2308 3147 2414 3208 est,
2443 3139 2577 3197 nihil
2616 3140 2903 3212 proprium
2938 3141 3193 3214 loquetur
3221 3150 3424 3214 praeter
3452 3159 3594 3201 mea.
3631 3146 3772 3203 Cum

456 3227 632 3289 Οὐδὲν
660 3226 797 3287 ἴδιον
827 3225 977 3306 παρὰ
1021 3226 1090 3286 τὰ
1132 3229 1236 3304 ἐμὰ
1283 3230 1410 3308 ἐρεῖ.
1459 3230 1541 3291 Τὸ
1570 3227 1707 3311 γὰρ,
1746 3258 1772 3284 κ
1817 3229 1967 3293 ⁶οσα
1999 3233 2063 3294 ἂν

454 3317 661 3398 ἀκούσῃ
682 3363 700 3391 ,
741 3344 763 3369 υ
793 3320 951 3405 τοῦτο
983 3317 1174 3391 δηλοῖ,
1200 3316 1260 3405 τὸ
1296 3319 1462 3397 μηδὲν
1508 3317 1656 3387 ἐκτὸς
1679 3323 1783 3380 τῶν
1804 3326 1896 3382 τοῦ
1927 3325 2064 3405 Χρι-

455 3415 587 3468 στοῦ
629 3406 860 3477 διδάξαι.
905 3403 1133 3487 Ὥσπερ
1176 3398 1265 3468 οῦν
1306 3408 1398 3467 καὶ
1426 3408 1581 3478 αὐτὸς
1614 3413 1641 3469 6
1669 3412 1864 3493 Κύριος
1894 3398 2062 3494 λέγων

461 3498 583 3576 περὶ
628 3500 818 3556 ἑαυτοῦ
841 3544 857 3569 ,
889 3495 972 3556 ὅτι
1028 3518 1060 3555 ε
1095 3495 1243 3557 ⁶Οσα
1275 3497 1483 3571 ἤκουσα
1537 3498 1685 3579 παρὰ
1714 3505 1808 3561 τοῦ
1852 3504 2064 3586 Πατρός

468 3608 572 3662 μου
600 3588 784 3675 λαλεῖ,
822 3614 845 3637 ιι
889 3588 950 3645 οὗ
993 3586 1375 3667 διδασκόμενον
1406 3590 1594 3649 ἑαυτὸν
1636 3590 1842 3669 εἰσάγει
1874 3591 2059 3675 ὥσπερ

466 3699 520 3734 τι
547 3674 764 3748 νήπιον,
803 3676 928 3735 ἀλλ’
956 3674 1039 3736 ὅτι
1063 3677 1210 3738 οὐδὲν
1236 3677 1387 3747 ἐκτὸς
1415 3683 1522 3739 τῶν
1544 3684 1639 3739 τοῦ
1678 3682 1896 3762 Πατρὸς
1933 3674 2056 3744 οὔτε

463 3764 739 3843 γινώσκει,
766 3765 884 3826 οὔτε
935 3765 1195 3827 διδάσκει·
1241 3765 1380 3827 οὕτω
1428 3768 1522 3828 καὶ
1566 3768 1688 3851 περὶ
1731 3776 1826 3830 τοῦ
1877 3772 2054 3833 Πνεύ-

459 3879 646 3932 ματος·
700 3856 816 3915 ἐπεὶ
848 3854 929 3915 ὅτι
973 3857 1033 3915 οὗ
1072 3857 1243 3915 δεῖται
1286 3857 1636 3927 διδασκαλίας
1682 3859 1742 3918 τὸ
1792 3862 2053 3940 Πνεῦμα,

456 3945 683 4005 ἄκουσον
724 3945 775 4004 τί
804 3968 965 4026 φησιν
1007 3948 1035 4004 6
1064 3948 1302 4015 Παῦλος·
1342 3975 1367 4002 α
1392 3947 1609 4030 Ὠσπερ
1651 3950 1820 4018 οὐδεὶς
1851 3940 1959 4011 οἶδε
1989 3952 2057 4011 τὰ

451 4040 544 4096 τοῦ
586 4034 901 4114 ἀνθρώπου,
948 4038 995 4096 εἰ
1045 4034 1121 4114 μὴ
1151 4036 1212 4096 τὸ
1229 4042 1471 4122 ῌπνεῦμα
1504 4038 1565 4099 τὸ
1614 4040 1668 4099 iv
1719 4041 1889 4122 αὐτῷ·
1919 4040 2058 4101 οὕτω

447 4126 542 4185 καὶ
564 4124 634 4185 τὰ
669 4129 761 4185 τοῦ
805 4128 951 4187 Θεοῦ
990 4126 1158 4195 οὐδεὶς
1202 4118 1342 4187 οἶδεν
1363 4171 1380 4201 ,
1409 4130 1455 4188 εἰ
1485 4127 1561 4204 μὴ
1603 4128 1664 4189 τὸ
1704 4118 1933 4208 Πνεῦμα
1964 4136 2055 4192 τοῦ

447 4220 617 4279 Θεοῦ.
639 4237 672 4273 ι
704 4214 873 4297 Ὁρᾷς
894 4216 1270 4278 αὐτοδίδακτον
1301 4218 1363 4277 τὸ
1394 4216 1543 4299 ἅγιον
1575 4220 1833 4297 Πνεῦμα,
1869 4219 2056 4304 ὥσπερ

446 4307 543 4366 καὶ
574 4304 639 4365 τὸ
678 4305 969 4385 ἧμέτερονς
1018 4306 1127 4367 Καὶ
1164 4310 1225 4367 ἐκ
1254 4310 1362 4366 τῶν
1388 4307 1508 4381 ἑξῆς
1540 4307 1595 4368 δὲ
1625 4309 1871 4391 μαθήσῃ,
1907 4313 1935 4369 ὁ
1969 4313 2054 4371 εὖ·

448 4396 716 4477 γνώμων,
756 4401 848 4456 τοῦ
887 4396 1195 4475 Πνεόματος
1224 4397 1321 4471 τὴν
1355 4397 1600 4471 θεότητα.
1645 4421 1676 4458 α
1706 4400 1793 4462 Τὰ
1822 4400 1925 4481 γὰρ
1960 4403 2050 4481 ἐρ-

2176 3231 2326 3286 enim
2356 3228 2515 3299 dicit,
2568 3248 2596 3283 ι(
2625 3230 2985 3305 Quaecunque
3028 3231 3291 3303 audierit,
3346 3252 3376 3287 »
3436 3232 3543 3290 hoc
3589 3233 3774 3309 signat

2174 3320 2323 3393 quod
2367 3320 2505 3377 nihil
2557 3320 2820 3377 docturus
2879 3322 2951 3377 sit
3005 3329 3156 3379 extra
3213 3338 3277 3379 ea
3325 3338 3454 3397 quas
3517 3324 3774 3383 Christus

2173 3410 2384 3469 docuit.
2441 3410 2593 3467 Sicut
2642 3410 2808 3484 igitur
2860 3420 2914 3468 et
2969 3413 3243 3469 Dominus
3291 3413 3406 3486 ipse
3457 3414 3647 3473 dicens
3702 3416 3771 3473 de

2173 3518 2253 3571 se,
2311 3528 2337 3553 (ι
2385 3504 2734 3575 Quaecunque
2761 3500 2945 3559 audivi
3000 3504 3045 3560 a'
3076 3506 3237 3560 Patre
3266 3520 3416 3575 meo,
3446 3505 3643 3579 loquor
3675 3525 3689 3565 :
3743 3531 3767 3557 υ

2172 3608 2284 3648 non
2338 3599 2403 3648 ut
2450 3591 2753 3649 discentem
2802 3600 2855 3648 et
2898 3609 3134 3665 puerum
3186 3609 3247 3651 se
3295 3595 3619 3666 introducit,
3675 3597 3771 3654 sed

2172 3680 2324 3754 quod
2362 3680 2496 3737 nihil
2543 3682 2624 3737 vel
2675 3682 2782 3737 scit
2830 3682 2912 3738 vel
2944 3680 3134 3753 docet,
3181 3699 3354 3756 quam
3404 3700 3529 3757 quae
3558 3688 3765 3745 Pater:

2172 3771 2245 3827 ita
2277 3778 2335 3826 et
2375 3769 2445 3827 de
2475 3770 2683 3847 Spiritu
2713 3769 3031 3826 dicendum.
3065 3772 3223 3843 Quod
3266 3781 3453 3829 autem
3481 3790 3592 3829 non
3628 3791 3768 3847 opus

2170 3859 2367 3916 habeat
2422 3860 2586 3931 721
2628 3857 2857 3915 doctore
2918 3858 3168 3931 Spiritus,
3222 3860 3352 3918 audi
3400 3863 3638 3919 Paulum
3677 3863 3765 3920 di-

2164 3958 2380 4006 centem
2432 3969 2444 4005 :
2482 3967 2511 4002 ι(
2544 3947 3026 4019 Quemadmodum
3075 3950 3260 4006 nullus
3306 3950 3457 4007 novit
3486 3968 3611 4024 quae
3658 3953 3764 4009 ho-

2166 4038 2331 4097 minis
2357 4048 2507 4108 sunt,
2544 4039 2648 4095 nisi
2677 4038 2903 4111 spiritus
2941 4039 3035 4112 qui
3070 4048 3155 4096 est
3189 4039 3248 4095 in
3276 4055 3342 4096 eo
3391 4058 3405 4097 :
3443 4041 3522 4097 ita
3552 4050 3608 4099 et
3637 4059 3768 4118 qua:

2168 4130 2298 4201 Dei,
2325 4130 2509 4186 nullus
2536 4128 2715 4199 novit,
2750 4128 2850 4185 nisi
2872 4128 3108 4200 Spiritus
3136 4130 3242 4186 Dei
3270 4129 3334 4187 7°.
3367 4151 3395 4184 »
3428 4131 3598 4189 Vides
3618 4135 3766 4208 quod

2167 4228 2391 4277 sanctus
2447 4219 2687 4291 Spiritus
2727 4219 2815 4276 sui
2868 4218 3038 4291 ipsius
3103 4218 3298 4277 doctor
3364 4221 3457 4291 sit,
3517 4222 3660 4280 sicut
3713 4232 3769 4282 et

2164 4312 2392 4367 noster?
2427 4311 2499 4365 Et
2536 4326 2605 4366 ex
2631 4308 2720 4366 his
2765 4323 2890 4382 qua:
2914 4318 3241 4382 sequuntur,
3277 4309 3455 4368 discet
3499 4311 3764 4372 cordatus

2163 4399 2431 4458 deitatem
2472 4399 2707 4472 Spiritus
2756 4415 2771 4453 :
2818 4416 2847 4451 «
2873 4402 3010 4473 Quae
3038 4399 3188 4456 enim
3238 4409 3467 4457 ventura
3498 4410 3648 4473 sunt,
3681 4404 3765 4460 in-

445 4488 693 4568 χόμινα,
726 4485 889 4566 φησι,
934 4488 1212 4567 ἀναγγελεῖ
1242 4490 1391 4566 ὑμῖν·
1436 4510 1464 4548 u
1508 4489 1751 4550 τουτέστι
1772 4536 1789 4564 ,
1819 4490 1885 4551 τὰ
1918 4490 2050 4568 μέλ-

2175 4491 2306 4566 quit,
2350 4488 2699 4546 annuntiabit
2754 4488 2925 4545 vobis.
2975 4508 3005 4541 ν
3061 4490 3299 4546 Maxime
3359 4491 3507 4547 enim
3546 4494 3763 4565 propria

444 4579 649 4649 λοντα,
676 4577 807 4658 ὅπερ
858 4576 1096 4653 μάλιστα
1124 4581 1269 4639 Θεοῦ
1315 4577 1486 4653 ἴδιον,
1513 4582 1548 4651 ἡ
1598 4582 1703 4639 τῶν
1748 4579 2050 4658 μελλόντων

444 4669 660 4747 γνῶσις·
690 4664 807 4726 ἐπεὶ
853 4664 956 4747 γὰρ
984 4667 1132 4728 οὐδὲν
1184 4667 1317 4727 ἄλλο
1363 4667 1450 4727 διὰ
1502 4667 1666 4729 πόθου
1714 4668 1880 4740 οὕτως
1935 4671 2049 4731 ἐστὶ

445 4760 514 4837 τῇ
546 4755 855 4838 ἀνθρωπίνῃ
886 4755 1073 4837 φύσει,
1119 4760 1189 4825 ὡς
1217 4762 1252 4830 ἡ
1278 4759 1405 4839 περὶ
1441 4760 1547 4819 τῶν
1577 4761 1883 4837 μελλόντων
1911 4764 2049 4840 γνῶ·

445 4870 562 4923 σις,
616 4851 1013 4925 παραμυθεῖται
1057 4846 1177 4916 τοὺς
1220 4846 1550 4917 ἀποστόλους
1598 4848 1691 4909 καὶ
1736 4852 1797 4911 ἐκ
1839 4850 2045 4913 τούτου.

447 4940 723 4999 Τοσοῦτον
769 4940 910 5017 γὰρ,
966 4938 1159 5020 φησὶν,
1212 4939 1548 5020 εὐεργετήσει
1578 4944 1752 5018 ὑμᾶς,
1790 4938 1929 5003 ὥστε
1960 4942 2048 5001 καὶ

443 5029 508 5089 τὸ
544 5030 725 5105 μεῖζον
766 5029 949 5088 δοκοῦν
980 5027 1194 5088 πάντων
1231 5028 1389 5089 δώσει
1437 5032 1563 5105 ὑμῖν
1585 5074 1603 5107 ,
1648 5029 1744 5103 τὴν
1788 5034 1892 5091 τῶν
1936 5033 2052 5093 ἰσο-

442 5117 627 5195 μένων
676 5116 999 5197 πρόγνωσιν.
1059 5116 1207 5196 Ἅμα
1254 5118 1310 5179 δὲ
1360 5119 1477 5179 ἐπεὶ
1537 5119 1629 5179 καὶ
1677 5119 1806 5199 πρὸς
1855 5145 2043 5202 πειρα-

438 5208 613 5287 σμοὺς
651 5207 878 5285 ἔμελλον
909 5207 1268 5269 ἀποδόσεσθαι
1290 5253 1307 5283 ,
1334 5208 1569 5278 Ἐκεῖνος
1589 5255 1605 5287 ,
1635 5212 1792 5291 φησι,
1822 5212 1953 5292 πρὸς
1982 5210 2050 5272 τὰ

444 5299 712 5378 μέλλοντα
764 5302 894 5377 ὑμῖν
946 5298 1290 5378 συμϐαίνειν,
1322 5299 1731 5382 παρασκευάσει
1761 5304 1929 5381 ὖμᾶς,
1978 5307 2050 5372 ὡς

443 5390 520 5467 μὴ
556 5389 878 5472 ἀφυλάκτως
918 5388 971 5459 ἕξ
1005 5390 1220 5469 ἀγνοίας
1243 5392 1515 5470 ἐμπεσεῖν.
1552 5418 1576 5445 ι
1611 5390 1839 5462 Δοξάσει
1867 5390 1923 5452 δὲ
1953 5394 2047 5453 καὶ

440 5482 555 5557 ἐμέ·
586 5508 616 5540 ι
661 5486 716 5543 iv
746 5481 856 5565 γὰρ
892 5484 971 5561 τῷ
1013 5482 1131 5561 ἐμῷ
1158 5480 1381 5558 ὀνόματι
1420 5482 1600 5543 πάντα
1645 5481 1737 5542 καὶ
1784 5482 2052 5560 λαλήσει,

440 5573 525 5635 καὶ
560 5573 806 5650 ποιήσει,
846 5570 947 5633 καὶ
990 5570 1141 5631 οὐδὲν
1202 5570 1438 5633 ἐναντίον
1486 5575 1614 5653 ἐρεῖ·
1664 5572 1805 5634 ὥστε
1848 5597 1916 5653 με
1965 5575 2051 5635 διὰ

484 5770 527 5803 τθ
554 5772 578 5829 Ι
606 5768 747 5829 Cor.
778 5765 974 5833 11,11-

2165 4590 2249 4638 est
2288 4580 2386 4639 Dei
2418 4578 2733 4636 futurorum
2774 4579 3034 4652 cognitio.
3072 4580 3212 4636 Nam
3259 4580 3383 4652 quia
3433 4579 3569 4638 nihil
3611 4582 3761 4640 aliud

2164 4668 2528 4728 desiderabile
2570 4667 2647 4723 ita
2698 4677 2783 4725 est
2810 4667 3069 4726 humana:
3116 4677 3327 4726 natura:
3356 4677 3419 4726 ut
3446 4667 3761 4727 futurorum

2162 4760 2428 4834 cognitio,
2479 4757 2798 4815 consolatur
2845 4758 3125 4831 apostolos
3167 4767 3223 4816 et
3249 4774 3316 4817 ex
3375 4759 3499 4817 hoc.
3544 4764 3607 4818 In
3636 4767 3759 4818 tan-

2162 4859 2285 4908 tum
2314 4848 2490 4912 enim,
2519 4848 2720 4922 inquit,
2751 4847 3050 4905 benefaciet
3074 4848 3247 4919 vobis,
3276 4858 3339 4907 ut
3361 4858 3416 4907 et
3444 4849 3762 4910 futurorum

2162 4940 2571 5015 praescientiam
2598 4939 2778 5006 vobis,
2803 4954 2927 5012 quae
2957 4940 3204 4997 maxima
3227 4941 3483 4998 omnium
3522 4942 3759 5010 videtur,

2158 5031 2386 5089 datume
2415 5030 2502 5087 sit.
2537 5031 2812 5087 Praeterea
2841 5030 2973 5103 quia
3012 5030 3083 5086 ad
3108 5032 3445 5088 tentationes
3470 5031 3757 5089 erudiendi

2161 5129 2339 5189 erant,
2371 5120 2469 5177 Ille
2517 5135 2616 5177 vos
2655 5120 3012 5193 praeparabit,
3059 5120 3261 5194 inquit,
3311 5120 3380 5178 ad
3423 5119 3605 5178 futura
3633 5136 3759 5195 quae

2160 5211 2314 5268 vobis
2363 5209 2705 5283 contingent,
2752 5225 2823 5267 ne
2859 5226 2959 5285 per
2987 5209 3353 5283 ignorantiam
3403 5210 3609 5285 absque
3659 5226 3758 5267 cu-

2162 5300 2318 5359 stode
2345 5300 2605 5357 incidatis
2630 5300 2688 5357 in
2712 5300 2824 5358 illa.
2855 5319 2882 5355 α
2918 5298 3261 5358 Gloriﬁcabit
3292 5307 3479 5356 autem
3503 5308 3561 5357 et
3584 5316 3693 5359 me.
3725 5322 3753 5356 »

2163 5394 2226 5448 In
2254 5392 2483 5449 nomine
2529 5391 2679 5448 enim
2726 5405 2849 5447 meo
2878 5390 3061 5447 omnia
3098 5398 3154 5446 et
3192 5389 3449 5462 loquetur
3489 5400 3548 5447 et
3573 5389 3757 5461 faciet,

2162 5491 2220 5539 et
2246 5482 2379 5539 nihil
2422 5482 2701 5539 diversum
2731 5479 2876 5537 dicet
2905 5500 2917 5536 :
2965 5488 3130 5553 atque
3158 5480 3233 5537 ita
3266 5487 3323 5537 et
3367 5495 3465 5554 per
3492 5482 3761 5540 miracula

2162 5587 2286 5645 qua:
2323 5587 2422 5645 per
2459 5572 2612 5629 illum
2641 5570 2793 5633 ﬁent,
2831 5572 2981 5627 Deus
3007 5570 3222 5641 credar,
3246 5586 3376 5629 cum
3424 5573 3485 5630 in
3530 5588 3629 5630 vos
3671 5572 3757 5630 di-
