4128 6456
417 449 521 504 215

1437 439 1949 496 THEOPHYLACTI
1991 441 2350 499 BULGARME
2389 443 2699 500 ARCHIEP.

3621 440 3726 493 216

422 569 668 644 scipulos
710 583 867 626 meos
907 565 1205 624 abundans
1267 563 1591 623 effundetur
1627 567 1808 640 gratia
1854 567 2021 624 etiam

2138 571 2233 628 τῶν
2274 572 2364 629 ὑπ’
2415 570 2615 631 ἐκείνου
2680 567 2977 648 γινομένων
3031 564 3316 640 θαυμάτων
3375 567 3727 636 πιστευθῆναι

419 668 546 734 post
597 674 784 715 meam
833 665 1094 726 mortem,
1149 672 1280 713 cum
1339 671 1532 713 meum
1591 672 1801 714 nomen
1846 657 2021 730 magis

419 748 652 821 fulgebit
689 767 702 804 :
748 746 898 822 quod
940 746 1077 803 citra
1117 746 1558 803 controversiam
1599 761 1801 820 magna
1850 747 2022 820 gloria

425 846 533 909 est,
576 837 622 895 si
667 836 791 910 quis
828 835 1194 909 ignominiose
1239 835 1472 904 occisus,
1501 835 1680 908 magis
1726 836 2025 893 clarescere

421 926 667 999 incipiat.
736 923 949 982 Deinde
1018 924 1148 997 quia
1201 922 1527 980 audiverant
1585 924 1897 981 Dominum
1945 923 2022 982 di-

427 1024 666 1080 centem,
703 1032 735 1068 α
775 1016 934 1072 Unus
974 1022 1153 1070 vester
1179 1021 1264 1070 est
1290 1013 1553 1087 magister
1593 1012 1848 1070 Christus
1875 1013 1951 1084 τι,
1992 1034 2022 1067 ι)

424 1114 490 1163 ut
510 1121 580 1162 ne
599 1103 1074 1175 existimentiQuia
1101 1118 1247 1160 unus
1266 1104 1527 1176 magister
1553 1111 1613 1160 tu
1637 1118 1718 1173 es,
1744 1104 2026 1176 quomodo

427 1193 568 1252 dicis
619 1193 782 1251 nobis
821 1200 878 1250 et
930 1193 1101 1250 alium
1162 1191 1282 1250 fore
1326 1193 1659 1266 magistrum
1713 1194 2027 1267 Spiritum?

427 1283 631 1354 subdit,
666 1302 695 1337 ιι
717 1283 842 1357 quia
862 1285 947 1340 De
965 1297 1090 1338 meo
1111 1281 1365 1354 accipiet,
1397 1301 1424 1336 ιι
1448 1282 1554 1339 hoc
1573 1290 1676 1350 est,
1703 1298 1770 1340 ex
1797 1282 1885 1340 his
1903 1299 2028 1357 qua:

428 1372 579 1440 novi,
608 1380 665 1431 et
691 1389 756 1429 ex
778 1387 901 1429 mea
929 1370 1176 1430 scientia.
1210 1371 1308 1428 Vel
1333 1379 1392 1428 et
1417 1371 1574 1428 aliter
1607 1389 1620 1428 :
1657 1390 1685 1424 ιι
1709 1374 1792 1429 De
1818 1388 1964 1442 meo,
1997 1397 2024 1423 ι

427 1463 537 1520 hoc
555 1471 662 1531 est,
683 1461 755 1519 de
774 1477 900 1519 meo
921 1461 1200 1529 thesauro,
1222 1461 1315 1534 qui
1336 1461 1543 1518 scilicet
1565 1461 1737 1518 Patris
1751 1471 1854 1519 est.
1879 1463 2028 1534 Quo-

431 1553 591 1610 niam
629 1552 778 1609 enim
809 1570 839 1606 α
891 1553 1247 1625 Quaecunque
1283 1551 1446 1608 habet
1475 1554 1658 1621 Pater,
1693 1568 1814 1610 mea
1841 1563 1970 1610 sunt
1991 1573 2020 1609 ν

432 1651 488 1699 et
507 1657 646 1700 mea:
661 1642 869 1700 divitiae.
891 1659 906 1696 :
931 1641 1248 1698 Paracletus
1265 1649 1449 1698 autem
1470 1657 1535 1697 ex
1555 1644 1716 1699 Patre
1735 1641 1989 1715 loquetur
2008 1662 2022 1701 :

434 1731 805 1789 verisimiliter
846 1730 972 1788 dico
1001 1729 1152 1803 quod
1187 1747 1216 1783 at
1253 1733 1338 1786 De
1365 1745 1491 1787 meo
1517 1740 1839 1803 accepturus
1868 1733 1961 1801 sit,
1993 1752 2022 1786 ν

2130 658 2303 735 Θεὸν,
2357 663 2482 739 ὑμῖν
2530 669 2637 729 τοῖς
2685 660 2830 740 ἐμοῖς
2866 665 3127 740 μαθηταῖς
3175 655 3515 738 ἐπιχυθείσης
3561 657 3731 714 πλου-

2130 749 2248 818 σίας
2304 755 2400 824 τῆς
2448 750 2697 832 χάριτος,
2747 749 2838 809 καὶ
2892 747 3028 827 μετᾶ
3080 746 3170 807 τὸν
3208 746 3334 824 ἐμὸν
3364 745 3589 806 θάνατον
3630 750 3727 805 τοῦ

2131 842 2259 918 ἐμοῦ
2314 839 2572 919 ὀνόματος
2625 840 2928 917 λάμποντος
2979 840 3202 918 μᾶλλον·
3248 836 3277 897 6
3333 833 3458 905 δόξα
3513 832 3724 915 μεγάλη

2132 930 2245 990 ἐστὶ
2286 930 2378 990 καὶ
2419 930 2812 1012 ἀναμφίλεκτος
2831 975 2847 1002 ,
2877 929 3003 988 ὅταν
3032 931 3061 988 6
3089 927 3366 1012 νεκρωθεὶς
3406 924 3499 985 καὶ
3527 927 3728 1004 ἀτιμα-

2134 1019 2270 1088 σθεὶς
2287 1067 2304 1096 ,
2344 1021 2481 1097 μετὰ
2508 1008 2679 1080 ταῦτα
2708 1021 2910 1097 μᾶλλον
2937 1019 3156 1098 λάμπῃ.
3197 1008 3335 1078 Εἶτα
3357 1012 3544 1086 ἐπειδὴ
3569 1014 3730 1088 ἤκου-

2134 1134 2232 1169 σαν
2261 1114 2351 1170 τοῦ
2384 1109 2581 1191 Κυρίου
2621 1109 2864 1190 λέγοντος
2883 1157 2900 1188 ,
2933 1109 3013 1170 ὅτι
3060 1132 3088 1166 α
3131 1098 3224 1174 Εἷς
3252 1109 3399 1185 ὑμῶν
3430 1109 3460 1166 6
3489 1109 3730 1182 καθηγη-

2134 1200 2228 1273 τὴς
2258 1203 2286 1258 6
2303 1199 2533 1281 Χριστός
2559 1203 2699 1260 ἐστιν
2719 1247 2735 1275 ,
2762 1229 2786 1253 ιι
2807 1198 2896 1260 ἵνα
2927 1199 3003 1278 μὴ
3033 1197 3346 1276 νομίσωσιν,
3373 1193 3458 1255 δτι
3493 1194 3726 1269 Ἐπειδὴ

2134 1282 2208 1359 εἷς
2237 1289 2554 1358 διδάσκαλος
2581 1291 2841 1371 ὑπάρχεις
2870 1289 3026 1356 αὐτὸς
3047 1333 3063 1360 ,
3103 1291 3216 1354 πῶς
3260 1286 3431 1364 λέγεις
3458 1290 3591 1360 ἡμῖν
3635 1285 3730 1344 καὶ

2136 1380 2296 1440 ἄλλον
2326 1379 2539 1440 ἔσεσθαι
2569 1378 2890 1440 διδάσκαλον
2939 1377 3000 1437 τὸ
3040 1381 3301 1455 Πνεῦμαῖ,
3336 1374 3609 1457 ἐπιφέρει,
3649 1373 3732 1433 ὅτι

2146 1492 2173 1527 (ι
2202 1469 2306 1530 Ἐκ
2332 1475 2424 1529 τοῦ
2453 1471 2589 1547 ἐμοῦ
2613 1473 2863 1551 λήψεταιο
2906 1492 2934 1528 ι)
2990 1468 3261 1528 τουτέστιν
3283 1510 3302 1543 ,
3338 1464 3434 1534 Ἐξ
3473 1455 3547 1523 ὧν
3578 1464 3734 1534 αὐτὸς

2135 1551 2251 1622 οἶδα
2272 1605 2289 1632 ,
2319 1561 2380 1619 ἐκ
2407 1563 2500 1632 τῆς
2525 1561 2656 1637 ἐμῆς
2684 1557 2946 1638 γνώσεως.
2980 1553 3065 1618 *Η
3093 1556 3185 1618 καὶ
3219 1555 3411 1621 ἄλλως·
3433 1553 3550 1626 Τὸ,
3580 1582 3605 1606 ι
3627 1552 3732 1616 Ἐκ

2134 1654 2226 1709 τοῦ
2253 1651 2381 1730 ἐμοῦ
2402 1695 2418 1723 ,
2443 1671 2473 1708 ι)
2513 1648 2786 1710 τουτέστιν
2804 1692 2821 1720 ,
2845 1647 2946 1709 Ἕκ
2981 1652 3076 1707 τοῦ
3106 1649 3234 1721 ἐμοῦ
3266 1648 3538 1726 θησαυροῦ
3555 1689 3570 1717 ,
3598 1643 3733 1724 ὅπερ

2133 1740 2248 1798 ἐστὶ
2276 1743 2368 1799 τοῦ
2417 1738 2646 1820 Πατρός.
2678 1737 2836 1798 Ἐπεὶ
2873 1736 2978 1817 γὰρ
3011 1760 3042 1796 (ι
3067 1736 3242 1796 πάντα
3271 1734 3374 1796 ὅσα
3405 1734 3517 1814 έχει
3547 1737 3577 1792 6
3610 1737 3734 1795 Πα-

432 1822 538 1878 hoc
565 1829 670 1890 est,
708 1819 968 1876 thesauro
997 1828 1053 1876 et
1078 1819 1284 1877 divitiis
1322 1821 1591 1877 scientiae.
1624 1822 1807 1892 Quare
1835 1831 2026 1880 autem

2138 1828 2260 1909 τὴρ,
2293 1827 2399 1906 ἐμά
2445 1830 2590 1896 ἐστι,
2621 1849 2651 1886 1)
2688 1827 2778 1888 καὶ
2809 1826 2932 1904 ἐμὸς
2959 1831 3211 1898 πλοῦτος,
3237 1824 3327 1884 καὶ
3356 1823 3731 1912 ὃΫΠαράκλη-

428 1910 662 1984 Spiritus
712 1917 863 1966 tanta
918 1907 1080 1966 dedit
1123 1908 1285 1966 nobis
1330 1908 1498 1979 bona,
1551 1918 1607 1966 et
1647 1926 1764 1968 non
1805 1911 2026 1970 Filius?

427 2002 606 2074 Igitur
645 2000 891 2073 primum
919 1997 1147 2073 quidem
1196 1998 1435 2056 dicimus
1484 1999 1637 2072 quod
1682 2001 1830 2057 viam
1859 2001 2021 2058 donis

429 2091 663 2162 Spiritus
721 2089 899 2145 Filius
929 2088 1212 2159 paraverit,
1260 2095 1318 2144 et
1343 2089 1459 2161 ipse
1486 2088 1557 2144 sit
1599 2089 1793 2146 talium
1847 2090 2025 2148 bono-

430 2195 556 2235 rum
602 2187 816 2235 auctor.
865 2177 983 2233 Nisi
1029 2177 1180 2233 enim
1233 2177 1348 2248 ipse
1415 2185 1702 2249 peccatum
1747 2179 2021 2243 solvisset.

432 2267 714 2342 quomodo
738 2283 844 2322 nos
881 2266 1146 2338 Spiritum
1197 2265 1673 2326 obtinuissemus?
1710 2271 1837 2325 Non
1875 2269 2028 2325 enim

430 2357 705 2415 habitabit
751 2355 988 2429 Spiritus
1041 2355 1100 2412 in
1145 2371 1377 2428 corpore
1423 2355 1643 2414 subdito
1691 2358 1926 2430 peccatis
1957 2359 2024 2416 7'.

431 2448 582 2504 Hinc
609 2454 692 2502 est
717 2445 869 2518 quod
907 2447 952 2502 si
982 2460 1250 2518 magnum
1282 2445 1414 2518 quid
1460 2445 1613 2502 dedit
1642 2447 1898 2519 Spiritus,
1932 2464 2028 2505 oc-

429 2536 680 2594 casiones
719 2551 751 2591 a
798 2534 1014 2592 Christo
1065 2534 1279 2592 habuit.
1338 2535 1556 2592 Deinde
1607 2536 1734 2610 quia
1785 2538 2027 2594 haeretici

430 2625 653 2698 Spiritui
701 2632 860 2681 erant
911 2624 1233 2693 detractari,
1287 2625 1446 2698 quasi
1517 2625 1701 2683 minor
1754 2635 1898 2684 esset
1947 2627 2031 2685 di-

431 2716 658 2788 gnitate,
690 2730 758 2771 eo
784 2702 938 2788 quod
966 2714 1240 2785 posterius
1280 2715 1526 2784 veniret;
1558 2724 1853 2789 propterea
1885 2733 2029 2773 con-

435 2803 583 2860 cedit
611 2803 661 2860 ei
711 2803 921 2876 majora
963 2804 1180 2875 operari
1238 2818 1333 2875 per
1361 2805 1662 2876 apostolos,
1703 2813 1766 2860 ut
1806 2822 1902 2878 per
1931 2805 2027 2862 do-

433 2907 637 2949 norum
680 2890 1119 2964 magnitudinem
1170 2892 1466 2965 compulsi,
1513 2894 1598 2950 vel
1648 2894 1804 2950 inviti
1849 2894 2026 2968 digni-

432 2989 609 3039 tatem
660 2980 897 3053 Spiritus
945 2989 1268 3053 agnoscant,
1321 2989 1379 3038 et
1426 2997 1542 3038 non
1583 2983 1709 3055 quia
1759 2984 2031 3056 posterior

433 3071 711 3146 apparuit,
741 3078 1029 3143 propterea
1064 3071 1254 3126 minor
1280 3069 1557 3143 judicetur
1584 3071 1742 3129 Filio.

2138 1941 2224 1986 τος
2252 1919 2307 1978 δὲ
2353 1919 2412 1976 ἐκ
2440 1925 2533 1978 τοῦ
2573 1918 2787 1998 Πατρὸς
2828 1915 3073 1988 λαλήσει·
3105 1914 3320 1982 εἰκότως
3346 1911 3522 1992 λέγω,
3557 1941 3582 1966 α
3628 1913 3734 1974 Ἐκ

2137 2012 2231 2067 τοῦ
2259 2009 2388 2085 ἐμοῦ
2428 2006 2689 2089 λήψεται,
2719 2027 2749 2065 ιι
2788 2005 3058 2079 τουτέστι,
3107 2007 3402 2083 θησαυροῦ,
3436 2001 3528 2062 καὶ
3565 2002 3735 2062 πλού-

2137 2121 2265 2170 του,
2297 2097 2389 2156 καὶ
2429 2100 2524 2169 τῆς
2569 2095 2834 2175 γνώσεως.
2891 2095 3050 2164 Τίνος
3101 2096 3156 2154 δέ
3190 2093 3364 2154 ἕνεκεν
3407 2090 3469 2150 τὸ
3507 2094 3736 2170 Πνεῦμα

2138 2193 2370 2247 τοσαῦτα
2409 2190 2540 2262 ἡμῖν
2569 2186 2793 2246 δέδωκεν
2827 2184 3033 2262 ἀγαθὰ,
3057 2184 3150 2244 καὶ
3181 2185 3282 2264 οὐχ
3313 2185 3342 2241 6
3373 2180 3539 2260 Υἱόςς
3571 2185 3736 2263 Πρῶ-

2138 2300 2227 2336 τον
2273 2275 2368 2354 μὲν
2398 2267 2487 2335 οῦν
2520 2281 2676 2336 τοῦτο
2721 2277 2946 2355 λέγομεν
2970 2320 2987 2350 ,
3037 2273 3116 2334 ὅτι
3151 2273 3259 2346 ’τὴν
3308 2272 3424 2332 ὁδὸν
3471 2272 3591 2339 ταῖς
3639 2276 3738 2331 τοῦ

2142 2367 2456 2441 Πνεύματος
2501 2367 2724 2445 δωρεαῖς
2763 2369 2791 2424 6
2822 2367 2948 2432 Υἱὸς
2994 2364 3213 2437 ἐποίησε
3233 2409 3248 2435 ,
3279 2360 3372 2421 καὶ
3404 2361 3560 2427 αὐτός
3589 2363 3734 2420 ἐστιν

2137 2460 2166 2515 6
2214 2454 2378 2524 αἴτιος
2421 2459 2527 2515 τῶν
2575 2455 2904 2527 τηλικούτων
2942 2456 3174 2533 ἀγαθῶν.
3232 2454 3297 2512 Εἰ
3329 2451 3405 2528 μὴ
3451 2449 3553 2531 γὰρ
3578 2449 3740 2518 αὐτὸς

2139 2542 2235 2616 τὴν
2266 2544 2535 2623 ἁμαρτίαν
2562 2546 2747 2620 ἔλυσε,
2781 2547 2893 2612 πῶς
2915 2542 2982 2602 ἂν
3026 2542 3328 2618 ἠξιώθημεν
3368 2543 3525 2617 ἡμεῖς
3556 2539 3740 2599 Πνεύ-

2139 2657 2341 2713 ματοςς
2392 2635 2474 2695 Οὐ
2518 2631 2622 2715 γὰρ
2669 2633 2978 2705 κατοικήσει
3024 2633 3083 2692 τὸ
3132 2635 3361 2708 Πνεῦμα
3413 2633 3468 2690 ἐν
3519 2629 3738 2706 σώματι

2139 2723 2426 2806 καταχρέῳ
2479 2723 2791 2803 ἁμαρτίαις.
2841 2720 3013 2783 Ὥστε
3047 2722 3095 2782 εἴ
3139 2745 3190 2782 τι
3240 2720 3379 2799 μέγα
3434 2717 3631 2806 δέδωκε
3675 2719 3740 2779 τὸ

2142 2816 2366 2890 Πνεῦμα
2387 2805 2407 2885 ,⁷
2427 2815 2487 2873 ἐκ
2513 2819 2604 2872 τοῦ
2625 2815 2863 2894 Χριστοῦ
2886 2811 2979 2880 τὰς
3004 2810 3247 2894 ἀφορμὰς
3269 2809 3450 2889 ἔσχεν.
3483 2805 3741 2883 Ἔπειτα,

2141 2903 2257 2962 ἐπεὶ
2285 2904 2333 2961 οἱ
2384 2901 2639 2982 αἱρετικοὶ
2681 2903 2904 2981 ἔμελλον
2950 2901 3261 2982 σμικρύνειν
3289 2904 3382 2958 τοῦ
3421 2897 3739 2976 Πνεύματος

2139 2991 2236 3064 τὴν
2262 2990 2410 3061 ἀξίαν
2441 2994 2502 3051 ἐκ
2529 2996 2624 3051 τοῦ
2665 2991 2885 3072 ὕστερον
2917 2992 3117 3063 ἐλθεῖν,
3151 2988 3337 3051 τούτου
3378 2987 3552 3048 ἕνεκεν
3592 2992 3744 3069 αὐτῷ

2142 3089 2464 3163 παραχωρεῖ
2490 3080 2559 3141 τὰ
2605 3081 2819 3159 μείζονα
2851 3083 2903 3141 ἐν
2937 3089 3045 3148 τοῖς
3077 3078 3392 3148 ἀποστόλοις
3439 3077 3744 3158 ἐνεργῆσαι·

434 3160 525 3252 ἵνα
555 3159 644 3252 διᾷ
677 3164 769 3252 τῆς
813 3163 921 3252 τῶν
962 3160 1192 3252 δωρεῶν-
1217 3160 1629 3252 μεγαλειότητος
1675 3165 2130 3252 ἀναγκαζόμενοι,
2161 3159 2254 3232 καὶ
2295 3159 2538 3246 άκοντες,
2581 3172 2836 3252 ἐπιγνῶσι
2885 3170 2984 3245 τὴν
3036 3169 3187 3240 ἀξίαν
3239 3173 3328 3230 τοῦ
3381 3167 3740 3249 Πνεύματος,

434 3250 529 3310 καὶ
561 3250 636 3329 μὴ
667 3249 799 3309 διότι
831 3249 1051 3331 ὕστερον
1094 3249 1285 3330 ἐφάνη,
1338 3249 1425 3309 διὰ
1462 3256 1618 3311 τοῦτο
1658 3251 1878 3313 ἔλαττον
1907 3259 2111 3337 κριθείη
2140 3267 2232 3321 τοῦ
2273 3262 2430 3326 Υἱοῦ.

512 3358 692 3414 Vsus.
753 3361 940 3413 16-18.

436 3455 494 3504 et
531 3447 739 3502 iterum
788 3445 1051 3517 pusillum
1089 3450 1146 3501 et
1171 3445 1426 3503 videbitis
1460 3462 1570 3517 me,
1616 3449 1746 3522 quia
1787 3451 1926 3508 vado
1962 3453 2031 3510 ad

433 3539 677 3594 Patrem.
716 3537 991 3593 Dixerunt
1033 3552 1162 3609 ergo
1214 3537 1440 3609 quidam
1479 3553 1544 3593 ex
1585 3537 1871 3613 discipulis
1915 3542 2032 3616 ejus

433 3626 578 3683 inter
601 3642 659 3682 se
691 3625 879 3700 :Quid
926 3634 1012 3682 est
1039 3624 1145 3682 hoc
1191 3626 1339 3698 quod
1369 3626 1504 3683 dicit
1530 3628 1711 3698 nobis,
1761 3631 2027 3690 Pusillum

436 3725 493 3773 et
523 3731 637 3772 non
665 3715 865 3772 videtis
891 3730 1006 3780 me,
1057 3723 1113 3771 et
1139 3714 1340 3772 iterum
1376 3717 1640 3789 pusillum
1681 3726 1737 3774 et
1781 3719 2032 3780 videbitis

434 3821 542 3871 me,
594 3813 651 3862 et
685 3805 828 3876 Quia
882 3804 1024 3862 vado
1071 3804 1142 3862 ad
1187 3809 1444 3863 Patrem?
1501 3808 1776 3866 Dicebant
1824 3826 1954 3884 ergo
2013 3831 2029 3870 :

433 3895 575 3969 Quid
602 3903 688 3952 est
737 3896 844 3952 hoc
871 3894 1021 3968 quod
1058 3894 1193 3951 dicit
1220 3896 1527 3969 pusillum?
1554 3899 1832 3956 nescimus
1861 3902 2028 3974 722

434 3985 566 4060 quid
648 3985 919 4058 loquatur.
986 4007 1011 4033 ν
1061 3987 1242 4055 Quare
1317 3985 1570 4043 Christus
1625 4004 1906 4046 recessum
1975 4000 2032 4047 et

435 4083 674 4131 mortem
711 4088 870 4129 suam
914 4073 970 4128 in
1009 4075 1341 4130 memoriam
1391 4076 1473 4130 eis
1519 4075 1751 4146 reducit,
1779 4079 2032 4151 quamvis

435 4163 610 4236 magis
652 4161 973 4218 occultanda
1015 4160 1340 4220 videantur?
1369 4167 1620 4221 Mentem
1650 4182 1847 4224 eorum
1875 4184 2030 4225 exer-

434 4252 612 4320 cebat,
662 4256 719 4306 et
759 4250 1134 4323 probatiorem
1189 4251 1517 4310 efﬁciebat:
1562 4263 1850 4328 propterea
1886 4273 2029 4315 sem-

435 4356 534 4414 per
606 4354 1056 4397 commemorans
1121 4341 1335 4410 tristia,
1403 4342 1694 4401 assuet‘acit
1761 4346 1902 4416 illos,
1978 4356 2034 4405 et

436 4429 509 4486 ad
538 4429 1010 4502 exspectationem
1061 4429 1283 4488 illorum
1319 4432 1597 4503 provehit,
1641 4450 1711 4491 ne
1732 4434 1775 4490 si
1805 4445 2032 4508 repente

436 4520 706 4590 eveniant,
740 4527 1156 4592 perterreantur
1188 4538 1201 4576 :
1231 4521 1394 4578 simul
1439 4531 1635 4580 autem
1687 4533 1744 4580 ct
1772 4525 2028 4600 adjungit

431 4610 683 4667 tritibus
724 4609 871 4667 laeta.
905 4610 1080 4682 Igitur
1108 4611 1188 4667 sic
1216 4613 1322 4668 hoc
1370 4611 1513 4681 loco,
1565 4636 1592 4662 ι
1633 4615 1936 4684 Pusillum,
1979 4627 2034 4675 et

441 4717 556 4807 hon
597 4699 932 4807 videtis'me
966 4724 991 4750 »
1020 4699 1231 4768 dicens,
1272 4701 1343 4759 ad
1386 4703 1542 4760 triste
1579 4705 1768 4762 statim
1823 4705 2035 4765 addidit
2059 4743 2111 4807 Β

435 4790 638 4847 letum
658 4788 926 4861 quiddam
953 4807 967 4844 :
999 4812 1026 4838 «ι
1057 4791 1129 4845 Et
1158 4791 1356 4847 iterum
1383 4792 1668 4864 pusillum,
1694 4803 1750 4851 et
1777 4795 2033 4854 videbitis

434 4895 550 4947 me,
584 4901 610 4927 ν
639 4885 715 4946 et,
746 4877 831 4935 Ad
858 4882 1042 4936 Deum
1071 4879 1234 4949 vado,
1271 4882 1363 4953 qui
1392 4897 1490 4938 vos
1504 4883 1700 4955 juvare
1729 4894 1910 4959 potest
1934 4907 1947 4943 :
1974 4895 2031 4944 et

435 4984 551 5026 non
595 4983 783 5040 pereo,
836 4967 936 5024 sed
989 4977 1212 5026 transeo
1263 4989 1276 5023 :
1327 4979 1382 5027 et
1415 4971 1485 5029 ad
1530 4988 1760 5044 parvum
1802 4975 2028 5047 quidem

432 5067 658 5131 tempus
695 5072 938 5114 secessus
982 5058 1108 5128 erit,
1138 5068 1326 5132 postea
1367 5069 1552 5118 autem
1593 5072 1855 5137 perpetuo
1893 5082 2030 5122 con-

432 5146 698 5204 versabor
723 5146 1023 5204 vobiscum.
1066 5148 1150 5205 Illi
1195 5147 1423 5222 quidem
1450 5167 1564 5208 non
1607 5153 2028 5225 intellexerunt;

429 5235 582 5292 unde
632 5235 938 5293 admiretur
984 5237 1256 5310 quispiam
1299 5239 1578 5311 quomodo
1627 5258 1741 5298 non
1791 5259 2026 5316 agnove-

430 5325 544 5380 rint
570 5340 695 5397 qum
722 5325 964 5384 dicebat.
999 5327 1225 5384 Videtur
1251 5343 1382 5402 ergo
1405 5329 1494 5386 vel
1526 5330 1754 5388 tristitia
1781 5340 2027 5390 mentem

1003 3380 1029 3405 α
1085 3356 1374 3426 Pusillum,
1433 3365 1489 3415 et
1530 3374 1646 3415 non
1683 3359 1877 3418 videtis
1915 3335 2028 3433 me,

2231 3373 2261 3410 (ι
2292 3351 2527 3432 Μικρὸν,
2561 3351 2653 3410 καὶ
2691 3353 2749 3410 οὐ
2779 3350 3027 3432 θεωρεῖτέ
3065 3373 3153 3428 με’
3183 3347 3275 3409 καὶ
3311 3349 3476 3409 πάλιν
3510 3347 3740 3432 μικρὸν,
3784 3335 3789 3341 Ι

2140 3439 2232 3523 καὶ
2261 3441 2455 3523 ὄψεσθέ
2481 3458 2570 3518 με·
2600 3440 2683 3501 ὅσι
2713 3440 2816 3518 ἐγὼ
2857 3439 3048 3519 ὑπάγω
3075 3441 3207 3520 πρὸς
3233 3439 3322 3498 τὸν
3356 3440 3580 3519 Πατέρα
3612 3462 3738 3516 μου.

2167 3517 2311 3589 Ξῖπον
2338 3521 2428 3589 οῦν
2461 3532 2519 3588 ἐκ
2559 3533 2662 3588 τῶν
2709 3533 2962 3609 μαθητῶν
2994 3531 3154 3589 αὐτοῦ
3185 3528 3314 3610 πρὸς
3347 3528 3633 3600 ἀλλήλους’
3665 3529 3743 3590 Τί

2139 3621 2250 3678 ἐστι
2291 3624 2448 3678 τοῦτο
2491 3617 2519 3676 ὃ
2566 3619 2710 3699 λέγει
2763 3619 2915 3697 ἡμῖν·
2953 3619 3197 3699 Μικρὸν,
3251 3618 3343 3678 καὶ
3396 3620 3453 3676 οὗ
3492 3618 3742 3698 θεωρεῖτέ

2140 3732 2225 3787 με’
2280 3709 2375 3769 καὶ
2429 3710 2592 3769 πάλιν
2652 3709 2880 3788 μικρὸν,
2921 3709 3013 3768 καὶ
3063 3707 3258 3790 ὄψεσθέ
3313 3731 3412 3790 με,
3458 3707 3550 3766 καὶ
3601 3707 3740 3768 Ὅτι

2138 3798 2328 3877 ὑπάγω
2352 3799 2482 3880 πρὸς
2513 3799 2602 3859 τὸν
2632 3797 2859 3879 Πατέρα
2891 3821 3030 3876 μου;
3065 3789 3294 3876 1Ἐλεγον
3327 3789 3434 3856 οὖν*
3477 3799 3654 3857 Τοῦτο
3685 3797 3741 3858 τί

2139 3891 2317 3966 ἐστιν,
2356 3887 2385 3946 6
2434 3887 2575 3968 λέγει
2605 3889 2668 3947 τὸ
2717 3887 2938 3969 μικρὸν,
2980 3889 3074 3947 οὐκ
3124 3887 3342 3964 οἴδαμεν
3393 3885 3446 3946 τί
3475 3887 3652 3947 λαλεῖ.
3695 3907 3730 3944 ι)

2138 3980 2189 4038 Τ
2193 3977 2294 4043 ίνος
2353 3976 2526 4036 ἕνεκεν
2581 3977 2744 4038 πάλιν
2800 3978 2976 4044 αὐτοῖς
3024 3981 3052 4036 6
3095 3977 3324 4057 Χριστὸς
3370 3975 3438 4036 τὰ
3467 3974 3587 4055 περὶ
3639 3979 3741 4047 τῆς

2141 4067 2532 4148 ἀναχωρήσεως
2582 4067 2674 4126 καὶ
2741 4073 2835 4126 τοῦ
2892 4067 3118 4127 θανάτου
3175 4068 3336 4125 αὐτοῦ
3385 4068 3458 4133 εἷς
3515 4063 3738 4142 μνήμην

2140 4155 2290 4235 ἄγει,
2322 4157 2497 4216 καίτοι
2545 4157 2652 4216 ἔδει
2704 4158 2907 4234 μᾶλλον
2950 4155 3246 4238 συγκρύψαι
3275 4161 3477 4230 ταῦτα;
3525 4157 3570 4216 Γ
3570 4155 3742 4231 υμνάο

2140 4248 2242 4314 ζων
2291 4247 2466 4305 αὐτῶν
2518 4247 2615 4318 τὴν
2649 4247 2915 4320 διάνοιαν,
2958 4245 3050 4307 καὶ
3085 4247 3447 4326 δοκιμωτέραν
3496 4247 3738 4325 ἀπεργα-

2140 4335 2385 4409 ζόμενος,
2417 4335 2508 4396 καὶ
2539 4336 2626 4396 διὰ
2667 4341 2823 4396 τοῦτο
2855 4338 2938 4395 ἀεὶ
2960 4334 3286 4415 μνημονεύει
3313 4339 3417 4394 τῶν
3449 4337 3736 4414 λυπηρῶν,

2141 4427 2212 4494 εἷς
2247 4426 2559 4504 συνεθισμὸν
2599 4425 2790 4493 αὐτοὺς
2821 4426 2966 4506 ἄγων
2987 4472 3004 4504 ,
3045 4426 3137 4485 καὶ
3162 4428 3235 4492 εἰς
3261 4423 3587 4505 προσδοκίαν
3615 4424 3740 4483 τού-

2139 4539 2276 4587 των,
2310 4514 2397 4574 ἵνα
2441 4514 2515 4594 μὴ
2565 4519 2642 4599 τῷ
2691 4515 2868 4596 ἀθρόῳ
2899 4519 3338 4596 καταπλαγῶσιν·
3377 4513 3493 4592 ἅμα
3549 4512 3604 4573 δὲ
3645 4514 3741 4574 καὶ

2139 4605 2466 4687 προσπλέκει
2493 4609 2599 4673 τοῖς
2647 4608 2908 4687 λυπηροῖς
2953 4606 3022 4665 τὰ
3052 4608 3500 4687 ψυχαγωγοῦντα·
3553 4601 3740 4685 ὥσπερ

2141 4686 2230 4754 οὖν
2281 4698 2580 4768 κάνταῦθα,
2646 4722 2671 4749 αι
2721 4686 2963 4776 Μικρὸν,
3019 4695 3111 4755 καὶ
3159 4686 3226 4754 οὐ
3286 4693 3530 4774 θεωρεῖτέ
3583 4716 3650 4771 με
3700 4716 3730 4752 ››

2141 4785 2304 4846 εἰπὼν
2351 4787 2413 4847 τὸ
2484 4786 2724 4868 λυπηρὸν
2745 4831 2762 4860 ,
2821 4787 3060 4868 ἐπήγαγε
3130 4787 3221 4846 καὶ
3279 4785 3341 4845 τὸ
3398 4785 3738 4867 εὖφρόσυνονο

2151 4897 2180 4934 (ι
2210 4876 2320 4938 Καὶ
2361 4876 2524 4936 πάλιν
2550 4876 2773 4958 μικρὸν,
2808 4877 2900 4936 καὶ
2931 4875 3126 4958 ὄψεσθέ
3169 4900 3254 4954 με·
3278 4897 3308 4933 ι)
3353 4876 3445 4935 καὶ
3479 4875 3560 4933 ὅτι
3596 4874 3739 4953 Πρὸς

2141 4965 2230 5026 τὸν
2253 4966 2394 5028 Θεὸν
2425 4965 2601 5044 ἄνειμι
2622 5011 2637 5040 ,
2663 4966 2751 5025 τὸν
2781 4967 3069 5044 δυνάμενον
3093 4970 3218 5044 ὑμῖν
3248 4969 3458 5046 βοηθεῖν
3475 5009 3492 5038 ,
3526 4962 3618 5023 καὶ
3643 4965 3739 5022 οὔκ

2143 5056 2476 5134 ἀπόλλυμαι,
2510 5056 2650 5117 ἀλλὰ
2698 5056 3042 5135 μεθίσταμαι·
3075 5055 3166 5115 καὶ
3214 5055 3342 5134 πρὸς
3373 5054 3548 5133 ὀλίγον
3581 5052 3678 5131 μὲν
3709 5057 3740 5112 6

2139 5145 2450 5228 χωρισμὸς,
2502 5147 2709 5214 αἰώνιος
2756 5146 2811 5206 δὲ
2859 5151 2894 5219 ἡ
2948 5149 3063 5224 μεθ’
3101 5149 3248 5225 ὑμῶν
3289 5147 3360 5212 εἰς
3394 5146 3455 5204 τὸ
3492 5143 3608 5213 ἑξῆς
3658 5143 3738 5202 δι-

2140 5236 2350 5317 αγωγή.
2381 5235 2615 5298 Ἐκεῖνοι
2646 5235 2826 5315 μέντοι
2855 5237 2915 5296 οὗ
2953 5236 3219 5296 συνίεσαν·
3251 5234 3367 5294 ὅθεν
3406 5235 3498 5294 καὶ
3528 5232 3734 5311 θαυμά-

2139 5349 2276 5386 σειεν
2325 5325 2388 5385 ἄν
2416 5350 2504 5404 τι,
2549 5329 2665 5394 πῶς
2711 5330 2806 5387 οὐκ
2850 5325 3203 5404 ἐπεγίνωσκον
3234 5325 3268 5384 ἃ
3310 5324 3475 5403 λέγει.
3511 5322 3731 5385 Ἔοικεν

430 5427 625 5469 eorum
695 5416 832 5473 adeo
906 5417 1198 5487 invasisse,
1256 5426 1320 5475 ut
1395 5418 1699 5492 abjicerent
1747 5421 2025 5480 dictorum

2138 5405 2227 5475 οὖν
2257 5420 2292 5489 ἡ
2322 5415 2467 5490 λύπη
2512 5419 2687 5477 αὐτῶν
2731 5417 2829 5492 τὴν
2865 5415 3096 5476 διάνοιαν
3140 5419 3532 5496 κατασχοῦσα,
3569 5411 3734 5474 ἐκϐα-

433 5502 764 5559 memoriam
785 5545 802 5573 ,
863 5507 945 5562 vel
1003 5515 1225 5580 propter
1294 5507 1688 5566 obscuritatem
1735 5511 2029 5568 verborum

2138 5507 2246 5566 λεῖν
2297 5505 2395 5578 τὴν
2433 5506 2650 5582 μνήμην
2689 5509 2798 5565 τῶν
2850 5505 3182 5586 λεγομένων,
3219 5503 3256 5578 ἢ
3301 5503 3410 5565 ἀπὸ
3455 5508 3551 5577 τῆς
3599 5505 3734 5563 ἀσα-

431 5591 616 5646 evenit
651 5606 724 5646 ne
752 5593 1141 5668 intelligerent.
1183 5595 1318 5654 Ideo
1345 5601 1507 5656 Jesus
1544 5599 1760 5656 videtur
1786 5601 1868 5659 eis
1893 5618 2024 5659 con-

502 5741 542 5776 "
585 5741 787 5798 Matth.
829 5758 1017 5816 xxm,
1054 5753 1112 5803 8.
1140 5747 1185 5782 ⁷³
1216 5749 1341 5821 Sap.
1378 5765 1424 5819 1,
1454 5756 1509 5806 4.

2132 5595 2282 5676 φείας
2313 5597 2419 5655 τῶν
2450 5596 2704 5677 ῥημάτων
2724 5644 2741 5672 ,
2783 5597 2842 5656 τὸ
2872 5597 2948 5672 μὴ
2996 5597 3229 5656 συνιέναι
3268 5595 3446 5661 αὐτοῖς
3479 5591 3719 5672 ἐπιγενέ-
