4128 6456
337 464 438 518 217

1150 454 1540 513 ENARRATIO
1579 455 1644 511 IN
1683 451 2117 510 EVANGELIUM
2152 452 2450 511 JOANNIS.
2489 482 2559 495 —-
2598 453 2745 511 CAP.
2788 455 2918 509 XVI.

3572 461 3679 514 218

346 594 488 649 σθαι.
541 586 649 649 Διὸ
678 586 775 646 καὶ
820 588 1073 646 δοκοῦσιν
1112 582 1327 645 ἐναντία
1356 581 1475 641 τινὰ
1520 582 1696 649 αὐτοῖς
1744 580 1833 639 τὸν
1864 578 1949 651 Ἰη·

2081 580 2251 637 traria
2290 578 2547 653 quaedam
2573 579 2757 636 dicere
2790 598 2804 636 :
2850 581 2994 637 Nam
3030 580 3075 637 si
3122 580 3346 654 quidem
3373 581 3681 641 videbimus

346 686 469 740 σοῦν
513 678 869 760 φθέγγεσθαιο
926 678 998 737 Εἰ
1047 672 1141 754 μὲν
1188 670 1558 754 γὰρόψόμεθιὶ
1600 694 1692 744 σε,
1729 677 1832 730 ποῦ
1867 672 1969 728 ὕπ-

350 768 526 848 ιίγεις;
568 769 642 828 Εἰ
690 767 749 825 δὲ
792 764 1052 845 ὑπάγεις,
1083 766 1196 832 πῶς
1237 760 1594 844 ὀψόμεθάρες
1649 760 1966 841 Αἰνίγματα

353 860 456 938 τδρ
485 857 708 917 ἐδόκουν
736 860 938 938 ταῦτα.

434 936 459 1002 ’.
488 944 685 1025 Ἔγνω
713 936 807 1006 οὖν
835 949 866 1005 6
893 945 1107 1016 Ἰησοῦς
1124 991 1142 1023 ,
1170 942 1251 1004 ὅτι
1279 942 1469 1015 ἤθελον
1512 942 1671 1003 αὐτὸν
1716 944 1924 1023 ἐρωτᾷν
1947 986 1964 1016 ,

364 1038 457 1097 καὶ
481 1026 634 1097 εἶπεν
677 1037 881 1102 αὐτοῖς·
916 1035 1053 1115 Περὶ
1088 1032 1274 1094 τούτου
1301 1037 1506 1106 ζητεῖτε
1538 1034 1657 1109 μετ’
1688 1031 1963 1104 ἀλλήλων,

364 1128 446 1187 ὅτι
476 1118 645 1187 εἶπον·
679 1124 930 1205 Μικρὸν,
978 1123 1073 1184 καὶ
1120 1125 1180 1182 οὖ
1229 1120 1477 1205 θεωρεῖτέ
1526 1144 1614 1199 με’
1658 1121 1751 1181 καὶ
1803 1121 1964 1182 πάλιν

372 1218 589 1297 μικρὸν,
618 1215 715 1275 καὶ
756 1213 951 1295 ὄψεσθέ
987 1237 1077 1292 με.
1111 1210 1283 1291 Ἀμὴν
1304 1257 1322 1291 ,
1355 1211 1500 1290 ἀμὴν
1529 1209 1672 1289 λέγω
1697 1214 1854 1290 ὑμῖν,
1884 1208 1967 1269 ὅτι

369 1306 624 1368 κλαύσετε
642 1353 661 1381 ,
692 1303 789 1364 καὶ
825 1304 1113 1383 θρηνήσετε
1143 1308 1320 1380 ὑμεῖς,
1350 1305 1379 1360 6
1422 1300 1478 1361 δὲ
1502 1300 1701 1380 κόσμος
1728 1299 1965 1382 χαρήσε-

361 1421 487 1468 ται,
538 1400 694 1473 ὑμεῖς
745 1393 802 1453 δὲ
840 1393 1215 1466 λυπηθήσεσθε
1238 1436 1255 1465 ,
1291 1390 1414 1452 ἀλλ’
1460 1394 1495 1463 ἡ
1525 1390 1672 1464 λύπη
1703 1394 1852 1468 ὑμῶν
1892 1393 1966 1458 εἷς

354 1486 536 1567 χαρὰν
565 1484 874 1566 γενήσεται.
913 1482 987 1544 Ἦ
1014 1481 1177 1563 γυνὴ,
1214 1481 1342 1541 ὅταν
1372 1479 1529 1562 τίκτῃ
1550 1527 1567 1555 ,
1597 1481 1773 1553 λύπην
1810 1479 1925 1561 ἔχει
1944 1526 1961 1555 ,

352 1578 436 1635 ὅτι
470 1568 633 1647 ἦλθεν
656 1579 691 1647 ἡ
732 1574 845 1656 ὥρα
876 1574 1059 1646 αὐτῆς*
1092 1575 1219 1633 ὅταν
1245 1571 1301 1632 δὲ
1332 1571 1563 1652 γεννήσῃ
1607 1570 1669 1631 τὸ
1714 1570 1960 1651 παιδίον,

356 1668 457 1726 οὐκ
503 1666 585 1724 ἔτι
621 1662 948 1742 μνημονεύει
975 1668 1072 1735 τῆς
1103 1662 1325 1744 θλίψεως
1355 1662 1442 1723 διὰ
1489 1661 1586 1734 τὴν
1631 1660 1808 1742 χαρὰν
1830 1706 1848 1734 ,
1880 1661 1961 1744 ότι

354 1741 627 1835 ἐγεννήθη
670 1741 945 1835 ἄνθρωπος
995 1755 1069 1821 εἰς
1111 1741 1213 1813 τὸν-
1243 1753 1469 1831 κόσμον.
1517 1741 1639 1812 Καὶν
1662 1741 1824 1829 ίῦμεῖς
1869 1741 1958 1811 οὖν

352 1846 536 1917 λύπην
569 1844 667 1924 μὶν
700 1851 789 1903 ν’ὖν
821 1844 1002 1925 ἔχετε,
1032 1842 1192 1903 πάλιν
1215 1842 1270 1903 δὲ
1300 1843 1502 1924 ὄψομαι
1530 1845 1704 1921 ὑμᾶς,
1740 1842 1832 1901 καὶ
1861 1864 1961 1920 χα-

2076 676 2149 737 te,
2183 685 2292 742 quo
2335 669 2523 726 vadis?
2552 669 2598 726 si
2632 678 2818 726 autem
2844 669 3017 737 vadis,
3046 670 3326 742 quomodo
3372 670 3679 734 videbimus

2076 763 2165 817 te?
2191 759 2463 819 Videntur
2491 759 2641 820 enim
2671 760 2793 821 haec
2820 759 3112 837 mnigmata
3141 776 3281 821 esse.

2147 954 2319 1008 Vsus.
2352 956 2540 1008 19-22.
2571 973 2598 1002 ιι
2627 952 2895 1025 Cognovit
2916 960 3100 1011 autem
3125 955 3159 1008 J
3162 968 3287 1011 esus
3307 954 3457 1028 quod
3475 955 3677 1014 Vellent

2074 1041 2417 1115 interrogare
2439 1057 2498 1098 se
2517 1049 2571 1098 et
2588 1040 2727 1098 dixit
2746 1042 2825 1099 eis
2847 1060 2861 1098 :
2894 1045 2981 1099 De
3000 1042 3106 1099 hoc
3124 1045 3371 1116 quaeritis
3390 1046 3534 1103 inter
3557 1062 3675 1115 vos,

2072 1131 2221 1203 quod
2249 1131 2361 1187 dixi
2395 1149 2409 1188 :
2442 1132 2731 1201 Pusillum,
2759 1140 2814 1188 et
2841 1148 2954 1189 non
2984 1132 3184 1190 videtis
3214 1150 3305 1191 me
3337 1150 3350 1186 :
3383 1141 3441 1191 et
3469 1134 3674 1193 iterum

2073 1220 2358 1292 pusillum,
2386 1229 2444 1277 et
2470 1221 2731 1278 videbitis
2755 1238 2866 1278 me.
2903 1224 3105 1288 Amen,
3131 1239 3293 1280 amen
3321 1224 3446 1281 dico
3474 1225 3627 1283 vobis
3655 1245 3670 1284 :

2072 1310 2370 1368 Plorabitis
2394 1318 2452 1367 et
2464 1311 2905 1368 lamentabimini
2931 1329 3049 1379 vos,
3069 1312 3313 1370 mundus
3331 1323 3522 1371 contra
3544 1331 3673 1388 gau-

2069 1398 2220 1457 debit
2250 1420 2264 1457 :
2286 1416 2384 1457 vos
2411 1410 2597 1458 autem
2617 1417 2857 1459 maerore
2876 1400 3212 1472 afficiemini,
3239 1403 3336 1461 sed
3362 1420 3569 1462 mceror
3584 1422 3673 1463 ve-

2069 1498 2183 1547 ster
2207 1498 2453 1548 vertetur
2481 1492 2537 1547 in
2561 1491 2845 1564 gaudium.
2869 1492 3067 1549 Mulier
3085 1509 3213 1550 cum
3234 1494 3399 1564 parit,
3421 1494 3672 1553 dolorem

2070 1578 2257 1650 habet,
2283 1580 2411 1653 quia
2430 1581 2578 1637 venit
2604 1580 2735 1637 hora
2755 1582 2872 1654 ejus
2902 1600 2916 1638 :
2943 1598 3073 1638 cum
3095 1590 3281 1639 autem
3307 1585 3521 1655 peperit
3540 1602 3673 1657 pue-

2066 1685 2214 1735 rum,
2253 1669 2372 1742 jam
2413 1684 2529 1727 non
2557 1670 2809 1727 meminit
2846 1671 3154 1741 anxietatis,
3186 1682 3483 1744 propterea
3521 1676 3672 1747 quod

2062 1758 2257 1815 audeat
2275 1758 2568 1816 hominem
2587 1769 2784 1816 natum
2805 1776 2925 1817 esse
2956 1761 3015 1816 in
3038 1762 3265 1819 mundo.
3296 1765 3365 1819 Et
3383 1780 3479 1820 vos
3506 1765 3672 1838 igitur

2065 1864 2211 1905 nunc
2237 1848 2460 1920 quidem
2490 1865 2793 1906 maerorem
2835 1849 3069 1920 habetis,
3110 1849 3209 1907 sed
3238 1852 3438 1909 iterum
3475 1853 3671 1911 videbo

359 1936 594 2016 ρήσεται
623 1936 774 2013 ὑμῶν
804 1938 839 2006 ἡ
873 1932 1096 2015 καρδία,
1133 1931 1227 1992 καὶ
1247 1932 1362 2018 μτὴν
1390 1930 1565 2014 χαρὰν
1612 1933 1759 2009 ὑμῶν
1792 1931 1949 1999 οὐδεὶς

2066 1953 2181 2006 vos,
2212 1945 2267 1994 et
2304 1937 2563 2011 gaudebit
2590 1954 2688 1995 cor
2719 1947 2993 2007 vestrum,
3043 1946 3098 1995 et
3134 1940 3398 2013 gaudium
3427 1951 3671 2001 vestrum

356 2012 499 2107 αἴρει
540 2027 635 2107 ἀφ’
660 2012 857 2101 ίῦμῶν.
893 2050 921 2077 ι
948 2012 1176 2095 Ἐπειδὴ
1226 2012 1331 2081 εἶδε
1373 2012 1496 2089 τοὺς
1541 2020 1783 2099 μαθητὰς
1826 2019 1958 2098 μηδ’

352 2114 492 2183 ὅλως
536 2114 808 2181 συνιέντας
865 2116 975 2172 τῶν
1019 2110 1316 2190 λεγομένων
1367 2109 1453 2170 διὰ
1502 2110 1602 2183 τὴν
1656 2113 1716 2170 ἐκ
1773 2109 1955 2185 λύπης

356 2205 637 2285 κάρωσιν,
693 2200 1026 2284 σαφέστερον
1079 2205 1257 2269 αὐτοῖς
1301 2200 1365 2259 τὸ
1422 2199 1678 2282 περὶτοῦ
1729 2198 1955 2260 θανάτου

354 2299 519 2353 αὐτοῦ
586 2292 763 2372 δόγμα
820 2291 1195 2371 ἐμπήγνυσιν,
1260 2288 1347 2350 ἵνα
1405 2286 1793 2356 συνεθισθέντες
1846 2294 1955 2359 τοῖς

353 2383 600 2465 ῥήμασι,
653 2381 749 2442 καὶ
780 2390 888 2449 τοῖς
931 2381 1276 2461 πράγμασιν,
1312 2380 1471 2439 αὐτὸν
1522 2376 1772 2458 γενναίως
1816 2380 1955 2459 ἐνέγ-

344 2498 508 2535 κωσι.
557 2471 666 2534 Καὶ
700 2472 765 2544 δή
802 2492 953 2553 φησι·
1016 2492 1046 2527 ιι
1100 2469 1379 2532 Κλαύσετε
1415 2469 1510 2547 μὲν
1541 2467 1637 2528 καὶ
1668 2465 1953 2548 θρηνήσετε

351 2567 507 2641 ὑμεῖς
526 2608 543 2637 ,
581 2584 612 2621 υ
650 2561 681 2622 δ
718 2566 811 2621 τοῦ
841 2560 1071 2620 θανᾶτου
1101 2558 1212 2620 ἐστὶ
1238 2564 1332 2618 τοῦ
1371 2562 1619 2637 σταυροῦο
1660 2578 1688 2615 (ι
1714 2562 1742 2618 6
1772 2556 1826 2616 δὲ
1857 2559 1949 2619 κό-

349 2676 488 2731 σμος
515 2651 842 2731 χαρήσεταιο
869 2673 898 2710 ι)
934 2648 1203 2710 τουτέστιν
1222 2694 1239 2723 ,
1271 2650 1342 2710 Οἱ
1384 2646 1449 2707 τὰ
1474 2652 1567 2708 τοῦ
1593 2646 1797 2724 κόσμου
1829 2672 1952 2728 φρο-

346 2748 554 2809 νοῦντες
598 2742 853 2804 Ἰουδαῖοι
900 2738 1266 2822 χαρήσονται,
1300 2743 1370 2806 ὡς
1411 2738 1502 2798 τὸν
1546 2738 1734 2818 ἐχθρὸν
1776 2738 1948 2797 αὐτῶν

345 2832 441 2909 ἐμὲ
473 2832 774 2899 ἀνελόντες.
832 2852 863 2889 ιι
893 2830 1037 2890 Ἀλλ’
1064 2833 1100 2901 ἡ
1148 2828 1293 2902 λύπη
1337 2830 1487 2905 ὑμῶν
1532 2830 1605 2895 εἷς
1656 2826 1834 2908 χαρὰν
1862 2851 1949 2906 γε·

346 2922 586 2995 νήσιταιο
620 2943 653 2980 ι
705 2921 891 3000 ὥσπερ
920 2912 1011 2979 οὖν
1040 2920 1132 2979 καὶ
1160 2924 1195 2993 ἡ
1225 2924 1331 2979 τῶν
1380 2917 1655 2980 Ἰουδαίων
1682 2916 1829 2997 χαρὰ
1877 2920 1949 2987 εἷς

2065 2043 2230 2083 nemo
2249 2028 2408 2085 tollet
2432 2044 2462 2084 a
2484 2028 2658 2085 vobis.
2686 2052 2711 2078 υ
2741 2031 3049 2102 Postquam
3070 2029 3208 2086 vidit
3230 2030 3524 2103 discipulos
3550 2048 3669 2090 non

2064 2116 2367 2189 intelligere
2397 2116 2565 2185 dicta,
2594 2133 2661 2174 eo
2690 2117 2838 2191 quod
2858 2119 3067 2191 gravati
3096 2128 3257 2176 erant
3278 2136 3543 2192 maerore,
3574 2124 3666 2179 in-

2061 2205 2239 2262 culcat
2301 2206 2383 2263 eis
2430 2206 2776 2264 manifestius
2827 2208 2896 2265 dc
2946 2218 3125 2265 morte
3173 2226 3293 2278 sua,
3350 2219 3414 2267 ut
3462 2215 3666 2287 assueti

2060 2296 2267 2365 verbis,
2313 2296 2483 2353 etiam
2512 2313 2571 2354 re
2597 2297 2713 2370 ipsa
2763 2313 2886 2354 eam
2927 2297 3145 2355 fortiter
3188 2297 3413 2357 ferrent.
3446 2302 3666 2359 Etenim

2060 2384 2242 2458 inquit
2268 2404 2282 2443 :
2317 2409 2341 2435 α
2370 2386 2658 2443 Plorabitis
2684 2394 2741 2443 et
2768 2387 3199 2444 lamentabimini
3230 2406 3349 2459 vos,
3384 2414 3410 2438 ι»
3440 2400 3667 2463 propter

2062 2484 2299 2531 mortem
2330 2492 2393 2532 ac
2437 2492 2659 2533 crucem
2691 2496 2706 2530 :
2750 2499 2775 2525 α
2810 2477 3055 2533 mundus
3095 2487 3284 2535 autem
3313 2480 3599 2551 gaudebit,
3634 2506 3659 2533 υ

2061 2563 2166 2621 hoc
2194 2573 2298 2633 est,
2326 2565 2508 2623 Judaei
2549 2565 2827 2623 mundana
2855 2566 3129 2638 sapientes
3169 2567 3509 2640 gaudebunt,
3532 2578 3660 2627 tan-

2055 2670 2223 2726 quam
2274 2656 2367 2727 qui
2416 2656 2806 2712 interemerint
2858 2671 2948 2712 me
3024 2657 3317 2714 inimicum
3386 2659 3659 2730 ipsorum.

2063 2767 2088 2793 ι
2130 2744 2237 2802 Sed
2265 2745 2485 2802 tristitia
2512 2753 2693 2802 vestra
2721 2747 2777 2801 in
2803 2745 3068 2818 gaudium
3098 2755 3337 2803 vertetur
3366 2766 3380 2803 :
3417 2772 3442 2797 ι»
3468 2764 3663 2821 quem-

2058 2834 2361 2891 admodum
2387 2835 2603 2893 Judaeis
2643 2851 2862 2909 quoque
2895 2852 3060 2892 suum
3107 2837 3375 2909 gaudium
3412 2839 3474 2895 in
3516 2854 3662 2896 moe-

2058 2940 2242 2981 rorem
2292 2924 2470 2995 cedet,
2521 2926 2743 2998 quando
2796 2934 2920 2999 post
2970 2941 3151 2983 meam
3201 2929 3661 2987 resurrectionem

343 3011 519 3086 λύπην
567 3014 752 3079 αὐτοῖς
794 3008 1119 3082 καταντήσει
1139 3053 1157 3083 ,
1191 3008 1320 3070 ὅταν
1350 3009 1490 3087 μετὰ
1526 3006 1625 3080 τὴν
1653 3005 1947 3067 ἀνάστασιν

2057 3030 2265 3072 nomen
2296 3031 2484 3072 meum
2520 3015 2913 3089 goriﬁcabitur.
2959 3019 3127 3073 Potes
3168 3024 3354 3074 autem
3383 3026 3440 3075 et
3466 3019 3661 3076 mundi

342 3105 406 3161 τὸ
449 3102 577 3179 ἐμὸν
625 3100 917 3174 δοξάζηται
968 3099 1161 3177 ὄνομα.
1220 3099 1463 3161 Δύνασαι
1495 3097 1550 3157 δὲ
1600 3095 1693 3157 καὶ
1742 3096 1945 3177 κόσμου

2057 3104 2338 3177 gaudium,
2378 3122 2491 3162 non
2520 3104 2851 3162 Iudaeorum
2888 3105 3155 3179 gaudium
3184 3107 3512 3181 intelligere,
3550 3125 3660 3182 quo

341 3192 545 3272 χαρὰν,
579 3193 657 3269 μὴ
686 3190 789 3263 τὴν
810 3193 917 3249 τῶν
936 3187 1206 3251 Ἰουδαίων
1222 3189 1289 3262 ἣν
1308 3188 1610 3271 ἐχάρησαν,
1634 3194 1726 3248 τοῦ
1754 3187 1949 3269 Κυρίου

2058 3194 2226 3267 gavisi
2248 3203 2399 3261 sunt,
2433 3203 2654 3251 mortuo
2696 3193 2962 3263 Domino,
3008 3195 3106 3253 sed
3143 3198 3376 3253 salutem
3419 3198 3613 3255 mundi
3644 3220 3657 3257 :

346 3282 748 3363 ἀναιρεθέντος,
779 3278 923 3340 ἀλλὰ
950 3278 1047 3357 τὴν
1070 3283 1166 3339 τοῦ
1205 3279 1410 3357 κόσμου
1442 3275 1716 3357 σωτηρίαν
1745 3281 1952 3355 νοῆσαι,

345 3361 487 3433 ὥστε
530 3361 669 3431 εἶναι
715 3369 775 3430 τὸ
806 3368 1093 3447 λεγόμενον
1136 3373 1392 3428 τοιοῦτον·
1429 3389 1460 3427 ιι
1483 3366 1670 3445 Ὑμεῖς
1719 3364 1814 3447 μὲν
1860 3369 1950 3426 λυ-

346 3460 651 3533 πηθήσεσθε
670 3505 689 3532 ,
720 3486 745 3511 ο
782 3446 1103 3519 ἀλλὰντοῧτο
1130 3457 1191 3518 τὸ
1219 3457 1348 3535 ἐμὸν
1376 3457 1541 3525 πάθος
1561 3500 1578 3530 ,
1606 3454 1684 3538 ἐφ’
1715 3446 1759 3537 ᾧ
1802 3458 1952 3535 ὑμεῖς

350 3550 636 3621 λυπεῖσθε,
687 3554 774 3608 τοῦ
824 3546 1031 3626 κόσμου
1086 3547 1285 3617 παντὸς
1345 3548 1494 3629 χαρὰ
1563 3544 1655 3605 καὶ
1709 3546 1948 3625 σωτηρία

351 3638 535 3698 ἔσται.
572 3629 704 3697 Εἶτα
732 3638 823 3698 καὶ
866 3638 1210 3719 παράδειγμα
1256 3637 1430 3697 κοινὸν
1483 3635 1721 3718 ἐπιφέρει
1747 3635 1809 3695 τὸ
1854 3640 1949 3709 τῆς

352 3727 606 3806 γυναικὸς
632 3727 722 3787 καὶ
760 3733 852 3800 τῆς
880 3728 1084 3796 ὠδῖνος.
1118 3726 1309 3805 Ταύτῃ
1344 3726 1399 3787 δὲ
1437 3730 1506 3808 τῇ
1535 3724 1817 3807 παραϐολῇ
1855 3726 1947 3785 καὶ

353 3822 403 3877 οἱ
456 3821 723 3897 προφῆται
761 3816 1088 3898 κέχρηνται,
1255 3818 1539 3898 δριμύτητι
1588 3818 1691 3875 τῶν
1744 3815 1945 3875 ὠδίνων

348 3907 447 3980 τὴν
481 3906 775 3988 ὑπερϐολὴν
799 3911 896 3979 τῆς
931 3907 1160 3984 ἀθυμίας
1191 3907 1650 3988 παραδηλοῦντες.
1683 3904 1942 3966 Τοιοῦτον

350 3999 405 4057 δέ
446 4022 496 4057 τι
526 3997 688 4075 λέγει*
722 3997 932 4066 Ὠδῖνες
974 3999 1235 4078 λήψονται
1283 4002 1422 4075 ὑμᾶς
1466 3994 1692 4074 ἀθυμίας
1712 4040 1727 4069 ,
1758 3996 1878 4054 ἀλλ’
1908 4002 1942 4071 ἡ

341 4088 468 4147 ὠδὶν
531 4092 627 4147 tuo”
676 4086 833 4147 τόκου
863 4086 1009 4145 αἰτία
1053 4086 1272 4167 γίνεται·
1322 4085 1438 4163 ἅμα
1481 4084 1535 4143 δὲ
1572 4084 1666 4146 καὶ
1697 4084 1786 4144 τὸν
1821 4086 1944 4167 περὶ

342 4178 688 4245 ἀναστάσεως
717 4174 1063 4243 πιστούμενος
1089 4176 1245 4257 λόγον
1264 4219 1282 4249 ,
1332 4174 1425 4235 καὶ
1456 4173 1735 4248 δεικνύων,
1776 4173 1855 4233 ὅτι
1884 4173 1945 4234 τὸ

336 4271 628 4327 ἀποθανεῖν
671 4263 854 4343 ὅμοιόν
884 4268 997 4325 ἔστι
1037 4268 1114 4347 τῷ
1144 4266 1254 4325 ἀπὸ
1284 4264 1492 4344 μήτρας
1542 4266 1615 4332 εἷς
1654 4266 1763 4341 φῶς
1793 4264 1945 4334 ἐξελ-

334 4364 466 4416 θεῖν.
520 4355 614 4427 Μὴ
672 4356 777 4437 γὰρ
830 4354 1173 4432 θαυμάσητε,
1223 4354 1306 4415 ὅτι
1356 4355 1446 4415 διὰ
1475 4352 1650 4427 λύπης
1680 4353 1945 4425 τοσαύτης

338 4449 566 4521 μέλλετε
618 4445 838 4525 βαδίσαι
892 4446 978 4505 ἐπὶ
1009 4445 1203 4525 χαράν·
1253 4444 1369 4505 ἐπεὶ
1413 4442 1506 4503 καὶ
1535 4448 1571 4516 ἡ
1621 4443 1801 4523 μήτηρ
1856 4442 1942 4503 διὰ

334 4540 430 4607 τῆς
458 4538 515 4595 ἐν
657 4535 803 4593 ὠδῖνι
846 4533 1023 4607 λύπης
1071 4534 1158 4594 ἐπὶ
1186 4532 1247 4594 τὸ
1293 4532 1537 4614 γενέσθαι
1569 4535 1751 4613 μήτηρ
1782 4532 1941 4615 ἔρχε-

335 4650 448 4687 ται.
492 4624 808 4688 Αἷνίττεται
834 4625 893 4683 δέ
920 4648 972 4683 τι
1010 4626 1236 4685 ἐνταῦθα
1266 4624 1359 4683 καὶ
1391 4622 1681 4701 μυστικὸν,
1712 4621 1793 4682 ὅτι
1824 4623 1944 4683 ἔλυ-

339 4739 428 4775 σεν
460 4716 617 4781 αὐτὸς
646 4715 739 4781 τὰς
767 4715 959 4781 ὠδῖνας
980 4721 1074 4775 τοῦ
1099 4716 1357 4786 θανάτου,
1392 4713 1484 4773 καὶ
1514 4714 1628 4772 νέον
1668 4712 1941 4795 ἄνθρωπον

341 4808 771 4883 ἀπογεννηθῆναι
819 4804 1105 4877 ἐποίησεν,
1152 4804 1248 4863 οὐκ
1295 4801 1377 4862 ἔτι
1423 4801 1765 4884 φθειρόμενον
1790 4847 1808 4879 ,
1849 4805 1943 4863 οὐκ

337 4894 421 4954 ἔτι
460 4894 888 4974 ἀποθνήσκοπω
940 4891 996 4963 ὅς
1041 4895 1180 4953 ἐστιν
1235 4892 1394 4961 αὐτὸς
1438 4897 1468 4953 6
1512 4891 1733 4973 Κύριος.
1790 4893 1940 4974 ⁰Ορα

337 4984 478 5065 γὰρ,
507 4986 623 5050 πῶς
658 4986 751 5043 οὐκ
776 4973 921 5042 εἶπεν
937 5028 957 5061 ,
990 4982 1071 5042 ὅτι
1100 4984 1220 5043 Οὔκ
1254 4981 1331 5042 ἔτι
1359 4981 1680 5061 μνημονεύει
1707 4986 1803 5055 τῆς
1832 4973 1942 5041 θλί-

336 5080 514 5156 ψεως,
546 5072 629 5133 ὅτι
660 5072 912 5151 ἐγεννήθη
942 5075 1077 5151 αὐτῇ
1118 5070 1361 5147 παιδίον,
1389 5074 1533 5146 ἀλλ’,
1572 5094 1602 5131 ιι
1632 5068 1765 5132 Ὅτι
1788 5073 1937 5151 ἐγεν-

332 5167 469 5237 νήθη
514 5162 790 5243 ἄνθρωπος
825 5167 899 5230 εἰς
942 5162 1031 5221 τὸν
1058 5161 1280 5240 κόσμον.
1303 5182 1335 5220 n
1374 5163 1551 5223 Τοῦτο
1581 5159 1685 5243 γὰρ
1735 5163 1795 5221 οὖ
1828 5161 1941 5239 μό-

328 5279 432 5328 την
464 5252 632 5319 οὕτως
679 5243 859 5324 εἶπεν,
907 5250 1047 5311 ἀλλὰ
1100 5252 1267 5311 θέλων
1325 5252 1661 5333 ἐμφαντικῶς
1700 5250 1792 5311 καὶ
1846 5275 1938 5311 κε-

330 5343 659 5427 κρυμμένοις
688 5341 1098 5419 ὑπαινίξασθαι,
1119 5340 1201 5401 ὅτι
1240 5341 1394 5409 αὐτός
1423 5344 1568 5401 ἐστιν
1612 5344 1639 5399 6
1668 5340 1940 5420 γεννηθεὶς

334 5438 651 5515 ἄνθρωπος,
686 5435 744 5493 οὐ
775 5437 853 5516 τῷ
881 5433 1135 5492 ὠδίναντι
1181 5432 1340 5493 αὐτὸν
1387 5431 1488 5515 ᾅδῃ
1538 5429 1678 5491 ἀλλὰ
1721 5434 1797 5511 τῷ
1844 5432 1937 5492 κό-

333 5548 483 5605 σμῳ.
517 5523 689 5600 Ἡμῖν
718 5523 820 5603 γὰρ
863 5522 1122 5603 ἐγεννήθη
1159 5520 1210 5591 ἐξ
1246 5523 1586 5590 ἀναστάσεως
1632 5526 1661 5581 6
1689 5520 1802 5589 νέος
1843 5521 1936 5581 ἄν·

332 5621 543 5693 θρωπος
571 5614 665 5673 καὶ
691 5614 953 5695 ἄφθαρτος
970 5656 988 5685 ,
1030 5611 1241 5685 Ἰησοῦς
1269 5612 1502 5692 Χριστὸς
1542 5615 1572 5671 6
1598 5610 1733 5679 Θεὸς
1757 5616 1936 5691 ἡμῶν.

334 5704 415 5765 Τὸ
466 5704 647 5765 τοίνυν
710 5704 1067 5786 παράδειγμα
1100 5706 1195 5775 τῆς
1243 5702 1527 5776 τικτούσης
1575 5701 1819 5781 γυναικὸς
1869 5702 1944 5781 μὴ

347 5795 417 5853 δι’
447 5794 572 5855 ὅλου
624 5792 773 5867 ζήτει
816 5790 1195 5875 προσαρμόσαι
1235 5799 1346 5860 τοῖς
1389 5790 1512 5873 περὶ
1567 5790 1656 5853 τὸν
1703 5791 1939 5873 Χριστὸν

2062 3292 2124 3341 ut
2151 3285 2225 3341 sit
2250 3300 2451 3341 sensus
2473 3285 2749 3343 dictorum
2787 3305 2801 3341 :
2850 3307 2878 3334 ι
2908 3288 3022 3342 Vos
3053 3286 3278 3359 quidem
3309 3302 3550 3344 maerore
3576 3286 3659 3344 af-

2061 3373 2340 3443 ﬁciemini,
2379 3397 2404 3423 ιι
2436 3375 2534 3432 sed
2577 3374 2695 3431 haec
2722 3390 2850 3432 mea
2877 3376 3066 3432 Passio
3109 3386 3335 3449 propter
3361 3393 3532 3450 quam
3563 3394 3662 3434 vos

2058 3464 2191 3520 estis
2232 3464 2436 3532 tristes,
2482 3464 2676 3521 mundi
2718 3465 2889 3522 totius
2932 3465 3189 3539 gaudium
3236 3474 3293 3523 et
3335 3467 3485 3523 salus
3532 3468 3656 3523 erit.

2058 3555 2287 3626 Insuper
2323 3561 2380 3610 et
2415 3555 2729 3626 exemplum
2771 3570 3068 3612 commune
3122 3554 3275 3613 addit
3314 3556 3563 3612 mulieris
3606 3565 3663 3614 et

2056 3650 2334 3715 partuum.
2383 3645 2516 3700 Haec
2559 3652 2743 3700 autem
2786 3645 3043 3715 parabola
3072 3652 3128 3700 et
3179 3645 3458 3717 propheta;
3488 3646 3654 3718 723

2054 3734 2139 3788 usi
2206 3732 2430 3789 fuerunt
2487 3732 2679 3788 dolore
2751 3743 2940 3805 partus
3004 3735 3215 3806 ingenti
3270 3734 3652 3792 excellentiam

2055 3821 2308 3879 mmroris
2343 3821 2737 3894 signiﬁcantes.
2786 3822 2917 3879 Tale
2957 3831 3142 3880 autem
3183 3822 3442 3896 quiddam
3469 3823 3607 3879 dicit
3639 3845 3651 3880 :

2053 3910 2484 3983 Apprehendent
2540 3910 2763 3983 quidem
2820 3927 2920 3969 vos
2970 3912 3190 3969 dolores
3229 3912 3649 3981 moestitudinis,

2052 4000 2152 4057 sed
2186 4000 2348 4057 dolor
2387 4000 2475 4057 ille
2516 4016 2680 4057 causa
2724 4000 2966 4058 efﬁcitur
3004 4010 3213 4074 partus.
3264 4003 3475 4058 Interea
3515 4017 3653 4058 con-

2054 4089 2245 4148 ﬁrmat
2302 4099 2356 4147 et
2388 4106 2709 4147 sermonem
2749 4090 2817 4148 de
2861 4091 3278 4159 resurrectione,
3320 4100 3377 4148 et
3417 4092 3658 4149 ostendit

2055 4180 2194 4237 mori
2232 4180 2411 4237 simile
2438 4196 2557 4237 esse
2585 4181 2636 4237 ei
2663 4181 2754 4254 qui
2784 4196 2816 4236 a
2846 4181 3004 4237 vulva
3034 4180 3089 4236 in
3133 4180 3313 4238 lucem
3342 4181 3545 4255 prodit.
3574 4185 3657 4240 Ne

2053 4271 2203 4327 enim
2246 4269 2593 4328 admiremini
2632 4270 2781 4343 quod
2828 4286 2928 4343 per
2984 4278 3195 4327 tantam
3242 4270 3528 4329 tristitiam
3583 4274 3659 4329 in-

2052 4361 2287 4432 gressuri
2316 4361 2438 4418 sitis
2474 4362 2534 4417 in
2562 4362 2851 4434 gaudium,
2895 4376 3006 4435 qua
3044 4370 3102 4418 et
3151 4371 3327 4419 mater
3371 4379 3468 4436 per
3512 4379 3657 4420 moe-

2053 4466 2238 4508 rorem
2270 4451 2329 4507 in
2370 4458 2528 4524 partu
2556 4451 2625 4508 ad
2666 4450 2772 4507 hoc
2800 4452 2966 4519 venit,
3001 4460 3061 4508 ut
3087 4451 3161 4508 sit
3185 4459 3378 4509 mater.
3407 4453 3658 4509 Insinua.

2052 4549 2141 4597 tur
2194 4548 2379 4597 autem
2421 4540 2529 4597 hoc
2558 4546 2677 4598 loco
2731 4549 2786 4597 et
2829 4542 3128 4614 mysticum
3173 4540 3456 4613 quiddam,
3507 4543 3656 4613 quod

2052 4630 2167 4703 ipse
2218 4631 2440 4687 solverit
2477 4630 2701 4688 dolores
2747 4631 2965 4700 mortis,
3012 4638 3068 4687 et
3113 4646 3321 4687 novum
3369 4630 3655 4688 hominem

2050 4719 2201 4777 nasci
2240 4718 2456 4789 fecerit,
2502 4719 2731 4793 posthac
2777 4737 2892 4777 non
2931 4719 3427 4793 corrumpendum,
3477 4736 3658 4794 neque

2051 4811 2367 4879 mortalem,
2408 4810 2504 4882 qui
2546 4816 2630 4866 est
2658 4810 2774 4883 ipse
2813 4810 3110 4867 Dominus.
3160 4810 3299 4867 Vide
3328 4810 3475 4867 enim
3513 4826 3653 4884 quo-

2050 4897 2222 4956 modo
2280 4915 2395 4956 non
2448 4899 2650 4957 dixerit
2691 4899 2842 4972 quod
2902 4899 3128 4973 posthac
3172 4915 3289 4957 non
3335 4900 3660 4958 recordetur

2049 4988 2337 5046 anxietatis
2357 4988 2486 5062 quia
2499 4996 2662 5046 natus
2681 4997 2765 5045 est
2784 4989 2831 5046 ei
2852 4989 3065 5063 puellus
3092 5010 3104 5046 :
3124 4989 3243 5059 sed,
3272 5013 3298 5039 α
3332 4989 3473 5061 Quia
3496 4999 3659 5047 natus

2048 5087 2134 5135 est
2174 5076 2346 5135 homo
2388 5078 2449 5135 in
2478 5077 2776 5136 mundum.
2807 5102 2832 5128 ν
2867 5081 2987 5136 Hoc
3016 5079 3169 5136 enim
3196 5095 3312 5136 non
3346 5078 3552 5136 frustra
3580 5080 3656 5135 ita

2049 5168 2208 5236 dixit,
2258 5167 2356 5225 sed
2405 5168 2595 5225 volens
2623 5184 2753 5225 cum
2799 5168 3048 5241 emphasi
3090 5176 3144 5225 et
3170 5168 3333 5225 tacite
3377 5168 3655 5224 insinuare

2049 5258 2198 5332 quod
2255 5258 2374 5331 ipse
2433 5259 2512 5315 sit
2552 5258 2641 5315 ille
2691 5267 2856 5315 natus
2911 5258 3104 5327 homo,
3159 5274 3275 5314 non
3327 5258 3654 5329 parturienti

2047 5349 2233 5421 ipsum
2260 5347 2503 5420 inferno,
2543 5348 2641 5407 sed
2679 5349 2889 5406 mundo
2922 5369 2935 5405 :
2979 5348 3141 5405 nobis
3188 5347 3339 5404 enim
3370 5363 3434 5405 ex
3464 5363 3651 5404 resur-

2047 5439 2289 5497 rectione
2339 5448 2502 5498 natus
2529 5448 2615 5497 est
2641 5455 2819 5497 novus
2859 5438 3029 5495 homo
3050 5480 3066 5505 ,
3120 5446 3177 5496 et
3223 5436 3655 5510 incorruptibilis

2047 5531 2209 5587 Iesus
2250 5531 2526 5588 Dominus
2572 5537 2781 5587 noster.
2833 5529 3010 5603 Igitur
3047 5528 3361 5600 exemplum
3411 5528 3655 5586 mulieris

2045 5620 2305 5694 parientis
2337 5637 2454 5677 non
2506 5635 2602 5693 per
2650 5618 2837 5677 omnia
2864 5634 3082 5692 quaeras
3120 5617 3380 5691 adaptare
3424 5618 3511 5677 his
3538 5634 3662 5691 qua:

2045 5711 2193 5767 circa
2241 5713 2435 5768 Iesum
2464 5710 2802 5777 acciderint;
2850 5709 2947 5767 sed
2990 5717 3206 5767 tantum
3248 5716 3313 5765 ut
3339 5709 3664 5767 ostendatur

2048 5800 2199 5874 quod
2228 5800 2551 5875 temporalis
2573 5800 2649 5859 sit
2686 5800 2867 5874 dolor,
2897 5809 2956 5860 et
2994 5816 3260 5876 magnum
3288 5801 3509 5859 lucrum
3552 5800 3657 5858 do-
