4128 6444
525 459 631 515 219

1553 451 2065 510 THEOPHYLACTI
2104 449 2463 508 BULGARUE
2500 447 2817 506 ARCHIEP.

3721 449 3842 502 220

520 582 651 640 loris
681 589 736 640 et
782 581 929 656 quod
956 579 1370 640 resurrectionis
1397 586 1588 653 partus
1637 580 1708 636 sit
1744 577 1814 636 ad
1844 578 2015 634 vitam
2057 585 2114 635 et

2238 574 2626 655 συμϐεϐηκόσιν
2649 621 2666 650 ,
2699 573 2819 634 ἀλλ’
2849 571 2884 646 ἢ
2921 571 3079 650 μόνον
3111 574 3183 641 εἰς
3216 572 3277 634 τὸ
3301 571 3498 648 δεῖξαι,
3530 570 3615 632 ὅτι
3643 571 3838 654 πρόσ-

521 673 1020 747 regenerationem,
1077 671 1183 729 alia
1227 678 1415 728 autem
1459 669 1645 726 omnia
1693 669 1762 727 ad
1803 668 2121 741 exemplum

521 779 635 821 non
652 763 924 828 alludunt,
947 771 1004 819 et
1033 762 1250 819 merito.
1278 758 1546 818 Parabola
1566 759 1722 817 enim
1749 758 1795 816 si
1818 774 1914 831 per
1938 758 2125 816 omnia

523 862 791 922 servetur,
839 869 951 909 non
979 860 1063 909 est
1101 851 1386 924 parabola,
1437 849 1537 907 sed
1576 849 1710 906 illud
1767 850 1950 921 ipsum
1980 847 2127 921 quod

523 959 624 1018 per
656 942 974 1017 parabolam
1005 941 1273 1013 signatur.
1326 943 1396 997 Et
1452 939 1560 997 hoc
1606 939 1727 996 loco
1770 939 2127 1012 intelligimus

443 1048 448 1054 ’
523 1049 622 1106 per
648 1033 901 1090 dolorem
944 1031 1226 1106 parientis,
1266 1028 1550 1087 tristitiam
1595 1028 1974 1101 apostolorum
2015 1048 2026 1084 :
2074 1035 2129 1084 et

521 1138 619 1197 per
685 1121 974 1195 gaudium,
1048 1120 1488 1180 consolationem
1556 1117 2007 1185 resurrectionis;
2074 1125 2130 1174 et

522 1214 731 1270 iterum
771 1227 866 1285 per
913 1211 1246 1268 solutionem
1293 1209 1551 1268 dolorum
1599 1210 1887 1282 parientis,
1931 1205 2130 1264 inferni

523 1303 988 1370 destructionem;
1033 1309 1089 1359 et
1124 1317 1225 1374 per
1256 1300 1622 1369 nativitatem,
1664 1298 2128 1356 resurrectionem

527 1391 881 1465 Primogeniti
905 1408 974 1448 ex
992 1391 1250 1449 mortuis.
1275 1393 1447 1447 Porro
1475 1405 1589 1446 non
1608 1389 1755 1446 ultra
1778 1388 2028 1462 signatur
2050 1388 2131 1444 in-

523 1480 715 1539 fernus
739 1497 838 1554 per
867 1489 1124 1538 matrem.
1155 1483 1284 1538 Non
1313 1480 1459 1538 enim
1490 1479 1712 1553 gavisus
1740 1487 1824 1536 est
1852 1477 2126 1548 infernus,

527 1571 626 1629 sed
653 1571 884 1645 apostoli
915 1571 1084 1644 gavisi
1114 1579 1245 1628 sunt
1274 1570 1471 1644 gaudio
1516 1569 1666 1644 quod
1697 1569 1881 1626 nullus
1905 1567 2133 1626 abstulit

527 1661 598 1718 ab
626 1663 727 1719 eis.
760 1663 913 1718 Tunc
941 1661 1089 1718 enim
1134 1660 1469 1734 gaudebant,
1518 1659 1742 1733 quando
1771 1675 1872 1733 pro
1901 1659 2131 1715 nomine

528 1750 752 1808 Domini
775 1750 1206 1824 aspergebantur
1233 1749 1495 1807 conviciis
1532 1749 1603 1806 73.
1636 1753 1870 1821 Insuper
1897 1747 2130 1804 dicendo

2235 690 2416 748 καιρος
2457 670 2492 739 ἡ
2525 666 2669 738 λύπη
2688 712 2703 740 ,
2728 664 2820 725 καὶ
2851 663 2935 724 ὅτι
2967 663 3106 744 μέγα
3139 664 3242 722 τῶν
3274 662 3479 723 ὠδίνων
3511 661 3574 722 τὸ
3614 661 3839 744 κέρδος“,

2235 758 2328 818 καὶ
2356 756 2436 817 ὅτι
2480 756 2610 838 πρὸς
2648 753 2788 827 ζωὴν
2818 754 2910 814 καὶ
2953 751 3362 834 παλιγγενεσίαν
3403 756 3431 813 ὁ
3470 757 3566 826 τ’ἧς
3592 753 3833 813 ἀναστά-

2236 871 2366 914 σεως
2389 845 2619 913 τοκετός.
2680 843 2769 906 Τὰ
2800 845 2846 904 δ’
2878 842 3019 904 ἄλλα
3064 842 3239 903 πάντα
3267 847 3360 902 τοῦ
3393 841 3846 924 παραδείγματος

2239 936 2526 1018 ἀπᾴδουσι·
2573 933 2668 996 καὶ
2712 933 2948 1002 εἰκότως.
3003 931 3304 1014 Παραϐολὴ
3355 932 3458 1013 γάρ
3503 935 3663 993 ἐστιν·
3697 937 3733 1006 ἡ
3783 935 3846 994 δὲ

2237 1024 2554 1109 παραϐολὴ,
2587 1023 2678 1084 ἐὰν
2718 1025 2803 1085 διὰ
2833 1023 3047 1084 πάντων
3091 1021 3364 1098 σώζηται,
3385 1025 3481 1082 οὐκ
3509 1021 3625 1084 ἔστι
3654 1047 3844 1102 παρας

2239 1115 2408 1189 ϐολὴ,
2441 1118 2560 1174 ἀλλ’
2593 1113 2721 1174 αὐτὸ
2764 1114 2961 1187 ἐκεῖνο,
2995 1114 3062 1172 δι’
3107 1111 3136 1172 ὃ
3165 1116 3200 1185 ἡ
3244 1112 3555 1194 παραϐολή.
3606 1113 3718 1174 Καὶ
3751 1116 3848 1173 ἓν·

2239 1212 2406 1267 ταῦθα
2433 1195 2524 1266 οὖν
2554 1203 2650 1272 τὰς
2682 1204 2878 1271 ὠδῖνας
2906 1201 3257 1280 λαμϐάνομεν
3283 1204 3355 1270 εἰς
3392 1202 3486 1275 τὴν
3513 1201 3690 1275 λύπην
3731 1206 3845 1263 τῶν

2239 1295 2549 1357 ἀποστόλων
2571 1339 2588 1368 ,
2643 1293 2736 1354 καὶ
2772 1291 2870 1366 τὴν
2919 1291 3093 1374 χαρὰν
3142 1294 3214 1360 εἷς
3255 1290 3351 1365 τὴν
3405 1291 3542 1370 μετὰ
3581 1293 3677 1365 τὴν
3711 1294 3850 1352 ἀνά-

2240 1409 2426 1448 στασιν
2457 1382 2822 1466 παραμυθίανο
2869 1383 2962 1444 καὶ
3004 1382 3168 1442 πάλιν
3215 1381 3313 1454 τὴν
3344 1385 3449 1442 τῶν
3492 1382 3695 1442 ὠδίνων
3742 1383 3850 1444 λύ-

2240 1487 2350 1550 σιν,
2375 1478 2452 1543 εἰς
2478 1474 2575 1548 τὴν
2604 1478 2701 1534 τοῦ
2727 1471 2856 1556 ᾅδου
2877 1471 3169 1532 κατάλυσιν
3193 1516 3210 1550 ,
3243 1471 3335 1532 καὶ
3364 1471 3461 1544 τὴν
3489 1472 3735 1551 γέννησιν
3774 1477 3852 1542 εἰς

2238 1566 2336 1638 τὴν
2389 1564 2684 1627 ἀνάστασιν
2719 1569 2812 1623 τοῦ
2863 1563 3222 1644 Πρωτοτόκου
3258 1565 3318 1623 ἐκ
3367 1566 3585 1643 νεκρῶν⁸
3615 1566 3713 1624 οὐκ
3763 1564 3850 1623 ἔτι

2243 1655 2420 1734 μέντοι
2463 1654 2552 1714 τὸν
2617 1653 2750 1738 ᾅδην
2803 1655 2874 1722 εἰς
2905 1652 3004 1724 τὴν
3040 1652 3267 1736 μητέρα.
3301 1653 3386 1714 Οὔ
3436 1651 3537 1732 γὰρ
3593 1652 3766 1734 ἐχάρη
3819 1657 3849 1712 ὃ

2244 1746 2408 1828 ᾅδης,
2439 1744 2560 1828 ἀλλ’
2606 1747 2654 1804 οἱ
2691 1743 2981 1804 ἀπόστολοι
3033 1742 3344 1823 ἐχάρησαν,
3387 1742 3478 1800 καὶ
3527 1744 3702 1822 χαρὰν
3727 1789 3744 1818 ,
3781 1743 3848 1816 ἣν

533 1863 559 1890 α
601 1840 881 1898 Gaudium
911 1849 1154 1898 vestrum
1178 1855 1348 1897 nemo
1385 1840 1530 1896 tollit
1561 1856 1593 1898 a
1618 1839 1794 1906 vobis,
1831 1862 1856 1887 υ
1891 1837 2131 1895 ostendit

2243 1827 2413 1902 οὐδεὶς
2458 1827 2582 1916 ἦρεν
2639 1835 2736 1892 ἀπ’
2771 1834 2966 1894 αὐτῶν.
3019 1831 3153 1891 "Ore
3202 1831 3306 1914 γὰρ
3358 1830 3663 1911 ὑϐρίζοντο,
3722 1833 3851 1893 τότε

527 1929 679 2004 quod
736 1931 879 1988 ultra
923 1946 1038 1987 non
1098 1929 1384 1996 moriatur,
1449 1929 1546 1987 sed
1598 1937 1859 2002 perpetuo
1919 1929 2130 1996 vivens,

2245 1924 2459 2006 ἔχαιρον
2481 1969 2498 1998 ,
2528 1923 2620 1983 ὅτε
2653 1922 2786 2004 ὓπὲρ
2815 1927 2908 1984 τοῦ
2941 1922 3200 1999 ὀνόματος
3231 1929 3323 1983 τοῦ
3361 1923 3599 2002 Χριστοῦ
3631 1923 3849 2000 ἠτιμά-

528 2020 633 2077 illis
659 2019 1087 2093 incorruptibilis
1112 2019 1298 2093 gaudii
1326 2021 1396 2076 sit
1412 2027 1605 2076 auctor
1639 2020 1876 2076 futurus.

2238 2019 2410 2085 ζοντο.
2451 2010 2602 2092 Ἅμα
2648 2011 2703 2073 δὲ
2735 2013 2829 2072 καὶ
2860 2010 2948 2072 διὰ
2981 2019 3072 2072 τοῦ
3111 2013 3310 2086 εἰπεῖν,
3339 2011 3421 2070 ὅτι
3467 2035 3497 2066 α
3522 2015 3573 2072 Τ
3575 2011 3639 2084 ὴν
3668 2013 3848 2093 χαρὰν

531 2114 678 2188 ὑμῶν
704 2111 871 2179 οὐδεὶς
908 2109 1138 2192 «ipsi,»
1183 2111 1474 2184 δείκνυσιν,
1507 2109 1589 2169 ὅτι
1645 2113 1741 2169 οὐκ
1792 2107 1872 2168 ἔτι
1930 2108 2206 2185 θανεῖται,
2252 2107 2372 2165 ἀλλ’
2424 2103 2508 2164 ἀεὶ
2569 2106 2708 2182 ζῶν,
2770 2100 3106 2163 ἀκαταλύτου
3155 2110 3330 2183 χαρᾶς
3380 2101 3552 2170 αὐτοῖς
3599 2101 3852 2184 πρόξενος

533 2199 704 2265 ἔσται.

599 2293 780 2348 νεεδ.
830 2294 923 2359 23,
967 2294 1057 2346 24.
1102 2312 1128 2338 ι
1161 2291 1234 2346 Et
1261 2290 1318 2345 in
1347 2289 1437 2345 illo
1468 2287 1558 2346 die
1601 2304 1694 2346 me
1728 2303 1844 2345 non
1867 2286 2131 2361 rogabitis

527 2379 855 2454 quidquam.
910 2381 1110 2449 Amen,
1152 2393 1317 2436 amen
1345 2378 1466 2435 dico
1502 2377 1657 2436 vobis
1711 2399 1723 2436 :
1775 2378 2130 2450 Quaecunque

527 2469 788 2543 petieritis
841 2471 1064 2526 Patrem
1112 2469 1214 2526 sub
1263 2468 1494 2526 nomine
1541 2483 1690 2538 meo,
1744 2467 1899 2524 dabit
1947 2467 2124 2524 vobis.

526 2562 802 2617 Hactenus
844 2574 955 2616 non
997 2558 1212 2631 petistis
1237 2558 1542 2632 quidquam
1584 2559 1688 2615 sub
1717 2558 1939 2614 nomine
1978 2573 2124 2614 meo.

523 2649 702 2706 Petita
730 2656 786 2706 et
811 2648 1107 2722 accipietis,
1146 2656 1208 2705 ut
1244 2647 1510 2720 gaudium
1539 2656 1788 2706 vestrum
1817 2648 1892 2704 sit
1942 2646 2124 2720 perfe-

526 2747 699 2797 ctum.
749 2761 775 2788 α
822 2737 1054 2810 Quando
1091 2753 1400 2811 resurgam,
1439 2746 1570 2794 tunc
1612 2737 1796 2795 veniet
1836 2752 2000 2809 super
2029 2752 2127 2794 vos

528 2829 870 2897 Paracletus,
915 2834 972 2884 et
1000 2826 1227 2883 inducet
1262 2842 1360 2884 vos
1399 2827 1456 2884 in
1495 2842 1720 2884 omnem
1766 2826 2054 2883 veritatem
2109 2843 2123 2883 :

535 2941 561 2967 α
603 2920 804 2989 Meque
822 2932 939 2973 non
959 2917 1223 2989 rogabitis
1247 2939 1272 2966 ιι
1296 2913 1596 2990 quidquam
1623 2917 1756 2985 tale,
1775 2917 1935 2990 quale
1953 2916 2126 2988 prius,

535 3031 561 3058 ιι
600 3010 726 3082 Quo
753 3005 948 3063 vadis?
975 3031 1001 3056 ι»
1030 3015 1086 3063 et
1108 3049 1123 3077 ,
1155 3029 1180 3056 α
1208 3007 1450 3064 Ostende
1476 3006 1635 3064 nobis
1654 3009 1898 3064 Patrem.
1926 3029 1954 3056 ν
1987 3007 2127 3063 Om-

524 3098 617 3155 nia
645 3097 797 3154 enim
832 3097 1014 3154 scietis
1041 3097 1100 3153 in
1129 3097 1360 3170 Spiritu.
1414 3097 1512 3154 Vel
1560 3115 1589 3152 ι(
1615 3097 1901 3170 rogabitis,
1947 3120 1973 3146 ν
2022 3095 2130 3153 hoc

525 3196 628 3257 est,
672 3187 1053 3256 obsecrabitis,
1099 3187 1348 3244 orabitis.
1397 3187 1540 3244 Cum
1588 3186 1754 3260 igitur
1801 3203 1831 3243 a
1893 3186 2130 3244 mortuis

528 3293 905 3345 resurrexero,
928 3278 1152 3334 mittam
1185 3276 1339 3334 vobis
1366 3277 1714 3333 Paracletum
1758 3295 1772 3333 :
1800 3283 1933 3333 tunc
1964 3299 1990 3326 α
2022 3292 2133 3333 non

529 3383 621 3424 me
648 3367 930 3440 rogabitis,
982 3389 1008 3416 ι
1043 3365 1150 3424 hoc
1193 3374 1299 3435 est,
1342 3366 1556 3439 petetis,
1607 3367 1680 3422 ita
1709 3373 1772 3423 ut
1801 3366 1907 3423 sim
1953 3374 2135 3423 vester

533 3456 825 3524 mediator,
867 3455 967 3512 sed
1012 3455 1181 3529 724
1233 3455 1470 3512 sufficiet
1497 3455 1651 3512 vobis
1691 3471 1898 3514 nomen
1942 3471 2133 3512 meum

534 3555 598 3603 ut
639 3563 670 3603 a
715 3547 874 3602 Patre
903 3545 1178 3618 accipiatis
1204 3545 1515 3618 petitiones.
1549 3546 1806 3604 Ostendit
1835 3545 2005 3619 igitur
2030 3546 2134 3602 hoc

536 3633 661 3692 loco
704 3634 948 3690 nominis
995 3635 1078 3692 sui
1119 3634 1410 3704 virtutem;
1462 3634 1733 3708 siquidem
1780 3650 1910 3692 cum
1955 3651 2133 3709 neque

534 3725 770 3793 videtur,
799 3739 976 3797 neque
1017 3724 1360 3792 obsecratur,
1405 3724 1502 3782 sed
1525 3741 1653 3782 cum
1690 3726 2012 3782 nominatur
2045 3741 2132 3782 so-

533 3813 673 3882 lum,
696 3814 830 3871 talia
872 3813 1024 3871 facit.
1069 3837 1096 3864 ι
1135 3817 1458 3888 Hucusque,
1498 3815 1698 3888 inquit,
1744 3831 1860 3872 non
1897 3815 2136 3888 petiistis

535 3904 837 3976 quidquam
883 3904 986 3960 sub
1013 3905 1238 3961 nomine
1265 3920 1414 3961 meo.
1445 3927 1472 3954 ι
1516 3907 1598 3961 Ex
1637 3905 1743 3962 hoc
1771 3913 1956 3961 autem
1993 3913 2133 3962 tem-

538 4009 672 4064 pore
713 4012 745 4046 ι(
781 3993 970 4065 petite,
1014 4001 1070 4050 et
1101 4016 1126 4043 ιο
1162 3995 1390 4050 omnino
1423 4017 1449 4043 α
1496 3994 1772 4066 recipietis
1817 4013 1830 4050 ε
1885 4017 1911 4043 ι
1957 4003 2015 4050 et
2058 3996 2134 4050 ita

539 4081 758 4154 expedit
801 4081 959 4137 vobis
1003 4091 1066 4136 ut
1107 4097 1206 4154 ego
1235 4083 1444 4139 moriar
1486 4101 1498 4135 :
1531 4082 1804 4154 siquidem
1840 4082 1986 4154 apud
2028 4085 2133 4140 Pa-

534 4177 679 4225 trem
708 4169 977 4242 majorem
1005 4185 1169 4242 quam
1197 4187 1346 4227 nunc
1371 4169 1634 4226 ﬁduciam
1661 4171 1940 4227 inventuri
1967 4172 2126 4229 estis.

535 4259 664 4315 Non
703 4259 852 4314 enim
895 4259 1044 4331 quod
1073 4274 1301 4331 separor
1330 4276 1362 4316 a
1408 4259 1588 4330 vobis,
1620 4260 1929 4317 existimate
1976 4277 2072 4317 vos
2101 4278 2132 4318 a

531 4362 625 4404 me
645 4347 886 4416 relictos,
915 4347 1011 4405 sed
1048 4364 1256 4405 nomen
1280 4364 1470 4405 meum
1496 4349 1768 4422 majorem
1806 4350 1958 4407 vobis
1985 4350 2131 4407 ﬁdu-

531 4436 672 4494 ciam
707 4437 880 4504 dabit,
921 4445 978 4493 et
1021 4436 1282 4510 gaudium
1324 4445 1567 4495 vestrum
1611 4446 1744 4495 tunc
1787 4440 1894 4495 erit
1940 4439 2134 4512 plenis-

531 4527 761 4596 simum,
786 4543 918 4585 cum
948 4527 1230 4600 accipietis
1269 4543 1462 4585 omnes
1495 4528 1806 4601 petitiones.
1837 4529 2132 4587 Considera

534 4625 718 4674 autem
750 4593 909 4691 quod
936 4617 1028 4674 ille
1055 4593 1242 4686 sumit,
1274 4618 1371 4691 qui
1397 4593 1514 4675 sub.
1542 4618 1769 4675 nomine
1812 4618 2015 4676 Christi
2046 4635 2135 4692 pe-
2162 4593 2213 4657 ι)

533 4708 622 4764 tit.
667 4706 861 4763 Nullus
903 4707 1072 4780 igitur
1111 4722 1177 4764 ex
1227 4707 1314 4763 his
1359 4708 1452 4781 qui
1496 4709 1774 4766 mundana
1825 4717 2018 4781 petunt
2067 4725 2134 4768 ac

534 4795 828 4861 animabus
859 4795 1149 4865 damnosa,
1196 4797 1252 4853 in
1291 4797 1514 4854 nomine
1558 4797 1754 4855 Christi
1794 4800 1960 4871 petit;
2007 4799 2132 4858 ideo

532 4899 710 4957 neque
744 4886 964 4958 accipit.
990 4889 1209 4942 Nomen
1247 4887 1393 4943 enim
1421 4887 1620 4944 Christi
1663 4887 1908 4945 divinum
1942 4898 2026 4946 est
2070 4906 2135 4946 ac

539 4975 802 5033 salutare.
845 4977 1081 5046 Quando
1129 4985 1312 5033 autem
1345 4978 1468 5050 quis
1505 4978 1642 5051 petit
1675 4993 1797 5052 quae
1840 4979 1910 5036 ad
1957 4981 2132 5052 perdi-

535 5066 744 5124 tionem
793 5067 996 5123 animze
1045 5068 1346 5140 pertinent,
1386 5067 1668 5141 quomodo
1701 5069 1947 5127 dicemus
1974 5070 2133 5128 illum

534 5158 590 5215 in
619 5157 842 5214 salutari
871 5158 1094 5214 nomine
1114 5162 1333 5230 petere?

603 5250 788 5306 Vnus.
828 5253 1027 5305 25-28.
1079 5270 1107 5298 α
1139 5249 1276 5305 Haec
1304 5265 1404 5322 per
1427 5249 1724 5322 paroemias
1751 5249 1970 5308 locutus
2007 5264 2131 5307 sum

531 5337 690 5395 vobis
725 5355 740 5394 :
771 5338 947 5396 veniet
980 5347 1204 5412 tempus
1243 5353 1372 5396 cum
1402 5339 1526 5413 jam
1564 5355 1678 5397 non
1707 5355 1807 5413 per
1847 5341 2130 5414 proverbia

531 5425 728 5499 loquar
769 5428 954 5498 vobis,
1002 5427 1100 5485 sed
1143 5427 1326 5500 palam
1364 5427 1433 5486 de
1464 5432 1625 5488 Patre
1661 5431 2004 5487 annuntiabo
2038 5447 2130 5488 vo-

531 5514 646 5583 bis;
675 5515 731 5570 in
767 5515 860 5572 illo
888 5517 975 5574 die
1003 5517 1062 5573 in
1089 5517 1320 5576 nomine
1349 5535 1477 5577 meo
1505 5520 1732 5593 petatis;
1771 5529 1827 5578 et
1862 5536 1974 5577 non
2005 5520 2132 5577 dico

531 5603 690 5660 vobis
727 5605 877 5676 quod
915 5621 1017 5678 ego
1045 5616 1334 5680 rogaturus
1371 5609 1480 5667 sim
1521 5613 1737 5668 Patrem
1790 5627 1888 5684 pro
1920 5611 2078 5669 vobis
2116 5632 2129 5670 :

605 5753 648 5788 ⁷³
669 5757 793 5813 Act.
826 5770 887 5826 ν,
913 5760 1004 5812 41.

2325 2307 2353 2342 α
2385 2283 2480 2346 Ἐν
2513 2284 2688 2364 ἐκείνῃ
2847 2282 3024 2366 ἡμέρᾳ
3054 2280 3150 2360 ἐμὲ
3198 2283 3292 2341 οὔκ
3325 2281 3622 2363 ἐρωτήσετε
3671 2282 3845 2346 οὐδέν.

2237 2373 2443 2454 Ἀμὴν,
2478 2373 2623 2452 ἀμὴν
2655 2372 2794 2454 λέγω
2834 2373 2998 2449 ὑμῖν,
3055 2371 3137 2432 ὅτι
3185 2371 3284 2431 ὅσα
3339 2372 3402 2431 ἂν
3446 2372 3706 2446 αἰτήσητε
3760 2374 3848 2433 τὸν

2238 2463 2458 2543 Πατέρα
2509 2465 2562 2522 ἐν
2617 2466 2690 2544 τῷ
2721 2462 2947 2540 ὀνόματί
2981 2484 3083 2538 μου
3105 2507 3122 2540 ,
3155 2461 3313 2522 δώσει
3345 2465 3491 2539 ὗμῖν.
3525 2460 3672 2529 εἘως
3719 2463 3849 2545 ἄρτι

2236 2557 2332 2614 οὐκ
2359 2553 2638 2634 ᾐτήσασθε
2671 2552 2822 2612 οὐδὲν
2856 2554 2911 2612 ἐν
2938 2554 3018 2633 τῷ
3051 2551 3277 2634 δνόματί
3307 2575 3431 2630 μου.
3467 2553 3677 2614 Αἰτεῖτε
3700 2599 3719 2629 ,
3753 2554 3846 2614 καὶ

2236 2632 2498 2724 λήψεσθε,
2528 2641 2615 2702 ἵνα
2641 2649 2675 2718 ἡ
2706 2641 2851 2724 χαρὰ
2881 2632 3030 2720 ῧμΐύν
3132 2641 3560 2724 πεπληρωμένη.
3588 2665 3616 2700 ›)
3654 2640 3800 2704 Ὅτε
3818 2689 3836 2720 ,

2236 2735 2420 2815 φησὶν,
2469 2731 2878 2809 ἀναστήσομαι,
2912 2731 3030 2791 τότε
3061 2730 3506 2811 ἐπιφοιτήσαντος
3535 2735 3662 2810 ὑμῖν
3694 2735 3836 2794 πάνυ

2234 2847 2338 2890 τως
2384 2829 2478 2882 τοῦ
2528 2821 2926 2904 Παρακλήτου,
2977 2820 3068 2881 καὶ
3123 2821 3480 2899 δδηγήσαντος
3532 2827 3604 2890 εἰς
3656 2834 3844 2885 πᾶσαν

2234 2912 2331 2984 τὴν
2357 2912 2609 2987 ἀλήθειαν
2627 2958 2644 2986 ,
2687 2934 2717 2970 α
2737 2913 2830 2988 ἐμὲ
2857 2913 2953 2972 οὐκ
2988 2910 3284 2991 ἐρωτήσετε
3317 2912 3501 2982 οὐδὲν,
3523 2933 3553 2970 ι)
3593 2919 3836 2974 τοιοῦτον

2235 2993 2343 3063 οἶον
2391 3002 2483 3063 καὶ
2537 3000 2740 3082 πρώηνο
2793 3022 2824 3059 α
2870 3003 2986 3061 Ποῦ
3037 3001 3292 3082 ὕπάγειςς
3343 3023 3374 3060 ι)
3412 3002 3538 3075 καὶ,
3599 3025 3629 3062 (ι
3657 3004 3839 3073 Δεῖξον

2237 3096 2366 3169 ἡμῖν
2405 3091 2494 3152 τὸν
2539 3089 2779 3172 Πατέρα.
2834 3113 2866 3149 ι)
2909 3091 3104 3153 Πάντα
3135 3093 3240 3171 γὰρ
3269 3089 3535 3171 γνώσεσθε
3576 3097 3630 3154 ἐν
3662 3093 3842 3154 Πνεύ-

2171 3207 2216 3273 C
2241 3207 2406 3261 ματι,
2435 3181 2556 3256 ἤτοι
2593 3205 2623 3237 α
2662 3180 2992 3262 ἐρωτήσετε,
3019 3203 3047 3240 u
3087 3182 3206 3240 ἀντὶ
3247 3187 3372 3259 τοῦ,
3402 3184 3840 3264 παρακαλέσετε,

2243 3271 2517 3342 ἀξιώσετε.
2567 3269 2709 3331 Ὅτε
2742 3270 2916 3331 τοίνυν
2968 3275 3028 3332 ἐκ
3078 3273 3278 3351 νεκρῶν
3333 3272 3595 3346 ἀναστὰς,
3645 3273 3844 3356 πέμψω

2241 3365 2366 3440 ὓμῖν
2396 3361 2484 3422 τὸν
2521 3360 2900 3441 Παράκλητον,
2929 3361 3048 3420 τότε
3075 3388 3099 3415 α
3127 3360 3319 3422 οὐκέτι
3345 3361 3440 3438 ἐμὲ
3472 3362 3789 3444 ἐρωτήσετε,
3819 3389 3842 3416 ι

2239 3451 2546 3525 τουτέστιν,
2589 3450 2904 3525 αἰτήσεσθε,
2952 3450 3092 3510 ὥστε
3139 3450 3364 3528 μεσίτην
3417 3452 3511 3528 ἐμὲ
3557 3452 3838 3531 γενέσθαι,

2242 3542 2380 3602 ἀλλὰ
2433 3542 2648 3623 ἀρκέσει
2695 3541 2820 3619 ὓμῖν
2853 3542 2912 3602 τὸ
2945 3540 3110 3618 ὄνομά
3157 3565 3258 3620 μου
3301 3545 3373 3611 εἰς
3424 3541 3484 3601 τὸ
3527 3545 3692 3624 παρὰ
3752 3549 3842 3603 τοῦ

2244 3633 2459 3714 Πατρὸς
2513 3629 2699 3691 λαϐεῖν
2731 3629 2798 3688 τὰ
2829 3631 3130 3708 αἰτήματα.
3186 3631 3463 3692 Δείκνυσιν
3493 3623 3586 3691 οὖν
3616 3623 3844 3694 ενταῦθα

2239 3727 2331 3782 τοῦ
2363 3720 2621 3799 ὀνόματος
2652 3725 2811 3780 αὐτοῦ
2843 3719 2941 3792 τὴν
2967 3719 3192 3797 δύναμιν
3215 3767 3230 3794 ,
3260 3719 3309 3780 εἴ
3329 3744 3392 3800 γε
3423 3720 3559 3800 μηδὲ
3594 3745 3843 3805 παρακα-

2242 3815 2524 3888 λούμενος,
2556 3812 2679 3870 ἀλλ⁹
2728 3810 3115 3889 ὀνομαζόμενος
3157 3809 3352 3887 μόνον,
3397 3816 3618 3871 τοιαῦτα
3677 3818 3838 3874 ποιεῖ.

2253 3923 2282 3959 (ι
2306 3899 2455 3969 Ἕως
2486 3900 2643 3981 ἄρτι,
2677 3902 2871 3982 φησὶν,
2900 3902 2996 3960 οὐκ
3037 3901 3316 3981 ᾐτήσασθε
3348 3900 3496 3963 οὐδὲν
3527 3903 3581 3962 ἐν
3612 3905 3693 3985 τῷ
3725 3903 3842 3964 ὀνό-

2243 3990 2377 4069 ματί
2410 4013 2533 4070 μου·
2567 3990 2736 4067 δ’ἀπὸ
2761 3994 2853 4048 τοῦ
2882 3995 2972 4049 νῦν
3013 3991 3138 4069 δὲ’(ι
3170 3994 3399 4065 αἰτεῖτε,
3434 3991 3524 4051 καὶ
3551 4013 3580 4050 ››
3628 3994 3843 4062 πάντως

2242 4105 2269 4134 α
2301 4079 2558 4160 λήψεσθε.
2586 4101 2614 4138 ››
2654 4077 2828 4140 ζΏστε
2855 4079 3112 4161 συμφέρει
3153 4080 3214 4140 τὸ
3243 4081 3527 4141 ἀποθανεῖν
3567 4105 3670 4160 με,
3708 4084 3758 4144 εἴ
3785 4107 3841 4160 γε

2245 4168 2466 4247 μέλλετε
2501 4169 2734 4230 ἀπὸτοῦ
2781 4175 2872 4228 νῦν
2922 4170 3226 4252 παρῤησίας
3275 4171 3512 4248 μείζονος
3558 4173 3840 4254 τυγχάνειν

2243 4259 2391 4340 παρὰ
2419 4261 2494 4340 τῷ
2517 4257 2694 4340 Πατρί
2719 4283 2842 4337 μου.
2869 4257 2963 4332 Μὴ
2989 4261 3092 4340 γὰρ
3123 4259 3306 4332 ἐπειδὴ
3335 4260 3638 4342 χωρίςομαι
3670 4267 3837 4340 ὑμῶν,

2242 4347 2479 4426 νομίζετε
2510 4351 2989 4430 ἐγκαταλειφθῆναι
3027 4349 3155 4430 παρ’
3201 4354 3332 4429 ἐμοῦ
3355 4397 3371 4428 ,
3401 4352 3542 4410 ἀλλὰ
3581 4353 3642 4413 τὸ
3665 4354 3835 4431 ὄνομά

2242 4459 2344 4514 μου
2385 4439 2549 4516 μείζω
2581 4443 2702 4517 ὃμῖν
2727 4439 3036 4521 παῤῥησίαν
3069 4438 3262 4514 δώσει,
3297 4439 3390 4500 καὶ
3429 4444 3462 4512 ἡ
3496 4442 3645 4522 χαρὰ
3685 4447 3832 4520 ὑμῶν

2242 4528 2358 4586 τότε
2381 4529 2533 4588 ἔσται
2567 4530 2944 4609 πληρεστάτη,
2972 4529 3356 4607 λαμϐανόντων
3386 4531 3564 4591 πάντα
3591 4529 3659 4590 τὰ
3691 4531 3840 4604 αἰτή-

2244 4640 2412 4695 ματα.
2443 4617 2647 4678 Σκόπει
2680 4617 2762 4695 δὲ,
2797 4617 2878 4678 ὅτι
2914 4619 3108 4685 ἐκεῖνος
3137 4618 3404 4702 λαμϐάνει
3426 4662 3443 4692 ,
3477 4624 3506 4680 ὁ
3539 4622 3592 4680 ἐν
3623 4624 3701 4702 τῷ
3733 4621 3839 4681 ὀνό-

2244 4730 2374 4785 ματι
2427 4715 2518 4769 τοῦ
2568 4710 2803 4790 Χριστοῦ
2853 4711 3034 4771 αἰτῶν.
3081 4711 3272 4776 Οὐδεὶς
3310 4700 3400 4769 οὖν
3449 4715 3559 4770 τῶν
3606 4700 3838 4790 κοσμικὰ

2241 4796 2530 4857 αἰτούντων
2555 4798 2646 4857 καὶ
2674 4797 3021 4880 ψυχοϐλαϐῆ,
3054 4801 3107 4858 ἐν
3127 4802 3204 4881 τῷ
3233 4798 3456 4878 ὀνόματι
3483 4805 3576 4860 τοῦ
3607 4803 3837 4880 Χριστοῦ

2243 4887 2404 4966 αἰτεῖ,
2435 4887 2513 4946 διὸ
2545 4885 2664 4946 οὐδὲ
2697 4886 2988 4964 λαμϐάνει.
3019 4890 3100 4950 Τὸ
3121 4889 3223 4970 γὰρ
3249 4889 3418 4964 ὄνομα
3442 4896 3534 4951 τοῦ
3567 4893 3838 4971 Χριστοῦ,

2242 4981 2377 5037 οεῖον
2419 4977 2510 5035 καὶ
2555 4977 2832 5058 σωτήριον·
2870 4975 2995 5036 ὅταν
3045 4979 3102 5039 δέ
3151 5003 3229 5049 τις
3280 4979 3347 5038 τὰ
3393 4979 3523 5060 πρὸς
3567 4979 3836 5040 ἀπώλειαν

2240 5069 2417 5148 ψυχῆς
2446 5064 2672 5148 φέροντα
2715 5071 2881 5141 αἰτεῖ,
2914 5070 3028 5138 πῶς
3069 5071 3291 5151 ἐροῦμεν
3320 5075 3505 5131 τοῦτον
3538 5071 3592 5130 ἐν
3619 5073 3696 5152 τῷ
3730 5093 3833 5130 σω·

2239 5156 2407 5239 τηρίῳ
2435 5156 2656 5235 ὀνόματι
2687 5161 2854 5217 αἰτεῖν
2872 5181 2889 5233 ;

2329 5268 2360 5306 (ι
2389 5245 2581 5306 Ταῦτα
2603 5249 2657 5307 ἐν
2685 5247 2996 5328 παροιμίαις
3023 5247 3298 5322 λελάληκα
3334 5251 3477 5327 ὑμῖν·
3523 5252 3648 5310 ἀλλ’
3673 5249 3829 5331 ἔρχε-

2239 5359 2329 5396 ται
2370 5334 2520 5417 ὥρα,
2567 5335 2656 5397 ὅτε
2694 5338 2788 5397 οὐκ
2835 5338 2914 5398 ἔτι
2964 5341 3016 5398 ἐν
3059 5339 3372 5420 παροιμίαις
3418 5341 3641 5412 λαλήσω
3673 5341 3825 5416 ὑμῖν,

2239 5426 2376 5485 ἀλλὰ
2403 5426 2682 5512 παρρησία
2707 5427 2828 5508 περὶ
2855 5432 2952 5489 τοῦ
2991 5430 3207 5511 Πατρὸς
3238 5431 3518 5508 ἀναγγελεῖ)
3557 5431 3700 5510 ὑμῖν.
3737 5428 3827 5489 Ἐν

2240 5515 2409 5593 ἐκείνῃ
2537 5516 2716 5598 ἡμέρᾳ
2763 5520 2820 5578 ἐν
2861 5521 2940 5600 τῷ
2973 5518 3200 5597 ὀνόματί
3253 5543 3357 5596 μου
3407 5519 3707 5593 αἰτήσεσθεο
3738 5515 3828 5577 καὶ

2239 5607 2298 5664 ού
2349 5605 2490 5686 λέγω
2519 5608 2680 5686 ὑμῖν,
2726 5608 2808 5667 ὅτι
2865 5607 2971 5689 ἐγὼ
3023 5609 3278 5692 ἐρωτήσω
3307 5608 3395 5670 τὸν
3440 5609 3662 5692 Πατέρα
3711 5604 3825 5687 περί
