4128 6448
328 384 433 438 221

1134 383 1525 442 ENARRATIO
1563 385 1631 443 IN
1669 386 2102 447 EVANGELIUM
2138 387 2442 447 JOANNIS.
2480 419 2550 430 —
2591 389 2741 447 CAP.
2781 389 2911 448 XVI.

3586 395 3691 451 222

348 511 524 585 ὖμῶν“
575 509 749 577 αὐτὸς
795 509 901 590 γὰρ
954 513 983 571 6
1038 511 1232 591 Πατὴρ
1278 512 1420 592 φιλεῖ
1468 514 1642 591 ὑμᾶς,
1699 509 1779 573 ὅτι
1827 517 1964 593 ὑμεῖς

2092 516 2213 589 ipse
2258 517 2405 573 enim
2452 519 2618 574 Pater
2645 523 2803 573 amat
2852 530 2969 586 vos,
3018 515 3148 590 quia
3194 532 3293 576 vos
3319 533 3411 576 me
3439 520 3690 591 amastis,

352 598 449 678 ἕμὲ
494 600 888 679 πεφιλήκατε,
934 599 1028 660 xui
1071 605 1498 675 πεπιστεύκατε,
1546 602 1627 662 ὅτι
1682 603 1788 683 ἐγὼ
1826 605 1964 686 παρᾶ

2086 615 2141 663 et
2168 606 2470 664 credidistis
2499 605 2650 679 quod
2682 623 2712 663 a
2740 609 2875 675 Deo,
2917 606 3195 663 exiverim.
3244 608 3404 665 Exivi
3448 625 3479 666 a
3508 612 3690 681 Patre,

350 695 441 751 τοῦ
495 692 649 751 Θεοῦ
705 690 945 761 ἐξῆλθον.
1004 690 1256 764 Ἐξῆλθον
1289 691 1439 772 παρὰ
1471 696 1562 752 τοῦ
1606 696 1851 774 Πατρὸς,
1886 697 1964 755 xui

2085 705 2140 753 et
2168 697 2289 753 veni
2332 696 2391 753 in
2420 695 2695 753 mundum
2739 715 2752 752 :
2785 696 2987 753 iterum
3024 696 3281 770 relinquo
3313 698 3603 769 mundum,
3636 709 3693 758 et

356 782 593 852 ἱλήλυθα
626 782 701 848 εἰς
733 780 827 840 τὸν
871 780 1091 860 κόσμον·
1142 782 1303 841 πάλιν
1353 781 1548 863 ἀφίημι
1586 784 1675 843 τὸν
1727 784 1969 861 κόσμον,

2085 786 2225 844 vado
2275 786 2345 843 ad
2390 789 2631 844 Patrem.
2670 810 2695 836 ι»
2735 788 3013 845 Parmmia
3060 794 3146 844 est
3175 802 3359 845 sermo
3388 788 3609 861 oblique
3636 799 3693 847 et

360 872 454 931 xui
498 871 809 951 πορεύομαι
839 872 972 952 πρὸς
1020 872 1109 931 τὸν
1149 871 1392 954 Πατέρα.
1436 894 1464 931 ι)
1526 874 1805 954 Παροιμία
1858 877 1964 936 ἐστῖ

2083 878 2295 934 occulte
2323 893 2387 933 ac
2429 893 2525 950 per
2561 876 2853 950 parabolas
2881 884 3059 934 totum
3090 886 3481 952 argumentum
3507 888 3691 937 osten-

362 963 547 1039 λόγος,
592 962 876 1037 πλαγίως,
913 961 1007 1021 xui
1056 962 1566 1042 ἐπικεκρυμμένως,
1618 963 1712 1024 xui
1739 963 1800 1024 τὸ
1846 965 1969 1028 ὅλον

362 1051 745 1129 παραϐολαῶς
774 1051 1123 1129 ὖποκείμενόν
1188 1077 1240 1111 τι
1273 1052 1548 1114 δεικνύων.
1589 1054 1750 1116 Ἐπεὶ
1797 1054 1968 1117 τοίνυν

368 1147 398 1201 6
444 1143 639 1221 Κύριος
698 1142 878 1223 πολλὰ
920 1144 1098 1210 αὐτοῖς
1144 1144 1619 1223 ἔπικεκρυμμένως
1670 1135 1819 1220 εἶπε,
1878 1148 1969 1206 xui

371 1232 736 1315 παραϐολικὸν
772 1232 827 1292 δὲ
859 1222 923 1305 ἦν
964 1233 1025 1291 τὸ
1053 1233 1173 1315 περὶ
1207 1237 1301 1305 τῆς
1328 1222 1574 1312 γυναικὸς
1619 1235 1709 1294 καὶ
1740 1241 1833 1294 τοῦ
1870 1260 1968 1297 το·-

360 1329 519 1382 κετοῦ
538 1369 555 1395 ,
593 1322 744 1405 φησί·
784 1344 817 1380 ιι
848 1324 1044 1383 Ταῦτα
1074 1325 1129 1382 ἐν
1159 1324 1473 1401 παροιμίαις
1504 1324 1780 1399 λελάληκα
1812 1328 1966 1402 ὑμῖν,

356 1414 478 1473 ἀλλ’
518 1412 741 1493 ἔρχεται
770 1411 921 1494 ὥρα,
971 1411 1060 1471 ὅτε
1106 1413 1203 1472 οὗκ
1229 1412 1308 1472 ἔτι
1350 1416 1403 1473 ἐν
1433 1414 1781 1495 παροιμίαις,
1827 1416 1966 1476 ἀλλὰ

352 1503 641 1585 surripuerit;
672 1502 797 1583 περὶ
841 1506 935 1561 τοῦ
988 1502 1201 1584 Πατρὸς
1233 1505 1512 1583 ἀναγγελεῖ»
1559 1508 1706 1583 ὑμῖν.
1736 1526 1766 1564 D
1807 1506 1963 1567 Μετὰ

352 1594 463 1674 γὰρ
493 1592 598 1665 τὴν
649 1592 946 1652 ἀνάστασιν
999 1592 1357 1674 παραστήσας
1396 1595 1583 1655 ἑαυτὸν
1636 1598 1844 1671 ζῶντα,
1894 1597 1964 1656 δι’

2080 967 2239 1025 dens.
2287 968 2429 1041 Quia
2458 967 2626 1041 igitur
2654 967 2931 1024 Dominus
2960 968 3137 1024 multa
3167 968 3250 1025 eis
3275 968 3491 1026 occulte
3533 968 3691 1027 dixe-

2079 1065 2188 1127 rat,
2242 1064 2298 1114 et
2343 1057 2665 1129 parabolam
2711 1065 2965 1114 narrarat
3010 1055 3079 1113 de
3109 1057 3340 1114 muliere
3389 1074 3452 1114 ac
3499 1067 3684 1131 partu,

2077 1147 2209 1205 dicit
2236 1169 2247 1205 :
2282 1171 2306 1195 ιι
2336 1149 2472 1204 Haec
2502 1162 2598 1219 per
2618 1147 2915 1220 paruamias
2942 1163 3090 1204 nunc
3118 1148 3339 1204 locutus
3363 1162 3489 1205 sum
3510 1148 3688 1217 vobis,

2075 1237 2173 1295 sed
2202 1238 2349 1294 venit
2377 1238 2534 1305 hora,
2576 1236 2803 1311 quando
2850 1253 2963 1294 non
3004 1238 3148 1294 ultra
3192 1238 3249 1293 in
3280 1238 3554 1309 parabolis
3605 1239 3690 1295 lo-

2075 1343 2235 1401 quar,
2278 1326 2375 1384 sed
2403 1328 2574 1384 libere
2615 1326 2683 1383 de
2710 1330 2871 1383 Patre
2900 1327 3240 1384 annnntiabo
3272 1327 3449 1384 vobis.
3485 1347 3511 1381 »
3558 1330 3692 1385 Post

2074 1417 2531 1475 resurrectionem
2594 1418 2768 1485 enim,
2820 1433 2949 1474 cum
3000 1432 3060 1474 se
3106 1416 3442 1475 exhibuisset
3503 1418 3690 1475 vivum

2074 1523 2170 1581 per
2188 1507 2549 1581 quadraginta
2578 1506 2720 1577 dies,
2750 1507 3081 1580 loquebatur
3109 1508 3189 1564 eis
3213 1507 3281 1565 de
3309 1510 3475 1565 Patre
3512 1509 3693 1581 magis

2072 1598 2305 1671 mystica
2342 1606 2399 1654 et
2426 1597 2808 1654 manifestiora
2833 1597 2901 1651 7‘.
2932 1597 3091 1655 Prius
3120 1597 3273 1655 enim
3300 1598 3382 1655 sic
3412 1598 3693 1670 putabant

354 1687 578 1763 ἡμερῶν
652 1681 1057 1762 τεσσαράκοντα
1106 1683 1281 1742 ἐλάλει
1339 1685 1519 1751 αὐτοῖς
1566 1683 1634 1744 τὰ
1694 1686 1819 1766 περὶ
1870 1691 1962 1746 τοῦ

2072 1688 2186 1759 ejus
2211 1703 2330 1743 esse
2357 1690 2577 1744 Patrem
2608 1691 2812 1757 Deum,
2842 1688 2981 1744 sicut
3023 1696 3078 1744 et
3116 1695 3311 1745 noster
3342 1696 3446 1757 est,
3482 1689 3686 1762 gratia.

356 1771 577 1852 Πατρὸς
608 1772 676 1831 τὰ
722 1771 1094 1851 μυστικώτερα
1129 1772 1220 1833 xui
1256 1772 1633 1855 ἀκριϐέστερα.
1692 1773 1960 1855 Πρότερον

2072 1779 2272 1834 [ternm
2320 1786 2504 1833 autem
2534 1776 2627 1834 dat
2667 1777 2743 1834 eis
2784 1776 3069 1842 ﬁduciam,
3096 1777 3245 1850 quod
3291 1777 3535 1834 habituri
3580 1778 3689 1834 sint

354 1862 463 1943 γὰρ
512 1861 682 1963 οὕτως
736 1862 971 1940 ἐνόμιζον
1014 1863 1175 1963 αύτοῦ
1215 1863 1438 1963 Πατέρα
1483 1854 1963 1963 εἶναιΙτὸνΘΘεδν,

2084 1867 2140 1923 in
2190 1867 2588 1924 tentationibus
2618 1883 2917 1939 supernum
2970 1866 3326 1940 adjutorium.
3370 1890 3395 1915 σι
3427 1867 3541 1924 Sub
3587 1883 3689 1924 no-

356 1957 428 2019 ὣς
460 1953 554 2012 xui
589 1954 747 2029 ἡμῶν
787 1954 939 2027 ἐστι,
982 1951 1187 2032 χάριτι.
1241 1952 1417 2014 Πάλιν
1462 1953 1516 2012 δὲ
1566 1952 1757 2037 θᾶρῤος
1789 1956 1964 2026 αὐτοῖς

2074 1957 2223 2013 mine
2251 1972 2398 2027 meo,
2430 1956 2624 2029 inquit,
2678 1958 2875 2028 petetis

357 2042 548 2114 διδοὺς,
572 2042 657 2101 ὅτι
686 2041 951 2124 λήψονται
982 2044 1037 2101 ἐν
1061 2043 1170 2111 τοῖς
1193 2054 1514 2125 πειρασμοῖς
1548 2044 1797 2124 βοήθειαν
1830 2045 1966 2105 ἄνω-

357 2138 444 2191 θεν
470 2182 483 2203 ,
517 2159 542 2185 ιι
576 2131 671 2193 Ἐν
702 2136 778 2213 τῷ
807 2131 1030 2210 ὀνόματί
1060 2155 1195 2210 μου,
1225 2133 1405 2215 φησὶν,
1438 2133 1731 2207 αἰτήσασθε
1764 2134 1846 2214 [
1879 2137 1962 2196 ui-

355 2223 697 2307 rjascﬁs],u
743 2222 835 2282 xui
888 2226 1137 2283 τοσοῦτον
1169 2224 1290 2301 ὑμῖν
1342 2223 1759 2303 διαϐεϐαιοῦμαι
1812 2225 1961 2307 φίλον

358 2304 492 2371 εἶναι
542 2304 631 2372 τὸν
680 2312 945 2392 Πατέρα,
980 2310 1120 2372 ὥστε
1172 2312 1288 2374 οὐδὲ
1335 2319 1433 2387 τῆς
1480 2315 1751 2393 μεσιτείας
1778 2304 1961 2376 λοιπὸν

356 2405 491 2486 ἐμοῦ
520 2402 770 2482 χρῄζετε.
822 2423 851 2459 α
881 2402 1053 2469 Αὐτὸς
1078 2400 1181 2484 γὰρ
1211 2423 1241 2462 n
1280 2408 1475 2472 ἐκεῖνος
1514 2426 1545 2464 α
1579 2407 1723 2486 φιλεῖ
1748 2407 1906 2483 ὑμᾶς.
1938 2436 1961 2460 ιο

358 2484 502 2554 Εἶτα
532 2492 621 2551 ἵνα
655 2496 733 2570 μὴ
764 2491 1156 2564 ἄποπηδήσωσι
1205 2498 1295 2552 τοῦ
1330 2484 1603 2574 Χριστοῦ
1642 2498 1714 2563 ὡς
1744 2497 1840 2554 οὐκ
1883 2496 1961 2555 ἔτι

354 2586 517 2643 αὐτοῦ
552 2582 872 2664 χρῄζοντες,
913 2582 1056 2641 ἀλλὰ
1095 2585 1171 2664 τῷ
1200 2584 1379 2665 Πατρὶ
1420 2583 1633 2663 ἀμίσως
1665 2586 1961 2663 ἀγαπώμε-

352 2697 466 2751 νοι,
496 2673 666 2755 ’φησί⁸
716 2699 741 2725 ι
776 2672 881 2733 Διὰ
924 2676 1081 2732 τοῦτο
1119 2673 1262 2753 φιλεῖ
1310 2676 1452 2755 ὑμᾶς
1502 2677 1530 2733 6
1561 2673 1790 2754 Πατὴρ,
1827 2675 1960 2735 διότι

354 2769 502 2842 ὑμεῖς
526 2754 649 2836 ίέμὲ
703 2758 1062 2843 πεφιλήκατε.
1124 2789 1148 2815 ν
1194 2759 1333 2823 ⁶Ότε
1383 2754 1474 2822 οὖν
1533 2762 1809 2823 ἐκπίσοιτε
1866 2768 1961 2838 τῆς

354 2854 489 2930 ἐμῆς
534 2850 751 2934 φιλίας,
801 2850 996 2910 αὐτίκα
1066 2851 1158 2911 xui
1212 2856 1304 2913 τοῦ
1363 2852 1576 2935 Πατρὸς
1627 2856 1956 2917 ἐκπεσεῖσθε.

352 2942 513 3005 Ἐπεὶ
555 2943 614 3002 δὲ
644 2940 1004 3023 διαφερόντως
1032 2940 1223 3011 αὐτοὺς
1250 2946 1637 3025 παρεμυθεῖτο,
1664 2944 1723 3004 τὸ
1745 2944 1958 3005 ἀκούειν

352 3033 435 3093 ὅτι
480 3032 628 3115 παρὰ
663 3036 758 3091 τοῦ
810 3034 958 3093 Θεοῦ
1005 3030 1215 3107 ἐξῆλθε,
1272 3033 1365 3093 xui
1421 3033 1586 3095 πάλιν
1634 3033 1767 3114 πρὸς
1816 3033 1955 3097 Θεὸν

2956 1975 2970 2012 :
3025 1980 3051 2005 ιι
3084 1964 3140 2013 et
3181 1956 3239 2012 in
3291 1964 3505 2012 tantum
3535 1956 3692 2013 vobis

2073 2047 2413 2105 conservabo
2452 2047 2697 2104 amicum
2742 2049 2989 2112 Patrem,
3032 2053 3097 2101 ut
3125 2045 3354 2118 posthac
3393 2061 3574 2120 neque
3602 2062 3693 2102 me

2074 2154 2212 2210 opus
2252 2137 2496 2194 habeatis
2527 2136 2890 2194 intercessore
2939 2156 2951 2193 :
2992 2154 3022 2189 ((
3063 2152 3200 2192 nam
3246 2137 3482 2209 ipsemet
3532 2138 3691 2193 Pater

2072 2243 2170 2283 vos
2197 2235 2370 2285 amat.
2398 2249 2425 2279 ιο
2450 2229 2687 2299 Insuper
2707 2235 2767 2283 ut
2786 2242 2901 2284 non
2921 2226 3169 2283 resiliant
3196 2241 3228 2282 a
3258 2225 3501 2291 Christo,
3533 2212 3687 2299 quasi

2068 2317 2190 2390 ipso
2217 2334 2330 2374 non
2355 2317 2599 2374 habeant
2647 2333 2806 2389 opus,
2849 2315 2946 2373 sed
2973 2332 3005 2372 a
3037 2318 3201 2373 Patre
3236 2315 3446 2389 absque
3474 2315 3685 2373 media-

2070 2414 2191 2464 tore
2219 2405 2539 2479 diligantur,
2572 2405 2711 2462 dicit
2751 2424 2763 2460 :
2816 2428 2843 2454 ι
2895 2406 3194 2477 Propterea
3234 2414 3386 2461 amat
3440 2420 3538 2461 vos
3574 2406 3685 2461 Pa-

2068 2503 2176 2565 ter,
2221 2512 2287 2553 eo
2313 2495 2463 2569 quod
2492 2511 2581 2551 me
2599 2494 2887 2552 dilexistis.
2935 2517 2960 2543 ι›
2988 2493 3222 2568 Quando
3266 2493 3429 2567 igitur
3469 2494 3687 2552 excide-

2069 2586 2187 2642 ritis
2226 2602 2258 2642 a
2296 2602 2419 2642 mea
2449 2585 2711 2653 amicitia,
2742 2593 2876 2641 tunc
2920 2592 2976 2641 et
3003 2600 3034 2640 a
3087 2583 3262 2639 Patris
3296 2583 3541 2639 amicitia
3593 2598 3687 2639 ex-

2068 2675 2283 2732 cidetis.
2330 2679 2397 2733 Et
2446 2677 2576 2749 quia
2616 2675 2854 2732 multum
2885 2690 2981 2731 eos
3031 2672 3351 2729 consolatus
3386 2671 3509 2741 fuit,
3559 2673 3687 2746 quia

2068 2765 2371 2823 audiebant
2394 2781 2521 2823 eum
2550 2781 2580 2821 a
2619 2766 2781 2821 Patre
2833 2764 3087 2831 exivisse,
3134 2770 3191 2819 et
3232 2762 3435 2819 iterum
3482 2761 3551 2819 ad
3585 2765 3689 2820 Pa-

2067 2864 2210 2912 trem
2236 2855 2339 2925 ire,
2369 2864 2660 2929 propterea
2700 2852 2965 2911 continuo
3014 2852 3124 2910 hoc
3151 2860 3335 2909 versat
3389 2870 3402 2908 :
3435 2852 3585 2909 unde
3631 2860 3691 2908 et

2069 2943 2145 3003 illi
2212 2942 2486 3003 audiendo
2564 2943 2702 3013 haec,
2759 2942 2997 3000 utilitate
3047 2949 3298 3016 percepta
3354 2942 3690 3015 respirantes

2069 3033 2499 3108 aliquantulum,
2531 3032 2661 3107 quid
2688 3032 2883 3090 aiunt?

352 3124 585 3215 ὗπάγει,
623 3121 715 3182 διὰ
760 3126 919 3215 τςίῦτο
977 3126 1210 3203 συνεχῶς
1246 3123 1377 3184 αὖτό
1420 3123 1655 3206 στρέφει.
1712 3121 1879 3187 ⁶Οθεν
1921 3127 2013 3189 xui
2046 3134 2194 3194 αὐτοὶ
2244 3136 2304 3195 ἐκ
2350 3139 2442 3195 τοῦ
2476 3140 2641 3196 ταῦτα
2687 3131 2898 3193 ἀκούειν
2945 3129 3337 3215 ὠφεληθέντες,
3390 3130 3482 3192 καὶ
3539 3131 3677 3191 ἀνα·-

348 3212 714 3291 πνεύσαντες,
756 3211 809 3271 τί
838 3233 1040 3294 φασιν;

432 3334 456 3357 ι
488 3303 759 3383 Λέγουσιν
786 3304 934 3383 αὐτῷ
963 3305 1009 3364 οῖ
1037 3303 1275 3381 μαθηταὶ
1311 3305 1491 3365 αὐτοῦ’
1520 3302 1635 3366 Ἴδε
1666 3309 1772 3375 νῦν,
1815 3308 1955 3388 παῤ-

2135 3318 2321 3374 Vnns.
2356 3320 2543 3373 29-32.
2584 3335 2612 3365 «
2651 3313 2859 3371 Dicunt
2909 3312 2958 3371 ei
2991 3311 3245 3384 discipuli
3291 3310 3410 3384 ejus
3463 3328 3479 3368 :
3534 3313 3681 3368 Ecce

558 3396 793 3476 λαλεῖς,
832 3394 924 3452 καὶ
974 3392 1268 3473 παροιμίαν
1322 3394 1575 3473 οὐδεμίαν
1628 3394 1819 3474 λέγεις’
1876 3402 1966 3457 νῦν

357 3472 612 3561 οἴδαμεν,
634 3482 718 3542 ὅτι
740 3472 886 3549 οἶδας
926 3472 1105 3543 πάντα
1127 3529 1143 3559 ,
1170 3482 1263 3543 καὶ
1293 3486 1352 3543 οὗ
1383 3472 1569 3565 χρείαν
1603 3472 1743 3566 ἔχεις
1769 3483 1858 3544 ἵνα
1890 3487 1967 3555 τὶς

362 3596 428 3633 σε
458 3575 656 3653 ἐρωτᾶς.
675 3574 769 3635 Ἐν
802 3572 976 3653 τούτῳ
1004 3578 1353 3653 πιστεύομεν,
1385 3573 1465 3633 ὅτι
1498 3574 1604 3635 ἀπὸ
1632 3578 1776 3636 Θεοῦ
1812 3574 1965 3649 ἐξῆλ-

361 3668 475 3729 θες.
534 3662 809 3743 Ἀπεκρίθη
861 3664 1038 3731 αὐτοῖς
1093 3666 1122 3723 6
1184 3663 1407 3734 Ἰησοῦς·
1457 3660 1608 3746 Ἄρτι
1662 3665 1960 3730 πιστεύετε.

364 3752 483 3812 ἰδοὺ
515 3752 726 3833 ἔρχεται
752 3750 864 3833 ὥρα
883 3797 902 3827 ,
928 3753 1022 3813 καὶ
1046 3756 1139 3812 νῦν
1169 3753 1447 3828 ἐλήλυθεν,
1475 3751 1563 3813 ἵνα
1597 3760 1962 3835 σκορπισθῆτε

362 3842 586 3909 ἕκαστος
628 3846 703 3910 εἷς
731 3841 795 3901 τὰ
837 3842 987 3918 ἴδια,
1033 3842 1127 3901 xui
1177 3844 1272 3921 ἐμὲ
1308 3842 1463 3920 μόνον
1494 3846 1682 3925 ἀφῆτε·
1724 3843 1817 3904 xui
1868 3847 1963 3905 οὐκ

362 3934 473 4010 εἰμὶ
504 3932 694 4011 μόνος,
733 3932 820 3994 ὅτι
863 3935 893 3991 6
939 3930 1133 4012 Πατὴρ
1164 3936 1279 4010 μετ’
1308 3935 1440 4011 ἐμοῦ
1492 3937 1654 3997 ἐστιν.
1686 3956 1716 3993 u
1771 3933 1964 3996 Ἀκού-

357 4046 547 4090 σαντες
578 4024 630 4083 of
669 4021 945 4101 μαθηταὶ,
973 4020 1055 4080 ὅτι
1086 4022 1233 4102 φίλος
1257 4022 1411 4083 ἔσται
1440 4025 1617 4092 αὐτοῖς
1645 4027 1673 4084 6
1702 4022 1838 4092 Θεὸς
1870 4026 1964 4086 xui

357 4113 581 4194 Πατὴρ,
632 4112 728 4173 καὶ
758 4111 841 4171 ὅτι
871 4114 932 4171 οὖ
962 4112 1167 4172 δέονται
1205 4118 1301 4186 τῆς
1349 4115 1510 4175 αὐτοῦ
1552 4116 1853 4193 μεσιτείας,
1892 4119 1964 4184 ὡς

348 4207 431 4285 τῷ
454 4203 640 4283 Πατρὶ
670 4199 1037 4283 ᾠκειωμένοι,
1060 4202 1153 4263 xui
1180 4202 1260 4263 ὅτι
1291 4201 1477 4285 ἐξῆλθε
1500 4203 1650 4285 παρὰ
1680 4211 1772 4265 τοῦ
1801 4207 1964 4279 Θεοῦ,

350 4283 555 4376 φασὶν,
583 4292 669 4351 ὅτι
705 4314 735 4350 (ι
769 4294 882 4353 Νῦν
913 4290 1129 4370 οἴδαμεν
1147 4337 1164 4366 ,
1193 4295 1275 4353 ὅτι
1299 4283 1443 4360 οἶδας
1469 4283 1648 4353 πάντα
1668 4338 1683 4366 ,
1730 4321 1755 4346 ιν
1804 4317 1964 4354 τουτ-

352 4383 503 4456 έστι,
538 4381 831 4449 Γινώσκεις
863 4380 933 4441 τὰ
956 4381 1375 4451 σκανδαλίζοντα
1422 4381 1528 4455 τὴν
1569 4382 1799 4443 ἑκάστου
1829 4406 1963 4466 καρ-

353 4473 508 4551 δίαν,
548 4494 581 4531 α
607 4471 703 4532 καὶ
730 4473 790 4531 οὗ
820 4471 1007 4553 χρείαν
1042 4471 1216 4553 ἔχεις,
1242 4492 1273 4528 ι)
1308 4470 1400 4530 ἵνα
1443 4471 1594 4553 παρά
1635 4496 1795 4533 τινων
1827 4496 1963 4549 μαν-

351 4564 519 4643 θάνῃς
552 4561 720 4621 αὐτό.
760 4561 868 4622 Καὶ
892 4589 918 4614 ι
945 4566 995 4622 ἐν
1020 4559 1192 4643 τούτῳ
1219 4560 1562 4641 πιστεύομεν,
1585 4560 1665 4622 ὅτι
1691 4562 1798 4622 ἀπὸ
1819 4566 1963 4624 Θεοῦ
1990 4602 2040 4665 D

353 4654 593 4725 ἐξῆλθες.
629 4674 660 4709 n
693 4652 838 4711 Θεοῦ
862 4651 983 4730 γὰρ,
1032 4650 1093 4710 τὸ
1121 4651 1317 4736 εἰδέναι
1349 4656 1418 4713 τὰ
1451 4652 1663 4736 κρυπτὰ
1692 4656 1785 4725 τῆς
1823 4676 1959 4733 καρ-

356 4743 493 4811 δίας.
524 4743 735 4804 Σκόπει
756 4740 811 4801 δὲ
828 4786 845 4814 ,
874 4744 989 4809 πῶς
1019 4744 1222 4810 ἀτελεῖς
1258 4732 1395 4815 ἦσαν
1416 4732 1660 4821 λέγοντες
1688 4742 1767 4817 τὸ,
1801 4772 1825 4795 σι
1848 4732 1960 4805 Νῦν

358 4834 603 4906 οἴδαμεν*
636 4854 669 4890 ι)
699 4833 770 4891 Οἱ
797 4830 899 4912 γὰρ
926 4831 1189 4891 τοσούτων
1218 4832 1540 4901 ἀκούσαντες
1576 4834 1957 4909 διδασκαλιῶν,

368 4946 398 4981 ιι
434 4926 547 4983 Νῦν
599 4924 856 4999 οἴδαμεν,
909 4943 938 4979 n
991 4921 1173 5000 φασίν.
1209 4921 1282 4983 Ὀ
1327 4922 1382 4981 δὲ
1435 4925 1665 5004 Χριστὸς
1710 4922 1961 4983 δεικνύων

358 5013 575 5089 αὐτοῖς,
606 5010 687 5071 ὅτι
722 5012 924 5078 ἀτελεῖς
968 5013 1102 5070 εἰσιν
1133 5011 1245 5086 ἔτι,
1292 5011 1386 5071 xui
1431 5012 1580 5072 οὔπω
1625 5014 1776 5075 οὐδὲν
1821 5012 1961 5093 μέγα

358 5104 487 5183 περὶ
522 5104 685 5161 αὐτῶ
719 5101 999 5175 ἐνενόησαν
1029 5149 1047 5179 ,
1078 5101 1217 5163 ἀλλὰ
1263 5101 1413 5162 κάτω
1445 5102 1537 5162 xui
1569 5102 1693 5185 περὶ
1725 5102 1820 5175 τὴν
1866 5107 1964 5184 γῆν

353 5198 438 5255 ἔτι
464 5192 783 5274 στρέφονται
806 5236 824 5265 ,
874 5190 1054 5270 φησίν·
1088 5213 1119 5251 α
1149 5188 1303 5274 Ἄρτι
1330 5192 1636 5255 πιστεύετε.
1674 5215 1703 5251 n
1740 5192 1964 5275 εὨσπερ

354 5285 466 5365 γὰρ
510 5282 873 5365 ἐπιμέμφεται
922 5282 1213 5349 αὐτοῖςκαὶ
1256 5283 1638 5363 προσονειδίζει
1683 5281 1781 5355 τὴν
1826 5288 1962 5363 βρα-

359 5377 569 5446 δυτῆτα
610 5377 706 5448 τῆς
733 5371 987 5439 πίστεως.
1035 5368 1157 5431 Ἵνα
1188 5371 1293 5452 [δὲ]
1321 5372 1397 5450 μὴ
1426 5372 1617 5443 δόξωσι
1648 5373 1963 5455 χαρίζεσθαι

358 5468 538 5547 αὐτῷ,
562 5468 787 5525 τοιαῦτα
819 5461 947 5545 περὶ
983 5461 1142 5521 αὐτοῦ
1174 5465 1497 5537 ἐννοοῦντες,
1522 5463 1713 5545 φησίν·
1742 5489 1767 5518 α
1800 5462 1962 5537 Ἐλή-

356 5558 561 5632 λυθενὴ
590 5556 732 5641 ὥρα,
769 5554 862 5615 ἵνα
894 5555 1253 5633 σκορπισθῆτε
1278 5550 1520 5622 ἕκαστος.
1554 5574 1586 5613 n
1618 5550 1808 5631 Ὑμεῖς
1827 5552 1953 5635 γὰρ,

416 5731 451 5765 τε
478 5736 605 5791 Act.
649 5746 700 5801 ι,
732 5734 791 5785 3.
851 5725 899 5759 ⁷⁵
921 5724 1087 5781 Joan.
1114 5737 1244 5789 xvr,
1276 5727 1365 5779 30.
1416 5723 1457 5756 ⁷⁸
1485 5723 1626 5781 Psal.
1661 5738 1847 5792 xLIn,
1876 5729 1963 5780 22.

2073 3423 2223 3465 nunc
2251 3415 2438 3479 aperte
2487 3405 2750 3479 loqueris,
2800 3420 2904 3461 nec
2934 3402 3286 3476 proverbium
3320 3402 3500 3460 ullum
3523 3400 3685 3459 dicis.

2074 3497 2241 3569 725
2278 3512 2430 3553 nunc
2457 3496 2666 3552 scimus
2704 3493 2857 3568 quod
2896 3494 3004 3551 scis
3052 3493 3261 3559 omnia,
3292 3508 3395 3549 nec
3435 3507 3574 3564 opus
3603 3501 3687 3548 est

2071 3588 2168 3644 tibi
2200 3594 2261 3643 ut
2288 3585 2410 3659 quis
2438 3594 2494 3642 te
2526 3585 2846 3658 interroget.
2877 3586 2981 3641 Per
3010 3582 3115 3639 hoc
3158 3581 3441 3639 credimus
3467 3580 3615 3654 quod
3654 3598 3686 3638 a

2072 3681 2189 3734 Deo
2238 3675 2418 3733 existi.
2467 3673 2779 3747 Respondit
2824 3673 2901 3730 eis
2957 3674 3115 3729 Iesus
3162 3691 3175 3727 :
3227 3674 3390 3728 Nunc
3431 3670 3683 3728 creditis!

2076 3771 2214 3823 Ecce
2261 3766 2432 3821 instat
2474 3773 2713 3835 tempus,
2744 3770 2800 3820 et
2838 3762 2955 3834 jam
3006 3760 3177 3829 venit,
3206 3768 3267 3817 ut
3290 3760 3683 3833 dispergamini

2072 3857 2454 3928 unusquisque
2494 3854 2555 3909 in
2583 3868 2705 3922 sua,
2745 3866 2945 3923 meque
2986 3851 3167 3907 solum
3196 3848 3512 3921 relinquatis
3570 3868 3584 3905 :
3630 3858 3689 3907 et

2071 3954 2256 4003 tamen
2279 3961 2396 4002 non
2424 3959 2549 4000 sum
2576 3942 2747 4009 solus,
2765 3941 2898 4014 quia
2926 3942 3087 3996 Pater
3106 3954 3331 3995 mecum
3357 3946 3463 3996 est.
3488 3964 3511 3988 ι
3540 3940 3684 3997 Cum

2070 4034 2355 4093 audissent
2396 4032 2646 4105 discipuli
2689 4031 2936 4087 amicum
2990 4028 3097 4085 illis
3138 4027 3353 4085 futurm
3400 4030 3585 4085 Deum
3629 4036 3688 4086 et

2073 4128 2314 4193 Patrem,
2342 4139 2522 4196 neque
2566 4120 2812 4193 indigere
2857 4134 2916 4176 se
2945 4118 3092 4175 illius
3138 4117 3556 4185 intercessione,
3604 4118 3685 4174 uti

2073 4214 2312 4272 maxime
2335 4212 2633 4269 familiares
2664 4209 2834 4277 Patri,
2861 4208 3165 4281 exiisseque
3193 4207 3344 4264 illum
3371 4224 3401 4264 a
3428 4211 3573 4277 Deo,
3603 4206 3687 4265 di-

2071 4312 2204 4361 cunt
2235 4322 2247 4359 :
2288 4324 2315 4355 «
2342 4306 2508 4359 Nunc
2536 4301 2742 4359 scimus
2780 4297 2936 4373 quod
2976 4298 3083 4355 scis
3109 4297 3313 4363 omnia,
3349 4320 3375 4347 ι»
3424 4298 3532 4355 hoc
3579 4306 3681 4367 est,

2072 4394 2362 4468 cognoscis
2414 4407 2538 4465 quae
2593 4390 3023 4462 uniuscujusque
3069 4404 3168 4444 cor
3235 4385 3555 4457 offendunt,
3627 4398 3684 4444 et

2078 4503 2107 4537 ιι
2129 4500 2239 4541 non
2264 4498 2403 4556 opus
2445 4481 2614 4538 habes
2642 4504 2669 4533 ››
2703 4488 2766 4537 ut
2791 4479 2860 4535 ab
2894 4478 3081 4551 aliquo
3108 4477 3291 4534 discas
3317 4492 3402 4541 ea,
3441 4500 3467 4527 ι
3526 4484 3584 4532 et
3626 4477 3683 4533 in

2073 4574 2180 4631 hoc
2228 4572 2505 4631 credimus
2549 4570 2695 4643 quod
2724 4588 2755 4627 a
2794 4573 2917 4626 Deo
2945 4567 3144 4624 exieris
3191 4566 3234 4600 ⁷⁸
3267 4583 3283 4623 :
3334 4589 3359 4615 ιι
3393 4567 3488 4623 Dei
3531 4565 3679 4624 enim

2071 4674 2155 4723 est
2184 4665 2326 4720 scire
2370 4664 2588 4721 occulta
2632 4660 2815 4718 cordis
2854 4659 2918 4717 ⁷⁸.
2971 4657 3109 4716 Vide
3158 4664 3347 4714 autem
3390 4656 3679 4730 quomodo

2074 4752 2380 4827 imperfecti
2418 4751 2629 4810 fuerint
2660 4751 2929 4818 dicentes,
2964 4772 2990 4798 α
3020 4751 3187 4806 Nunc
3224 4747 3431 4804 scimus
3463 4768 3476 4803 :
3512 4769 3540 4799 ι
3592 4748 3689 4821 qui

2074 4846 2224 4902 enim
2267 4852 2448 4901 tantas
2499 4843 2786 4900 audierant
2826 4840 3129 4907 doctrinas,
3184 4838 3397 4907 dicunt,
3444 4863 3470 4889 ιι
3525 4842 3682 4897 Nunc

2073 4936 2297 4992 scimus.
2352 4958 2379 4984 η
2426 4933 2675 4990 Christus
2718 4940 2907 4989 autem
2938 4930 3234 4988 ostendens
3275 4929 3355 4986 eis
3383 4928 3532 5003 quod
3573 4930 3682 4987 im-

2075 5025 2300 5098 perfecti
2330 5024 2459 5092 sint,
2488 5022 2711 5097 etquod
2742 5023 2995 5081 nondum
3046 5020 3350 5094 quidquam
3391 5020 3579 5092 magni
3615 5020 3683 5077 de

2076 5132 2134 5172 se
2180 5115 2568 5183 intellexerint,
2613 5113 2710 5171 sed
2760 5113 3023 5171 deorsum
3070 5120 3126 5169 et
3175 5111 3232 5168 in
3273 5110 3508 5167 terrenis
3560 5124 3686 5166 ver-

2074 5213 2284 5275 sentur,
2318 5196 2494 5278 inquit
2538 5223 2550 5261 ε
2600 5227 2626 5253 α
2671 5206 2832 5261 Nunc
2875 5202 3133 5259 creditis!
3183 5223 3209 5251 ιι
3260 5198 3686 5272 Quodammodo

2072 5294 2410 5367 improperat
2442 5294 2520 5351 eis
2546 5293 2873 5351 tarditatem
2928 5291 3053 5349 ﬁdei
3096 5290 3338 5347 illorum.
3372 5290 3456 5345 Ut
3499 5295 3685 5345 autem

2073 5399 2147 5439 ne
2171 5382 2464 5440 videantur
2486 5381 2777 5455 gratificari
2806 5381 2911 5454 ipsi
2948 5380 3075 5437 talia
3108 5378 3179 5436 de
3204 5379 3327 5451 ipso
3364 5376 3682 5446 sentientes,

2074 5473 2255 5546 inquit
2284 5492 2297 5529 :
2329 5495 2354 5522 α
2383 5472 2546 5530 Venit
2569 5471 2708 5529 hora
2726 5478 2789 5528 ut
2807 5468 3198 5545 dispergamini
3227 5468 3624 5542 unusquisque.
3654 5491 3680 5517 ιο

2070 5562 2185 5619 Vos
2212 5561 2387 5632 enim,
2430 5561 2643 5635 inquit,
2674 5557 2943 5617 videmini
2977 5555 3046 5613 de
3074 5570 3169 5613 me
3208 5569 3479 5628 magnum
3517 5557 3687 5632 quid-
