4128 6456
489 437 593 491 223

1486 419 1999 485 THEOPHYLACTI
2037 415 2404 474 BULGARIJE
2441 418 2754 476 ARCHIEP.

3687 425 3798 480 224

489 561 622 616 dam
659 558 862 615 sentire
915 573 1060 630 :ego
1089 564 1274 614 autem
1323 555 1448 613 dico
1482 555 1657 622 vobis,
1719 550 1866 626 quod
1913 557 2089 618 usque

2204 543 2367 624 φησὶ,
2399 546 2601 605 δοκεῖτε
2627 545 2766 624 μέγα
2802 569 2855 604 τι
2897 545 3018 624 περὶ
3065 547 3198 622 ἐμοῦ
3248 552 3637 629 φαντασθῆναι·
3689 549 3799 629 ἐγὼ

490 651 628 707 adeo
689 648 1001 722 imperfecti
1049 648 1199 714 estis,
1257 655 1317 703 ut
1364 661 1454 702 me
1498 644 1731 701 inimicis
1787 639 2096 713 derelicturi

491 739 636 806 sitis,
705 747 760 795 et
814 739 1069 796 invasura
1121 745 1204 794 est
1260 751 1356 793 vos
1396 734 1656 799 formido,
1683 742 1740 791 et
1799 733 1873 788 ita
1919 745 2097 802 neque

485 830 723 902 junctim
767 828 1056 896 secedetis,
1096 827 1194 884 sed
1241 826 1535 898 separatim
1589 821 1995 896 dispergemini,
2041 825 2098 876 et

490 919 866 992 unusquisque
917 918 1126 990 sibiipsi
1164 915 1236 973 de
1279 917 1456 973 salute
1485 923 1541 972 et
1585 912 1837 988 profugio
1879 909 2095 984 prospi-

489 1009 616 1066 ciet.
682 1011 889 1065 Verum
957 1024 1058 1081 ego
1111 1014 1399 1080 propterea
1460 1021 1576 1062 non
1625 1003 1840 1060 habebo
1879 1001 2040 1074 pejus
2079 1029 2092 1066 ε

495 1122 521 1148 α
561 1102 686 1155 Non
713 1099 861 1154 enim
896 1097 1048 1154 solus
1078 1112 1222 1165 sum,
1256 1119 1283 1146 »
1313 1095 1410 1153 sed
1445 1095 1622 1151 habeo
1651 1101 1707 1150 et
1729 1095 1950 1149 Patrem
1973 1105 2094 1146 me-

492 1203 620 1244 cum
663 1207 674 1243 :
706 1195 871 1260 atque
897 1187 970 1242 ita
1003 1201 1180 1258 neque
1211 1201 1309 1257 per
1352 1183 1738 1257 impotentiam
1769 1181 1965 1255 patior,
2001 1179 2094 1236 sed

489 1276 856 1333 voluntarium
923 1291 1013 1332 me
1091 1275 1351 1346 permitto
1427 1271 1862 1329 cruciﬁxoribus.
1951 1269 2094 1325 Cum

492 1367 657 1439 igitur
689 1364 927 1422 audieris
969 1365 1326 1431 clamantem,
1372 1386 1397 1413 ‹‹
1452 1364 1535 1418 Ut
1581 1361 1713 1435 quid
1748 1375 1841 1417 me
1896 1358 2096 1416 dereli-

490 1455 659 1529 quisti
689 1454 734 1488 7"
763 1457 819 1510 ?n
861 1470 930 1511 ne
957 1454 1035 1510 sic
1062 1454 1390 1526 simpliciter
1423 1451 1688 1525 intellige,
1719 1448 1868 1523 quod
1894 1447 2093 1504 dereli-

489 1555 610 1602 ctus
639 1545 710 1602 sit
754 1544 1002 1601 Salvator
1063 1561 1094 1601 a
1126 1545 1286 1600 Patre
1336 1564 1348 1600 :
1407 1541 1612 1615 alioqui
1659 1537 1939 1612 quomodo
1987 1538 2096 1594 hoc

492 1637 616 1692 loco
660 1642 977 1702 testaretur,
1036 1657 1061 1683 α
1098 1636 1256 1690 Pater
1306 1648 1529 1689 mecum
1558 1634 1680 1688 est?
1727 1653 1753 1679 υ
1795 1628 1895 1685 sed
1943 1627 2096 1684 intel-

485 1725 593 1797 lige
620 1733 685 1780 ut
709 1724 780 1780 ab
815 1723 1053 1780 humana
1085 1731 1284 1780 natura
1312 1721 1541 1792 dictum,
1589 1718 1846 1777 derelicta
1873 1724 2097 1790 propter

494 1823 782 1886 peccatum
835 1821 891 1869 et
929 1812 1160 1886 abjecta,
1190 1812 1251 1868 in
1279 1811 1494 1869 Christo
1549 1818 1740 1866 autem
1780 1807 2089 1873 conciliata,

488 1911 542 1958 et
588 1911 870 1976 assumpta
903 1917 997 1975 per
1023 1905 1265 1959 Patrem.

557 2085 739 2140 Vnns.
775 2087 864 2138 32.
923 2101 951 2134 (ι
981 2084 1114 2137 Haec
1159 2087 1344 2136 autem
1387 2079 1603 2135 locutus
1631 2093 1759 2134 sum
1806 2077 1984 2144 vobis,
2034 2084 2099 2133 ut

485 2171 545 2226 in
595 2187 684 2226 me
715 2186 909 2242 pacein
936 2169 1208 2236 habeatis;
1260 2171 1324 2224 In
1366 2167 1580 2224 mundo
1609 2165 1963 2223 afﬂictionem
1995 2165 2096 2221 ha-

486 2259 707 2325 bebitis,
731 2257 827 2314 sed
853 2257 1140 2327 confidite,
1163 2273 1262 2329 ego
1286 2257 1390 2313 vici
1417 2255 1712 2312 mundum.
1742 2279 1767 2304 »
1795 2285 1867 2295 —
1893 2273 1919 2306 α
1939 2257 2097 2320 Haec,

483 2347 676 2420 inquit,
709 2348 926 2403 locutus
972 2363 1096 2403 sum
1138 2346 1315 2412 vobis,
1365 2369 1391 2395 ιι
1429 2353 1493 2402 ut
1521 2361 1593 2402 ne
1633 2344 1866 2417 ejiciatis
1913 2358 2004 2400 me
2031 2358 2098 2400 ex

481 2445 666 2494 mente
691 2442 890 2503 vestra,
919 2451 1098 2509 neque
1126 2435 1595 2493 commoveamini
1637 2443 1693 2491 et
1727 2433 2021 2490 turbemini
2065 2449 2096 2488 a

474 2525 653 2583 stabili
684 2541 813 2599 erga
843 2542 932 2583 me
977 2526 1266 2594 charitate,
1295 2524 1393 2582 sed
1446 2543 1476 2578 ((
1511 2540 1703 2596 pacem
1747 2521 1995 2579 habeatis
2038 2521 2097 2578 in

478 2631 591 2686 me,
637 2616 744 2672 hoc
789 2624 892 2684 est,
920 2616 1197 2672 Maneatis
1222 2613 1464 2683 infracti,
1495 2613 1820 2686 recipientes
1861 2619 1923 2668 ut
1949 2619 2097 2668 certa

479 2722 823 2780 quaecunque
869 2705 980 2761 dixi
1031 2706 1208 2762 vobis.
1265 2703 1470 2762 Audiat
1518 2711 1704 2760 autem
1783 2710 1842 2759 et
1905 2703 2096 2758 Arius.

483 2797 613 2870 quia
655 2796 775 2853 haec
816 2794 998 2852 omnia
1040 2810 1163 2868 qua:
1203 2794 1431 2851 humilia
1471 2800 1526 2850 et
1571 2793 1796 2866 indigna
1837 2792 2100 2849 videntur

487 2887 660 2959 gloria
681 2885 827 2952 Filii,
855 2891 1086 2957 propter
1110 2884 1395 2941 auditores
1416 2882 1567 2940 dicta
1594 2891 1744 2951 sunt,
1768 2898 1878 2939 non
1908 2889 1969 2938 ut
1995 2898 2099 2938 nos

488 2983 710 3032 utamur
727 2973 811 3030 his
830 2990 929 3046 pro
953 2973 1327 3046 dogmatibus.
1363 2973 1524 3030 Dicta
1554 2973 1711 3029 enim
1735 2980 1863 3029 sunt
1883 2980 2101 3044 aposto-

489 3065 557 3122 lis
584 3065 639 3120 in
663 3064 1127 3130 consolationem,
1159 3071 1216 3120 et
1243 3063 1622 3120 demonstrant
1649 3077 1899 3118 amorem
1931 3077 2100 3134 quem

486 3171 616 3254 erga
807 3153 1051 3254 gerebat.
1089 3177 1114 3203 σι
1148 3156 1210 3210 In
1237 3152 1452 3254 mundo
1480 3151 1834 3209 afﬂictionem
1872 3151 2098 3254 habebi-
2128 3189 2173 3254 Ο

487 3246 578 3302 tis.
607 3267 633 3294 α
661 3246 787 3301 Non
811 3244 958 3300 enim
983 3259 1083 3316 per
1106 3243 1364 3316 praedicta
1383 3249 1601 3298 tantum
1624 3257 1720 3298 vos
1747 3242 1948 3299 tentari
1966 3259 2092 3314 per-

489 3335 736 3401 mittam,
753 3334 955 3406 inquit,
969 3333 1064 3390 sed
1083 3332 1325 3406 quandiu
1344 3331 1560 3389 fueritis
1579 3333 1635 3388 in
1651 3331 1879 3401 mundo,
1901 3355 1927 3382 σι
1950 3332 2096 3389 afﬂi-

491 3423 734 3481 ctionem
757 3421 1028 3480 habebitis
1056 3441 1072 3478 :
1097 3445 1123 3473 ιο
1145 3437 1261 3478 non
1287 3438 1440 3478 nunc
1464 3430 1702 3488 tantum,
1733 3421 1952 3494 quando
1979 3431 2094 3479 tra-

491 3513 613 3584 dor,
659 3512 756 3570 sed
783 3521 838 3569 et
863 3520 1084 3585 postea;
1112 3529 1170 3568 se
1193 3511 1464 3569 dresistite
1487 3511 1813 3581 turbationi,
1842 3520 1898 3568 et
1924 3513 2092 3585 726

491 3625 517 3651 α
550 3602 829 3671 conﬁdite,
861 3603 989 3676 quia
1009 3618 1114 3674 ego
1133 3602 1240 3658 vici
1263 3601 1568 3670 mundum;
1595 3624 1621 3652 ιο
1646 3617 1746 3676 ego
1761 3609 1946 3658 autem
1965 3618 2092 3658 cum

485 3692 732 3762 vicerim,
781 3707 894 3748 non
921 3692 1202 3765 oportebit
1229 3707 1324 3749 vos
1366 3691 1662 3764 discipulos
1698 3691 1949 3748 animum
1993 3691 2091 3748 de-

487 3781 781 3855 spondere,
804 3781 902 3839 sed
925 3790 1282 3839 contemnere
1304 3797 1434 3838 eum
1458 3790 1520 3838 ut
1542 3781 1762 3839 victum.
1794 3781 2092 3854 Quomodo

488 3880 673 3928 autem
716 3871 842 3928 vicit
869 3871 1182 3928 mundum?
1223 3871 1370 3944 Quia
1420 3871 1622 3928 devicit
1665 3872 1964 3944 principem
2015 3871 2095 3928 af-

485 3960 792 4017 fectionum
832 3959 1064 4029 mundi;
1105 3959 1203 4017 sed
1230 3961 1339 4017 hoc
1372 3969 1427 4017 et
1451 3976 1516 4015 ex
1544 3959 1943 4031 posterioribus
1971 3976 2091 4016 ma-

485 4049 769 4105 nifestum.
820 4048 1026 4105 Omnia
1076 4049 1225 4105 enim
1265 4050 1316 4104 ei
1344 4049 1591 4120 subjecta
1632 4056 1763 4105 sunt
1817 4057 1872 4104 et
1913 4065 2094 4106 cesse-

491 4145 643 4194 runt.
694 4139 848 4194 Sicut
886 4137 1055 4209 igitur
1100 4136 1286 4193 Adam
1315 4139 1482 4204 victo,
1512 4137 1696 4194 omnis
1723 4146 1919 4194 natura
1966 4154 2095 4196 con-

493 4225 757 4283 demnata
786 4233 896 4291 est;
928 4225 1000 4280 ita
1028 4224 1126 4280 ubi
1155 4224 1410 4281 Christus
1439 4225 1588 4294 vicit,
1631 4225 1688 4280 in
1731 4241 1958 4282 omnem
1991 4243 2094 4283 na-

490 4323 684 4370 turam
714 4312 939 4370 victoria
970 4312 1207 4382 transiit,
1253 4320 1310 4370 et
1337 4313 1514 4370 virtus
1540 4322 1729 4371 nostra
1758 4315 1815 4370 in
1847 4314 2092 4385 Christo,

485 4405 620 4460 Jesu
648 4401 885 4475 gratiam
913 4409 1156 4459 assecuta
1185 4410 1268 4459 est
1311 4401 1553 4458 calcandi
1601 4417 1768 4475 super
1813 4412 2096 4476 serpentes

488 4501 545 4549 et
569 4492 817 4565 scorpios
844 4499 898 4548 et
925 4507 1090 4565 super
1116 4507 1347 4548 omnem
1373 4500 1700 4564 potestatem
1727 4494 1953 4551 inimici.
1984 4497 2089 4552 Per

2203 633 2258 690 δὲ
2289 632 2429 713 λέγω
2475 639 2596 714 ὑμῖν
2619 681 2637 714 ,
2681 635 2762 694 ὅτι
2803 635 3052 696 τοσοῦτόν
3083 638 3203 695 ἐστε
3247 639 3448 706 ἀτελεῖς
3479 687 3496 717 ,
3528 637 3666 700 ὥστε
3699 641 3758 718 ἐγ
3781 677 3799 685 -

2204 727 2517 784 καταλιπεῖν
2565 749 2631 804 με
2697 726 2920 800 μέλλετε
2967 733 3072 793 τοῖς
3137 728 3360 806 ἐχθροῖςο
3413 729 3505 788 καὶ
3562 730 3803 801 τοσαύτη

2205 813 2373 873 δειλία
2417 817 2564 892 ὑμῶν
2609 814 3041 896 κατακρατήσει,
3071 813 3210 875 ὥστε
3248 817 3368 877 οὐδὲ
3391 821 3506 895 μετ’
3542 819 3797 890 ἀλλήλων

2204 903 2488 976 δυνήσεσθε
2520 909 2901 988 ἀναχωρῆσαι,
2952 905 3093 966 ἀλλὰ
3126 905 3216 965 καὶ
3262 909 3356 967 ἀπ’
3393 908 3644 981 ἀλλήλων
3674 910 3802 967 δια-

2204 995 2649 1076 σκορπισθήσεσθε
2671 1043 2687 1071 ,
2719 995 2810 1055 καὶ
2840 994 3060 1064 ἕκαστος
3107 996 3419 1079 καταφυγὴν
3465 997 3558 1057 καὶ
3594 1022 3792 1070 σωτη-

2208 1083 2321 1164 ρίαν
2366 1087 2537 1166 ἑαυτῷ
2565 1084 2865 1165 πορίσεται.
2916 1085 3062 1146 Ἀλλ’
3107 1084 3256 1146 οὐδὲν
3300 1089 3362 1146 ἐκ
3389 1086 3582 1147 τούτου
3627 1087 3802 1148 δεινὸν

2205 1172 2476 1252 πείσομαιο
2513 1196 2542 1232 ι(
2567 1176 2650 1236 Οὐ
2689 1176 2791 1256 γὰρ
2823 1174 2976 1250 μόνος
3018 1175 3162 1253 εἰμὶ,
3187 1201 3216 1232 io
3270 1179 3389 1236 ἀλλ’
3426 1178 3536 1259 ἔχω
3575 1179 3791 1237 καὶτὸν

2208 1263 2428 1343 Πατέρα
2461 1264 2578 1342 μετ’
2610 1267 2759 1343 ἐμοῦ.
2787 1262 2968 1326 ⁶¹Ωστε
3013 1268 3072 1325 οὐ
3116 1267 3181 1324 δι’
3229 1267 3528 1345 ἀδυναμίαν
3567 1267 3808 1348 πάσχω,

2205 1353 2326 1410 ἀλλ’
2370 1352 2503 1413 ἑκὼν
2545 1359 2857 1435 παραγωρῶ
2895 1362 3004 1422 τοῖς
3050 1360 3408 1436 σταυρωταῖς.
3496 1353 3678 1418 Ὅταν
3711 1349 3809 1417 οὖν

2205 1441 2435 1524 ἀκούσῃς
2475 1443 2569 1517 τὸ,
2619 1443 2801 1504 «Ἵνα
2832 1444 2885 1503 τί
2932 1469 2998 1521 με
3047 1444 3479 1524 ἐγκατέλιπες»
3522 1447 3598 1524 μὴ
3634 1446 3810 1516 οὕτως

2205 1531 2386 1600 ἅπλῶς
2415 1533 2557 1611 νόει,
2590 1533 2672 1593 ὅτι
2705 1533 3085 1615 ἐγκατελείφθη
3121 1539 3148 1592 ὁ
3180 1534 3376 1616 Σωτὴρ
3406 1536 3508 1596 ὑπὸ
3542 1543 3636 1597 τοῦ
3671 1539 3807 1596 Πα-

2203 1622 2324 1700 τρὸς
2365 1623 2514 1702 (πῶς
2560 1622 2663 1704 γὰρ
2713 1625 2937 1684 ἐνταῦθα
2982 1628 3268 1704 μαρτυρεῖ,
3298 1624 3378 1684 ὅτι
3430 1628 3551 1686 «Ὁ
3606 1626 3810 1709 Πατὴρ

2208 1715 2324 1789 μετ’
2354 1713 2484 1790 ἐμοῦ
2510 1716 2651 1788 Ean;
2687 1714 2772 1795 ι),
2808 1715 2928 1772 ἀλλ’
2970 1713 3079 1773 ἀπὸ
3105 1718 3197 1784 τῆς
3231 1717 3563 1794 ἀνθρωπίνης
3595 1717 3813 1796 φύσεως

2208 1805 2432 1883 ῥηθῆναι
2478 1801 2581 1862 νόει
2627 1811 2820 1879 τοῦτο,
2869 1806 2964 1874 τῆς
3022 1805 3528 1886 ἐγκαταλειφθείσης
3575 1805 3665 1864 διὰ
3706 1807 3811 1874 τὰς

2127 1916 2176 1980 Β
2211 1891 2506 1972 ἁμαρτίας,
2537 1892 2630 1952 καὶ
2659 1891 3076 1975 ἀπορῤιφείσης,
3102 1895 3158 1953 ἐν
3192 1896 3415 1976 Χριστῷ
3439 1895 3492 1954 δὲ
3524 1897 3806 1956 καταλλα-

2209 1979 2424 2060 γείσης,
2454 1982 2546 2042 καὶ
2575 1983 3003 2063 προσληφθείσης
3035 1984 3111 2062 τῷ
3145 1983 3344 2063 Πατρί.

2286 2099 2311 2125 α
2343 2074 2532 2132 Ταῦτα
2562 2072 2838 2143 λελάληκα
2869 2074 3015 2149 ὑμῖν,
3039 2069 3126 2130 ἵνα
3158 2077 3209 2132 ἓν
3234 2071 3353 2151 ἐμοὶ
3382 2074 3594 2154 εἰρήνην
3615 2074 3807 2154 ἔχητε.

2208 2160 2302 2221 Ἐν
2333 2165 2409 2243 τῷ
2448 2162 2632 2243 κόσμῳ
2679 2163 2853 2242 θλῖψιν
2884 2160 3024 2230 ἕξετε
3047 2207 3063 2234 ,
3096 2163 3236 2223 ἀλλὰ
3276 2167 3553 2240 θαρσεῖτε,
3582 2164 3688 2244 ἐγὼ
3711 2189 3808 2225 νε-

2205 2249 2399 2324 νίκηκα
2423 2250 2512 2310 τὸν
2553 2254 2776 2330 κόσμον.
2805 2272 2834 2308 ι)
2870 2283 2950 2296 —
2971 2278 2995 2304 ι
3037 2254 3228 2312 Ταῦτα
3251 2297 3269 2330 ,
3316 2252 3476 2333 φησὶν
3496 2296 3514 2326 ,
3564 2254 3810 2326 ἐλάλησα

2207 2343 2368 2417 ὑμῖν,
2401 2363 2430 2398 ››
2467 2338 2553 2398 ἵνα
2596 2339 2670 2417 μὴ
2721 2338 2986 2412 ἐκϐάλητέ
3031 2364 3098 2420 με
3135 2342 3193 2400 ἐκ
3223 2344 3316 2413 τῆς
3349 2341 3581 2410 διανοίας
3624 2346 3810 2422 ὑμῶν,

2209 2428 2344 2503 μηδὲ
2398 2431 2812 2504 διασαλευθῆτε,
2861 2430 2954 2489 καὶ
2997 2435 3303 2511 ταραχθῆτε
3347 2429 3455 2489 ἀπὸ
3491 2435 3586 2504 τῆς
3630 2434 3686 2490 ἐν
3739 2438 3811 2515 τῇ

2207 2521 2312 2600 ἐμῇ
2349 2519 2538 2599 ἀγάπῃ
2584 2519 3009 2601 σταθερότητος,
3051 2522 3170 2580 ἀλλ’
3219 2519 3518 2601 εἷρηνεύητε
3563 2523 3617 2581 ἐν
3666 2523 3810 2600 ἐμοί’

2207 2609 2448 2668 τουτέστι
2467 2657 2486 2685 ,
2519 2609 2730 2690 Μένητε
2783 2608 3068 2680 ἀκλόνητοι
3087 2654 3106 2686 ,
3147 2610 3579 2690 παραδεχόμενοι
3608 2613 3679 2680 ὣς
3707 2635 3809 2671 πι-

2207 2699 2340 2773 στὰ,
2382 2698 2483 2760 ὅσα
2529 2689 2675 2760 εἶπον
2707 2699 2851 2777 ὑμῖν.
2894 2696 3156 2758 Ἀκουέτω
3197 2699 3251 2758 δὲ
3295 2689 3395 2758 καὶί
3429 2698 3668 2781 Ἄρειος,
3722 2701 3811 2761 ὅτι

2207 2793 2375 2848 ταῦτα
2431 2787 2607 2847 πάντα
2653 2787 2721 2848 τὰ
2761 2786 3024 2866 ταπεινὰ,
3055 2787 3149 2847 καὶ
3179 2787 3370 2857 ἀνάξια
3419 2791 3673 2850 δοκοῦντα
3703 2797 3808 2863 τῆς

2206 2885 2299 2937 τοῦ
2329 2881 2460 2939 Υῖοῦ
2493 2877 2678 2951 δόξης,
2709 2877 2797 2937 διὰ
2834 2876 2952 2946 τοὺς
2987 2875 3252 2958 ἀκροατὰς
3298 2877 3541 2959 εἴρηται,
3590 2883 3691 2960 οὐχ
3718 2880 3810 2942 ἵνα

2206 2971 2361 3046 ἡμεῖς
2387 2967 2517 3048 πρὸς
2545 2966 2612 3027 τὰ
2638 2967 2883 3046 δόγματα
2920 2967 3122 3036 τούτοις
3150 2966 3430 3048 χρώμεθα.
3463 2967 3807 3050 Ἐλέχθησαν

2205 3057 2310 3139 γὰρ
2337 3059 2447 3125 τοῖς
2478 3057 2788 3125 ἀποστόλοις
2834 3059 2965 3136 πρὸς
3001 3056 3367 3139 παρηγορίαν,
3405 3060 3477 3126 ὥς
3506 3060 3808 3120 ἐνδεικτικὰ

2206 3153 2300 3220 τῆς
2346 3149 2503 3206 αὐτοῦ
2549 3146 2679 3228 πρὸς
2731 3145 2918 3215 αὐτοὺς
2967 3146 3200 3226 ἀγάπης.
3261 3169 3292 3206 α
3343 3147 3442 3209 Ἐν
3487 3151 3564 3230 τῷ
3615 3150 3809 3232 κόσμῳ

2211 3239 2384 3319 θλῖψιν
2422 3234 2586 3305 ἕξετε.
2611 3264 2634 3289 ν
2667 3239 2750 3298 Οὔ
2780 3238 2939 3317 μέχρι
2967 3240 3070 3296 τῶν
3103 3237 3395 3320 ῥηθέντων,
3429 3238 3580 3320 φησὶ,
3613 3240 3805 3299 δεινῶν

2205 3327 2390 3400 στήσω
2426 3330 2550 3405 ὑμῖν
2579 3325 2700 3395 τοὺς
2737 3319 3250 3408 πειρασμοὺς,νάλλ’
3279 3326 3376 3395 ἕως
3405 3326 3470 3387 ἂν
3515 3319 3609 3402 ἦτε
3642 3330 3697 3388 ἐν
3723 3331 3806 3412 τῷ

2207 3416 2432 3498 κόσμῳ,
2486 3418 2661 3497 θλῖψιν
2705 3415 2880 3490 ἕξετε,
2921 3437 2953 3475 ιι
2991 3418 3050 3477 οὗ
3077 3423 3202 3492 νῦν,
3253 3415 3339 3476 ὅτε
3397 3417 3808 3499 παραδίδομαι,

2203 3505 2344 3565 ἀλλὰ
2373 3505 2466 3566 καὶ
2520 3505 2657 3584 μετὰ
2705 3511 2895 3566 ταῦτα·
2933 3507 3050 3566 ἀλλ’
3099 3505 3382 3581 ἀντίστητε
3417 3509 3494 3588 τῷ
3533 3511 3806 3589 λογισμῷ·

2205 3620 2235 3651 α
2267 3598 2533 3677 Θαρσεῖτε
2582 3593 2719 3674 γὰρ,
2761 3596 2843 3654 ὅτι
2891 3593 2995 3670 ἐγὼ
3052 3595 3308 3675 νενίκηκα
3361 3595 3449 3656 τὸν
3497 3596 3718 3676 κόσμονθ
3763 3620 3800 3657 n

2199 3688 2331 3764 ἐμοῦ
2361 3684 2415 3745 δὲ
2444 3683 2778 3757 νικήσαντος,
2808 3686 2865 3745 οὗ
2900 3686 2979 3744 δεῖ
3006 3683 3126 3752 τοὺς
3156 3684 3398 3762 μαθητὰς
3417 3687 3558 3762 ὑμᾶς
3585 3685 3799 3760 ἀλύειν,

2200 3773 2338 3834 ἀλλὰ
2364 3781 2711 3856 καταφρονεῖν
2751 3776 2910 3834 αὐτοῦ
2940 3777 3010 3842 ὣς
3051 3775 3418 3850 νενικημένου.
3455 3777 3581 3842 Πῶς
3615 3774 3671 3834 δὲ
3717 3800 3808 3836 νε-

2198 3864 2380 3937 νίκηκε
2424 3865 2512 3924 τὸν
2557 3863 2791 3941 κόσμον;
2843 3863 2954 3926 Τὸν
2993 3863 3225 3944 ἄρχοντα
3281 3866 3386 3923 τῶν
3443 3868 3535 3924 τοῦ
3592 3864 3808 3942 κόσμου

2199 3957 2385 4015 παθῶν
2433 3953 2863 4022 καταπαλαίσας.
2913 3953 3074 4013 Ἀλλὰ
3107 3953 3212 4030 μὴν
3258 3953 3349 4014 καὶ
3379 3951 3487 4013 ἀπὸ
3517 3955 3625 4014 τῶν
3661 3954 3807 4030 μετὰ

2198 4049 2376 4104 ταῦτα
2401 4045 2582 4116 δῆλον.
2614 4043 2806 4104 Πάντα
2826 4041 2940 4126 ’γὰρ
2965 4044 3112 4123 αὐτῷ
3141 4042 3514 4124 ὑπετάγησαν,
3549 4043 3642 4104 καὶ
3661 4067 3808 4121 παρ-

2199 4134 2499 4214 εχώρησαν.
2533 4129 2756 4213 Ὥσπερ
2795 4123 2884 4193 οὖν
2914 4123 3022 4192 ⁷τοῦ
3045 4132 3216 4210 Ἀδὰμ
3248 4123 3597 4208 ἡττηθέντος,
3643 4142 3804 4193 πᾶσα

2201 4230 2233 4296 ἡ
2279 4223 2433 4304 φύσις
2479 4223 2786 4301 κατεκρίθη·
2830 4223 2968 4283 οὕτω
3015 4226 3107 4281 τοῦ
3154 4224 3390 4302 Χριστοῦ
3442 4222 3757 4295 νικήσαντος
3782 4272 3802 4299 ,

2201 4317 2273 4382 εἰς
2302 4322 2484 4373 πᾶσαν
2518 4311 2615 4386 τὴν
2647 4313 2802 4395 φύσιν
2825 4316 2859 4384 ἡ
2894 4311 3016 4386 νίκη
3051 4311 3371 4386 διαϐέϐηκεν
3391 4356 3409 4386 ,
3438 4313 3532 4372 καὶ
3576 4311 3808 4392 δύναμις

2199 4407 2353 4481 ἡμῶν
2403 4404 2663 4483 ἐχαρίσθη
2726 4404 2778 4462 ἐν
2829 4404 3050 4483 Χριστῷ
3102 4401 3320 4476 Ἰησοῦ,
3374 4412 3563 4463 πατεῖν
3620 4402 3807 4462 ἐπάνω

2201 4493 2374 4575 ὄφεων
2422 4494 2514 4552 καὶ
2569 4491 2870 4574 σκορπίων,
2919 4490 3012 4552 καὶ
3061 4490 3151 4551 ἐπὶ
3196 4501 3376 4552 πᾶσαν
3421 4492 3520 4566 τὴν
3569 4490 3804 4571 δύναμιν

495 4545 543 4549 --
570 4545 812 4565 ---τη
853 4545 895 4548 ,ν
926 4545 1083 4565 ατ--
1374 4545 1700 4564 r---_-,---_
1727 4545 1953 4551 -_-__----
1984 4545 2082 4552 _--

489 4583 772 4640 hominem
831 4583 982 4639 enim
1029 4582 1259 4639 intravit
1321 4598 1493 4651 mors,
1539 4591 1596 4640 et
1642 4599 1737 4656 per
1800 4583 2088 4642 hominem

2201 4545 2536 4664 sese};
2569 4545 3409 4662 sissetsiggg"agi-.13..
3433 4545 3514 4643 ’ἔ
3541 4545 3767 4651 θὲζρζιζῖέ
3781 4545 3804 4658 ζ

488 4672 599 4728 vita
628 4671 696 4740 73,
726 4680 783 4729 et
818 4672 1115 4743 imperium
1143 4680 1338 4728 contra
1381 4671 1691 4730 diabolum.
1722 4673 1866 4731 Nam
1910 4676 1954 4732 si
1984 4692 2090 4732 nu-

2201 4673 2291 4734 καὶ
2319 4674 2386 4732 δι’
2417 4671 2698 4750 ἀνθρώπου
2726 4677 2760 4746 ἡ
2795 4670 2942 4744 ζωὴ,
2987 4671 3081 4731 καὶ
3130 4671 3190 4730 τὸ
3223 4672 3364 4732 κατὰ
3397 4677 3492 4732 τοῦ
3539 4670 3802 4732 διαϐόλου

485 4762 588 4819 dus
619 4763 768 4819 Deus
794 4761 1034 4829 vicisset,
1083 4761 1223 4818 nihil
1251 4769 1550 4834 spectasset
1577 4761 1646 4820 ad
1675 4779 1800 4820 nos.

2201 4763 2408 4844 κράτος.
2456 4764 2527 4822 Εἰ
2571 4761 2673 4841 γὰρ
2721 4761 2870 4842 ψιλὸς
2919 4761 3058 4830 Θεὸς
3106 4760 3382 4842 ἐνίκησεν,
3429 4761 3576 4824 οὐδὲν
3620 4761 3684 4822 ἂν
3731 4753 3803 4834 ἦν

2195 4853 2324 4933 πρὸς
2357 4855 2524 4929 ἡμᾶς.

2767 5023 3056 5084 ΚΕΦΑΛ.
3092 5021 3210 5084 ΙΖ’.

2194 5154 2310 5216 Περὶ
2336 5158 2419 5213 τῆς
2446 5159 2716 5216 προσευχῆς
2742 5156 2828 5202 τοῦ
2862 5151 3032 5212 Ἰησοῦ
3055 5151 3171 5217 πρὸς
3203 5152 3286 5202 τὸν
3325 5155 3523 5218 Πατέρα
3546 5152 3666 5216 ὓπὲρ
3690 5157 3794 5203 τῶν

2597 5225 2860 5288 δεδομένων
2894 5226 3050 5288 ἑαυτῷ
3085 5227 3326 5289 μαθητῶν.

2275 5324 2298 5349 α
2322 5299 2513 5357 Ταῦτα
2534 5296 2794 5369 ἐλάλησεν
2824 5300 2852 5356 ὁ
2873 5295 3093 5371 Ἰησοῦς,
3124 5297 3214 5356 καὶ
3247 5299 3411 5378 ἐπῆρε
3435 5297 3557 5365 τοὺς
3587 5298 3788 5378 ὀφθαλ-

2195 5385 2324 5468 μοὺς
2353 5390 2512 5447 αὑτοῦ
2544 5389 2617 5456 εἰς
2655 5385 2746 5446 τὸν
2791 5385 3009 5468 οὐρανὸν
3034 5432 3051 5463 ,
3100 5387 3193 5448 καὶ
3224 5376 3366 5447 εἷπε(
3404 5376 3786 5470 Πάτερίέλή-

2191 5480 2344 5536 λυθεν
2375 5482 2408 5550 ἡ
2454 5475 2590 5556 ὥρα⁹
2638 5475 2855 5546 δόξασόν
2886 5500 2980 5536 σου
3024 5477 3113 5535 τὸν
3144 5477 3305 5551 Υἱὸν,
3352 5476 3441 5537 ἵνα
3467 5477 3560 5536 καὶ
3598 5484 3626 5537 ὁ
3656 5476 3788 5544 Υἱός

2194 5591 2289 5627 σου
2320 5565 2514 5649 δοξάσῃ
2567 5591 2626 5627 σε
2645 5613 2660 5640 ,
2704 5566 2879 5635 καθὼς
2915 5567 3116 5636 ἔδωκας
3145 5569 3291 5649 αὐτῷ
3335 5567 3574 5638 ἐξουσίαν
3603 5566 3785 5639 πάσης

2199 5655 2411 5738 σαρκός·
2445 5654 2534 5715 ἵνα
2571 5665 2677 5716 πᾶν
2709 5655 2738 5715 δ
2766 5656 2998 5726 δέδωκας
3046 5658 3191 5738 αύτῷ
3210 5701 3228 5737 ,
3261 5656 3408 5739 δώσῃ
3445 5659 3621 5725 αὐτοῖς
3648 5657 3788 5731 ζωὴν

1057 5033 1300 5089 CAPUT
1327 5033 1510 5088 XVII.

595 5167 792 5224 Oratio
836 5168 958 5222 Jesu
979 5181 1084 5238 pro
1112 5166 1261 5222 datis
1288 5167 1397 5222 sibi
1423 5183 1458 5222 a
1486 5169 1650 5224 Patre
1677 5168 1973 5240 discipulis.

555 5303 737 5359 Vsus.
790 5307 898 5358 1—3.
937 5324 961 5350 ι
1005 5301 1380 5358 Haeclocutus
1409 5309 1494 5358 est
1535 5303 1718 5375 Iesus,
1767 5311 1825 5359 et
1857 5303 2085 5362 sublatis

484 5391 657 5447 oculis
707 5392 764 5446 in
809 5390 1032 5459 caalum,
1081 5389 1222 5447 dixit
1271 5411 1284 5447 :
1337 5393 1522 5460 Pater,
1568 5391 1716 5448 venit
1761 5391 1920 5463 hora,
1964 5394 2079 5467 glo-

483 5479 635 5534 riﬁca
671 5479 873 5536 Filium
899 5489 1083 5547 tuum,
1115 5487 1179 5536 ut
1207 5488 1264 5538 et
1289 5480 1458 5538 Filius
1505 5489 1628 5538 tuus
1669 5481 1938 5554 gloriﬁcet
1964 5493 2020 5541 te
2065 5502 2080 5541 :

484 5568 627 5624 sicut
661 5567 865 5625 dedisti
894 5570 942 5624 ei
988 5577 1312 5642 potestatem
1351 5571 1535 5628 omnis
1574 5571 1774 5638 carnis,
1820 5581 1883 5629 ut
1921 5589 2084 5632 omne

491 5656 646 5730 quod
695 5656 893 5713 dedisti
943 5658 1016 5726 ei,
1072 5658 1170 5715 det
1198 5661 1277 5715 eis
1302 5659 1468 5716 vitam
1497 5669 1783 5718 aeternam.
1834 5664 1970 5720 Haec
1996 5673 2078 5721 est

629 5744 672 5776 ’Π
703 5745 902 5801 Matth.
936 5761 1137 5814 xxvu,
1166 5751 1256 5802 46.
1289 5747 1333 5780 ’τε
1362 5750 1532 5806 ICor.
1562 5765 1664 5819 xv,
1691 5755 1780 5807 21.
