4128 6436
491 449 594 503 2'27

1491 446 2006 504 THEOPHYLACTI
2039 449 2398 507 BULGARI/E
2435 452 2748 508 ARCHIEP.

3695 453 3808 509 228

488 579 654 646 geant
698 571 938 630 haeretici
984 571 1186 631 falsum
1243 587 1364 632 esse
1410 575 1596 630 Deum
1639 573 1823 645 ipsum
1867 573 2091 644 Filium,

2207 577 2446 651 ἀληθινὸς
2470 577 2542 637 ὢν
2562 626 2576 654 ,
2609 579 2705 637 οὐκ
2735 575 2796 635 ἂν
2823 575 2903 650 εἴη
2945 575 3081 643 Θεὸς
3111 574 3312 656 ψευδὴς
3330 622 3348 650 ,
3381 576 3507 636 ἀλλ’
3536 576 3808 650 ἀληθινός·

488 662 615 736 quia
640 664 800 720 Pater
826 664 976 721 solus
999 663 1180 722 dictus
1207 663 1282 720 sit
1317 679 1474 721 verus
1502 666 1673 732 Deus,
1703 663 1918 720 discant
1941 665 2092 736 quod

489 751 580 809 hic
608 754 676 810 de
702 753 844 811 Filio
871 754 1198 828 evangelista
1236 754 1382 811 dicat
1413 774 1427 809 :
1463 776 1490 803 ι
1525 757 1658 811 Erat
1684 753 1770 810 lux
1803 770 1928 810 vera
1959 753 2021 810 ⁸⁸.
2065 777 2090 804 ››

489 843 664 916 Igitur
695 843 1001 902 secundum
1027 861 1120 902 eos
1150 849 1310 902 Pater
1338 851 1421 902 est
1453 843 1542 900 lux
1567 842 1733 913 falsa;
1767 843 1869 901 sed
1898 842 2044 900 absit
2076 861 2091 899 :

488 941 542 989 et
566 933 642 990 ita
670 933 890 1006 quando
920 949 1114 991 verum
1148 939 1328 992 Deum
1370 933 1502 992 dicit
1530 935 1776 1002 Patrem,
1809 933 1954 990 falsis
1990 933 2096 992 diis

488 1022 777 1095 gentilium
807 1024 1101 1096 opponitur
1145 1042 1158 1081 :
1190 1024 1334 1081 sicut
1375 1033 1431 1082 et
1465 1023 1590 1092 hoc,
1626 1046 1652 1072 α
1686 1023 1938 1081 Gloriam
1971 1039 2096 1097 quae

486 1127 516 1166 a
547 1112 664 1168 solo
691 1116 810 1169 Deo
853 1122 938 1170 est
979 1129 1092 1170 non
1123 1113 1391 1186 quaeritis.
1443 1137 1468 1163 ν
1498 1115 1633 1171 Haec
1663 1114 1811 1170 enim
1840 1113 1899 1169 in
1927 1129 2092 1170 sensu

488 1200 875 1259 haereticorum
927 1202 1257 1277 intelligere,
1303 1219 1501 1277 nempe
1539 1203 1712 1276 quod,
1761 1219 1886 1260 cum
1945 1205 2096 1260 Deus

485 1291 636 1349 solus
667 1291 848 1349 dictus
884 1292 959 1350 sit
984 1296 1170 1364 Pater,
1197 1294 1431 1351 minime
1459 1297 1610 1352 Deus
1638 1293 1707 1351 sit
1735 1293 1926 1364 Filius,
1961 1291 2097 1351 illud

490 1380 722 1439 omnino
758 1380 924 1440 fuerit
949 1381 1272 1442 absurdum.

2202 668 2384 749 ὥσπερ
2412 668 2567 737 αὐτὸς
2607 659 2757 734 οὗτος
2793 669 2821 725 6
2866 664 3246 744 εὐαγγελιστὴς
3287 667 3411 748 περὶ
3457 673 3552 727 103
3602 667 3810 748 Κυρίου

2203 761 2255 818 ἐν
2378 761 2634 840 καθολικῇ
2656 759 2814 816 αὑτοῦ
2844 755 3147 835 Ἐπιστολῇ
3178 778 3338 835 φησιν
3360 803 3377 832 ,
3403 757 3485 816 ὅτι
3528 778 3555 815 (ι
3586 757 3806 830 Ἰησοῦς

2202 848 2461 928 Χριστὸς,
2496 839 2644 916 0316;
2688 849 2832 906 ἐστιν
2882 845 3126 918 ἀληθινὸς
3162 845 3333 922 Θεὸς,
3374 847 3468 906 καὶ
3513 845 3623 919 ζωὴ
3668 845 3814 928 gini)-

2202 923 2325 1004 νιος.
2360 965 2386 991 ν
2425 940 2492 998 Εἰ
2523 939 2576 997 δὲ
2631 937 2936 996 ἐνίστανται
2989 939 3036 994 οἱ
3080 935 3371 1016 αἱρετικοῖ,
3425 937 3596 1017 ψευδῆ
3651 923 3800 995 εἶναι

2202 1027 2341 1088 Θεὸν
2368 1027 2456 1089 τὸν
2482 1027 2612 1089 Υίὸν
2635 1075 2652 1105 ,
2686 1027 2868 1099 ἐπειδὴ
2901 1030 2928 1085 6
2958 1024 3150 1105 Πατὴρ
3181 1024 3390 1108 εἴρηται
3423 1025 3581 1104 μόνος
3617 1027 3810 1099 ἀληθι-

2202 1119 2286 1186 νὸς
2313 1118 2450 1188 Θεὸς
2473 1167 2488 1192 ,
2511 1117 2923 1197 μανθανέτωσαν
2947 1164 2965 1196 ,
2998 1116 3080 1176 ὅτι
3108 1115 3230 1197 περὶ
3280 1121 3372 1177 103
3424 1118 3556 1178 Υἳοῢ
3587 1139 3745 1194 φησιν
3781 1118 3814 1175 6

2205 1208 2362 1276 αὐτὸς
2404 1207 2784 1288 εὖαγγελιστὴς
2827 1206 3014 1283 οὕτως,
3044 1203 3124 1265 ὅτι
3159 1229 3188 1265 ιι
3207 1197 3318 1267 1'Hv
3348 1207 3408 1267 1‘0
3439 1209 3547 1288 φῶς
3575 1206 3637 1266 τὸ
3667 1209 3811 1281 ἀλη-

2206 1297 2365 1358 θινόν.
2394 1326 2418 1351 ν
2449 1295 2582 1378 Ἄρα
2619 1302 2742 1377 γοῦν
2773 1299 2894 1357 κατ’
2939 1296 3131 1363 αὖτοὺς
3177 1299 3205 1356 6
3236 1295 3430 1376 Πατὴρ
3457 1295 3648 1378 ψευδές
3689 1298 3811 1356 ἐστι

2203 1391 2329 1470 φῶς·
2352 1387 2466 1448 ἀλλ’
2493 1387 2669 1466 ἄπαγε
2692 1385 2706 1446 Σ
2729 1385 2914 1446 ⁰Ωστε
2946 1386 3038 1446 καὶ
3069 1384 3198 1446 ὅταν
3229 1384 3475 1470 ἀληθινὸν
3497 1385 3638 1447 Θεὸν
3671 1385 3811 1465 λέγῃ

487 1479 576 1539 τὸν
613 1481 886 1563 Πατέρα,
925 1482 1054 1564 πρὸς
1111 1481 1232 1552 τοὺς
1278 1483 1486 1565 ψευδεῖς
1531 1483 1676 1551 θεοὺς
1720 1481 1854 1563 παρ’
1905 1479 2145 1556 Ἕλλησι
2205 1467 2388 1539 τοῦτον
2443 1477 2887 1538 ἀντιδιαστέλλων
2947 1477 3107 1555 λέγει·
3165 1476 3351 1558 ὥσπερ
3415 1467 3506 1537 03v
3565 1475 3659 1538 καὶ
3707 1477 3808 1551 τὸ,

503 1591 530 1627 ιι
557 1571 674 1642 Τὴν
707 1571 862 1640 δόξαν
912 1572 1010 1647 τὴν
1046 1575 1190 1654 παρὰ
1241 1579 1331 1632 103
1369 1573 1526 1652 μόνου
1575 1577 1716 1635 Θεοῦ
1759 1576 1816 1633 οὗ
1850 1577 2080 1646 ζητεῖτε.
2116 1595 2145 1631 n
2197 1569 2293 1638 Ὡς
2321 1569 2423 1650 γὰρ
2467 1572 2514 1629 οἱ
2560 1568 2817 1650 αἱρετικοὶ
2865 1571 3039 1629 νοοῦσι
3067 1567 3288 1644 λοιπὸν,
3337 1566 3454 1628 ἐπεὶ
3484 1567 3640 1648 μόνος
3667 1566 3813 1635 Θεὸς

491 1662 518 1718 6
545 1660 762 1742 Πατὴρ,
791 1665 818 1720 6
842 1662 967 1730 Υἱὸς
1001 1663 1052 1723 δὲ
1089 1663 1208 1723 οὐδὲ
1233 1662 1368 1732 ὅλως
1394 1663 1506 1724 ἐστὶ
1527 1663 1681 1738 Θεὸς,
1713 1663 1873 1732 ὄντως
1898 1663 2099 1737 ἀνόητα
2130 1665 2300 1723 ταῦτα
2330 1661 2486 1742 (37).

563 1771 742 1827 Vrsas.
790 1775 903 1827 4-6.
957 1795 982 1821 tl

487 1873 628 1932 opus
671 1860 1053 1917 consummavi
1082 1861 1232 1934 quod
1278 1861 1476 1918 dedisti
1519 1859 1659 1918 mihi
1701 1869 1763 1917 ut
1807 1860 2090 1918 facerem:

485 1958 539 2005 et
587 1965 734 2007 nunc
781 1950 1024 2024 gloriﬁca
1051 1967 1162 2022 me,
1194 1953 1381 2021 Pater,
1417 1951 1565 2024 apud
1592 1952 1952 2024 temetipsum
1982 1952 2096 2026 glo-

484 2035 566 2094 ria
600 2055 769 2111 quam
813 2039 985 2097 habui
1015 2041 1337 2114 priusquam
1365 2040 1453 2096 hic
1482 2040 1728 2096 mundus
1755 2047 1901 2098 esset
1947 2040 2093 2114 apud

487 2135 560 2183 te.
607 2126 952 2185 Manifestavi
990 2144 1194 2186 nomen
1247 2138 1408 2186 tuum
1439 2128 1779 2186 horninibus.
1844 2153 1869 2179 υ
1927 2129 2091 2186 Disce

489 2213 596 2272 hoc
630 2215 754 2272 loco
792 2217 1071 2290 quomodo
1100 2216 1366 2291 gloriﬁcet
1409 2219 1574 2275 Pater
1626 2218 1848 2288 Filium,
1904 2218 2092 2292 utique

485 2303 625 2362 sicut
654 2313 710 2362 et
738 2305 908 2363 Filius
935 2308 1158 2364 Patrem
1191 2325 1206 2364 :
1243 2329 1268 2356 α
1301 2309 1419 2380 Ego
1448 2315 1524 2376 te,
1559 2307 1762 2380 inquit,
1793 2306 2092 2380 gloriﬁcavi

485 2409 649 2468 super
671 2403 891 2453 terram.
930 2419 956 2446 ι
986 2396 1190 2454 Merito
1213 2396 1441 2465 addidit,
1473 2421 1497 2447 «ι
1527 2412 1692 2469 super
1709 2405 1934 2454 terram.
1967 2420 1993 2447 ιο
2028 2399 2091 2453 In

483 2483 634 2542 cmlis
675 2485 825 2543 enim
855 2485 1191 2559 gloriﬁcatus
1229 2495 1367 2557 erat,
1424 2495 1481 2544 et
1525 2487 1594 2543 ab
1631 2487 1838 2561 angelis
1890 2485 2093 2545 adora-

486 2572 675 2645 batur;
706 2582 855 2632 terra
878 2583 1064 2633 autem
1095 2575 1387 2650 ignorabat
1433 2591 1582 2634 eum.
1634 2577 1806 2650 Igitur
1835 2575 1961 2650 quia
2000 2576 2093 2633 Fi-

482 2662 590 2721 lius
617 2664 966 2723 annuntiavit
1002 2682 1130 2723 eum
1155 2667 1435 2735 omnibus,
1468 2665 1596 2724 ideo
1621 2664 1760 2723 dicit
1787 2686 1799 2723 :
1832 2689 1858 2716 ιι
1910 2665 2093 2723 Glori-

484 2751 638 2812 ticavi
666 2762 721 2812 te
758 2771 926 2828 super
959 2763 1165 2814 terram
1211 2779 1238 2807 ι
1271 2771 1515 2822 omnem,
1547 2755 1742 2814 notitia
1789 2755 1891 2813 Dei
1919 2755 2090 2813 disse-

485 2843 715 2915 minata,
753 2853 808 2902 et
849 2843 1090 2918 perfecto
1137 2862 1302 2919 opere
1355 2867 1382 2899 «
1435 2845 1584 2920 quod
1623 2845 1825 2904 dedisti
1868 2845 2023 2903 mihi.
2066 2869 2090 2896 ιο

484 2933 609 2992 Ηοο
647 2934 801 2991 enim
844 2951 986 3008 opus
1015 2944 1098 2993 est
1127 2935 1518 2994 incarnationis
1547 2934 1858 3010 Unigeniti,
1896 2936 2096 2993 sancti-

486 3021 647 3080 ﬁcare
693 3031 950 3082 naturam
986 3033 1259 3094 nostram,
1301 3033 1358 3082 et
1417 3033 1768 3099 prosternere
1817 3034 2092 3083 rectorem

1043 1773 1154 1845 Ego
1201 1779 1254 1829 te
1303 1771 1600 1845 gloriﬁcavi
1644 1788 1809 1846 super
1856 1779 2085 1840 terram,
2124 1760 2171 1822 Β

2282 1781 2306 1808 ιι
2340 1750 2483 1830 Ἐγὼ
2515 1772 2576 1810 σε
2613 1747 2832 1818 ἐδόξασα
2866 1747 2956 1809 ἐπὶ
2985 1751 3078 1822 τῆς
3107 1749 3224 1828 γῆς·
3254 1746 3314 1808 τὸ
3343 1745 3494 1828 ἔργον
3517 1746 3812 1809 ἐτελείωσα

2203 1841 2231 1904 ὃ
2261 1841 2492 1908 δέδωκάς
2539 1864 2630 1918 μοι
2664 1839 2750 1899 ἵνα
2791 1839 3024 1912 ποιήσω.
3080 1837 3190 1900 Καὶ
3221 1843 3312 1900 v3v
3346 1838 3566 1909 δόξασόν
3599 1864 3667 1917 με
3704 1837 3769 1899 σὺ
3790 1887 3808 1913 ,

2205 1928 2425 2015 Πάτερ,
2457 1931 2604 2015 παρὰ
2637 1933 2844 2011 σεαυτῷ
2867 1935 2933 2009 τῇ
2979 1928 3138 2010 δόξῃ,
3232 1919 3377 2010 εἶχον
3397 1975 3413 2005 ,
3445 1928 3551 2008 πρὸ
3586 1933 3679 1988 103
3712 1929 3808 1988 16v

2202 2011 2400 2102 κόσμον
2454 2011 2625 2096 εἶναι,
2665 2020 2810 2100 παρὰ
2841 2020 2946 2084 σοί.
2998 2018 3354 2103 Ἐφανέρωσά
3403 2043 3495 2080 σου
3533 2017 3594 2078 τὸ
3632 2019 3808 2097 ὄνομα

2201 2123 2306 2181 τοῖς
2337 2111 2646 2195 ἀνθρώποις.
2685 2138 2709 2164 υ
2762 2110 3015 2172 Μάνθανε
3065 2113 3340 2185 ἐντεῦθεν,
3373 2111 3485 2178 πῶς
3539 2107 3742 2178 δοξάζει
3776 2111 3810 2168 6

2206 2202 2396 2284 Πατὴρ
2442 2201 2531 2261 τὸν
2560 2200 2707 2262 Υίόνο
2753 2199 2965 2268 πάντως
2995 2200 3120 2281 γὰρ,
3157 2198 3352 2274 οὕτως,
3392 2204 3465 2268 ὡς
3495 2199 3584 2259 καὶ
3621 2203 3648 2258 6
3675 2200 3809 2268 Υἱὸς

2199 2295 2287 2356 τὸν
2318 2291 2559 2374 Πατέρα.
2593 2320 2616 2346 α
2640 2290 2788 2370 Ἐγώ
2813 2314 2896 2369 σε,
2929 2291 3120 2373 φησὶν,
3146 2289 3370 2361 ἐδόξασα
3402 2290 3491 2350 ἐπὶ
3517 2293 3611 2363 τῆς
3630 2292 3745 2371 γῆς.
3779 2316 3809 2344 ι

2201 2382 2439 2452 Εἰκότως
2481 2383 2779 2464 προσέθηκε
2809 2382 2964 2464 16,}
3001 2380 3129 2442 Ἐπὶ
3163 2385 3258 2455 τῆς
3289 2385 3403 2459 γῆς.
3437 2408 3461 2433 n
3496 2379 3592 2441 Ἐν
3636 2382 3804 2463 οὖρα-

2200 2485 2304 2544 νοῐς
2335 2473 2437 2554 γὰρ
2469 2462 2844 2550 δεδοξασμένος
2891 2462 2989 2546 ἦν,
3040 2471 3142 2530 ὕπὸ
3178 2474 3282 2531 τῶν
3330 2469 3570 2554 ἀγγέλων
3623 2462 3810 2550 προσ-

2202 2548 2533 2640 κυνοόμενοςο
2567 2567 2596 2635 ἡ
2629 2548 2782 2641 δὲ-γῆ
2825 2560 3004 2642 ἠγνόει
3052 2561 3228 2621 αὐτόν.
3285 2548 3444 2622 Ἐπεὶ
3486 2548 3576 2620 03v
3607 2563 3635 2620 6
3672 2548 3806 2630 Υἱὸς

2203 2654 2358 2714 αὐτὸν
2395 2652 2671 2732 ἀνήγγειλε
2703 2660 2904 2727 πᾶσιν,
2938 2676 2968 2708 α
3003 2650 3269 2720 Ἐδόξασά
3316 2672 3376 2710 σε
3398 2695 3414 2728 ,
3449 2651 3628 2732 φησὶν,
3652 2649 3742 2709 ἐπὶ
3764 2672 3798 2709 n

2201 2745 2378 2817 πάσης
2402 2773 2423 2798 ι
2445 2747 2538 2816 τῆς
2564 2747 2680 2823 γῆς,
2704 2771 2727 2795 ιι
2753 2742 3074 2822 θεογνωσίαν
3099 2741 3531 2822 ἐγκατασπείρας
3554 2787 3570 2818 ,
3597 2740 3686 2800 καὶ
3719 2761 3808 2799 1t-

2202 2833 2428 2902 λειώσας
2477 2861 2500 2888 α
2540 2833 2601 2894 τὸ
2633 2831 2820 2913 ἔργον,
2851 2831 2879 2892 ὃ
2907 2832 3138 2900 δέδωκάς
3177 2857 3294 2910 μοι.
3329 2859 3354 2885 υ
3389 2834 3567 2894 Τοῦτο
3595 2830 3700 2912 γὰρ
3741 2829 3808 2890 τὸ

2200 2924 2349 3006 ἔργον
2393 2929 2488 2998 τῆς
2534 2929 2625 2984 103
2680 2925 3010 3002 Μονογενοῦς
3063 2921 3421 3004 σαρκώσεως,
3470 2920 3532 2980 τὸ
3579 2919 3808 3001 ἁγιάσαι

2197 3014 2293 3087 τὴν
2329 3015 2482 3096 φύσιν
2514 3016 2667 3091 ἡμῶν
2691 3060 2706 3090 ,
2750 3010 2844 3073 καὶ
2877 3012 2964 3073 τὸν
2995 3013 3118 3095 πρὶν
3157 3012 3564 3090 θεοποιοόμενον
3598 3033 3808 3090 κοσμο-

484 3114 696 3184 mundi,
726 3114 821 3188 qui
840 3129 900 3171 se
930 3115 1078 3187 prius
1111 3117 1292 3172 Deum
1316 3113 1576 3187 faciebat,
1606 3124 1662 3172 et
1691 3116 1926 3172 inserere
1953 3131 2091 3174 crea-

2200 3103 2430 3186 κράτορα
2460 3103 2820 3181 καταϐαλεῖν,
2864 3102 2956 3163 καὶ
3000 3102 3326 3201 θεογνωσίαν
3368 3104 3806 3201 ἐμφυτεῧσαι“τῇ

484 3209 626 3260 turae
658 3203 828 3275 728
854 3203 1117 3262 notitiam
1137 3205 1261 3262 Dei.
1291 3203 1589 3279 Quomodo
1617 3211 1804 3263 autem
1833 3220 2093 3264 consum-

484 3293 653 3350 mavit
724 3293 852 3364 hoc,
918 3311 1051 3352 cum
1115 3295 1365 3354 nondum
1425 3296 1724 3370 inceperit?
1803 3296 1966 3370 Quod
2021 3297 2092 3355 ad

484 3398 576 3441 me
627 3383 846 3454 attinet,
921 3384 1122 3458 inquit,
1187 3385 1594 3444 consummavi.
1651 3387 1749 3445 Vel
1828 3388 1956 3460 quia
2017 3385 2091 3445 fe-

481 3473 557 3530 cit
601 3473 753 3547 quod
802 3475 1116 3533 maximum
1169 3477 1450 3547 omnium,
1515 3485 1570 3534 et
1620 3477 1864 3534 radicem
1912 3476 2089 3535 bono-

483 3579 612 3621 rum
664 3564 919 3622 omnium
985 3565 1144 3623 nobis
1207 3566 1528 3636 substravit,
1599 3565 1853 3625 daemone
1927 3566 2090 3638 victo,

485 3661 541 3710 et
604 3669 664 3711 se
716 3654 932 3728 objecto
981 3655 1348 3714 voracissima:
1396 3656 1589 3714 bestiae
1673 3656 1873 3714 morti!
1943 3657 2090 3715 radi-

481 3758 602 3800 cem
667 3743 809 3802 hanc
865 3745 1177 3804 necessario
1234 3747 1470 3804 secuturi
1536 3756 1692 3804 erant
1760 3755 1818 3804 et
1878 3745 2090 3804 fructus

483 3832 685 3890 divina:
709 3833 954 3907 notitiae,-
986 3843 1214 3909 propter
1241 3835 1347 3893 hoc
1365 3835 1530 3906 dixit,
1560 3859 1587 3887 ιι
1620 3835 1832 3894 Perfeci
1861 3853 2022 3910 opus.
2058 3861 2084 3887 υ

481 3924 787 3991 Seminavi,
836 3925 1036 3997 inquit,
1075 3926 1319 3984 radicem
1351 3927 1610 4000 plantavi,
1659 3927 1870 3984 fructus
1897 3935 2090 3984 autem

480 4023 792 4086 sequentur.
840 4033 870 4067 ιι
901 4013 1162 4072 Gloriﬁca
1202 4015 1368 4088 igitur
1392 4033 1505 4088 me,
1534 4019 1716 4087 Pater,
1759 4025 1814 4074 et
1840 4025 1902 4073 tu
1943 4015 2091 4090 apud

482 4102 720 4175 teipsum
777 4103 954 4177 gloria
991 4119 1157 4177 quam
1184 4105 1454 4163 habebam
1489 4105 1635 4180 apud
1682 4115 1738 4163 te
1773 4107 2090 4180 priusquam

483 4191 722 4249 mundus
761 4193 1101 4251 subsisteret.
1153 4216 1178 4243 ιο
1253 4195 1514 4254 Nondum
1559 4205 1746 4254 autem
1789 4197 2090 4270 gloriﬁcata

484 4290 604 4338 erat
628 4281 810 4340 carnis
836 4291 1057 4354 natura,
1102 4300 1278 4357 neque
1308 4285 1825 4359 incorruptibilitate
1866 4285 2092 4344 frueba-

2199 3196 2389 3256 κτίσει.
2421 3197 2549 3262 Πῶς
2584 3193 2639 3254 δὲ
2683 3192 2986 3254 ἐτελείωσεν
3029 3193 3189 3271 αὐτὸ,
3235 3192 3408 3254 καίτοι
3458 3193 3595 3272 μηδὲ
3629 3189 3807 3275 ἀρξά-

2203 3307 2388 3365 μενος,
2423 3281 2630 3361 ⁸Όσον,
2663 3283 2834 3366 φησὶ,
2865 3285 2926 3345 τὸ
2955 3285 3027 3352 εἷς
3069 3285 3162 3363 ἐμὲ
3193 3275 3354 3358 ἧκον,
3384 3282 3688 3344 ἐτελείωσα.
3722 3279 3806 3344 Ἢ

2200 3377 2290 3437 καὶ
2334 3375 2518 3448 ἐπειδὴ
2561 3375 2622 3435 τὸ
2653 3379 2833 3452 μεῖζον
2858 3374 3073 3436 πάντων
3105 3373 3355 3449 ἐποίησε,
3389 3369 3482 3433 καὶ
3511 3372 3609 3448 τὴν
3652 3372 3804 3454 ῥίζαν

2199 3471 2301 3526 τῶν
2335 3468 2544 3544 ἀγαθῶν
2590 3471 2724 3543 ἡμῖν
2770 3465 3102 3524 κατεϐάλετο
3124 3511 3139 3540 ,
3181 3465 3272 3524 τὸν
3305 3463 3556 3524 διάϐολον
3591 3486 3803 3538 νενικη-

2199 3554 2329 3630 κὼς,
2381 3555 2474 3616 καὶ
2526 3555 2710 3616 ἑαυτὸν
2771 3559 2847 3637 τῷ
2896 3556 3179 3638 παμφάγῳ
3234 3553 3401 3636 θηρίῳ
3453 3557 3530 3636 τῷ
3580 3553 3805 3636 θανάτῳ

2195 3646 2513 3730 ἐπιῤῥίψας,
2652 3645 2706 3705 δὲ
2752 3648 2870 3727 ῥίζῃ
2923 3645 3098 3726 ταύτῃ
3147 3645 3370 3722 ἔμελλον
3418 3644 3806 3716 ἀκολουθήσειν

2197 3734 2251 3806 ἐξ
2283 3737 2516 3818 ἀνάγκης
2567 3735 2658 3796 καὶ
2703 3740 2752 3796 οἱ
2781 3739 2876 3808 τῆς
2907 3735 3225 3815 θεογνωσίας
3254 3734 3471 3814 καρποί·
3504 3733 3592 3793 διὰ
3643 3735 3807 3795 τοῦτό

2199 3850 2357 3908 φησιν
2381 3872 2399 3903 ,
2428 3827 2508 3886 ὅτι
2536 3854 2561 3878 ι
2592 3825 2919 3886 Ἐτελείωσα
2950 3826 3010 3886 τὸ
3040 3825 3214 3906 ἔργον.
3250 3853 3276 3878 ν
3311 3822 3608 3905 Ἔσπειρα,
3639 3824 3805 3908 φησὶ,

2199 3903 2346 3998 ῥίζαν
2394 3916 2676 3998 ἐφύτευσαο
2722 3917 2770 3975 οἱ
2817 3914 3013 3996 καρποὶ
3061 3903 3305 3998 ἕψονται.
3370 3936 3398 3972 ιι
3443 3903 3804 3998 Δόξασον-οῧν

2201 3994 2267 4086 με
2296 4006 2388 4067 καὶ
2419 3994 2518 4086 σὺ,
2551 4005 2760 4088 Πάτερ,
2807 3994 2956 4086 παρὰ
3009 3994 3218 4086 σεαυτῷ
3251 4009 3315 4086 τῇ
3365 4003 3522 4084 δόξῃ,
3648 3994 3799 4085 εἶχον

2197 4094 2345 4178 παρὰ
2374 4096 2456 4156 σοὶ
2489 4095 2610 4179 πρὶν
2657 4095 2693 4169 ἢ
2742 4099 2770 4155 6
2811 4095 3010 4172 κόσμος
3057 4094 3306 4169 συσταίη.
3362 4117 3392 4154 ι)
3435 4092 3609 4156 Οὔπω
3638 4095 3801 4154 δεδό-

2200 4187 2358 4258 ξαστο
2389 4192 2482 4260 τῆς
2527 4187 2722 4268 σαρκὸς
2750 4191 2784 4258 ἡ
2829 4185 3009 4268 φύσις,
3046 4181 3167 4245 οὔτε
3216 4184 3513 4266 ἀφθαρσίας
3559 4183 3806 4244 ἀπολαύ-

2199 4300 2368 4351 σασα,
2403 4273 2522 4337 οὔτε
2571 4281 2664 4336 103
2721 4275 2902 4356 θρόνου
2945 4275 3319 4348 κοινωνήσασα
3367 4282 3459 4336 τοῦ
3494 4275 3800 4355 βασιλικοῦ·

481 4379 594 4442 tur,
631 4388 813 4447 neque
851 4373 1063 4447 regium
1108 4373 1371 4432 thronum
1417 4357 1698 4450 acceperat
1743 4395 1756 4432 :
1803 4385 2091 4450 propterea

2205 4367 2296 4427 καὶ
2327 4367 2412 4426 διὰ
2455 4372 2612 4428 τοῦτο
2641 4357 2729 4426 οὖν
2779 4389 2928 4448 φησι·
2982 4387 3012 4424 ιι
3041 4364 3278 4435 Λόξασόν
3314 4388 3399 4444 με·
3451 4391 3476 4419 ιν
3525 4363 3805 4441 τουτέστι,

2203 4457 2279 4478 m‘
2364 4461 2380 4478 ς
2418 4463 2441 4478 Α
2573 4455 2588 4478 Ι
2909 4455 2923 4474 Ι
3165 4454 3179 4475 Ι
3353 4454 3366 4478 \
3476 4459 3509 4474 συ
3610 4457 3628 4477 9

480 4461 636 4533 dicit,
669 4482 698 4516 ιι
725 4462 985 4522 Gloriﬁca
1010 4480 1102 4522 me
1155 4483 1170 4522 :
1205 4487 1232 4514 υ
1264 4464 1370 4522 hoc
1434 4475 1540 4537 est,
1569 4465 1874 4524 humanam
1913 4483 2094 4525 meam

480 4561 760 4624 naturam,
808 4569 933 4628 quae
969 4553 1198 4613 nuncin
1239 4555 1567 4630 ignominia,
1597 4571 1833 4630 quaeque
1873 4557 2089 4614 crucifi-

481 4643 682 4717 genda,
720 4652 776 4700 et
825 4644 1070 4702 subvehe
1100 4661 1223 4702 eam
1248 4645 1308 4702 in
1347 4647 1580 4720 gloriam
1617 4662 1785 4719 quam
1815 4645 2092 4704 habebam

481 4733 632 4806 apud
675 4741 730 4790 te
771 4749 874 4806 ego
912 4735 1160 4794 Verbum
1199 4743 1255 4795 et
1295 4736 1470 4794 Filius
1508 4745 1660 4804 tuus,
1692 4761 1718 4786 «
1771 4737 2091 4810 priusquam

2203 4457 2321 4531 Τὴν
2351 4455 2682 4540 ἀνθρωπίνην
2716 4478 2817 4534 μου
2857 4455 3040 4538 φύσιν,
3087 4454 3284 4528 ταύτην
3311 4454 3408 4528 τὴν
3451 4459 3538 4514 v3v
3597 4457 3803 4534 ἀτιμαε-

2202 4547 2459 4628 ζομένην,
2494 4551 2592 4622 τὴν
2624 4546 3170 4629 σταυρωθησομένην,
3201 4545 3294 4606 καὶ
3326 4545 3556 4626 ἀνάγαγε
3593 4544 3802 4618 ταύτην

2202 4627 2274 4708 εἰς
2317 4637 2412 4711 τὴν
2441 4637 2628 4713 δόξαν,
2669 4659 2696 4696 (ι
2739 4627 2804 4711 ἦν
2840 4627 2983 4717 εἶχον
3013 4635 3162 4718 παρὰ
3210 4636 3384 4718 σοὶι»
3425 4635 3533 4715 ἐγὼ
3573 4639 3601 4695 6
3631 4635 3806 4715 Λόγος

2203 4731 2293 4790 καὶ
2322 4728 2450 4797 Υἱός
2479 4752 2604 4804 σου,
2633 4757 2659 4782 ιι
2689 4729 2791 4808 πρὸ
2834 4716 2929 4787 103
2953 4726 3042 4786 16v
3069 4716 3269 4806 κόσμον
3298 4716 3453 4790 εἶναι.
3496 4752 3520 4780 ι
3555 4726 3802 4787 Συνεκάδ

479 4822 723 4880 mundus
739 4832 900 4882 esset.
921 4848 946 4875 υ
967 4825 1272 4884 Collocavit
1283 4826 1434 4884 enim
1452 4827 1756 4885 humanam
1771 4834 2029 4885 naturam
2041 4827 2091 4884 in

2205 4825 2316 4880 θισε
2346 4818 2448 4900 γὰρ
2477 4819 2574 4892 τὴν
2604 4816 2938 4901 ἀνθρωπίνην
2972 4817 3128 4899 φύσιν
3171 4820 3224 4876 ἐν
3263 4819 3339 4898 τῷ
3383 4817 3551 4899 θρόνῳ
3582 4819 3658 4898 τῷ
3693 4820 3801 4895 βα-

476 4910 680 4969 throno
721 4913 897 4988 regio,
949 4923 1005 4972 et
1041 4915 1309 4974 adoratur
1349 4933 1496 4976 nunc
1539 4916 1612 4975 ab
1649 4917 1800 4975 omni
1827 4926 2094 4986 creatura.

481 5024 507 5052 α
540 5001 887 5062 Manifestavi
916 5021 1123 5063 nomen
1143 5014 1305 5064 tuum
1332 5005 1671 5065 hominibus.
1739 5031 1763 5059 υ
1810 5009 1976 5066 Nunc
2012 5009 2098 5066 iu-

477 5101 810 5167 terpretatur
837 5093 967 5170 quid
998 5094 1089 5165 sit,
1125 5119 1151 5146 «ι
1185 5098 1299 5170 Ego
1333 5097 1637 5171 gloriﬁcavi
1688 5113 1893 5156 nomen
1929 5106 2088 5157 tuum

475 5199 642 5257 super
666 5193 893 5256 terram,
929 5208 954 5236 ι
1012 5184 1119 5243 hoc
1148 5195 1251 5257 est,
1298 5186 1638 5252 Manifestavi
1675 5204 1878 5246 nomen
1903 5197 2086 5249 tuum.

474 5274 766 5345 Quomodo
794 5275 958 5350 igitur
988 5275 1362 5334 Manifestavit
1403 5276 1570 5336 Filius
1610 5281 1633 5334 ?
1668 5280 1891 5336 Etenim
1919 5281 2090 5338 Isaias

475 5379 693 5440 quoque
729 5366 865 5425 dicit
905 5383 922 5426 :
956 5390 982 5418 α
1012 5367 1324 5427 Jurandum
1375 5383 1471 5442 per
1499 5371 1681 5427 Deum
1724 5386 1918 5428 verum
1959 5370 2024 5427 ⁸⁸.
2059 5395 2085 5422 υ

476 5453 604 5526 Sed,
634 5455 788 5530 quod
815 5472 962 5532 saepe
988 5456 1250 5531 diximus,
1289 5459 1539 5535 quamvis
1579 5459 1943 5520 manifestum
1969 5458 2089 5520 fue-

551 5567 772 5632 “Joan.
799 5589 845 5646 ι,
874 5580 929 5633 9.
989 5572 1032 5611 ⁸ο
1060 5578 1162 5635 lsa.
1185 5591 1330 5649 xrx,
1363 5583 1449 5636 18.

2207 4913 2434 4992 σιλικῷ,
2489 4908 2581 4968 καὶ
2631 4907 3006 4990 προσκυνεῖται
3057 4912 3146 4968 v3v
3179 4905 3281 4966 ὑπὸ
3320 4907 3501 4980 πάσης
3529 4909 3623 4978 τῆς
3671 4907 3803 4964 κτί-

2208 5024 2357 5068 σεως.
2400 5021 2428 5056 ιι
2453 4997 2804 5080 Ἐφανέρωσά
2835 5021 2927 5059 σου
2959 4997 3020 5057 τὸ
3062 4995 3231 5076 ὄνομα
3259 5001 3367 5065 τοῖς
3407 4995 3722 5078 ἀνθρώποις.
3761 5017 3791 5054 ι)

2199 5096 2311 5156 Νῦν
2337 5088 2617 5171 ἑρμηνεύει
2647 5089 2700 5149 τί
2723 5092 2833 5150 ἐστι
2864 5091 2952 5162 τὸ,
2993 5110 3022 5148 α
3047 5086 3193 5167 Ἐγώ
3229 5111 3290 5147 σε
3320 5085 3548 5171 ἐδόξασα
3579 5087 3666 5147 ἐπὶ
3697 5088 3793 5157 τῆς

2193 5185 2308 5264 γῆς·
2331 5167 2379 5240 )›⁷
2401 5167 2461 5241 τὸ
2496 5178 2799 5261 φανερῶσαί
2832 5202 2926 5239 σου
2956 5178 3016 5238 τὸ
3063 5178 3254 5254 ὄνομα.
3317 5178 3438 5245 Πῶς
3481 5167 3571 5236 03v
3601 5173 3792 5257 ἐφανέο

2196 5296 2362 5354 ρωσεν
2393 5273 2421 5330 6
2451 5270 2609 5345 Υἱός;
2637 5268 2728 5331 καὶ
2765 5268 2868 5350 γὰρ
2895 5267 2987 5328 καὶ
3017 5270 3045 5328 6
3074 5266 3307 5336 Ἡσαΐας
3345 5266 3498 5350 φησί’
3529 5288 3560 5326 ο
3595 5265 3793 5344 Ὀμεῖ-

2187 5367 2278 5422 σθε
2306 5361 2445 5424 Θεὸν
2474 5361 2562 5422 τὸν
2601 5359 2871 5434 ἀληθινόν,
2931 5381 2962 5418 α
2989 5357 3130 5420 Ἀλλ’
3158 5357 3187 5418 ὃ
3229 5358 3492 5427 πολλάκις
3530 5357 3753 5435 εἴπομεν
3774 5405 3790 5431 ,

2198 5451 2280 5514 ὅτι
2308 5454 2354 5513 εἰ
2380 5451 2474 5514 καὶ
2512 5451 2672 5526 δῆλον
2697 5441 2761 5525 ἦν
2788 5496 2804 5531 ,
2838 5451 2956 5510 ἀλλ’
2991 5448 3272 5519 Ἰουδαίοις
3304 5447 3484 5530 μόνοις
3506 5492 3525 5529 ,
3558 5447 3650 5509 καὶ
3679 5447 3802 5508 οὐδὲ

1499 5700 1586 5760 Ex
1632 5700 1947 5762 collatione
1967 5697 2362 5786 _codd.JVene
2381 5713 2420 5766 t.
2459 5698 2520 5763 S.
2553 5695 2759 5764 Marci.

551 5797 658 5862 (87)
687 5793 824 5854 Cod.
858 5799 950 5868 32,
979 5793 1172 5862 ’Ὄντως
1197 5795 1389 5866 ἀνόητα
1421 5801 1576 5855 ταῦτα
1608 5802 1938 5858 παντάπασιν.
