4128 6436
326 387 433 442 229

1101 389 1498 447 ENARBATIO
1538 389 1607 446 ΙΝ
1645 387 2082 448 EVANGELIUM
2118 390 2417 448 JOANNIS.
2451 421 2519 431 —
2559 392 2711 449 CAP.
2754 392 2907 449 XVII.

3551 399 3657 455 230

328 511 533 581 τούτοις
562 522 720 575 πᾶσι·
764 520 855 576 νῦν
887 513 947 575 δὲ
991 516 1249 597 περὶτῶν
1289 519 1449 578 ἐθνῶν
1490 541 1686 600 φησιν,
1717 516 1801 578 ὅτι
1843 542 1940 601 φα-

2056 518 2151 588 rit,
2202 526 2391 577 tamen
2440 517 2647 577 Iudaeis
2692 518 2823 576 solis
2869 527 2926 576 et
2970 534 3154 592 neque
3199 518 3308 577 illis
3345 521 3653 579 omnibus:

329 604 477 684 νερὸν
502 606 687 673 αὐτοῖς
715 605 1002 683 γενήσεται
1031 607 1093 666 τὸ
1129 606 1298 687 ὄνομα
1336 612 1426 668 τοῦ
1470 610 1616 668 Θεοῦ
1636 656 1651 685 ,
1684 614 1776 670 τοῦ
1807 610 1946 691 Χρι-

329 701 457 755 στοῦ
496 694 682 764 δόντος
709 694 815 770 ἤδη
860 695 1153 776 σπέρματα
1201 702 1295 770 τῆς
1327 698 1682 775 θεογνωσίας,
1727 698 1815 758 διὰ
1856 704 1948 760 τοῦ

329 787 642 845 καταλῦσαι
672 785 761 844 τὸν
790 790 886 859 τῆς
914 786 1327 869 εἰδωλολατρίας
1356 787 1637 870 ὑφηγητὴν
1664 788 1941 852 διάϐολον.

330 873 539 941 Ἄλλως
607 898 683 936 τε·
732 878 803 937 Εἰ
835 875 932 936 καὶ
976 876 1265 957 ἐγίνωσκον
1318 877 1409 938 τὸν
1456 877 1631 953 Θεὸν,
1689 880 1809 940 ἀλλ’
1846 880 1947 960 οὐχ

336 969 406 1032 ὥς
440 967 669 1047 Πατέρα
699 966 989 1044 ἐγίνωσκον
1014 1017 1027 1040 ,
1070 971 1141 1037 ὡς
1171 969 1225 1027 δὲ
1252 968 1594 1051 Δημιουργὸν
1627 968 1803 1049 μόνον·
1839 972 1868 1029 ὅ
1890 970 1947 1029 δὲ

340 1056 466 1123 Υἱὸς
511 1057 671 1117 αὐτὸν
710 1057 933 1138 Πατέρα
974 1058 1274 1141 ἐφανέρωσε
1293 1106 1311 1138 ,
1343 1059 1436 1119 καὶ
1479 1058 1568 1118 διὰ
1601 1061 1772 1139 λόγων
1804 1105 1821 1135 ,
1854 1058 1946 1120 καὶ

344 1146 413 1205 δι’
449 1145 612 1228 ἔργων
656 1147 926 1229 γνώριμον
954 1147 1141 1209 ἑαυτὸν
1170 1148 1537 1223 καταστήσας.
1574 1148 1644 1212 Ὅ
1673 1150 1776 1231 γὰρ
1812 1151 1944 1211 Υἱὸν

346 1236 533 1295 ἑαυτὸν
560 1238 837 1307 ἀποδείξας
864 1240 1039 1317 Θεοῦ,
1062 1238 1307 1321 εὔδηλον,
1332 1238 1414 1300 ὅτι
1443 1240 1535 1301 καὶ
1559 1240 1783 1323 Πατέρα
1806 1243 1943 1302 ἐκεῖ·

343 1349 433 1386 νον
465 1327 930 1389 συναπεδείκνυεν.

422 1530 455 1568 σ
486 1505 603 1578 Οὓς
636 1509 867 1577 δέδωκάς
898 1509 989 1588 μὸι
1026 1511 1086 1571 ἐκ
1122 1514 1214 1571 τοῦ
1259 1508 1499 1590 κόσμου,
1542 1509 1625 1571 σοὶ
1668 1500 1825 1583 ἦσαν*
1854 1511 1944 1572 καὶ

334 1597 457 1675 ἐμοὶ
490 1596 684 1667 αὐτοὺς
714 1599 947 1668 δέδωκας
967 1647 983 1677 ,
1013 1601 1107 1661 καὶ
1138 1600 1226 1661 τὸν
1272 1600 1427 1681 λόγον
1459 1624 1553 1663 σου
1585 1601 1942 1684 τετηρήκασι.

336 1692 454 1750 Νῦν
488 1690 729 1769 ἔγνωκαν
750 1736 768 1762 ,
793 1688 872 1750 ὅτι
913 1692 1090 1752 πάντα
1113 1690 1215 1753 ὅσα
1247 1690 1481 1759 δέδωκάς
1505 1714 1630 1771 μοι,
1665 1693 1816 1775 παρὰ
1850 1698 1944 1754 σοῦ

335 1781 517 1855 ἐστιν,
551 1779 634 1839 ὅτι
658 1779 728 1840 τὰ
762 1780 982 1861 ῥήματα
1012 1781 1048 1841 ἃ
1082 1780 1311 1849 δέδωκάς
1350 1805 1475 1859 μοι,
1508 1782 1712 1843 δέδωκα
1742 1786 1940 1857 αὐτοῖς,

333 1870 429 1928 καὶ
465 1869 619 1929 αὐτοὶ
640 1869 831 1931 ἔλαϐον
854 1916 871 1945 ,
898 1872 992 1931 καὶ
1015 1870 1253 1953 ἔγνωσαν
1284 1872 1526 1951 ἀληθῶς,
1553 1872 1634 1932 ὅτι
1662 1872 1811 1954 παρὰ
1847 1878 1943 1933 σοῦ

335 1960 589 2033 ἐξῆλθον,
616 1960 710 2020 καὶ
740 1960 1084 2041 ἐπίστευσαν,
1113 1959 1194 2021 ὅτι
1223 1960 1288 2023 σύ
1317 1984 1385 2039 με
1419 1962 1755 2029 ἀπέστειλας.
1788 1987 1813 2016 ν
1832 1961 1941 2025 Δύο

336 2055 508 2109 ταῦτα
540 2051 946 2112 κατασκευάσαι
982 2053 1255 2133 βούλεται⁹
1289 2050 1345 2113 ἓν
1385 2048 1481 2131 μὲν
1501 2096 1519 2129 ,
1551 2049 1633 2113 ὅτι
1668 2053 1765 2113 οὐκ
1795 2053 1938 2114 ἔστιν

336 2141 571 2211 ἐναντίος
599 2144 678 2224 τῷ
729 2142 929 2224 Πατρίο
977 2142 1154 2223 ἕτερον
1204 2141 1295 2216 δὲ,
1349 2140 1433 2202 ὅτι
1486 2141 1733 2224 βούλημα
1782 2146 1941 2204 αὐτοῦ

336 2234 452 2290 ἐστι
476 2233 538 2292 τὸ
569 2237 854 2293 πιστεῦσαι
901 2231 1093 2303 αὐτοὺς
1237 2234 1375 2315 Υἱῷ.
1424 2233 1532 2294 Διὰ
1571 2233 1728 2293 τοῦτό
1762 2256 1941 2315 φησιν⁸

344 2343 374 2381 ε
420 2320 532 2391 Οθς
577 2321 816 2391 δέδωκάς
871 2347 1000 2401 μοι,
1050 2322 1134 2383 σοὶ
1182 2314 1343 2395 ἦσαν.
1401 2347 1432 2381 ν
1490 2314 1796 2405 Ἀμφότεροι
1836 2325 1941 2408 γὰρ

334 2418 508 2472 ταῦτα
538 2413 811 2473 δείκνυται
838 2413 927 2488 τὸ,
957 2438 986 2473 (ι
1014 2413 1265 2481 Δίδωκάς
1289 2438 1404 2492 μοι.
1435 2442 1459 2468 ι
1485 2415 1569 2476 Οὔ
1589 2413 1696 2495 γὰρ
1719 2412 1940 2497 ἥρπασα

334 2503 523 2572 αὐτοὺς
544 2548 560 2575 ,
598 2504 739 2564 ἀλλὰ
769 2503 836 2564 σὺ
872 2504 1163 2580 εὐδόκησας
1203 2504 1391 2574 αὖτοὺς
1411 2504 1797 2587 προσγενέσθαι
1829 2530 1939 2584 μοι.

328 2591 507 2654 Ὥστε
556 2596 656 2655 οὔκ
703 2594 1009 2656 ἐναντίωσιν
1031 2640 1049 2672 ,
1101 2596 1220 2654 ἀλλ’
1275 2594 1530 2673 ὁμόνοιαν
1576 2596 1669 2656 καὶ
1718 2596 1940 2675 ἀγάπην

332 2684 504 2765 tv“,
542 2685 767 2767 Πάτερ,
801 2687 932 2767 πρός
961 2709 1051 2764 με,
1086 2714 1112 2741 α
1142 2685 1252 2747 Τὸν
1291 2685 1447 2766 λόγον
1479 2686 1536 2745 δέ
1582 2709 1679 2746 σου
1702 2686 1937 2768 τετηρή-

330 2797 459 2834 κασι
490 2803 516 2828 ι
544 2774 637 2835 διὰ
663 2780 758 2834 τοῦ
784 2780 1073 2836 πιστεῦσαι
1101 2776 1222 2853 ἐμοὶ
1241 2819 1257 2849 ,
1289 2776 1383 2836 καὶ
1422 2776 1498 2854 μὴ
1544 2784 1801 2858 προσχεῖν
1832 2785 1940 2847 τοῖς

329 2865 634 2934 Ἰουδαίοις.
674 2864 748 2926 ’0
778 2863 886 2947 γὰρ
932 2870 1011 2949 τῷ
1048 2867 1275 2949 Χριστῷ
1304 2866 1597 2941 πιστεύων,
1639 2865 1737 2927 τὸν
1784 2866 1940 2946 λόγον

329 2961 425 3016 τοῦ
451 2958 600 3017 Θεοῦ
628 2963 803 3037 τηρεῖ,
832 2955 1097 3031 τουτέστι,
1129 2955 1227 3029 τὴν
1257 2954 1478 3038 Γραφήν
1515 2956 1606 3017 καὶ
1643 2955 1734 3015 τὸν
1758 2956 1936 3035 νόμον·

329 3046 435 3105 ὑπὸ
495 3046 603 3127 γὰρ
661 3050 759 3119 τῆς
827 3048 1047 3128 Γραφῆς
1096 3046 1524 3126 καταγγέλλεται
1591 3048 1621 3105 ὁ
1681 3047 1934 3127 Χριστός.

330 3136 495 3195 Ἀλλὰ
539 3137 634 3197 καὶ
685 3138 879 3204 ἄλλως*
928 3135 1117 3197 Πάντα
1146 3137 1247 3197 ὅσα
1284 3134 1432 3216 ἔλεγε
1479 3136 1587 3204 τοῖς
1616 3140 1884 3215 μαθηταῖς
1912 3141 1941 3197 ὁ

328 3227 558 3307 Κύριος,
589 3231 683 3287 τοῦ
722 3226 941 3307 Πατρὸς
969 3218 1131 3309 ἦσαν.
1190 3226 1393 3309 σμἚγὼ
1430 3225 1569 3308 γὰρ,
1600 3225 1761 3309 φησὶν
1781 3273 1800 3306 ,
1833 3229 1927 3287 ἀπ’

325 3306 563 3395 inaurea”
592 3318 655 3377 οὗ
695 3306 867 3380 λαλῶ.
894 3341 926 3373 ν
973 3306 1145 3378 Εἶπεν
1188 3306 1276 3377 οὖν
1326 3306 1464 3395 μετᾶ
1492 3306 1803 3377 τῶν-ἀλλων
1834 3318 1938 3377 αὖ·

326 3415 437 3474 τοῖς
477 3409 573 3467 καὶ
600 3412 793 3483 τῶτο,
842 3406 926 3467 ὅτι
972 3433 998 3463 α
1036 3406 1276 3469 Μείνατε
1330 3407 1386 3466 ἐν
1416 3406 1556 3487 ἐμοί’
1600 3428 1631 3466 n
1689 3405 1800 3484 καὶ,
1828 3405 1941 3469 ἰδοὺ

332 3498 665 3577 τετηρήκασι
692 3499 840 3578 {38).
878 3525 905 3551 α
939 3500 1052 3560 Νῦν
1090 3496 1364 3579 ἔγνωκαν,
1390 3495 1473 3557 ὅτι
1502 3496 1685 3557 πάντα
1713 3497 1815 3558 ὅσα
1850 3496 1939 3557 δέ·

336 3586 523 3652 ὄφιας
574 3611 697 3662 μοι,
736 3589 886 3669 παρὰ
932 3592 1030 3648 σοῦ
1084 3589 1222 3651 ἐστι.
1255 3610 1286 3647 n
1344 3586 1501 3656 Τινὲς
1551 3586 1717 3669 χωρὶς
1750 3592 1844 3647 τοῦ
1888 3590 1939 3651 Ν

335 3676 782 3755 ἀναγινώσκουσι·
808 3701 837 3737 ν
879 3681 995 3739 Νῦν
1038 3679 1300 3759 ἔγνωκα»
1341 3676 1465 3757 ἐγώ.
1515 3678 1656 3738 Ἀλλ’
1688 3678 1785 3737 οὐκ
1827 3676 1939 3760 ἔχει

336 3770 501 3828 τοῦτο
533 3768 688 3847 λόγον
906 3769 1044 3847 μετὰ
1072 3769 1176 3850 γὰρ
1205 3774 1298 3829 τοῦ
1334 3772 1382 3831 Ν
1414 3769 1497 3827 δεῖ
1534 3767 1937 3848 ἀναγινώσκειν·

342 3880 375 3917 σ
400 3860 519 3920 Νῦν
544 3859 779 3938 ἔγνωκαν
808 3887 832 3913 ι
860 3862 909 3920 οἱ
947 3859 1189 3937 μαθηταί
1234 3883 1337 3937 μου
1360 3903 1377 3933 ,
1419 3858 1581 3941 φησὶν
1606 3904 1623 3937 ,
1655 3858 1740 3919 ὅτι
1787 3858 1937 3920 οὐδὲν

331 3945 464 4008 ἴδιον
494 3948 608 4031 ἔχω
625 3997 645 4025 ,
679 3948 801 4009 οὖδὶ
837 3949 1119 4031 ἀλλότριος
1175 3953 1269 4009 σοῦ
1300 3951 1442 4027 εἶμι,
1476 3950 1637 4029 ἀλλὰ]
1672 3948 1934 4024 «πάντα,

328 4036 428 4098 ὅσα
478 4040 719 4107 δέδωκάς
765 4062 893 4117 μοι,
926 4065 959 4097 ο
1017 4042 1119 4122 οὐχ
1168 4042 1241 4109 ὥς
1282 4038 1543 4119 κτίσματι
1589 4039 1938 4122 χαριζόμενός

323 4153 416 4209 μοι
443 4132 709 4197 δέδωκας.
737 4132 821 4192 Οὗ
855 4130 962 4212 γὰρ
986 4130 1254 4206 ἐπίκτητά
1280 4152 1369 4209 μοι
1402 4129 1576 4191 ταῦτά
1607 4131 1762 4206 εἰσιν,
1797 4129 1937 4191 ἀλλὰ

331 4243 365 4280 α
392 4222 547 4302 παρὰ
585 4226 683 4281 σοῦ
713 4221 847 4280 ἐστι’
866 4243 898 4281 n
937 4225 1207 4296 τουτέστι,
1237 4223 1495 4289 Φυσικῶς
1540 4244 1633 4298 μοι
1662 4220 1937 4304 διαφέρονο

322 4330 430 4389 τα,
459 4310 560 4372 καὶ
592 4311 900 4391 ἀρμόζοντά
936 4336 1026 4390 μοι
1058 4316 1129 4381 ὣς
1155 4314 1304 4394 Υἱῷ,
1348 4310 1443 4371 καὶ
1485 4308 1801 4393 ἕξουσιαστῇ
1831 4314 1937 4371 τῶν

328 4404 651 4483 [ἰατρικῶν.
687 4402 864 4464 Πόθεν
890 4402 945 4461 δὲ
972 4402 1207 4483 ἔγνωσαν
1251 4408 1407 4463 τοῦτο
1434 4403 1483 4462 οἳ
1531 4403 1767 4481 μαθηταί
1797 4424 1932 4482 μους

334 4514 367 4552 ι
394 4474 531 4553 ’ότι
562 4492 632 4551 τὰ
660 4491 883 4573 ῥήματα
904 4537 922 4567 ,
948 4493 983 4553 ἃ
1010 4474 1249 4561 δέδωκάς
1280 4512 1399 4572 μοι,
1425 4474 1633 4553 δέδωκα
1664 4474 1868 4562 αὐτο-ῖς·
1965 4474 2017 4541 D

324 4582 608 4643 τουτέστιν
629 4627 646 4656 ,
689 4584 821 4644 Ἀπὸ
852 4586 956 4643 τῶν
984 4583 1240 4665 ῥημάτων
1280 4585 1385 4643 τῶν
1414 4584 1559 4662 ἐμῶν
1588 4583 1682 4643 καὶ
1724 4586 1829 4643 τῶν
1858 4585 1936 4644 δι-

326 4674 661 4733 δασκαλιῶν.
713 4670 821 4733 Ἀεὶ
872 4674 974 4755 γὰρ
1016 4673 1217 4742 αὐτοὺς
1262 4673 1573 4755 ἐδίδασκον,
1620 4673 1703 4733 ὅτι
1755 4673 1935 4734 πάντα

327 4762 431 4821 ὅσα
476 4762 627 4845 ἔχω,
674 4766 769 4823 τοῦ
806 4753 1019 4847 Πατρός
1057 4765 1222 4825 ἔστιν.
1278 4753 1391 4825 Καὶ
1437 4764 1495 4823 οὔ
1543 4766 1701 4824 τοῦτο
1734 4766 1931 4844 μόνον,

332 4854 453 4912 ἀλλ’
483 4854 568 4913 ὅτι
595 4852 691 4913 καὶ
716 4879 743 4907 ι
771 4853 921 4935 παρὰ
964 4858 1061 4915 σοῦ
1104 4853 1317 4929 ἐξῆλθον
1340 4899 1357 4930 ,
1390 4875 1422 4913 n
1453 4852 1547 4913 καὶ
1575 4853 1656 4914 ὅτι
1710 4881 1735 4910 ι
1763 4852 1828 4914 σύ
1869 4877 1937 4935 με

330 4939 677 5013 ἀπίστειλας.
705 4966 735 5003 ι)
782 4945 888 5005 Διὰ
915 4943 1019 5027 γὰρ
1048 4948 1140 5005 τοῦ
1185 4943 1519 5024 Εὖαγγελίου
1550 4944 1746 5014 παντὸς
1781 4949 1939 5008 τοῦτο

328 5032 587 5095 ἐϐούλετο
618 5034 1056 5113 κατασκευάσαι,
1078 5036 1161 5096 ὅτι
1184 5037 1280 5097 οὔκ
1310 5033 1543 5103 ἀντίθεός
1572 5035 1719 5097 ἔστιν
1743 5079 1761 5113 ,
1792 5037 1934 5096 ἀλλὰ

324 5124 387 5185 τὸ
422 5124 703 5206 Πατρικὺν
730 5126 926 5207 πληροῖ
952 5125 1187 5205 θέλημα.

417 5237 451 5275 α
475 5214 632 5296 Ἐγὼ
660 5214 786 5297 περὶ
820 5216 995 5298 αὗτῷν
1043 5217 1260 5297 ἐρωτῶ,
1308 5216 1369 5276 οὗ
1415 5214 1539 5298 περὶ
1585 5217 1679 5275 τοῦ
1730 5214 1935 5297 κόσμου

324 5309 547 5389 ἐρωτῶ,
585 5296 874 5390 ἀλλὰγπερὶ
912 5296 986 5367 ὧν
1015 5296 1248 5375 δέδωκάς
1283 5322 1410 5387 μοι,
1442 5296 1525 5367 ὅτι
1558 5304 1644 5366 σοί
1690 5309 1815 5368 εἰσιο
1838 5296 1936 5368 καὶ

324 5396 395 5457 τὰ
416 5397 525 5479 ἐμὰ
544 5396 725 5459 πάντα
743 5396 814 5459 σοί
846 5399 981 5477 ἔστι,
1006 5396 1101 5459 καὶ
1120 5396 1191 5458 τὰ
1215 5396 1309 5478 σὰ,
1337 5394 1468 5479 ἐμὰ,
1490 5396 1583 5458 καὶ
1606 5396 1935 5477 δεδόξασμαι

2058 625 2207 665 nunc
2263 617 2453 666 autem
2502 607 2571 665 de
2626 608 2884 665 omnibus
2932 608 3194 681 gentibus
3249 609 3446 683 inquit,
3505 610 3657 683 quod

2056 697 2414 755 manifestum
2464 698 2546 755 eis
2590 696 2842 755 futurum
2871 697 2947 755 sit
2981 713 3186 756 nomen
3213 698 3340 768 Dei,
3373 716 3502 757 cum
3538 699 3657 772 jam

2056 787 2304 847 Christus
2340 786 2556 846 dederit
2578 788 2788 847 semina
2817 787 3018 849 divinae
3046 789 3280 859 notitiai,
3313 797 3376 846 ut
3402 789 3657 847 destrue-

2056 886 2212 937 retur
2263 878 2542 937 idolorum
2596 878 2801 950 cultus,
2853 895 3021 952 quem
3056 879 3328 953 suggessit
3377 878 3653 937 diabolus.

2056 970 2129 1025 Et
2154 969 2315 1027 aliter
2345 988 2362 1025 :
2394 968 2660 1040 Quamvis
2687 978 3065 1043 cognoverunt
3091 972 3295 1040 Deum,
3326 986 3441 1027 non
3469 977 3659 1027 tamen

2056 1067 2120 1116 ut
2169 1062 2388 1117 Patrem
2434 1068 2829 1133 cognoverunt,
2880 1060 2979 1119 sed
3026 1069 3087 1119 ut
3132 1060 3386 1136 opiﬁcem
3437 1060 3654 1131 solum;

2055 1150 2228 1208 Filius
2272 1159 2453 1210 autem
2494 1152 2718 1210 Patrem
2764 1150 3157 1223 manifestavit,
3210 1160 3267 1209 et
3302 1150 3657 1209 sermonibus

2055 1250 2112 1299 et
2154 1241 2416 1316 operibus
2447 1250 2646 1301 notum
2674 1257 2733 1300 se
2760 1240 2985 1300 faciens.
3029 1244 3174 1300 Nam
3202 1258 3333 1299 cum
3362 1259 3422 1301 se
3452 1242 3654 1301 Filium

2055 1333 2159 1391 Dei
2185 1333 2601 1405 demonstravit,
2645 1331 3006 1391 manifestum
3034 1333 3185 1409 quod
3212 1334 3381 1393 simul
3415 1335 3655 1394 demon-

2055 1423 2242 1481 strarit
2270 1433 2326 1482 et
2353 1424 2507 1483 illum
2538 1424 2705 1483 fuisse
2732 1427 2981 1484 Patrem.

2129 1516 2312 1573 Vsns.
2352 1520 2459 1573 6-8.
2497 1536 2525 1567 «
2568 1516 2718 1586 Quos
2758 1515 2953 1574 dedisti
2984 1515 3125 1573 mihi
3178 1515 3250 1574 de
3300 1514 3537 1584 mundo,
3568 1513 3652 1575 tui

2054 1615 2214 1662 erant
2247 1625 2260 1662 :
2292 1615 2351 1663 et
2378 1606 2518 1662 mihi
2546 1605 2744 1664 dedisti
2772 1622 2891 1676 eos,
2922 1616 2981 1666 et
3003 1622 3318 1665 sermonem
3349 1616 3511 1665 tuum
3538 1624 3654 1666 ser-

2056 1704 2336 1754 vaverunt.
2370 1698 2530 1753 Nunc
2574 1706 2952 1771 cognoverunt
2985 1697 3138 1771 quod
3179 1698 3367 1755 omnia
3396 1714 3657 1773 quaecun-

2054 1803 2163 1859 que
2204 1785 2401 1844 dedisti
2440 1786 2605 1855 mihi,
2649 1802 2682 1844 a
2729 1795 2783 1845 te
2825 1795 2998 1844 sunt:
3030 1786 3155 1861 quia
3201 1788 3369 1845 verba
3410 1804 3535 1862 qua:
3564 1789 3657 1847 de-

2053 1876 2182 1934 disti
2211 1876 2369 1946 mihi,
2408 1876 2539 1935 dedi
2586 1877 2685 1947 eis,
2726 1888 2783 1936 et
2819 1878 2925 1951 ipsi
2971 1887 3323 1951 acceperunt,
3353 1887 3409 1935 et
3443 1894 3651 1953 cogno-

2053 1976 2249 2026 verunt
2273 1983 2402 2025 vere
2440 1968 2590 2041 quod
2637 1984 2669 2025 a
2718 1977 2772 2025 te
2812 1969 2977 2040 exivi,
3021 1977 3079 2026 et
3119 1968 3474 2027 crediderunt
3500 1970 3650 2043 quod

2052 2067 2115 2117 tu
2144 2074 2237 2115 me
2272 2057 2497 2116 misisti.
2531 2082 2557 2109 ιι
2609 2061 2734 2117 Duo
2764 2058 2883 2117 haec
2926 2058 3124 2117 docere
3155 2059 3353 2128 voluit,
3383 2067 3460 2128 et,
3503 2059 3653 2133 quod

2052 2166 2167 2207 non
2216 2148 2290 2207 sit
2332 2148 2682 2207 adversarius
2723 2153 2844 2207 Deo
2884 2150 3058 2222 Patri,
3102 2159 3159 2206 et
3203 2149 3353 2223 quod
3398 2149 3653 2208 voluntas

2052 2239 2167 2313 ejus
2195 2240 2269 2296 sit
2295 2238 2521 2297 credere
2564 2239 2689 2297 illos
2714 2239 2888 2307 Filio;
2921 2247 3205 2313 propterea
3248 2239 3404 2308 dicit,
3435 2263 3461 2289 ‹ι
3495 2240 3651 2309 Quos

2050 2328 2249 2387 dedisti
2276 2329 2434 2398 mihi,
2465 2328 2541 2386 tui
2562 2338 2738 2387 erant.
2770 2354 2795 2378 ν
2827 2330 3082 2403 Utraque
3107 2329 3258 2387 enim
3284 2328 3652 2387 ostenduntur

2051 2435 2149 2494 per
2173 2420 2282 2477 hoc
2308 2418 2459 2493 quod
2489 2418 2645 2490 dicit,
2678 2443 2704 2469 α
2736 2418 2947 2477 Dedisti
2977 2420 3137 2476 mihi.
3170 2443 3196 2469 ››
3225 2422 3351 2477 Non
3378 2420 3527 2477 enim
3554 2435 3643 2477 ra-

2051 2510 2146 2582 pui
2175 2525 2294 2578 eos,
2318 2509 2418 2567 sed
2456 2516 2520 2566 tu
2558 2508 2935 2582 comprobasti
2964 2518 3026 2567 ut
3050 2508 3174 2566 illos
3202 2508 3340 2566 mihi
3371 2508 3647 2579 lucrarer;

2052 2608 2109 2657 et
2135 2599 2213 2659 ita
2236 2616 2351 2658 non
2380 2599 2724 2658 adversarius
2752 2616 2812 2657 es
2839 2598 2999 2668 mihi,
3041 2598 3137 2657 sed
3158 2598 3516 2656 concordiam
3545 2598 3645 2656 ha-

2048 2691 2145 2750 bes
2172 2699 2229 2749 et
2254 2690 2583 2749 charitatem
2623 2706 2754 2764 erga
2784 2706 2897 2762 me,
2944 2706 2979 2747 o
3021 2692 3201 2747 Pater.
3261 2712 3287 2739 α
3318 2691 3649 2747 Sermonem

2048 2789 2237 2840 autem
2271 2789 2434 2841 tuum
2462 2789 2839 2852 servaverunt,
2874 2804 2900 2831 ιο
2950 2797 3046 2854 per
3092 2780 3199 2837 hoc
3232 2779 3381 2853 quod
3409 2779 3643 2837 credunt

2048 2872 2211 2943 mihi,
2245 2881 2301 2931 et
2326 2888 2438 2930 non
2480 2871 2772 2930 attendunt
2818 2871 3047 2929 Iudaeis.
3096 2870 3203 2942 Qui
3234 2870 3386 2927 enim
3412 2869 3648 2929 credunt

2047 2962 2287 3033 Christo,
2317 2979 2633 3022 sermonem
2680 2962 2786 3020 Dei
2812 2970 3051 3029 servant,
3098 2959 3206 3019 hoc
3245 2969 3349 3030 est,
3401 2961 3645 3034 Scriptu-

2048 3070 2166 3111 ram
2212 3060 2267 3112 et
2312 3055 2512 3129 legem.
2563 3058 2706 3112 Nam
2742 3053 2995 3112 Christus
3038 3069 3071 3110 a
3119 3052 3397 3125 Scriptura
3423 3066 3638 3109 annun-

2048 3143 2234 3202 tiatur.
2274 3146 2346 3201 Et
2371 3144 2529 3202 aliter
2572 3163 2585 3200 :
2631 3143 2833 3202 Omnia
2860 3158 3201 3217 quaecunque
3240 3141 3458 3199 dicebat
3496 3139 3653 3200 disci-

2050 3235 2191 3309 pulis
2216 3236 2516 3307 Dominus,
2544 3235 2723 3294 Patris
2745 3242 2920 3293 erant.
2948 3258 2975 3285 «ι
3006 3236 3123 3307 Ego
3155 3233 3325 3306 729
3351 3232 3523 3301 enim,
3548 3231 3644 3289 in-

2047 3326 2185 3400 quit,
2214 3342 2247 3384 a
2274 3326 2484 3400 meipso
2513 3342 2627 3384 non
2653 3327 2870 3400 loquor.
2924 3348 2950 3377 α
2990 3324 3140 3382 Dicit
3166 3324 3333 3397 igitur
3368 3339 3498 3382 cum
3524 3322 3651 3381 aliis

2047 3416 2236 3474 ethoc
2262 3416 2359 3486 eis,
2403 3440 2430 3467 κ
2468 3420 2689 3475 Manete
2713 3417 2769 3474 in
2796 3432 2889 3474 me
2922 3433 2937 3473 :
2983 3439 3009 3465 ι
3043 3422 3099 3472 et
3127 3430 3253 3472 ecce
3288 3421 3649 3473 servaverunt

2046 3515 2102 3564 et
2149 3507 2258 3565 hoc
2302 3506 2655 3575 mandatum;
2700 3528 2727 3556 α
2759 3513 3082 3563 manserunt
3122 3503 3299 3574 enim,
3340 3511 3397 3561 et
3422 3503 3498 3563 ita
3529 3519 3644 3562 ser-

2044 3613 2274 3655 monem
2314 3596 2491 3654 Patris
2539 3604 2914 3654 servaverunt.
2972 3617 2998 3645 α
3055 3596 3214 3653 Nunc
3264 3602 3645 3668 cognoverunt

2045 3686 2198 3761 quod
2244 3688 2434 3744 omnia
2475 3701 2824 3760 quaecunque
2864 3684 3061 3744 dedisti
3087 3684 3245 3753 mihi,
3276 3700 3309 3740 a
3335 3693 3392 3741 te
3427 3692 3581 3742 sunt.
3617 3707 3644 3734 ι.

2045 3777 2287 3848 Quidam
2316 3777 2523 3850 absque
2562 3796 2587 3829 ν
2613 3777 2806 3849 legunt
2824 3774 3023 3847 ἔγνωκα
3052 3796 3079 3823 α
3111 3773 3367 3846 cognovi,
3410 3796 3436 3823 ιι
3482 3781 3539 3829 et
3567 3771 3647 3829 in-

2043 3869 2243 3942 quiunt
2269 3866 2422 3941 quod
2450 3866 2725 3923 Dominus
2751 3864 2899 3922 dicat
2929 3883 2941 3920 :
2971 3882 3002 3917 ιι
3026 3865 3185 3920 Nunc
3202 3862 3435 3936 cognovi
3458 3884 3482 3910 ι
3513 3876 3637 3934 ego.

2046 3956 2153 4016 Sed
2217 3956 2519 4014 absurdum
2602 3963 2703 4026 est,
2767 3964 2825 4012 et
2883 3951 3176 4027 legendum
3239 3961 3324 4010 est
3374 3950 3633 4023 ἔγνωκαν,

2052 4071 2078 4098 α
2114 4049 2277 4105 Nunc
2302 4053 2681 4121 cognoverunt
2725 4043 2977 4118 discipuli
3006 4043 3139 4112 mei,
3188 4066 3214 4093 ν
3258 4041 3463 4116 inquit,
3492 4040 3646 4115 quod

2046 4138 2189 4196 nihil
2214 4138 2394 4195 habeo
2432 4135 2739 4211 proprium,
2767 4149 2945 4207 neque
2973 4150 3005 4191 a
3040 4142 3098 4191 te
3126 4132 3338 4191 alienus
3365 4148 3518 4202 sum;
3545 4130 3642 4189 sed

2047 4243 2389 4303 quaecunque
2426 4225 2631 4284 dedisti
2667 4224 2823 4294 mibi,
2867 4240 2979 4282 non
3025 4232 3091 4281 ut
3139 4231 3403 4281 creaturae
3430 4222 3648 4297 gratiﬁ-

2046 4335 2178 4377 cans
2224 4316 2362 4375 mihi
2398 4316 2618 4375 dedisti.
2651 4318 2778 4373 Non
2822 4315 2975 4372 enim
3024 4313 3145 4371 haec
3186 4313 3327 4371 mihi
3374 4313 3641 4387 acquisita

2046 4417 2198 4478 sunt,
2240 4431 2267 4458 ιι
2295 4406 2393 4465 sed
2421 4422 2452 4463 a
2492 4414 2550 4464 te
2587 4414 2735 4476 sunt,
2769 4428 2794 4455 ι
2825 4404 2932 4462 hoc
2967 4413 3072 4475 est,
3103 4402 3430 4461 naturaliter
3451 4403 3521 4461 ad
3546 4418 3641 4461 me

2045 4500 2322 4574 pertinent
2360 4504 2425 4555 ut
2473 4497 2544 4555 ad
2571 4496 2796 4565 Filium,
2845 4495 2937 4568 qui
2974 4495 3036 4551 in
3061 4493 3316 4551 Paternis
3342 4490 3515 4549 rebus
3549 4508 3650 4564 po-

2044 4600 2166 4648 tens
2212 4597 2313 4647 est.
2354 4586 2521 4646 Unde
2568 4594 2757 4645 autem
2806 4593 3184 4659 cognoverunt
3223 4582 3341 4641 hec
3381 4581 3639 4655 discipuli

2044 4680 2192 4738 mei?
2223 4702 2251 4730 α
2290 4678 2431 4752 Quia
2478 4678 2642 4735 verba
2675 4690 2804 4749 quae
2846 4675 3048 4732 dedisti
3094 4673 3250 4744 mihi,
3301 4669 3426 4730 dedi
3473 4670 3577 4742 eis,
3613 4694 3642 4723 ιο

2044 4772 2152 4829 hoc
2181 4779 2287 4839 est,
2332 4786 2365 4826 a
2401 4766 2590 4825 verbis
2628 4767 2771 4824 meis
2796 4774 2854 4823 et
2892 4764 3177 4823 doctrinis.
3218 4764 3447 4835 Semper
3493 4762 3644 4820 enim

2045 4878 2141 4920 eos
2176 4858 2445 4919 docebam
2474 4857 2623 4932 quod
2652 4856 2842 4915 omnia
2869 4869 3211 4929 quaecunque
3238 4852 3437 4924 habeo,
3468 4853 3649 4912 Patris

2046 4960 2178 5011 sunt
2208 4968 2222 5006 :
2260 4958 2316 5007 et
2353 4964 2467 5007 non
2502 4948 2611 5005 hoc
2637 4948 2840 5015 solum,
2870 4945 2969 5004 sed
2997 4952 3054 5003 et
3092 4942 3245 5019 quod
3290 4963 3317 4995 α
3350 4959 3384 5002 a
3409 4952 3467 5002 te
3495 4943 3653 5002 exie~

2042 5043 2171 5113 rim,
2204 5064 2232 5091 ι
2274 5048 2331 5098 et
2354 5037 2505 5113 quod
2552 5060 2576 5087 ι
2602 5046 2664 5096 ιιι
2690 5052 2784 5095 me
2806 5035 3040 5095 miseris.
3077 5057 3104 5086 ι
3150 5038 3292 5093 Nam
3332 5048 3433 5106 per
3459 5034 3640 5090 Even.

2042 5134 2248 5210 gelium
2274 5137 2461 5188 totum
2489 5129 2597 5187 hoc
2625 5128 2841 5186 efﬁcere
2866 5127 3005 5198 vult,
3034 5125 3184 5200 quod
3205 5140 3325 5183 non
3353 5122 3427 5181 sit
3445 5122 3642 5180 advere

2045 5227 2224 5282 sarius
2244 5220 2370 5293 Dei,
2397 5218 2494 5278 sed
2523 5219 2748 5293 impleat
2786 5216 2968 5276 Patris
2993 5216 3357 5273 voluntatem.

2115 5317 2297 5373 Vane.
2336 5316 2394 5383 9,
2421 5314 2509 5367 1οι
2540 5333 2567 5361 α
2599 5312 2718 5384 Ego
2746 5322 2851 5383 pro
2875 5308 2956 5366 eis
2982 5320 3144 5380 rogo,
3166 5320 3281 5362 non
3306 5318 3406 5376 pro
3427 5299 3641 5360 mundo

2046 5420 2201 5480 rogo,
2231 5402 2326 5461 sed
2355 5416 2456 5476 pro
2484 5400 2570 5459 bis
2603 5414 2745 5475 quos
2765 5397 2964 5458 dedisti
3002 5393 3163 5467 mihi,
3201 5394 3327 5468 quia
3349 5393 3435 5451 tui
3460 5400 3631 5452 sunt:

1342 5498 1431 5561 Ex
1460 5495 1778 5562 collatione
1806 5497 1988 5567 codd.
2018 5498 2234 5562 Venet.
2269 5496 2328 5557 S.
2361 5493 2572 5558 Marci.

426 5612 533 5678 (38)
582 5606 725 5668 Cod.
787 5613 885 5678 21,
935 5605 1037 5663 Καὶ
1102 5601 1207 5661 ἰδοὺ
1262 5604 1565 5680 τετηρήκασι
1620 5605 1704 5660 καὶ
1747 5605 1932 5676 ταύτην

325 5688 410 5756 τήν
461 5689 699 5759 ἐντολήν.
753 5688 1000 5764 Ἔμειναν
1064 5687 1198 5759 γὰρ,
1256 5689 1385 5743 ὥστε
1462 5690 1550 5743 τὸν
1602 5687 1763 5762 λόγον
1844 5691 1934 5743 τοῦ

320 5769 504 5847 [ἰατρὸς
534 5770 857 5846 τετερήκασι,
890 5776 987 5827 νῦν
1018 5769 1298 5843 ἔγνωκαν,
1330 5790 1378 5827 ιι.
1410 5789 1460 5826 τ.
1488 5770 1541 5823 λ.

2112 5609 2224 5675 (39)
2288 5600 2424 5660 Cod.
2474 5604 2575 5671 26,
2629 5594 2767 5660 Τινὲς
2814 5594 2968 5669 χωρὶς
3005 5596 3095 5648 τοῦ
3160 5611 3187 5675 ν
3232 5590 3635 5675 ἀναγινώσκουσι

2040 5674 2240 5741 τδίνῦν
2288 5682 2551 5756 ἔγνωκαν,
2607 5680 2693 5734 καί
2762 5696 2950 5751 φασιν,
3002 5677 3081 5730 ὅτι
3145 5674 3175 5729 ὅ
3222 5675 3397 5749 Κύριος
3455 5674 3623 5747 λέγει,

2040 5768 2143 5824 Νῦν
2174 5766 2372 5839 ἔγνωκα
2399 5760 2517 5836 ἐγώ·
2546 5761 2666 5815 ἀλλ’
2701 5759 2789 5816 οὒκ
2829 5760 2933 5832 ἔχει
2960 5763 3107 5815 τοῦτο
3134 5758 3322 5832 λόγον,
3349 5777 3398 5817 κ,
3432 5776 3482 5812 τ.
3520 5756 3571 5813 λ.
