4128 6428
536 401 629 453 23!

1565 394 2080 452 THEOPHYLACTI
2121 389 2480 449 BULGARIE
2519 388 2828 446 ARCHIEP.

3738 385 3847 439 232

533 531 590 578 ct
629 537 749 579 mea
778 522 968 579 omnia
997 529 1090 580 tua
1129 531 1276 589 sunt,
1307 530 1362 578 et
1398 530 1492 579 tua
1521 539 1645 580 mea
1688 531 1838 593 sunt;
1879 531 1936 580 et
1964 523 2117 596 glori-

2248 521 2302 579 ἐν
2347 521 2544 586 αὐτοῖς.
2573 539 2601 576 n
2653 513 2874 582 Δεικνὺς
2893 559 2911 593 ,
2943 512 3024 572 ὅτι
3069 511 3136 572 δι’
3166 511 3316 572 οὐδὲν
3347 510 3483 570 ἄλλο
3520 515 3689 570 ταῦτα
3716 508 3849 591 πρὸς

525 611 720 668 ﬁcatus
743 628 872 669 sum
899 613 957 668 in
987 614 1087 669 eis.
1126 637 1149 662 υ
1183 615 1320 670 Cum
1347 612 1678 670 ostendisset
1718 611 1869 686 quod
1909 620 2136 685 propter

527 699 665 756 nihil
717 700 870 757 aliud
921 717 1093 774 quam
1147 710 1370 774 propter
1410 700 1561 774 ipsos
1609 701 1733 758 haac
1800 700 1871 758 ad
1918 703 2134 758 Patrem

529 790 778 860 dixisset,
830 799 892 848 ut
941 791 1155 849 discant
1212 791 1362 864 quod
1412 790 1611 865 diligat
1673 807 1788 861 eos,
1842 799 1899 848 et
1944 807 2136 849 curam

532 896 726 938 eorum
755 889 932 955 gerat,
964 882 1164 954 inquit,
1200 905 1224 932 σι
1260 885 1376 955 Ego
1402 898 1502 955 pro
1519 882 1650 955 ipsis
1698 897 1833 956 rogo
1867 905 1892 932 υ
1919 890 1975 939 et
2001 898 2138 955 sup-

527 971 688 1044 plico,
717 993 745 1023 «
769 988 881 1028 non
910 988 1010 1045 pro
1038 972 1272 1030 mundo.
1306 996 1331 1023 υ
1364 972 1612 1030 Ostendo
1635 972 1786 1029 enim
1815 971 2042 1029 omnino
2070 987 2136 1029 ex

530 1060 637 1118 hoc
654 1061 802 1134 quod
828 1061 1052 1135 diligam
1078 1077 1191 1119 eos.
1219 1064 1346 1118 Non
1375 1062 1525 1119 enim
1556 1062 1740 1119 solum
1765 1061 1837 1119 do
1869 1077 1994 1135 qua:
2013 1077 2137 1118 mea

526 1159 673 1222 sunt,
715 1149 814 1208 sed
839 1161 896 1208 et
914 1160 968 1209 te
993 1168 1094 1209 oro
1123 1159 1186 1208 ut
1214 1151 1493 1209 custodias
1521 1167 1644 1210 eos.
1675 1155 1800 1209 Non
1827 1167 1926 1209 oro
1951 1161 2006 1209 te
2034 1167 2136 1224 pro

521 1241 835 1315 promiscuo
889 1241 1113 1315 populo,
1161 1242 1252 1315 qui
1302 1242 1587 1299 mundana
1636 1242 1802 1314 sapit,
1833 1265 1858 1292 ι
1890 1240 1989 1299 sed
2036 1257 2136 1314 pro

525 1329 609 1387 his
629 1346 767 1404 quos
793 1330 992 1389 dedisti
1025 1331 1180 1388 mihi:
1251 1332 1329 1388 tui
1367 1331 1515 1388 enim
1559 1340 1714 1389 sunt.
1755 1355 1780 1382 ιι
1809 1333 1881 1390 Et
1901 1331 2139 1388 audiens

520 1421 780 1478 continuo
822 1437 955 1480 eum
995 1421 1300 1492 dicentem,
1336 1445 1361 1471 ι
1403 1421 1621 1480 Dedisti
1649 1421 1814 1492 mihi,
1848 1445 1873 1472 υ
1908 1437 1978 1479 ne
2025 1420 2141 1478 exi-

520 1510 714 1568 stimes
741 1527 919 1584 nuper
954 1511 1152 1569 datum
1182 1511 1556 1585 principatum
1597 1521 1652 1569 et
1681 1520 2012 1584 potestatem
2046 1519 2132 1568 ta-

524 1599 654 1669 lem,
687 1601 836 1674 quod
878 1601 1101 1675 quando
1151 1601 1342 1659 habuit
1377 1618 1471 1660 eos
1523 1605 1704 1670 Pater,
1749 1602 1865 1674 ipse
1889 1617 2004 1660 non
2032 1601 2136 1658 ha-

518 1689 719 1758 buerit,
775 1700 831 1748 et
898 1691 1100 1748 iterum
1178 1707 1326 1748 nunc
1395 1707 1525 1748 cum
1581 1691 1700 1764 ipse
1755 1690 1922 1749 habet
1983 1691 2134 1748 Patri

516 1779 757 1837 ablatam
786 1789 1137 1854 potestatem,
1183 1789 1472 1855 propterea
1496 1780 1641 1838 dicit
1672 1801 1686 1837 :
1713 1803 1738 1831 ‹·
1776 1781 1977 1839 Omnia
2006 1796 2133 1838 mea

518 1877 611 1926 tua
649 1878 800 1940 sunt,
827 1879 884 1928 et
907 1879 1004 1928 tua
1033 1887 1182 1928 mea.
1214 1890 1244 1926 ι)
1293 1875 1422 1928 Non
1449 1872 1597 1928 enim
1634 1887 1786 1928 nunc
1811 1871 1996 1944 accepi
2023 1887 2128 1944 po-

519 1965 797 2029 testatem,
843 1961 936 2017 sed
967 1959 1190 2032 quando
1229 1960 1310 2017 tui
1349 1960 1596 2029 fuerunt,
1625 1969 1680 2016 et
1713 1961 1825 2017 mei
1855 1959 2120 2018 fuerunt:

521 2072 546 2098 -
585 2051 704 2106 Tua
745 2050 897 2106 enim
921 2051 1130 2117 omnia,
1163 2065 1287 2106 mea
1334 2067 1347 2105 :
1383 2073 1410 2101 ιν
1460 2059 1518 2106 et
1544 2048 1769 2122 quando
1799 2050 1918 2122 ipse
1950 2050 2124 2108 habeo

513 2153 630 2207 eos,
658 2146 715 2194 et
739 2147 801 2195 tu
842 2137 1033 2207 habes,
1064 2147 1120 2196 et
1146 2154 1261 2196 non
1297 2154 1356 2196 es
1402 2139 1692 2210 privatus:
1745 2161 1773 2188 ι
1821 2141 1946 2196 Mea
1975 2140 2122 2197 enim

517 2227 727 2296 omnia,
753 2235 869 2284 tua.
903 2251 928 2276 ιι
955 2257 1024 2270 --
1053 2250 1078 2277 α
1121 2231 1194 2284 Et
1218 2228 1562 2301 gloriﬁcatus
1588 2244 1714 2286 sum
1741 2228 1796 2285 in
1825 2229 1925 2295 eis,
1962 2253 1988 2279 υ
2019 2229 2124 2288 hoc

514 2325 618 2386 est,
666 2325 1000 2389 potestatem
1041 2318 1269 2375 illorum
1294 2317 1506 2376 habens
1531 2327 1594 2374 ut
1632 2317 1929 2389 Dominus,
1967 2319 2023 2376 in
2045 2319 2124 2378 eis

513 2407 814 2481 gloriﬁcor,
854 2408 999 2464 sicut
1036 2415 1092 2464 et
1116 2409 1264 2481 regis
1308 2407 1452 2464 ﬁlius
1489 2411 1760 2482 aequalem
1789 2425 1918 2466 cum
1968 2417 2121 2482 patre

512 2505 843 2569 potestatem
894 2497 1101 2555 habens
1148 2514 1213 2554 ac
1258 2513 1517 2571 regnum,
1564 2498 1899 2571 gloriﬁcatur
1949 2499 2009 2556 in
2053 2515 2120 2556 eo

509 2586 660 2659 quod
687 2595 839 2644 tanta
866 2587 1047 2652 habet,
1074 2595 1282 2660 quanta
1319 2597 1494 2661 pater.
1541 2588 1597 2645 Si
1629 2603 1760 2661 ergo
1790 2589 1994 2646 iterum
2025 2591 2118 2645 Fi-

509 2675 615 2732 lius
655 2676 838 2732 minor
874 2685 1019 2733 esset
1044 2678 1225 2746 Patre,
1263 2675 1548 2750 quomodo
1581 2693 1753 2734 ausus
1795 2676 1991 2734 fuisset
2019 2678 2111 2734 di-

508 2779 653 2828 cere,
687 2787 712 2812 α
745 2764 947 2824 Omnia
981 2773 1076 2822 tua
1107 2781 1231 2822 mea
1261 2769 1425 2822 sunt?
1458 2789 1482 2815 ιι
1528 2767 1675 2822 Nam
1703 2764 1966 2823 dominus
1993 2767 2114 2838 qui-

504 2853 637 2910 dem
665 2855 850 2910 omnia
880 2854 1044 2911 habet
1071 2870 1195 2926 quae
1215 2863 1346 2910 sunt
1377 2855 1540 2920 servi,
1561 2870 1753 2911 servus
1782 2865 1968 2912 autem
1995 2871 2112 2913 non

506 2944 695 3000 omnia
719 2958 843 3015 quae
875 2952 1010 3000 sunt
1034 2943 1266 3001 domini.
1295 2945 1419 3000 Hoc
1441 2951 1638 3001 autem
1659 2944 1782 3000 loco
1802 2947 2116 3002 conversim

505 3032 653 3105 loqui
711 3031 858 3102 licet,
900 3042 960 3090 ut
989 3049 1113 3106 qua:
1167 3042 1297 3090 sunt
1323 3033 1508 3090 Patris
1541 3049 1605 3090 ea
1652 3034 1767 3091 sint
1791 3042 1848 3090 et
1874 3035 2022 3104 Filii,
2061 3045 2118 3092 et

2245 609 2335 668 τὸν
2381 609 2608 687 Πατέρα
2657 605 2852 686 φησὶν,
2893 602 3035 663 ἀλλὰ
3081 603 3147 661 δι’
3193 599 3381 669 αὐτοὺς
3402 645 3419 676 ,
3467 599 3554 659 ἵνα
3605 600 3846 679 μάθωσιν

2243 696 2327 758 ὅτι
2376 698 2564 776 ἀγαπᾷ
2607 692 2836 772 αὐτοὺς,
2884 691 2978 752 καὶ
3040 692 3344 771 προνοεῖται
3398 691 3611 764 αὐτῶν,
3664 688 3848 769 φησίν·

2254 810 2284 845 α
2316 784 2464 865 Ἐγὼ
2509 783 2632 866 περὶ
2678 786 2849 844 αὐτῶν
2902 784 3083 863 ἐρωτῶ
3105 829 3122 859 ,
3155 802 3187 840 υ
3220 781 3312 841 καὶ
3358 778 3522 854 ἀξιῶ,
3572 802 3601 837 ιι
3630 781 3690 838 οὗ
3723 779 3850 859 περὶ

2245 880 2336 936 τοῦ
2384 875 2618 952 κόσμου.
2647 897 2677 934 ι)
2722 876 2979 950 Δείκνυμι
3023 871 3124 950 γὰρ
3153 870 3368 939 πάντως
3416 873 3478 930 ἐκ
3506 868 3695 928 τούτου
3713 913 3732 943 ,
3762 867 3846 928 ὅτι

2248 968 2444 1045 ἀγαπῶ
2490 964 2699 1031 αὐτούς.
2747 965 2831 1023 Οὔ
2876 960 2979 1042 γὰρ
3029 961 3188 1039 μόνον
3234 960 3304 1021 τὰ
3329 961 3562 1038 ἐμαυτοῦ
3615 959 3846 1036 δίδωμι,

2249 1054 2388 1115 ἀλλὰ
2436 1054 2528 1113 καὶ
2580 1054 2639 1113 σὲ
2690 1054 2993 1133 παρακαλῶ
3047 1049 3334 1131 φυλάττειν
3384 1049 3595 1116 αὐτούς.
3631 1048 3848 1110 Οὔκουν

2247 1145 2368 1224 περὶ
2414 1148 2521 1204 τῶν
2553 1141 2787 1224 χυδαίων
2813 1188 2830 1220 ,
2885 1141 2976 1202 καὶ
3035 1143 3140 1199 τῶν
3191 1138 3276 1224 τιδι-
3309 1143 3403 1201 τοῦ
3453 1139 3658 1217 κόσμου
3710 1162 3846 1220 (ppo-

2246 1220 2472 1295 νοόντων
2508 1220 2639 1302 ἀξιῶ
2685 1256 2778 1306 σε,
2817 1253 2848 1291 α
2888 1229 3028 1292 ἀλλὰ
3070 1229 3193 1312 περὶ
3235 1220 3311 1290 ὧν
3353 1229 3584 1296 δέδωκάς
3619 1252 3730 1306 μοι·
3763 1231 3849 1289 uol

2247 1323 2349 1405 γάρ
2380 1326 2536 1385 εἰσιν.
2572 1349 2596 1376 ι
2625 1320 2750 1384 Ἵνα
2774 1320 2830 1380 δὲ
2861 1319 2973 1400 μὴ,
3012 1320 3224 1380 ἀκούων
3267 1321 3504 1400 συνεχῶς
3549 1319 3715 1379 αὐτοῦ
3745 1320 3845 1378 λέ-

2247 1437 2448 1494 γοντος,
2477 1414 2556 1474 δτι
2581 1440 2606 1468 «ι
2632 1410 2882 1480 Δέδωκάς
2915 1435 3026 1489 μοι,
3051 1438 3076 1462 ιι
3105 1409 3328 1490 νομίσῃς
3362 1406 3668 1490 πρόσφατον
3695 1411 3845 1490 αὐτῷ

2246 1503 2489 1583 δεδόσθαι
2534 1501 2630 1570 τὴν
2682 1499 2854 1583 ἀρχὴν
2903 1500 2996 1560 καὶ
3042 1497 3139 1571 τὴν
3179 1498 3435 1583 ἐξουσίαι
3456 1497 3698 1573 ταύτην,
3748 1498 3842 1558 καὶ

2244 1589 2329 1652 ὅτι
2360 1582 2502 1672 εἶχεν
2537 1577 2732 1659 αὖτοὺς.
2811 1589 3029 1668 Πατὴρ,
3080 1587 3234 1657 αὐτὸς
3259 1591 3354 1648 οὐκ
3386 1577 3529 1669 εἶχεν
3551 1631 3569 1662 ,
3611 1588 3646 1660 ἢ
3677 1588 3844 1648 πάλιν

2241 1687 2332 1741 νῦν
2352 1727 2369 1756 ,
2401 1681 2488 1742 ὅτε
2519 1681 2676 1749 αὐτὸς
2716 1680 2862 1762 ἔχει,
2901 1683 2930 1737 6
2957 1678 3152 1758 Πατὴρ
3180 1678 3410 1760 δφῃρίθη
3450 1677 3549 1751 τὴν
3595 1678 3843 1748 ἐξουσίαν

2247 1775 2438 1832 αὐτῶνθ
2484 1769 2572 1830 διὰ
2617 1770 2772 1830 τοῦτό
2819 1791 2966 1853 φησι·
3017 1791 3047 1828 α
3096 1769 3208 1828 Καὶ
3262 1768 3329 1828 τὰ
3380 1767 3486 1846 ἐμὰ
3533 1768 3711 1828 πάντα
3772 1769 3844 1828 σοί

2251 1860 2514 1936 ἕστι,καὶ
2559 1859 2629 1919 τὰ
2656 1859 2755 1935 σὰ,
2807 1859 2993 1937 ἐμά.»
3049 1859 3133 1920 Οὔ
3187 1859 3290 1940 γὰρ
3348 1863 3437 1917 νῦν
3489 1857 3682 1918 ἔλαϐον
3738 1857 3839 1930 τὴν

2239 1950 2510 2027 ἐξουσίαν,
2537 1947 2660 2010 ἀλλ’
2690 1949 2776 2009 ὅτε
2812 1950 2897 2009 σοὶ
2935 1940 3074 2021 ἦσαν
3095 1994 3114 2028 ,
3138 1949 3230 2007 καὶ
3259 1948 3399 2026 ἐμοί’
3439 1974 3463 2000 α
3497 1947 3582 2009 Τὰ
3619 1947 3722 2028 γὰρ
3769 1948 3842 2007 σὰ

2231 2041 2439 2117 πάντα,
2483 2039 2609 2117 ἐμά.
2651 2062 2682 2099 α
2706 2041 2817 2100 Καὶ
2836 2035 2924 2098 ὅτε
2952 2039 3008 2096 δὲ
3039 2037 3197 2106 αὐτὸς
3229 2037 3341 2118 ἔχω
3365 2036 3613 2110 τούτους,
3644 2037 3740 2097 καὶ
3768 2037 3834 2097 σὺ

2232 2130 2390 2210 ἔχεις,
2414 2129 2507 2189 καὶ
2537 2131 2632 2189 οὐκ
2658 2128 2943 2212 ἀφῃρέθηςο
2973 2149 3004 2186 ι)
3040 2126 3128 2189 Τὰ
3149 2126 3253 2209 γὰρ
3284 2128 3392 2205 ἐμὰ
3420 2126 3621 2202 πάντα,
3653 2127 3752 2189 σά.
3803 2154 3833 2185 ιι

2230 2255 2310 2266 -
2338 2244 2369 2280 (ι
2392 2221 2498 2281 Καὶ
2519 2219 2838 2296 δεδόξασμαι
2868 2220 2920 2279 ἕν
2954 2219 3150 2288 αὐτοῖς’
3175 2245 3198 2272 ι
3228 2216 3519 2291 τουτέστιν,
3551 2216 3838 2287 Ἐξουσίαν

2231 2313 2398 2371 αὐτῶν
2430 2309 2571 2391 ἔχων
2603 2313 2674 2378 ὡς
2705 2308 3013 2381 Δεσπότης,
3065 2335 3090 2361 ι
3136 2310 3188 2368 ἐν
3236 2309 3413 2377 αὐτοῖς
3445 2306 3760 2387 δοξάζομαι·
3802 2333 3832 2366 ι

2229 2397 2408 2480 ὥσπερ
2437 2401 2578 2460 καὶὸ
2618 2405 2711 2460 τοῦ
2744 2398 3008 2480 βασιλέως
3048 2399 3190 2470 υἱὸς,
3247 2397 3346 2470 τὴν
3404 2397 3676 2475 ἰσοτιμίαν
3736 2405 3834 2460 τοῦ

2228 2490 2428 2570 πατρὸς
2476 2490 2648 2570 ἔχων,
2699 2489 2791 2549 καὶ
2839 2487 2935 2561 τὴν
2988 2487 3299 2568 βασιλείαν,
3331 2486 3606 2558 δοξάζεται
3653 2491 3706 2548 ἐν
3749 2493 3834 2570 τῷ

2229 2584 2462 2639 τοσαῦτα
2493 2579 2657 2659 ἔχειν,
2687 2577 2789 2638 ὅσα
2817 2582 2846 2638 6
2878 2577 3096 2658 Πατήρ.
3137 2579 3204 2639 Εἰ
3230 2577 3404 2638 τοίνυν
3441 2582 3470 2636 6
3509 2577 3637 2644 Υἱὸς
3661 2578 3828 2637 ἐλάτη

2227 2693 2329 2728 των
2362 2661 2426 2742 ἦν
2476 2674 2568 2728 τοῦ
2603 2669 2849 2750 Πατρὸς,
2885 2672 2999 2738 πῶς
3059 2666 3355 2744 ἐτόλμησεν
3389 2666 3453 2726 ἂν
3495 2669 3696 2742 εἰπεῖν,
3745 2668 3831 2729 ὅτι

2236 2786 2259 2811 α
2295 2759 2382 2819 Τὰ
2417 2757 2487 2818 ad:
2534 2759 2710 2819 πάντα
2743 2758 2849 2836 ἐμά
2889 2759 3054 2819 ἐστιν.
3146 2756 3216 2818 Ὁ
3266 2757 3362 2835 μὲν
3407 2755 3511 2838 γὰρ
3559 2757 3832 2832 δεσπότης

2226 2848 2341 2928 ἔχει
2383 2849 2560 2908 πάντα
2611 2848 2680 2908 τὰ
2729 2854 2821 2908 τοῦ
2877 2847 3080 2907 δούλου’
3130 2851 3159 2906 6
3209 2847 3265 2908 δὲ
3321 2849 3503 2915 δοῦλος
3559 2849 3658 2908 οὐχ
3710 2848 3832 2929 ἔχει

2227 2937 2407 2997 πάντα
2439 2938 2506 2997 τὰ
2557 2943 2647 2998 τοῦ
2697 2937 2975 2999 δεσπότου.
3021 2937 3291 2998 Ἐνταῦθα
3336 2935 3392 2996 δὲ
3445 2936 3821 3020 ἀντιστρέφει,

2224 3027 2318 3086 καὶ
2357 3027 2426 3086 τὰ
2476 3032 2567 3087 τοῦ
2602 3027 2816 3108 Πατρὸς
2857 3032 2953 3086 τοῦ
3005 3029 3135 3088 Υἱοῦ
3186 3028 3354 3108 εἰσιν,
3407 3025 3590 3106 ὥσπερ
3632 3027 3724 3085 καὶ
3758 3029 3831 3087 τὰ

507 3132 723 3180 contra.
755 3105 1117 3180 Gloriﬁcatur
1155 3123 1322 3196 igitur
1367 3122 1538 3180 Filius
1588 3122 1644 3179 in
1688 3123 1774 3180 his
1820 3139 1943 3196 qua
1989 3134 2117 3182 sunt

2226 3121 2314 3174 τοῦ
2348 3118 2510 3192 Υίοῦ,
2545 3123 2637 3177 τοῦ
2667 3105 2905 3196 Πατρός.
2962 3114 3250 3185 Δοξάζεται
3291 3105 3381 3175 οὖν
3415 3119 3444 3175 6
3476 3105 3602 3184 Υἱὸς
3631 3117 3684 3176 ἐν
3715 3118 3827 3186 τοῖς

510 3212 708 3269 Patris.
754 3215 992 3269 Tantam
1039 3211 1184 3268 enim
1235 3211 1494 3268 omnium
1550 3220 1884 3284 potestatem
1926 3212 2114 3282 habet,

510 3311 775 3375 quantam
795 3310 852 3358 et
880 3302 1049 3374 730
1074 3305 1254 3358 Pater.

574 3393 754 3449 Vnns.
802 3397 886 3461 11,
933 3397 1019 3447 12.
1056 3415 1081 3440 «ι
1134 3394 1204 3448 Et
1222 3391 1344 3464 jam
1381 3408 1498 3450 non
1535 3408 1660 3450 sum
1689 3392 1745 3449 in
1776 3392 1988 3451 mundo
2020 3415 2032 3451 :
2063 3403 2118 3450 et

506 3479 563 3537 hi
589 3481 647 3538 in
671 3481 882 3538 mundo
905 3490 1057 3550 sunt,
1089 3489 1146 3538 et
1173 3497 1275 3554 ego
1304 3481 1379 3538 ad
1413 3491 1470 3540 te
1498 3483 1680 3539 venio.
1713 3487 1873 3540 Pater
1903 3492 2112 3553 sancte,

503 3587 660 3628 serva
685 3587 781 3628 eos
809 3587 904 3644 per
927 3587 1135 3629 nomen
1153 3580 1334 3645 tuum,
1365 3588 1507 3645 quos
1527 3572 1724 3630 dedisti
1746 3572 1908 3643 mihi,
1932 3582 1992 3630 ut
2005 3574 2118 3631 sint

503 3677 679 3718 unum
707 3662 846 3718 sicut
886 3670 943 3718 et
968 3677 1090 3720 nos.
1125 3663 1264 3719 Cum
1315 3678 1492 3720 essem
1518 3678 1646 3720 cum
1689 3663 1764 3720 eis
1788 3663 1845 3720 in
1875 3663 2109 3733 mundo,

501 3767 601 3825 ego
625 3751 910 3808 servabam
933 3768 1029 3810 eos
1055 3752 1117 3808 in
1166 3752 1396 3810 nomine
1418 3760 1539 3810 tuo.
1576 3777 1601 3802 ιο
1631 3753 1816 3824 Quare
1847 3755 2110 3811 continuo

502 3840 660 3912 dicit,
677 3865 702 3891 ει
720 3845 849 3898 Jam
869 3859 983 3899 non
1001 3857 1126 3899 sum
1141 3841 1202 3898 in
1224 3842 1462 3910 mundo,
1491 3867 1515 3892 ιι
1543 3851 1620 3912 et,
1651 3866 1678 3892 ι
1703 3843 1935 3914 Quando
1955 3860 2108 3901 eram

501 3947 629 3988 cum
665 3931 748 3988 eis
790 3932 845 3987 in
884 3932 1132 3988 mundo?
1167 3955 1192 3981 ιο
1224 3931 1502 3989 Videntur
1537 3932 1694 3989 enim
1734 3933 2107 3990 contradicto-

501 4020 583 4076 ria
611 4037 725 4077 non
779 4020 1127 4078 examinanti.
1161 4021 1285 4078 Alio
1315 4021 1465 4077 enim
1513 4022 1636 4078 loco
1676 4021 1934 4094 promisit
1978 4023 2056 4079 eis
2090 4044 2103 4081 :

506 4132 532 4158 ιι
576 4112 687 4166 Ero
710 4109 1014 4178 vobiscum,
1042 4118 1099 4166 et
1133 4109 1387 4167 videbitis
1414 4125 1504 4166 me
1527 4111 1602 4148 ⁸⁵⁸
1637 4129 1654 4166 :
1684 4133 1709 4159 ι
1749 4127 1898 4167 nunc
1919 4120 2105 4168 autem

504 4197 608 4255 alia
637 4199 856 4255 videtur
881 4198 1082 4255 dicere.
1129 4201 1323 4256 Potest
1351 4200 1523 4271 igitur
1563 4215 1690 4256 vere
1716 4198 1822 4256 dici
1857 4201 2010 4273 quod
2036 4201 2106 4258 ad

506 4289 753 4361 ipsorum
783 4295 1026 4345 mentem
1066 4289 1170 4345 ista
1217 4290 1554 4361 loqueretur.
1585 4292 1727 4346 Nam
1764 4290 1895 4364 quia
1923 4291 2107 4348 verisi-

504 4379 638 4434 mile
665 4385 785 4435 erat
809 4379 1018 4435 tristari
1042 4394 1164 4446 eos,
1196 4387 1389 4451 utpote
1417 4379 1512 4452 qui
1536 4379 1986 4452 relinquebantur
2012 4380 2106 4438 ad-

2223 3211 2314 3266 τοῦ
2351 3206 2584 3288 Πατρός.
2632 3206 2918 3281 Τοσαύτην
2967 3205 3071 3288 γὰρ
3116 3205 3353 3276 ἐξουσίαν
3401 3205 3516 3287 ἔχει
3561 3205 3819 3286 πάντων,

2224 3295 2352 3368 ὅσην
2384 3297 2476 3356 καὶ
2509 3301 2538 3356 6
2565 3294 2786 3378 Πατήρ.

2312 3411 2336 3439 α
2375 3388 2486 3447 Καὶ
2531 3388 2627 3447 οὐκ
2655 3371 2748 3445 ἔτι,
2777 3386 2889 3466 εἰμὶ
2919 3389 2972 3446 ἐν
3001 3389 3078 3467 τῷ
3115 3385 3320 3468 κόσμῳ*
3352 3383 3444 3445 καὶ
3481 3371 3625 3446 οὗτοι
3653 3388 3705 3448 ἐν
3739 3390 3820 3471 τῷ

2223 3475 2409 3557 κόσμῳ
2439 3475 2540 3534 εἰσὶ
2559 3523 2577 3552 ,
2611 3476 2703 3536 καὶ
2734 3476 2839 3556 ἐγὼ
2878 3478 3006 3556 πρὸς
3035 3475 3095 3535 σὲ
3126 3475 3375 3557 ἔρχομαι.
3451 3475 3636 3557 Πάτερ
3677 3476 3830 3557 ἅγιε,

2222 3565 2454 3648 τήρησον
2489 3563 2677 3634 αὐτοὺς
2707 3568 2760 3626 ἐν
2789 3569 2866 3648 τῷ
2895 3565 3119 3644 ὀνόματί
3149 3589 3274 3638 σου,
3299 3565 3386 3633 οὓς
3415 3563 3650 3635 δέδωκάς
3693 3592 3822 3647 μοι,

2218 3643 2307 3712 ἵνα
2339 3643 2470 3714 ὦσιν
2505 3654 2563 3714 ἓν
2590 3655 2764 3725 καθὼς
2802 3643 2998 3734 ἡμεῖς.
3024 3651 3164 3717 Ὅτε
3212 3655 3360 3733 ἤμην
3397 3657 3514 3732 μετ’
3561 3643 3740 3716 αὖτιῦν
3772 3643 3826 3718 ἐν

2217 3746 2294 3825 τῷ
2320 3743 2530 3827 κόσμῳ,
2567 3745 2672 3824 ἐγὼ
2707 3745 2930 3828 ἐτήρουν
2963 3745 3152 3814 αὐτοὺς
3181 3748 3235 3805 ἐν
3267 3749 3343 3825 τῷ
3373 3743 3601 3822 ὀνόματί
3631 3770 3748 3808 σου.
3794 3779 3820 3802 ι

2216 3833 2372 3901 Τίνος
2401 3832 2574 3894 ἕνεκεν
2607 3839 2842 3916 συνεχῶς
2871 3840 3030 3895 τοῦτο
3060 3859 3214 3917 φησι,
3246 3836 3307 3896 τὸ
3325 3882 3343 3913 ,
3387 3862 3410 3887 α
3440 3839 3559 3896 Οὐκ
3582 3833 3663 3894 ἔτι
3696 3836 3822 3917 εἰμὶ

2217 3924 2271 3981 ἐν
2302 3927 2378 4004 τῷ
2427 3929 2651 4007 κόσμῳ,
2691 3953 2716 3978 ιι
2768 3927 2896 4004 καὶ,
2937 3953 2964 3979 «ι
2997 3925 3132 3986 Ὅτε
3171 3925 3318 4003 ἤμην
3364 3927 3478 4004 μετ’
3537 3928 3710 3985 αὐτῶν
3768 3931 3825 3988 ἐν

2215 4017 2292 4092 τῷ
2321 4012 2550 4094 κόσμῳ;
2581 4043 2605 4068 ιι
2637 4015 2936 4077 Φαίνονται
2967 4015 3072 4096 γὰρ
3115 4013 3322 4088 ἄτοπα,
3369 4013 3418 4074 εἴ
3460 4037 3538 4082 τις
3569 4013 3823 4085 ἀνεξετά·

2217 4125 2351 4171 στως
2401 4109 2571 4163 ταῦτα
2623 4105 2916 4185 ἐκδέχοιτο.
2971 4104 3234 4186 Ἀλλαχοῦ
3265 4103 3370 4186 γὰρ
3399 4103 3664 4184 ὑπίσχετο
3712 4109 3823 4166 αὖ·

2212 4199 2356 4266 τοῖς,
2387 4189 2466 4252 ὅτι
2508 4222 2534 4247 ιι
2565 4191 2806 4272 Ἕσομαι
2835 4197 2952 4272 μεθ’
2979 4197 3127 4274 ὑμῶν
3147 4240 3164 4273 ,
3197 4221 3221 4248 ι
3268 4195 3366 4254 καὶ
3395 4192 3478 4254 ὅτι
3517 4223 3541 4246 α
3570 4188 3816 4308 Ὀιδιεσθέ

2217 4305 2245 4308 _-
2260 4304 2297 4308 __
2399 4305 2407 4308 -
2426 4287 2460 4308 δ’
2543 4283 2587 4308 θὶ
2651 4284 2694 4308 ῚῚ
2708 4287 2727 4308 Ἴ
2907 4284 2920 4305 Ι
3113 4288 3134 4308 \
3158 4283 3174 4304 ’
3359 4282 3434 4308 νη
3454 4307 3465 4308 γ
3612 4307 3619 4308 ,
3789 4285 3805 4308 ἱ

2213 4304 2298 4359 με·
2336 4310 2360 4335 ι»
2399 4287 2490 4341 νῦν
2537 4283 2594 4342 δὲ
2638 4284 2777 4344 ἄλλα
2823 4284 3066 4366 φαίνεται
3113 4283 3304 4364 λέγων.
3359 4282 3554 4344 Ἔστιν
3602 4282 3694 4344 οὖν
3751 4285 3818 4346 τὸ

2214 4371 2408 4443 ἀληθὲς
2459 4374 2658 4448 εἰπεῖν,
2689 4374 2772 4435 ὅτι
2816 4376 2949 4455 πρὸς
2998 4372 3092 4446 τὴν
3135 4375 3306 4432 αὐτῶν
3357 4371 3593 4433 διάνοιαν
3640 4379 3820 4435 ταῦτα

491 4467 676 4541 jutore
698 4467 972 4537 deatituti,
995 4468 1245 4526 ostendit
1263 4468 1413 4541 quod
1437 4470 1587 4526 Patri
1607 4485 1703 4526 eos
1725 4470 2104 4541 commendet,

2226 4459 2520 4543 φθέγγεται.
2561 4463 2720 4524 Ἐπεὶ
2759 4463 2864 4546 γὰρ
2891 4464 3026 4532 εἰκὸς
3058 4455 3123 4537 ἦν
3163 4463 3356 4531 αὐτοὺς
3387 4465 3707 4542 ἀδημονεῖν,
3746 4470 3820 4532 ὡς

497 4566 551 4614 et
567 4557 721 4616 illum
745 4557 1035 4616 custodem
1057 4559 1134 4616 eis
1161 4557 1444 4632 praeﬁciat,
1461 4567 1515 4615 et
1533 4562 1754 4616 Patrem
1773 4561 2102 4634 alloquatur,

495 4647 721 4705 dicens:
747 4648 887 4718 Quia
916 4665 948 4705 a
973 4655 1029 4704 te
1057 4664 1246 4718 vocor,
1277 4672 1302 4698 σ
1331 4665 1487 4707 serva
1516 4650 1630 4721 ipse
1653 4650 1778 4707 illos
1796 4650 1856 4706 in
1878 4651 2106 4708 nomine

497 4744 618 4807 tuo,
656 4757 686 4792 ν
733 4738 840 4794 hoc
881 4747 984 4808 est,
1019 4754 1117 4810 per
1155 4747 1316 4796 tuum
1354 4739 1697 4813 adjutorium
1743 4748 1800 4796 et
1841 4740 2102 4798 virtutem

498 4843 667 4900 quam
709 4826 907 4885 dedisti
957 4827 1112 4884 mihi.
1163 4830 1438 4900 Quaenam
1474 4839 1661 4886 autem
1691 4838 1777 4887 est
1813 4829 2104 4888 custodia?

500 4940 527 4967 α
568 4919 649 4975 Ut
675 4917 790 4974 sint
827 4933 1015 4974 unum.
1051 4941 1077 4967 υ
1110 4921 1252 4976 Nam
1297 4919 1342 4975 si
1371 4919 1698 4977 charitatem
1729 4919 1869 4977 inter
1907 4935 1968 4977 se
1998 4920 2103 4977 ha—

493 5006 736 5078 buerint,
783 5018 838 5064 et
864 5024 978 5064 non
1019 5006 1224 5066 fuerint
1266 5009 1572 5079 discordes,
1606 5010 1795 5068 invicti
1832 5019 2018 5079 erunt,
2051 5017 2104 5066 et

494 5097 630 5154 nihil
677 5099 756 5155 eis
797 5097 1128 5171 prtevalebit.
1177 5101 1305 5156 Non
1345 5100 1664 5172 simpliciter
1714 5107 1900 5157 autem
1945 5125 1970 5150 ιι
2020 5102 2101 5156 Ut

491 5189 604 5245 sint
637 5205 832 5258 unum,
860 5213 886 5240 ιο
911 5189 1011 5246 sed
1034 5189 1186 5246 Sicut
1215 5206 1316 5263 ego
1337 5198 1396 5246 et
1419 5199 1502 5259 tu,
1530 5205 1710 5248 unum
1742 5191 2014 5262 sapientes
2044 5197 2103 5247 et

493 5295 667 5335 unum
703 5280 971 5350 volentes,
999 5279 1087 5336 illa
1124 5295 1219 5336 eos
1241 5279 1536 5336 concordia
1577 5279 1875 5336 custodiet.
1909 5283 2098 5354 Itaque

495 5376 558 5424 ut
575 5369 888 5426 consoletur
910 5385 1006 5426 eos
1032 5371 1253 5426 Patrem
1289 5377 1410 5426 orat
1446 5386 1546 5442 pro
1587 5367 1845 5427 custodia
1879 5386 2096 5428 eorum.

492 5459 634 5514 Nam
669 5459 715 5514 si
743 5458 1012 5516 dixisset:
1059 5463 1171 5532 Ego
1217 5458 1528 5516 custodiam
1557 5476 1674 5529 vos,
1721 5475 1836 5516 non
1864 5461 1945 5517 sic
1975 5477 2095 5517 cre-

493 5546 797 5604 didissent:
843 5565 992 5606 nunc
1037 5558 1228 5608 autem
1251 5549 1385 5608 dum
1413 5552 1640 5608 Patrem
1683 5566 1783 5623 pro
1831 5550 1910 5608 eis
1940 5560 2099 5625 rogat

565 5669 655 5709 “5*
673 5675 814 5731 Joan
828 5715 843 5731 .
875 5687 1008 5745 xw,
1038 5681 1115 5732 "1

2216 4553 2848 4632 ἐγκαταλιμπανομένους
2921 4552 3150 4633 ἐρήμους
3243 4557 3458 4632 βοηθοῦ·
3540 4553 3811 4616 δείκνυσιν

2216 4643 2426 4717 αὐτοῖς,
2459 4641 2541 4702 ὅτι
2570 4647 2645 4726 τῷ
2684 4642 2868 4723 Πατρὶ
2901 4642 3085 4712 αὐτοὺς
3127 4643 3520 4725 παρατίθεται,
3556 4645 3648 4703 καὶ
3681 4651 3811 4705 τοῦ·

2213 4755 2302 4791 τον
2337 4729 2550 4812 φύλακα
2577 4735 2752 4800 αὐτοῖς
2777 4735 2965 4816 ἐφιστᾷ
2986 4776 3002 4807 ,
3037 4733 3129 4793 καὶ
3155 4736 3231 4815 τῷ
3258 4732 3437 4813 Πατρὶ
3463 4732 3772 4813 διαλέγεται
3793 4782 3811 4810 ,

2211 4817 2291 4881 ὅτι
2320 4822 2547 4897 Ἐπειδὴ
2595 4821 2726 4903 πρὸς
2758 4824 2982 4882 σεαυτὸν
3026 4822 3089 4883 σό
3137 4847 3203 4902 με
3247 4824 3463 4897 καλεῖς,
3505 4849 3530 4877 ι
3575 4821 3813 4904 φύλαξον

2206 4911 2418 4979 τούτους
2443 4913 2597 4980 αὐτὸς
2619 4914 2672 4971 ἐν
2705 4917 2782 4995 τῷ
2811 4913 3032 4992 ὀνόματί
3060 4937 3172 4974 σου·
3209 4942 3233 4968 »
3269 4913 3551 4988 τουτέστι,
3582 4912 3685 4974 Διὰ
3709 4919 3814 4988 τῆς

2211 5005 2307 5074 σῆς
2334 5001 2578 5081 βοηθείας
2616 5003 2708 5062 καὶ
2747 5003 3020 5080 δυνάμεως
3041 5047 3056 5076 ,
3111 5004 3178 5077 ἣν
3211 5003 3444 5072 δέδωκάς
3472 5027 3585 5081 μοι.
3613 5003 3713 5070 Τίς
3754 5005 3816 5064 δέ

2211 5095 2351 5152 ἐστιν
2373 5096 2402 5164 ἡ
2425 5091 2671 5169 φυλακής
2695 5120 2719 5147 α
2735 5090 2855 5154 Ἵνα
2872 5081 3004 5153 ὦσιν
3020 5093 3098 5155 ἔν.
3121 5121 3145 5145 ι
3163 5093 3294 5156 Ἐὰν
3315 5093 3419 5174 γὰρ
3439 5093 3654 5173 ἀγάπην
3677 5092 3816 5174 ἔχω-

2209 5203 2262 5239 σι
2297 5181 2430 5260 πρὸς
2467 5182 2752 5259 ἀλλήλους,
2785 5185 2877 5244 καὶ
2904 5184 2980 5262 μὴ
3012 5183 3470 5246 διαστασιάσωσιν
3489 5231 3507 5262 ,
3534 5184 3808 5258 ἀήττητοι

2207 5270 2441 5356 ἔσονταῇ
2470 5273 2562 5332 καὶ
2593 5272 2740 5333 οὐδὲν
2775 5275 2950 5335 αὐτῶν
2999 5277 3275 5356 κρατήσει.
3319 5276 3446 5356 Οὖχ
3488 5274 3675 5343 ἅπλῶς
3719 5275 3807 5351 δὲ,

2207 5389 2232 5416 α
2260 5357 2381 5423 Ἵνα
2401 5351 2531 5422 ὦσιν
2561 5362 2638 5439 ἓν,
2670 5390 2691 5415 ο
2721 5363 2885 5444 ἀλλὰ,
2914 5351 3107 5433 Καθὼς
3139 5363 3244 5446 ἐγὼ
3269 5365 3359 5426 καὶ
3387 5351 3473 5440 ὦ,
3505 5365 3566 5424 τὸ
3595 5362 3652 5424 ἓν
3680 5389 3808 5447 φρο-

2205 5457 2444 5528 νοῦντες,
2488 5454 2550 5514 τὸ
2599 5453 2656 5513 ἓν
2718 5453 2975 5523 θέλοντες.
3057 5457 3234 5516 Τοῦτο
3275 5454 3379 5536 γάρ
3439 5457 3581 5517 ἔστιν
3628 5457 3812 5526 αὐτοῖς

2169 5540 2600 5626 ’φυλακτήριον,
2633 5547 2668 5616 ἡ
2701 5541 2941 5623 ὁμόνοια.
2993 5542 3116 5606 Ἵνα
3171 5537 3260 5606 οὖν
3307 5545 3496 5614 αὖτοὺς
3545 5569 3805 5628 παραμυ-
