4128 6438
523 468 628 520 235

1549 457 2059 516 THEOPHYLACTI
2097 453 2453 511 BULGARle
2488 453 2799 511 ARCHIEP.

3729 453 3847 508 236

522 588 652 646 dem
687 586 756 645 de
781 593 980 644 natura
1011 585 1218 655 dicens,
1246 584 1398 658 quod
1442 599 1506 641 ex
1540 585 1862 642 hominibus
1897 583 2028 648 sint,
2073 597 2099 639 e

2207 644 2208 647 η
2239 580 2472 648 δέδωκάς
2517 605 2608 657 μοι
2655 582 2713 638 ἐκ
2759 583 2850 638 τοῦ
2883 577 3124 657 κόσμου,
3159 577 3240 636 σοὶ
3281 569 3452 651 ἦσαν;
3483 602 3508 629 ι
3543 574 3694 637 Ἐκεῖ
3734 575 3842 652 μὲν

522 694 648 750 pars
676 677 877 734 mundi
908 695 922 732 :
947 676 1053 733 hoc
1082 685 1268 732 autem
1291 677 1412 732 loco
1441 685 1687 731 mentem
1707 683 1762 731 et
1783 675 2119 730 voluntatem

519 767 812 839 signiﬁcat,
846 767 1033 823 dicens
1062 766 1212 837 quod
1252 765 1323 821 de
1358 765 1564 821 mundo
1604 779 1718 820 non
1755 765 1887 820 sint.
1929 765 2120 833 Neque

520 857 708 913 turbet
749 865 802 912 te
841 855 988 928 quod
1031 855 1163 911 dicit
1195 873 1208 910 :
1257 879 1281 902 α
1320 855 1472 911 Sicut
1512 870 1612 927 ego
1651 870 1719 910 ex
1753 852 1966 909 mundo
2006 867 2120 906 non

521 961 666 1002 sum.
696 967 720 994 ι
744 948 869 1002 Non
900 945 1050 1000 enim
1075 945 1151 1000 sic
1179 943 1405 1000 fuerunt
1429 944 1604 999 sancti
1633 942 1891 1015 apostoli,
1917 951 1972 998 et
2008 957 2120 996 non

524 1035 816 1108 participes
887 1033 1244 1090 affectionum
1318 1033 1544 1102 mundi,
1611 1034 1755 1090 sicut
1814 1031 2115 1088 Dominus.

526 1147 554 1174 ι
595 1127 716 1196 Ipse
735 1125 882 1181 enim
907 1132 1191 1196 peccatum
1219 1140 1329 1180 non
1361 1122 1508 1191 fecit,
1539 1139 1719 1195 neque
1749 1122 2006 1178 inventus
2037 1128 2120 1177 est

515 1213 576 1270 in
609 1230 706 1270 ore
741 1214 858 1286 ejus
884 1213 1046 1271 dolus
1081 1212 1125 1247 ⁸⁸
1168 1232 1181 1269 :
1214 1237 1239 1263 υ
1279 1213 1358 1268 illi
1389 1223 1577 1270 autem
1621 1213 1880 1269 humanae
1907 1219 2118 1267 naturae

516 1302 900 1360 inﬁrmitatem
953 1319 1066 1359 non
1121 1301 1348 1360 fuerunt
1395 1302 1746 1375 transgressi.
1816 1305 1898 1358 Ne
1954 1301 2119 1371 igitur

513 1408 643 1449 cum
673 1392 899 1462 dicitur,
936 1415 962 1441 ‹‹
998 1393 1152 1448 Sicut
1173 1408 1274 1465 ego
1301 1408 1415 1448 non
1448 1408 1574 1448 sum
1606 1409 1669 1448 ex
1699 1390 1937 1459 mundo,
1981 1414 2008 1440 π
2041 1390 2120 1445 in-

514 1483 729 1555 telligas
758 1482 905 1556 quod
936 1482 995 1538 in
1035 1482 1189 1538 nullo
1229 1484 1469 1538 minores
1501 1481 1704 1538 fuerint
1734 1481 1969 1554 apostoli
1997 1484 2113 1538 Do-

512 1572 698 1641 mino;
725 1573 820 1629 sed
835 1571 1057 1645 quando
1081 1572 1150 1628 de
1171 1575 1331 1628 Patre
1356 1582 1409 1628 et
1430 1572 1573 1628 Filio
1595 1571 1812 1638 dicitur,
1844 1595 1866 1619 α
1895 1573 2056 1637 sicut,
2086 1594 2112 1620 »

511 1668 643 1718 tunc
661 1661 840 1718 solum
863 1661 1229 1734 aequalitatem
1251 1661 1512 1734 intellige.
1535 1661 1700 1730 Quod
1724 1669 1908 1716 autem
1935 1660 2071 1716 dicit
2099 1681 2111 1716 :

517 1773 544 1800 ι
586 1755 710 1808 Non
752 1767 886 1824 rogo
924 1759 986 1807 ut
1014 1751 1178 1808 tollas
1219 1767 1314 1807 eos
1342 1767 1407 1806 ex
1439 1751 1671 1819 mundo,
1708 1773 1735 1800 σι
1765 1750 1900 1805 dicit
1929 1750 2117 1806 volens

510 1839 791 1896 declarare
817 1857 977 1896 suam
1005 1856 1132 1913 erga
1165 1856 1260 1897 eos
1285 1841 1638 1907 charitatem,
1672 1849 1728 1895 et
1752 1840 1902 1912 quod
1931 1840 2112 1912 magni
2145 1881 2193 1944 B

508 1929 733 1986 illorum
780 1946 969 1985 curam
1015 1929 1198 2000 faciat,
1229 1930 1571 1986 intercedens
1597 1935 1750 1984 tanto
1796 1928 1980 1984 studio
2012 1945 2110 2000 pro

509 2019 607 2075 eis.
637 2021 760 2076 Non
791 2020 943 2075 enim
974 2023 1193 2074 Patrem
1237 2019 1400 2074 docet
1433 2034 1530 2090 pro
1576 2019 1773 2090 quibus
1805 2026 1945 2086 oret,
1979 2035 2110 2074 nam

509 2108 618 2164 hoc
650 2108 976 2176 absurdum,
1019 2107 1114 2163 sed
1164 2111 1246 2175 (ut
1274 2109 1432 2173 dixit)
1485 2107 1725 2162 ostendit
1773 2107 1917 2178 quod
1954 2107 2111 2163 valde

511 2197 703 2260 diligat
731 2197 1047 2267 discipulos,
1075 2204 1130 2251 et
1155 2197 1378 2252 illorum
1409 2205 1534 2268 agat
1559 2213 1770 2252 curam.
1803 2197 1953 2252 Dicit
1979 2213 2108 2270 ergo

509 2287 694 2342 Patri:
718 2311 740 2334 α
765 2287 887 2341 Non
908 2302 1042 2357 rogo
1061 2294 1120 2340 ut
1139 2287 1300 2341 tollas
1324 2301 1417 2341 eos
1436 2285 1502 2342 de
1521 2285 1750 2354 mundo,
1776 2285 1870 2341 sed
1893 2295 2055 2341 uteos
2082 2311 2106 2334 η

508 2374 567 2430 in
594 2375 798 2431 mundo
817 2391 943 2431 cum
969 2376 1074 2430 sint
1104 2397 1129 2424 ‹‹
1160 2391 1340 2430 serves
1365 2391 1398 2431 a
1430 2375 1597 2430 malo.
1623 2395 1650 2426 »
1677 2376 1900 2446 Repetit
1924 2375 2107 2447 igitur,

513 2486 540 2513 α
581 2466 664 2519 Ex
707 2464 916 2520 mundo
951 2480 1063 2520 non
1113 2472 1262 2533 sunt,
1311 2487 1335 2513 η
1388 2465 1564 2520 multo
1611 2463 1857 2520 subsidio
1901 2464 2109 2521 habent

506 2569 664 2626 opus.
696 2553 844 2610 Nihil
875 2554 1022 2609 enim
1051 2570 1348 2610 commune
1393 2553 1596 2610 habent
1633 2569 1760 2609 cum
1790 2563 1956 2622 terra,
1988 2571 2103 2611 ca:-

505 2642 687 2699 lorum
733 2641 858 2698 facti
892 2644 1034 2699 cives
1081 2661 1096 2699 :
1137 2651 1193 2700 et
1235 2644 1308 2698 ita
1351 2644 1473 2715 quia
1529 2644 1772 2699 mundus
1816 2645 2000 2700 omnis
2047 2652 2107 2700 ut

504 2731 695 2788 alienis
723 2748 922 2788 usurus
951 2741 1034 2788 est
1076 2733 1176 2800 eis,
1225 2740 1286 2788 tu
1333 2733 1566 2789 caelestis
1594 2733 1824 2804 posthac
1865 2741 1929 2788 ut
1975 2734 2104 2790 coeli

504 2821 652 2877 cives
689 2837 895 2877 serves.
929 2821 1081 2876 Dicit
1109 2829 1294 2878 autem
1323 2823 1449 2877 talia
1494 2822 1839 2878 audientibus
1866 2822 2104 2895 discipu-

504 2909 592 2979 lis,
622 2919 685 2966 ut
710 2911 882 2982 magis
911 2910 1039 2966 odio
1069 2909 1304 2966 habeant
1346 2911 1638 2977 mundum,
1669 2919 1725 2966 et
1754 2927 1867 2967 non
1897 2911 2107 2968 fmdent

505 3014 570 3055 ac
599 2997 835 3070 perdant
855 3007 1034 3054 tantas
1062 3015 1190 3056 suas
1214 2999 1420 3056 laudes.
1453 2999 1596 3056 Illud
1619 3008 1803 3056 autem
1831 3019 1846 3056 :
1881 3023 1906 3050 ι
1940 3003 2103 3058 Serva

501 3103 598 3147 eos
643 3104 675 3145 a
706 3090 870 3157 malo,
922 3113 947 3138 ι»
979 3105 1091 3144 non
1129 3097 1349 3145 tantum
1387 3089 1454 3145 de
1500 3089 1822 3146 liberatione
1874 3106 1904 3146 a
1956 3092 2102 3162 peri-

2231 672 2353 750 περὶ
2384 676 2478 744 τῆς
2507 670 2709 750 φύσεως
2737 668 2904 746 λέγων
2925 713 2943 742 ,
2987 667 3070 726 ὅτι
3117 667 3386 746 ἄνθρωποί
3430 669 3564 739 εἰσι,
3611 666 3703 726 καὶ
3736 671 3840 725 τοῦ

2228 763 2428 836 κόσμου
2489 759 2662 839 μέρος·
2733 761 2954 818 ἐνταῦθα
3026 757 3082 818 δὲ
3146 755 3244 828 τὴν
3296 755 3516 834 γνώμην
3575 756 3668 815 καὶ
3731 755 3838 829 τὴν

2228 851 2533 934 προαίρεσιν
2567 850 2719 921 δηλοῖ
2765 849 2952 926 λέγων’
2991 873 3016 900 αι
3050 847 3176 906 "Ott
3215 848 3312 906 οὐκ
3343 846 3473 905 εἰσὶν
3507 847 3567 904 ἐκ
3611 850 3702 906 τοῦ
3732 845 3839 907 κό-

2229 965 2386 1018 σμου.
2417 969 2442 994 ιο
2488 939 2567 1001 Τὸ
2621 939 2712 1014 δὲ,
2781 962 2812 993 α
2845 935 3037 1005 Καθὼς
3077 935 3183 1015 ἐγὼ
3233 938 3292 996 ἐκ
3344 940 3434 995 τοῦ
3486 935 3837 1018 κόσμουᾼοῦκ

2228 1016 2366 1105 εῖμὶ,
2399 1056 2423 1084 n
2475 1029 2552 1107 μή
2593 1051 2652 1088 σε
2696 1026 3114 1107 διαταραττέτω.
3147 1028 3229 1086 Οὐ
3270 1025 3372 1105 γὰρ
3418 1023 3483 1096 δὴ
3518 1022 3658 1102 ἅγιοι
3685 1016 3832 1097 ἦσαν

2227 1119 2394 1188 οὕτως
2441 1121 2488 1179 οἳ
2525 1118 2846 1190 ἀπόστολοι,
2881 1116 2972 1175 καὶ
3022 1116 3281 1195 ἀμέτοχοι
3326 1117 3430 1172 τῶν
3476 1119 3567 1174 τοῦ
3619 1113 3832 1190 κόσμου

2226 1213 2410 1269 παθῶν
2432 1256 2450 1287 ,
2482 1208 2664 1288 ὥσπερ
2706 1212 2732 1267 ὁ
2781 1207 2993 1285 Κύριος.
3034 1205 3204 1271 Αὐτὸς
3235 1205 3328 1281 μὲν
3359 1202 3461 1284 γὰρ
3483 1230 3508 1257 α
3547 1201 3828 1283 ἁμαρτίαν

2226 1303 2321 1360 οὖκ
2355 1299 2598 1370 ἐποίησεν
2620 1343 2636 1370 ,
2675 1295 2793 1356 οὐδὲ
2823 1297 2971 1362 δόλος
3019 1294 3206 1375 εὑρέθη
3239 1295 3293 1352 ἐν
3337 1295 3413 1374 τῷ
3459 1292 3690 1368 στόματι
3721 1294 3831 1351 αὖ-

2225 1397 2336 1452 τοῖῐ·
2372 1416 2396 1442 ι
2450 1391 2496 1446 οἱ
2533 1387 2587 1446 δὲ
2619 1391 2710 1458 τῆς
2757 1384 3093 1462 ἀνθρωπίνης
3143 1383 3348 1464 φύσεως
3396 1382 3493 1453 τὴν
3541 1382 3827 1442 ἀσθένειαν

2225 1484 2322 1540 οὐκ
2351 1477 2626 1551 ἐξέϐησαν.
2683 1476 2778 1548 Μὴ
2827 1475 2997 1532 τοίνυν
3033 1473 3125 1551 τὸ,
3160 1500 3183 1525 α
3220 1471 3414 1539 Καθὼς
3459 1470 3564 1546 ἐγὼ
3617 1473 3679 1530 ἐκ
3720 1477 3820 1531 τοῦ

2223 1571 2426 1646 κόσμου
2457 1569 2552 1626 οὐκ
2583 1565 2691 1644 εἰμὶ
2711 1613 2727 1638 ,
2761 1591 2786 1617 ι
2823 1563 3088 1636 ἀκούσας,
3117 1563 3311 1642 νοήσῃς
3335 1561 3533 1640 ἀκριϐῆ
3559 1563 3827 1642 ἀπαραλ-

2223 1659 2408 1728 λαξίαν
2439 1661 2542 1715 τῶν
2594 1654 2908 1714 ἀποστόλων
2961 1652 3089 1732 πρὸς
3132 1654 3222 1711 τὸν
3272 1651 3489 1730 Κύριονο
3523 1651 3640 1708 ἀλλ’
3687 1649 3823 1709 ὅταν

2222 1751 2308 1808 ἐπὶ
2338 1753 2428 1806 τοῦ
2474 1745 2689 1824 Πατρὸς
2737 1743 2828 1802 καὶ
2881 1744 3044 1802 αὐτοῦ
3085 1741 3305 1820 λέγηται
3348 1742 3439 1819 τὸξ,
3483 1767 3505 1792 ι
3538 1738 3739 1812 καθὼς,
3781 1762 3817 1799 υ

2221 1838 2337 1896 τότε
2384 1837 2542 1914 μόνον
2588 1835 2682 1906 τὴν
2716 1834 2938 1906 ἰσότητα
2967 1832 3094 1890 νόει.
3146 1833 3228 1892 Τὸ
3260 1829 3346 1914 δὲ,
3385 1859 3406 1883 α
3449 1831 3567 1892 Οὔκ
3598 1831 3824 1910 ἐρωτῶ,

2218 1927 2302 1986 ἵνα
2347 1928 2478 2006 ἄρῃς
2511 1923 2696 1990 αὐτοὺς
2729 1925 2789 1981 ἐκ
2827 1931 2919 1982 τοῦ
2950 1923 3183 1998 κόσμου,
3218 1948 3243 1973 ιο
3299 1911 3411 1978 εἶπε
3435 1967 3452 1994 ,
3507 1919 3675 1979 θέλων
3729 1920 3826 1978 ἐν·

2220 2017 2488 2086 δείξασθαι
2532 2013 2626 2086 τὴν
2671 2014 2800 2091 περὶ
2844 2011 3030 2078 αὐτοὺς
3077 2011 3329 2089 ἀγάπην,
3363 2009 3452 2068 καὶ
3494 2008 3576 2066 ὅτι
3609 2009 3822 2082 πολλὴν

2219 2109 2390 2165 αὐτῶν
2424 2105 2653 2164 ποιεῖται
2692 2100 2785 2172 τὴν
2821 2102 3104 2181 πρόνοιαν,
3129 2101 3190 2158 τὸ
3490 2097 3628 2175 μετὰ
3664 2101 3822 2177 ἀκριο

2219 2196 2364 2264 ϐείας
2420 2197 2689 2252 ποιεῖσθαι
2744 2191 2839 2262 τὴν
2893 2190 3024 2270 ὑπὲρ
3075 2191 3246 2249 αὐτῶν
3306 2188 3671 2268 παράκλησιν.
3729 2189 3819 2248 Οὖ

2216 2286 2318 2364 γὰρ
2375 2284 2438 2354 δὴ
2490 2284 2577 2341 τὸν
2641 2284 2862 2361 Πατέρα
2916 2281 3153 2338 διδάσκει
3206 2279 3326 2358 περὶ
3384 2279 3518 2344 τίνος
3585 2281 3824 2336 αἰτεῖται

2215 2359 2403 2455 (τοῦτο
2441 2372 2545 2451 γὰρ
2573 2359 2823 2450 ἄτοπον),
2886 2369 3002 2427 ἀλλ’
3034 2368 3165 2448 ὅπερ
3215 2359 3361 2426 εἷπον
3387 2412 3406 2446 ,
3440 2367 3690 2426 δεικνύων
3733 2365 3823 2426 ὅτι

2217 2469 2538 2544 ὕπεραγαπᾷ
2590 2460 2707 2528 τοὺς
2764 2458 3047 2535 μαθητὰς,
3109 2458 3200 2516 καὶ
3259 2466 3564 2538 προνοεῖται
3607 2458 3824 2532 αὐτῶν,

2216 2557 2346 2636 φησὶ
2398 2559 2565 2610 ταῦτα
2611 2552 2738 2628 πρὸς
2774 2551 2861 2609 τὸν
2920 2548 3156 2627 Πατέρα.
3232 2576 3258 2599 σι
3295 2549 3416 2607 Οὖκ
3466 2551 3676 2629 ἐρωτῶ,
3724 2547 3823 2607 ἵνα

2215 2643 2346 2723 ἄρῃς
2372 2640 2556 2708 αὐτοὺς
2589 2643 2647 2698 ἐκ
2675 2645 2766 2698 τοῦ
2799 2640 3031 2714 κόσμου,
3062 2639 3183 2696 ἀλλ’
3220 2635 3306 2696 ἵνα
3327 2683 3342 2710 ,
3379 2665 3404 2690 ι
3437 2640 3490 2696 ἐν
3521 2641 3596 2716 τῷ
3627 2636 3823 2723 κόσμζῳ

2213 2735 2394 2806 ὄντας,
2457 2753 2485 2788 (‹
2523 2729 2758 2809 τηρήσῃς
2813 2728 2920 2785 ἀπὸ
2974 2731 3064 2786 τοῦ
3118 2733 3374 2808 πονηροῦ.
3406 2748 3436 2785 ι)
3494 2727 3672 2788 Πάλιν
3720 2717 3819 2787 οὖν

2212 2819 2668 2897 ἐπαναλαμϐάνει·
2721 2846 2744 2871 ιι
2799 2817 2899 2878 Ἐκ
2941 2821 3030 2875 τοῦ
3079 2816 3282 2892 κόσμου
3313 2819 3411 2876 οὐκ
3439 2815 3562 2876 εἰσί.
3599 2839 3626 2874 ι)
3662 2818 3821 2876 Πολ·

2211 2913 2334 2984 λῆς,
2379 2911 2540 2990 φησὶ,
2599 2909 2804 2967 δέονται
2865 2907 3212 2987 ἀντιλήψεως.
3258 2907 3428 2966 Οὐδὲν
3476 2905 3580 2985 γὰρ
3636 2907 3820 2974 αὐτοῖς

2213 3003 2326 3060 ἐστι
2373 2999 2542 3058 κοινὸν
2597 2998 2726 3077 πρὸς
2776 2995 2872 3068 τὴν
2939 2999 3058 3074 γῆν·
3107 2999 3211 3054 τῶν
3263 2997 3500 3075 οὐρανῶν
3560 2995 3818 3074 γεγόνασι

2213 3093 2450 3148 πολῖται.
2506 3086 2680 3145 σΩστε
2732 3084 2847 3144 ἐπεὶ
2891 3093 2996 3153 πᾶς
3046 3087 3075 3142 ὁ
3129 3084 3326 3164 κόσμος
3387 3088 3459 3151 ὣς
3517 3083 3818 3165 ἀλλοτρίοις

501 3178 662 3245 culis,
694 3195 885 3234 verum
938 3179 1111 3235 etiam
1160 3177 1228 3235 de
1259 3179 1635 3252 permanentia
1664 3188 1720 3235 et
1754 3180 2016 3238 ﬁrmitate
2046 3182 2099 3238 in

2212 3182 2388 3246 αὐτοῖς
2434 3177 2617 3254 μέλλει
2667 3179 2940 3255 χρῆσθαι,
2989 3174 3052 3234 σὺ
3099 3175 3313 3250 λοιπὸν,
3357 3177 3384 3233 δ
3415 3174 3686 3253 οὐράνιος,
3739 3179 3817 3243 ὣς

497 3267 606 3326 ﬁde
635 3268 783 3324 dicit.
813 3267 980 3350 [inde
1008 3277 1062 3324 et
1089 3268 1276 3325 subdit
1307 3287 1320 3324 :

2208 3267 2640 3350 οὖρανοπολίταις
2677 3265 2964 3344 βοήθησον.
2999 3266 3158 3344 Λέγει
3191 3265 3248 3324 δὲ
3277 3264 3346 3323 τὰ
3376 3269 3598 3324 τοιαῦτα
3642 3286 3809 3323 συνε-

495 3357 750 3439 χέστερον
796 3345 864 3415 ἐν’
899 3356 1113 3431 ἐπηκόω
1163 3362 1268 3416 τῶν
1313 3361 1608 3436 μαθητῶν,
1664 3358 1754 3417 ἵνα
1813 3359 2092 3432 ἀκούοντες
2140 3367 2343 3432 ταῦτα,
2389 3357 2662 3435 μισήσωσι
2720 3356 2807 3414 τὸν
2871 3353 3104 3432 κόσμον,
3146 3355 3237 3413 καὶ
3289 3354 3365 3431 μὴ
3409 3354 3815 3434 καταισχύνωσι

496 3445 566 3505 τὰ
594 3453 830 3507 τοσαῦτα
861 3449 1037 3506 αὑτῶν
1069 3447 1333 3527 ἐγκώμια.
1369 3449 1448 3508 Τὸ
1479 3449 1568 3521 δὲ,
1618 3475 1642 3500 a
1690 3450 1940 3532 Τήρησον
1986 3455 2172 3520 αὐτοὺς
2222 3457 2281 3512 ἐκ
2328 3454 2418 3508 τοῦ
2454 3450 2720 3522 πονηροῦ,
2754 3472 2777 3498 ι
2818 3447 2876 3502 οὖ
2909 3445 3030 3525 περὶ
3060 3448 3150 3517 τῆς
3192 3448 3296 3503 τῶν
3345 3445 3598 3503 κινδύνων
3652 3443 3814 3523 μόνον

497 3539 812 3617 ἀπαλλαγῆς
839 3536 1016 3616 λέγει,
1042 3538 1181 3596 ἀλλὰ
1221 3538 1312 3597 καὶ
1337 3539 1458 3619 περὶ
1487 3543 1578 3609 τῆς
1601 3541 1652 3597 ἐν
1677 3545 1744 3618 τῇ
1772 3541 1950 3600 πίστει
1985 3546 2304 3626 παραμονῆς
2327 3537 2419 3598 καὶ
2447 3541 2787 3626 παγιότητοςῖ
2809 3533 2888 3592 διὸ
2917 3535 3010 3594 καὶ
3038 3534 3292 3626 ἐπιφέρει·

565 3629 730 3682 Vsus.
793 3633 981 3683 17-19.
1035 3650 1061 3675 α
1112 3628 1404 3684 Sanctiﬁca
1449 3644 1545 3684 eos
1587 3629 1645 3683 in
1695 3629 1921 3687 veritate
1967 3642 2086 3690 tua.

492 3718 686 3772 Sermo
732 3724 862 3773 tuus
910 3716 1112 3772 veritas
1141 3726 1242 3772 est.
1281 3717 1446 3789 732
1481 3717 1634 3773 Sicut
1660 3734 1746 3773 me
1798 3720 1999 3777 misisti
2031 3723 2089 3779 in

491 3807 789 3873 mundum,
838 3807 910 3862 ita
960 3815 1015 3862 et
1044 3823 1146 3878 ego
1174 3806 1301 3862 misi
1345 3823 1440 3862 eos
1485 3808 1537 3862 in
1569 3808 1870 3877 mundum;
1903 3821 1958 3866 et
1989 3828 2087 3884 pro

487 3895 567 3950 eis
596 3911 698 3968 ego
737 3895 1018 3952 sanctiﬁco
1060 3897 1358 3967 meipsum,
1392 3905 1455 3952 ut
1493 3904 1548 3952 et
1586 3897 1691 3968 ipsi
1733 3899 1842 3954 sint
1880 3901 2087 3956 sancti-

486 3983 630 4038 ﬁcati
656 3985 711 4038 in
741 3985 987 4040 veritate.
1024 4007 1049 4034 ιι
1079 3985 1304 4040 Sauctos
1325 3985 1430 4052 fac,
1460 3985 1656 4056 inquit,
1689 4003 1784 4058 per
1805 3987 2089 4046 dationem

486 4072 744 4142 Spiritus,
781 4080 835 4128 et
863 4072 1074 4128 custodi
1112 4089 1206 4128 eos
1255 4073 1315 4128 in
1363 4074 1687 4129 rectitudine
1733 4078 2008 4134 sermonis
2035 4087 2091 4134 et

485 4161 830 4232 dogmatum,
883 4169 939 4216 et
969 4161 1124 4216 erudi
1171 4177 1286 4229 eos,
1331 4171 1386 4217 et
1413 4163 1547 4218 doce
1587 4164 1893 4219 veritatem.
1945 4169 2086 4223 San-

486 4248 750 4304 ctilicatio
795 4248 951 4305 enim
997 4259 1081 4306 est
1126 4258 1406 4306 rectorum
1451 4251 1777 4322 dogmatum
1825 4257 2082 4312 servatio.

2287 3654 2314 3688 α
2352 3627 2596 3708 Ἁγίασον
2646 3623 2833 3691 αὐτοὺς
2873 3626 2927 3682 ἐν
2955 3629 3021 3700 τῇ
3065 3625 3288 3704 ἀληθείᾳ
3332 3648 3446 3686 σου.
3485 3622 3556 3685 Ὀ
3579 3622 3734 3702 λόγος
3778 3625 3813 3684 ὃ

2199 3720 2286 3789 σὸς
2321 3718 2542 3789 ἀλήθειά
2571 3719 2704 3775 ἐστι.
2748 3713 2938 3782 Καθὼς
2967 3713 3062 3791 ἐμὲ
3097 3714 3429 3790 ,ἀπέστειλας
3461 3716 3534 3782 εἷς
3576 3713 3666 3772 τὸν
3701 3715 3803 3772 κό-

2198 3834 2364 3888 σμον,
2396 3810 2545 3886 κάγὼ
2591 3803 2882 3863 ἀπέστειλα
2930 3803 3118 3870 αὐτοὺς
3166 3805 3239 3871 εἰς
3286 3805 3374 3864 τὸν
3426 3806 3652 3880 κόσμον·
3677 3803 3807 3888 *καὶ

2198 3900 2330 3980 ὑπὲρ
2366 3899 2536 3954 αὐτῶν
2567 3892 2674 3972 ἐγὼ
2700 3893 2904 3971 ἁγιάζω
2936 3893 3199 3970 ἐμαυτὸν,
3233 3894 3318 3952 ἵνα
3357 3893 3447 3952 καὶ
3480 3894 3636 3952 αὐτοὶ
3669 3881 3809 3952 ὦσιν

2199 3987 2516 4064 ἡγιασμένοι
2571 3989 2623 4041 ἐν
2678 3982 2917 4064 ἀληθείᾳ.
2984 4004 3012 4038 ι
3070 3982 3270 4062 Ἁγίους
3330 3983 3583 4055 ποίησον,
3631 3981 3808 4062 φησὶ,

2199 4079 2285 4136 διὰ
2329 4080 2422 4147 τῆς
2457 4079 2548 4132 τοῦ
2588 4070 2904 4150 Πνεύματος
2944 4072 3174 4147 δόσεως,
3207 4072 3299 4132 καὶ
3345 4071 3574 4154 φύλαξον
3606 4069 3806 4139 αὐτοὺς

2197 4167 2250 4224 ἐν
2295 4170 2361 4246 τῇ
2411 4163 2653 4244 ὀρθότητι
2696 4167 2789 4220 τοῦ
2831 4161 2985 4239 λόγου
3034 4163 3125 4221 καὶ
3167 4165 3271 4221 τῶν
3329 4162 3651 4240 δογμάτων,
3706 4165 3807 4220 καὶ

2197 4255 2478 4314 παίδευσον
2524 4250 2730 4326 αὐτοὺς,
2781 4251 2872 4310 καὶ
2915 4250 3117 4320 δίδαξον
3161 4251 3255 4323 τὴν
3313 4253 3587 4323 ἀλήθειαν·
3637 4255 3803 4309 τοῦτο

486 4339 646 4407 Quod
675 4347 862 4394 autem
887 4338 956 4395 de
985 4338 1262 4411 dogmatis
1283 4339 1448 4407 dicat,
1483 4341 1842 4398 manifestum
1872 4361 1885 4399 :
1919 4345 2082 4402 inter-

2207 4345 2298 4424 γὰρ
2361 4341 2662 4422 ἁγιωσύνη,
2736 4345 2770 4412 ἡ
2825 4344 2930 4400 τῶν
2985 4343 3154 4420 ὀρθῶν
3211 4342 3492 4420 δογμάτων
3553 4339 3801 4420 τήρησις.

482 4435 734 4499 pretatur
759 4428 926 4498 enim,
961 4451 986 4477 σι
1021 4433 1212 4485 Sermo
1249 4437 1380 4486 tuus
1423 4432 1626 4487 veritas
1653 4440 1756 4502 est,
1795 4456 1821 4482 ι
1870 4435 2084 4492 nullum

481 4517 538 4572 in
565 4533 632 4573 eo
668 4517 1018 4574 mendacium
1065 4536 1078 4573 :
1111 4524 1276 4590 atque
1309 4519 1382 4574 ita
1427 4521 1470 4575 si
1510 4529 1566 4576 et
1595 4521 1717 4578 illos
1745 4521 1940 4580 feceris
1967 4541 2084 4582 ser-

481 4622 610 4662 vare
637 4623 955 4663 sermonem
981 4615 1164 4676 tuum,
1190 4616 1247 4664 et
1283 4609 1542 4665 custodiri
1585 4627 1616 4666 a
1641 4613 1810 4680 malo,
1841 4613 1896 4669 in
1936 4615 2081 4671 veri-

479 4703 594 4752 tate
649 4696 1177 4777 sanctiﬁcabuntur.
1220 4699 1504 4771 Signiﬁcat
1568 4709 1756 4757 autem
1823 4711 1879 4758 et
1933 4704 2081 4761 aliud

479 4784 766 4857 quiddam.
803 4808 828 4833 «ι
863 4787 1150 4842 Sanctiﬁca
1172 4804 1266 4843 eos
1296 4789 1350 4843 in
1376 4790 1605 4846 veritate
1634 4799 1749 4859 tua,
1785 4815 1809 4840 ι
1843 4792 1948 4849 hoc
1975 4805 2078 4863 est,

476 4889 668 4946 separa
724 4890 820 4931 eos
870 4876 926 4930 in
987 4878 1214 4933 verbum
1269 4887 1322 4934 et
1369 4880 1839 4950 praedicationem,
1889 4891 1944 4939 et
1993 4885 2077 4940 fac

476 4978 574 5020 eos
597 4963 950 5033 sacriﬁcium,
982 4967 1131 5038 quod
1161 4968 1375 5024 veritati
1415 4978 1526 5025 tua;
1556 4970 1892 5041 ministrent,
1950 4971 2078 5028 huic

476 5069 638 5110 suam
668 5055 842 5110 vitam
871 5065 1220 5114 consecrent.
1251 5057 1448 5115 Subdit
1485 5060 1638 5116 enim
1672 5078 1684 5115 :
1741 5085 1766 5110 σι
1801 5062 1957 5118 Sicut
1982 5079 2075 5120 me

473 5144 674 5200 misisti
723 5145 780 5199 in
853 5147 1148 5215 mundum,
1223 5156 1279 5203 et
1333 5165 1430 5219 pro
1494 5151 1570 5204 eis
1621 5166 1722 5223 ego
1790 5153 2072 5209 sanctiﬁco

471 5235 768 5305 meipsum,
803 5255 828 5282 α
873 5234 980 5290 hoc
1003 5243 1106 5304 est,
1138 5234 1312 5292 offero
1353 5237 1674 5294 sacriﬁcium
1711 5256 1723 5294 :
1765 5239 1839 5294 ita
1870 5249 1924 5297 et
1949 5241 2072 5298 illos

469 5323 772 5393 sanctiﬁca,
801 5323 906 5380 hoe
945 5333 1049 5392 est,
1083 5341 1275 5396 separa
1305 5326 1363 5381 in
1393 5326 1745 5396 sacriﬁcium,
1777 5329 1833 5384 in
1876 5331 2073 5402 praedi-

468 5411 764 5481 cationem,
795 5421 848 5469 et
877 5415 1148 5470 constitue
1192 5431 1288 5472 eos
1317 5415 1556 5472 veritatis
1597 5425 1782 5483 testes,
1829 5420 1974 5476 sicut
2014 5429 2070 5477 et

468 5500 756 5557 memisisti
796 5503 1036 5559 veritatis
1072 5511 1271 5560 testem
1299 5513 1354 5560 et
1394 5505 1646 5562 hostiam.
1689 5511 1887 5564 Sancta
1917 5510 2067 5567 enim

465 5585 723 5646 dicuntur
771 5592 960 5648 omnia
1008 5608 1132 5666 quae
1174 5597 1294 5651 Deo
1325 5596 1586 5668 reposita.
1634 5617 1662 5646 α
1694 5600 1776 5656 Ut
1815 5607 1870 5655 et
1898 5599 1997 5672 ipsi
2034 5624 2058 5648 υ

535 5738 584 5778 ⁸⁸
603 5742 710 5798 Isa.
733 5754 870 5812 ιῐιι,
897 5747 956 5800 ο.

2191 4432 2321 4494 "Ott
2353 4433 2406 4491 δὲ
2437 4430 2560 4509 περὶ
2605 4429 2883 4507 δογμάτων
2921 4429 3097 4508 λέγει,
3129 4431 3304 4502 δῆλον
3337 4429 3614 4510 {mulku
3650 4429 3754 4508 γὰρ
3775 4474 3796 4506 ⁷

2192 4519 2274 4580 ὅτι
2305 4549 2328 4575 α
2362 4520 2431 4582 ⁸0
2459 4521 2608 4597 λόγος
2649 4522 2678 4577 ὁ
2728 4519 2814 4587 σὸς
2862 4517 3084 4591 ἀλήθειά
3137 4523 3306 4594 ἐστιν,
3362 4544 3389 4578 ο
3423 4520 3573 4579 οὐδὲν
3599 4520 3800 4599 ψεῦδος

2192 4613 2246 4670 ἐν
2277 4613 2443 4690 αὐτῷ.
2490 4607 2663 4669 ’Ὠστε
2693 4607 2784 4667 ἐὰν
2822 4609 2916 4668 καὶ
2946 4609 3160 4676 τούτους
3187 4611 3415 4690 ποιήσῃς
3439 4613 3669 4689 τηρῆσαι
3700 4609 3800 4668 τὸν

2190 4700 2343 4776 λόγον
2375 4723 2466 4759 σου
2489 4745 2504 4772 ,
2537 4700 2628 4757 καὶ
2676 4700 3014 4780 φυλαχθῆναι
3057 4698 3163 4758 ἀπὸ
3212 4705 3302 4759 τοῦ
3335 4705 3604 4779 πονηροῦ,
3638 4701 3691 4757 ἐν
3719 4705 3795 4773 τῆ

2189 4790 2406 4870 ἀληθεία
2468 4789 2907 4865 ἆγιασθήσονται.
2953 4791 3122 4862 Δηλοῐ
3167 4788 3222 4847 δὲ
3271 4792 3362 4850 καὶ
3393 4789 3568 4869 ἕτερόν
3611 4811 3663 4847 τι
3693 4789 3796 4862 τὸ,

2193 4901 2221 4935 ι(
2257 4877 2496 4956 Ἁγίασον
2551 4875 2737 4943 αὐτοὺς
2793 4880 2845 4936 ἐν
2879 4883 2942 4957 τῇ
2995 4879 3218 4958 ἀληθεία
3252 4902 3372 4937 σου·
3409 4907 3434 4933 υ
3471 4877 3740 4937 τουτέστιν
3769 4924 3790 4953 ,

2187 4967 2459 5048 Ἀφόρισον
2517 4966 2704 5034 αὐτοὺς
2749 4971 2824 5047 τῷ
2857 4967 2998 5047 λόγῳ
3046 4969 3138 5028 καὶ
3182 4973 3257 5048 τῷ
3300 4968 3645 5049 κηρύγματι,
3696 4971 3797 5030 καὶ

2185 5059 2371 5117 θυσίαν
2405 5055 2590 5124 αὐτοὺς
2635 5057 2877 5129 ποίησον·
2936 5063 3003 5138 τῇ
3051 5061 3272 5140 ἀληθείᾳ
3312 5063 3483 5140 ταύτῃ
3536 5062 3794 5140 λειτουρ-

2182 5151 2532 5225 γησάτωσαν,
2579 5147 2778 5218 ταύτην
2974 5147 3182 5229 ταύτῃ)
3227 5148 3326 5222 τὴν
3386 5148 3585 5208 οἰκείαν
3637 5150 3786 5222 ζωὴν

2183 5240 2659 5318 ἀφιερωσάτωσαν.
2720 5235 2996 5317 Ἐπιφέρει
3029 5244 3172 5316 γοῦν·
3208 5265 3233 5292 α
3271 5241 3464 5307 Καθὼς
3511 5238 3606 5316 ἐμὲ
3639 5240 3786 5300 ἀπέ-

2181 5329 2390 5395 στειλας
2421 5330 2494 5393 εἰς
2520 5325 2610 5384 τὸν
2659 5325 2857 5403 κόσμον
2876 5371 2892 5400 ,
2923 5327 3018 5387 καὶ
3065 5329 3195 5410 ὑπὲρ
3225 5330 3398 5389 αὐτῶν
3429 5327 3536 5409 ἐγὼ
3577 5329 3792 5407 ἁγιάζω

2179 5415 2426 5493 ἐμαυτόνο
2473 5443 2499 5469 ο
2551 5417 2858 5490 τουτέστιν,
2908 5420 3192 5500 προσφέρω
3248 5422 3454 5478 θυσίαν·
3503 5417 3642 5479 οὕτω
3690 5421 3792 5480 καὶ

2181 5527 2210 5563 ε
2270 5505 2460 5573 αὐτοὺς
2515 5504 2783 5584 ἁγίασον,
2842 5533 2868 5560 ι
2925 5511 3229 5585 τουτέστιν,
3273 5509 3522 5591 ἀφόρισον
3589 5509 3782 5570 θυσίαν

2175 5593 2457 5676 ὕπὲρξξτοῦ
2507 5595 2881 5678 κηρύγματος,
2925 5598 3016 5657 καὶ
3063 5603 3156 5672 τῆς
3203 5600 3452 5674 ἀληθείας
3490 5600 3773 5680 μάρτυρας
