4128 6508
333 455 440 507 237

1104 451 1495 508 ENARRATIO
1533 452 1599 508 lN
1635 451 2072 509 EVANGELIUM
2109 451 2404 510 JOANNIS.
2446 479 2518 493 —
2555 450 2708 509 CAP.
2748 453 2912 508 XVII.

3555 464 3660 519 238

329 575 495 645 τάξον
524 574 805 653 γενέσθαι,
850 574 1036 656 ὥσπερ
1074 575 1311 657 δῆδκάμὲ
1355 575 1676 644 ἀπέστειλας
1704 577 1950 658 μάρτυρα

2060 577 2207 634 sicut
2235 584 2291 633 et
2319 593 2444 650 ego,
2483 599 2507 626 α
2550 576 2664 632 sint
2704 577 3022 634 sanctiﬁcati
3055 600 3078 625 ιι
3114 586 3169 635 et
3199 579 3363 637 oblati
3387 583 3489 640 tibi
3517 588 3658 656 Deo,

330 669 431 736 τῆς
498 666 756 736 ἀληθείας
829 666 923 724 καὶ
989 665 1214 747 σφάγιον
1289 666 1454 747 (ἅγια
1530 667 1634 747 γὰρ
1709 667 1952 746 λέγονται

331 755 518 813 πάντα
545 755 614 815 τὰ
643 758 720 835 τῷ
752 758 880 834 Θεῷ
907 755 1285 835 ἀνακείμενα
1327 782 1351 809 α
1383 755 1469 816 ἵνα
1495 757 1560 831 δὴ
1591 755 1684 816 xui
1715 758 1888 836 αὐτοὶ,
1919 784 1946 813 ι

333 845 525 924 ὥσπερ
558 845 700 924 ἐγὼ,
732 873 757 897 ε
790 836 921 904 ὦσιν
970 844 1328 924 ἡγιασμένοι,
1373 872 1398 901 ν
1431 849 1524 907 καὶ
1555 846 1949 924 ἀνατεθειμένοι

341 937 425 994 σοὶ
453 939 531 1016 τῷ
559 940 720 1014 Θεῷ,
773 938 875 1015 οὐχ
923 933 1105 1016 ὥσπερ
1137 935 1205 994 τὰ
1235 935 1376 995 κατὰ
1428 938 1589 1014 νόμον
1622 937 1854 1014 θυόμενα
1896 939 1949 996 ἐν

342 1029 526 1106 τόπῳ,
575 1027 698 1084 ἀλλ’
742 1051 769 1078 ι
820 1027 876 1084 ἐν
910 1024 1156 1106 ἀληθείᾳ.
1199 1052 1224 1076 υ
1264 1028 1335 1086 Αἱ
1379 1026 1550 1086 πάλαι
1590 1028 1688 1104 μὲν
1721 1027 1826 1106 γὰρ
1857 1031 1948 1085 θυ-

344 1114 458 1174 σίαι
507 1115 769 1188 τυπικαὶ,
830 1115 923 1174 καὶ
979 1115 1156 1174 πάντα
1201 1115 1269 1175 τὰ
1313 1114 1442 1196 ἅγια
1493 1118 1545 1175 ἐν
1597 1116 1748 1198 τύπῳ
1809 1107 1948 1188 ἦσαν

351 1202 687 1285 ἀφιερωμένα
720 1208 797 1284 τῷ
821 1206 984 1285 Θεῷ,
1027 1203 1160 1263 ἄλλο
1197 1229 1248 1264 τι
1280 1205 1643 1282 πνευματικὸν
1676 1229 1943 1284 σκιαγρα-

349 1299 566 1372 φοῦνταο
597 1284 704 1354 οἷον
724 1342 742 1371 ,
779 1297 808 1352 ὁ
840 1284 1038 1370 ἀμνὸς,
1074 1296 1129 1353 αἱ
1173 1294 1520 1375 περιστεραὶ,
1570 1298 1625 1355 αἱ
1657 1296 1907 1378 τρυγόνες
1927 1338 1945 1371 ,

341 1384 438 1442 καὶ
484 1374 680 1443 τᾶλλα.
741 1388 812 1444 Ai
854 1382 910 1442 δὲ
965 1386 1043 1464 τῷ
1090 1386 1215 1464 Θεῷ
1268 1374 1704 1462 ἀνατεθειμέναιν
1741 1383 1944 1466 ψυχαὶ,

336 1502 362 1526 ι
401 1475 456 1531 ἐν
503 1475 733 1555 ἀληθεία
777 1502 805 1528 ι
865 1473 994 1532 εἰσὶν
1043 1473 1367 1554 ἡγιασμέναι
1427 1475 1520 1534 xui
1575 1472 1950 1556 ἀφωρισμέναι

335 1564 434 1622 καὶ
491 1563 858 1644 ἀφιερωμέναι
905 1567 983 1645 τῷ
1020 1566 1164 1643 Θεῷ·
1213 1562 1352 1624 καθὰ
1406 1565 1498 1624 xui
1552 1564 1767 1632 Παῦλός
1798 1585 1948 1644 φησι·

2060 684 2172 724 non
2197 667 2343 724 sicut
2368 683 2491 740 quae
2508 666 2816 723 secundum
2844 667 3019 738 legem
3043 669 3426 727 sacriﬁcantur
3447 673 3505 728 in
3524 674 3660 748 ﬁgu-

2059 773 2147 826 ra,
2197 757 2298 814 sed
2353 779 2378 806 α
2436 757 2494 812 in
2555 756 2801 814 veritate.
2862 779 2890 805 ιο
2947 757 3227 815 Sacriﬁcia
3279 760 3429 818 enim
3479 772 3659 822 vetera

2058 845 2305 919 ﬁguralia
2351 853 2527 915 erant,
2578 854 2634 902 et
2679 846 2870 903 omnia
2914 855 3106 904 sancta
3133 849 3195 904 in
3238 849 3410 922 ﬁgura
3443 850 3660 910 fuerunt

2057 943 2269 992 sacrata
2299 939 2440 1004 Deo,
2471 934 2623 992 aliud
2651 935 2931 1007 spirituale
2953 937 3216 1009 quiddam
3244 939 3659 1013 adumbrantia,

2059 1032 2120 1081 ut
2172 1041 2366 1096 agnus,
2424 1025 2713 1095 columbae,
2763 1033 3032 1099 turtures,
3075 1036 3180 1084 etc.
3226 1029 3447 1088 Animae
3473 1041 3659 1090 autem

2057 1129 2180 1187 qum
2227 1118 2346 1171 Deo
2387 1113 2720 1185 offeruntur,
2763 1115 2821 1171 in
2867 1115 3097 1172 veritate
3131 1125 3263 1174 sunt
3297 1121 3656 1180 sanctiﬁcata:

2055 1211 2112 1260 et
2137 1212 2471 1262 consecratae
2519 1208 2658 1274 Deo,
2704 1204 2846 1262 sicut
2887 1213 2941 1261 et
2969 1206 3172 1262 Paulus
3217 1206 3350 1264 dicit
3379 1226 3394 1264 :
3425 1233 3450 1258 α
3486 1211 3654 1268 Exhi-

2055 1292 2178 1350 bete
2202 1294 2456 1351 membra
2485 1302 2665 1351 vestra
2686 1294 3018 1351 sacriﬁcium
3042 1296 3229 1352 vivum
3253 1306 3506 1356 sanctum
3529 1300 3596 1357 ⁸⁷.
3630 1324 3653 1351 ι

2061 1413 2124 1423 -
2159 1406 2185 1433 u
2227 1383 2516 1440 Sauctiﬁca
2572 1408 2596 1432 ι»
2651 1384 2816 1456 igitur
2861 1392 2917 1441 et
2963 1401 3225 1443 consecra
3259 1386 3658 1460 discipulorum

2056 1472 2293 1544 animos,
2323 1481 2378 1530 et
2397 1473 2483 1530 fac
2512 1489 2607 1530 eos
2634 1489 2792 1530 veras
2834 1473 3157 1546 oblationes,
3190 1484 3247 1533 et
3271 1478 3570 1536 corrobora
3598 1489 3660 1537 ut

2059 1576 2160 1632 pro
2187 1563 2410 1619 veritate
2434 1579 2493 1619 se
2521 1563 2849 1620 sacriﬁcent.

351 1675 381 1709 ιι
411 1643 817 1734 Παραστήσατε
856 1652 923 1711 τὰ
954 1643 1091 1731 μέλη
1126 1657 1277 1730 ὖμῶν
1307 1655 1493 1713 θυσίαν
1537 1657 1711 1725 ζῶσαν
1738 1653 1919 1733 ἁγίαν.
1949 1673 1979 1707 ι)
2013 1683 2093 1696 -
2125 1678 2150 1704 α
2178 1651 2423 1730 Ἁγίασον
2457 1680 2480 1705 ι
2527 1643 2615 1712 οῦν
2635 1699 2651 1728 ,
2687 1654 2781 1713 καὶ
2811 1652 3103 1736 ἀφιέρωσον
3139 1655 3234 1725 τὰς
3257 1659 3361 1716 τῶν
3403 1663 3656 1736 μαθητῶν

338 1744 555 1824 ψυχὰς,
586 1747 680 1802 xui
719 1742 1042 1820 ἀναθήματα
1083 1742 1280 1810 ταύτας
1315 1743 1536 1817 ποίησον
1570 1744 1827 1817 ἀληθινὰ,
1870 1740 1906 1813 ἢ
1931 1739 2024 1798 καὶ
2053 1739 2185 1820 ὑπὲρ
2229 1747 2322 1814 ἧς
2359 1742 2607 1816 ἀληθείας
2637 1744 3008 1821 ἐνδυνάμωσον
3059 1745 3249 1814 αὐτοὺς
3289 1752 3532 1820 τυθῆναι.

427 1861 455 1886 ι
487 1836 574 1892 Οὐ
603 1835 726 1912 περὶ
770 1833 967 1893 τούτων
1018 1831 1074 1892 δὲ
1109 1835 1286 1913 ἐρωτῶ
1319 1835 1504 1910 μόνον,
1539 1834 1676 1893 ἀλλὰ
1707 1833 1796 1892 xui
1825 1830 1948 1911 περὶ

2127 1841 2308 1898 Vens.
2341 1847 2530 1909 20,21.
2583 1863 2609 1890 ‹‹
2655 1845 2781 1898 Non
2834 1859 2932 1914 pro
2973 1844 3052 1900 eis
3095 1860 3230 1917 rogo
3273 1853 3514 1918 tantum,
3562 1850 3658 1908 sed

338 1925 452 1982 τῶν
503 1922 862 1981 πιστευόντων
911 1921 998 1980 διὰ
1028 1928 1120 1981 τοῦ
1163 1922 1318 1997 λόγου
1366 1924 1541 1982 αὐτῶν
1584 1926 1660 1990 εἷς
1689 1921 1821 2002 ἐμὲ,
1862 1920 1950 1978 ἵνα

340 2013 542 2079 πάντες
573 2012 629 2071 ἓν
657 2001 789 2084 ὦσι,
817 2013 995 2079 καθὼς
1035 2011 1124 2085 σὺ,
1161 2011 1374 2092 Πάτερ,
1423 2015 1476 2071 ἐν
1523 2013 1681 2089 ἐμοὶ,
1716 2010 1868 2090 κάγὼ
1897 2014 1950 2070 ἐν

342 2103 427 2160 σοὶ
447 2150 461 2176 ,
494 2101 584 2161 ἵνα
628 2101 723 2161 xui
754 2101 906 2160 αὐτοὶ
937 2104 990 2158 ἐν
1025 2107 1154 2177 ἡμῖν
1185 2100 1237 2159 ἓν
1269 2091 1432 2173 ὦσιν,
1459 2101 1546 2162 ἵνα
1575 2105 1602 2160 ὁ
1630 2100 1826 2180 κόσμος
1862 2126 1951 2160 πι-

342 2193 543 2271 στεύσῃ
567 2238 582 2263 ,
610 2190 694 2250 ὅτι
728 2191 793 2250 σύ
824 2215 892 2253 με
925 2191 1259 2259 ἀπέστειλας.
1301 2218 1327 2244 ιι
1364 2183 1532 2251 Εἶπεν
1553 2236 1571 2266 ,
1602 2189 1682 2250 ὅτι
1719 2214 1748 2250 (ι
1781 2190 1950 2269 Ὑπὲρ

344 2284 520 2340 αὐτῶν
557 2282 663 2358 ἐγὼ
705 2280 908 2360 ἁγιάζω
940 2281 1193 2359 ἐμαυτόν.
1228 2308 1253 2332 ι
1294 2279 1398 2341 Ἵν²
1448 2273 1538 2341 οὖν
1591 2280 1666 2359 μὴ
1716 2279 1948 2358 νομίσειέ

338 2394 446 2442 τις,
477 2372 560 2430 ὅτι
592 2370 726 2450 ὑπὲρ
758 2370 933 2448 μόνων
968 2374 1073 2430 τῶν
1127 2370 1438 2430 ἀποστόλων
1479 2370 1747 2430 ἀπέθανεν
1768 2414 1784 2443 ,
1819 2369 1949 2429 ἐπι-

338 2462 503 2541 φέρει·
544 2483 575 2520 α
606 2464 688 2521 Οὐ
720 2461 843 2539 περὶ
884 2460 1087 2520 τούτων
1123 2461 1174 2520 δὲ
1208 2463 1388 2542 ἐρωτῶ
1437 2460 1594 2536 μόνον
1617 2505 1634 2534 ,
1671 2459 1814 2518 ἀλλὰ
1856 2459 1949 2518 καὶ

336 2549 464 2630 περὶ
513 2551 730 2610 πάντων
758 2554 864 2608 τῶν
903 2550 1258 2610 πιστευόντων
1307 2551 1395 2609 διὰ
1427 2555 1519 2609 τοῦ
1569 2548 1726 2627 λόγου
1775 2551 1948 2608 αὐτῶν

341 2644 416 2709 εἰς
466 2643 581 2718 ἐμέ.
616 2668 640 2695 ι
694 2639 961 2700 Ἐνταῦθα
1016 2641 1072 2700 δὲ
1117 2641 1429 2713 διανέστησε
1477 2640 1644 2699 πάλιν
1693 2638 1787 2706 τὰς
1840 2642 1948 2719 ψυ-

340 2730 445 2810 χὰς
474 2733 582 2788 τῶν
615 2729 931 2789 ἀποστόλων
958 2774 974 2802 ,
1009 2731 1158 2810 εἴγε
1206 2730 1487 2806 μέλλουσιν
1536 2728 1670 2797 ἕξειν
1722 2727 1950 2796 πολλοὺς

342 2809 607 2898 μαθητάς.
659 2819 888 2891 Ἐπειδὴ
921 2817 1028 2900 γὰρ
1059 2809 1244 2891 εἶπεν,
1281 2818 1361 2878 ὅτι
1417 2846 1443 2872 α
1479 2821 1560 2878 Οὐ
1593 2818 1715 2898 περὶ
1755 2817 1950 2877 τούτων

345 2915 505 2986 μόνον
555 2911 777 2988 ἐρωτῶ,
820 2936 846 2962 ιι
907 2906 996 2965 ἵνα
1027 2907 1102 2984 μὴ
1135 2910 1595 2967 σκανδαλισθῶσιν
1629 2910 1676 2966 οἱ
1723 2907 1951 2966 ἀπόστο-

341 3002 460 3073 λοι,
490 3001 565 3066 ὡς
607 2999 759 3058 οὐδὲν
806 2996 1070 3076 .Ξαίρετον
1126 2999 1303 3065 αὐτοῖς
1352 2998 1584 3065 διδόντος
1641 2995 1789 3077 παρὰ
1833 2997 1952 3064 τοὺς

342 3089 521 3148 λοιποὶ
540 3113 596 3161 ς,
626 3090 1034 3167 παραμυθεῖται
1082 3086 1269 3153 αὐτοὺς
1311 3086 1400 3146 διὰ
1431 3091 1522 3146 τοῦ
1567 3087 1806 3160 δηλῶσαι
1827 3135 1842 3159 ,
1870 3085 1950 3146 ὅτι

341 3181 562 3246 πολλοῖς
636 3178 856 3237 ἔσονται
931 3176 1160 3244 πίστεως
1244 3176 1337 3237 xui
1414 3175 1680 3254 σωτηρίας
1769 3177 1947 3238 αἴτιοι.

341 3269 503 3329 Ἐπεὶ
539 3268 595 3328 δὲ
625 3271 829 3331 ἱκανῶς
868 3265 1056 3334 αὐτοὺς
1105 3267 1366 3347 παρέθετο
1408 3270 1484 3346 τῷ
1533 3266 1743 3346 Πατρὶ,
1776 3269 1848 3334 ὣς
1885 3264 1948 3325 ἂν

341 3358 544 3439 ἁγιάσῃ
605 3357 800 3423 αὖτοὺς
847 3360 915 3436 τῇ
966 3356 1174 3429 πίστει,
1221 3357 1311 3415 xui
1361 3357 1545 3416 θυσίαν
1593 3355 1782 3423 αὐτοὺς
1821 3356 1949 3434 ἁγία

341 3453 412 3528 τῇ
443 3448 666 3528 ἀληθεία
711 3445 1015 3526 ἀποτελέσῃ
1033 3491 1050 3519 ,
1085 3447 1232 3525 λέγει
1256 3445 1440 3506 λοιπὸν
1462 3447 1624 3505 πάλιν
1665 3445 1790 3526 περὶ
1820 3450 1949 3523 ὁμο·

347 3527 533 3610 νοίσις,
581 3527 674 3595 καὶ
723 3527 900 3618 ἀρ’οἷ
947 3536 1146 3612 ἤρξατο
1207 3537 1532 3616 κεφαλαίου,
1587 3540 1680 3608 τῆς
1739 3536 1952 3616 ἀγάπης

346 3627 538 3703 λέγω,
570 3630 642 3693 εἷς
688 3631 844 3686 ἐκεῖνο
887 3626 1072 3686 λοιπὸν
1122 3625 1426 3685 κατακλείει
1477 3626 1564 3684 τὸν
1610 3625 1805 3705 λόγον,
1858 3627 1950 3686 καί

350 3740 545 3797 φησιν·
609 3743 636 3768 ι
683 3715 800 3776 Ἵνα
851 3717 1050 3784 πάντες
1100 3713 1156 3774 ἓν
1211 3705 1332 3775 ὦσι·
1371 3743 1396 3768 ι
1457 3715 1765 3790 τουτέστιν,
1827 3713 1949 3776 Ἵνα

351 3807 578 3885 εἰρήνην
627 3805 717 3863 καὶ
751 3807 999 3880 ὁμόνοιαν
1058 3805 1261 3885 ἔχωσι,
1320 3805 1413 3865 καὶ
1469 3807 1524 3863 ἐν
1573 3809 1740 3883 ἡμῖν,
1770 3805 1950 3864 τουτέ-

351 3921 502 3969 στιν,
536 3899 591 3954 ἐν
715 3895 842 3976 πρὸς
886 3900 1032 3973 ἡμᾶς
1085 3895 1262 3955 πίστει
1311 3895 1375 3954 τὸ
1429 3895 1797 3956 ἀδιάσπαστον
1849 3919 1951 3968 τη-

351 3989 536 4065 ρῶσιν.
592 3985 764 4046 Οὐδὲν
794 3984 900 4064 γὰρ
945 3983 1085 4043 οὕτω
1129 3984 1466 4054 σκανδαλίζει
1501 3981 1620 4051 τοὺς
1671 3984 1946 4062 μαθητὰς,

347 4081 418 4144 ὥς
445 4077 508 4136 τὸ
537 4078 910 4146 διασπᾶσθαι,
962 4074 1052 4133 xui
1094 4074 1170 4150 μὴ
1200 4079 1512 4155 ὁμοφρονεῖν
1545 4073 1665 4140 τοὺς
1696 4075 1951 4134 διδασκά-

343 4169 484 4234 λΰυς⁶
543 4169 659 4232 πῶς
712 4166 817 4243 γὰρ
878 4167 983 4230 τοῖς
1050 4163 1124 4241 μὴ
1169 4166 1236 4224 τὰ
1297 4164 1435 4223 αὐτὰ
1490 4170 1735 4246 φρονοῦσι
1793 4163 1952 4235 θελή-

341 4259 495 4317 σουσί
524 4278 664 4320 τινες
694 4257 1010 4326 πεισθῆναι;
1059 4254 1161 4313 Διὰ
1209 4255 1365 4312 τοῦτό
1402 4272 1584 4333 φησιν·
1642 4280 1668 4306 α
1703 4252 1826 4313 Ἵνα
1859 4255 1952 4313 xui

342 4346 494 4406 αὐτοὶ
537 4345 595 4404 ἓν
624 4333 756 4402 gmw
790 4370 814 4396 ι
851 4345 903 4401 ἐν
933 4347 1000 4422 τῇ
1033 4343 1105 4411 εἷς
1149 4347 1293 4420 ἡμᾶς
1339 4344 1546 4416 πίστει,
1585 4370 1611 4394 σι
1647 4341 1822 4409 καθὼς
1858 4341 1951 4416 σὺ,

348 4439 571 4518 Πάτερ,
624 4437 680 4492 ἐν
730 4432 877 4508 ἐμοὶ,
925 4431 1073 4511 κάγὼ
1116 4434 1168 4490 ἐν
1218 4432 1377 4492 σοί.»
1441 4433 1610 4492 Πάλιν
1659 4433 1752 4510 τὸ,
1792 4459 1817 4484 α
1854 4457 1950 4491 κα-

345 4527 483 4598 θὼς,
541 4553 571 4579 ι
609 4525 712 4584 οὐκ
751 4521 1000 4600 ἀκριϐοῦς
1046 4521 1340 4590 ἐξισώσεώς
1389 4523 1553 4581 ἐστιν.
1613 4524 1694 4583 Οὖ
1725 4520 1829 4602 γὰρ
1860 4523 1952 4580 δυ-

343 4616 503 4674 νατὸν
536 4613 709 4679 οὔτως
737 4618 882 4688 ἡμᾶς
910 4615 1143 4682 ἡνῶσθαι
1175 4613 1428 4683 ἀλλήλοις
1448 4656 1464 4685 ,
1497 4616 1567 4679 ὡς
1596 4617 1623 4672 ὁ
1652 4610 1846 4692 Πατὴρ
1877 4617 1954 4693 τῷ

349 4707 486 4784 “5.5-
528 4702 716 4783 ὥσπερ
749 4701 844 4760 xui
888 4699 1014 4760 ὅταν
1058 4701 1211 4781 λέγῃο
1266 4727 1292 4756 ι
1330 4703 1546 4762 Γίνεσθε
1599 4702 1955 4781 οἰκτίρμονες,

349 4798 421 4860 ὣς
458 4797 487 4852 ὁ
525 4793 720 4871 Πατὴρ
755 4793 922 4867 ὑμῶν.
958 4817 984 4846 ι
1021 4827 1102 4837 -
1128 4819 1151 4844 σι
1173 4788 1301 4850 Ἵνα
1332 4795 1359 4848 ὃ
1405 4791 1604 4870 κόσμος
1647 4789 1949 4870 πιστεύσῃ,

351 4882 432 4941 ὅτι
462 4883 529 4942 σύ
573 4907 641 4960 με
673 4881 1010 4949 ἀπέστειλας.
1040 4909 1065 4934 ι
1116 4881 1224 4942 Καὶ
1272 4880 1377 4962 γὰρ
1409 4881 1515 4939 ἀπὸ
1562 4884 1657 4952 τῆς
1709 4881 1957 4957 ὁμονοίας

349 4977 460 5031 τῶν
507 4976 762 5050 μαθητῶν
797 4970 902 5050 ἐγὼ
934 4974 962 5029 ὃ
1003 4971 1322 5037 διδάσκαλος
1369 4975 1678 5050 φανοῦμαι,
1731 4970 1811 5029 ὅτι
1852 4971 1958 5030 ἀπὸ

349 5065 494 5125 Θεοῦ
541 5063 777 5134 ἐξῆλθον.
843 5060 973 5121 ’an
1022 5061 1078 5119 δὲ
1117 5061 1430 5141 μάχωνται,
1481 5062 1577 5120 οὐκ
1630 5063 1807 5140 ἐροῦσι
1864 5065 1956 5120 τοῦ

346 5157 618 5231 εἰρηνικῶ
670 5143 808 5211 εἷναι
864 5151 1128 5227 μαθητάς
1185 5150 1260 5226 μὴ
1311 5149 1438 5210 ὄντα
1473 5151 1532 5211 δέ
1584 5172 1650 5228 με
1690 5150 1956 5230 εἰρηνικὸν

1987 4489 2038 4552 D

2058 1927 2224 1984 etiam
2291 1944 2390 2000 pro
2435 1930 2499 1986 iis
2562 1930 2654 2002 qui
2705 1931 2969 1988 credituri
3018 1942 3147 1990 sunt
3197 1949 3292 2005 per
3339 1950 3658 1996 sermonem

2059 2032 2253 2073 eorum
2295 2018 2352 2074 in
2402 2034 2515 2088 me,
2548 2027 2610 2076 ut
2638 2035 2836 2076 omnes
2863 2038 3040 2078 unum
3069 2022 3202 2090 sint,
3233 2024 3376 2080 sicut
3405 2034 3467 2080 tu
3495 2029 3660 2086 Pater

2057 2106 2110 2160 in
2164 2122 2276 2174 me,
2317 2114 2373 2163 et
2400 2124 2502 2181 ego
2523 2108 2582 2165 in
2627 2117 2704 2178 te,
2732 2119 2794 2166 ut
2827 2120 2882 2166 et
2917 2111 3021 2182 ipsi
3046 2111 3104 2167 in
3129 2111 3291 2170 nobis
3319 2130 3494 2171 unum
3521 2117 3652 2187 sint,

2058 2203 2120 2250 ut
2142 2195 2331 2254 credat
2361 2198 2604 2255 mundus
2637 2199 2785 2270 quod
2827 2207 2888 2256 tu
2935 2216 3026 2257 me
3067 2201 3304 2259 miseris.
3339 2226 3363 2252 ιν
3406 2205 3658 2276 Dixerat,

2063 2308 2087 2333 α
2131 2289 2236 2342 Pro
2282 2287 2414 2358 ipsis
2440 2303 2543 2360 ego
2571 2288 2854 2345 sanctiﬁco
2881 2291 3177 2362 mcipsum.
3226 2316 3251 2342 υ
3283 2294 3366 2349 Ut
3402 2293 3568 2366 igitur
3589 2312 3661 2354 ne

2059 2383 2212 2446 putet
2263 2377 2387 2448 quis
2429 2378 2576 2449 quod
2623 2394 2723 2450 pro
2771 2379 2903 2436 solis
2952 2381 3220 2452 apostolis
3266 2392 3518 2440 mortuus
3560 2385 3656 2453 sit,

2057 2464 2243 2520 subdit
2275 2482 2288 2519 :
2324 2488 2351 2514 «
2386 2469 2509 2522 Non
2539 2483 2638 2538 pro
2668 2467 2753 2522 his
2781 2483 2916 2539 rogo
2943 2468 3145 2538 solum,
3190 2470 3287 2525 sed
3329 2479 3384 2526 et
3408 2489 3507 2544 pro
3535 2489 3658 2530 om-

2058 2553 2221 2609 nibus
2263 2555 2358 2626 qui
2401 2555 2631 2611 credent
2673 2571 2767 2628 per
2805 2567 3120 2613 sermonem
3175 2558 3418 2616 illorum.
3464 2584 3491 2611 ι
3536 2566 3662 2620 Hoc

2057 2651 2245 2700 autem
2274 2644 2398 2700 loco
2428 2645 2630 2701 iterum
2654 2646 2816 2718 erigit
2857 2647 3243 2717 apostolorum
3271 2649 3485 2706 animos
3509 2652 3660 2723 quod

2058 2731 2295 2790 habituri
2347 2734 2456 2790 sint
2500 2735 2705 2791 multos
2749 2735 3065 2807 discipulos.
3119 2738 3257 2808 Quia
3305 2739 3450 2795 enim
3499 2740 3660 2812 dixit,

2061 2845 2088 2872 οι
2129 2826 2256 2878 Non
2287 2839 2385 2895 pro
2415 2823 2498 2880 his
2540 2824 2672 2880 solis
2703 2840 2861 2897 rogo,
2899 2849 2923 2875 υ
2954 2834 3017 2881 ιιι
3045 2843 3112 2882 ne
3139 2825 3498 2886 offendantur
3522 2847 3660 2903 apo-

2058 2913 2186 2968 stoli
2227 2913 2386 2985 quasi
2414 2913 2548 2969 nihil
2576 2914 2855 2986 singulare
2883 2931 2996 2987 pra
3045 2916 3164 2972 aliis
3213 2916 3476 2987 habeant,
3522 2935 3662 2977 con-

2057 3003 2268 3058 solatur
2334 3019 2449 3072 eos,
2521 3003 2878 3076 signiﬁcando
2932 3004 3051 3061 fore
3101 3006 3226 3061 illos
3294 3007 3662 3079 plurimorum

2061 3091 2185 3148 ﬁdei
2213 3100 2268 3148 et
2295 3093 2488 3149 salutis
2515 3101 2786 3150 auctores.
2826 3095 2893 3149 Et
2920 3094 3049 3167 quia
3079 3095 3214 3152 satis
3242 3098 3664 3157 commendarat

2061 3197 2154 3238 eos
2173 3181 2348 3251 Patri,
2377 3182 2529 3255 quasi
2553 3183 2663 3240 ﬁde
2707 3184 3059 3241 sanctiﬁcans
3097 3201 3216 3253 eos,
3247 3194 3303 3242 et
3331 3187 3662 3247 sacriﬁcium

2055 3287 2150 3328 eos
2179 3271 2392 3328 veritati
2423 3289 2645 3329 sacrum
2691 3289 3106 3345 consummans,
3150 3275 3288 3331 dicit
3333 3285 3517 3348 postea
3565 3278 3664 3335 ite-

2057 3377 2185 3417 rum
2249 3361 2322 3418 de
2380 3362 2699 3432 concordia,
2770 3371 2828 3420 et
2886 3379 2918 3420 a
2986 3379 3096 3437 quo
3162 3366 3328 3438 carpit
3393 3367 3665 3440 principio

2057 3451 2351 3518 (charitatis
2402 3451 2548 3519 dico)
2607 3452 2663 3508 in
2709 3467 2774 3510 eo
2824 3469 2973 3510 nunc
3019 3453 3198 3512 ferme
3253 3456 3553 3526 concludit,
3602 3473 3668 3515 ac

2061 3540 2242 3614 inquit
2288 3559 2301 3597 :
2353 3564 2378 3591 α
2437 3543 2515 3599 Ut
2559 3557 2754 3598 omnes
2800 3559 2973 3600 unum
3020 3544 3157 3612 sint,
3206 3567 3231 3594 ιι
3291 3545 3396 3601 hoc
3459 3554 3564 3616 est,
3603 3555 3668 3604 ut

2063 3646 2256 3702 pacem
2321 3638 2377 3686 et
2453 3630 2812 3688 concordiam
2883 3632 3146 3701 habeant,
3219 3642 3277 3690 et
3332 3658 3358 3685 α
3431 3636 3490 3692 in
3561 3652 3667 3693 no-

2060 3721 2169 3791 bis,
2239 3743 2264 3770 n
2311 3718 2419 3775 hoc
2471 3728 2573 3788 est,
2627 3729 2691 3776 ut
2735 3721 3073 3778 individuam
3131 3738 3256 3794 erga
3301 3739 3404 3780 nos
3445 3735 3664 3782 servent

2058 3809 2249 3866 ﬁdem.
2291 3808 2439 3864 Nihil
2493 3809 2643 3864 enim
2685 3811 2761 3865 ita
2817 3809 3052 3866 offendit
3109 3810 3430 3882 discipulos,
3491 3815 3658 3886 733

2060 3907 2122 3954 ut
2171 3899 2356 3956 divelli
2403 3906 2458 3954 et
2511 3914 2626 3954 non
2684 3898 2830 3955 idem
2896 3899 3099 3955 sentire
3160 3899 3437 3957 doctores.
3506 3903 3662 3971 Quo-

2057 3988 2225 4045 modo
2273 3987 2421 4045 enim
2465 3987 2889 4060 persuadebunt,
2936 3990 3032 4061 qui
3075 4003 3193 4046 non
3229 3989 3376 4046 idem
3404 3991 3662 4063 sapiunt?

2055 4080 2345 4149 Propterea
2382 4077 2519 4135 dicit
2557 4095 2571 4132 :
2608 4101 2633 4126 α
2681 4079 2759 4134 Ut
2792 4086 2849 4135 et
2878 4078 2980 4150 ipsi
3015 4094 3192 4135 unum
3231 4079 3343 4135 sint
3392 4103 3414 4128 ο
3459 4081 3518 4137 in
3555 4081 3662 4139 ﬁde

2054 4183 2182 4241 erga
2211 4183 2334 4236 nos,
2379 4191 2404 4217 α
2445 4168 2586 4225 sicut
2612 4175 2696 4238 tu,
2738 4172 2914 4236 Pater,
2957 4168 3015 4224 in
3051 4184 3160 4237 me,
3191 4177 3247 4226 et
3281 4185 3382 4241 ego
3427 4170 3586 4228 inte.
3631 4194 3658 4222 ν

2056 4261 2322 4326 Rursum,
2381 4280 2407 4308 α
2464 4258 2627 4325 sicut,
2686 4280 2712 4306 ιο
2761 4273 2879 4314 non
2929 4267 3136 4314 exactae
3182 4267 3266 4316 est
3309 4261 3660 4333 aequalitatis.

2057 4349 2186 4403 Non
2213 4347 2364 4403 enim
2402 4347 2662 4419 possibile
2708 4355 2772 4402 ut
2800 4347 2877 4403 ita
2915 4348 3177 4404 uniamur
3213 4349 3356 4405 inter
3382 4366 3483 4406 nos
3519 4352 3664 4407 sicut

2069 4439 2228 4492 Pater
2255 4437 2443 4492 unitur
2478 4437 2648 4504 Filio;
2693 4444 2860 4509 atque
2901 4437 2976 4492 ita
3013 4454 3142 4493 cum
3175 4437 3307 4494 dicit
3351 4455 3364 4492 :
3397 4461 3425 4488 ι
3469 4442 3664 4497 Estote

2070 4524 2472 4594 misericordes,
2527 4526 2673 4582 sicut
2729 4529 2893 4582 Pater
2963 4534 3144 4583 vester
3191 4525 3263 4595 ⁸⁸,
3318 4550 3343 4576 ιι
3395 4527 3660 4600 intellige.

2068 4639 2093 4665 α
2137 4619 2217 4673 Ut
2238 4615 2482 4672 mundus
2505 4615 2693 4672 credat
2723 4615 2872 4688 quod
2909 4623 2972 4672 tu
3000 4631 3090 4672 me
3115 4616 3352 4672 miseris.
3381 4639 3408 4664 ιο
3441 4619 3662 4675 Etenim

2065 4723 2096 4761 a
2145 4705 2438 4762 concordia
2488 4704 2885 4778 discipulorum
2932 4721 3034 4778 ego
3082 4703 3278 4763 doctor
3331 4708 3668 4779 comprobor

2064 4795 2213 4868 quod
2243 4813 2275 4852 a
2311 4798 2430 4852 Deo
2471 4795 2754 4851 exiverim.
2796 4794 2852 4851 Si
2899 4803 3088 4851 autem
3117 4797 3478 4868 pugnaverint
3520 4798 3667 4856 inter

2065 4901 2148 4955 se,
2179 4901 2292 4941 non
2320 4884 2569 4942 dicentur
2599 4883 2810 4957 paciﬁci
2841 4900 2959 4942 esse
2989 4884 3236 4957 discipuli
3269 4905 3282 4942 :
3331 4903 3506 4960 neque
3551 4905 3664 4956 me,

2066 4974 2110 5032 si
2141 4974 2400 5047 paciﬁcus
2429 4990 2541 5031 non
2572 4973 2752 5043 fuero,
2785 4971 3107 5032 fatebuntur
3141 4991 3171 5031 a
3202 4985 3258 5032 te
3286 4977 3538 5034 missum.
3569 4979 3665 5034 Vi-

2066 5064 2166 5122 des
2189 5063 2469 5136 quomodo
2497 5079 2670 5140 usque
2709 5062 2782 5120 ad
2808 5063 2981 5122 ﬁnem
3009 5065 3364 5122 concordiam
3406 5082 3532 5138 erga
3562 5069 3668 5123 Pa-

2069 5161 2213 5211 trem
2239 5153 2471 5210 astruit?

345 5247 453 5324 οὗχ
509 5243 936 5320 ὁμολογήσουσιν
995 5242 1332 5300 ἀπεστάλθαι
1389 5239 1541 5317 παρὰ
1606 5245 1722 5302 σοῦ.
1769 5238 1976 5322 Ὁρᾷς,
2027 5248 2139 5314 πῶς
2184 5245 2313 5326 ἄχρι
2361 5244 2544 5313 τέλους
2593 5250 2746 5305 τοῦτο
2796 5244 3216 5319 κατασκευάζει,
3281 5244 3342 5304 τὸ
3398 5244 3529 5326 πρὸς
3578 5245 3667 5306 τὸν

349 5331 577 5411 Πατέρα
607 5330 952 5410 ὁμονοητικόν
969 5356 985 5403 ;

431 5451 455 5474 ι
482 5423 652 5502 Κάγὼ
681 5423 778 5497 τήν
809 5420 990 5494 δόξαν,
1013 5419 1080 5492 ἣν
1103 5418 1338 5488 δέδωκάς
1367 5441 1490 5498 μοι,
1522 5417 1728 5478 δέδωκα
1759 5419 1956 5500 αὐτοῖς,

346 5511 435 5571 ἶνα
467 5504 595 5575 ὦσιν
623 5515 710 5595 ἓν,
742 5513 929 5579 καθὼς
974 5516 1129 5595 ἡμεῖς
1171 5509 1226 5569 ἕν
1270 5513 1454 5588 ἐσμεν.
1490 5507 1636 5588 Ἐγὼ
1665 5511 1718 5568 ἐν
1753 5510 1953 5584 αὐτοῖς,

353 5603 438 5661 καὶ
484 5605 544 5666 σὺ
592 5609 645 5668 ἐν
675 5589 838 5687 ἐμοὶ,
870 5604 964 5663 ἵνα
1002 5589 1108 5661 ὦσι
1158 5598 1552 5678 τετελειωμένοι
1599 5601 1672 5666 εἷς
1717 5597 1804 5671 ἓν,
1856 5599 1950 5659 xui

407 5770 452 5812 ⁸⁷
479 5777 648 5834 Rom.
681 5788 770 5830 vr.
806 5774 900 5827 19.
933 5765 981 5802 ⁸⁸
1016 5764 1154 5821 Luc.
1187 5765 1374 5828 v1,£6

2145 5427 2327 5482 Vnns.
2380 5428 2473 5493 22,
2532 5429 2624 5481 23.
2663 5425 2786 5479 «Et
2834 5438 2935 5496 ego
2977 5421 3206 5496 gloriam
3258 5438 3425 5495 quam
3472 5422 3675 5482 dedisti

2070 5515 2228 5583 mihi,
2277 5513 2409 5571 dedi
2437 5513 2538 5581 eis,
2590 5522 2652 5568 ut
2699 5513 2815 5569 sint
2861 5528 3059 5583 unum,
3103 5512 3245 5570 sicut
3289 5521 3345 5569 et
3370 5528 3474 5570 nos
3504 5530 3674 5572 unum

2068 5620 2284 5662 sumus.
2319 5607 2434 5676 Ego
2465 5603 2518 5660 in
2542 5603 2643 5672 eis,
2673 5610 2731 5659 et
2771 5611 2832 5658 tu
2862 5601 2916 5658 in
2941 5617 3052 5674 me,
3075 5609 3138 5660 ut
3165 5601 3277 5660 sint
3302 5606 3675 5663 consummati
