4128 6434
483 477 589 532 239

483 600 539 656 in
568 609 766 662 unum,
796 599 853 648 et
896 597 959 645 ut
988 589 1281 658 cognoscat
1307 576 1548 636 mundus
1573 571 1724 646 quod
1761 579 1823 626 tu
1854 582 1943 622 me
1973 563 2078 620 mi-

2202 557 2275 618 ἵνα
2329 552 2563 634 γινώσκῃ
2624 554 2652 608 6

2202 649 2238 662 r-I'
2277 646 2290 662 Ι
2387 643 2468 662 μιν
2565 641 2587 662 δ
2625 639 2648 662 ᾗ

486 687 624 746 sisti.
678 704 708 738 »
755 657 992 752 Qualem
1045 657 1277 748 gloriam
1339 668 1524 726 datam
1566 679 1684 720 esse
1735 658 1897 716 dicit?
1946 657 2081 709 Eam

487 792 612 851 quae
657 789 755 846 per
779 747 963 842 Vsigna
1021 747 1078 823 et
1126 778 1223 836 per
1271 759 1527 832 dogmata
1580 761 1636 810 et
1682 747 1979 812 doctrinas,
2030 750 2085 798 et

487 833 653 924 aliam
679 875 898 936 quoque
926 833 1179 930 gloriam,
1224 846 1536 907 concordiae
1559 842 1783 910 scilicet,
1817 860 1843 886 «ι
1888 843 1950 891 ut
1978 833 2087 888 sint

488 970 679 1014 unum.
733 973 759 1000 ι
811 953 924 1005 Ista
974 944 1124 1002 enim
1177 938 1348 1014 gloria
1402 949 1585 1007 major
1636 938 1754 998 est,
1805 939 1967 998 quam
2020 937 2086 978 ea

487 1060 612 1118 qum
651 1043 953 1113 signorum.
1004 1037 1150 1090 Nam
1199 1029 1342 1086 sicut
1390 1033 1446 1082 et
1491 1029 1675 1080 Deum
1721 1016 2087 1078 admiramur,

488 1100 619 1207 quia
663 1100 775 1186 non
807 1133 888 1182 est
930 1121 1124 1180 seditio
1175 1130 1358 1189 neque
1399 1127 1579 1186 pugna
1622 1110 1680 1165 in
1722 1114 1914 1163 natura
1946 1100 2085 1173 ejus,

480 1190 548 1279 ct
597 1217 839 1276 maxima
869 1214 972 1270 ista
1010 1209 1183 1284 gloria
1236 1215 1319 1262 est
1364 1221 1376 1259 :
1428 1205 1506 1258 ita
1546 1209 1599 1256 et
1628 1197 1724 1266 illi,
1754 1192 1949 1266 inquit,
1984 1190 2090 1245 hoc

492 1311 636 1380 loco,
665 1323 697 1364 a
720 1281 1183 1363 concordia—dico,
1213 1296 1346 1351 (iant
1372 1291 1525 1348 clari.
1560 1312 1586 1338 α
1633 1290 1752 1358 Ego
1797 1284 1854 1338 in
1895 1281 1994 1344 eis,
2035 1285 2090 1334 et

490 1408 553 1458 tu
592 1369 648 1455 in
692 1411 798 1453 me.
857 1416 883 1442 ι»
925 1394 1047 1447 Hoc
1096 1388 1216 1445 loco
1264 1381 1504 1441 ostendit
1551 1376 1704 1451 quod
1750 1369 1983 1445 apostoli
2035 1375 2088 1424 et

488 1493 712 1548 Patrem
739 1486 800 1541 in
833 1498 891 1539 se
936 1483 1280 1551 receperunt.
1339 1496 1363 1521 «
1414 1475 1534 1543 Ego
1580 1466 1751 1534 enim,
1784 1460 1982 1534 inquit,
2031 1457 2088 1512 in

429 1645 432 1648 ,
491 1578 628 1652 ipsis
655 1590 800 1643 sum,
834 1596 860 1621 ι»
907 1578 962 1627 et
987 1579 1041 1625 te
1065 1548 1284 1640 quoque
1307 1561 1486 1618 habeo
1515 1559 1572 1613 in
1605 1571 1712 1623 me,
1745 1561 1800 1610 et
1822 1552 1894 1607 ita
1919 1548 2086 1604 etiam

493 1639 556 1725 tu
579 1667 639 1722 in
667 1665 742 1721 eis
769 1679 845 1719 es.
872 1659 993 1716 Alio
1019 1639 1209 1714 autem
1233 1655 1355 1710 loco
1382 1658 1439 1707 et
1461 1652 1686 1706 Patrem
1715 1642 1881 1700 etiam
1907 1639 2088 1710 ipsum

493 1756 857 1814 adventurum
887 1748 1038 1814 dicit,
1068 1755 1123 1803 et
1158 1743 1501 1800 mansionem
1543 1736 1818 1792 facturum
1847 1728 1890 1762 ⁸⁹
1923 1746 1934 1783 :
1991 1727 2089 1825 sa-
2123 1767 2168 1828 Β

492 1845 638 1903 bellii
690 1858 753 1900 os
807 1837 1159 1902 concludens,
1219 1841 1274 1888 et
1323 1830 1464 1887 duas
1522 1821 1858 1882 substantias
1907 1814 2088 1873 mani—

491 1935 713 1992 festans.
747 1932 870 1986 Hoc
898 1935 1084 1984 autem
1102 1925 1222 1979 loco
1245 1928 1301 1976 et
1323 1919 1439 1976 Arii
1468 1913 1736 1972 insaniam
1764 1909 2084 1980 reprimens.

490 2026 716 2082 Patrem
762 2018 909 2076 enim
951 2013 1132 2085 inquit
1159 2027 1254 2084 per
1297 2009 1480 2080 ipsum
1534 2002 1655 2059 fieri
1701 2001 1758 2056 in
1786 1994 2087 2068 discipulis,

495 2136 524 2163 ιι
563 2120 626 2169 ut
653 2111 790 2167 sciat
818 2104 1057 2162 mundus
1086 2099 1234 2173 quod
1260 2107 1321 2154 tu
1351 2111 1439 2152 me
1468 2091 1684 2150 miseris
1715 2106 1728 2144 :
1760 2107 1792 2142 »
1823 2085 2089 2143 continuo

493 2209 677 2259 autem
723 2199 830 2253 hoc
884 2193 1036 2259 dicit,
1103 2187 1401 2245 ostendens
1469 2196 1683 2254 pacem,
1739 2191 1862 2250 qua)
1917 2173 2093 2229 valeat

491 2291 659 2349 etiam
686 2283 976 2344 conciliare
1004 2279 1176 2352 magis
1203 2291 1370 2349 quam
1414 2270 1643 2345 quodvis
1671 2269 1910 2340 signum.
1944 2267 2089 2320 Nam

493 2387 556 2437 ut
615 2378 740 2434 lites
787 2372 976 2432 omnia
1037 2367 1367 2432 dissolvunt,
1420 2363 1495 2418 ita
1547 2355 1844 2416 concordia
1900 2352 2088 2410 omnia

491 2467 736 2542 capulat.

560 2529 740 2614 illius.
775 2559 865 2620 23,
894 2556 985 2607 24.
1021 2571 1048 2599 κ
1084 2550 1155 2604 Et
1181 2541 1423 2603 dilexisti
1450 2556 1566 2608 eos,
1592 2539 1736 2594 sicut
1762 2543 1818 2592 et
1842 2547 1932 2589 me
1958 2529 2091 2587 dile-

490 2647 640 2706 xisti.
690 2648 876 2709 Pater,
922 2654 1062 2713 quos
1108 2634 1303 2694 dedisti
1347 2631 1506 2697 mihi,
1552 2628 1674 2684 volo
1722 2633 1783 2681 ut
1827 2623 1926 2679 ubi
1967 2635 2089 2676 sum

492 2753 615 2809 ego,
645 2743 704 2791 et
731 2733 808 2789 illi
837 2732 950 2787 sint
973 2741 1193 2784 mecum
1227 2742 1239 2779 :
1273 2731 1335 2779 ut
1377 2720 1597 2777 videant
1632 2714 1860 2788 gloriam
1887 2724 2090 2776 meam,

491 2798 659 2898 quam
683 2818 876 2877 dedisti
901 2816 1038 2872 mihi
1073 2832 1086 2869 :
1117 2812 1245 2885 quia
1274 2809 1517 2866 dilexisti
1543 2821 1632 2861 me
1663 2811 1787 2859 ante
1809 2798 2092 2857 conditum

492 2910 784 2969 mundum.
834 2928 861 2955 ι»
905 2908 1114 2960 Iterum
1157 2901 1261 2955 hoc
1283 2899 1406 2954 loco
1437 2912 1531 2967 per
1565 2917 1589 2941 «
1623 2893 1764 2949 sicut
1798 2913 1821 2938 ι»
1855 2886 2094 2957 intellige

493 2997 790 3072 signiﬁcari
817 3001 1089 3067 quantum
1136 2990 1307 3045 homo
1332 2985 1484 3057 diligi
1509 2989 1711 3056 potest.
1740 2985 1934 3050 Itaque
1964 2989 2093 3030 cum

492 3089 722 3148 dixisset
760 3085 979 3142 futuros
1005 3088 1174 3148 tutos,
1216 3083 1454 3142 sanctos,
1487 3072 1694 3128 multos
1723 3085 1819 3140 per
1845 3082 1939 3123 eos
1970 3079 2091 3120 cre—

493 3179 726 3245 dituros,
773 3173 1010 3231 multam
1051 3167 1337 3225 habituros
1379 3163 1633 3236 gloriam,
1678 3158 1809 3214 dicit
1845 3170 1992 3211 nunc
2041 3162 2096 3209 et

494 3268 564 3325 de
591 3265 834 3340 praemiis
860 3271 916 3318 et
941 3258 1161 3316 coronis
1183 3271 1307 3328 quae
1337 3262 1460 3326 post
1489 3251 1633 3307 hanc
1661 3249 1832 3304 vitam
1857 3244 2096 3316 reposita

495 3333 649 3415 sunt.
691 3377 716 3402 «ι
743 3353 882 3410 Volo
927 3349 1094 3414 enim,
1123 3345 1321 3417 inquit,
1358 3351 1424 3399 ut
1467 3341 1562 3397 ubi
1592 3354 1717 3396 sum
1763 3351 1886 3410 ego,
1917 3341 1972 3390 et
2019 3333 2097 3387 illi

495 3447 625 3503 sint.
670 3467 697 3492 ι»
749 3445 820 3498 Et
863 3455 932 3496 ne
979 3451 1108 3494 cum
1153 3435 1262 3491 hoc
1306 3431 1570 3496 audieris,
1615 3427 1898 3484 existimes
1946 3420 2096 3495 quod

495 3532 754 3592 eamdem
797 3529 1121 3602 dignitatem
1168 3521 1472 3580 assecuturi
1511 3519 1637 3587 sint,
1687 3514 1873 3573 subdit
1917 3531 1930 3568 :
1977 3534 2001 3559 «
2037 3518 2098 3565 ut

495 3624 718 3681 videant
757 3600 987 3693 gloriam
1014 3630 1214 3672 meam.
1249 3636 1275 3662 ι
1309 3614 1431 3669 Non
1461 3609 1610 3666 enim
1654 3606 1790 3664 dixit
1821 3622 1834 3658 :
1881 3611 1945 3658 ut
1973 3600 2096 3658 fru-

496 3723 659 3771 antur
683 3691 858 3784 gloria
884 3723 1028 3777 mea,
1059 3704 1178 3773 sed,
1206 3726 1231 3753 α
1262 3704 1342 3759 Ut
1369 3700 1601 3757 videant.
1635 3715 1664 3750 »
1693 3693 1921 3752 Homini
1948 3691 2097 3748 enim

495 3782 714 3875 requies
741 3799 1005 3864 maxima,
1049 3794 1232 3851 videre
1261 3791 1464 3848 Filium
1502 3787 1626 3843 Dei.
1675 3788 1810 3841 Haec
1837 3782 1988 3839 enim
2015 3788 2099 3837 est

498 3871 678 3950 omnis
726 3889 900 3961 gloria
946 3887 1243 3956 dignorum
1294 3899 1306 3935 :
1351 3877 1501 3950 quod
1545 3883 1601 3931 et
1651 3874 1852 3931 Paulus
1899 3871 2037 3928 dicit
2079 3885 2091 3922 :

501 4003 528 4029 ι
569 3983 684 4037 Nos
711 3985 895 4033 autem
925 3973 1162 4030 revelata
1194 3969 1330 4024 facie
1374 3966 1609 4039 gloriam
1648 3962 1877 4017 Domini
1906 3975 2096 4031 specu-

499 4065 748 4126 lantes”.
773 4087 799 4113 ιο
816 4061 986 4134 734
997 4057 1255 4117 Ostendit
1277 4057 1442 4128 igitur
1455 4053 1694 4109 hocloco
1711 4049 1858 4121 quod
1869 4065 1980 4104 non
2004 4049 2096 4115 sit,

498 4151 975 4228 quemadmodum
1033 4162 1181 4203 nunc
1243 4145 1458 4200 videtur
1507 4141 1606 4210 eis,
1658 4139 1713 4194 in
1765 4138 1859 4192 vili
1904 4135 2100 4192 habitu

500 4223 920 4314 conspiciendus
986 4245 1142 4304 tunc,
1207 4233 1302 4290 sed
1364 4232 1421 4286 in
1470 4229 1640 4301 gloria
1693 4241 1862 4299 quam
1913 4223 2101 4281 habuit

503 4355 529 4381 α
571 4312 700 4388 ante
727 4328 1016 4385 conditum
1044 4321 1333 4380 mundum.
1370 4345 1392 4370 ρ
1429 4317 1709 4375 Habebam
1735 4323 1918 4371 autem
1960 4312 2103 4368 hanc

1503 441 2013 507 THEOPHYLACTI
2053 431 2405 491 BULGARUE
2443 422 2756 483 ARCHIEP.

3676 395 3790 451 240

2711 545 2940 621 κόσμος,
2995 537 3076 594 ὅτι
3127 534 3190 594 σύ
3246 553 3314 608 με
3368 525 3705 588 ἀπέστειλας.
3756 544 3784 572 ι

2187 646 2354 706 Ποίαν
2383 643 2534 712 δόξαν
2561 634 2845 698 δεδωκέναι
2887 627 3062 706 λέγεις
3098 624 3213 695 Τὴν
3240 620 3325 679 διὰ
3356 621 3461 676 τῶν
3502 611 3742 688 σημείων
3770 653 3789 681 ,

2188 735 2284 806 τὴν
2316 733 2401 793 διὰ
2425 735 2528 790 τῶν
2563 725 2842 806 δογμάτων
2867 717 2960 778 καὶ
2992 713 3367 775 διδασκαλιῶν·
3401 705 3494 766 καὶ
3527 705 3693 775 ἀλλην
3728 699 3793 758 δὲ

3058 804 3066 806 _
3164 791 3197 806 ...
3330 798 3353 806 Δ
3515 798 3525 806 _
3551 792 3577 806 Α
3722 789 3737 806 ε

2193 825 2377 900 δόξαν,
2404 821 2498 894 τὴν
2531 789 2936 892 τ’ἤςιδμονοίας,
2975 834 3000 862 ι»
3039 804 3127 863 ἵνα
3159 791 3290 862 ὦσιν
3325 798 3402 859 ἕν.
3443 823 3469 849 τι
3499 792 3648 864 Αὕτη
3680 789 3793 900 γξιρ

2196 879 2331 894 *τήθην
2360 879 2377 900 7
2418 879 2426 881 ”
2459 879 2468 894 ⁸
2589 879 2622 890 ¹’
2685 879 2694 892 I
2922 879 2933 887 1

2190 920 2224 986 ἡ
2263 913 2386 982 δόξα
2437 913 2628 988 μείζων
2672 911 2766 976 τῆς
2797 901 2904 961 ἀπὸ
2949 902 3054 957 τῶν
3111 890 3370 968 σημείων.
3420 885 3643 964 Ὥσπερ
3684 879 3796 960 γὰρ

2192 1003 2284 1064 καὶ
2314 1003 2402 1061 τὸν
2447 999 2583 1061 Θεὸν
2618 993 2991 1071 θαυμάζομεν,
3039 985 3121 1046 ὅτι
3152 984 3247 1042 οὐκ
3279 979 3394 1040 ἔστι
3439 977 3624 1040 στάσις
3667 973 3796 1032 οὐδὲ

2195 1093 2347 1172 μάχη
2392 1096 2444 1151 ἐν
2473 1094 2538 1172 τῇ
2590 1061 2742 1168 φύσει
2773 1061 2981 1159 ἐκείνῃ,
3028 1075 3120 1135 καὶ
3171 1070 3398 1150 μεγίστη
3453 1064 3588 1138 αὕτη
3642 1061 3791 1130 δόξοιο

2195 1153 2205 1171 ι
2275 1153 2347 1172 ν..
2516 1153 2538 1168 .-
2601 1153 2611 1168 .
2921 1153 2930 1159 .

2195 1182 2333 1244 οὕτω
2362 1180 2452 1240 καὶ
2486 1171 2628 1237 οὗτοι
2652 1218 2667 1246 ,
2712 1170 2870 1254 φησὶν
2894 1213 2910 1242 ,
2948 1170 3182 1226 ἐντεῦθεν
3209 1207 3226 1237 ,
3259 1157 3367 1218 ἀπὸ
3407 1159 3500 1228 τῆς
3539 1153 3798 1232 ὁμονοίας

2194 1272 2369 1350 λέγω,
2426 1267 2756 1346 γενέσθωσαν
2806 1255 3070 1334 λαμπροί.
3106 1279 3133 1306 α
3172 1247 3324 1328 Ἐγὼ
3356 1248 3408 1305 ἐν
3457 1246 3664 1315 αὐτοῖς,
3695 1241 3802 1302 καὶ

2951 1349 2959 1350 κ
3012 1346 3020 1350 -
3302 1337 3326 1350 ρ.
3435 1336 3450 1350 ρ
3515 1335 3531 1350 ε.
3593 1333 3608 1350 ι
3707 1333 3725 1350 ς

2197 1362 2260 1422 σὺ
2294 1362 2345 1418 ἐν
2385 1359 2520 1436 ἐμοί.
2559 1384 2582 1408 n
2622 1354 2892 1413 Ἐνταῦθα
2943 1346 3242 1417 δείκνυσιν,
3295 1337 3375 1395 ὅτι
3407 1336 3456 1394 οἳ
3502 1333 3799 1392 ἀπόστολοι

2195 1454 2286 1509 καὶ
2331 1449 2418 1508 τὸν
2471 1445 2688 1524 Πατέρα
2738 1440 3018 1520 ἐχώρησαν
3059 1435 3112 1492 ἐν
3144 1434 3368 1496 ἑαυτοῖς.
3411 1452 3436 1478 α
3473 1421 3620 1503 Ἐγὼ
3662 1421 3796 1502 γὰρ,

2195 1539 2386 1619 φησὶν,
2421 1539 2472 1596 ἐν
2501 1515 2675 1599 αὐτόῖς
2706 1560 2730 1585 ν
2936 1525 3001 1619 σὲ
3038 1522 3092 1582 δὲ
3120 1520 3282 1579 πάλιν
3322 1516 3434 1595 ἔχω
3463 1515 3515 1572 ἐν
3549 1515 3793 1590 ἐμαυτῷ·

2195 1628 2332 1687 ὥστε
2367 1627 2458 1685 καὶ
2490 1625 2553 1683 σὺ
2602 1626 2652 1681 ἐν
2706 1622 2878 1684 αὐτοῖς
2919 1606 2986 1674 ε’ἷ.
3023 1613 3284 1689 Ἀλλαχοῦ
3326 1606 3380 1665 δὲ
3415 1601 3625 1663 καὶτὸν
3671 1603 3797 1660 Πα·

2195 1719 2323 1799 τέρα
2353 1716 2443 1775 καὶ
2475 1713 2628 1773 αὐτὸν
2659 1705 3048 1789 παραγενέσθαι
3077 1699 3236 1782 φησὶ,
3267 1694 3360 1756 καὶ
3395 1693 3560 1772 μονὴν
3593 1692 3797 1768 ποιεῖν,

2873 1797 2880 1799 _
3023 1795 3035 1799 _
3177 1788 3189 1799 ,
3499 1783 3509 1799 ,
3604 1783 3615 1799 ‘
3703 1781 3758 1799 Μ

2198 1809 2257 1867 τὸ
2306 1811 2400 1866 τοῦ
2445 1801 2746 1866 Σαϐελλίου
2788 1797 2962 1874 στόμα
3015 1781 3368 1872 ἐμφράττων,
3424 1783 3516 1844 καὶ
3564 1783 3656 1848 τὰς
3697 1781 3801 1840 δύο

2195 1896 2507 1962 ὑποστάσεις
2559 1891 2908 1971 παραδηλῶν.
2992 1881 3259 1943 Ἐνταῦθα
3332 1874 3387 1934 δὲ
3447 1871 3542 1945 τὴν
3591 1871 3802 1952 Ἀρείου

2199 1986 2391 2064 μανίαν
2426 1982 2762 2043 ἀναστέλλων
2783 2025 2797 2051 ,
2835 1976 2922 2035 τὸν
2956 1970 3179 2049 Πατέρα
3221 1966 3351 2048 φησὶ
3382 1963 3470 2023 διὰ
3503 1965 3664 2022 αὐτοῦ
3707 1986 3803 2039 γε-

2197 2076 2376 2135 νέσθαι
2409 2077 2461 2134 ἐν
2492 2073 2599 2138 τοῖς
2653 2073 2942 2146 μαθηταῖς,
2996 2090 3020 2114 ε
3067 2058 3153 2117 ἵνα
3205 2056 3440 2136 γινώσκῃ
3479 2056 3506 2112 6
3555 2053 3800 2130 κόσμος,

2198 2165 2278 2226 ὅτι
2327 2163 2390 2222 σύ
2441 2187 2507 2239 με
2552 2160 2892 2222 ἀπέστειλας.
2958 2178 2982 2205 ι
3018 2151 3265 2228 Συνεχίῦς
3315 2144 3370 2203 δὲ
3419 2147 3576 2203 τοῦτο
3617 2142 3804 2220 λέγει,

2197 2252 2397 2322 δεικνὺς
2435 2252 2530 2324 τὴν
2583 2249 2792 2330 εἰρήνην
2847 2239 3140 2318 δυναμένην
3193 2233 3596 2295 ἐπισπάσασθαι
3656 2255 3803 2290 παν-

2197 2343 2283 2411 τὸς
2310 2321 2509 2420 μᾶλλον
2542 2321 2784 2417 σημείου.
2834 2333 3056 2410 ²¹Ωσπερ
3096 2327 3197 2420 γὰρ
3229 2330 3262 2398 ἡ
3309 2323 3414 2405 ἔρις
3457 2321 3760 2382 διαλυτικὸν
3783 2367 3803 2401 ,

2198 2434 2359 2500 οὕτως
2396 2440 2430 2506 ἡ
2464 2427 2745 2510 συμφωνία
2778 2416 3223 2504 συγκρατητικόν.

2286 2546 2316 2578 ιι
2351 2521 2459 2582 Καὶ
2507 2500 2793 2597 ἠγάπησας
2848 2500 3065 2586 αὐτοὺς,
3112 2504 3287 2572 καθὼς
3335 2502 3431 2580 ἐμὲ
3485 2500 3801 2579 ἠγάπησας.

2202 2613 2384 2692 Πάτερ
2411 2655 2427 2684 ,
2477 2609 2563 2692 οὓς
2594 2604 2824 2670 δέδωκάς
2871 2625 2998 2679 μοι,
3043 2597 3180 2657 θέλω
3212 2593 3298 2652 ἵνα
3329 2591 3460 2650 ὅπου
3507 2590 3618 2666 εἰμὶ
3649 2589 3756 2668 ἐγὼ
3777 2637 3798 2666 ,

2199 2704 2434 2760 κάκεῖνοι
2473 2689 2574 2758 ὦσι
2607 2695 2720 2774 μετ’
2753 2697 2882 2771 ἐμοῦ
2902 2738 2918 2764 ,
2950 2688 3037 2747 ἵνα
3087 2687 3324 2765 θεωρῶσι
3365 2681 3462 2756 τὴν
3506 2680 3654 2748 δόξαν
3687 2680 3793 2752 τὴν

2202 2791 2369 2867 ἐμὴν,
2401 2789 2466 2861 ἣν
2500 2785 2731 2852 δέδωκάς
2785 2806 2871 2860 μοι
2894 2827 2911 2858 ,
2945 2781 3025 2840 ὅτι
3063 2773 3351 2854 ἠγάπησάς
3395 2796 3461 2848 με
3490 2770 3593 2849 πρὸ
3621 2794 3803 2828 κατα-

2205 2879 2364 2951 ϐολῆς
2393 2879 2615 2955 κόσμου.
2652 2901 2682 2933 ι)
2729 2874 2906 2934 Πάλιν
2938 2872 3160 2930 ἐνταῦθα
3194 2864 3289 2940 τὸ,
3327 2885 3358 2916 ιι
3399 2859 3601 2934 καθὼς,
3645 2883 3675 2916 ω
3729 2864 3810 2928 ὡς

2203 2970 2478 3047 ἄνθρωπον
2512 2968 2850 3045 ἀγαπηθῆναι
2899 2963 3162 3039 ἐγχωρεῖ,
3209 2953 3423 3024 νόηνον.
3470 2949 3653 3011 Εἰπὼν
3691 2950 3807 3008 τοί-

2129 3083 2176 3150 C
2209 3083 2295 3117 νυν
2319 3106 2333 3132 ,
2364 3058 2445 3119 ὅτι
2472 3057 2682 3117 ἔσονται
2713 3056 2766 3111 ἐν
2809 3047 3076 3131 ἀσφαλείᾳ
3096 3093 3111 3119 ,
3148 3043 3228 3102 ὅτι
3259 3042 3472 3100 ἔσονται
3516 3040 3686 3117 ἅγιοι,
3719 3039 3810 3099 ὅτι

2378 3149 2381 3150 ν
2619 3148 2626 3150 _
2837 3143 2853 3150 -
2887 3143 2899 3150 .
2971 3141 2986 3150 .
3061 3137 3074 3150 .
3200 3133 3225 3150 η
3376 3133 3479 3150 ης...
3559 3132 3575 3150 ,
3655 3131 3674 3150 κ
3739 3130 3753 3149 ι

2376 3149 2388 3170 \
2614 3148 2626 3166 I
2837 3143 2858 3162 κ
2886 3130 2899 3162 ἰ
2971 3141 2986 3160 τ
3061 3137 3076 3161 \
3194 3133 3225 3192 δ
3445 3135 3479 3148 ~
3559 3132 3575 3153 3
3739 3130 3753 3149 ι

2349 3174 2394 3208 οι
2443 3167 2786 3206 πιστευσουσι
2832 3156 2880 3200 ὸι
2931 3160 3148 3209 αυτους,
3225 3158 3274 3191 τι
3304 3133 3506 3201 πολλης
3547 3131 3808 3188 απολαυ-

2207 3262 2356 3299 σουσι
2386 3238 2567 3311 δόξης,
2595 3235 2740 3312 λέγει
2773 3230 2956 3291 λοιπὸν
2997 3225 3089 3285 καὶ
3119 3225 3367 3303 περὶτῶν
3399 3219 3535 3297 μετὰ
3580 3219 3676 3290 τὴν
3709 3222 3802 3278 ἐν-

2204 3334 2383 3388 τεῦθεν
2431 3324 2735 3402 ἀποδημίαν
2789 3317 3052 3400 βραϐείων
3099 3314 3192 3373 καὶ
3251 3310 3523 3390 στεφάνων
3575 3311 3802 3368 ἀποκει-

2207 3419 2378 3495 μένων
2431 3418 2628 3481 αὖτοῖς.
2673 3437 2701 3471 (ι
2748 3412 2909 3471 Θέλω
2959 3406 3096 3486 γὰρ,
3147 3401 3340 3485 φησὶν,
3389 3399 3477 3458 ἵνα
3523 3397 3654 3457 ὅπου
3688 3399 3806 3474 εἰμὶ

2206 3510 2344 3588 ἐγὼ,
2377 3507 2610 3567 κάκεῖνοι
2638 3495 2758 3563 ὦσι,
2799 3529 2822 3554 ι)
2879 3498 2988 3560 Καὶ
3032 3495 3120 3553 ἵνα
3153 3491 3227 3570 μὴ
3274 3495 3430 3550 τοῦτο
3462 3490 3691 3556 ἀκούσας
3716 3511 3810 3547 νο-

2209 3579 2398 3678 μίζῄς,
2431 3597 2511 3655 ὅτι
2542 3599 2634 3666 τ’ἤς
2679 3594 2842 3662 αὐτῆς
2875 3588 3020 3657 ἀξίας
3051 3588 3317 3662 ἐπιτυχεῖν
3355 3579 3660 3656 μέλλουσιν,
3686 3580 3808 3638 ἐπι-

2209 3667 2390 3768 ῲέρέιί
2423 3709 2451 3744 α
2484 3683 2572 3744 ἵνα
2605 3685 2843 3762 θεωρῶσι
2884 3679 2979 3751 τὴν
3030 3673 3191 3768 δόξαν
3212 3671 3306 3743 τὴν
3341 3668 3495 3746 ἐμήν.
3520 3696 3541 3719 υ
3587 3669 3669 3727 Οὐ
3700 3667 3809 3748 γὰρ

2208 3758 2372 3838 εἶπεν·
2422 3773 2508 3834 ἵνα
2566 3758 2912 3832 ἀπολαύσωσι
2964 3770 3057 3838 τ’ἧς
3107 3762 3258 3832 δόξης
3305 3764 3398 3830 τ’ἧς
3452 3760 3613 3834 ἐμῆς,
3683 3758 3811 3815 ἀλλ’

2209 3896 2233 3920 α
2288 3866 2376 3926 ἵνα
2428 3867 2714 3942 θεωρῶσιν.
2770 3887 2792 3911 υ
2847 3857 3133 3936 Ἀνθρώπῳ
3184 3849 3288 3930 γὰρ
3341 3847 3642 3914 ἀνάπαυσις
3702 3870 3808 3922 με-

2207 3957 2368 4036 γίστη
2401 3955 2462 4014 τὸ
2503 3959 2713 4030 θεωρεῖν
2736 3949 2822 4007 τὸν
2850 3947 2980 4007 Υἱον
3012 3951 3102 4003 τοῦ
3133 3943 3298 4002 Θεοῦ”
3340 3941 3494 3995 τοῦτο
3529 3937 3634 4015 γὰρ
3678 3935 3808 4004 δόξα

2207 4024 2341 4105 πᾶσι
2392 4053 2496 4111 τοῖς
2539 4024 2716 4109 ἀξίοις
2761 4039 2789 4097 ὃ
2833 4037 2924 4097 καὶ
2975 4035 3190 4097 Παῦλος
3231 4027 3391 4105 λέγει·
3445 4053 3472 4078 ‹‹
3513 4024 3704 4101 Ἡμεῖς
3747 4025 3808 4084 δὲ

2211 4130 2706 4211 ἀνακεκαλυμμένῳ
2757 4124 3027 4206 προσώπῳ
3079 4121 3176 4192 τὴν
3211 4117 3361 4186 δόξαν
3415 4114 3617 4195 Κυρίου
3671 4137 3805 4173 κατ-

2212 4224 2600 4303 οπτριζόμενοι.
2629 4244 2656 4277 ))
2696 4218 2946 4278 Δείκνυσι
2975 4211 3030 4272 δὲ
3060 4214 3292 4270 ἐντεῦθεν
3316 4251 3331 4280 ,
3368 4204 3448 4264 ὅτι
3486 4208 3588 4283 οὐχ
3615 4201 3804 4277 οὕτως,

2211 4312 2392 4394 ὥσπερ
2426 4320 2514 4373 νῦν
2568 4314 2756 4390 ὁρᾶται
2791 4307 3000 4376 αὐτοῖς,
3045 4305 3097 4361 ἐν
3133 4301 3332 4358 εὐτελεῖ
3385 4292 3629 4374 σχήματι
3680 4297 3813 4372 ὁρα-

500 4420 759 4495 gloriam,
786 4416 990 4490 inquit,
1013 4429 1080 4470 eo
1105 4410 1258 4485 quod
1290 4434 1314 4459 ιι
1346 4408 1604 4465 dilexeris
1634 4422 1739 4462 me.
1768 4429 1793 4453 »
1821 4407 2090 4460 Insertum

2218 4407 2434 4479 θήσεται
2465 4403 2584 4463 τότε
2604 4450 2618 4473 ,
2663 4398 2780 4459 ἀλλ’
2812 4401 2864 4457 ἐν
2913 4393 3038 4473 δόξῃ
3152 4380 3263 4468 εἶχε
3314 4415 3337 4440 α
3368 4385 3471 4464 πρὸ
3501 4381 3814 4456 καταϐολῆς

2591 4483 2621 4495 ~
2754 4486 2794 4495 ,ι
2987 4484 2999 4495 ι
3162 4479 3174 4495 Ι
3349 4475 3366 4495 \
3457 4473 3534 4495 6"
3677 4473 3702 4495 δ
3741 4471 3754 4490 Ῐ

499 4510 647 4568 enim
675 4517 778 4578 est,
823 4531 848 4556 ιι
879 4505 1024 4576 Quia
1053 4500 1292 4560 dilexisti
1336 4514 1446 4555 me.
1484 4522 1508 4547 »
1541 4498 1715 4569 Igitur
1754 4495 1894 4552 sicut
1933 4508 2093 4565 supe-

496 4600 614 4657 rius
632 4599 768 4656 dixit
786 4613 798 4652 :
815 4619 853 4663 ,α
873 4592 1132 4652 Glorilica
1152 4589 1421 4663 megloria
1432 4603 1602 4660 quam
1617 4583 1781 4642 habui
1797 4591 2098 4654 antequam

498 4689 739 4746 mundus
762 4691 907 4742 esset
938 4701 952 4739 :
990 4705 1016 4732 υ
1047 4683 1118 4737 ita
1154 4688 1211 4736 et
1238 4694 1388 4735 nunc
1421 4700 1446 4726 «ι
1479 4684 1606 4732 ante
1630 4673 1914 4732 conditum
1936 4687 2098 4727 mun-

498 4777 638 4835 dum
667 4800 692 4825 ››
716 4775 820 4832 sibi
839 4774 1031 4829 datam
1049 4770 1278 4844 gloriam
1299 4767 1479 4839 inquit
1495 4765 1736 4823 deitatis.
1763 4762 1934 4820 Dedit
1955 4761 2102 4817 enim

498 4867 548 4923 ei
575 4880 765 4923 revera
793 4867 958 4920 Pater
987 4861 1270 4927 deitatem,
1301 4866 1364 4913 ut
1403 4860 1560 4912 Pater
1596 4855 1731 4910 Filio
1761 4849 2100 4910 naturaliter.

496 4958 644 5014 Nam
694 4953 822 5026 quia
881 4951 1070 5025 genuit
1121 4964 1272 5014 eum,
1323 4945 1638 5003 necessario
1691 4943 1857 5000 etiam
1913 4941 2102 5015 gloria:

499 5053 689 5104 auctor
718 5043 825 5101 fuit
855 5050 911 5100 et
949 5037 1349 5113 suppeditator,
1403 5034 1495 5108 qui
1539 5032 1864 5091 substantiae
1911 5037 2102 5087 auctor

497 5134 723 5193 dicitur.

507 5423 509 5426 ‘
569 5420 746 5475 Vnns.
799 5420 892 5483 25,
925 5417 1015 5470 26.
1052 5434 1079 5462 α
1125 5414 1285 5468 Pater
1317 5409 1488 5482 juste,
1529 5414 1586 5463 et
1633 5404 1873 5463 mundus
1905 5412 1962 5461 te
1987 5420 2100 5461 non

499 5507 773 5579 cognovit,
804 5521 906 5576 ego
931 5511 1124 5560 autem
1151 5509 1206 5556 te
1235 5498 1470 5571 cognovi
1514 5516 1526 5552 :
1559 5506 1614 5553 et
1649 5495 1708 5551 hi
1727 5504 2102 5567 cognoverunt

501 5594 652 5668 quod
678 5603 740 5651 tu
766 5609 858 5649 me
885 5591 1120 5648 miseris.
1154 5592 1224 5646 Et
1251 5597 1446 5644 notum
1472 5585 1579 5643 feci
1603 5587 1680 5644 eis
1706 5601 1912 5643 nomen
1939 5591 2096 5643 tuum

574 5746 621 5784 su
648 5747 814 5802 Joan.
843 5758 974 5813 xiv,
998 5748 1084 5798 23.
1107 5739 1154 5774 ³ο
1179 5743 1228 5797 ll
1266 5743 1392 5798 Cor.
1423 5755 1514 5809 IlI,
1551 5740 1666 5807 18.}

2211 4500 2438 4575 κόσμου.
2475 4517 2502 4552 )›
2548 4483 2716 4572 Εἶχον
2749 4486 2838 4559 δὲ,
2879 4484 3040 4566 φησὶ,
3077 4479 3277 4549 ταύτην
3307 4475 3404 4548 τὴν
3452 4473 3601 4542 δόξαν
3625 4516 3640 4545 ,
3673 4471 3816 4532 διότι

2212 4613 2235 4641 α
2274 4583 2555 4664 ἠγάπησάς
2585 4600 2668 4656 με’
2707 4603 2736 4635 »
2772 4576 2858 4634 διὰ
2895 4574 3058 4648 μέσου
3104 4569 3206 4648 γὰρ
3237 4567 3409 4625 κεῖται
3437 4564 3530 4639 τὸ,
3567 4583 3598 4621 σ
3637 4560 3816 4638 Ἠγά-

2883 4655 2915 4664 -
3044 4661 3052 4664 -
3124 4661 3134 4664 -
3268 4657 3279 4664 -
3407 4644 3435 4664 α’
3645 4654 3657 4664 .
3694 4649 3732 4664 ρ.

2211 4676 2388 4749 πησάς
2419 4696 2507 4752 με.
2544 4698 2568 4724 ιο
2607 4667 2824 4746 εὨσπερ
2856 4655 2944 4723 οῦν
2973 4661 3065 4721 καὶ
3109 4657 3356 4735 ἀνωτέρω
3389 4644 3522 4712 εἶπε·
3573 4649 3812 4752 «τΔόΕα-

2217 4729 2386 4749 ’τί-’π
2419 4729 2506 4752 τη-
2800 4729 2809 4746 ι
3285 4729 3295 4735 .

2213 4766 2302 4826 σόν
2339 4787 2404 4842 με
2531 4759 2649 4838 δόξῃ
2672 4802 2687 4830 ,
2781 4747 2925 4834 εἶχον
2956 4751 3058 4831 πρὸ
3094 4755 3186 4807 τοῦ
3214 4748 3300 4804 τὸν
3347 4745 3546 4818 κόσμον
3591 4729 3744 4798 εἶναι·
3768 4761 3801 4798 ››

2211 4855 2350 4914 οὕτω
2405 4852 2494 4912 καὶ
2545 4855 2637 4908 νῦν
2688 4870 2717 4905 ιι
2741 4846 2845 4925 πρὸ
2887 4839 3194 4909 καταϐολῆς
3245 4833 3447 4909 κόσμου
3512 4829 3816 4889 «δεδόσθαι

2213 4947 2358 5024 αὐτῷ
2391 4943 2486 5013 τὴν
2520 4940 2670 5009 δόξαν
2711 4935 2842 5017 φησὶ
2884 4936 2977 5004 τῆς
3009 4929 3271 5001 θεότητος.
3320 4923 3530 4984 Δέδωκε
3578 4918 3680 4996 γὰρ
3711 4917 3810 4977 ὄν·-

2213 5058 2314 5101 τως
2329 5009 2485 5112 ⁸αὐτίξὶ
2523 5035 2550 5088 6
2574 5009 2770 5106 Πατῆρ
2795 5024 2890 5096 τὴν
2941 5019 3166 5091 θεότητα
3188 5062 3204 5090 ,
3237 5019 3307 5080 ὣς
3337 5011 3531 5089 Πατὴρ
3567 5009 3680 5088 Υἱῷ
3710 5032 3815 5089 φυ-

2215 5127 2392 5190 σικῶς.
2447 5119 2604 5181 Ἐπεὶ
2652 5116 2755 5196 γὰρ
2805 5112 3076 5190 ἐγέννησεν
3127 5103 3320 5177 αὐτὸν,
3368 5097 3672 5176 ἀναγκαίως
3717 5098 3819 5158 καὶ

2213 5219 2306 5286 τῆς
2353 5212 2503 5286 δόξης
2540 5188 2852 5275 ainde-xui
2891 5196 3156 5280 παροχεὺς
3205 5198 3233 5252 6
3279 5198 3374 5266 τῆς
3416 5189 3597 5256 οὖσίας
3649 5188 3820 5256 αἴτιος

2211 5304 2444 5383 λέγεται.

2313 5414 2343 5451 α
2391 5391 2573 5468 Πάτερ
2619 5386 2821 5456 δίκαιε,
2862 5379 2953 5442 καὶ
2995 5383 3022 5438 6
3062 5376 3257 5453 κόσμος
3287 5395 3347 5432 σε
3373 5371 3473 5430 οὖκ
3498 5367 3666 5447 ἔγνω,
3703 5365 3813 5446 ἐγὼ

2228 5481 2286 5541 δέ
2334 5504 2391 5540 σε
2442 5481 2622 5559 ἔγνων·
2683 5474 2772 5532 καὶ
2820 5462 2963 5530 οἷτοι
3010 5467 3280 5546 ἔγνωσαν,
3325 5462 3408 5520 ὅτι
3449 5456 3514 5517 σύ
3559 5480 3626 5535 με
3672 5455 3817 5515 ἀπέ-

2223 5575 2452 5639 στειλας.
2515 5561 2932 5646 Καὶνξέγνώρισα
2974 5553 3257 5636 αὐτοῖςητὸ
3307 5548 3476 5630 ὄνομά
3506 5570 3662 5630 ⁸μου,
3716 5545 3816 5604 καὶ
