4128 6440
324 467 427 523 241
1104 464 1496 523 ΕΝΑΗΒΛΤΙΟ
1534 465 1600 522 ΙΝ
1638 463 1917 522 ΕνΑΝϐΕῘ

2024 462 2075 519 Μ
2108 462 2410 521 JOANNIS.
2451 492 2520 504 --
2557 461 2712 520 CAP.
2752 463 2942 519 XVIII.

437 591 597 673 ρίσω·
644 590 743 652 ἵνα
780 595 817 665 ἡ
847 592 1071 674 ἀγάπη,
1108 591 1177 663 ἣν
1221 590 1511 672 ἠγάπησάς
1540 614 1607 669 με
1628 635 1644 665 ,
1694 592 1747 649 ἔν
1778 592 1917 650 αὕτοῐ

326 616 578 754 {tam
613 685 670 742 ἐν
702 684 910 751 αὐτοῖς.
955 705 988 743 n
1026 682 1252 754 Ἐπειδὴ
1296 680 1418 754 περὶ
1461 683 1568 741 τῶν
1595 678 1917 740 πιστευόντω

2024 630 2037 655 ι
2066 595 2123 645 et
2149 596 2352 647 notum
2393 586 2619 656 faciam,
2669 595 2734 645 ut
2772 586 2995 645 dilectio
3038 601 3152 660 qua
3188 585 3423 644 dilexisti
3451 602 3563 657 me,
3606 588 3664 646 in

2059 677 2197 750 ipsis
2238 678 2331 746 sit,
2387 686 2443 735 et
2467 693 2570 751 ego
2599 677 2657 733 in
2694 677 2847 751 ipsis.
2888 698 2917 728 «
2961 678 3265 750 Postquam
3309 676 3663 736 credentibus

336 726 389 761 ιιι

417 680 578 762 κάγὼ
613 685 670 742 ἐν
702 684 910 751 αὐτοῖς.
955 705 988 743 n
1026 682 1252 755 Ἐπειδὴ
1296 680 1418 763 περὶ
1461 683 1568 741 τῶν
1595 678 1948 740 πιστευόντων

329 776 553 830 τοιαῦτα
583 771 798 844 ηὔξατο
818 819 837 847 ,
876 773 973 833 καὶ
1007 777 1241 833 τοσαῦτα
1272 774 1449 839 αὐτοῖς
1475 771 1651 849 ἀγαθὰ
1678 792 1949 850 προεμνη-

334 860 636 935 στεύσατο,
672 864 808 944 φησὶ
853 863 1043 924 λοιπὸν
1075 861 1447 943 εὖσπλαγχνόν
1496 884 1548 921 τι
1578 859 1671 920 xui
1712 862 1807 931 τῆς
1851 862 1945 919 αὖ·

339 955 424 1010 τοῦ
453 952 863 1033 φιλανθρωπίας
887 953 1050 1024 ἄξιον.
1091 974 1120 1013 α
1144 952 1328 1031 Πάτερ
1363 951 1487 1032 γὰρ,
1519 948 1667 1031 φησὶ,
1693 949 1885 1024 δίκαιε,
1908 974 1941 1007 ι

338 1038 441 1119 ἐγὼ
487 1038 588 1119 μὲν
643 1043 950 1122 ἐϐουλόμην
1001 1043 1095 1105 xui
1143 1044 1348 1110 πάντας
1403 1039 1708 1121 ἀνθρώπους
1761 1046 1942 1118 τυχεῖν

340 1132 444 1187 τῶν
491 1128 747 1191 τοιούτων
809 1136 1058 1213 ἀγαθῶν,
1099 1124 1184 1193 οἶα
1227 1129 1294 1204 δὴ
1337 1129 1651 1207 ἐπηυξάμην
1696 1135 1805 1195 τοῖς
1854 1151 1942 1186 πι-

346 1219 517 1293 στοῖς,
562 1222 681 1281 ἀλλ’
718 1225 817 1283 οὖκ
864 1223 1102 1302 ἔγνωσάν
1170 1247 1228 1283 σε
1248 1267 1265 1299 ,
1297 1221 1377 1281 διὸ
1416 1219 1510 1279 καὶ
1567 1216 1939 1286 ἀποτεύξονται

343 1312 439 1377 τῆς
470 1308 619 1384 δόξης
647 1312 743 1373 καὶ
786 1317 893 1374 τῶν
926 1313 1222 1396 βραϐείων,
1276 1333 1304 1369 (ι
1331 1311 1436 1390 ἐγὼ
1471 1307 1528 1369 δέ
1568 1331 1629 1369 σε
1679 1306 1860 1385 ἔγνων.
1904 1337 1934 1369 n

334 1398 648 1460 Αἷνίττεται
684 1401 740 1461 δὲ
772 1406 998 1464 ἐνταῦθα
1039 1405 1131 1464 xui
1161 1402 1280 1469 τοὺς
1318 1399 1610 1467 Ἰουδαίους
1633 1442 1650 1473 ,
1679 1397 1732 1457 οἳ
1757 1397 1938 1479 ἔλεγον

336 1487 627 1564 γινώσκειν
681 1491 772 1551 τὸν
808 1494 986 1569 Θεὸν,
1040 1492 1131 1554 καὶ
1163 1493 1423 1552 δείκνυσιν
1455 1488 1640 1557 αὖτοὺς
1690 1489 1767 1566 μὴ
1820 1492 1933 1550 ἐπι-

328 1578 702 1656 γινώσκοντος
752 1581 841 1642 τὸν
913 1584 1153 1664 Πατέρα·
1207 1581 1407 1660 κόσμον
1458 1578 1562 1659 γὰρ
1616 1578 1738 1647 τοὺς
1794 1580 1937 1642 Ἰου-

328 1666 517 1735 δαίους
563 1670 701 1751 φησὶ
728 1673 1028 1753 πολλαχοῦ.
1090 1671 1198 1734 Καὶ
1240 1674 1290 1732 οἱ
1337 1670 1433 1749 μὲν
1462 1669 1715 1730 Ἰουδαῖοί
1744 1693 1934 1750 φασιν,

326 1753 411 1815 ὅτι
440 1760 539 1818 οὐκ
571 1763 891 1831 ἂπέστειλάς
942 1788 1011 1841 με
1053 1761 1153 1835 σὺ“,
1202 1760 1308 1841 ἐγὼ
1353 1759 1408 1821 δὲ
1446 1782 1478 1820 (ι
1517 1759 1718 1828 τούτοις
1751 1784 1781 1817 ao
1826 1770 1933 1832 τοῖς

3557 464 3664 521 242

2059 677 2197 750 ipsis
2238 678 2331 746 sit,
2387 686 2443 735 et
2467 693 2570 751 ego
2599 677 2657 733 in
2694 677 2847 751 ipsis.
2888 698 2917 728 «
2961 678 3265 750 Postquam
3309 676 3663 736 credentibus

2056 763 2174 823 haec
2226 775 2476 840 precatus
2528 775 2633 833 est,
2688 773 2744 823 et
2783 774 2932 824 tanta
2975 765 3054 822 eis
3106 766 3253 823 bona
3293 766 3654 834 conciliasset,

2054 854 2189 912 dicit
2230 855 2491 928 quiddam
2533 856 2723 914 multae
2763 855 3153 914 misericordiae
3195 864 3252 913 et
3299 855 3656 928 benignitatis

2052 945 2292 1017 plenum.
2329 968 2356 995 ε
2386 947 2550 1003 Pater
2591 945 2760 1018 enim,
2793 945 2991 1018 inquit,
3017 945 3188 1018 juste,
3226 968 3252 996 ιο
3296 960 3398 1019 ego
3427 944 3655 1018 quidem

2052 1048 2249 1091 omnes
2293 1034 2547 1093 homines
2591 1034 2712 1093 hac
2750 1035 2901 1093 bona
2945 1035 3158 1108 assequi
3205 1034 3425 1104 vellem,
3467 1035 3653 1107 qualia

2050 1131 2300 1194 precatus
2368 1139 2495 1181 sum
2567 1123 2854 1192 ﬁdelibus;
2919 1123 3016 1182 sed
3096 1140 3208 1181 non
3274 1130 3653 1197 cognoverunt

2049 1219 2127 1281 te,
2182 1213 2310 1271 ideo
2365 1204 2730 1286 privabuntur
2783 1213 3030 1286 prmmiis
3084 1222 3141 1270 et
3198 1213 3392 1287 gloria.
3443 1234 3471 1262 α
3530 1215 3649 1287 Ego

2049 1309 2239 1357 autem
2280 1310 2336 1359 te
2371 1302 2624 1376 cognovi.
2683 1325 2709 1352 ν
2767 1304 3084 1375 Carpuutur
3129 1309 3315 1358 autem
3365 1301 3473 1359 hoc
3522 1301 3647 1359 loco

2045 1396 2102 1445 et
2161 1389 2364 1459 Judaei,
2435 1392 2533 1465 qui
2592 1406 2653 1449 se
2715 1390 2979 1449 dicebant
3033 1406 3365 1464 cognoscere
3441 1392 3646 1461 Deum,

2043 1485 2100 1534 et
2153 1480 2401 1537 ostendit
2461 1495 2558 1538 eos
2624 1496 2738 1538 non
2790 1495 3124 1553 cognoscere
3186 1483 3426 1537 Patrem.
3481 1482 3646 1538 Mun-

2043 1566 2179 1625 dum
2237 1569 2389 1626 enim
2441 1569 2668 1629 Judmos
2726 1569 2860 1627 dicit
2923 1569 3144 1642 sapius.
3187 1571 3255 1626 Et
3290 1567 3470 1627 Judaei
3518 1570 3646 1642 qui-

2038 1655 2167 1714 dem
2203 1657 2416 1729 dicunt,
2466 1659 2616 1731 quod
2655 1668 2717 1715 tu
2744 1674 2859 1715 non
2902 1673 2992 1716 me
3034 1659 3273 1731 miseris,
3317 1674 3424 1732 ego
3451 1667 3644 1718 autem

2044 1768 2070 1794 ι
2112 1744 2200 1803 his
2250 1770 2274 1797 ο
2334 1747 2614 1821 discipulis
2642 1747 2782 1805 meis
2829 1770 2854 1797 α
2900 1755 2957 1805 et
2994 1763 3201 1805 nomen
3247 1756 3413 1805 tuum
3440 1748 3641 1822 cogni-

327 1850 602 1950 μαθηταῖς
654 1875 758 1927 μου
820 1874 852 1912 u
894 1834 989 1913 xui
1040 1834 1298 1932 ἐγνώρισα
1349 1850 1410 1911 τὸ
1453 1847 1622 1927 ὄνομά
1653 1871 1778 1924 σου,
1841 1853 1917 1913 xu‘

2041 1841 2162 1891 tum
2224 1834 2345 1905 feci,
2401 1844 2457 1894 et
2500 1844 2702 1893 notum
2753 1835 2974 1893 faciam.
3024 1859 3051 1887 ιο
3105 1837 3404 1908 Quomodo
3452 1846 3642 1896 autem

2039 1931 2232 1950 ..ιιι-ε...
2267 1925 2500 1950 Γ.-ε.....·ι
2525 1926 2683 1950 In---
2712 1926 2786 1950 -2-
2812 1926 3015 1950 0_:...'n.--
3046 1934 3235 1950 --...-l.-
3295 1925 3386 1950 ---ξ
3424 1948 3439 1950 ,κ
3474 1926 3606 1950 .‘...I-.

324 1934 603 2016 γνωρίσω.
636 1961 669 1998 n
727 1943 855 2009 Πῶς
903 1943 959 2002 δὲ
1015 1941 1296 2021 γνωρίσω;
1356 1940 1711 2020 Ἐπιπέμψας
1759 1941 1936 2010 αὐτοῖς

326 2024 389 2084 16
420 2027 654 2107 Πνεῦμα
680 2075 697 2103 ,
731 2028 761 2089 6
800 2052 827 2087 (ι
857 2030 1108 2109 ὁδηγήσει
1138 2030 1323 2099 αὐτοὺς
1364 2032 1440 2098 εἷς
1464 2038 1646 2089 πᾶσαν
1669 2029 1765 2101 τὴν
1797 2030 1933 2104 ἄλη-

325 2118 497 2178 θειαν.
534 2144 561 2169 ι
607 2121 720 2180 Καὶ
772 2119 862 2180 ἐὰν
914 2120 1130 2198 μάθωσι
1166 2121 1244 2188 τίς
1272 2120 1337 2180 σὺ
1360 2166 1377 2195 ,
1418 2119 1539 2180 τότε
1578 2138 1605 2176 (ι
1642 2123 1675 2190 ἡ
1714 2121 1929 2198 ἀγάπη,

322 2203 393 2277 ἦν
436 2205 731 2283 ἠγάπησάς
779 2234 881 2289 με,
929 2213 982 2270 ἐν
1015 2213 1244 2279 αὐτοῖς»
1286 2212 1468 2283 ἔσται,
1516 2237 1540 2262 σι
1570 2208 1720 2286 κάγὼ
1751 2213 1803 2270 ἐν
1835 2213 1930 2269 αὖ-

322 2304 450 2359 τοίςο
498 2322 525 2349 ι
577 2297 885 2360 Γνώσονται
917 2299 1057 2383 γὰρ,
1090 2301 1171 2361 ὅτι
1213 2302 1307 2361 οὐκ
1355 2299 1748 2380 ἆπεσχισμένος
1790 2300 1927 2380 ἐγὼ,

322 2383 467 2443 ἀλλὰ
516 2390 624 2445 τῶν
670 2391 872 2471 σφόδρα
921 2389 1330 2468 πεφιλημένων,
1384 2391 1477 2449 xui
1524 2388 1737 2467 γνήσιος
1801 2392 1929 2458 Υἱὸς

318 2473 410 2533 καὶ
476 2480 837 2554 συνημμένος.
924 2479 1265 2561 Ἐπιγνόντες
1317 2479 1372 2539 δὲ
1433 2483 1628 2552 τοῦτο,
1680 2479 1773 2538 xui
1826 2479 1925 2553 τὴν

320 2562 504 2624 πίστιν
537 2566 638 2640 τὴν
667 2572 741 2635 εἷς
785 2569 881 2649 ἐμὲ
907 2615 924 2645 ,
959 2572 1051 2631 xui
1088 2570 1185 2643 τὴν
1228 2570 1442 2648 ἀγάπην
1473 2567 1799 2648 τηρήσουσι,
1833 2570 1925 2630 xui

318 2654 510 2714 λοιπὸν
579 2659 634 2715 ἐν
708 2661 884 2727 αὐτοῖς
950 2663 1092 2738 μενῶ
1151 2660 1256 2741 ἐγὼ
1327 2659 1581 2727 τοιούτοις
1646 2649 1794 2732 οὖσι,
1863 2659 1923 2719 σέ

316 2766 373 2803 τε
425 2746 798 2826 ἐπεγνωκόσι,
863 2750 1003 2827 κάμὲ
1055 2755 1127 2820 ὡς
1176 2750 1317 2812 θεὸν
1385 2752 1617 2827 τιμῶσι,
1670 2747 1767 2808 καὶ
1826 2750 1923 2823 τὴν

314 2834 446 2916 πρὸς
470 2834 573 2915 ἐμὲ
602 2837 787 2898 πίστιν
819 2843 1072 2920 τηροῦσιν
1103 2840 1570 2921 ἀπαρασάλευτον.

874 2954 1169 3016 ΚΕΦΑΛ.
1211 2955 1336 3014 ΙΗ’.

311 3052 430 3115 Πιρὶ
450 3059 553 3120 -τῆς
585 3054 908 3115 παραδόσεως
928 3060 1016 3105 τοῦ
1040 3056 1223 3114 Ἰησοῦ.
1265 3057 1385 3120 Περὶ
1409 3060 1505 3105 τῶν
1541 3055 1789 3106 Ἰουδαίων
1826 3073 1919 3120 xu-

373 3118 468 3176 μαὶ
500 3119 776 3183 πεσόντων.
800 3120 941 3183 ,Περί
966 3124 1054 3167 τοῦ
1080 3122 1267 3183 Πέτρου
1302 3118 1641 3183 ἀποκόψαντος
1678 3121 1736 3169 τὸ
1776 3118 1920 3169 ὠτίον

370 3184 443 3240 τῷ
469 3185 561 3246 τῷ
600 3182 872 3244 ἀρχιερέως
902 3181 1088 3245 δούλῳ.
1123 3181 1239 3243 Περὶ
1274 3181 1572 3246 τοῠγἾησοῦ
1610 3184 1918 3246 ἀπαγομένου

367 3245 491 3308 πρὸς
522 3244 725 3305 Ἄνναν,
760 3247 847 3294 xui
872 3244 1122 3309 Καϊάφαν,
1154 3246 1235 3294 καὶ
1266 3245 1494 3295 Πιλᾶτον.

400 3365 423 3389 ι
472 3340 677 3399 Ταῦτα
708 3338 875 3399 εἰπὼν
902 3345 932 3400 6
960 3339 1168 3413 Ἰησοῦς
1186 3384 1202 3410 ,
1244 3339 1424 3412 ἐξῆλθε
1455 3338 1551 3398 σὺν
1595 3346 1703 3406 τοῖς
1746 3344 1917 3415 μαθη-

307 3432 426 3510 ταῖς
454 3430 618 3487 αὐτῶ
653 3430 827 3509 πέραν
866 3436 961 3489 τοῦ
996 3430 1290 3510 χειμάρῤου
1328 3422 1432 3489 τῶν
1484 3428 1730 3510 Κέδρων,
1782 3428 1914 3489 ὅπου

306 3504 378 3586 ἦν
435 3519 622 3587 κῆπος·
668 3504 742 3587 εἷς
778 3519 836 3580 8v
892 3504 1134 3592 εἰσ-ἦλθεν
1170 3504 1373 3593 αὐτὸς,
1426 3517 1522 3579 xui
1570 3504 1617 3576 οί
1675 3520 1912 3595 μαθηταὶ

312 3605 511 3667 αὐτοῦ.
552 3603 711 3692 "liuet
744 3610 801 3669 δὲ
848 3611 940 3670 καὶ
975 3609 1212 3687 Ἰούδας,
1263 3612 1292 3667 6
1344 3606 1668 3689 παραδιδοὺς
1714 3608 1910 3682 αὐτὸν,

308 3693 410 3752 τὸν
445 3696 629 3756 τόπον·
661 3697 737 3758 ὅτι
760 3698 1018 3768 πολλάκις
1059 3700 1297 3778 συνήχθη
1321 3702 1350 3757 6
1392 3699 1598 3770 Ἰησοῦς
1634 3701 1743 3758 ἐκεῖ
1772 3698 1910 3775 μετὰ

310 3786 426 3843 τῶν
453 3791 708 3860 μαθητῶν
734 3791 918 3850 αὐτοῦ.
950 3818 974 3842 ιι
1022 3791 1141 3850 Οὔκ
1186 3780 1331 3847 εἶπεν
1353 3833 1370 3861 ,
1403 3787 1488 3847 ὅτι
1529 3792 1720 3849 Ταῦτα
1750 3786 1909 3857 εὐξά-

310 3895 470 3957 μενος
488 3880 519 3935 6
546 3878 767 3953 Ἰησοῦς,
793 3879 957 3957 ἀλλὰ,
991 3901 1022 3938 ιι
1050 3882 1240 3939 Ταῦτα
1262 3877 1445 3936 εἰπών.
1472 3900 1500 3937 ι)
1542 3879 1624 3938 Οὐ
1652 3876 1907 3957 γὰρξεῦχὴ

308 3953 375 4035 ἦν
404 3964 465 4025 τὸ
490 3976 751 4047 πρᾶγμα,
790 3953 1254 4045 ἆλλὰνδιαλαλιὰ,
1295 3969 1423 4047 πρὸς
1466 3967 1527 4027 τὸ
1560 3953 1678 4034 τοὺς
1727 3953 1908 4043 μαθη-

303 4052 401 4121 τάς
444 4058 945 4137 παραμυθήσασθαι
992 4058 1269 4136 γενομένη.
1352 4057 1550 4119 Μέσων
1600 4057 1656 4116 δὲ
1704 4061 1909 4117 νυκτῶν

298 4146 597 4226 ὁδοιπορεῖ,
656 4148 751 4206 καὶ
808 4152 1053 4226 ποταμὸν
1126 4148 1416 4221 διαϐαίνει,
1471 4147 1566 4207 xui
1639 4146 1907 4225 ἐπείγεται

294 4236 428 4313 πρὸς
455 4237 553 4295 τὸν
595 4241 676 4318 τῷ
711 4239 944 4319 προδότῃ
995 4237 1259 4319 γνώριμον
1314 4239 1476 4297 τόπον
1521 4239 1718 4311 ἐλθεῖν,
1772 4238 1905 4294 ἑαυ-

292 4325 385 4383 τὸν
427 4325 702 4393 ἐπιδιδοὺς
729 4335 838 4393 τοῖς
884 4332 1143 4409 φονεῦσιν·
1186 4326 1277 4386 ἵνα
1324 4326 1465 4407 δείξῃ
1505 4326 1587 4385 ὅτι
1636 4323 1771 4385 ἑκὼν
1816 4324 1905 4384 ἐπὶ

294 4413 359 4472 τὸ
404 4417 579 4483 πάθος
633 4415 884 4496 ἔρχεται,
938 4416 1032 4476 xui
1067 4415 1156 4475 τὸν
1212 4418 1301 4476 ἐπὶ
1470 4414 1688 4488 ζητήσει
1738 4412 1903 4473 κόπον

294 4505 551 4565 ἐκκόπτει
587 4513 703 4571 τοῖς
742 4506 1036 4617 Ἰουδαίοις.
1067 4504 1191 4565 Ἵνα
1222 4505 1326 4587 γὰρ
1368 4506 1442 4583 μὴ
1478 4503 1898 4617 συντρίϐωνται,
1930 4553 1981 4617 D

290 4596 422 4673 17:6:
472 4599 694 4656 κάκεῖσε
737 4595 1179 4677 περιερχόμενοι,
1228 4596 1321 4655 xui
1378 4601 1650 4668 ζητοῦντες
1709 4593 1899 4667 αὐτὸν,

296 4682 511 4744 ἄπεισιν
546 4686 703 4754 αὐτὸς
734 4688 864 4766 πρὸς
912 4686 1133 4760 αὐτοὺς,
1161 4686 1255 4746 xui
1307 4688 1379 4754 εἶς
1423 4686 1519 4753 τὰς
1566 4692 1750 4765 χεῖρας
1802 4685 1895 4741 αὖα

294 4776 405 4831 τῶν
458 4775 649 4852 βάλλει
694 4776 899 4835 ἔαυτόν·
950 4775 1130 4855 ὥσπερ
1177 4775 1281 4857 γὰρ
1328 4774 1383 4834 ἔν
1410 4799 1510 4834 τινι
1549 4770 1896 4852 δεσμωτηρίῳ

293 4865 373 4941 τῷ
415 4865 576 4945 κήπῳ
620 4864 942 4943 εὑρίσκεται.
1003 4864 1130 4926 Ἵνα
1171 4866 1226 4926 δὲ
1269 4864 1345 4945 μὴ
1397 4863 1651 4942 νομίσῃς,
1704 4860 1787 4920 δτι
1825 4864 1896 4927 ὣς

290 4956 658 5031 κρυπτόμενος
697 4955 1038 5036 ἀνεχώρησεν
1086 4960 1157 5021 εἰς
1210 4957 1301 5015 τὸν
1330 4958 1539 5027 κῆπον,
1588 4950 1824 5033 ἐπιφέρει
1866 4952 1896 5009 6

290 5044 710 5122 εὖαγγελιστῆς,
734 5045 818 5105 ὅτι
850 5068 884 5103 u
915 5044 1074 5131 ⁷ῌδει
1105 5046 1197 5105 xui
1231 5049 1260 5104 6
1282 5045 1485 5112 Ἰούδας
1518 5042 1610 5102 τὸν
1655 5041 1839 5102 τόπον.
1869 5067 1894 5094 ι»

282 5132 469 5195 Ὠς-η
525 5135 732 5211 μᾶλλον
795 5130 1097 5216 φανερῶσαι
1147 5134 1330 5195 ἑαυτὸν
1383 5135 1580 5206 θέλων,
1629 5132 1748 5191 ἀλλ’
1797 5130 1894 5190 οὐκ

282 5223 743 5305 ἀποκρύψασθαι,
798 5227 870 5291 εἷς
924 5230 1106 5285 τοῦτον
1159 5225 1248 5284 τὸν
1304 5223 1466 5283 τόπον
1512 5219 1886 5303 παραγίνεται.

287 5339 315 5366 ι
354 5312 517 5398 ’ῌδει
551 5312 606 5372 δὲ
651 5317 680 5372 6
708 5312 916 5381 Ἰούδας
957 5313 1048 5373 τὸν
1078 5313 1266 5387 τόπον,
1296 5315 1430 5372 διότι
1471 5316 1584 5372 ἐκεῖ
1637 5308 1893 5375 πολλάκις

284 5397 527 5485 συνήχθη
580 5407 610 5463 6
655 5405 890 5475 Ἰησοῦς.
949 5431 976 5457 ιι
1041 5404 1131 5464 Τὰ
1169 5402 1272 5483 γὰρ
1332 5402 1511 5482 ἔρημα
1564 5401 1739 5483 χωρία
1795 5397 1891 5459 xui

284 5495 518 5575 ἡσυχίας
566 5493 902 5576 ἐργαστήρια
953 5492 1272 5570 μιτεδίωκεν
1319 5496 1348 5551 6
1402 5491 1637 5571 Κύριος,
1667 5488 1758 5549 xui
1784 5489 1888 5566 μά-

285 5584 468 5659 λιστα,
499 5583 631 5643 ὅταν
679 5607 732 5641 τι
772 5581 1168 5663 μυστικώτερω
1215 5581 1521 5664 παρεδίδου.
1560 5579 1822 5660 Πόθενςδὲ
1859 5581 1889 5637 6

283 5672 489 5745 Ἰούδας
519 5674 842 5755 ἐγίνωσκεν,
891 5673 977 5733 ὅτι
1020 5673 1074 5730 ἐν
1104 5675 1179 5752 τῷ
1203 5672 1362 5752 κήπῳ
1411 5670 1552 5732 ἐστὶν
1604 5673 1632 5729 6
1685 5667 1895 5742 Ἰησοῦς

352 5772 391 5808 ’⁸
416 5776 585 5833 Joan.
623 5784 767 5840 xvr,
802 5776 889 5828 13.

2039 1931 2237 1982 notum
2265 1925 2500 1983 faciam?
2523 1926 2688 1983 Misso
2707 1926 2786 1983 eis
2810 1926 3018 1999 Spiritu
3045 1934 3261 1995 sancto,
3291 1925 3387 1999 qui
3415 1948 3442 1975 α
3474 1926 3640 1984 indu-

2039 2020 2126 2068 cet
2153 2028 2246 2070 eos
2272 2015 2330 2070 in
2369 2031 2601 2072 omnem
2644 2014 2929 2072 veritatem
2971 2014 3014 2050 ⁸³
3048 2032 3063 2071 :
3095 2038 3119 2064 ο
3169 2023 3224 2071 et
3264 2014 3311 2071 si
3348 2012 3642 2073 didicerint

2035 2101 2162 2173 quis
2180 2110 2244 2159 tu
2263 2104 2362 2173 sis,
2384 2111 2516 2162 tunc
2534 2127 2560 2154 σι
2593 2104 2811 2161 dilectio
2835 2120 2948 2178 qua
2970 2104 3211 2162 dilexisti
3229 2119 3341 2171 me,
3363 2104 3421 2160 in
3450 2104 3585 2178 ipsis
3604 2123 3636 2159 ιθ

2035 2191 2160 2260 erit,
2193 2214 2218 2242 α
2254 2201 2312 2249 et
2346 2208 2447 2266 ego
2475 2194 2533 2250 in
2557 2192 2657 2251 eis.
2704 2216 2730 2242 ι
2762 2193 2953 2251 Scient
2985 2194 3140 2250 enim
3166 2192 3318 2267 quod
3338 2208 3450 2249 non
3477 2208 3639 2267 sepa-

2034 2288 2188 2337 ratus
2217 2296 2342 2354 ego,
2382 2282 2479 2340 sed
2505 2281 2667 2339 valde
2700 2280 2933 2339 dilectus
2973 2290 3030 2339 et
3054 2298 3351 2355 germanus
3381 2282 3545 2340 Filius
3573 2300 3641 2342 ac

2033 2369 2396 2427 coadunatus.
2436 2372 2579 2429 Cum
2625 2372 2953 2443 agnoverint
2995 2380 3184 2429 autem
3213 2371 3339 2441 hoc,
3385 2380 3443 2430 et
3473 2372 3638 2431 ﬁdem

2032 2472 2159 2529 erga
2196 2474 2288 2516 me
2324 2468 2379 2515 et
2413 2459 2767 2517 dilectionem
2806 2460 3119 2517 servabunt.
3164 2463 3395 2532 Insuper
3432 2460 3489 2517 in
3530 2461 3638 2519 illis

2030 2547 2268 2605 manebo
2295 2563 2397 2620 ego
2424 2548 2519 2621 qui
2547 2550 2687 2606 tales
2712 2547 2947 2626 fuerint,
2976 2549 3180 2621 quique
3210 2557 3261 2605 te
3290 2549 3632 2621 agnoverint,

2029 2644 2087 2692 et
2117 2652 2209 2693 me
2234 2644 2298 2693 ut
2337 2640 2515 2695 Deum
2542 2637 2833 2708 coluerint,
2862 2637 3359 2711 inconcussamque
3393 2653 3522 2712 erga
3545 2653 3636 2697 me

2027 2723 2197 2783 ﬁdem
2224 2726 2609 2785 custodierint.

2587 2951 2830 3009 CAPUT
2864 2950 3069 3008 XVIII.

2032 3058 2104 3112 De
2131 3057 2427 3114 traditione
2453 3059 2591 3114 Iesu.
2625 3063 2709 3114 De
2753 3060 2958 3114 Iudaeis
2999 3062 3146 3115 retro
3186 3059 3524 3117 cadentibus.
3556 3065 3635 3119 De

2097 3131 2256 3202 Pet-ro
2281 3131 2379 3199 qui
2407 3129 2641 3186 abscidit
2666 3132 2970 3186 auriculam
3000 3146 3147 3187 servo
3172 3133 3458 3202 pontiﬁcis.
3489 3134 3630 3200 Quo-

2095 3201 2250 3326 :1:de
2273 3204 2421 3258 Jesus
2447 3202 2637 3258 ductus
2664 3203 2825 3258 sitad
2860 3204 3099 3271 Annam,
3128 3201 3390 3275 Caipham
3409 3208 3465 3259 et
3482 3205 3632 3259 Pila-

2160 3288 2233 3326 m.

2095 3361 2268 3417 Vsus.
2294 3365 2346 3430 1,
2374 3367 2431 3417 2.
2457 3383 2484 3411 α
2511 3362 2646 3418 Haec
2668 3376 2796 3419 cum
2814 3362 3043 3419 dixisset
3059 3365 3239 3433 Iesus,
3268 3378 3519 3437 egressus
3546 3370 3631 3421 est

2022 3463 2149 3505 cum
2173 3448 2447 3521 discipulis
2466 3450 2582 3508 suis
2594 3458 2751 3507 trans
2777 3458 3077 3509 torrentem
3107 3452 3347 3522 Cedron,
3381 3453 3478 3511 ubi
3508 3460 3631 3510 erat

2020 3536 2213 3595 hortus
2232 3539 2287 3594 in
2308 3554 2477 3611 quem
2508 3540 2733 3596 intravit
2757 3539 2871 3612 ipse
2895 3549 2952 3598 et
2971 3541 3228 3613 discipuli
3250 3542 3384 3613 ejus.
3411 3542 3630 3600 Sciebat

2018 3634 2205 3683 autem
2251 3635 2308 3683 et
2344 3627 2538 3696 Iudas,
2579 3629 2671 3701 qui
2720 3628 2975 3686 tradebat
3014 3645 3170 3698 eum,
3220 3630 3428 3701 locum,
3471 3632 3624 3704 quod

2016 3729 2163 3787 saepe
2204 3717 2548 3774 convenisset
2571 3718 2734 3773 Jesus
2779 3717 2911 3774 illuc
2940 3734 3070 3774 cum
3108 3718 3396 3791 discipulis
3422 3719 3557 3776 suis.
3590 3743 3617 3768 ι

2020 3806 2143 3860 Non
2170 3804 2308 3861 dixit
2357 3822 2371 3861 :
2404 3806 2543 3863 Cum
2568 3813 2822 3877 precatus
2849 3813 2997 3863 esset
3028 3808 3221 3873 Iesus;
3249 3806 3347 3864 sed
3379 3825 3393 3864 :
3429 3825 3461 3861 ιι
3488 3809 3625 3865 Haec

2017 3908 2147 3949 cum
2191 3892 2453 3963 dixisset;
2505 3916 2531 3942 ι
2581 3909 2694 3951 non
2721 3894 2872 3951 enim
2915 3895 3092 3952 oratio
3138 3903 3277 3959 erat,
3323 3895 3420 3952 sed
3447 3896 3617 3953 collo-

2015 3981 2207 4054 quium
2261 3981 2332 4039 ad
2374 3982 2630 4040 solatium
2696 3983 3094 4056 discipulorum
3150 3981 3381 4040 factum.
3438 3984 3621 4041 Media

2014 4079 2202 4128 autem
2217 4079 2379 4128 nocte
2390 4072 2556 4144 735
2569 4071 2672 4129 iter
2688 4072 2837 4140 facit,
2854 4081 2908 4128 et
2929 4073 3354 4142 ﬁumentransit,
3365 4072 3620 4130 festinat-

2014 4175 2121 4233 que
2145 4168 2209 4217 ut
2227 4160 2414 4217 veniat
2436 4161 2494 4216 in
2513 4161 2694 4217 locum
2718 4161 2984 4234 proditori
2997 4170 3212 4232 notum,
3242 4162 3485 4235 seipsum
3501 4178 3622 4235 per-

2013 4249 2238 4306 mittens
2293 4249 2588 4307 homicidis
2643 4268 2657 4306 :
2696 4258 2761 4306 ut
2810 4250 3065 4308 ostendat
3117 4250 3267 4324 quod
3312 4259 3508 4325 sponte
3549 4252 3619 4310 ad

2014 4338 2333 4411 passionem
2376 4339 2582 4407 veniat,
2619 4346 2676 4395 et
2714 4338 2967 4396 laborem
3009 4340 3286 4397 minueret
3321 4339 3533 4398 Judaeis
3557 4356 3619 4399 se

2013 4427 2410 4500 quaerentibus.
2466 4430 2612 4485 Nam
2664 4444 2737 4485 ne
2798 4428 3157 4502 fatigarentur
3206 4429 3319 4485 huc
3377 4437 3434 4485 et
3487 4429 3619 4486 illuc

2009 4517 2432 4575 obambulantes
2476 4525 2533 4574 et
2569 4526 2880 4591 quaerentes
2922 4535 3073 4588 eum,
3106 4518 3222 4574 abit
3257 4519 3372 4590 ipse
3398 4517 3468 4575 ad
3497 4533 3613 4588 eos,

2005 4615 2061 4663 et
2100 4622 2160 4664 se
2185 4607 2434 4663 manibus
2460 4606 2818 4663 inimicorum
2844 4606 3031 4664 infert.
3067 4607 3353 4664 Invenitur
3379 4606 3530 4663 enim
3557 4608 3615 4664 in

2006 4695 2190 4765 horto,
2237 4695 2393 4768 quasi
2440 4695 2498 4751 in
2542 4710 2762 4752 carcere
2802 4695 3065 4768 quodam.
3106 4698 3178 4752 Et
3213 4710 3287 4752 ne
3335 4695 3615 4754 existimes

2007 4785 2155 4858 quod
2198 4784 2548 4842 delitescendi
2585 4785 2757 4858 gratia
2801 4785 2930 4842 illuc
2970 4801 3029 4844 se
3072 4784 3389 4855 contulerit,
3430 4785 3617 4844 subdit

2004 4874 2336 4947 evangelista
2374 4873 2523 4946 quod
2555 4897 2581 4924 «ι
2613 4883 2670 4931 et
2695 4873 2869 4931 Judas
2908 4876 3125 4932 noverit
3146 4875 3356 4945 locum,
3387 4900 3414 4926 ι
3446 4884 3615 4950 atque

2003 4964 2074 5020 ita
2099 4964 2276 5037 magis
2301 4962 2642 5021 manifestari
2669 4980 2837 5038 quam
2860 4964 3123 5022 occultari
3149 4966 3321 5023 voluit
3346 4965 3405 5021 in
3426 4966 3614 5023 locum

2001 5053 2159 5109 illum
2188 5053 2432 5110 veniens.
2463 5075 2489 5102 ε
2515 5052 2738 5110 Sciebat
2754 5062 2938 5111 autem
2973 5062 3029 5111 et
3054 5058 3088 5111 J
3095 5054 3231 5112 udas
3251 5055 3458 5121 locum,
3480 5054 3612 5128 quia

2001 5157 2146 5215 saepe
2187 5142 2318 5199 illuc
2357 5151 2686 5199 convenerat
2723 5145 2885 5200 Jesus
2925 5159 3053 5201 cum
3097 5143 3376 5216 discipulis
3403 5143 3538 5200 suis.
3576 5165 3603 5193 ι

2001 5236 2256 5293 Solitaria
2321 5235 2468 5292 enim
2522 5235 2645 5294 loca
2714 5244 2770 5293 et
2814 5235 3015 5293 silentii
3065 5234 3314 5293 ofﬁcinas
3367 5250 3612 5309 quatere

2000 5324 2216 5381 solebat
2252 5324 2550 5392 Dominus,
2594 5332 2652 5381 et
2676 5323 2926 5380 maxime
2966 5324 3010 5379 si
3054 5323 3276 5396 quando
3313 5324 3610 5397 mysticum

2001 5413 2213 5486 aliquid
2263 5413 2533 5470 tradebat.
2581 5413 2744 5471 Unde
2789 5420 2975 5468 autem
3021 5415 3052 5468 J
3060 5411 3195 5469 udas
3240 5412 3611 5485 cognoscebat

2000 5501 2150 5576 quod
2172 5501 2229 5557 in
2256 5502 2422 5559 horto
2447 5501 2553 5558 hac
2571 5501 2709 5558 hora
2752 5508 2896 5557 esset
2927 5503 3109 5570 Jesus,
3134 5507 3191 5557 et
3212 5516 3329 5558 non
3355 5501 3412 5558 in
3436 5502 3609 5563 domo

1999 5591 2315 5648 dormiens?
2348 5590 2569 5647 Sciebat
2610 5588 2912 5646 Dominum
2943 5587 3261 5663 frequenter
3293 5599 3450 5649 extra
3479 5594 3610 5651 civi-

2003 5688 2177 5740 tatem
2226 5688 2573 5754 pernoctare,
2620 5686 2677 5736 et
2716 5685 3013 5752 eapropter
3048 5678 3218 5738 etiam
3246 5688 3380 5739 tunc
3433 5685 3608 5742 exisse
