4128 6426
535 454 641 510 243

1548 448 2066 510 THEOPHYLACTI
2106 445 2466 503 BULGARIE
2504 443 2820 502 ARCHIEP.

3744 444 3844 499 244

537 577 705 635 foras.
742 581 815 636 Et
841 581 998 637 aliter
1035 599 1049 638 :
1090 583 1218 654 Ipso
1267 579 1406 637 festo
1448 579 1688 635 maxime
1731 576 1882 633 hunc
1919 588 2138 632 morem

2254 570 2380 632 terra:
2409 569 2609 643 ταύτην
2636 569 2733 643 τὴν
2770 567 2916 648 ὥραν
2939 613 2957 645 ,
2987 566 3080 627 καὶ
3120 565 3242 646 οὖχὶ
3295 567 3348 626 ἐν
3396 565 3542 648 οἰκία
3592 563 3827 654 ἐνόμισεν

540 685 787 727 servasse
821 671 1067 728 creditus
1099 679 1201 739 est,
1231 671 1435 728 docens
1470 668 1770 741 discipulos
1810 679 1942 722 suos
1977 663 2145 720 subli-

541 761 686 816 mius
735 760 1023 833 quiddam.
1086 761 1338 818 Docebat
1385 768 1570 816 autem
1629 761 1711 825 (ut
1775 755 2031 820 diximus)
2087 752 2142 808 in

540 851 742 908 talibus
791 852 928 909 locis
970 852 1218 925 mystica.
1262 851 1434 924 Igitur
1480 850 1609 922 quia
1644 856 1780 904 tunc
1814 846 1929 902 dies
1968 843 2142 900 festus

539 949 677 1010 erat,
706 941 1050 1014 coniectabat
1085 941 1191 998 illic
1219 956 1349 997 eum
1393 955 1516 997 esse
1535 981 1552 1009 ,
1584 937 1949 996 disserentem
1976 931 2138 990 disci-

540 1028 685 1100 pulis
709 1030 856 1101 justa
895 1045 1111 1086 morem
1142 1045 1308 1086 suum
1347 1029 1407 1084 in
1435 1027 1599 1084 festo.

2253 665 2417 742 εὑρεῖν
2469 659 2624 720 αὐτὸν
2677 659 3029 731 καθεύδοντα;
3059 653 3351 734 Ἐγίνωσκε
3402 655 3492 715 τὸν
3543 653 3734 733 Κύριον
3769 655 3832 715 τὰ

2251 751 2427 810 πολλὰ
2455 749 2556 821 ἔξω
2603 746 3071 829 διανυκτερεύοντα
3093 791 3110 818 ,
3143 744 3235 803 καὶ
3276 744 3364 803 διὰ
3402 749 3556 803 τοῦτο
3596 743 3686 802 καὶ
3715 745 3831 804 τότε

2251 839 2464 912 ἐξῆλθεν
2521 839 2642 909 ἔξω.
2687 837 2893 904 Ἄλλως
2939 859 3014 895 τε·
3050 833 3163 896 Καὶ
3207 835 3261 892 ἐν
3305 837 3488 910 ἑορτῆς
3529 836 3695 914 καιρῷ
3732 832 3836 910 μά..

2247 931 2405 988 λιστα
2435 930 2704 1001 ἠπίστατο
2752 926 2908 986 αὐτὸν
2941 927 3055 990 ἔθος
3085 923 3275 1004 ἔχοντα
3295 969 3309 998 ,
3348 924 3614 1004 διδάσκειν
3644 946 3693 1004 τι
3722 923 3837 992 τοὺς

2248 1009 2492 1086 μαθητὰς
2521 1009 2864 1090 ὑψηλότερον·
2915 1002 3160 1065 ἐδίδασκε
3200 1005 3254 1063 δὲ
3301 1003 3419 1071 τοὺς
3467 1002 3740 1090 μαμθητὰς,
3773 1009 3838 1072 ὥς

541 1083 775 1190 ἔφημεν,
835 1109 902 1168 τὰ
955 1110 1187 1186 μυστικὰ
1231 1113 1284 1170 ἐν
1328 1109 1579 1176 τοιούτοις
1607 1106 1802 1174 τόποις.
1861 1103 2019 1164 Ἐπεὶ
2052 1094 2140 1163 οἷν
2193 1097 2314 1159 τότε
2356 1099 2511 1180 ἑορτὴ
2564 1083 2660 1174 ἦν,
2718 1097 3048 1178 ἐστοχάσατο
3081 1095 3250 1155 ἐκεῖσε
3301 1092 3458 1152 αὖτὸν
3510 1083 3678 1169 εἶναι,
3733 1100 3836 1163 τοῖς

541 1202 803 1276 μαθηταῖς
833 1198 900 1257 τὰ
924 1203 1018 1272 ἧς
1045 1203 1230 1281 ἑορτῆς
1257 1202 1640 1282 φιλοσοφοῦντα
1669 1195 1809 1256 κατὰ
1839 1195 1898 1254 τὸ
1922 1194 2162 1265 σύνηθες.

610 1288 788 1344 Vsns.
819 1292 939 1344 3-6.
962 1311 988 1338 (ι
1014 1290 1046 1343 J
1051 1289 1187 1346 udas
1211 1305 1340 1361 ergo
1364 1305 1491 1345 cum
1507 1286 1798 1359 accepisset
1821 1283 2134 1349 cohortem,

537 1384 594 1433 et
627 1392 660 1433 a
687 1376 1040 1449 pontiﬁcibus
1083 1387 1138 1434 et
1167 1378 1452 1434 Pharisaeis
1479 1376 1779 1438 ministros,
1823 1372 1974 1428 venit
2006 1372 2138 1426 illuc

540 1481 670 1522 cum
697 1467 921 1523 laternis
946 1483 1011 1523 ac
1035 1466 1246 1524 facibus
1269 1476 1324 1524 et
1347 1467 1536 1523 armis.
1568 1468 1597 1521 J
1603 1479 1727 1521 esus
1748 1463 1933 1534 itaque
1955 1461 2138 1517 sciens

541 1554 731 1611 omnia
775 1571 900 1627 qua
946 1564 1170 1612 ventura
1212 1565 1368 1614 erant
1403 1571 1569 1628 super
1609 1570 1690 1623 se,
1751 1552 2039 1624 processit,
2077 1565 2141 1606 ac

542 1643 685 1700 dixit
707 1644 788 1700 eis
816 1662 828 1700 :
852 1646 1030 1714 Quem
1055 1646 1332 1718 quaeritis?
1359 1644 1788 1718 Responderunt
1822 1641 1871 1696 ei
1905 1658 1918 1696 :
1946 1642 2139 1695 Jesum

540 1735 907 1790 Nazarenum.
936 1734 1079 1790 Dicit
1096 1734 1172 1791 eis
1193 1737 1356 1792 Jesus
1387 1753 1400 1790 :
1422 1737 1542 1807 Ego
1558 1748 1702 1789 sum.
1729 1729 1923 1787 Stabat
1950 1737 2138 1785 autem

541 1829 597 1877 et
635 1821 830 1892 Judas,
867 1823 958 1896 qui
1008 1823 1271 1896 prodebat
1311 1841 1462 1892 eum,
1509 1838 1639 1880 cum
1679 1821 1830 1892 ipsis.
1880 1821 1962 1876 Ut
2005 1833 2138 1889 ergo

2334 1305 2360 1333 α
2403 1277 2474 1339 ¢0
2504 1266 2593 1338 οῦν
2625 1274 2830 1342 Ἰούδας
2858 1273 3042 1333 λαϐὼν
3089 1274 3187 1346 τὴν
3235 1279 3493 1354 σπεῖραν,
3526 1272 3618 1331 καὶ
3651 1274 3712 1333 ἐκ
3739 1275 3839 1332 τῶν

2248 1367 2546 1449 ἀρχιερέων
2596 1365 2686 1425 καὶ
2739 1365 3057 1444 Φαρισαίων
3114 1362 3413 1442 ὑπηρέτας,
3473 1362 3688 1442 ἔρχεται
3738 1363 3843 1449 ἐκεῖ

2413 1442 2747 1535 λαμπάδων)
2790 1442 2881 1512 καὶ
2907 1458 3117 1535 φανῶν,
3149 1452 3243 1511 καὶ
3268 1452 3473 1513 ὅπλων.
3501 1442 3840 1535 Ἰησοῦςῌοῧν

2249 1546 2397 1613 εἰδὼς
2427 1546 2606 1606 πάντα
2637 1527 3070 1623 τὰὲπερχόμενα
3099 1541 3180 1600 ἐπ’
3230 1540 3388 1599 αὐτὸν
3410 1589 3425 1613 ,
3455 1539 3675 1610 ἐξελθὼν
3700 1532 3840 1600 εἶπεν

2249 1638 2445 1702 αὐτοῖς·
2491 1635 2627 1696 Τίνα
2685 1638 2919 1707 ζητεῖτε;
2966 1631 3359 1710 Ἀπεκρίθησαν
3412 1633 3581 1711 αὐτῷ·
3640 1631 3840 1703 Ἰησοῦν

2247 1725 2336 1783 τὸν
2384 1728 2724 1802 Ναζωραῖον.
2777 1721 2936 1800 Λέγει
2968 1723 3146 1788 αὐτοῖς
3179 1723 3206 1778 ὁ
3251 1717 3484 1791 Ἰησοῦς·
3536 1719 3686 1796 Ἐγώ
3716 1725 3839 1798 εἰμι.

2249 1815 2507 1886 Εἷστήκει
2538 1813 2591 1872 δὲ
2618 1812 2710 1871 καὶ
2753 1811 2957 1878 Ἰούδας
2987 1815 3014 1869 ὃ
3056 1809 3383 1891 παραδιδοὺς
3418 1808 3576 1868 αὐτὸν
3610 1809 3726 1886 μετ’
3759 1810 3843 1869 αὖ·

542 1908 685 1966 dixit
721 1913 796 1968 eis
830 1929 843 1968 :
871 1892 990 1987 Ego
1009 1892 1167 1982 sum,
1195 1914 1451 1970 abierunt
1486 1921 1816 1978 retrorsum,
1847 1917 1904 1964 et
1929 1907 2138 1964 cecide-

2257 1907 2382 1963 τῶν.
2417 1902 2515 1970 ⁶Ως
2561 1893 2649 1960 οὖν
2683 1892 2827 1960 εἶπεν
2872 1903 3082 1974 αὐτοῖς,
3115 1900 3195 1960 ὅτι
3229 1898 3376 1978 Ἐγώ
3420 1901 3562 1976 εἶμι,
3613 1901 3842 1970 ἀπῆλθον

541 2009 673 2056 runt
709 2001 764 2056 in
800 2009 1029 2058 terram.
1077 2026 1103 2052 ι›
1142 2003 1394 2059 Pecuniis
1430 2003 1803 2074 impetrarunt
1851 2007 1915 2054 ut
1944 1997 2144 2055 cohors

544 2104 602 2145 se
627 2089 858 2162 juvaret.
894 2091 1144 2147 Militaris
1179 2093 1326 2148 enim
1364 2092 1500 2148 ordo
1525 2094 1641 2148 auri
1670 2091 2011 2164 mancipium
2040 2094 2141 2144 est.

544 2179 708 2234 Multi
729 2187 913 2235 autem
940 2181 1164 2238 veniunt
1188 2225 1203 2249 ,
1228 2182 1488 2238 timentes
1507 2197 1601 2238 eos
1620 2182 1718 2254 qui
1738 2184 1771 2237 J
1775 2197 1932 2238 esum
1956 2191 2150 2250 seque-

543 2267 766 2335 bantur,
808 2277 863 2325 et
903 2269 973 2326 ab
1026 2286 1092 2327 eo
1122 2270 1438 2342 pendebant
1470 2279 1698 2344 prepter
1741 2271 2050 2328 doctrinam
2092 2273 2157 2322 et

543 2356 828 2413 miracula.
861 2359 1125 2415 Laternas
1147 2368 1202 2416 et
1229 2359 1376 2416 faces
1407 2369 1646 2433 gestant,
1675 2369 1738 2417 ut
1769 2376 1840 2416 ne
1869 2359 2150 2416 occultans

543 2461 604 2503 se
641 2446 696 2503 in
736 2447 981 2504 tenebris
1018 2447 1321 2522 aufugeret.
1358 2453 1434 2505 At
1481 2451 1569 2506 ille
1608 2451 1664 2505 in
1699 2459 1919 2505 tantum
1963 2447 2148 2521 fugam

543 2551 656 2591 non
703 2537 1006 2609 quaerebat,
1051 2546 1112 2593 ut
1145 2539 1364 2595 obviam
1404 2539 1578 2595 exiret
1617 2541 1864 2612 seipsum
1902 2537 2143 2594 tradens.

540 2626 616 2680 Et
654 2634 814 2696 rogat
849 2626 1095 2697 quidem,
1131 2643 1242 2684 non
1269 2627 1419 2699 quod
1449 2628 1662 2702 ignoret
1683 2637 1738 2685 et
1772 2627 1982 2684 discere
2009 2641 2147 2698 opus

543 2713 763 2770 habeat.
791 2737 816 2763 α
849 2713 1062 2771 Sciebat
1106 2716 1254 2772 enim
1285 2717 1492 2786 omnia,
1535 2718 1728 2790 inquit,
1763 2733 1886 2789 quae
1916 2724 2146 2772 ventura

543 2816 708 2873 super
739 2818 866 2859 eum
895 2813 1070 2860 erant.
1109 2825 1132 2852 ι»
1173 2807 1243 2860 Et
1273 2805 1350 2861 ita
1395 2805 1523 2876 quia
1563 2805 1774 2862 sciebat
1804 2804 1954 2878 quod
1987 2804 2058 2860 ad
2087 2819 2145 2860 se

547 2890 812 2960 venirent,
840 2900 1021 2964 rogat,
1045 2908 1158 2948 non
1181 2893 1429 2966 indigens
1451 2903 1514 2950 ut
1532 2894 1814 2962 doceatur,
1841 2893 1938 2949 sed
1959 2901 2144 2949 osten-

545 2978 677 3035 dere
701 2979 887 3036 volens
924 2981 1074 3053 quod
1110 2989 1164 3037 et
1189 2998 1432 3054 praesens
1465 2998 1578 3039 non
1609 2983 1759 3040 visus
1785 2983 1867 3039 vel
1895 2983 2144 3054 cognitus

545 3076 703 3124 esset.
762 3069 870 3125 Sed
924 3077 980 3125 et
1019 3079 1178 3142 rogat
1226 3079 1290 3126 ut
1334 3071 1568 3140 alienus,
1619 3079 1674 3127 et
1719 3087 1897 3144 neque
1937 3087 1970 3127 a
2012 3086 2143 3126 voce

545 3166 850 3230 agnoscunt
879 3173 1028 3227 eum,
1054 3175 1233 3231 neque
1259 3159 1368 3228 alii,
1407 3175 1584 3232 neque
1607 3161 1726 3232 ipse
1758 3159 1948 3216 Judas.
1983 3159 2142 3230 Quod
2175 3180 2219 3243 ρ

545 3253 732 3301 autem
752 3262 862 3302 non
897 3254 1122 3318 propter
1152 3248 1408 3304 tenebras
1433 3248 1802 3321 ignoraverint
1828 3264 1977 3316 eum,
2006 3263 2145 3318 prae-

545 3333 685 3390 dixit
699 3336 1028 3408 evangelista
1061 3359 1088 3384 οι
1112 3352 1208 3394 eos
1227 3353 1357 3394 cum
1382 3337 1599 3394 facibus
1621 3361 1647 3388 ι
1675 3337 1976 3394 advenisse.
1997 3339 2149 3394 Pone

545 3430 732 3480 autem
757 3425 907 3496 quod
948 3434 1171 3497 propter
1200 3427 1455 3484 tenebras
1491 3443 1606 3484 non
1635 3427 1962 3500 agnoverint
1997 3442 2147 3492 eum,

549 3514 847 3584 oportebat
873 3523 1021 3570 certe
1051 3532 1079 3570 a
1109 3531 1242 3572 voce
1269 3517 1448 3588 ipsum
1489 3518 1796 3589 agnovisse.
1839 3520 2151 3588 Interrogat

545 3602 732 3675 igitur,
766 3611 828 3659 ut
868 3603 1123 3660 ostendat
1158 3614 1242 3671 (ut
1276 3605 1536 3679 diximus)
1579 3623 1640 3663 se
1668 3622 1846 3680 neque
1877 3624 1907 3662 a
1948 3607 2146 3678 specie,

544 3706 724 3763 neque
770 3708 960 3750 avoce
1005 3695 1289 3766 cognitum
1329 3694 1522 3752 fuisse.
1570 3699 1651 3751 lta
1697 3694 1995 3752 inelfabilis
2033 3703 2152 3751 erat

546 3780 666 3853 ejus
704 3783 889 3840 virtus.
929 3785 1002 3839 Et
1028 3783 1100 3839 ita
1136 3801 1317 3856 neque
1345 3785 1663 3858 cruciﬁgere
1688 3785 2009 3858 potuissent,
2046 3785 2150 3842 nisi

542 3871 885 3929 voluntarius
913 3889 971 3929 se
991 3872 1302 3930 obtulisset.
1323 3875 1486 3944 Quod
1517 3876 1568 3946 7
1575 3876 1687 3947 36
1709 3883 1892 3931 autem
1911 3891 2024 3931 non
2057 3891 2149 3931 so-

543 3961 662 4016 lum
691 3962 981 4018 excaecarit
1015 3963 1211 4019 oculos
1250 3979 1464 4033 eorum,
1501 3965 1598 4020 sed
1639 3972 1696 4019 et
1722 3964 1900 4036 supini
1940 3962 2153 4020 cecide-

541 4049 658 4104 rint
686 4065 793 4105 una
821 4050 1269 4122 interrogationis
1292 4068 1423 4107 voce
1469 4055 1756 4124 prostrati,
1802 4053 2025 4125 signum
2055 4051 2157 4109 fuit

544 4151 770 4194 casuros
810 4154 906 4193 eos
959 4139 1051 4211 qui
1089 4147 1282 4196 contra
1310 4143 1505 4196 Jesum
1539 4150 1824 4210 venerant,
1854 4142 2152 4199 universali

545 4227 727 4296 gentis
753 4228 911 4285 istius
949 4229 1126 4297 ruina,
1159 4246 1284 4301 quae
1317 4239 1444 4301 post
1477 4229 1677 4286 Christi
1716 4240 1956 4287 mortem
1986 4247 2151 4302 super

545 4331 642 4371 eos
683 4317 856 4386 venit,
910 4318 1055 4374 sicut
1094 4326 1149 4375 et
1190 4319 1460 4376 Jeremias
1507 4320 1761 4393 praedixit
1805 4338 1819 4377 :
1870 4344 1897 4371 ιι
1933 4325 2149 4378 Domus

545 4404 710 4462 Israel
745 4407 940 4463 cecidit
981 4425 995 4464 :
1032 4424 1144 4464 non
1189 4417 1271 4464 est
1312 4409 1403 4482 qui
1447 4411 1733 4469 resuscitet
1773 4410 1836 4465 9’.
1871 4434 1897 4461 υ
1931 4411 2149 4468 Cadunt

2259 1995 2333 2060 εἰς
2377 1993 2444 2050 τὰ
2479 1990 2652 2053 ὀπίσω
2679 2037 2693 2062 ,
2722 1989 2812 2049 καὶ
2846 1990 3032 2048 ἔπεσον
3067 1988 3268 2068 χαμαί.
3306 2015 3329 2040 ιι
3353 1987 3468 2059 Τὴν
3502 1987 3598 2064 μὲν
3630 1989 3844 2066 σπεῖραν

2252 2082 2521 2141 πείθουσιν
2564 2083 2739 2148 αὐτοῖς
2777 2084 3100 2160 συνεργῆσαι
3136 2079 3222 2136 διὰ
3263 2077 3580 2158 χρημάτων·
3617 2082 3842 2137 τοιοῦτον

2261 2170 2366 2252 γὰρ
2393 2173 2450 2230 τὸ
2477 2168 2888 2250 στρατιωτικὸν,
2919 2173 3120 2249 χρυσοῦ
3153 2166 3328 2226 ὤνιον.
3365 2165 3567 2227 Πολλοὶ
3601 2166 3658 2224 δὲ
3701 2166 3846 2246 ἐπέρ·-

2258 2283 2480 2341 χονται,
2529 2259 2819 2326 δεδοικότες
2863 2257 2983 2325 τοὺς
3035 2257 3320 2334 ἑπομένους
3363 2259 3439 2336 τῷ
3492 2255 3710 2331 Ἰησοῦ,
3758 2257 3842 2316 καὶ

2259 2349 2682 2429 ἐκκρεμαμένους
2735 2349 2878 2429 αὖτῷ
2920 2347 3006 2406 διὰ
3055 2346 3144 2406 τὸν
3186 2346 3341 2426 λόγον
3373 2369 3426 2403 τε
3471 2345 3562 2404 καὶ
3617 2345 3688 2404 τὰ
3721 2345 3841 2405 θαύ-

2257 2464 2423 2515 ματα.
2454 2438 2754 2515 Λαμπάδας
2779 2437 2832 2498 δὲ
2867 2437 2959 2497 καὶ
2990 2435 3182 2518 φανοὺς
3221 2436 3548 2514 ἐπάγονται,
3575 2438 3648 2502 ὡς
3684 2435 3743 2494 ἂν
3776 2435 3845 2512 μὴ

2255 2530 2456 2610 ἐκφύγῃ
2489 2527 2678 2595 αὐτοὺς
2718 2529 2770 2586 ἐν
2819 2531 2895 2609 τῷ
2937 2527 3113 2586 σκότει
3159 2524 3360 2585 λαθών.
3395 2524 3464 2583 Ὃ
3508 2525 3562 2585 δὲ
3608 2531 3844 2584 τοσοῦτον

2255 2618 2361 2678 ἔδει
2387 2623 2479 2677 τοῦ
2514 2626 2728 2699 φυγεῖν,
2762 2616 2899 2675 ὥστε
2929 2615 3021 2673 καὶ
3059 2614 3218 2684 ἔξεισι
3245 2614 3376 2694 πρὸς
3413 2613 3632 2688 αὐτοὺς,
3671 2613 3847 2673 ἑαυτὸν

2252 2706 2594 2786 παραδιδούς.
2636 2705 2744 2766 Καὶ
2775 2711 2948 2787 ἐρωτᾷ
2979 2705 3073 2781 μὲν
3095 2750 3112 2778 ,
3162 2706 3260 2783 οὐχ
3287 2708 3356 2770 ὡς
3401 2703 3614 2783 χρῄζων
3651 2707 3847 2783 μαθεῖν·

2263 2817 2291 2854 (ι
2318 2795 2480 2880 ’ᾙδει
2532 2796 2668 2874 γὰρ,
2700 2796 2862 2875 φησὶ,
2908 2795 3084 2852 πάντα
3124 2793 3191 2851 τὰ
3245 2794 3579 2872 ἐπερχόμενα
3627 2796 3720 2852 ἐπ’
3762 2795 3849 2852 αὖ·

2252 2885 2365 2946 τόν.
2407 2908 2435 2942 ιο
2471 2885 2642 2946 υΩστε
2674 2884 2855 2956 ἐπειδὴ
2885 2883 3038 2964 ᾔδει,
3074 2881 3152 2940 ὅτι
3179 2884 3262 2940 ἐπ’
3293 2882 3448 2941 αὐτὸν
3479 2883 3734 2962 ἤρχοντο,
3759 2883 3850 2962 οὔχ

2251 2976 2323 3034 ὡς
2369 2980 2553 3052 μαθεῖν
2600 2974 2844 3051 δεόμενος
2897 2977 3097 3054 ἐρωτᾷ,
3131 2971 3270 3030 ἀλλὰ
3302 2970 3468 3040 δεῖξαι
3510 2975 3716 3045 θέλων,
3770 2970 3846 3030 ὅτι

2250 3064 2342 3122 καὶ
2397 3062 2582 3143 παρὼν
2615 3066 2715 3143 οὐχ
2747 3066 2950 3140 ἑωρᾶτο
2993 3064 3170 3128 αὐτοῖς
3220 3060 3254 3133 ἢ
3305 3062 3634 3140 ἐγνωρίζετο.
3694 3059 3845 3121 Ἀλλὰ

2251 3152 2342 3211 καὶ
2372 3155 2581 3235 ἐρωτᾷ,
2634 3157 2702 3220 ὡς
2750 3151 3042 3231 ἀλλότριοςο
3089 3151 3181 3208 καὶ
3234 3149 3353 3210 οὐδὲ
3401 3151 3507 3210 ἀπὸ
3535 3155 3628 3222 τῆς
3682 3155 3846 3233 φωνῆς

2253 3242 2696 3322 ἐπιγινώσκουσιν
2744 3242 2929 3312 αὐτὸν,
2977 3239 3098 3298 οὔτε
3137 3242 3185 3299 οἱ
3239 3239 3393 3298 ἄλλοι
3418 3287 3432 3314 ,
3475 3239 3596 3299 οὔτε
3628 3241 3783 3308 αὖτὸς
3824 3240 3850 3298 ὃ

2255 3331 2479 3399 Ἰούδας.
2511 3329 2648 3392 εὈτι
2689 3331 2790 3412 γὰρ
2817 3333 2875 3390 οὗ
2902 3329 2990 3388 διᾶ
3017 3329 3076 3388 τὸ
3107 3329 3291 3396 σκότος
3328 3329 3608 3409 ἠγνόησαν
3660 3330 3809 3389 αὐτὸν
3831 3375 3846 3404 ,

2257 3429 2506 3498 προεῖπεν
2560 3423 2588 3478 ὁ
2633 3419 3046 3499 εὐαγγελιστὴς,
3101 3417 3182 3477 ὅτι
3240 3444 3266 3473 α
3317 3418 3456 3496 μετὰ
3485 3420 3788 3492 λαμπάδων
3820 3442 3847 3478 ι

2256 3511 2501 3582 ἐπῆλθον.
2564 3512 2629 3568 Εἰ
2666 3507 2718 3567 δὲ
2751 3508 2837 3567 διὰ
2871 3508 2931 3566 τὸ
2961 3507 3144 3575 σκότος
3183 3508 3407 3585 ἠγνόουν
3454 3509 3666 3589 (θῶμεν
3694 3507 3849 3587 γὰρ),

2261 3599 2366 3658 ἀπό
2391 3623 2451 3677 γε
2479 3604 2571 3670 τῆς
2605 3603 2780 3679 φωνῆς
2808 3601 3094 3676 ἐπιγνῶναι
3135 3597 3289 3656 αὐτὸν
3331 3598 3454 3656 ἔδει.
3502 3601 3721 3678 Ἐρωτᾷ
3744 3590 3848 3671 οὖν,

2257 3687 2345 3746 ἵνα
2379 3690 2517 3768 δείξῃ
2541 3735 2556 3760 ,
2582 3692 2652 3756 ὡς
2688 3686 2932 3761 εἴπομεν,
2961 3685 3041 3744 ὅτι
3070 3685 3192 3745 οὔτε
3223 3687 3330 3744 ἀπὸ
3371 3691 3464 3745 τοῦ
3510 3686 3706 3759 εἴδους,
3740 3685 3850 3746 οὔτε

2262 3779 2368 3838 ἀπὸ
2391 3782 2482 3848 τῆς
2517 3782 2692 3855 φωνῆς
2736 3777 3044 3856 ἐπέγνωσαν
3088 3775 3269 3836 αὐτόν.
3318 3775 3506 3843 Οὕτως
3533 3767 3627 3836 οῦν
3661 3777 3853 3858 ἄφατος

2259 3858 2376 3940 ἧνὴ
2410 3867 2630 3944 δύναμις
2663 3868 2858 3942 αὐτοῦ,
2890 3864 3028 3923 ὥστε
3063 3865 3179 3925 οὐδὲ
3215 3869 3524 3946 σταυρῶσαι
3551 3865 3850 3942 ἠδύναντο,

2261 3955 2407 4032 εἰμὴ
2436 3955 2569 4015 ἑκὼν
2616 3957 2888 4018 ἐνέδωκεν.
2926 3959 3007 4015 Οὐ
3039 3953 3195 4030 μόνον
3238 3953 3292 4012 δὲ
3331 3962 3487 4014 τοῦτο
3515 3954 3574 4013 τὸ
3609 3959 3854 4034 πηρῶσαι

2261 4044 2378 4112 τοὺς
2407 4045 2710 4125 ὀφθαλμοὺς
2740 4047 2912 4104 αὐτῶν
2931 4092 2947 4117 ,
2975 4043 3114 4103 ἀλλὰ
3147 4048 3297 4121 (40)
3325 4044 3412 4103 καὶ
3442 4045 3503 4104 τὸ
3527 4044 3850 4104 καταϐαλεῖν

2262 4134 2475 4201 ὑπτίους
2507 4134 2611 4193 ἀπὸ
2641 4135 2805 4212 μόνης
2834 4137 2996 4216 ψιλῆς
3044 4133 3373 4213 ἐρωτήσεως.
3430 4135 3673 4210 Σημεῖον
3719 4133 3763 4194 δ’
3793 4132 3853 4192 ἂν

2257 4223 2339 4295 εἴη
2372 4226 2433 4285 τὸ
2460 4233 2640 4284 πεσεῖν
2671 4223 2788 4290 τοὺς
2814 4222 2952 4282 κατὰ
2989 4229 3081 4282 τοῦ
3124 4221 3302 4296 Ἰησοῦ
3331 4223 3606 4296 ἐλθόντας,
3633 4227 3727 4294 τῆς
3766 4245 3855 4281 και

2257 4316 2466 4387 θολικῆς
2501 4322 2590 4374 τοῦ
2633 4314 2808 4380 ἔθνους
2844 4312 3239 4380 καταπτώσεως
3260 4358 3276 4387 ,
3304 4311 3339 4384 ἢ
3367 4312 3648 4392 ἐπεγένετο
3681 4314 3857 4377 αὐτοῖς

2257 4403 2470 4484 ὕστερον
2534 4403 2672 4481 μετὰ
2728 4404 2816 4462 τὸν
2858 4407 2954 4462 τοῦ
3006 4405 3246 4484 Χριστοῦ
3316 4403 3558 4462 θάνατον’
3634 4407 3707 4471 ὥς
3769 4401 3856 4461 καὶ

545 4493 713 4565 igitur
750 4511 950 4552 omnes
989 4499 1082 4570 qui
1128 4499 1374 4554 sermoni
1407 4498 1597 4556 divino
1643 4508 1776 4556 sunt
1824 4500 2140 4558 adversarii.

2258 4476 2978 4575 Ἱερεμίαςπροεφήτευσεν·
3037 4476 3078 4545 «-
3116 4482 3283 4559 Οἶκος
3345 4491 3573 4572 Ἰσραὴλ
3641 4492 3855 4563 ἔπεσεν,

544 4585 756 4642 Hortus
784 4593 969 4642 autem
993 4603 1024 4642 a
1046 4603 1156 4660 quo
1187 4588 1330 4645 salus
1364 4597 1550 4644 nostra
1588 4590 1823 4662 sumpsit
1856 4589 2144 4664 originem,

543 4675 861 4745 paradisum
889 4675 1182 4734 referebat.
1223 4680 1364 4734 Nam
1395 4680 1487 4752 qui
1522 4679 1832 4737 cecidimus
1878 4681 1934 4736 in
1977 4681 2144 4737 horto

544 4764 803 4836 paradisi,
857 4766 1094 4823 vidimus
1150 4769 1204 4823 in
1256 4768 1432 4825 horto
1485 4771 1782 4827 salutarem
1833 4771 2146 4842 passionem

545 4853 850 4924 sumpsisse
893 4855 1135 4928 initium,
1175 4864 1229 4912 et
1269 4859 1455 4916 omnia
1493 4874 1617 4932 qua:
1659 4859 1814 4932 prius
1861 4868 2142 4932 corrupta,

542 4951 796 5015 reparata
833 4959 975 5003 esse.

615 5214 802 5272 Vnus.
830 5220 941 5272 7-9.
977 5236 1002 5264 α
1029 5217 1240 5271 Iterum
1269 5230 1398 5287 ergo
1434 5229 1529 5271 eos
1555 5214 1935 5286 interrogavit,
1965 5217 2143 5287 Quem

544 5305 838 5376 quaeritis?
867 5311 942 5362 At
966 5305 1044 5360 illi
1066 5303 1326 5360 dixerunt
1359 5322 1373 5360 :
1403 5307 1594 5359 Jesum
1622 5305 1997 5361 Nazareuum.
2034 5310 2145 5362 Be-

540 5393 766 5464 spondit
782 5397 942 5452 Jesus
977 5402 1036 5451 et
1063 5395 1198 5450 dixit
1228 5412 1242 5451 :
1285 5395 1409 5451 Dixi
1438 5394 1590 5452 vobis
1619 5395 1769 5468 quod
1790 5411 1892 5468 ego
1919 5396 2044 5452 sim.
2087 5399 2140 5454 Si

611 5488 658 5524 ⁹²
684 5494 823 5560 lmo,
860 5499 1055 5563 Amos,
1091 5508 1151 5551 ν.
1184 5499 1237 5548 2.

2256 4586 2349 4643 οὐκ
2397 4584 2538 4642 ἔστιν
2589 4588 2616 4642 ὁ
2659 4581 2998 4653 ἀναστήσων.
3055 4607 3081 4632 υ
3141 4581 3414 4642 Πίπτουσι
3455 4581 3631 4641 τοίνυν
3671 4580 3859 4647 πάντες

2253 4675 2301 4730 οἱ
2330 4678 2406 4754 τῷ
2433 4673 2577 4752 λόγῳ
2599 4677 2689 4731 τοῦ
2726 4675 2868 4733 Θεοῦ
2898 4671 3308 4745 ἐναντιούμενοι.
3346 4669 3410 4729 Ὁ
3441 4671 3495 4729 δὲ
3530 4676 3738 4743 κῆπος,
3771 4671 3858 4751 ἀφ’

2251 4755 2310 4820 οὑ
2356 4767 2390 4833 ἡ
2431 4762 2667 4840 σωτηρία
2706 4765 2857 4838 ἡμῶν
2887 4760 3046 4820 ἔλαϐε
3078 4759 3176 4832 τὴν
3226 4759 3397 4840 ἀρχὴν
3419 4805 3435 4833 ,
3465 4760 3758 4820 ἀντίτυπον
3791 4759 3854 4818 ἂν

2253 4852 2336 4924 εἴη
2367 4858 2457 4911 τοῦ
2488 4853 2836 4932 παραδείσου.
2875 4850 2971 4911 Ἐν
3014 4851 3119 4930 γὰρ
3165 4852 3242 4930 τῷ
3286 4851 3445 4930 κήπῳ
3474 4855 3566 4910 τοῦ
3595 4847 3859 4930 παραδεί-

2253 4966 2346 5001 σου
2372 4939 2620 5009 πεσόντες
2639 4985 2655 5014 ,
2688 4939 2896 5016 εἴδομεν
2929 4941 2982 4998 ἐν
3009 4940 3169 5020 κήπῳ
3198 4942 3258 4999 τὸ
3288 4939 3548 5021 σωτήριον
3585 4947 3680 4999 τοῦ
3709 4940 3854 5020 Χρι-

2251 5037 2376 5090 στοῦ
2423 5029 2586 5096 πάθος
2631 5029 2915 5109 δεχόμενον
2970 5029 3070 5100 τὴν
3121 5028 3338 5110 ἀρχὴν,
3403 5029 3496 5088 καὶ
3553 5027 3738 5088 πάντα
3792 5026 3860 5086 τὰ

2250 5119 2436 5200 πρώην
2467 5121 2704 5200 δυσχερῆ
2739 5118 3216 5199 ἐπανορθούμενον.

2336 5236 2364 5264 α
2400 5210 2574 5269 Πάλιν
2606 5201 2696 5268 οὖν
2729 5206 2920 5274 αὐτοὺς
2965 5207 3304 5288 ἐπηρώτησε·
3337 5207 3474 5269 Τίνα
3505 5209 3754 5282 ζητεῖτε;
3787 5209 3860 5267 Οἱ

2252 5300 2305 5360 δὲ
2369 5289 2536 5359 εἶπον·
2591 5298 2803 5370 Ἰησοῦν
2832 5297 2950 5379 ’τὸν
3000 5298 3336 5379 Ναζωραῖον.
3391 5296 3680 5378 Ἀπεκρίθη
3742 5297 3857 5379 Ἰη-

2251 5395 2373 5457 σοῦς
2394 5435 2411 5462 ,
2445 5389 2537 5448 καὶ
2591 5379 2757 5447 εἶπενο
2789 5376 2963 5447 Εἶπον
3005 5391 3129 5464 ὑμῖν
3150 5376 3180 5462 ,⁷
3214 5387 3294 5447 ὅτι
3343 5386 3448 5467 ἐγώ
3497 5376 3630 5467 εἶμι.
3670 5388 3740 5447 Εἰ
3768 5376 3862 5446 οῦν

1528 5596 1618 5654 Ex
1661 5592 1996 5656 collatione
2039 5594 2229 5662 codd.
2279 5597 2498 5660 Venet.
2545 5595 2607 5657 S.
2655 5593 2872 5658 Marci.

611 5729 724 5794 (40)
752 5725 889 5785 Cod.
917 5732 1006 5796 31,
1033 5726 1194 5784 αὐτῶν
1220 5729 1385 5802 θαῦμα
1411 5730 1540 5802 μέγα
1565 5726 1623 5787 ἧν
1643 5769 1659 5796 ,
1691 5728 1856 5796 ἀλλὰ,
1894 5751 1942 5785 κ.
1977 5749 2023 5787 τ.
2090 5769 2105 5788 .
