4128 6432
349 416 460 473 245

1124 405 1514 466 ENARRATIO
1556 405 1622 463 IN
1659 400 2092 460 EVANGELIUM
2126 398 2426 457 JOANNIS.
2468 429 2539 440 —
2576 399 2727 458 CAP.
2771 400 2967 457 XVIII.

3580 397 3685 456 246

354 543 454 620 ἐμὲ
511 543 734 614 ζητεῖτε
745 584 786 622 ,Δ
810 538 975 621 ἄφετε
1021 534 1234 603 τούτους
1284 533 1512 612 ὑπάγειν
1537 553 1553 571 ·
1597 530 1688 590 ἵνα
1717 531 1977 622 πληρωθῇ

2103 548 2262 622 igitur
2289 563 2380 605 me
2411 548 2679 622 quaeritis,
2709 547 2872 605 sinite
2917 547 3022 604 hos
3061 547 3231 617 abire,
3265 553 3326 604 ut
3365 544 3691 618 impleretur

359 617 398 692 ὁ.
416 631 614 712 λόγος,
649 628 708 691 ὃν
738 617 882 689 εἶπεν
902 627 1011 704 ,ὅτι
1039 625 1150 694 Οὒς
1180 625 1413 690 δέδωκάς
1443 646 1562 700 μοι,
1594 623 1690 712 οὑκ
1721 618 1980 712 ἀπώλεσα

364 722 421 792 ἐξ
462 710 649 781 αὑτῶν
694 717 915 780 οὐδένα.
953 744 980 770 ι
1024 714 1302 779 Κατέϐαλε
1345 713 1442 790 μὲν
1490 710 1681 780 αὐτοὺς
1722 710 1976 786 ὑπτίους,

366 813 482 889 ἅμα
519 808 625 884 τήν
666 833 724 868 τε
764 808 989 884 δύναμιν
1033 810 1195 865 αὑτοῦ
1235 806 1440 880 δηλῶν,
1471 802 1565 861 καὶ
1603 803 1682 859 ὅτι
1723 800 1858 889 ἑκὼν
1893 797 1982 877 ἕρ-

369 926 528 985 χεται
568 899 706 978 πρὸς
739 898 801 958 τὸ
842 898 1035 965 πάθος·
1073 895 1202 974 πρὸς
1239 893 1295 953 δὲ
1336 893 1537 960 τούτοις
1581 891 1672 952 καὶ
1704 888 1882 968 ἕτερόν
1929 911 1983 946 τι

373 979 709 1066 οἶκονομῶν.
765 987 897 1050 Ἵνα
949 988 1055 1068 γὰρ
1103 985 1178 1062 μὴ
1230 984 1352 1066 εἴπῃ
1407 1008 1524 1057 τις,
1583 982 1664 1041 ὅτι
1723 980 1873 1040 οὐδὲν
1933 979 1983 1068 οἱ

379 1081 637 1143 Ἰουδαῖοι
677 1066 1144 1158 ἥμαρτονίαῦτὸς
1181 1075 1286 1156 γὰρ
1325 1077 1504 1140 αὐτοῖς
1547 1071 1733 1131 ἑαυτὸν
1778 1066 1984 1149 ἐνεχεί-

392 1195 535 1251 ρισε,
581 1169 674 1229 καὶ
727 1169 887 1240 δῆλον
934 1166 1268 1240 κατέστησε·
1321 1163 1408 1221 διὰ
1451 1167 1607 1222 τοῦτο
1660 1159 1986 1220 ἐνδείκνυται

391 1263 568 1328 αὑτοῖς
599 1260 756 1318 τοῦτο
789 1257 852 1316 τὸ
880 1265 1135 1334 σημεῖον,
1176 1253 1357 1314 ἱκανὸν
1395 1252 1453 1312 ὂν
1493 1250 1679 1318 αὐτοὺς
1719 1247 1985 1327 ἀνακρού-

386 1354 604 1410 σασθαι.
658 1345 816 1409 Ἐπεὶ
865 1345 922 1405 δὲ
970 1344 1224 1424 ἐπέμενον
1268 1347 1334 1424 τῇ
1379 1341 1544 1424 κακίᾳ
1591 1339 1687 1400 καὶ
1739 1338 1876 1415 μετὰ
1926 1336 1988 1396 τὸ

379 1443 570 1514 θαῦμα
608 1442 800 1511 τοῦτο,
838 1435 959 1495 τότε
1001 1435 1066 1507 δὴ
1117 1433 1300 1494 ἑαυτὸν
1352 1431 1644 1512 ἐγχειρίζει.
1703 1428 1814 1490 Καὶ
1858 1425 1986 1506 ὅρα,

377 1530 499 1594 πῶς
545 1527 665 1586 οὐδὲ
713 1526 841 1606 ἄχρι
887 1530 984 1599 τῆς
1021 1521 1332 1588 τελευταίας
1369 1522 1511 1602 ὥρας
1558 1525 1651 1592 τῆς
1689 1517 1820 1598 πρὸς
1867 1514 1989 1583 τοὺς

382 1617 638 1696 μαθητὰς
689 1617 900 1694 ἀγάπης
949 1613 1179 1695 ὑφίεται.
1237 1635 1267 1671 α
1323 1614 1393 1672 Εἰ
1443 1610 1547 1691 γὰρ
1601 1608 1694 1686 ἐμὲ
1743 1611 1987 1679 ζητεῖτε,

381 1708 550 1788 φησὶν
570 1757 584 1783 ,
625 1706 783 1788 ἄφετε
811 1704 1024 1771 τούτους
1056 1702 1308 1783 ὑπάγειν·
1336 1700 1425 1759 ἵνα
1454 1703 1712 1779 πληρωθῇ
1744 1701 1772 1756 6
1801 1696 1985 1788 λόγος,

379 1797 442 1857 ὃν
475 1785 779 1874 clung-811
819 1794 932 1862 Οὓς
964 1794 1197 1860 δέδωκάς
1229 1816 1349 1869 μοι,
1386 1792 1482 1850 οὐκ
1514 1788 1771 1848 ἀπώλεσα
1805 1785 1858 1855 ἐξ
1892 1787 1990 1843 αὖ·

379 1890 493 1944 τῶν
535 1884 744 1944 οὖδένα.
796 1909 828 1942 ι
885 1883 1180 1945 Ἀπώλειαν
1221 1881 1276 1942 δὲ
1316 1887 1344 1941 6
1383 1877 1479 1958 μὲν
1525 1877 1719 1958 Κύριος
1756 1880 1852 1948 τῆς
1891 1879 1989 1956 ψυ-

379 1979 488 2056 χῆς
553 1977 760 2055 ἔλεγεν,
823 1975 892 2046 ἢν
951 1973 1122 2041 οὐδεὶς
1177 1975 1280 2031 τῶν
1341 1969 1782 2049 μαθητευθέντων
1842 1967 1988 2045 αὐτῷ

383 2065 624 2136 ὑπέστη·
662 2066 692 2121 6
730 2063 786 2123 δὲ
826 2060 1204 2140 εὖαγγελιστὴς
1242 2060 1330 2120 ἐπὶ
1368 2059 1568 2130 ταύτης
1608 2061 1702 2129 τῆς
1741 2076 1984 2130 σωματι-

385 2159 487 2226 ιῆς
524 2153 801 2234 παρέλαϐε
841 2158 1016 2214 τοῦτο.
1062 2155 1268 2228 Θαῧμα
1308 2150 1397 2228 δὲ,
1439 2151 1550 2215 πῶς
1587 2151 1645 2206 οὗ
1693 2142 1988 2206 συνέλαϐον

385 2243 510 2310 τοὺς
542 2243 897 2318 ἀποστόλους,
927 2242 1020 2302 καὶ
1047 2241 1351 2322 κατέκοψαν
1383 2237 1602 2312 αὐτοὺς,
1630 2235 1722 2297 καὶ
1751 2235 1988 2312 μάλιστα

383 2338 482 2392 τοῦ
523 2333 735 2413 Πέτρου
776 2332 1164 2415 παροξύναντος
1207 2321 1417 2397 αὑτούς.
1462 2327 1630 2389 Ὅθεν
1671 2327 1864 2399 δῆλον,
1907 2321 1991 2381 ὅτι

384 2427 421 2495 ἡ
476 2431 571 2484 τοῦ
621 2413 1012 2505 συλληφθέντος
1063 2421 1283 2498 δύναμις
1338 2424 1493 2478 τοῦτο
1552 2416 1753 2492 ἐποίει,
1813 2413 1906 2472 καὶ

386 2514 688 2595 ἀπόφασις,
731 2513 794 2586 ἣν
810 2500 1110 2593 προεῖπεν,
1139 2509 1220 2569 ὅτι
1255 2533 1282 2568 ‹‹
1327 2508 1518 2576 Οὐδεὶς
1555 2505 1608 2576 ἐξ
1638 2508 1810 2564 αὐτῶν
1849 2500 1993 2560 ἀπώ-

384 2592 531 2664 λετο.
587 2627 617 2660 ι
673 2606 847 2664 Τοῦτο
878 2592 1023 2682 γοῦν
1073 2601 1166 2660 καὶ
1213 2604 1241 2659 6
1292 2595 1670 2682 εὖαγγελισῖὴς
1726 2592 1990 2653 διδάσκων

383 2696 562 2770 ἡμᾶς,
602 2690 686 2751 ὅτι
720 2697 816 2766 τῆς
850 2677 946 2752 τοὺ
992 2690 1190 2769 Κυρίου
1228 2677 1548 2770 ἀποφάσεως
1585 2677 1649 2757 ἧν
1688 2683 1750 2744 τὸ
1787 2682 1861 2760 μὴ
1893 2707 1992 2741 κα-

381 2785 694 2854 τακοπῆναι
731 2783 852 2849 τοὺς
895 2781 1169 2859 μαθητὰς,
1210 2779 1398 2860 φησίν·
1439 2804 1466 2832 κ
1505 2775 1626 2835 Ἰνα
1667 2776 1924 2852 πληρωθῇ
1965 2773 1993 2829 6

384 2871 572 2950 λόγος,
592 2873 649 2931 ὃν
673 2863 848 2945 εἶπεν,
872 2871 955 2932 ὅτι
985 2873 1105 2931 Οὐκ
1134 2868 1390 2929 ἀπώλεσα
1421 2866 1472 2936 ἐξ
1505 2867 1679 2925 αὐτῶν
1708 2862 1941 2950 οὐδένα·
1959 2884 1988 2920 δ

383 2949 475 3021 δια
524 2963 632 3042 γὰρ
676 2961 776 3034 τὴν
821 2961 1094 3020 ἀσθένειαν
1143 2963 1316 3018 αὐτῶν
1367 2956 1471 3026 ἔξω
1515 2963 1746 3014 ποιεῖται
1800 2949 1994 3018 αὐτοὺς

383 3040 720 3131 πειρασμῶν.
793 3050 960 3112 Οὕτω
1025 3050 1117 3110 καὶ
1182 3054 1325 3126 ἡμᾶς
1383 3053 1474 3105 νῦν
1537 3043 1828 3120 οἰκονομεῖ,
1890 3040 1991 3100 κᾶν

2025 1820 2248 1905 Brat:

2089 655 2277 697 sermo
2300 654 2464 711 quem
2493 637 2633 694 dixit
2672 655 2685 695 :
2713 639 2866 708 Quos
2887 636 3090 694 dedisti
3127 635 3283 703 mihi,
3325 651 3444 692 non
3471 633 3686 708 perdidi

2091 744 2154 784 ex
2184 728 2261 783 eis
2310 743 2667 799 quemquam.
2719 749 2744 775 υ
2780 725 3086 782 Prostravit
3112 723 3335 797 quidem
3384 738 3480 780 eos
3509 732 3575 780 ut
3599 739 3692 781 re-

2089 826 2333 873 trorsum
2382 816 2659 886 caderent,
2717 815 3005 873 declarans
3049 815 3355 888 potentiam
3407 829 3586 881 suam,
3636 823 3695 870 et

2089 906 2236 978 quod
2273 907 2342 962 ad
2391 905 2703 978 passionem
2754 915 2950 977 sponte
2990 906 3223 962 veniret.
3256 904 3344 961 Ad
3375 903 3495 961 haec
3523 903 3690 960 etiam

2091 996 2196 1051 hoc
2217 994 2530 1067 providens,
2555 1003 2619 1050 ut
2638 1010 2709 1050 ne
2736 995 2861 1067 quis
2879 994 3022 1051 dicat
3040 996 3264 1052 Iudaeos
3279 1011 3393 1050 non
3416 1008 3692 1065 peccasse,

2091 1100 2158 1141 eo
2187 1085 2340 1158 quod
2369 1085 2472 1141 illis
2501 1101 2559 1141 se
2585 1085 2642 1140 in
2663 1101 2862 1140 manus
2887 1084 3188 1140 tradiderat
3207 1092 3262 1141 et
3290 1081 3692 1153 manifestarat,

2092 1183 2319 1246 propter
2345 1175 2453 1231 hoc
2480 1173 2722 1231 ostendit
2751 1174 2831 1230 eis
2860 1174 2965 1230 hoc
2992 1173 3345 1241 miraculum,
3375 1171 3525 1245 quod
3549 1171 3697 1228 sufﬁ-

2093 1264 2272 1321 ciebat
2299 1264 2366 1320 ad
2397 1263 2738 1336 repellendos
2786 1279 2901 1320 eos.
2958 1263 3072 1320 Ubi
3127 1271 3311 1319 autem
3360 1263 3416 1317 in
3485 1261 3699 1318 malitia

2093 1371 2193 1410 sua
2254 1362 2674 1426 permanserunt
2727 1354 2901 1410 etiam
2957 1362 3080 1426 post
3133 1352 3468 1409 miraculum
3527 1351 3698 1419 istud,

2093 1453 2226 1501 tunc
2251 1461 2309 1500 se
2335 1445 2597 1500 manibus
2625 1460 2817 1500 eorum
2861 1444 3125 1516 permisit.
3153 1445 3224 1499 Et
3247 1443 3369 1500 vide
3413 1441 3701 1516 quomodo

2094 1549 2270 1608 usque
2306 1533 2376 1590 ad
2403 1534 2659 1589 ultimam
2689 1533 2884 1589 horam
2912 1533 3255 1589 dilectionem
3284 1547 3414 1604 erga
3458 1530 3702 1603 discipu-

2095 1624 2179 1679 los
2229 1639 2342 1679 non
2392 1623 2631 1695 reliquit.
2689 1625 2831 1678 Nam
2881 1646 2906 1671 α
2949 1623 3004 1678 Si
3037 1638 3126 1678 me
3177 1623 3441 1694 quaeritis,
3498 1621 3698 1693 inquit,

2100 1717 2265 1773 sinite
2292 1716 2416 1772 illos
2461 1715 2628 1785 abire,
2672 1724 2736 1771 ut
2779 1716 3101 1787 impleretur
3128 1730 3310 1771 sermo
3353 1729 3518 1786 quem
3548 1713 3704 1769 dixe-

2299 1812 2450 1880 Quos
2477 1809 2678 1865 dedisti
2711 1809 2868 1876 mihi,
2897 1825 2963 1864 ex
2992 1809 3068 1864 eis
3120 1825 3234 1863 non
3273 1807 3485 1879 perdidi
3516 1822 3706 1878 quem-

2103 1915 2295 1972 quam.
2336 1922 2362 1948 ι›
2391 1899 2766 1955 Perditionem
2802 1907 2987 1954 autem
3020 1899 3298 1953 Dominus
3332 1897 3536 1952 animae
3558 1895 3708 1952 dice-

2101 1991 2213 2057 bat,
2265 1989 2391 2060 quia
2467 1988 2652 2044 nullus
2711 1988 2876 2060 periit
2919 1987 3014 2060 qui
3072 1987 3142 2043 ab
3204 2001 3271 2042 eo
3319 1985 3516 2041 doctus
3575 1983 3701 2041 fuit.

2099 2077 2448 2149 Evangelista
2473 2083 2659 2131 autem
2705 2083 2760 2131 et
2806 2074 2878 2130 ad
2924 2073 3270 2146 corporalem
3299 2072 3488 2128 trahit.
3531 2073 3704 2128 Mira-

2099 2167 2287 2224 culum
2330 2175 2540 2233 autem,
2573 2165 2858 2238 quomodo
2888 2180 3002 2221 non
3056 2162 3578 2236 comprehenderint
3627 2161 3704 2218 illi

2100 2259 2402 2328 apostolos,
2451 2265 2506 2312 et
2544 2257 2908 2313 dissecuerint
2956 2269 3071 2318 eos,
3127 2263 3186 2310 et
3284 2252 3529 2309 maxime
3573 2267 3705 2308 cum

2100 2351 2293 2403 Petrus
2321 2346 2606 2402 incitasset
2637 2361 2750 2401 eos.
2785 2345 2950 2401 Unde
2979 2342 3337 2399 manifestum
3368 2341 3517 2414 quod
3545 2357 3702 2398 com-

2102 2435 2352 2508 prehensi
2403 2435 2575 2490 virtus
2627 2433 2734 2491 hoc
2791 2432 3004 2498 fecerit,
3075 2441 3130 2488 et
3208 2431 3480 2488 sententia
3537 2445 3707 2504 quam

2101 2524 2441 2597 pradixerat,
2499 2523 2716 2578 nullum
2768 2538 2887 2578 esse
2930 2537 2998 2577 ex
3044 2521 3148 2577 illis
3205 2520 3549 2592 perdendum
3600 2518 3708 2575 :id

2102 2611 2249 2684 quod
2303 2620 2358 2668 et
2401 2611 2733 2682 evangelista
2777 2611 2982 2667 docens
3034 2625 3140 2665 nos
3189 2607 3338 2681 quod
3388 2607 3496 2663 hoc
3543 2607 3710 2664 fuerit

2101 2711 2325 2774 propter
2352 2701 2680 2757 sententiam
2708 2699 2952 2768 Domini,
2982 2715 3054 2755 ne
3081 2699 3520 2754 interﬁcerentur
3544 2697 3708 2754 disci-

2105 2792 2246 2864 puli,
2304 2791 2482 2863 inquit
2531 2809 2604 2845 εει
2654 2792 2735 2847 Ut
2763 2789 3083 2861 impleretur
3105 2803 3290 2844 sermo
3339 2803 3507 2860 quem
3538 2787 3702 2856 dixit,

2104 2884 2228 2937 Non
2251 2880 2457 2952 perdidi
2487 2895 2552 2934 ex
2580 2879 2657 2935 eis
2680 2894 3032 2950 quemquam.
3072 2900 3099 2926 ι»
3133 2881 3277 2934 Nam
3307 2884 3531 2949 propter
3559 2877 3709 2948 ipso-

2106 2986 2232 3026 rum
2264 2968 2646 3024 infirmitatem
2678 2983 2902 3023 securos
2948 2982 3042 3023 eos
3080 2965 3209 3022 fecit
3236 2982 3266 3021 a
3295 2965 3708 3022 tentationibus.

2102 3063 2183 3116 lta
2222 3069 2276 3115 et
2321 3075 2422 3115 nos
2469 3074 2618 3114 nunc
2668 3055 2827 3131 regit,
2889 3057 3108 3113 etiamsi
3163 3056 3506 3128 ignoremus.
3542 3054 3711 3112 Unde

387 3143 690 3220 ἀγνοῶμεν.
745 3140 927 3201 Ὥστε
973 3138 1184 3199 ἐπειδάν
1235 3161 1321 3198 σοι
1348 3137 1476 3216 ἔλθῃ
1533 3133 1856 3214 πειρασμὸς,
1907 3129 1992 3188 πί-

2103 3148 2321 3221 quando
2371 3147 2564 3204 incidis
2632 3147 2689 3203 in
2738 3129 3108 3214 Itentationes,
3178 3145 3339 3202 crede
3405 3143 3554 3216 quod
3607 3141 3710 3200 nisi

385 3254 572 3305 στευε,
617 3231 781 3291 ὅτιεί
827 3229 906 3308 μὴ
955 3229 1272 3308 ἐγίνωσκεν,
1321 3226 1403 3286 ὅτι
1451 3225 1674 3285 δύνασαι
1722 3224 1992 3302 διαφυγεῖν

383 3327 572 3380 τοῦτον
589 3367 605 3395 ,
640 3323 739 3382 οὐκ
771 3319 838 3380 ἂν
859 3319 1202 3400 συνεχώρησέ
1223 3341 1308 3377 σοι
1331 3314 1487 3376 αὑτὸν
1514 3315 1752 3373 ἐπελθεῖν
1768 3357 1786 3391 ,
1811 3310 1994 3391 ὥσπερ

388 3410 510 3470 οὑδὲ
539 3413 660 3471 τότε
690 3412 799 3477 τοῖς
829 3413 1114 3487 μαθηταῖς.

480 3523 514 3554 ι
547 3503 732 3577 Σίμων
761 3491 852 3559 οὖν
883 3500 1085 3578 Πέτρος
1113 3497 1251 3578 ἔχων
1279 3495 1590 3576 μάχαιραν,
1624 3490 1864 3551 εἵλκυσεν
1897 3491 1992 3548 αὗο

400 3586 535 3659 τὴν,
564 3590 654 3646 καὶ
684 3589 869 3648 ἔπαισε
909 3577 1009 3646 τὸν
1033 3593 1126 3646 τοῦ
1166 3577 1456 3667 άρχιερέως
1494 3584 1708 3655 δοῦλον,
1741 3581 1834 3639 καὶ
1865 3577 1996 3636 ἀπέ-

403 3679 570 3756 κοψεν
622 3679 774 3737 αὑτοῦ
818 3678 878 3738 τὸ
927 3676 1080 3736 ὠτίον
1127 3675 1186 3735 τὸ
1237 3666 1433 3743 δεξιόν·
1483 3666 1546 3746 ἦν
1600 3669 1654 3729 δὲ
1708 3669 1875 3747 ὄνομα
1919 3670 1996 3749 τῷ

404 3765 582 3846 δούλῳ
620 3768 858 3848 Μάλχος.
893 3757 1063 3828 Εἶπεν
1094 3757 1184 3824 οἷν
1209 3769 1236 3824 6
1267 3764 1474 3835 Ἰησοῦς
1499 3766 1574 3842 τῷ
1605 3759 1825 3838 Πέτρῳ·
1852 3759 1995 3848 Βάλε

399 3855 500 3926 τήν
549 3847 824 3937 μάχαιράν
872 3877 967 3918 σου
1035 3859 1108 3923 εἷς
1155 3854 1251 3926 τὴν
1299 3853 1492 3927 θήκην·
1546 3850 1606 3909 τὸ
1658 3847 2000 3937 ποτήριον.θ

397 3945 596 4004 δέδωκέ
626 3936 774 4023 μοιίὸ
803 3945 1032 4026 Πατὴρ,
1065 3949 1124 4005 οὗ
1150 3943 1224 4020 μὴ
1252 3943 1362 4002 πίω
1391 3941 1555 4015 αὐτό;
1597 3963 1628 3998 ι)
1657 3937 1811 3997 Ἰδὼν
1840 3941 1869 3996 6
1895 3936 2000 3997 Πέ-

394 4058 516 4114 τρος
563 4037 655 4095 τὸν
714 4035 915 4116 Κύριον
961 4035 1160 4102 ὑπτίως
1211 4032 1396 4101 αὖτοὺς
1448 4027 1857 4100 καταϐαλόντα,
1906 4027 1998 4086 καὶ

392 4125 624 4205 θάρσους
673 4125 1038 4198 ὑποπλησθεὶς
1089 4122 1176 4183 διὰ
1224 4128 1320 4194 τῆς
1373 4128 1465 4181 τοῦ
1523 4119 1721 4201 Κυρίου
1776 4120 1995 4198 φωνῆς,

388 4215 670 4289 εἰπόντος,
704 4243 729 4269 ι
766 4211 958 4298 Ἄφετε
995 4213 1208 4281 τούτους
1249 4212 1505 4290 ὑπάγειν,
1552 4235 1583 4267 ιο
1625 4208 1901 4286 ἐνόμισεν,
1930 4209 2002 4274 ὥς

389 4306 581 4384 καιρὸς
616 4305 803 4365 λοιπὸν
843 4295 1049 4385 ἆμύνης
1088 4302 1234 4376 ἐστὶ,
1279 4301 1370 4362 καὶ
1413 4299 1476 4373 δὴ
1515 4308 1718 4359 σπᾶται
1754 4295 1853 4369 τὴν
1896 4295 2002 4372 μά-

392 4419 632 4474 χαιραν,
667 4395 760 4454 καὶ
797 4394 1060 4454 πατάσσει
1098 4393 1186 4452 τὸν
1227 4394 1434 4451 δοῦλον.
1473 4391 1568 4468 (41)
1601 4392 1669 4450 Εἰ
1700 4386 1754 4446 δὲ
1793 4391 1998 4459 ζητεῖς,

393 4488 511 4551 πῶς
538 4488 569 4543 6
597 4486 895 4552 κελευσθεὶς
926 4484 1001 4562 μὴ
1031 4483 1210 4563 πήραν
1241 4481 1412 4561 ἔχειν,
1444 4479 1580 4557 μηδὲ
1611 4478 1703 4538 δύο
1733 4480 1997 4559 χιτῶνας,

399 4575 683 4654 μάχαιραν
735 4574 874 4656 ἔχει·
924 4574 1192 4654 μάνθανε,
1242 4572 1323 4630 ὅτι
1361 4569 1448 4629 διὰ
1485 4570 1546 4628 τὸ
1588 4567 1765 4647 ἀρνίον
1807 4565 2002 4638 ταύτης

396 4668 632 4743 ἔχρῃζε,
679 4666 772 4724 καὶ
817 4665 1108 4733 ἐϐάσταζεν
1148 4662 1314 4734 αὐτὴν
1357 4659 1450 4720 καὶ
1493 4657 1629 4736 μετὰ
1666 4660 1726 4718 τὸ
1765 4660 1998 4716 δεῖπνον·

401 4752 438 4824 ἢ
479 4755 576 4812 καὶ
624 4753 870 4822 δεδοικὼς
918 4753 1015 4828 τὴν
1059 4753 1330 4830 ἐπίθεσιν,
1371 4748 1782 4831 παρεσκεύαστο
1829 4746 2003 4806 πάλαι

401 4845 474 4909 εἷς
529 4849 711 4905 τοῦτο.
776 4847 842 4906 Εἴ
897 4845 953 4903 δὲ
1010 4846 1259 4922 ἀπορεῖς,
1317 4845 1433 4908 πῶς
1486 4844 1514 4899 6
1567 4838 1704 4916 μηδὲ
1766 4835 2003 4920 ῥαπίζων

530 4935 797 5014 ῥαπίζειν]
840 4933 1222 5016 προσταχθεὶς,
1273 4931 1405 5013 πρὸς
1450 4929 1630 5010 φόνους
1672 4926 2007 5008 παρεσκευά-

399 5027 548 5093 ζετο·
597 5025 863 5099 ἀκούσεις,
926 5024 1005 5083 ὅτι
1050 5023 1284 5101 μάλιστα
1334 5021 1433 5098 μὲν
1475 5023 1578 5100 οὐχ
1625 5021 1800 5099 ἐαυτῷ
1866 5017 2006 5076 ἀλλὰ

534 5115 847 5196 διδασκάλῳ
904 5114 1132 5190 ἤμυνεν·
1191 5111 1382 5170 ἔπειτα
1439 5109 1559 5170 οὑδὲ
1614 5109 1806 5169 τέλειοι
1858 5105 2007 5166 οὔπω

389 5193 567 5276 ⁴ἦσαν·
715 5193 831 5271 τοῖς.
875 5204 1108 5282 ὑστέροις
1149 5201 1256 5282 γὰρ.
1289 5200 1371 5261 ἴδε
1408 5223 1498 5278 μοι
1534 5205 1749 5273 τοῦτον,
1789 5201 1904 5265 πῶς
1939 5195 2009 5256 τὰ

390 5292 607 5376 ἔσχατα
660 5295 888 5376 πάσχων
938 5294 1138 5376 χαίρει.
1189 5295 1301 5353 Νῦν
1349 5293 1404 5350 δὲ
1444 5288 1574 5372 ὑπὲρ
1611 5295 1704 5348 τοῦ
1754 5287 2010 5348 διδασκά-

388 5385 486 5446 λου
532 5389 890 5468 ἀγανακτῶν,
934 5386 1023 5444 καὶ
1080 5382 1167 5442 ἐπ’
1212 5380 1377 5454 αὐτὴν
1424 5384 1566 5462 ὁρμᾷ
1606 5379 1702 5454 τὴν
1747 5376 2011 5461 κεφαλήν·

460 5528 510 5566 ⁸³
539 5523 756 5588 Matth.
787 5537 852 5591 κ,
885 5525 972 5578 to.

2103 3238 2451 3310 cognovisset
2495 3245 2548 3294 te
2591 3252 2750 3308 posse
2779 3235 2898 3292 illas
2932 3234 3188 3302 evadere,
3217 3250 3330 3290 non
3373 3232 3712 3306 permisisset

2102 3333 2158 3384 te
2182 3327 2242 3383 in
2272 3343 2362 3383 eas
2385 3325 2647 3395 incidere,
2677 3325 2824 3382 sicut
2849 3340 3029 3400 neque
3058 3333 3193 3382 tunc
3212 3322 3529 3396 discipulos.

2173 3510 2356 3563 Vens.
2393 3509 2482 3574 to,
2529 3508 2609 3561 11.
2649 3527 2674 3556 α
2707 3505 2903 3561 Simon
2931 3519 3062 3577 ergo
3092 3507 3295 3561 Petrus
3324 3519 3453 3559 cum
3481 3502 3713 3560 haberet

2103 3596 2372 3670 gladium,
2393 3593 2585 3649 eduxit
2609 3610 2756 3658 eum,
2786 3602 2842 3650 et
2868 3593 3136 3665 percussit
3167 3592 3442 3664 pontificis
3464 3607 3710 3658 servum,

2106 3694 2161 3742 et
2219 3684 2453 3741 abscidit
2493 3683 2800 3739 auriculam
2832 3683 2949 3754 ejus
3009 3683 3312 3738 dexteram.
3346 3681 3478 3736 Erat
3525 3688 3712 3736 autem

2105 3790 2310 3830 nomen
2369 3788 2526 3828 servo
2576 3771 2848 3828 Malchus.
2901 3770 3048 3826 Dicit
3093 3786 3222 3842 ergo
3270 3773 3434 3825 Jesus
3483 3771 3644 3824 Petro
3695 3785 3711 3824 :

2107 3863 2264 3919 Mitte
2310 3862 2554 3934 gladium
2615 3865 2776 3915 tuum
2824 3859 2879 3915 in
2948 3859 3222 3929 vaginam.
3277 3862 3482 3915 Annon
3524 3857 3713 3914 bibam

2107 3953 2363 4025 poculum
2422 3948 2575 4023 quod
2615 3949 2770 4005 dedit
2815 3948 2951 4004 mihi
3002 3951 3198 4004 Pater?
3250 3970 3276 3997 ι
3326 3950 3470 4004 Cum
3519 3949 3714 4004 Petrus

2108 4041 2334 4097 vidisset
2383 4039 2693 4096 Dominum
2764 4038 3123 4111 prostravisse
3167 4037 3310 4106 illos,
3360 4045 3415 4092 et
3459 4035 3714 4107 impletus

2106 4139 2246 4188 esset
2306 4129 2504 4186 ﬁducia
2567 4136 2793 4200 propter
2855 4143 3050 4184 vocem
3109 4126 3358 4192 Domini,
3457 4125 3712 4196 dicentis,

2113 4243 2138 4269 ι
2175 4219 2344 4277 Sinite
2369 4219 2492 4276 illos
2538 4219 2710 4288 abire,
2748 4239 2774 4266 ι
2823 4217 3158 4274 existimavit
3190 4216 3354 4288 737
3388 4215 3534 4288 quod
3573 4223 3710 4271 tunc

2109 4323 2254 4370 esset
2294 4321 2510 4382 tempus
2540 4311 2814 4377 vindictae,
2840 4317 3193 4381 extractoque
3233 4309 3415 4381 gladio
3445 4305 3714 4379 percussit

2110 4417 2348 4459 servum.
2383 4400 2542 4470 Quod
2573 4400 2617 4456 si
2647 4414 2886 4473 quaaras,
2915 4397 3197 4471 quomodo
3226 4396 3272 4452 is
3297 4396 3388 4468 qui
3410 4396 3602 4466 jussus
3630 4403 3718 4452 est

2111 4510 2226 4550 non
2255 4501 2471 4564 portare
2500 4507 2710 4564 peram,
2748 4505 2928 4561 neque
2956 4489 3094 4546 duas
3127 4488 3342 4543 tunicas
3373 4485 3441 4553 ’3,
3472 4487 3719 4558 gladium

2109 4581 2357 4650 haberet,
2401 4580 2548 4637 disce
2577 4579 2730 4652 quod
2759 4577 3061 4650 portaverit
3098 4577 3257 4633 illum
3300 4575 3357 4630 in
3393 4590 3557 4631 usum
3586 4577 3718 4646 agni

2112 4672 2379 4746 paschalis
2408 4672 2578 4728 etiam
2609 4677 2734 4742 post
2760 4683 3003 4733 coenam,
3037 4666 3119 4722 vel
3147 4664 3316 4739 quod,
3349 4664 3552 4721 timens
3580 4664 3717 4720 insi-

2111 4761 2246 4830 dias,
2292 4760 2421 4817 olim
2469 4761 2529 4816 in
2575 4760 2683 4816 hoc
2729 4757 3136 4830 prmparaverit.
3183 4754 3347 4825 Quod
3400 4754 3449 4810 si
3476 4753 3718 4820 dubitas,

2113 4851 2416 4927 quomodo,
2440 4865 2566 4906 cum
2593 4847 2900 4920 prohibitus
2921 4845 3186 4903 fueritvel
3212 4845 3386 4917 alapis
3406 4853 3718 4917 percutere,

2113 4940 2182 4997 ad
2210 4939 2418 4996 caedem
2445 4955 2503 4994 se
2541 4937 2828 5010 paraverit,
2860 4935 2988 4992 audi
3031 4933 3313 5008 quomodo
3362 4947 3475 4990 non
3509 4939 3720 4989 semet-

2113 5028 2314 5100 ipsum,
2343 5025 2440 5082 sed
2467 5025 2799 5096 magistrum
2830 5023 3066 5080 maxime
3095 5023 3245 5078 ultus
3286 5020 3482 5086 fuerit;
3527 5017 3721 5076 deinde

2117 5115 2266 5189 quod
2301 5115 2556 5171 nondum
2589 5112 2813 5185 perfecti
2845 5120 2981 5168 tunc
3008 5119 3183 5168 erant.
3232 5111 3374 5165 Nam
3421 5105 3549 5162 vide
3577 5121 3721 5178 quo-

2115 5206 2283 5263 modo
2310 5213 2502 5278 postea
2531 5213 2778 5262 extrema
2807 5202 2952 5260 ferre
2979 5201 3200 5274 gaudet,
3226 5214 3376 5254 nunc
3400 5205 3590 5253 autem
3620 5211 3722 5268 pro

2116 5301 2380 5372 magistro
2403 5299 2736 5372 indignatur,
2763 5306 2820 5354 et
2846 5304 3013 5368 caput
3039 5295 3220 5366 ipsum
3247 5290 3481 5357 invadit,
3511 5298 3570 5346 et
3590 5305 3722 5346 cum

2119 5389 2420 5457 aberraret,
2474 5387 2781 5444 auriculam
2834 5385 3013 5442 solam
3060 5380 3350 5438 abscindit.
3403 5381 3569 5436 Jesus
3597 5393 3724 5435 vero

1475 5606 1563 5665 Ex
1594 5604 2112 5686 collatione_codd.
2141 5605 2351 5667 Venet.
2384 5604 2446 5664 S.
2490 5603 2695 5663 Marci.

451 5739 566 5805 (41)
601 5727 752 5792 Cod.
785 5731 874 5796 32,
908 5722 976 5780 Εἰ
996 5721 1050 5775 δὲ
1075 5725 1240 5788 ζητεῖς
1268 5721 1443 5792 μαθεῖν
1467 5724 1589 5787 πῶς,
1615 5739 1664 5773 κ.
1692 5738 1741 5774 1.
1771 5717 1824 5774 λ,
