4128 6458
407 412 512 464 247

1433 413 1947 469 THEOPHYLACTI
1985 413 2342 470 BULGARUE
2379 411 2694 468 ARCHIEP.

3607 416 3718 470 248

406 534 662 604 restituit,
716 541 774 593 et
799 550 897 608 per
938 536 1043 594 hoc
1093 537 1426 594 miraculum
1455 538 1656 596 iterum
1684 539 2006 612 insipientes

2125 541 2204 600 διὸ
2251 538 2498 610 κάκείνης
2540 537 2614 614 μὴ
2657 535 2994 619 ἐφικόμενος,
3040 535 3100 594 τὸ
3137 539 3259 612 γοῦν
3301 536 3459 596 ὠτίον
3501 535 3706 614 τέμνει.

408 624 637 683 Iudaeos
681 626 925 682 refrenat
976 626 1046 682 ab
1078 629 1287 699 impetu
1317 629 1385 686 ad
1433 628 1808 686 homicidium.
1865 633 2008 686 Nam

409 717 536 787 quia
566 732 828 788 magnum
855 726 973 772 erat
1002 719 1332 774 miraculum
1378 719 1435 774 in
1465 721 1729 786 auricula,
1757 729 2008 791 propter—

409 822 472 862 ea
501 815 555 861 et
585 823 789 862 nomen
817 808 958 863 servi
1001 810 1225 879 apponit
1261 810 1611 880 evangelista,
1662 819 1722 864 ut
1748 810 1792 865 si
1823 811 2008 881 legen-

410 905 494 951 tes
531 897 864 966 discredant,
900 898 966 953 ab
993 899 1084 954 illo
1129 910 1376 971 quaerant
1402 917 1540 956 num
1570 901 1644 955 ita
1677 901 1885 955 factum
1916 900 2006 954 sit.

410 989 584 1041 Porro
634 987 910 1042 Dominus
945 990 1172 1044 Petrum
1211 989 1428 1060 quidem
1467 990 1720 1061 reprimit
1749 998 1803 1044 et
1839 990 2011 1044 inter-

409 1079 667 1146 minatur,
714 1078 906 1135 dicens
951 1096 965 1134 :
1005 1102 1030 1128 α
1080 1082 1244 1136 Mitte
1282 1081 1526 1153 gladium
1576 1090 1733 1137 tuum
1783 1082 1839 1136 in
1870 1080 2011 1153 vagi-

409 1183 559 1224 nam.
593 1188 618 1216 ι
646 1168 976 1224 Consolatur
999 1177 1182 1226 autem
1206 1169 1437 1226 dicendo
1469 1188 1482 1226 :
1514 1193 1539 1219 α
1567 1170 1837 1226 Poculum
1864 1169 2013 1242 quod

411 1256 565 1314 dedit
612 1258 754 1314 mihi
803 1261 986 1328 Pater,
1018 1277 1205 1316 annon
1236 1261 1422 1317 bibam
1470 1262 1643 1317 illud?
1694 1285 1720 1311 »
1767 1261 2017 1319 Ostendit

413 1347 559 1403 enim
587 1347 734 1418 quod
781 1350 1022 1420 patiatur
1067 1366 1184 1406 non
1210 1359 1432 1422 propter
1463 1352 1682 1406 illorum
1723 1352 2012 1419 virtutem,

412 1435 510 1493 sed
553 1452 712 1493 suam
742 1438 1176 1509 permissionem,
1209 1449 1262 1496 et
1303 1440 1448 1512 quod
1490 1457 1602 1495 non
1649 1442 1722 1496 sit
1761 1440 2014 1496 adversa-

414 1526 529 1582 rius
559 1527 699 1593 Deo,
729 1526 823 1583 sed
869 1544 1045 1599 usque
1073 1529 1142 1585 ad
1188 1538 1426 1585 mortem
1472 1529 1635 1585 faciat
1677 1529 2014 1584 voluntatem

413 1615 607 1672 Patris.
631 1615 880 1672 Dicendo
899 1626 1086 1673 autem
1113 1641 1135 1666 u
1160 1619 1444 1689 poculum,
1472 1641 1497 1666 ι
1518 1619 1756 1691 insignat
1774 1627 2018 1674 mortem

413 1705 630 1762 dulcem
700 1715 756 1763 et
807 1705 1231 1764 desiderabilem
1293 1712 1349 1764 in
1417 1710 1650 1765 salutem
1704 1709 2015 1764 hominum.

413 1795 690 1852 Caeterum
735 1803 797 1851 tu
832 1795 923 1852 hic
962 1799 1238 1866 attendas,
1267 1798 1507 1855 desecari
1538 1799 1842 1854 auriculam
1881 1797 2017 1853 dex-

2117 630 2323 700 Ἰησοῦς
2368 629 2421 687 δὲ
2462 627 2849 700 ὓποκαθίστησι
2890 625 2970 704 [
3021 625 3226 705 ἀποκ.“],
3267 626 3356 684 xui
3399 624 3486 684 διὰ
3523 627 3716 685 τούτου

2116 725 2210 780 τοῦ
2261 718 2528 796 θαύματος
2574 718 2736 775 πάλιν
2783 715 2900 782 τοὺς
2951 714 3204 785 ἀνοήτους
3251 716 3539 783 Ἰουδαίους
3590 719 3716 773 ἀνα·

2116 809 2368 890 χαιτίζων
2413 815 2506 880 τ’ἤς
2554 808 2642 866 ἐπὶ
2687 807 2774 866 τὸν
2821 804 2974 886 φόνον
3018 808 3209 882 ὁρμῆς.
3261 804 3422 865 Ἐπεὶ
3469 806 3524 864 δὲ
3571 810 3712 886 μέγα

2119 891 2182 971 ἦν
2222 899 2281 958 τὸ
2321 898 2406 956 ἐπὶ
2445 901 2519 977 τῷ
2564 896 2703 975 ὠτίῳ
2741 901 2950 971 θαῦμα,
2991 894 3077 952 διὰ
3117 900 3270 954 τοῦτο
3309 895 3399 954 xui
3441 896 3500 954 τὸ
3542 897 3718 972 ὄνομα

2117 995 2206 1048 τοῦ
2253 987 2438 1045 δούλου
2479 986 2826 1064 προστίθησιν
2871 991 2898 1044 6
2930 984 3342 1060 εὖαγγελιστήςσ
3378 982 3446 1044 ἵν’
3605 994 3720 1053 τοῖς

2121 1075 2600 1154 ἀναγινώσκουσιν,
2658 1073 2806 1153 εἴπερ
2869 1076 3168 1146 ἀπιστοῖεν,
3226 1077 3402 1144 ζητεῖν
3459 1075 3551 1134 καὶ
3609 1099 3720 1134 πε-

2125 1167 2516 1246 ριεργάζεσθαι,
2565 1163 2614 1223 εἴ
2665 1187 2724 1241 γε
2774 1162 2912 1220 οὕτω
2957 1163 3188 1242 γέγονεν.
3241 1164 3386 1222 Ἀλλ’
3436 1167 3465 1223 6
3520 1165 3722 1246 Κύριος

2121 1254 2474 1315 καταστέλλει
2509 1253 2603 1328 μὲν
2635 1254 2722 1312 τὸν
2755 1253 2991 1332 Πέτρον,
3028 1253 3118 1309 xui
3148 1252 3446 1323 ἀπειλήσας
3478 1253 3533 1331 (ιι
3570 1256 3721 1314 Βάλε

2121 1345 2253 1425 γὰρ,
2287 1345 2446 1424 φησὶ,
2487 1343 2582 1414 τὴν
2621 1342 2894 1422 μάχαιράν
2936 1365 3028 1400 σου
3064 1344 3135 1408 εἰς
3170 1341 3265 1413 τὴν
3305 1343 3472 1415 θήκην
3507 1344 3579 1422 υ),
3608 1368 3720 1403 πα-

2126 1437 2438 1514 ραμυθεῖται
2486 1431 2539 1491 δὲ
2586 1433 2675 1490 xui
2719 1436 2770 1490 ἐν
2814 1436 2890 1511 τῷ
2936 1433 3132 1489 εἰπεῖν’
3183 1431 3318 1491 «Τὸ
3364 1433 3653 1513 ποτήριον,
3687 1432 3719 1492 ὃ

2123 1523 2316 1582 δέδωκέ
2347 1546 2435 1598 μοι
2463 1526 2490 1580 6
2526 1523 2747 1598 Πατὴρ,
2781 1522 2839 1580 οὐ
2873 1521 2947 1598 μὴ
2976 1520 3083 1578 πίω
3110 1521 3268 1593 ubi-0';
3295 1522 3546 1583 Δείκνυσι
3579 1523 3718 1602 γὰρ,

2122 1613 2202 1672 ὅτι
2233 1615 2290 1672 οὗ
2321 1618 2412 1684 τῆς
2440 1611 2651 1670 ἐκείνων
2683 1610 2983 1687 δυνάμεως,
3020 1610 3158 1668 ἀλλὰ
3187 1614 3282 1680 τ’ἧς
3312 1613 3472 1671 αὐτοῦ
3503 1636 3718 1692 συγχω-

2129 1703 2329 1782 ρήσεως
2371 1702 2432 1760 τὸ
2473 1702 2688 1774 παθεῖν,
2732 1699 2824 1758 xui
2862 1699 2943 1758 ὅτι
2985 1699 3079 1757 οὐκ
3125 1699 3384 1773 ἀντίθεος,
3427 1703 3545 1760 ἀλλ’
3591 1703 3721 1781 ἄχρι

2126 1791 2352 1850 θανάτου
2383 1790 2442 1850 τὸ
2475 1789 2681 1865 θέλημα
2711 1794 2803 1848 τοῦ
2847 1787 3058 1867 Πατρὸς
3086 1792 3272 1850 ποιῶν.
3321 1789 3429 1849 Καὶ
3462 1793 3521 1848 τὸ
3551 1792 3720 1849 εἰπεῖν

411 1891 555 1940 tram
598 1886 740 1941 servi
811 1887 1084 1958 pontiﬁcis
1127 1891 1346 1962 signum
1395 1889 1559 1946 fuisse
1625 1889 2014 1946 inobedientize

2122 1883 2205 1953 δὲ,
2255 1903 2286 1935 α
2329 1879 2618 1957 ποτήριον,
2669 1903 2699 1934 n
2746 1879 2805 1938 τὸ
2847 1876 2945 1948 ἡδὺ
2989 1877 3078 1936 xui
3133 1879 3456 1950 ἐπιπόθητον
3497 1885 3588 1938 τοῦ
3630 1880 3721 1938 ἐπὶ

414 1973 656 2030 illorum.
685 1975 914 2032 Caecitas
958 1977 1106 2033 enim
1158 1978 1214 2034 in
1262 1979 1429 2034 Israel
1475 1979 1622 2034 facta
1665 1986 1768 2046 est,
1824 1986 1886 2032 ut
1910 1994 2011 2031 au-

412 2061 625 2120 dientes
694 2080 815 2121 non
880 2066 1130 2134 audiant,
1199 2076 1426 2138 propter
1491 2068 1829 2139 impietatem
1884 2081 2011 2139 erga

413 2152 777 2220 Salvatorem,
831 2169 954 2225 qua:
980 2157 1216 2211 maxime
1247 2156 1348 2211 fuit
1377 2156 1724 2227 pontiﬁcum.
1767 2156 1900 2211 Ideo
1959 2165 2015 2212 et

413 2241 669 2298 auriculae
694 2241 955 2299 abscissio
978 2243 1037 2298 in
1067 2260 1225 2300 servo
1249 2244 1523 2316 pontiﬁcis
1556 2244 1693 2301 facta
1720 2253 1821 2300 est.
1851 2245 2014 2315 Quod

412 2339 601 2384 autem
648 2331 906 2387 restituta
965 2338 1050 2387 est
1112 2333 1376 2404 auricula,
1421 2334 1696 2406 signiﬁcat
1758 2333 2020 2389 lsraelitis

415 2418 550 2474 olim
571 2419 966 2476 restituendam
990 2421 1360 2492 prudentiam,
1393 2438 1514 2494 quae
1543 2439 1693 2478 nunc
1715 2430 1797 2478 est
1821 2422 2017 2479 ablata.

413 2509 636 2565 Etenim
684 2508 828 2565 Elias
871 2526 1001 2566 cum
1033 2512 1266 2580 venerit,
1307 2512 1584 2569 revocabit
1613 2529 1707 2568 eos
1735 2513 1804 2570 ad
1857 2513 2018 2569 Chri-

412 2606 586 2667 stum,
617 2606 672 2654 et
698 2599 993 2673 coniunget
1029 2609 1208 2673 patres
1235 2601 1398 2659 nobis
1429 2601 1575 2671 ﬁliis,
1602 2602 1741 2659 sicut
1768 2611 1823 2659 et
1853 2603 2018 2659 Mala-

413 2685 571 2742 chias
610 2685 750 2742 dixit
776 2685 840 2741 9".

412 2778 572 2835 λιτῶν
619 2775 909 2849 συνέσεως,
971 2780 1064 2848 τῆς
1119 2783 1208 2836 νῦν
1273 2779 1664 2859 ἀφαιρεθείσης.

2121 1970 2357 2050 σωτηρίᾳ
2403 1973 2506 2027 τῶν
2553 1967 2844 2046 ἀνθρώπων
2887 1966 3116 2026 θανάτου
3168 1968 3480 2030 αἰνίττεται.
3541 1968 3619 2029 Σὺ
3665 1969 3725 2028 δέ

2122 2083 2211 2136 μοι
2243 2061 2369 2140 ὅρα,
2402 2058 2481 2117 ὅτι
2516 2058 2606 2116 xui
2637 2057 2696 2114 τὸ
2739 2059 3076 2128 ἀποκοπῆναι
3108 2056 3166 2140 τὸ
3207 2056 3372 2125 δεξιὸν
3423 2059 3579 2117 ὠτίον
3628 2067 3725 2119 τοῦ

2120 2137 2307 2207 δούλου
2349 2156 2438 2208 τοῦ
2481 2148 2767 2228 ἀρχιερέως
2806 2145 3073 2222 σύμϐολον
3118 2137 3180 2218 ἦν
3230 2153 3325 2220 τῆς
3371 2146 3725 2219 ἀνηκουστίας

2122 2239 2318 2299 αὐτῶν.
2393 2236 2653 2316 Πώρωσις
2722 2236 2825 2314 γὰρ
2886 2239 2964 2316 τῷ
3036 2234 3263 2315 Ἰσραὴλ
3319 2235 3563 2313 γέγονεν,
3631 2235 3724 2295 ἵνα

2131 2326 2407 2394 ἀκούοντες
2447 2326 2522 2403 μὴ
2566 2326 2862 2397 ἀκούσωσι,
2904 2325 2990 2382 διὰ
3028 2324 3123 2395 τὴν
3164 2325 3302 2384 κατὰ
3344 2331 3439 2385 τοῦ
3471 2329 3725 2406 Σωτῆρος

2130 2416 2407 2490 ἀσέϐειαν,
2443 2416 2478 2488 ἢ
2518 2419 2624 2475 τῶν
2667 2412 2958 2496 ἀρχιερέων
2997 2418 3247 2496 μάλιστα,
3273 2414 3484 2494 γέγονε,
3517 2416 3596 2474 διὸ
3629 2416 3727 2475 καὶ

2129 2507 2252 2586 περὶ
2283 2505 2490 2578 οἰκέτην
2524 2505 2810 2584 ἀρχιερέως
2842 2505 2902 2563 τὸ
2933 2503 3198 2580 σύμϐολον
3232 2495 3295 2577 ἦν
3324 2509 3417 2576 τῆς
3446 2512 3535 2565 τοῦ
3563 2505 3726 2565 ὠτίου

2132 2594 2485 2676 ἀφαιρέσεως.
2537 2596 2616 2654 Τὸ
2663 2595 2718 2652 δὲ
2769 2596 3210 2664 ἀποκαταστῆναι
3255 2593 3418 2653 πάλιν
3468 2594 3528 2654 τὸ
3565 2594 3725 2654 ὠτίον

2132 2686 2281 2756 δηλοῖ
2331 2684 2426 2755 τὴν
2469 2683 2687 2763 ὕστερον
2736 2682 3175 2741 ἀποκατάστασιν
3220 2686 3312 2754 τῆς
3355 2686 3460 2741 τῶν
3511 2684 3728 2764 Ἰσραη-

1754 2779 1871 2840 Καὶ
1921 2777 2024 2858 γὰρ
2080 2776 2274 2841 Ἧλίας
2345 2771 2540 2845 ἐλθὼν,
2589 2771 3024 2842 ἀποκαταστήσει
3088 2770 3276 2839 αὐτοὺς
3313 2776 3413 2852 ἐἷς
3460 2773 3730 2854 Χριστὸν,

416 2864 508 2923 xui
539 2865 766 2946 συνάψει
811 2863 1000 2933 αὐτοὺς
1041 2867 1277 2947 πατέρας
1324 2869 1479 2935 ὄντας
1524 2874 1656 2943 ἡμῖν
1701 2879 1811 2929 τοῖν
1857 2871 2013 2942 υἱοῖς,
2045 2863 2180 2924 καθὰ
2209 2863 2270 2935 δὴ
2297 2863 2388 2922 xui
2408 2863 2707 2947 Μαλαχίας
2742 2861 3156 2941 προεφήτευσεν.

485 2957 669 3010 Vsus.
728 2959 913 3010 12-14.
976 2977 1002 3002 α
1056 2955 1266 3012 Cohors
1330 2957 1498 3028 igitur
1549 2968 1604 3013 et
1657 2959 1910 3013 tribunus
1961 2966 2017 3013 et

415 3043 652 3100 ministri
711 3043 1031 3100 Iudaeorum
1087 3045 1631 3117 comprehenderunt
1687 3050 1898 3116 Jesum,
1965 3055 2019 3103 et

412 3134 720 3207 ligaverunt
787 3151 940 3202 cum,
998 3144 1052 3192 et
1093 3136 1441 3193 adduxerunt
1488 3153 1615 3194 eum
1674 3138 1742 3194 ad
1796 3143 2017 3194 Annam

417 3225 682 3298 primum.
712 3229 845 3281 Erat
873 3227 1017 3282 enim
1046 3242 1202 3282 socer
1229 3227 1473 3298 Caiphae,
1503 3229 1597 3299 qui
1636 3236 1751 3283 erat
1777 3228 2017 3300 pontifex

415 3313 546 3370 anni
599 3314 770 3370 illius.
820 3317 956 3370 Erat
999 3323 1183 3372 autem
1213 3315 1446 3388 Caiphas
1491 3317 1539 3372 is
1596 3319 1685 3389 qui
1729 3318 2018 3374 consilium

2209 2976 2236 3010 σ
2270 2951 2340 3013 tH
2379 2941 2468 3011 οῦν
2511 2941 2736 3031 σπεῖρα,
2783 2951 2876 3009 xui
2903 2955 2930 3009 6
2961 2952 3266 3034 χιλίαρχος,
3307 2949 3400 3009 καὶ
3437 2952 3485 3011 οἱ
3523 2951 3728 3030 ὑπηρέ-

2125 3065 2215 3100 ται
2248 3045 2352 3100 τῶν
2387 3039 2658 3101 Ἰουδαίων
2692 3039 2983 3098 συνέλαϐον
3019 3041 3102 3098 τὸν
3134 3040 3375 3116 Ἰησοῦν,
3406 3039 3500 3099 καὶ
3529 3040 3727 3112 ἔδησαν

2127 3131 2312 3208 αὐτὸν,
2363 3129 2454 3190 xui
2505 3131 2782 3208 ἀπήγαγον
2834 3130 2992 3188 αὐτὸν
3048 3130 3177 3208 πρὸς
3237 3125 3429 3188 Ἄνναν
3481 3133 3722 3209 πρῶτον.

2123 3210 2231 3280 1'Hv
2263 3219 2365 3298 γὰρ
2403 3220 2650 3298 πενθερὸς
2691 3224 2778 3277 τοῦ
2817 3220 3068 3298 Καϊάφα,
3109 3219 3164 3286 ὃς
3203 3210 3265 3291 ἦν
3318 3219 3593 3299 ἀρχιερεὺς
3631 3224 3726 3279 τοῦ

2126 3313 2363 3369 ἐνιαυτοῦ
2412 3312 2632 3370 ἐκείνου.
2679 3299 2786 3368 ’Ἦν
2846 3309 2898 3368 δὲ
2952 3308 3201 3388 Καϊάφας
3248 3312 3276 3366 6
3323 3309 3729 3384 συμϐουλεύσας

416 3402 642 3458 dederat
687 3401 915 3473 Iudaeis,
975 3405 1120 3474 quod
1175 3405 1450 3476 expediret
1505 3422 1677 3461 unum
1729 3406 2014 3462 hominem

2127 3407 2231 3465 τοῖς
2267 3398 2570 3472 Ἰουδαίοις,
2595 3397 2676 3456 ὅτι
2710 3398 2968 3478 συμφέρει
2997 3399 3089 3456 ἕνα
3125 3398 3398 3475 ἄνθρωπον
3427 3399 3727 3458 ἀπολέσθαι

2129 3491 2145 3506 ρ
2206 3487 2219 3506 \
2359 3495 2392 3506 η
2437 3489 2452 3506 ε
2530 3493 2562 3506 ~
2694 3486 2771 3506 ΕΙΣ
2929 3488 2943 3506 Ι
3100 3490 3115 3506 Ί
3198 3487 3210 3506 Ι
3432 3487 3457 3506 ﬂ
3566 3492 3582 3506 ρ
3698 3488 3713 3506 \

419 3489 558 3546 mori
600 3505 698 3561 pro
737 3493 961 3562 populo.
993 3515 1018 3540 ι»
1069 3495 1373 3564 Postquam
1405 3495 1588 3550 omnia
1619 3493 1749 3551 fecit
1778 3511 1901 3568 quae
1949 3496 2015 3552 ad

418 3581 833 3652 reprimendum
877 3581 1099 3638 illorum
1144 3583 1387 3641 furorem
1439 3587 1712 3657 pertinere
1762 3587 2018 3643 videban-

418 3677 529 3738 tur,
570 3669 642 3725 illi
671 3679 858 3728 autem
888 3688 1001 3729 non
1034 3673 1444 3744 intellexerunt,
1483 3683 1618 3732 tunc
1641 3677 1862 3733 tandem
1895 3694 2016 3748 per-

417 3759 568 3816 misit
593 3775 652 3816 se
697 3760 910 3817 abduci.
948 3766 1120 3818 Porro
1151 3762 1222 3818 illi
1254 3763 1478 3835 alligant
1529 3774 1585 3820 et
1626 3764 1907 3821 abducunt
1948 3767 2016 3823 ad

416 3851 661 3919 Annam,
728 3851 1019 3923 gloriantes
1064 3851 1234 3920 facto,
1289 3861 1343 3908 et
1396 3855 1551 3924 quasi
1599 3854 1863 3911 celebrari
1916 3873 2016 3912 cu-

417 3937 628 4008 pientes
683 3939 912 4010 perinde
943 3956 1008 3996 ac
1051 3957 1317 4013 magnum
1364 3950 1634 4014 tropaeum
1675 3943 2010 4001 excitassent.

416 4025 691 4081 Caeterum
739 4028 1042 4099 prophetia:
1072 4030 1292 4100 Caiphae
1335 4031 1594 4086 meminit
1619 4030 1689 4097 95,
1729 4033 2016 4090 ostendere

416 4112 605 4168 volens
642 4114 791 4184 quod
832 4132 933 4186 pro
969 4117 1144 4171 salute
1191 4117 1385 4172 mundi
1439 4117 1556 4173 haec
1589 4118 1731 4173 facta
1781 4120 1912 4186 sint,
1961 4130 2017 4176 et

416 4201 568 4272 quod
605 4209 720 4256 tam
751 4203 1018 4258 excellens
1057 4203 1129 4257 sit
1174 4204 1392 4271 veritas,
1452 4213 1595 4260 utet
1638 4205 1844 4261 inimici
1888 4223 2014 4263 eam

417 4289 787 4362 pradixerint.
820 4292 898 4347 Ut
921 4291 1069 4347 enim
1097 4308 1211 4346 non
1236 4293 1526 4348 turbemur
1548 4295 1716 4365 738
1735 4295 2014 4354 audientes

414 4377 646 4444 vincula,
679 4380 932 4436 meminit
968 4381 1297 4453 pr0phetia3,
1327 4382 1475 4453 quod
1507 4384 1764 4439 salutaria
1811 4383 2014 4442 flexerint

414 4475 471 4524 et
515 4483 668 4526 mors
726 4477 781 4526 et
820 4471 1055 4542 vincula,
1106 4488 1213 4544 qua
1257 4471 1324 4529 de
1355 4488 1516 4528 causa
1562 4481 1616 4530 et
1662 4473 1778 4530 haec
1825 4484 2012 4547 pertu-

415 4556 560 4613 lerit.

482 4649 662 4705 Vnus.
695 4653 784 4716 15,
817 4653 922 4752 ‘16.
957 4671 982 4698 α
1025 4651 1364 4723 Sequebatur
1388 4660 1569 4707 autem
1599 4654 1791 4709 Jesum
1825 4655 2016 4712 Simon
2042 4686 2094 4752 D

410 4736 630 4804 Petrus,
681 4745 737 4792 et
781 4738 917 4794 alius
958 4739 1276 4811 discipulus.
1332 4741 1646 4813 Discipulus
1692 4751 1878 4800 autem
1923 4746 2014 4802 ille

409 4834 528 4882 erat
546 4835 711 4881 notus
725 4829 996 4898 pontiﬁci,
1017 4839 1072 4886 et
1109 4830 1361 4886 introivit
1386 4847 1514 4887 cum
1559 4837 1691 4889 Jesu
1719 4834 1775 4889 in
1807 4836 2013 4893 atrium

407 4916 904 4989 pontiﬁcis,Petrus
933 4928 1116 4974 autem
1146 4921 1331 4976 stabat
1367 4921 1439 4978 ad
1464 4923 1664 4978 ostium
1704 4923 1860 4982 foris.
1893 4927 2013 4981 Exi-

409 5008 485 5062 vit
510 5015 700 5063 autem
728 5007 1025 5079 discipulus
1055 5010 1142 5065 ille
1170 5012 1308 5066 alter
1339 5013 1434 5084 qui
1465 5021 1582 5068 erat
1621 5023 1786 5070 notus
1827 5016 2012 5087 ponti-

407 5097 519 5167 ﬁci,
548 5104 602 5152 et
629 5096 766 5152 dixit
802 5097 1067 5165 ostiariae,
1106 5107 1159 5154 et
1189 5101 1498 5156 introduxit
1524 5105 1765 5159 Petrum.
1801 5128 1826 5152 υ
1873 5107 2008 5177 Quis

403 5201 494 5242 era
528 5208 553 5235 «
587 5187 727 5244 alius
773 5186 1108 5259 discipulus?
1142 5213 1163 5236 υ
1199 5191 1295 5246 Ille
1341 5191 1454 5262 ipse
1484 5193 1574 5263 qui
1617 5193 1735 5250 haec
1764 5197 1998 5268 scripsit.

403 5277 656 5334 Occultat
686 5285 874 5334 autem
902 5294 960 5333 se
989 5288 1214 5351 propter
1241 5280 1636 5350 humilitatem,
1678 5285 1802 5355 quia
1833 5286 2003 5343 hone-

405 5370 552 5419 stum
582 5382 719 5437 opus
756 5377 1081 5424 narraturus
1112 5378 1248 5438 erat,
1283 5380 1532 5427 secutum
1559 5387 1617 5426 se
1643 5387 1762 5427 esse
1794 5371 2004 5445 fugien-

401 5451 554 5507 tibus
599 5454 744 5521 aliis;
797 5465 1020 5526 propter
1063 5457 1167 5512 hoc
1199 5459 1436 5513 occultat
1476 5459 1738 5530 seipsum,
1781 5469 1835 5516 et
1866 5478 2006 5532 pra:-

403 5538 562 5608 ponit
600 5541 702 5595 sibi
746 5544 974 5599 Petrum
1036 5563 1050 5600 :
1110 5565 1138 5598 α
1191 5549 1530 5618 Sequebatur
1576 5549 1752 5621 enim,
1804 5551 2005 5623 inquit,

473 5683 516 5716 9‘
547 5686 890 5759 Malach.1v,
917 5696 972 5762 5,
1004 5698 1059 5748 6.
1091 5693 1135 5729 ³⁵
1164 5698 1325 5752 Joan.
1358 5713 1444 5753 χι.
1469 5703 1561 5754 49.

2127 3487 2260 3566 ὑπὲρ
2301 3495 2392 3548 τοῦ
2435 3489 2582 3546 λαοῦ.
2629 3514 2653 3539 ι»
2694 3486 2835 3548 ’Ότι
2867 3488 3044 3547 πάντα
3091 3487 3372 3565 ἐποίησεν,
3425 3487 3524 3547 ὅσα
3566 3488 3727 3548 ἱκανὰ

2125 3570 2189 3648 ἦν
2235 3580 2543 3636 ἀναστεῖλαι
2593 3577 2806 3649 αὐτοὺς,
2859 3578 2907 3635 οἳ
2967 3578 3020 3635 δὲ
3070 3579 3128 3636 οὖ
3183 3577 3462 3652 συνίεσαν,
3511 3577 3628 3636 τότε
3657 3577 3725 3650 δὴ

2126 3667 2492 3748 συνεχώρησεν
2534 3667 2832 3746 ἀπαγαγεῖν
2881 3666 3060 3727 αὑτόν.
3106 3669 3176 3725 Οἱ
3218 3667 3273 3726 δὲ
3311 3669 3402 3724 καὶ
3444 3668 3727 3742 δεσμοῦσι,

2124 3758 2215 3815 xui
2275 3760 2541 3834 ἀπάγουσι
2593 3756 2723 3835 πρὸς
2775 3754 2994 3827 Ἄνναν,
3049 3755 3230 3834 ὥσπερ
3287 3756 3727 3833 ἐμπομπεύοντες

2123 3851 2200 3927 τῷ
2229 3845 2497 3925 γενομένῳ
2525 3846 2615 3903 καὶ
2646 3845 3081 3924 ἐγκαυχώμενοι,
3112 3849 3180 3910 ὡς
3207 3844 3270 3917 δὴ
3306 3846 3444 3923 μέγα
3471 3844 3724 3925 τρόπαιον

2125 3934 2434 4004 στήσαντες.
2470 3935 2588 4005 Τῆς
2615 3935 2668 3992 δὲ
2697 3941 2785 3994 τοῦ
2820 3935 3045 4014 Καϊάφα
3072 3934 3397 4013 προφητείας
3422 3933 3724 4013 μέμνηται,

2125 4023 2289 4092 δεῖξαι
2317 4025 2508 4095 θέλων,
2570 4023 2650 4082 ὅτι
2707 4023 2839 4104 ὑπὲρ
2895 4031 2989 4097 τῆς
3047 4030 3140 4082 τοῦ
3205 4024 3408 4096 κόσμου
3461 4024 3726 4104 σωτηρίας

2123 4118 2294 4170 ταῦτα
2355 4114 2586 4190 ἐγίνετο,
2655 4114 2746 4172 xui
2810 4114 2890 4172 ὅτι
2958 4112 3193 4186 τοσαύτη
3262 4119 3358 4186 τῆς
3421 4115 3722 4189 ἀληθείαςὴ

2123 4200 2425 4281 ὑπερϐολὴ,
2484 4206 2555 4268 ὡς
2613 4204 2706 4262 καὶ
2751 4202 2872 4271 τοὺς
2921 4202 3138 4284 ἐχθροὺς
3188 4210 3357 4263 ταῦτα
3402 4228 3722 4284 προαναφω-

2121 4300 2248 4350 νεῖν.
2304 4291 2423 4351 Ἵνα
2473 4291 2575 4372 γὰρ
2633 4291 2739 4369 μὴ,
2795 4292 3023 4371 δεσμοὺς
3078 4292 3338 4371 ἀκούσας,
3399 4293 3720 4373 θορυϐηθῇς,

2123 4381 2516 4458 ἀναμιμνήσκει
2569 4405 2626 4439 σε
2679 4387 2771 4452 τῆς
2827 4381 3184 4462 προφητείας,
3243 4382 3321 4441 ὅτι
3367 4383 3726 4462 σωτηριώδεις

2120 4463 2258 4544 ἦσαν
2283 4470 2374 4530 xui
2407 4475 2433 4528 6
2467 4471 2656 4546 δεσμὸς
2685 4473 2775 4531 καὶ
2804 4477 2832 4531 ὃ
2857 4473 3113 4546 θάνατος,
3147 4472 3239 4531 καὶ
3271 4473 3356 4532 διὰ
3387 4474 3586 4548 ταύτην
3618 4473 3720 4546 τὴν

2125 4560 2298 4618 αἰτίαν
2325 4560 2524 4620 τούτων
2552 4561 2816 4640 ἠνείχετο.

2206 4677 2229 4703 α
2272 4650 2583 4710 Ἠκολούθει
2625 4651 2679 4708 δὲ
2715 4655 2791 4731 τῷ
2833 4650 3011 4722 Ἰησοῦ
3052 4652 3238 4729 Σίμων
3284 4652 3518 4729 Πέτρος,
3560 4654 3651 4713 xui
3695 4657 3725 4712 6

2126 4738 2282 4805 ἄλλος
2325 4740 2584 4817 μαθητής.
2636 4739 2706 4800 ⁸0
2755 4738 2809 4799 δὲ
2854 4741 3095 4817 μαθητὴς
3144 4745 3339 4808 ἐκεῖνος
3383 4733 3446 4813 ἦν
3489 4743 3726 4821 γνωστὸς

2121 4833 2198 4908 τῷ
2237 4831 2502 4909 ἀρχιερεῖ,
2534 4829 2626 4886 καὶ
2660 4833 2967 4899 συνεισῆλθε
2998 4836 3074 4912 τῷ
3107 4831 3288 4900 Ἰησοῦ
3321 4833 3391 4897 εἷς
3425 4831 3521 4902 τὴν
3553 4834 3723 4904 αὐλὴν

2119 4924 2214 4976 τοῦ
2248 4919 2556 4996 ἀρχιερέως.
2589 4917 2670 5003 :0
2712 4917 2762 4976 δὲ
2807 4919 3006 4999 Πέτρος
3045 4921 3281 4989 εἱστήκει
3320 4919 3449 5003 προς
3485 4926 3550 4998 τῇ
3585 4921 3720 5003 θύρα

2120 5008 2241 5076 ἔξω.
2282 5008 2534 5079 Ἐξῆλθεν
2560 4998 2648 5068 οῦν
2685 5012 2711 5066 6
2747 5009 2992 5084 μαθητὴς
3027 5014 3053 5068 6
3088 5012 3274 5081 ἄλλος,
3315 5011 3366 5075 ὃς
3401 5001 3464 5082 ἧν
3487 4998 3722 5089 γνωστὸς

2118 5101 2193 5175 τῷ
2231 5100 2499 5177 ἀρχιερεῖ,
2542 5097 2634 5156 καὶ
2667 5089 2782 5157 εἶπε
2931 5103 3180 5179 θυρωρῷ,
3217 5098 3310 5158 xui
3345 5099 3596 5178 εἰσήγαγε
3631 5100 3720 5160 τὸν

2117 5187 2342 5266 Πέτρον.
2375 5209 2402 5243 ι)
2447 5187 2546 5254 Τίς
2579 5179 2641 5259 ἧν
2687 5214 2711 5241 ι
2751 5192 2780 5247 6
2815 5188 2971 5253 ἄλλος
3003 5188 3271 5262 μαθητής;
3311 5213 3332 5243 ι
3371 5189 3544 5256 Αὐτὸς
3572 5181 3720 5258 οὗτος

2114 5279 2140 5333 6
2169 5285 2336 5336 ταῦτα
2371 5277 2609 5357 γράψας,
2653 5276 2984 5355 ἀποκρύπτει
3023 5277 3078 5336 δὲ
3115 5279 3299 5338 ἑαυτὸν
3349 5278 3434 5336 διὰ
3467 5303 3716 5340 ταπεινο-

2115 5364 2405 5445 φροσύνην.
2436 5365 2656 5437 Ἐπειδὴ
2686 5365 2788 5445 γὰρ
2817 5367 3142 5446 κατόρθωμα
3168 5369 3464 5447 διηγεῖσθαι
3496 5369 3712 5448 μέλλει,

2116 5454 2196 5512 ὅτι
2229 5460 2333 5513 τῶν
2370 5455 2547 5513 ἄλλων
2590 5457 3084 5530 ἀποπηδησάντων,
3131 5457 3284 5524 αὐτὸς
3330 5459 3711 5532 ἐπηκολούθει,

2117 5544 2205 5602 διὰ
2242 5550 2396 5603 τοῦτο
2430 5545 2652 5625 κρύπτει
2689 5545 2908 5619 ἑαυτὸν,
2948 5546 3037 5603 xui
3072 5547 3363 5628 προτάττει
3401 5551 3588 5608 ἑαυτοῦ
3621 5548 3712 5608 τὸν
