4128 6486
289 443 370 498 Ἇθ
1198 462 1592 521 ENARRATIO
1633 464 1698 520 IN
1737 464 2166 521 EVANGELIUM
2199 465 2502 522 JOANNIS.
2539 496 2612 510 —
2649 467 2798 524 CAP.
2841 470 3034 525 XVIII.

3642 477 3747 530 250

300 569 546 671 Eifmv.
597 604 632 633 σι
682 578 1082 671 ’βκολούθει
1114 587 1266 671 ξγὰρ,
1308 589 1454 670 φησὶ,
1497 593 1576 671 τῷ
1618 589 1799 662 Ἰησοῦ
1843 591 2029 667 Σίμων

2148 592 2334 648 Iesum
2375 593 2573 649 Simon
2611 595 2838 660 Petrus;
2884 618 2908 642 υ
2943 593 3140 651 deinde
3181 594 3370 652 subdit
3407 613 3421 652 :
3463 620 3486 643 ι
3518 605 3573 654 et
3609 598 3750 656 alius

311 664 562 757 Πέτρος·
602 696 635 722 ιι
675 663 823 731 εἶτα
865 677 1093 755 ἐπάγει
1118 663 1230 750 τὸ,
1263 705 1287 732 ιι
1321 663 1413 738 καὶ
1442 685 1469 740 6
1505 663 1664 746 ἄλλος
1702 663 1959 757 μαθητήνςο
2008 708 2032 732 ν

321 756 420 816 Διᾶ
450 765 1044 844 ταπεινοφροσύνην
1080 759 1175 826 οῦν
1218 769 1405 828 ἑαυτὸν
1444 756 1709 848 κρύπτει.
1732 769 1840 829 Καὶ
1881 775 2034 830 τοῦτο

331 849 388 908 δὲ.
417 849 596 923 «his,
649 852 683 910 8
738 855 1061 930 μέμνηται
1117 860 1340 933 ἑαυτοῦ,
1395 857 1480 917 διὰ
1524 864 1682 917 τοῦτο
1732 859 2033 936 μέμνηται,

342 939 432 998 ἵνα
461 941 794 1021 μάθωμεν,
832 946 931 1004 ὅτι
979 946 1369 1029 ἀκριϐέστερον
1409 953 1511 1006 τῶν
1553 949 1734 1007 ἄλλων
1773 950 2034 1026 διηγεῖται

367 1031 432 1090 τὶι
458 1031 607 1090 κατᾶ
635 1031 751 1105 τὴν
789 1035 1018 1110 αὐλὴν,
1051 1037 1149 1096 ἅτε
1190 1039 1334 1096 ἔνδον
1367 1036 1462 1096 ὤν.
1506 1035 1656 1117 Ὅρα
1700 1037 1754 1096 δὲ
1795 1037 1884 1096 καὶ
1925 1041 2036 1104 πῶς

385 1123 753 1199 ῦποτέμνεται
803 1122 877 1183 τὸ
927 1125 1072 1186 ⁷ίίΞιον
1118 1125 1403 1205 ἐγκώμιον.
1441 1123 1567 1186 Ἵνα
1615 1125 1718 1204 γὰρ
1759 1125 1834 1202 μὴ
1875 1125 2035 1185 ἀκού-

411 1238 532 1286 σας,
557 1212 638 1272 ὅτι
664 1241 689 1265 ι
719 1215 959 1285 εἰσῆλθε
993 1213 1093 1273 σὺν
1121 1220 1199 1294 τῷ
1229 1214 1409 1286 Ἰησοῦ
1442 1242 1465 1268 ι
1501 1221 1529 1276 6
1571 1215 1856 1290 Ἰωάθνης,
1896 1216 2036 1293 μέγα

419 1329 474 1364 τι
523 1303 633 1383 περὶ
680 1304 857 1362 αὖτοῦ
908 1309 1156 1386 ἡγηθῇς,
1211 1305 1386 1384 λέγει,
1419 1302 1500 1364 ὅτι
1543 1306 1804 1384 γνώριμος
1843 1295 1906 1374 ἦν
1945 1313 2036 1364 τοῦ

425 1393 716 1474 ἀρχιερέως.
749 1394 840 1453 Οὖ
884 1394 998 1471 γὰρ
1039 1396 1111 1462 ὡς
1150 1392 1506 1474 ἀνδρειότερος
1543 1399 1648 1453 τῶν
1691 1395 1868 1452 ἄλλων
1911 1418 2036 1453 συν-

423 1488 693 1556 εισῆλθον,
745 1482 953 1563 φησὶν,
994 1483 1116 1542 ἀλλ’
1157 1487 1226 1550 ὡς
1273 1483 1538 1562 γνώριμος
1575 1489 1668 1542 τοῦ
1724 1483 2034 1562 ἀρχιερέως.

422 1575 529 1636 Τὸν
578 1573 764 1650 μέντοι
808 1572 1021 1653 Πέτρον
1074 1573 1452 1652 ἀνακηρύττει,
1489 1577 1564 1653 ,ὡς
1602 1572 2036 1644 ἀκολουθήσαντα

425 1665 525 1743 μὲν
561 1664 648 1721 διὰ
677 1663 769 1720 τὸν
803 1651 999 1735 πόθον,
1034 1662 1121 1722 διὰ
1152 1663 1207 1720 δὲ
1247 1651 1306 1720 τὸ
1346 1661 1420 1740 μὴ
1465 1651 1600 1720 εἶναι
1637 1662 1902 1740 γνώριμον
1945 1664 2036 1734 δη-

423 1753 594 1825 λαδὴ,
627 1752 728 1821 ἔξω
757 1753 1066 1827 ἱστάμενον.
1103 1749 1238 1812 Ὀτι
1277 1751 1380 1832 γὰρ
1419 1751 1510 1812 καὶ
1548 1758 1576 1812 6
1617 1752 1818 1831 Πέτρος
1852 1754 2038 1824 εἰσῆλ-

429 1849 520 1902 θεν
559 1841 626 1900 ἂν
646 1886 664 1917 ,
697 1840 850 1921 εἴπερ
883 1840 1192 1919 ἐπετράπη,
1229 1842 1408 1912 δῆλον.
1441 1841 1664 1914 Ἐπειδὴ
1693 1842 1797 1920 γὰρ
1828 1841 2039 1912 ἐξῆλθεν

423 1936 454 1992 6
498 1931 784 2001 Ἰωάννης,
825 1928 920 1987 καὶ
956 1929 1331 2011 τὴν-θυρωρὸν
1373 1928 1647 1991 ἐκέλευσεν
1692 1929 1844 1989 αὐτὸν
1889 1933 2040 1989 εἷσα-

422 2022 650 2099 γαγεῖν,
683 2020 874 2085 εὐθέως
909 2021 1151 2090 εἰσῆλθεν
1178 2023 1206 2077 6
1240 2018 1463 2097 Πέτρος.
1499 2019 1659 2080 Διατί
1688 2019 1743 2078 δὲ
1783 2024 1812 2080 6
1849 2019 2038 2080 Ἰωάν-

421 2134 520 2181 νης
563 2113 661 2169 οὐκ
718 2107 1001 2185 εἰσήγαγεν
1059 2109 1248 2182 αὐτὸν,
1314 2108 1452 2166 ἀλλὰ
1487 2115 1550 2189 τῇ
1609 2108 1820 2186 γυναικὶ
1883 2115 2042 2168 τοῦτο

425 2199 735 2278 ἐπιτρέπεις
773 2197 876 2256 Διὰ
904 2197 965 2255 τὸ
1004 2199 1208 2278 σφόδρα
1254 2197 1470 2278 ἔχεσθαι
1517 2203 1607 2258 τοῦ
1651 2201 1916 2278 Χριστοῦ,
1950 2199 2042 2258 καὶ

426 2289 814 2350 ἐπακολουθεῖν
855 2288 1032 2368 αὐτῷ,
1082 2287 1176 2346 καὶ
1232 2288 1308 2366 μὴ
1355 2289 1521 2348 θέλειν
1569 2288 1666 2348 ἀπ’
1715 2290 1878 2347 αὐτοῦ
1929 2311 2043 2369 χω-

427 2385 700 2460 ρισθῆναι.

511 2496 539 2521 ι
596 2467 760 2546 Λέγει
797 2457 888 2525 οῦν
937 2467 973 2537 ἡ
1024 2464 1286 2538 παιδίσκη
1327 2471 1362 2548 ᾖ
1405 2465 1636 2546 θυρωρὸς
1684 2468 1762 2546 τῷ
1802 2464 1998 2548 Πέτρῳ
2031 2489 2045 2504 ο

423 2558 528 2630 Μὴ
560 2557 657 2616 καὶ
695 2556 763 2616 σὺ
794 2559 854 2614 ἐκ
881 2558 987 2613 τῶν
1021 2559 1278 2632 μαθητῶν
1310 2545 1359 2613 εἶ
1383 2545 1482 2614 τοῦ
1505 2545 1787 2635 ἀνθρώπου
1820 2545 2040 2631 τούτου;

421 2648 592 2725 Λέγει
643 2648 858 2712 ἐκεῖνος’
906 2647 1024 2705 Οὐκ
1069 2645 1203 2722 εἰμί.
1259 2646 1616 2718 Εἱστήκεισαν
1666 2645 1720 2704 δὲ
1771 2647 1818 2704 οἱ
1871 2647 2044 2704 δοῦλοι

421 2737 519 2796 καὶ
560 2738 610 2795 οἱ
651 2733 922 2813 ὑπηρέται
948 2776 966 2805 ,
1008 2733 1298 2813 ἀνθρακιὰν
1333 2735 1716 2806 πεποιηκότες,
1755 2733 1835 2792 ὅτι
1876 2735 2045 2814 ψύχος

417 2819 522 2900 ἦν,
555 2826 648 2885 καὶ
693 2824 1088 2905 ἐθερμαίνοντο.
1137 2814 1250 2884 τΗν
1292 2824 1346 2884 δὲ
1391 2824 1511 2901 μετ’
1561 2827 1734 2883 αὐτῶν
1776 2829 1803 2882 6
1845 2825 2044 2905 Πέτρος

418 2917 589 2985 ἑστὼς
624 2964 640 2987 ,
704 2915 800 2974 καὶ
859 2913 1289 2994 θερμαινόμενος.
1347 2941 1373 2968 ιι
1423 2914 1641 2996 Ἐρωτᾷ
1693 2918 1726 2986 ἡ
1781 2913 2042 2986 παιδίσκη

416 3009 510 3067 τὸν
553 3007 796 3086 Πέτρον,
841 3006 904 3062 οὗ
947 3005 1218 3086 θρασέως,
1262 3005 1372 3063 οὐδ’
1414 3004 1734 3080 ἀποτόμως,
1781 3004 1922 3062 ἀλλὰ
1952 3004 2044 3062 καὶ

415 3097 538 3155 λίαν
573 3083 812 3172 πραέως.
857 3095 941 3153 Οὖ
981 3093 1084 3172 γὰρ
1123 3083 1240 3151 εἷπε
1270 3117 1284 3130 ο
1318 3093 1412 3166 Μὴ
1451 3095 1544 3153 καὶ
1585 3093 1649 3151 σὺ
1691 3096 1749 3152 ἐκ
1789 3095 1896 3151 τῶν
1937 3115 2040 3169 μα-

418 3187 599 3257 θητῶν
653 3177 705 3242 εἶ
750 3188 845 3241 τοῦ
894 3181 1132 3256 πλάνου;
1167 3181 1338 3257 ἀλλὰ,
1391 3209 1415 3236 ι
1459 3187 1551 3241 τοῦ
1606 3181 1884 3260 ἀνθρώπου
1926 3181 2044 3240 τού·

413 3298 549 3334 του·
608 3302 634 3325 ι
693 3271 1146 3352 ὅπερῌέλεούσης
1204 3273 1407 3348 μᾶλλον
1468 3263 1531 3343 ἦν
1591 3271 1683 3329 καὶ
1740 3274 2041 3352 φιλανθρωο

413 3362 734 3440 πευομένης.
802 3350 942 3420 Εἶπε
1001 3359 1057 3420 δὲ
1113 3359 1207 3433 τὸ,
1243 3387 1268 3414 ι
1322 3359 1398 3437 μὴ
1461 3359 1552 3418 καὶ
1611 3359 1710 3433 σὺ,
1754 3350 1799 3412 in
1859 3350 2040 3431 ἐπειδὴ

413 3453 680 3522 Ἰωάννης
709 3449 861 3508 ἔνδον
896 3441 981 3522 ἧν.
1026 3451 1178 3510 Ἀλλ’
1211 3454 1244 3521 ἡ
1292 3449 1387 3526 μὲν
1419 3447 1551 3524 γυνὴ
1596 3449 1735 3509 οὕτω
1762 3452 2042 3528 προσηνῶς

422 3543 691 3617 διελέγετο
719 3563 734 3576 ο
780 3539 976 3606 ἐκεῖνος
1030 3540 1084 3598 δὲ
1132 3539 1340 3605 οὐδενὸς
1387 3538 1588 3598 τούτων
1635 3539 1868 3618 ᾔσθετο,
1923 3537 2040 3596 οὐδὲ

426 3631 504 3696 εἷς
540 3633 665 3686 νοῦν
705 3626 860 3686 ἔϐαλε
902 3628 999 3700 τὴν
1038 3632 1134 3685 τοῦ
1179 3630 1416 3708 Χριστοῦ
1447 3628 1740 3708 πρόρρησιν
1763 3652 1776 3665 ·
1811 3625 1977 3694 οὕτως
2011 3631 2038 3698 ἡ

428 3717 747 3795 ἀνθρωπίνη
793 3716 940 3798 φύσις
995 3716 1210 3783 ἀσθενὲς
1268 3721 1501 3795 χρῆμα,
1558 3715 1685 3774 ὅταν
1747 3717 1848 3774 ὑπὸ
1899 3717 2042 3776 Θεοῦ

428 3807 848 3886 ἕγκαταλειρθῇ.
900 3805 1059 3873 Τινὲς
1105 3807 1161 3864 δὲ
1217 3806 1454 3883 ματαίαν
1511 3805 1672 3886 χάριν
1723 3809 1798 3884 τῷ
1850 3805 2042 3884 Πέτρῳ

425 3897 810 3976 χαριζόμενοι,
856 3895 1016 3976 φασὶν
1044 3942 1061 3973 ,
1094 3893 1176 3954 ὅτι
1217 3899 1323 3975 οὐχ
1354 3899 1424 3962 ὡς
1475 3893 1726 3975 φοϐηθεὶς
1768 3899 1796 3953 6
1839 3894 2044 3974 Πέτρος

426 3985 737 4066 ἦρνήσατο,
799 3987 924 4043 ἀλλ’
984 3984 1100 4043 ἐπεὶ
1163 3984 1318 4055 ἤθελε
1374 3985 1470 4060 μὲν
1526 3985 1611 4042 ἀεὶ
1669 3993 1902 4042 συνεῖναι
1955 3982 2044 4040 καὶ

426 4077 734 4134 ἀκολουθεῖν
763 4079 840 4152 τῷ
875 4076 1127 4153 Χριστῷ,
1169 4073 1440 4144 ἠπίστατο
1471 4071 1558 4143 δὲ,
1595 4071 1674 4130 ὅτι
1729 4073 1820 4132 ἐὰν
1853 4073 2044 4150 ὁμολο-

623 4164 814 4223 έαυτὸν
858 4163 1103 4239 μαθητὴν
1135 4168 1227 4220 τοῦ
1269 4162 1444 4234 Ἰησοῦ
1471 4206 1490 4235 ,
1534 4161 2042 4241 ἀποχωρισοήσεται

415 4257 612 4326 αὐτοῦ,
661 4252 759 4311 καὶ
808 4253 904 4310 οὐκ
959 4252 1037 4310 ἔτι
1089 4251 1192 4320 ἕξει
1243 4252 1462 4332 χώραν,
1512 4248 1650 4310 ὥστε
1705 4253 2042 4322 ἀκολουθεῖν,

410 4347 505 4404 καὶ
557 4343 785 4421 βλέπειν
834 4341 925 4399 τὸν
976 4341 1343 4416 ποθούμενον,
1396 4342 1482 4400 διὰ
1532 4346 1689 4400 τοῦτο
1741 4341 2038 4418 ἠρνήσατο,

413 4435 503 4496 ὅτι
558 4461 581 4484 α
618 4435 745 4493 Οὐκ
804 4431 936 4508 εἶμί.
971 4458 998 4483 ν
1033 4431 1190 4490 Ἐπεὶ
1238 4432 1329 4489 καὶ
1380 4430 1442 4490 τὸ
1497 4432 1879 4511 θερμαίνεσθαι
1934 4428 2044 4486 ἀπὸ

417 4523 677 4594 τοιαύτης
725 4524 958 4582 ἐποιεῖτο
995 4519 1232 4598 γνώμης.
1284 4519 1635 4600 Ὕπεκρίνετο
1679 4520 1783 4601 γὰρ
1825 4519 1893 4578 τὰ
1937 4522 2041 4576 τῶν

2143 682 2464 755 discipulus.
2490 706 2514 732 ››
2549 685 2778 755 Propter
2807 683 3178 740 humilitatem
3215 685 3381 756 igitur
3408 701 3466 743 se
3489 689 3745 757 occultat,

2144 781 2199 827 et
2247 781 2468 844 propter
2512 773 2659 830 istud
2691 773 2872 846 ipsum
2904 775 2986 829 sui
3035 775 3310 842 meminit,
3361 784 3424 831 ut
3473 776 3750 834 discamus

2143 860 2292 934 quod
2331 863 2532 918 certius
2575 871 2760 918 narret
2788 879 2850 918 ea
2881 879 3007 935 quae
3045 863 3100 918 in
3139 863 3280 919 atrio
3333 865 3442 919 sint
3470 863 3633 934 facta,
3681 884 3749 923 eo

2143 952 2290 1024 quod
2323 953 2472 1009 intus
2495 951 2684 1009 fuerit.
2713 954 2848 1010 Vide
2869 964 3054 1010 autem
3080 955 3361 1027 quomodo
3385 965 3438 1011 et
3464 959 3750 1029 propriam

2145 1041 2364 1098 laudem
2410 1044 2728 1099 resecuerit.
2764 1047 2909 1100 Nam
2954 1053 3015 1100 ut
3053 1061 3120 1100 ne
3149 1061 3276 1101 cum
3320 1045 3556 1102 audieris
3603 1049 3753 1119 quod

2148 1155 2173 1181 α
2205 1132 2486 1204 ingressus
2514 1133 2587 1188 sit
2627 1150 2752 1189 cum
2782 1134 2906 1188 Jesu
2948 1155 2975 1183 ι›
3009 1135 3268 1200 Joannes,
3301 1150 3562 1207 magnum
3588 1137 3752 1208 quid-

2143 1221 2271 1277 dam
2299 1221 2366 1276 de
2403 1237 2470 1277 eo
2506 1222 2786 1278 existimes
2822 1227 2916 1289 (α),
2948 1221 3101 1290 dicit,
3143 1245 3166 1269 α
3215 1225 3393 1278 Notus
3418 1231 3606 1280 autem
3635 1235 3754 1282 erat

2146 1310 2412 1382 pontiﬁci.
2465 1334 2490 1359 ιο
2523 1314 2647 1368 Non
2693 1312 2846 1367 enim
2877 1320 3147 1383 tanquam
3193 1313 3315 1368 aliis
3357 1311 3556 1369 fortior
3585 1315 3752 1371 simul

2144 1400 2420 1471 ingressus
2456 1416 2604 1470 sum,
2637 1401 2836 1472 inquit,
2867 1402 2960 1456 sed
2991 1410 3252 1474 tanquam
3292 1411 3455 1459 notus
3483 1404 3751 1474 pontiﬁci.

2146 1491 2373 1544 Petrum
2428 1505 2554 1545 vero
2602 1490 2880 1562 praedicat,
2932 1505 2996 1545 eo
3047 1490 3195 1562 quod
3235 1499 3458 1562 propter
3502 1507 3752 1550 amorem

2145 1587 2365 1634 secutus
2392 1577 2577 1649 fuerit,
2620 1589 2671 1635 et
2703 1580 2828 1652 quia
2867 1595 2976 1634 non
3026 1589 3143 1636 erat
3178 1588 3364 1647 notus,
3406 1580 3558 1637 foras
3585 1591 3754 1639 stete-

2147 1667 2239 1722 rit.
2271 1670 2414 1724 Nam
2465 1669 2613 1740 quod
2659 1677 2714 1724 et
2758 1673 2949 1724 Petrus
2983 1669 3256 1742 ingressus
3296 1667 3494 1725 fuisset
3548 1672 3595 1727 si
3627 1687 3755 1744 per-

2149 1759 2384 1812 missum
2413 1757 2629 1822 fuisset,
2663 1757 3039 1814 manifestum.
3075 1763 3376 1829 Postquam
3404 1759 3554 1815 enim
3587 1763 3754 1816 Joan-

2149 1861 2250 1901 nes
2287 1848 2472 1914 exivit,
2501 1855 2557 1904 et
2583 1848 2820 1903 ostiaria:
2863 1847 3020 1919 jussit
3059 1857 3122 1902 ut
3150 1848 3310 1903 illum
3354 1849 3752 1918 introduceret,

2070 1941 2118 2003 Β
2151 1934 2336 1991 statim
2375 1937 2652 2008 ingressus
2682 1945 2766 1992 est
2807 1939 3021 1992 Petrus.
3057 1939 3243 2007 Quare
3287 1946 3474 1992 autem
3513 1939 3754 1994 Joannes

2149 2039 2261 2079 non
2310 2025 2617 2080 introduxit
2673 2041 2818 2091 eum,
2877 2026 2970 2081 sed
3027 2025 3245 2081 mulieri
3293 2026 3397 2082 hoc
3439 2027 3754 2082 commisit?

2151 2114 2285 2186 Quia
2321 2113 2476 2170 valde
2504 2114 2820 2171 adhaerebat
2861 2115 3099 2186 Christo,
3141 2131 3376 2189 eumque
3403 2117 3752 2190 sequebatur,

2152 2205 2332 2262 renuit
2363 2205 2432 2260 ab
2460 2220 2526 2261 eo
2559 2205 2820 2278 separari.

2224 2471 2402 2525 Vens.
2434 2475 2517 2538 I7,
2547 2473 2634 2524 18.
2667 2489 2691 2515 «
2723 2466 2896 2534 Dixit,
2926 2482 3058 2539 ergo
3077 2471 3241 2524 Petro
3273 2468 3467 2524 ancilla
3491 2469 3749 2525 ostiaria:

2151 2561 2299 2615 Num
2348 2567 2400 2614 et
2445 2566 2506 2613 tu
2551 2574 2616 2613 ex
2656 2557 2940 2628 discipulis
2987 2573 3044 2612 es
3092 2557 3336 2618 hominis
3365 2558 3554 2614 istius?
3609 2559 3756 2614 Dicit

2152 2649 2243 2705 ille
2293 2670 2304 2705 :
2346 2650 2469 2704 Non
2507 2663 2658 2702 sum.
2710 2646 2942 2702 Stabant
2987 2654 3170 2701 autem
3211 2646 3352 2702 servi
3397 2655 3452 2702 et
3493 2647 3751 2715 ministri,

2154 2739 2249 2811 qui
2289 2752 2493 2810 prunas
2528 2743 2938 2807 congesserant,
2970 2735 3092 2806 quia
3132 2733 3304 2807 frigus
3348 2744 3484 2801 erat,
3513 2743 3569 2790 et
3608 2736 3755 2791 cale-

2154 2828 2426 2884 facicbant
2470 2841 2548 2880 se.
2581 2827 2712 2879 Erat
2741 2831 2922 2878 autem
2955 2839 3082 2878 cum
3115 2822 3190 2878 eis
3248 2832 3303 2878 et
3349 2826 3543 2879 Petrus
3581 2832 3752 2892 stans,

2153 2924 2208 2974 et
2236 2915 2562 2972 calefaciens
2603 2930 2679 2969 se.
2718 2938 2742 2963 ιο
2792 2915 3100 2984 lnterrogat
3131 2911 3325 2968 ancilla
3359 2916 3600 2980 Petrum,
3644 2928 3757 2968 non

2153 3006 2574 3073 contumeliose,
2618 3020 2729 3059 non
2774 3002 3082 3075 prazfracte,
3115 3001 3211 3058 sed
3262 3000 3418 3058 valde
3449 3011 3752 3059 mansuete.

2154 3100 2276 3153 Non
2302 3096 2451 3152 enim
2480 3095 2619 3151 dixit
2645 3112 2657 3149 :
2695 3096 2844 3150 Num
2883 3102 2937 3148 et
2979 3101 3037 3148 tu
3068 3107 3134 3148 ex
3167 3090 3456 3164 discipulis
3485 3107 3544 3146 es
3574 3091 3754 3161 impo-

2153 3185 2350 3241 storis?
2399 3184 2517 3253 sed,
2568 3209 2592 3234 ιι
2646 3183 2880 3238 hominis
2923 3182 3081 3238 istius
3144 3201 3156 3236 :
3204 3204 3228 3230 ιο
3282 3180 3338 3236 id
3384 3180 3534 3252 quod
3576 3181 3757 3252 magis

2152 3273 2476 3329 miserantis.
2515 3273 2668 3328 Dixit
2714 3280 2924 3338 autem,
2964 3293 2989 3318 α
3043 3270 3292 3342 nunquid
3335 3278 3388 3325 et
3423 3273 3514 3325 tu?
3561 3292 3586 3318 ιο
3635 3269 3759 3340 quia

2151 3369 2390 3422 Joannes
2415 3366 2558 3420 intus
2589 3373 2727 3420 erat.
2760 3367 2830 3418 Et
2855 3363 3053 3418 mulier
3089 3361 3312 3434 quidem
3352 3361 3424 3416 ita
3466 3369 3756 3417 mansuete

2152 3455 2546 3526 alloquebatur.
2619 3455 2715 3510 Ille
2773 3461 2962 3508 autem
3002 3452 3136 3508 nihil
3181 3451 3381 3506 horum
3461 3449 3754 3518 sentiebat,

2152 3560 2327 3616 neque
2361 3545 2414 3600 in
2449 3543 2696 3599 animum
2731 3542 3024 3613 recipiebat
3072 3541 3271 3597 Christi
3317 3540 3751 3613 praedictionem.

2154 3638 2238 3690 Ita
2280 3635 2495 3691 infirma
2524 3650 2610 3690 res
2649 3633 2887 3688 humana
2929 3642 3120 3687 natura
3152 3639 3256 3696 est,
3288 3629 3506 3701 quando
3557 3644 3586 3684 a
3636 3631 3756 3683 Deo

2155 3725 2571 3796 derelinquitur.
2605 3722 2838 3793 Quidam
2859 3731 3045 3778 autem
3079 3719 3244 3775 stulte
3269 3723 3428 3774 Petro
3464 3715 3756 3789 gratificari

2152 3814 2415 3881 volentes,
2445 3814 2660 3873 dicunt,
2700 3811 2848 3882 quod
2901 3826 3013 3866 non
3056 3809 3126 3865 ob
3171 3809 3431 3862 timorem
3471 3806 3751 3876 negaverit

2156 3908 2366 3972 Petrus,
2399 3901 2496 3958 sed
2531 3901 2760 3956 voluerit
2809 3899 3037 3972 quidem
3095 3912 3313 3967 semper
3361 3911 3489 3950 cum
3531 3895 3754 3950 Christo

2154 4008 2273 4049 esse
2301 4001 2351 4046 et
2389 4007 2514 4047 eum
2549 3990 2701 4062 sequi
2733 4007 2746 4044 :
2773 3988 3030 4060 cognovit
3058 3995 3242 4043 autem
3279 3985 3430 4058 quod
3461 3985 3507 4039 si
3537 3983 3754 4039 confes-

2154 4098 2250 4138 sus
2336 4080 2560 4146 fuisset,
2642 4095 2700 4136 se
2771 4079 3102 4149 discipulum
3179 4077 3346 4141 Jesu,
3419 4070 3756 4145 separandus

2155 4171 2344 4227 fuisset
2398 4169 2468 4224 ab
2519 4184 2606 4235 eo,
2651 4175 2706 4223 et
2762 4183 2872 4223 non
2910 4167 3050 4222 ultra
3083 4164 3368 4221 habiturus
3406 4169 3524 4219 erat
3573 4163 3757 4216 locum

2153 4261 2302 4333 quod
2342 4268 2686 4330 sequeretur,
2722 4265 2776 4312 et
2814 4255 3024 4312 videret
3053 4253 3500 4320 desiderabilem,
3540 4259 3595 4308 et
3633 4267 3762 4323 pro-

2154 4357 2336 4421 pterea
2361 4349 2528 4419 739
2548 4347 2789 4418 negavit,
2829 4345 3017 4400 dicens
3051 4361 3064 4398 :
3112 4367 3136 4392 α
3165 4345 3288 4400 Non
3313 4359 3457 4399 sum.
3494 4365 3517 4388 ι»
3541 4343 3682 4396 Nam
3704 4349 3760 4397 et

2152 4455 2213 4495 ex
2257 4437 2449 4494 eadem
2487 4435 2758 4492 sententia
2789 4433 2911 4496 fuit,
2965 4432 3116 4505 quod
3173 4447 3231 4487 se
3287 4430 3626 4486 calefaceret.
3673 4429 3756 4484 Si-

2151 4526 2382 4582 mulavit
2419 4525 2565 4580 enim
2596 4539 2653 4578 se
2700 4521 2881 4577 facere
2910 4536 2970 4576 ea
3019 4535 3144 4591 qua:
3191 4519 3451 4583 ministri,
3500 4525 3562 4572 ut
3613 4532 3760 4573 unus

416 4615 707 4691 ὓπηρετῶν
765 4612 940 4691 δρᾷν,
997 4613 1068 4677 ὡς
1097 4601 1170 4677 εἷς
1223 4611 1481 4684 ἐκείνων,
1534 4609 1622 4669 ἵνα
1808 4618 2038 4689 κατηφεῖ

2148 4617 2391 4684 illorum,
2426 4622 2485 4669 ut
2507 4629 2577 4668 ne
2608 4629 2673 4668 ex
2711 4611 2925 4667 tristitia
2962 4609 3122 4666 faciei
3155 4607 3528 4680 deprehensus
3558 4607 3756 4662 exclu-

416 4707 514 4761 τοῦ
576 4699 878 4780 προσώπου
927 4699 1228 4782 φωραθεὶς,
1281 4699 1614 4769 ἑκκλεισθείη
1675 4704 1768 4758 τοῦ
1819 4697 2037 4778 βλέπειν

418 4792 508 4849 τὸν
553 4790 829 4869 Χριστὸν,
865 4791 938 4857 ὥς
981 4789 1224 4867 μαθητὴς
1251 4789 1438 4850 τούτου
1489 4790 1550 4848 ἐκ
1595 4793 1686 4848 τοῦ
1713 4787 1878 4866 μέσου
1918 4789 2042 4846 διω-

423 4881 672 4958 κόμενος.

504 4998 529 5022 ι
561 4969 632 5029 Ὀ
663 4958 754 5028 οῦν
786 4966 1064 5048 ἀρχιερεὺς
1104 4967 1352 5047 ἠρώτησε
1391 4968 1482 5026 τὸν
1523 4967 1735 5038 Ἰησοῦν
1773 4963 1896 5046 περὶ
1936 4968 2040 5024 τῶν

419 5063 678 5138 μαθητῶν
717 5061 912 5132 αὐτοῦ,
952 5059 1046 5116 καὶ
1088 5057 1214 5137 περὶ
1249 5062 1343 5130 τῆς
1382 5059 1609 5136 διδαχῆς
1650 5059 1834 5116 αὐτοῦ.
1869 5054 2041 5115 Ἀπε-

413 5150 570 5231 κρίθη
606 5151 751 5229 αὖτῷ
792 5152 820 5208 6
870 5147 1120 5220 Ἰησοῦς·
1168 5145 1315 5222 Ἐγὼ
1360 5146 1640 5229 παρρησία
1687 5147 1925 5216 ἐλάλησα
1963 5149 2039 5222 τῷ

409 5241 634 5323 κόσμῳ,
679 5238 788 5319 ἐγὼ
838 5238 1071 5299 πάντοτε
1122 5235 1338 5304 ἐδίδαξα
1391 5239 1445 5296 ἐν
1497 5240 1565 5315 τῇ
1611 5240 1897 5315 συναγωγῇ
1948 5235 2040 5292 καὶ

411 5333 468 5388 ἰν
504 5336 579 5411 τῷ
622 5335 749 5414 ἱερῷ
776 5377 793 5405 ,
831 5327 970 5388 ὅπου
1017 5326 1216 5392 πάντες
1246 5327 1292 5384 οἳ
1345 5324 1596 5385 Ἰουδαῖοι
1648 5325 2034 5405 συνέρχονται,

408 5422 496 5480 καὶ
529 5423 581 5481 ἐν
611 5412 841 5505 κρυπτῷ
889 5417 1138 5489 ἐλάλησα
1187 5415 1357 5475 οὐδέν.
1408 5414 1481 5475 Τί
1518 5439 1584 5491 με
1615 5417 1844 5495 ἐρωτᾷς
1876 5412 2038 5474 Ἐπε-

412 5499 660 5592 ρώτησον
696 5499 825 5581 τοὺς
872 5507 1190 5580 ἀκηκοότας
1219 5549 1236 5576 ,
1296 5503 1348 5562 τί
1380 5504 1620 5576 ἐλάλησα
1679 5507 1873 5570 αὐτοῖς.
1927 5499 2038 5564 ’Ὶδε

400 5590 535 5668 ᾲῖτοι
565 5608 804 5675 οἴδασιν,
844 5601 880 5660 ἃ
912 5590 1071 5658 εἶπον
1103 5593 1238 5675 ἐγώ.
1277 5596 1468 5653 Ταῦτα
1502 5593 1552 5651 δὲ
1586 5595 1746 5652 αὐτοῦ
1775 5593 2039 5666 εἰπόντος,

446 5795 520 5862 (α)
538 5790 700 5849 Edit.
734 5788 911 5853 Lut.,
942 5776 1244 5836 existimes
1273 5787 1401 5829 eum
1425 5773 1712 5839 fortiorem
1741 5772 1888 5831 aliis.

2148 4707 2311 4765 datur
2342 4723 2372 4761 a
2411 4702 2646 4762 videndo
2676 4702 2894 4761 Christo
2930 4702 3166 4774 rejectus
3202 4715 3232 4756 e
3271 4697 3454 4754 medio
3487 4705 3552 4755 ut
3585 4695 3760 4754 disci-

2153 4796 2312 4870 pulus
2353 4797 2489 4868 ejus.

2221 4979 2398 5032 Vnus.
2443 4977 2625 5029 19-23.
2656 4993 2683 5021 α
2719 4969 2977 5028 Pontifex
3009 4984 3138 5043 ergo
3167 4967 3528 5041 interrogavit
3558 4970 3753 5023 Jesum

2149 5064 2218 5122 de
2249 5063 2534 5135 discipulis
2563 5062 2695 5130 suis,
2735 5071 2788 5117 et
2831 5062 2899 5116 de
2943 5059 3194 5115 doctrina
3231 5061 3418 5130 ipsius.
3447 5057 3758 5128 Respondit

2148 5152 2374 5208 eiJesus
2407 5168 2419 5206 :
2457 5153 2574 5220 Ego
2605 5150 2788 5221 palam
2821 5149 3033 5204 locutus
3067 5163 3192 5203 sum
3229 5145 3459 5213 mundo,
3491 5161 3590 5216 ego
3613 5160 3756 5199 sem-

2148 5258 2244 5314 per
2286 5240 2446 5296 docui
2495 5239 2549 5294 in
2606 5254 2881 5312 synagoga
2931 5245 2988 5291 et
3030 5237 3085 5291 in
3139 5236 3344 5307 templo
3402 5249 3510 5304 quo
3558 5249 3754 5290 omnes

2147 5331 2326 5387 Judaei
2374 5329 2726 5396 conveniunt,
2759 5337 2811 5383 et
2854 5328 2910 5382 in
2941 5327 3155 5381 occulto
3195 5326 3410 5379 locutus
3439 5338 3564 5376 sum
3595 5320 3748 5377 nihil.

2148 5420 2293 5489 Quid
2343 5435 2433 5473 me
2477 5419 2819 5489 interrogas?
2858 5419 3141 5486 Interroga
3191 5428 3285 5468 eos
3329 5411 3419 5482 qui
3459 5409 3758 5466 audierunt

2146 5510 2280 5582 quid
2319 5509 2533 5564 locutus
2561 5525 2684 5564 sum
2711 5508 2860 5578 ipsis.
2895 5508 3036 5560 Ecce
3069 5505 3122 5557 lii
3154 5503 3331 5557 sciunt
3361 5516 3485 5572 qua:
3516 5498 3757 5556 dixerim

2145 5617 2266 5674 ego.
2324 5603 2456 5656 llaec
2487 5606 2672 5656 autem
2718 5612 2844 5651 cum
2874 5593 3121 5664 dixisset,
3152 5608 3298 5649 unus
3336 5591 3606 5648 assistens
3652 5590 3761 5646 mi-
