4128 6438
447 430 547 484 251

446 551 748 609 nistrorum
805 547 959 606 dedit
1033 548 1250 620 alapam
1295 549 1449 618 Jesu,
1511 547 1697 605 dicens
1756 566 1770 603 :

447 640 750 714 reSpondes
778 639 1064 712 pontiﬁci?
1105 639 1418 711 ReSpondit
1456 639 1504 695 ei
1543 642 1704 695 Jesus
1759 655 1772 692 :
1813 637 1866 694 Si
1908 637 2050 694 male

446 730 662 787 locutus
707 745 854 799 sum,
898 737 1101 785 testare
1143 730 1211 785 de
1245 729 1426 795 malo;
1475 729 1562 783 sin
1612 727 1772 795 bene,
1823 741 1921 781 cur
1962 741 2052 781 me

445 819 649 878 caedis?
702 842 728 869 ι»
773 821 1088 890 Interrogat
1117 816 1364 889 pontifex
1405 819 1595 873 Jesum
1639 817 1707 873 de
1753 815 2052 887 discipulis,

450 907 684 966 fortasse
715 909 770 965 in
814 907 962 964 hunc
1006 908 1236 964 modum
1270 928 1286 964 :
1319 909 1433 965 Ubi
1463 917 1610 978 sunt,
1650 915 1744 963 aut
1777 907 1869 979 qui
1901 914 2050 976 sunt,

454 1007 548 1056 aut
572 1014 681 1070 qua
719 1006 906 1054 mente
934 1013 1030 1054 eos
1058 998 1361 1070 collegerit,
1392 1004 1446 1052 et
1470 997 1600 1069 quid
1637 996 1861 1052 volens?
1890 994 2054 1065 Quasi

447 1088 595 1144 enim
626 1096 958 1144 novatorem
983 1096 1042 1143 et
1070 1087 1397 1147 seditiosum
1429 1087 1604 1143 voluit
1632 1102 1763 1143 eum
1804 1100 2047 1159 arguere.

451 1181 522 1235 Et
566 1178 636 1234 de
676 1178 927 1236 doctrina
975 1178 1274 1249 interrogat
1318 1177 1496 1249 qualis
1543 1177 1639 1246 sit,
1678 1191 1818 1232 num
1864 1191 1894 1230 a
1938 1175 2055 1246 lege

447 1267 728 1336 recedens,
771 1275 826 1324 et
867 1284 1120 1340 pugnans
1166 1283 1298 1324 eum
1335 1269 1528 1324 Mose?
1577 1275 1640 1322 ut
1669 1264 1794 1321 inde
1835 1265 2054 1319 inventa

448 1359 735 1414 occasione
761 1366 1026 1432 tanquam
1075 1358 1447 1415 adversarium
1498 1358 1599 1413 Dei
1646 1357 1873 1413 occidat.
1909 1353 2055 1425 Quid

449 1449 618 1521 igitur
663 1449 965 1505 Dominus?
1013 1448 1332 1520 Respondet
1373 1447 1443 1503 illi
1485 1448 1642 1519 juxta
1689 1445 2057 1517 suspicionem

456 1539 576 1610 ejus
602 1557 616 1594 :
654 1560 681 1589 α
714 1542 830 1611 Ego
861 1539 1112 1612 quidem,
1143 1539 1340 1611 inquit,
1365 1539 1420 1594 in
1443 1538 1656 1594 occulto
1679 1539 1814 1593 nihil
1842 1539 2058 1594 locutus

448 1644 592 1684 sum.
647 1653 670 1677 υ
703 1632 847 1685 Nam
892 1637 952 1685 tu
981 1628 1208 1700 quidem
1252 1628 1544 1699 suspicaris
1592 1643 1681 1684 me
1728 1627 2058 1684 seditiosum

446 1715 770 1788 quemdam,
821 1724 880 1774 et
923 1717 982 1772 in
1027 1719 1244 1774 occulto
1289 1717 1516 1772 consilia
1560 1724 1889 1772 struentem.
1941 1719 2058 1787 Ego

445 1815 628 1862 autem
668 1807 793 1874 tibi,
841 1807 1041 1879 inquit,
1090 1807 1236 1876 dico,
1279 1805 1429 1878 quod
1479 1828 1508 1856 ‹‹
1543 1806 1690 1862 Nihil
1739 1807 1796 1861 in
1837 1806 2053 1862 occulto

1472 421 1988 478 THEOPHYLACTI
2027 419 2386 476 BULGARUE
2424 416 2742 474 ARCHIEP.

3644 417 3754 470 252

1844 545 2048 604 Siccine
2078 551 2131 614 Α
2160 535 2232 612 εἷς
2274 547 2377 603 τῶν
2431 544 2705 624 ὑπηρετῶν
2758 541 3108 621 παρεστηκὼς
3162 540 3326 600 ἔδωκε
3385 539 3629 622 ῥάπισμα
3675 543 3760 620 τῷ

2159 635 2369 706 Ἰησοῦ,
2420 635 2612 693 εἰπών’
2650 630 2840 698 Οὕτως
2874 630 3134 710 ἀποκρίνῃ
3169 634 3246 709 τῷ
3292 633 3560 711 ἀρχιερεῆ
3602 629 3764 690 Ἀπε-

2159 725 2312 804 κρίθη
2366 725 2511 804 αὖτῷ
2565 728 2592 782 6
2620 721 2847 794 Ἰησοῦς·
2899 722 2967 780 Ei
3010 723 3186 786 κακῶς
3220 721 3458 793 ἐλάλησα
3485 764 3504 798 ,
3549 720 3763 799 μαρτύ-

2163 837 2320 893 ρησον
2350 814 2472 893 περὶ
2504 817 2594 871 τοῦ
2626 815 2794 870 κακοῦ
2821 834 2834 847 ο
2867 812 2910 869 εἷ
2945 809 2998 868 δὲ
3035 812 3240 884 καλῶς,
3283 809 3333 868 τί
3367 833 3432 888 με
3471 809 3695 888 δαίρειςς
3732 836 3762 859 α

2159 902 2376 984 Ἐρωτᾷ
2406 907 2433 962 6
2465 899 2737 982 ἀρχιερεὺς
2774 900 2863 960 τὸν
2911 900 3121 972 Ἰησοῦν
3171 899 3302 984 περὶ
3343 902 3450 958 τῶν
3501 903 3765 976 μαθητῶν

2161 979 2285 1059 ἴσως
2315 979 2570 1051 τοιαῦτα·⁷
2607 993 2725 1050 Ποῦ
2758 992 2893 1063 εἰσι,
2949 989 3039 1049 καὶ
3067 989 3203 1056 τίνες
3250 979 3384 1060 εἶεν,
3418 988 3512 1048 καὶ
3538 987 3624 1048 ἐπὶ
3655 987 3765 1047 τίνι

2163 1085 2348 1162 σκοπῷ
2386 1081 2599 1148 τούτους
2637 1078 2903 1153 συνέλεξε,
2937 1079 3030 1138 καὶ
3070 1079 3121 1137 τί
3161 1078 3506 1158 βουλόμενος;
3535 1079 3604 1145 ὥς
3652 1077 3767 1155 γὰρ

2161 1169 2506 1250 νεωτεριστήν
2554 1194 2670 1230 τινα
2712 1168 2747 1242 ἢ
2791 1167 3121 1241 στασιαστὴν
3168 1168 3353 1240 ἤθελεν
3401 1167 3557 1227 αὐτὸν
3615 1166 3771 1250 ἐλέγ-

2163 1259 2268 1326 ξαι.
2318 1246 2428 1320 Καὶ
2474 1260 2597 1340 περὶ
2633 1263 2727 1330 τῆς
2767 1259 2990 1338 διδαχῆς
3030 1257 3085 1316 δὲ
3127 1260 3345 1338 ἐρωτᾷ,
3391 1255 3519 1315 ποία
3558 1280 3636 1323 τις
3676 1246 3769 1328 ἧν·

2164 1340 2265 1430 ἀρα
2319 1348 2394 1426 μή
2445 1349 2554 1409 ἀπὸ
2581 1355 2673 1407 τοῦ
2726 1349 2890 1424 νόμου
2948 1350 3268 1428 ἀφιστῶσα,
3323 1345 3416 1405 καὶ
3478 1343 3768 1426 μαχομένη

2167 1441 2386 1516 Menesi;
2416 1435 2504 1496 ἵνα
2533 1437 2625 1496 καὶ
2659 1438 2764 1495 ἀπὸ
2793 1436 2991 1509 ταύτης
3022 1435 3265 1516 ἀφορμὴν
3302 1435 3498 1516 εὑρὼν,
3538 1439 3608 1501 ὡς
3638 1439 3772 1493 θεο-

2226 1529 2240 1549 ι
2380 1531 2394 1549 τι
2574 1526 2588 1549 I
2701 1530 2716 1548 γ
2737 1530 2750 1546 ε
2827 1518 2859 1551 τ
3034 1527 3047 1546 ι
3224 1525 3240 1546 3
3427 1523 3441 1546 I
3658 1526 3674 1545 τ
3722 1527 3763 1540 ~

2167 1552 2342 1609 μαχον
2366 1551 2673 1607 αποκτεινῃ.
2713 1526 2773 1588 li
2798 1551 2888 1586 ουν
2915 1531 2942 1585 6
2970 1530 3193 1605 Κυριος;
3233 1529 3590 1607 Αποκρινεται
3616 1548 3769 1602 αυτῳ

2165 1620 2294 1696 πρὸς
2345 1617 2443 1689 τὴν
2497 1617 2747 1676 ὑπόνοιαν
2799 1619 2982 1675 αὐτοῦ.
3031 1614 3206 1693 Ἐγὼ,
3267 1614 3454 1694 φησὶν,
3510 1641 3536 1668 κ
3584 1616 3636 1673 ἐν
3685 1617 3773 1692 τῷ

2166 1710 2384 1787 κρυπτῷ
2422 1706 2661 1778 ἐλάλησα
2701 1705 2874 1766 οὐδέν.
2911 1734 2935 1757 ι·
2979 1705 3056 1766 Σὺ
3097 1706 3201 1784 γὰρ
3244 1708 3484 1772 ὑπονοεῖς
3522 1727 3588 1781 με
3631 1727 3772 1762 στα-

2167 1797 2390 1868 σιαστήν
2438 1821 2590 1868 τινα,
2643 1795 2737 1853 καὶ
2787 1795 3016 1876 κρυφίως
3069 1795 3261 1874 βουλάς
3307 1817 3453 1861 τινας
3501 1792 3769 1854 συσκευά-

446 1896 661 1952 locutus
685 1911 834 1965 sum,
867 1919 893 1945 ιι
945 1895 1053 1952 hoc
1082 1904 1184 1963 est,
1218 1894 1358 1950 nihil
1405 1893 1756 1962 seditiosum,
1811 1901 1868 1948 et
1911 1895 2051 1948 sicut

2163 1891 2317 1956 ζοντα
2344 1909 2356 1923 ⁸
2392 1885 2496 1963 ἐγὼ
2536 1885 2592 1943 δέ
2626 1908 2740 1958 σοι,
2769 1885 2928 1964 φησὶ,
2959 1884 3128 1964 λέγω,
3159 1887 3241 1942 ὅτι
3275 1912 3297 1938 α
3340 1883 3509 1944 Οὐδὲν
3550 1884 3603 1940 ἐν
3637 1907 3772 1962 κρυ-

445 1993 503 2042 tu
540 1987 811 2058 opinaris,
854 1986 990 2042 nihil
1038 1986 1261 2053 innovo,
1296 2001 1474 2057 neque
1518 1985 1708 2041 dolosa
1738 1991 1793 2040 et
1835 1985 2048 2041 occulta

445 2085 632 2132 mente
671 2075 958 2148 proprium
990 2073 1254 2146 quiddam
1300 2074 1520 2129 locutus
1565 2089 1709 2128 sum.
1763 2074 1902 2143 Quia
1949 2073 2052 2128 nisi

446 2163 526 2219 sic
547 2164 978 2220 intellexerimus
993 2163 1140 2234 quod
1160 2163 1228 2219 ad
1246 2163 1614 2235 suspicionem
1638 2161 1917 2233 pontiﬁcis
1936 2161 2053 2218 haec

446 2250 649 2307 dixerit
710 2253 1003 2315 Dominus,
1061 2252 1333 2308 videbitur
1396 2253 1639 2308 mentiri.
1683 2253 1831 2307 Nam
1884 2251 2054 2307 multa

449 2341 586 2398 dixit
631 2364 655 2390 α
688 2341 749 2396 in
791 2342 1030 2410 occulto,
1065 2366 1090 2391 ν
1124 2350 1315 2414 utpote
1343 2357 1404 2396 ea
1452 2357 1574 2412 quae
1617 2357 1781 2412 supra
1825 2349 2053 2412 captum

448 2430 817 2488 multitudinis
846 2439 1025 2486 erant.
1076 2431 1239 2500 Quod
1284 2439 1468 2487 autem
1497 2430 1632 2486 dicit
1665 2447 1677 2485 :
1716 2426 1744 2477 α’
1773 2429 1919 2499 Quid
1962 2443 2054 2484 me

445 2520 790 2591 interrogas?
834 2524 1116 2594 Interroga
1164 2537 1259 2577 eos
1305 2521 1397 2593 qui
1449 2520 1746 2577 audierunt
1797 2539 1809 2574 :
1865 2542 1891 2569 ν
1941 2532 2054 2574 non

445 2612 741 2683 pertinacis
788 2619 890 2679 est,
945 2611 1040 2667 sed
1087 2611 1304 2668 ﬁdentis
1369 2611 1426 2665 in
1487 2610 1764 2666 dictorum
1805 2608 2052 2664 veritate.

452 2724 476 2750 ι
514 2704 794 2772 Interroga
844 2724 871 2750 ν
921 2702 1092 2770 enim,
1137 2702 1338 2774 inquit,
1366 2701 1646 2768 inimicos,
1680 2700 2051 2768 insidiatores,

447 2789 732 2844 ministros
773 2789 898 2845 illos
944 2792 1038 2860 qui
1085 2791 1395 2862 ligaverunt
1444 2805 1550 2845 me.
1611 2793 1716 2845 Ista
1767 2791 1919 2845 enim
1972 2799 2058 2845 est

447 2879 694 2934 veritatis
723 2877 1030 2934 indubitata
1052 2878 1468 2946 demonstratio,
1499 2879 1717 2950 quando
1744 2879 1868 2949 quis
1890 2877 2057 2934 habet

451 2967 704 3023 inimicos
727 2976 894 3024 testes
923 2983 1115 3023 eorum
1141 2983 1265 3040 quae
1301 2967 1454 3024 dicit.
1483 2970 1626 3022 Nam
1669 2966 1906 3021 ministri
1930 2967 2056 3039 ipsi,

449 3057 649 3129 inquit,
682 3065 813 3112 sunt
841 3057 933 3128 qui
964 3065 1129 3112 antea
1158 3056 1419 3112 dixerunt
1449 3075 1462 3111 :
1500 3079 1525 3104 α
1567 3058 1867 3127 Nunquam
1899 3056 2047 3110 locu-

453 3154 542 3200 tus
571 3153 654 3200 est
677 3145 844 3200 homo
865 3145 1005 3200 sicut
1034 3144 1121 3199 hic
1141 3144 1311 3199 homo
1331 3143 1403 3201 ’5.
1434 3167 1459 3193 ι»
1488 3146 1557 3199 Et
1581 3160 1708 3199 cum
1733 3145 1806 3198 ita
1826 3159 2050 3214 respon-

2157 1979 2277 2057 πτῷ
2327 1975 2604 2046 ἐλάλησα·
2641 2003 2664 2026 ι
2710 1975 3020 2052 τουτέστιν,
3076 1973 3247 2034 Οὐδὲν
3297 1974 3617 2047 στασιῶδες,
3669 1970 3771 2032 καὶ

2158 2069 2228 2132 ὡς
2271 2066 2440 2130 δοκεῖς
2471 2063 2533 2123 σὺ
2559 2111 2573 2138 ,
2618 2067 2980 2144 νεωτεροποιῷ
3019 2063 3110 2122 καὶ
3149 2065 3298 2145 δολία
3338 2063 3432 2121 καὶ
3471 2059 3771 2142 ἀποκρύφῳ

2157 2154 2348 2233 γνώμῃ
2390 2153 2627 2226 ἐλάλησά
2669 2177 2720 2212 τι
2759 2157 2971 2213 οἰκεῖον.
3024 2152 3186 2214 Ἐπεὶ
3237 2156 3281 2211 εἰ
3323 2151 3398 2230 μὴ
3450 2151 3587 2212 οὕτω
3633 2151 3774 2222 νοή-

2161 2267 2359 2320 σομεν,
2401 2240 2482 2300 ὅτι
2519 2244 2650 2324 πρὸς
2692 2242 2788 2313 τὴν
2837 2242 3086 2302 ὑπόνοιαν
3136 2247 3229 2302 τοῦ
3276 2241 3565 2322 ἀρχιερέως
3605 2245 3774 2300 τοῦτο

2163 2323 2307 2392 εἶπεν
2369 2335 2396 2390 6
2426 2331 2664 2412 Κύριος⁷
2727 2331 3021 2412 φανήσεται
3079 2333 3512 2411 διαψευδόμενος.
3579 2329 3773 2390 Πολλὰ

2161 2422 2264 2501 γὰρ
2305 2411 2446 2480 εἶπεν
2482 2411 2595 2479 «ἐν
2625 2411 2874 2502 κρυπτῷ,
2907 2448 2930 2473 ι
2969 2422 3070 2482 ὅσα
3103 2420 3308 2494 δηλαδὴ
3350 2424 3447 2492 τῆς
3484 2424 3590 2479 τῶν
3627 2421 3773 2478 πολ-

2162 2515 2268 2570 λῶν
2304 2509 2536 2578 διανοίας
2565 2510 2870 2592 ὑψηλότερα
2899 2502 2986 2582 ἦν.
3019 2509 3101 2572 Τὸ
3133 2509 3221 2584 δὲ,
3257 2537 3282 2564 ι
3313 2511 3388 2571 Τί
3423 2533 3489 2585 με
3520 2511 3721 2591 ἐρωτᾷς
3753 2533 3772 2547 ⁸

2163 2600 2474 2680 Ἐρώτησον
2526 2600 2645 2668 τοὺς
2697 2601 3032 2675 ἀκηκοότας,
3090 2627 3114 2653 ι
3164 2603 3261 2659 οὖκ
3319 2599 3776 2674 αὖθαδιαζομένου

2161 2690 2337 2763 ἐστὶν,
2382 2689 2520 2748 ἀλλὰ
2559 2693 2876 2770 θαῤῥοῦντος
3020 2692 3125 2748 τῶν
3164 2688 3465 2771 λεχθέντων
3515 2687 3769 2768 ἀληθείᾳ,

2164 2805 2189 2831 α
2228 2779 2543 2858 Ἐρώτησον
2575 2807 2597 2832 υ
2640 2781 2776 2860 γὰρ,
2818 2780 2981 2861 φησὶ,
3019 2778 3140 2847 τοὺς
3177 2778 3396 2859 ἐχθροὺς
3422 2823 3439 2854 ,
3489 2775 3610 2844 τοὺς
3651 2779 3774 2836 ἐπι-

2165 2867 2415 2945 ϐούλους,
2463 2867 2581 2935 τοὺς
2628 2868 2898 2948 ὑπηρέτας
2945 2867 3157 2935 τούτους
3204 2867 3323 2935 τοὺς
3372 2866 3638 2939 δήσαντάς
3681 2890 3774 2944 με.

2165 2956 2316 3028 Αὕτη
2355 2956 2459 3036 γὰρ
2495 2962 2587 3029 τῆς
2637 2959 2890 3030 ἀληθείας
2930 2957 3406 3037 ἀναμερισϐήτητος
3457 2955 3722 3024 ἀπόδειξις
3748 3001 3769 3028 ,

2163 3046 2289 3104 ὅταν
2337 3045 2457 3113 τοὺς
2503 3047 2719 3127 ἐχθρούς
2766 3071 2844 3117 τις
2892 3046 2992 3128 ἔχῃ
3040 3036 3314 3127 μάρτυρας
3359 3036 3433 3105 ῶν
3481 3045 3644 3125 λέγει.
3693 3048 3772 3108 Οἱ

2158 3136 2260 3216 γὰρ
2293 3137 2554 3215 ὑπηρέται
2593 3137 2767 3210 αὐτοὶ,
2799 3138 2992 3218 φησὶν,
3021 3137 3151 3196 εἰσὶν
3184 3139 3232 3196 οἱ
3263 3136 3496 3218 εἰπόντες
3529 3135 3721 3217 πρώην
3753 3159 3769 3174 ο

449 3231 639 3302 disset,
695 3249 808 3288 non
855 3241 940 3288 est
987 3232 1361 3300 admirationi,
1416 3233 1510 3288 sed
1559 3233 1711 3301 alapa
1758 3232 1985 3289 caeditur
2037 3249 2051 3288 :

2164 3205 2186 3277 ci
2233 3205 2514 3286 Ὀὐδέποτε
2574 3205 2834 3308 ἐλάλησεν
2861 3205 2869 3210 '
2897 3205 3196 3308 ἄνθρωπος,
3251 3230 3325 3294 ὥς
3386 3216 3535 3293 οὗτος
3578 3205 3616 3283 ’ὁ
3666 3205 3765 3284 ἀν-

450 3336 559 3391 quo
590 3321 720 3391 quid
752 3319 906 3376 ﬁeret
935 3321 1349 3391 impudentius?
1380 3324 1449 3377 Et
1478 3339 1608 3378 cum
1655 3331 1842 3392 posset
1869 3324 2054 3379 omnia

449 3416 742 3464 concutere
767 3418 821 3464 et
847 3409 1088 3477 abolere,
1114 3410 1250 3465 nihil
1281 3410 1508 3480 quidem
1539 3410 1742 3466 horum
1774 3410 1924 3483 facit,
1957 3413 2054 3469 sed

449 3499 612 3553 verba
658 3499 900 3570 loquitur
949 3515 1072 3570 quae
1119 3501 1371 3556 omnium
1426 3501 1730 3557 bestiarum
1781 3502 2052 3558 saevitiem

448 3587 763 3644 demulcere
803 3598 1047 3658 possent.
1082 3591 1231 3645 Dicit
1273 3592 1425 3648 enim
1472 3609 1485 3646 :
1534 3593 1590 3648 Si
1632 3592 1856 3662 quidem
1885 3592 2056 3649 habes

446 3685 509 3733 ut
533 3677 895 3749 reprehendas
917 3695 979 3734 ea
1008 3694 1131 3750 quae
1160 3696 1313 3735 nunc
1332 3695 1361 3734 a
1390 3695 1480 3736 me
1509 3681 1656 3737 dicta
1686 3690 1838 3749 sunt,
1865 3691 2054 3738 osten-

449 3765 517 3821 de
547 3768 694 3838 quod
745 3769 890 3825 male
920 3768 1154 3824 dixerim
1187 3787 1199 3824 :
1234 3770 1280 3824 si
1311 3781 1496 3826 autem
1541 3786 1657 3825 non
1701 3770 1889 3839 habes,
1923 3771 2052 3843 quid

448 3853 679 3916 ferocis?
720 3859 818 3914 Vel
849 3867 904 3914 et
931 3860 1009 3914 sic
1055 3876 1068 3914 :
1109 3881 1134 3907 ‹‹
1183 3859 1234 3914 Si
1269 3861 1408 3915 male
1436 3861 1656 3916 locutus
1684 3877 1827 3926 sum,
1867 3884 1892 3910 ι»
1949 3862 2056 3918 hoc

448 3955 553 4015 est,
587 3948 633 4002 si
682 3947 823 4003 male
859 3948 1020 4003 docui
1055 3949 1280 4021 quando
1309 3949 1470 4004 docui
1500 3948 1552 4003 in
1584 3949 1898 4021 synagogis,
1930 3965 2055 4005 ecce

450 4049 597 4090 nunc
631 4056 656 4082 «ι
684 4035 1067 4090 testimonium
1093 4035 1317 4106 perhibe
1364 4057 1386 4085 ν
1421 4035 1489 4091 de
1518 4037 1661 4091 mala
1699 4035 1976 4104 doctrina,
2003 4045 2061 4093 et

450 4123 612 4194 plene
660 4124 871 4178 instrue
921 4125 1260 4195 pontilicem,
1312 4126 1404 4195 qui
1446 4142 1593 4181 nunc
1638 4128 1942 4199 interrogat
1987 4128 2056 4184 de

452 4212 704 4269 doctrina
745 4227 884 4266 mea.
935 4213 1042 4267 «Si
1089 4222 1277 4268 autem
1324 4213 1461 4269 bene
1508 4237 1534 4263 ν
1581 4214 1768 4281 docui,
1801 4225 1856 4271 et
1887 4215 2056 4288 740

453 4317 543 4356 me
567 4300 822 4356 admirati
871 4302 1004 4358 estis
1031 4302 1197 4357 etiam
1227 4318 1322 4358 vos
1366 4302 1620 4374 ministri,
1675 4327 1700 4353 α
1733 4305 1863 4375 quid
1904 4323 1997 4361 me
2027 4331 2053 4356 υ

2166 3320 2392 3394 θρωπος.
2431 3340 2456 3366 ιι
2507 3315 2698 3384 Οῧτως
2753 3306 2841 3375 οὖν
2893 3306 3233 3395 ἀποκριθεὶς,
3285 3317 3344 3375 οὗ
3397 3314 3767 3394 θαυμάζεται,

2164 3404 2301 3462 ἀλλὰ
2353 3403 2675 3484 ῥαπίζεται·
2707 3396 2765 3464 οὑ
2814 3405 2865 3466 τί
2915 3405 3107 3484 γένοιτ’
3155 3404 3218 3464 ἂν
3268 3403 3626 3486 ἰταμώτερον;
3659 3408 3773 3464 Δυ-

2163 3493 2388 3570 νάμενος
2428 3492 2482 3552 δὲ
2523 3495 2701 3552 πάντα
2750 3503 3030 3556 συσσεῖσαι
3068 3497 3159 3555 καὶ
3211 3495 3512 3576 ἀφανίσαι,
3565 3494 3773 3553 τούτων

2165 3582 2260 3658 μὲν
2323 3582 2470 3642 οὐδὲν
2523 3592 2666 3642 ποιεῖ
2697 3608 2712 3622 ·
2771 3587 3053 3664 φθέγγεται
3107 3584 3162 3644 δὲ
3223 3585 3440 3666 ῥήματα
3502 3583 3771 3661 δυνάμενα

2162 3681 2341 3731 πᾶσαν
2375 3673 2659 3752 θηριωδίαν
2693 3675 2940 3736 ἐκλῦσαι.
2977 3677 3046 3737 Ei
3078 3672 3174 3754 μὲν
3220 3674 3356 3756 γὰρ,
3390 3673 3584 3756 φησὶν,
3622 3671 3768 3754 ἔχεις

2164 3763 2528 3844 ἐπιλαϐέσθαι
2559 3766 2663 3821 τῶν
2691 3763 3015 3844 ,εἰρημένων
3068 3769 3199 3844 παρ’
3261 3768 3392 3842 ἐμοῦ
3451 3762 3723 3832 ἀπόδειξον
3751 3809 3770 3841 ,

2162 3851 2244 3910 ὅτι
2274 3855 2451 3918 κακῶς
2481 3841 2627 3910 εἶπον
2656 3876 2670 3889 ·
2691 3841 2749 3910 ἐἴ
2770 3841 2832 3912 ⁷δὲ
2873 3856 2969 3913 οὐκ
3010 3841 3176 3934 ἔχεις,
3215 3852 3268 3913 τί
3292 3841 3538 3930 ίλυττᾷς;
3570 3850 3648 3913 Ἢ
3677 3853 3774 3911 καὶ

2163 3940 2330 4009 οὕτως
2358 3963 2373 3978 ⁸
2404 3967 2427 3993 α
2461 3943 2528 4001 Εἰ
2558 3945 2735 4010 κακῶς
2766 3943 3004 4016 ἐλάλησα
3030 3967 3044 3981 ⁸
3076 3970 3101 3997 ››
3139 3943 3446 4016 τουτέστιν,
3494 3943 3563 4003 Ei
3589 3948 3775 4010 κακῶς

2162 4030 2370 4098 ἐδίδαξα
2395 4075 2412 4101 ,
2453 4032 2539 4088 ὅτε
2579 4032 2855 4091 ἐδίδασκον
2890 4034 2942 4091 ἐν
2983 4039 3122 4100 ταῑς’
3147 4040 3520 4113 συναγωγαῖς,
3565 4034 3773 4112 παρελ-

2167 4118 2268 4177 θὼν
2298 4125 2388 4177 νῦν
2426 4147 2450 4172 α
2495 4121 2836 4202 μαρτύρησον
2877 4150 2901 4174 ι
2928 4123 3050 4202 περὶ
3090 4123 3290 4195 ταύτης
3330 4147 3431 4200 μου
3469 4125 3564 4193 τῆς
3601 4126 3774 4195 κακῆς

2163 4210 2552 4283 διδασκαλίας,
2617 4212 2710 4271 καὶ
2762 4215 3172 4295 πληροφόρησον
3233 4213 3323 4274 τὸν
3376 4214 3630 4295 ἀρχιερέα
3678 4212 3770 4273 τὸν

2165 4305 2258 4358 νῦν
2311 4300 2589 4379 ἐρωτῶντά
2647 4325 2714 4378 με
2763 4303 2886 4383 περὶ
2935 4309 3029 4376 τῆς
3074 4305 3298 4384 διδαχῆς
3344 4327 3447 4380 μου
3475 4327 3490 4342 ο
3538 4329 3566 4356 κ
3617 4304 3664 4361 εἰ
3713 4301 3772 4363 δὶ

451 4407 601 4448 nunc
635 4414 659 4440 α
703 4391 888 4460 caedis,
923 4416 948 4442 »
982 4408 1147 4464 quem
1181 4393 1331 4464 prius
1354 4393 1752 4450 admirabaris?
1780 4397 2053 4454 Percussit

2168 4391 2341 4456 καλῶς
2384 4417 2408 4443 ν
2452 4391 2705 4466 ἐδίδαξα,
2744 4392 2838 4452 καὶ
2876 4393 3254 4472 ἐθαυμαζόμην
3308 4396 3438 4475 παρ’
3481 4395 3629 4468 ὑμῶν
3661 4397 3770 4451 τῶν

452 4481 622 4554 igitur
641 4482 891 4538 minister
916 4485 1242 4552 Dominum,
1259 4499 1458 4555 magno
1478 4485 1704 4540 crimine
1721 4501 1778 4540 se
1797 4486 2056 4543 liberans.

451 4574 594 4628 Nam
624 4571 721 4628 ubi
747 4573 902 4629 Jesus
934 4573 990 4628 in
1030 4581 1198 4628 testes
1237 4581 1455 4628 vocaret
1482 4574 1820 4641 assistentes,
1849 4575 2056 4644 dicens,

456 4685 481 4709 «
515 4665 658 4719 Ecce
689 4664 743 4719 hi
787 4666 966 4720 sciunt
1010 4681 1133 4736 quae
1161 4665 1392 4722 dixerim
1433 4682 1555 4737 ego,
1604 4690 1630 4716 υ
1663 4667 1848 4723 volens
1892 4669 2059 4724 mini-

452 4760 566 4807 ster
610 4767 667 4806 se
717 4752 949 4809 liberare
1007 4770 1036 4808 a
1084 4754 1390 4824 suspicione
1440 4753 1591 4826 quod
1636 4771 1750 4811 non
1796 4766 1938 4812 esset
1987 4773 2054 4813 ex

453 4839 889 4898 admiratoribus
935 4845 1090 4909 Jesu,
1142 4843 1409 4914 percussit
1457 4859 1607 4900 eum.
1664 4846 1820 4900 Jesus
1871 4853 2058 4902 autem

450 4929 706 4999 dicendo,
757 4953 783 4979 α
849 4933 969 5004 Ego
1014 4932 1072 4986 in
1111 4932 1328 4988 occulto
1381 4932 1600 4988 locutus
1649 4950 1775 4990 sum
1821 4933 1974 5002 nihil,
2022 4957 2050 4986 »

450 5019 663 5077 reducit
693 5021 747 5076 in
785 5021 1110 5077 memoriam
1135 5022 1482 5094 prophetiam
1508 5023 1783 5080 dicentem
1812 5043 1828 5079 :
1865 5048 1890 5072 (ι
1927 5028 2057 5080 Non

449 5110 508 5166 in
538 5112 756 5167 occulto
798 5111 1016 5169 locutus
1060 5127 1207 5183 sum,
1239 5129 1416 5186 neque
1451 5114 1507 5170 in
1544 5114 1665 5172 loco
1704 5123 1870 5173 terra:
1900 5124 2054 5172 tene-

451 5199 622 5257 broso
645 5199 716 5258 9".
743 5224 768 5251 ι

522 5381 704 5436 Vnus.
735 5383 922 5437 24-27.
963 5402 989 5430 α
1019 5383 1092 5436 Et
1127 5381 1283 5438 misit
1318 5397 1450 5437 eum
1479 5387 1669 5438 Annas
1707 5383 1951 5438 vinetum
1987 5381 2056 5439 ad

455 5468 717 5537 Caipham
771 5469 1112 5541 pontificem.
1163 5470 1356 5527 Stabat
1401 5480 1588 5527 autem
1619 5473 1809 5529 Simon
1841 5475 2052 5542 Petrus,

456 5567 510 5613 et
539 5559 892 5617 calefaciebat
919 5577 996 5618 se.
1025 5564 1295 5620 Dixerunt
1321 5580 1450 5636 ergo
1490 5565 1540 5620 ei
1571 5582 1584 5620 :
1619 5567 1763 5623 Num
1803 5575 1858 5623 et
1887 5574 1948 5623 tu
1989 5582 2052 5624 ex

529 5710 580 5760 95
609 5712 766 5766 Joan.
802 5726 916 5780 vn,
942 5718 1033 5768 46.
1063 5713 1107 5746 '7
1135 5718 1245 5772 lsa.
1283 5731 1424 5785 XLV,
1461 5724 1548 5774 19.

2167 4482 2480 4560 ὑπηρετῶν,
2533 4507 2558 4534 ι
2607 4480 2659 4539 τί
2710 4505 2776 4558 με
2823 4511 2847 4535 υ
2897 4488 2988 4565 νῦν
3040 4509 3066 4537 α
3114 4483 3337 4563 δαίρεις,
3395 4509 3422 4535 ι
3478 4483 3535 4542 ὃν
3582 4483 3770 4565 πρώην

2168 4569 2503 4646 ἐθαύμαζες;
2584 4569 2822 4651 Ἐτυψεν
2870 4563 2958 4631 οὖν
3009 4576 3037 4632 6
3083 4572 3349 4652 ὑπηρέτης
3392 4572 3482 4633 τὸν
3537 4563 3769 4654 Κύριον,

2169 4659 2407 4736 μεγάλου
2444 4661 2777 4738 ἐγκλήματος
2812 4663 2997 4722 ἑαυτὸν
3038 4663 3418 4724 ἀπαλλάττων.
3465 4662 3622 4723 Ἐπεὶ
3665 4661 3773 4745 γὰρ

2167 4753 2194 4807 6
2240 4749 2448 4821 Ἰησοῦς
2491 4749 2613 4817 τοὺς
2649 4755 3000 4834 παρεστῶτας
3045 4755 3399 4834 προύκαλεῖτο
3452 4754 3769 4834 μάρτυρας,

2167 4837 2333 4916 λέγων
2362 4861 2375 4875 ·
2418 4865 2442 4889 α
2470 4837 2580 4899 Ἴδε
2621 4831 2762 4901 οὗτοι
2803 4841 3040 4916 οἴδασιν,
3083 4831 3116 4901 ἀ
3160 4833 3306 4903 εἷπον
3343 4840 3447 4920 ἐγώ
3487 4866 3501 4880 ·
3537 4831 3563 4896 in
3603 4843 3772 4902 θέλων

2165 4933 2194 4988 6
2234 4930 2501 5007 ὑπηρέτης
2548 4931 2733 4989 ἑαυτὸν
2779 4932 3083 5001 ἀπαλλάξαι
3127 4937 3222 5006 τῆς
3269 4933 3534 5010 ὑποψίας,
3583 4931 3664 4990 ὅτι
3710 4935 3772 4992 οὗ

2165 5023 2269 5078 τῶν
2305 5021 2682 5095 θαυμαζόντων
2717 5023 2806 5081 τὸν
2843 5021 3052 5095 Ἰησοῦν
3090 5014 3190 5096 ἦν,
3225 5023 3414 5104 ἔτυψεν
3453 5021 3632 5084 αὐτόν.
3674 5024 3775 5084 Εἶ-

2165 5107 2280 5167 πὼν
2303 5109 2358 5167 δὲ
2384 5113 2410 5167 6
2438 5109 2687 5190 Χριστὸς,
2722 5111 2872 5190 Ἐγὼ
2895 5140 2918 5164 ιι
2945 5115 2998 5171 ἐν
3023 5116 3243 5192 κρυπτῷ
3275 5112 3520 5184 ἐλάλησα
3545 5111 3720 5185 σῦδὲν,
3749 5142 3772 5166 υ

2166 5199 2566 5276 ἀναμιμνήσκει
2628 5201 2956 5282 προφητείας
3021 5207 3112 5275 τῆς
3169 5199 3462 5281 λεγούσηςσ
3543 5202 3773 5264 «Οὐδὲν

2163 5292 2338 5369 κρυφῆ
2369 5289 2645 5362 λελάληκα
2665 5337 2681 5367 ,
2715 5291 2833 5350 οὐδὲ
2865 5293 2918 5351 ἐν
2947 5291 3097 5372 τόπῳ
3123 5297 3218 5372 γῆς
3246 5296 3543 5365 σκοτεινῆς.
3581 5317 3607 5346 ι

2268 5406 2292 5433 ι
2349 5376 2699 5440 Ἀπέστειλεν
2743 5383 2910 5464 αὐτὸν
2961 5386 2988 5441 6
3045 5382 3234 5450 Ἄννας
3289 5381 3568 5460 δεδεμένον
3638 5383 3773 5464 πρὸς

2164 5469 2419 5550 Καϊάφαν
2447 5470 2537 5528 τὸν
2572 5471 2846 5552 ἀρχιερέα.
2879 5463 2988 5534 ⁸Ἦν
3015 5472 3298 5554 δένΣίμων
3327 5473 3534 5554 Πέτρος
3565 5463 3770 5545 ἑστὼς,

2165 5559 2256 5619 καὶ
2311 5560 2743 5642 θερμαινόμενος.
2806 5554 2978 5625 Εἶπον
3030 5553 3122 5624 οὖν
3173 5565 3320 5646 αὐτῷ
3351 5587 3364 5602 ·
3560 5563 3654 5624 καὶ
3703 5563 3776 5623 σὺ
