  <div class='ocr_page' id='page_1' title='image "/cluster/home/n/w/nwhite01/storage/ocr_20150623/124:no.2/coo.31924054870294/134.png"; bbox 0 0 4128 6472; ppageno 0'>
   <div class='ocr_carea' id='block_1_1' title="bbox 421 478 522 532">
    <p class='ocr_par' dir='ltr' id='par_1_1' title="bbox 421 478 522 532">
     <span class='ocr_line' id='line_1_1' title="bbox 421 478 522 532; baseline -0.01 0"><span class='ocrx_word' id='word_1_1' title='bbox 421 478 522 532; x_wconf 72' lang='lat'><strong>253</strong></span> 
     </span>
    </p>
   </div>
   <div class='ocr_carea' id='block_1_2' title="bbox 1172 472 3029 531">
    <p class='ocr_par' dir='ltr' id='par_1_2' title="bbox 1172 472 3029 531">
     <span class='ocr_line' id='line_1_2' title="bbox 1172 472 3029 531; baseline -0.001 -1"><span class='ocrx_word' id='word_1_2' title='bbox 1172 472 1564 531; x_wconf 79' lang='lat' dir='ltr'><strong>ENARRATIO</strong></span> <span class='ocrx_word' id='word_1_3' title='bbox 1603 474 1668 529; x_wconf 86' lang='lat' dir='ltr'><strong>IN</strong></span> <span class='ocrx_word' id='word_1_4' title='bbox 1711 473 2140 530; x_wconf 77' lang='lat' dir='ltr'><strong>EVANGELIUM</strong></span> <span class='ocrx_word' id='word_1_5' title='bbox 2175 473 2478 531; x_wconf 80' lang='lat' dir='ltr'><strong>JOANNIS.</strong></span> <span class='ocrx_word' id='word_1_6' title='bbox 2514 503 2583 514; x_wconf 92' lang='lat'>—</span> <span class='ocrx_word' id='word_1_7' title='bbox 2622 474 2774 530; x_wconf 87' lang='lat' dir='ltr'><strong>CAP.</strong></span> <span class='ocrx_word' id='word_1_8' title='bbox 2814 475 3029 530; x_wconf 85' lang='lat' dir='ltr'><strong>XVIII.’</strong></span> 
     </span>
    </p>
   </div>
   <div class='ocr_carea' id='block_1_3' title="bbox 3594 476 3740 546">
    <p class='ocr_par' dir='ltr' id='par_1_3' title="bbox 3594 476 3740 546">
     <span class='ocr_line' id='line_1_3' title="bbox 3594 476 3740 546; baseline 0 -12"><span class='ocrx_word' id='word_1_9' title='bbox 3594 476 3740 546; x_wconf 54' lang='grc' dir='ltr'><strong>ηδε</strong></span> 
     </span>
    </p>
   </div>
   <div class='ocr_carea' id='block_1_4' title="bbox 417 590 2010 679">
    <p class='ocr_par' dir='ltr' id='par_1_4' title="bbox 417 590 2010 679">
     <span class='ocr_line' id='line_1_4' title="bbox 417 590 2010 679; baseline 0 -19"><span class='ocrx_word' id='word_1_10' title='bbox 417 604 478 660; x_wconf 73' lang='grc' dir='ltr'>ἐκ</span> <span class='ocrx_word' id='word_1_11' title='bbox 515 604 623 660; x_wconf 79' lang='grc' dir='ltr'><strong>τῶν</strong></span> <span class='ocrx_word' id='word_1_12' title='bbox 664 603 920 678; x_wconf 77' lang='grc' dir='ltr'>μαθητῶν</span> <span class='ocrx_word' id='word_1_13' title='bbox 970 601 1132 659; x_wconf 80' lang='grc' dir='ltr'>αὐτοῦ</span> <span class='ocrx_word' id='word_1_14' title='bbox 1179 590 1256 672; x_wconf 56' lang='lat' dir='ltr'><strong>si;</strong></span> <span class='ocrx_word' id='word_1_15' title='bbox 1308 599 1614 679; x_wconf 85' lang='grc' dir='ltr'>Ἦρνήσατο</span> <span class='ocrx_word' id='word_1_16' title='bbox 1657 602 1884 674; x_wconf 83' lang='grc' dir='ltr'>ἐκεῖνος,</span> <span class='ocrx_word' id='word_1_17' title='bbox 1934 598 2010 660; x_wconf 61' lang='grc' dir='ltr'>κα¹</span> 
     </span>
    </p>
   </div>
   <div class='ocr_carea' id='block_1_5' title="bbox 2118 590 3733 679">
    <p class='ocr_par' dir='ltr' id='par_1_5' title="bbox 2140 598 3733 673">
     <span class='ocr_line' id='line_1_5' title="bbox 2140 598 3733 673; baseline 0.003 -17"><span class='ocrx_word' id='word_1_18' title='bbox 2140 599 2423 672; x_wconf 81' lang='lat' dir='ltr'><strong>discipulis</strong></span> <span class='ocrx_word' id='word_1_19' title='bbox 2452 599 2571 673; x_wconf 82' lang='lat' dir='ltr'><strong>ejus</strong></span> <span class='ocrx_word' id='word_1_20' title='bbox 2598 603 2694 657; x_wconf 83' lang='lat' dir='ltr'><strong>es?</strong></span> <span class='ocrx_word' id='word_1_21' title='bbox 2731 598 2966 671; x_wconf 84' lang='lat' dir='ltr'><strong>Negavit</strong></span> <span class='ocrx_word' id='word_1_22' title='bbox 2987 599 3097 669; x_wconf 88' lang='lat' dir='ltr'><strong>ille,</strong></span> <span class='ocrx_word' id='word_1_23' title='bbox 3128 607 3186 657; x_wconf 92' lang='lat' dir='ltr'><strong>et</strong></span> <span class='ocrx_word' id='word_1_24' title='bbox 3211 599 3354 658; x_wconf 82' lang='lat' dir='ltr'><strong>dixit</strong></span> <span class='ocrx_word' id='word_1_25' title='bbox 3381 621 3394 658; x_wconf 92' lang='lat'><strong>:</strong></span> <span class='ocrx_word' id='word_1_26' title='bbox 3438 603 3564 659; x_wconf 90' lang='lat' dir='ltr'><strong>Non</strong></span> <span class='ocrx_word' id='word_1_27' title='bbox 3584 617 3733 660; x_wconf 90' lang='lat' dir='ltr'><strong>sum.</strong></span> 
     </span>
    </p>
   </div>
   <div class='ocr_carea' id='block_1_6' title="bbox 416 679 2026 772">
    <p class='ocr_par' dir='ltr' id='par_1_6' title="bbox 416 679 2026 772">
     <span class='ocr_line' id='line_1_6' title="bbox 416 679 2026 772; baseline 0 -22"><span class='ocrx_word' id='word_1_28' title='bbox 416 683 594 750; x_wconf 68' lang='grc' dir='ltr'>εἶπεν·</span> <span class='ocrx_word' id='word_1_29' title='bbox 627 694 746 751; x_wconf 84' lang='grc' dir='ltr'>Οὖκ</span> <span class='ocrx_word' id='word_1_30' title='bbox 779 690 911 767; x_wconf 78' lang='grc' dir='ltr'>εἶμί.</span> <span class='ocrx_word' id='word_1_31' title='bbox 951 688 1116 770; x_wconf 81' lang='grc' dir='ltr'><strong>Λέγει</strong></span> <span class='ocrx_word' id='word_1_32' title='bbox 1146 679 1216 758; x_wconf 72' lang='grc' dir='ltr'>εἶς</span> <span class='ocrx_word' id='word_1_33' title='bbox 1247 692 1306 748; x_wconf 77' lang='grc' dir='ltr'><strong>ἐκ</strong></span> <span class='ocrx_word' id='word_1_34' title='bbox 1335 693 1439 748; x_wconf 78' lang='grc' dir='ltr'><strong>τῶν</strong></span> <span class='ocrx_word' id='word_1_35' title='bbox 1474 689 1673 751; x_wconf 86' lang='grc' dir='ltr'>δούλων</span> <span class='ocrx_word' id='word_1_36' title='bbox 1699 696 1803 762; x_wconf 55' lang='grc' dir='ltr'>,τοῦ</span> <span class='ocrx_word' id='word_1_37' title='bbox 1838 694 2026 772; x_wconf 84' lang='grc' dir='ltr'>ἀρχιε-</span> 
     </span>
    </p>
   </div>
   <div class='ocr_carea' id='block_1_7' title="bbox 414 771 2024 862">
    <p class='ocr_par' dir='ltr' id='par_1_7' title="bbox 414 771 2024 862">
     <span class='ocr_line' id='line_1_7' title="bbox 414 771 2024 862; baseline 0.001 -23"><span class='ocrx_word' id='word_1_38' title='bbox 414 781 548 861; x_wconf 86' lang='grc' dir='ltr'>ρέως</span> <span class='ocrx_word' id='word_1_39' title='bbox 604 779 865 862; x_wconf 72' lang='grc' dir='ltr'>συγγενὴς</span> <span class='ocrx_word' id='word_1_40' title='bbox 912 777 1016 854; x_wconf 79' lang='grc' dir='ltr'><strong>ὢν,</strong></span> <span class='ocrx_word' id='word_1_41' title='bbox 1068 771 1130 839; x_wconf 69' lang='grc' dir='ltr'>οἷ</span> <span class='ocrx_word' id='word_1_42' title='bbox 1179 783 1416 862; x_wconf 75' lang='grc' dir='ltr'><strong>ἀπέκοψε</strong></span> <span class='ocrx_word' id='word_1_43' title='bbox 1476 779 1678 862; x_wconf 79' lang='grc' dir='ltr'>Πέτρος</span> <span class='ocrx_word' id='word_1_44' title='bbox 1722 784 1783 841; x_wconf 83' lang='grc' dir='ltr'>τὸ</span> <span class='ocrx_word' id='word_1_45' title='bbox 1838 771 2024 841; x_wconf 83' lang='grc' dir='ltr'>ὠτίον·</span> 
     </span>
    </p>
   </div>
   <div class='ocr_carea' id='block_1_8' title="bbox 408 861 2023 951">
    <p class='ocr_par' dir='ltr' id='par_1_8' title="bbox 408 861 2023 951">
     <span class='ocr_line' id='line_1_8' title="bbox 408 861 2023 951; baseline 0.001 -21"><span class='ocrx_word' id='word_1_46' title='bbox 408 873 533 930; x_wconf 80' lang='grc' dir='ltr'><strong>Οὔκ</strong></span> <span class='ocrx_word' id='word_1_47' title='bbox 566 871 671 950; x_wconf 84' lang='grc' dir='ltr'><strong>ἐγώ</strong></span> <span class='ocrx_word' id='word_1_48' title='bbox 702 894 762 930; x_wconf 91' lang='grc' dir='ltr'><strong>σε</strong></span> <span class='ocrx_word' id='word_1_49' title='bbox 792 861 926 929; x_wconf 81' lang='grc' dir='ltr'>εἶδον</span> <span class='ocrx_word' id='word_1_50' title='bbox 955 873 1009 928; x_wconf 84' lang='grc' dir='ltr'>ἐν</span> <span class='ocrx_word' id='word_1_51' title='bbox 1037 873 1116 950; x_wconf 80' lang='grc' dir='ltr'><strong>τῷ</strong></span> <span class='ocrx_word' id='word_1_52' title='bbox 1146 869 1304 951; x_wconf 85' lang='grc' dir='ltr'>κήπῳ</span> <span class='ocrx_word' id='word_1_53' title='bbox 1336 861 1455 948; x_wconf 85' lang='grc' dir='ltr'>μετ’</span> <span class='ocrx_word' id='word_1_54' title='bbox 1490 861 1682 945; x_wconf 83' lang='grc' dir='ltr'>αὖτοῦ;</span> <span class='ocrx_word' id='word_1_55' title='bbox 1722 872 1898 932; x_wconf 81' lang='grc' dir='ltr'>Πάλιν</span> <span class='ocrx_word' id='word_1_56' title='bbox 1932 863 2023 932; x_wconf 72' lang='grc' dir='ltr'><strong>οῦν</strong></span> 
     </span>
    </p>
   </div>
   <div class='ocr_carea' id='block_1_9' title="bbox 412 959 2019 1042">
    <p class='ocr_par' dir='ltr' id='par_1_9' title="bbox 412 959 2019 1042">
     <span class='ocr_line' id='line_1_9' title="bbox 412 959 2019 1042; baseline 0.001 -22"><span class='ocrx_word' id='word_1_57' title='bbox 412 959 693 1039; x_wconf 70' lang='grc' dir='ltr'>ἠρνήσατο</span> <span class='ocrx_word' id='word_1_58' title='bbox 713 965 741 1020; x_wconf 92' lang='lat'><strong>6</strong></span> <span class='ocrx_word' id='word_1_59' title='bbox 773 959 1008 1040; x_wconf 84' lang='grc' dir='ltr'>Πέτρος,</span> <span class='ocrx_word' id='word_1_60' title='bbox 1042 959 1137 1019; x_wconf 74' lang='grc' dir='ltr'>καὶ</span> <span class='ocrx_word' id='word_1_61' title='bbox 1168 959 1359 1027; x_wconf 82' lang='grc' dir='ltr'>εὐθέως</span> <span class='ocrx_word' id='word_1_62' title='bbox 1387 960 1627 1041; x_wconf 77' lang='grc' dir='ltr'>ἀλέκτωρ</span> <span class='ocrx_word' id='word_1_63' title='bbox 1657 961 1946 1042; x_wconf 73' lang='grc' dir='ltr'>ἐφώνησεν.</span> <span class='ocrx_word' id='word_1_64' title='bbox 1987 986 2019 1021; x_wconf 66' lang='grc' dir='ltr'><strong>π</strong></span> 
     </span>
    </p>
   </div>
   <div class='ocr_carea' id='block_1_10' title="bbox 415 1049 2024 1134">
    <p class='ocr_par' dir='ltr' id='par_1_10' title="bbox 415 1049 2024 1134">
     <span class='ocr_line' id='line_1_10' title="bbox 415 1049 2024 1134; baseline 0.001 -24"><span class='ocrx_word' id='word_1_65' title='bbox 415 1049 738 1129; x_wconf 79' lang='grc' dir='ltr'>Ἀποίγουσιν</span> <span class='ocrx_word' id='word_1_66' title='bbox 795 1050 951 1109; x_wconf 76' lang='grc' dir='ltr'>αὐτὸν</span> <span class='ocrx_word' id='word_1_67' title='bbox 1011 1051 1142 1131; x_wconf 84' lang='grc' dir='ltr'>πρὸς</span> <span class='ocrx_word' id='word_1_68' title='bbox 1202 1050 1456 1132; x_wconf 75' lang='grc' dir='ltr'><strong>Καϊάφαν</strong></span> <span class='ocrx_word' id='word_1_69' title='bbox 1509 1050 1596 1111; x_wconf 79' lang='grc' dir='ltr'><strong>διὰ</strong></span> <span class='ocrx_word' id='word_1_70' title='bbox 1655 1050 1716 1110; x_wconf 81' lang='grc' dir='ltr'><strong>τὸ</strong></span> <span class='ocrx_word' id='word_1_71' title='bbox 1773 1055 1827 1112; x_wconf 86' lang='grc' dir='ltr'><strong>ἐν</strong></span> <span class='ocrx_word' id='word_1_72' title='bbox 1877 1055 2024 1134; x_wconf 82' lang='grc' dir='ltr'>αὐτῷ</span> 
     </span>
    </p>
   </div>
   <div class='ocr_carea' id='block_1_11' title="bbox 418 1137 2023 1219">
    <p class='ocr_par' dir='ltr' id='par_1_11' title="bbox 418 1137 2023 1219">
     <span class='ocr_line' id='line_1_11' title="bbox 418 1137 2023 1219; baseline 0.002 -22"><span class='ocrx_word' id='word_1_73' title='bbox 418 1141 584 1215; x_wconf 79' lang='grc' dir='ltr'>μηδὲν</span> <span class='ocrx_word' id='word_1_74' title='bbox 655 1143 825 1219; x_wconf 75' lang='grc' dir='ltr'>εὑρεῖν</span> <span class='ocrx_word' id='word_1_75' title='bbox 896 1137 1099 1218; x_wconf 70' lang='grc' dir='ltr'>αἴτιον,</span> <span class='ocrx_word' id='word_1_76' title='bbox 1153 1138 1282 1208; x_wconf 84' lang='grc' dir='ltr'><strong>ἴσως</strong></span> <span class='ocrx_word' id='word_1_77' title='bbox 1340 1140 1770 1210; x_wconf 79' lang='grc' dir='ltr'>ὑποπτεύσαντες</span> <span class='ocrx_word' id='word_1_78' title='bbox 1827 1147 2023 1202; x_wconf 84' lang='grc' dir='ltr'>ἐκεῖνον</span> 
     </span>
    </p>
   </div>
   <div class='ocr_carea' id='block_1_12' title="bbox 429 1229 2024 1308">
    <p class='ocr_par' dir='ltr' id='par_1_12' title="bbox 429 1229 2024 1308">
     <span class='ocr_line' id='line_1_12' title="bbox 429 1229 2024 1308; baseline 0.003 -20"><span class='ocrx_word' id='word_1_79' title='bbox 429 1229 721 1308; x_wconf 64' lang='grc' dir='ltr'>σοφώτερον</span> <span class='ocrx_word' id='word_1_80' title='bbox 763 1229 928 1303; x_wconf 82' lang='grc' dir='ltr'>ὄντα,</span> <span class='ocrx_word' id='word_1_81' title='bbox 971 1233 1139 1308; x_wconf 73' lang='grc' dir='ltr'>εὑρεῖν</span> <span class='ocrx_word' id='word_1_82' title='bbox 1181 1254 1233 1288; x_wconf 91' lang='grc' dir='ltr'><strong>τι</strong></span> <span class='ocrx_word' id='word_1_83' title='bbox 1275 1229 1414 1290; x_wconf 84' lang='grc' dir='ltr'>κατὰ</span> <span class='ocrx_word' id='word_1_84' title='bbox 1458 1235 1549 1290; x_wconf 85' lang='grc' dir='ltr'><strong>τοῦ</strong></span> <span class='ocrx_word' id='word_1_85' title='bbox 1590 1229 1766 1303; x_wconf 81' lang='grc' dir='ltr'>Ἰησοῦ</span> <span class='ocrx_word' id='word_1_86' title='bbox 1798 1233 2024 1293; x_wconf 81' lang='grc' dir='ltr'>θανάτου</span> 
     </span>
    </p>
   </div>
   <div class='ocr_carea' id='block_1_13' title="bbox 428 1317 2024 1402">
    <p class='ocr_par' dir='ltr' id='par_1_13' title="bbox 428 1317 2024 1402">
     <span class='ocr_line' id='line_1_13' title="bbox 428 1317 2024 1402; baseline 0.004 -27"><span class='ocrx_word' id='word_1_87' title='bbox 428 1318 596 1392; x_wconf 74' lang='grc' dir='ltr'>ἀξιον,</span> <span class='ocrx_word' id='word_1_88' title='bbox 647 1318 1080 1378; x_wconf 77' lang='grc' dir='ltr'>ὑποσκελίσαντα</span> <span class='ocrx_word' id='word_1_89' title='bbox 1229 1322 1282 1378; x_wconf 79' lang='grc' dir='ltr'>ἓν</span> <span class='ocrx_word' id='word_1_90' title='bbox 1344 1319 1651 1400; x_wconf 89' lang='grc' dir='ltr'>ἀποκρίσει,</span> <span class='ocrx_word' id='word_1_91' title='bbox 1700 1323 1737 1392; x_wconf 77' lang='grc' dir='ltr'><strong>ἢ</strong></span> <span class='ocrx_word' id='word_1_92' title='bbox 1785 1322 2024 1402; x_wconf 80' lang='grc' dir='ltr'>πράξεώς</span> 
     </span>
    </p>
   </div>
   <div class='ocr_carea' id='block_1_14' title="bbox 417 1407 2016 1492">
    <p class='ocr_par' dir='ltr' id='par_1_14' title="bbox 417 1407 2016 1492">
     <span class='ocr_line' id='line_1_14' title="bbox 417 1407 2016 1492; baseline 0.003 -26"><span class='ocrx_word' id='word_1_93' title='bbox 417 1431 554 1474; x_wconf 87' lang='grc' dir='ltr'>τινος</span> <span class='ocrx_word' id='word_1_94' title='bbox 586 1407 932 1489; x_wconf 73' lang='grc' dir='ltr'>δραξάμενον.</span> <span class='ocrx_word' id='word_1_95' title='bbox 977 1408 1048 1470; x_wconf 60' lang='grc'>⁸0</span> <span class='ocrx_word' id='word_1_96' title='bbox 1084 1407 1139 1468; x_wconf 82' lang='grc' dir='ltr'>δὲ</span> <span class='ocrx_word' id='word_1_97' title='bbox 1187 1408 1422 1490; x_wconf 84' lang='grc' dir='ltr'>Πέτρος,</span> <span class='ocrx_word' id='word_1_98' title='bbox 1457 1413 1486 1468; x_wconf 91' lang='lat'><strong>6</strong></span> <span class='ocrx_word' id='word_1_99' title='bbox 1525 1410 1725 1489; x_wconf 79' lang='grc' dir='ltr'>θερμὸς</span> <span class='ocrx_word' id='word_1_100' title='bbox 1757 1411 2016 1492; x_wconf 83' lang='grc' dir='ltr'>ἐραστὴς,</span> 
     </span>
    </p>
   </div>
   <div class='ocr_carea' id='block_1_15' title="bbox 413 1496 2022 1580">
    <p class='ocr_par' dir='ltr' id='par_1_15' title="bbox 413 1496 2022 1580">
     <span class='ocr_line' id='line_1_15' title="bbox 413 1496 2022 1580; baseline 0.003 -25"><span class='ocrx_word' id='word_1_101' title='bbox 413 1496 657 1580; x_wconf 80' lang='grc' dir='ltr'>τοσούτῳ</span> <span class='ocrx_word' id='word_1_102' title='bbox 696 1499 845 1579; x_wconf 73' lang='grc' dir='ltr'>κάρῳ</span> <span class='ocrx_word' id='word_1_103' title='bbox 884 1497 1194 1578; x_wconf 76' lang='grc' dir='ltr'>κατείχετο,</span> <span class='ocrx_word' id='word_1_104' title='bbox 1243 1497 1381 1558; x_wconf 81' lang='grc' dir='ltr'>ὥστε</span> <span class='ocrx_word' id='word_1_105' title='bbox 1428 1499 1772 1577; x_wconf 88' lang='grc' dir='ltr'>ἀπαγομένου</span> <span class='ocrx_word' id='word_1_106' title='bbox 1811 1507 1904 1562; x_wconf 91' lang='grc' dir='ltr'><strong>τοῦ</strong></span> <span class='ocrx_word' id='word_1_107' title='bbox 1943 1506 2022 1562; x_wconf 82' lang='grc' dir='ltr'>δι-</span> 
     </span>
    </p>
   </div>
   <div class='ocr_carea' id='block_1_16' title="bbox 413 1587 2017 1670">
    <p class='ocr_par' dir='ltr' id='par_1_16' title="bbox 413 1587 2017 1670">
     <span class='ocr_line' id='line_1_16' title="bbox 413 1587 2017 1670; baseline 0.005 -24"><span class='ocrx_word' id='word_1_108' title='bbox 413 1589 727 1663; x_wconf 74' lang='grc' dir='ltr'>δασκάλου,</span> <span class='ocrx_word' id='word_1_109' title='bbox 771 1587 890 1647; x_wconf 77' lang='grc' dir='ltr'>οὐδὲ</span> <span class='ocrx_word' id='word_1_110' title='bbox 940 1599 1336 1662; x_wconf 88' lang='grc' dir='ltr'>μετακινεῖται,</span> <span class='ocrx_word' id='word_1_111' title='bbox 1385 1591 1503 1648; x_wconf 86' lang='grc' dir='ltr'>ἀλλ’</span> <span class='ocrx_word' id='word_1_112' title='bbox 1538 1588 1618 1649; x_wconf 86' lang='grc' dir='ltr'>ἔτι</span> <span class='ocrx_word' id='word_1_113' title='bbox 1659 1591 2017 1670; x_wconf 77' lang='grc' dir='ltr'>θερμαίνεται.</span> 
     </span>
    </p>
   </div>
   <div class='ocr_carea' id='block_1_17' title="bbox 409 1674 2019 1761">
    <p class='ocr_par' dir='ltr' id='par_1_17' title="bbox 409 1674 2019 1761">
     <span class='ocr_line' id='line_1_17' title="bbox 409 1674 2019 1761; baseline 0.003 -25"><span class='ocrx_word' id='word_1_114' title='bbox 409 1674 592 1736; x_wconf 76' lang='grc' dir='ltr'>Ὥστε</span> <span class='ocrx_word' id='word_1_115' title='bbox 615 1677 709 1736; x_wconf 75' lang='grc' dir='ltr'><strong>καὶ</strong></span> <span class='ocrx_word' id='word_1_116' title='bbox 739 1677 898 1737; x_wconf 79' lang='grc' dir='ltr'>πάλιν</span> <span class='ocrx_word' id='word_1_117' title='bbox 932 1679 1241 1759; x_wconf 71' lang='grc' dir='ltr'>ἐρωτηθεὶς,</span> <span class='ocrx_word' id='word_1_118' title='bbox 1275 1683 1546 1758; x_wconf 78' lang='grc' dir='ltr'>ἀρνεῖται,</span> <span class='ocrx_word' id='word_1_119' title='bbox 1573 1679 1666 1738; x_wconf 80' lang='grc' dir='ltr'><strong>καὶ</strong></span> <span class='ocrx_word' id='word_1_120' title='bbox 1696 1683 1753 1738; x_wconf 86' lang='grc' dir='ltr'>οὗ</span> <span class='ocrx_word' id='word_1_121' title='bbox 1780 1680 2019 1761; x_wconf 85' lang='grc' dir='ltr'>δεύτερον</span> 
     </span>
    </p>
   </div>
   <div class='ocr_carea' id='block_1_18' title="bbox 413 1766 2019 1848">
    <p class='ocr_par' dir='ltr' id='par_1_18' title="bbox 413 1766 2019 1848">
     <span class='ocr_line' id='line_1_18' title="bbox 413 1766 2019 1848; baseline 0.004 -24"><span class='ocrx_word' id='word_1_122' title='bbox 413 1767 611 1841; x_wconf 80' lang='grc' dir='ltr'>μόνον,</span> <span class='ocrx_word' id='word_1_123' title='bbox 662 1766 800 1826; x_wconf 81' lang='grc' dir='ltr'>ἀλλὰ</span> <span class='ocrx_word' id='word_1_124' title='bbox 841 1768 931 1826; x_wconf 70' lang='grc' dir='ltr'><strong>καὶ</strong></span> <span class='ocrx_word' id='word_1_125' title='bbox 979 1767 1178 1848; x_wconf 88' lang='grc' dir='ltr'>τρίτον.</span> <span class='ocrx_word' id='word_1_126' title='bbox 1234 1767 1495 1829; x_wconf 86' lang='grc' dir='ltr'>Διατί-δὲ</span> <span class='ocrx_word' id='word_1_127' title='bbox 1545 1771 1593 1828; x_wconf 77' lang='grc' dir='ltr'>οἱ</span> <span class='ocrx_word' id='word_1_128' title='bbox 1642 1770 2019 1848; x_wconf 80' lang='grc' dir='ltr'>εὖαγγελισταὶ</span> 
     </span>
    </p>
   </div>
   <div class='ocr_carea' id='block_1_19' title="bbox 411 1855 2020 1940">
    <p class='ocr_par' dir='ltr' id='par_1_19' title="bbox 411 1855 2020 1940">
     <span class='ocr_line' id='line_1_19' title="bbox 411 1855 2020 1940; baseline 0.005 -26"><span class='ocrx_word' id='word_1_129' title='bbox 411 1855 614 1923; x_wconf 77' lang='grc' dir='ltr'>πάντες</span> <span class='ocrx_word' id='word_1_130' title='bbox 655 1859 790 1933; x_wconf 80' lang='grc' dir='ltr'>ὁμοῦ</span> <span class='ocrx_word' id='word_1_131' title='bbox 829 1855 951 1937; x_wconf 79' lang='grc' dir='ltr'>περὶ</span> <span class='ocrx_word' id='word_1_132' title='bbox 986 1863 1075 1916; x_wconf 89' lang='grc' dir='ltr'><strong>τοῦ</strong></span> <span class='ocrx_word' id='word_1_133' title='bbox 1115 1857 1328 1939; x_wconf 84' lang='grc' dir='ltr'>Πέτρου</span> <span class='ocrx_word' id='word_1_134' title='bbox 1369 1857 1702 1940; x_wconf 82' lang='grc' dir='ltr'>ἀνέγραψαν;</span> <span class='ocrx_word' id='word_1_135' title='bbox 1745 1862 1889 1940; x_wconf 81' lang='grc' dir='ltr'>Οὐχὶ</span> <span class='ocrx_word' id='word_1_136' title='bbox 1929 1868 2020 1922; x_wconf 88' lang='grc' dir='ltr'><strong>τοῦ</strong></span> 
     </span>
    </p>
   </div>
   <div class='ocr_carea' id='block_1_20' title="bbox 413 1950 2016 2027">
    <p class='ocr_par' dir='ltr' id='par_1_20' title="bbox 413 1950 2016 2027">
     <span class='ocr_line' id='line_1_20' title="bbox 413 1950 2016 2027; baseline 0.004 -23"><span class='ocrx_word' id='word_1_137' title='bbox 413 1951 774 2022; x_wconf 71' lang='grc' dir='ltr'>ωμμαθητοῦ</span> <span class='ocrx_word' id='word_1_138' title='bbox 813 1951 1261 2027; x_wconf 88' lang='grc' dir='ltr'>κατηγοροῦντες,</span> <span class='ocrx_word' id='word_1_139' title='bbox 1304 1950 1423 2008; x_wconf 80' lang='grc' dir='ltr'>ἀλλ’</span> <span class='ocrx_word' id='word_1_140' title='bbox 1473 1952 1612 2025; x_wconf 76' lang='grc' dir='ltr'>ἡμᾶς</span> <span class='ocrx_word' id='word_1_141' title='bbox 1652 1950 2016 2026; x_wconf 83' lang='grc' dir='ltr'>παιδεύοντες,</span> 
     </span>
    </p>
   </div>
   <div class='ocr_carea' id='block_1_21' title="bbox 412 2036 2018 2120">
    <p class='ocr_par' dir='ltr' id='par_1_21' title="bbox 412 2036 2018 2120">
     <span class='ocr_line' id='line_1_21' title="bbox 412 2036 2018 2120; baseline 0.006 -28"><span class='ocrx_word' id='word_1_142' title='bbox 412 2036 585 2094; x_wconf 79' lang='grc' dir='ltr'>πόσον</span> <span class='ocrx_word' id='word_1_143' title='bbox 637 2036 804 2094; x_wconf 85' lang='grc' dir='ltr'>κακὸν</span> <span class='ocrx_word' id='word_1_144' title='bbox 845 2036 905 2095; x_wconf 81' lang='grc' dir='ltr'><strong>τὸ</strong></span> <span class='ocrx_word' id='word_1_145' title='bbox 955 2037 1031 2112; x_wconf 83' lang='grc' dir='ltr'><strong>μὴ</strong></span> <span class='ocrx_word' id='word_1_146' title='bbox 1078 2037 1139 2097; x_wconf 84' lang='grc' dir='ltr'>τὸ</span> <span class='ocrx_word' id='word_1_147' title='bbox 1188 2045 1295 2096; x_wconf 73' lang='grc' dir='ltr'><strong>πᾶν</strong></span> <span class='ocrx_word' id='word_1_148' title='bbox 1340 2037 1641 2119; x_wconf 82' lang='grc' dir='ltr'>ἐπιτρέπειν</span> <span class='ocrx_word' id='word_1_149' title='bbox 1689 2041 1846 2120; x_wconf 82' lang='grc' dir='ltr'>Θεῷ,</span> <span class='ocrx_word' id='word_1_150' title='bbox 1897 2043 2018 2101; x_wconf 84' lang='grc' dir='ltr'>ἀλλ’</span> 
     </span>
    </p>
   </div>
   <div class='ocr_carea' id='block_1_22' title="bbox 411 2125 2018 2206">
    <p class='ocr_par' dir='ltr' id='par_1_22' title="bbox 411 2125 2018 2206">
     <span class='ocr_line' id='line_1_22' title="bbox 411 2125 2018 2206; baseline 0.004 -24"><span class='ocrx_word' id='word_1_151' title='bbox 411 2127 590 2204; x_wconf 77' lang='grc' dir='ltr'>ἐαυτῷ</span> <span class='ocrx_word' id='word_1_152' title='bbox 624 2128 856 2205; x_wconf 78' lang='grc' dir='ltr'>θαῤῥεῖν.</span> <span class='ocrx_word' id='word_1_153' title='bbox 898 2125 1022 2206; x_wconf 83' lang='grc' dir='ltr'>Χρὴ</span> <span class='ocrx_word' id='word_1_154' title='bbox 1067 2127 1121 2185; x_wconf 82' lang='grc' dir='ltr'>δὲ</span> <span class='ocrx_word' id='word_1_155' title='bbox 1164 2127 1440 2204; x_wconf 78' lang='grc' dir='ltr'>θαυμάσαι</span> <span class='ocrx_word' id='word_1_156' title='bbox 1475 2133 1566 2187; x_wconf 87' lang='grc' dir='ltr'><strong>τοῦ</strong></span> <span class='ocrx_word' id='word_1_157' title='bbox 1609 2129 1881 2190; x_wconf 74' lang='grc' dir='ltr'>Δεσπότω</span> <span class='ocrx_word' id='word_1_158' title='bbox 1920 2130 2018 2204; x_wconf 80' lang='grc' dir='ltr'><strong>τὴν</strong></span> 
     </span>
    </p>
   </div>
   <div class='ocr_carea' id='block_1_23' title="bbox 411 2214 2015 2298">
    <p class='ocr_par' dir='ltr' id='par_1_23' title="bbox 411 2214 2015 2298">
     <span class='ocr_line' id='line_1_23' title="bbox 411 2214 2015 2298; baseline 0.007 -28"><span class='ocrx_word' id='word_1_159' title='bbox 411 2214 854 2296; x_wconf 62' lang='grc' dir='ltr'>φιλανθρωπίαν,</span> <span class='ocrx_word' id='word_1_160' title='bbox 898 2215 978 2274; x_wconf 79' lang='grc' dir='ltr'><strong>ὅτι</strong></span> <span class='ocrx_word' id='word_1_161' title='bbox 1021 2216 1114 2276; x_wconf 80' lang='grc' dir='ltr'><strong>καὶ</strong></span> <span class='ocrx_word' id='word_1_162' title='bbox 1162 2217 1467 2294; x_wconf 82' lang='grc' dir='ltr'>δεδεμένος,</span> <span class='ocrx_word' id='word_1_163' title='bbox 1513 2218 1604 2276; x_wconf 77' lang='grc' dir='ltr'><strong>καὶ</strong></span> <span class='ocrx_word' id='word_1_164' title='bbox 1645 2220 2015 2298; x_wconf 82' lang='grc' dir='ltr'>ἀπαγόμενος,</span> 
     </span>
    </p>
   </div>
   <div class='ocr_carea' id='block_1_24' title="bbox 411 2304 2018 2392">
    <p class='ocr_par' dir='ltr' id='par_1_24' title="bbox 411 2304 2018 2392">
     <span class='ocr_line' id='line_1_24' title="bbox 411 2304 2018 2392; baseline 0.006 -30"><span class='ocrx_word' id='word_1_165' title='bbox 411 2305 512 2362; x_wconf 74' lang='grc' dir='ltr'><strong>οὐκ</strong></span> <span class='ocrx_word' id='word_1_166' title='bbox 557 2304 802 2378; x_wconf 77' lang='grc' dir='ltr'>ἠμέλησε</span> <span class='ocrx_word' id='word_1_167' title='bbox 843 2310 934 2364; x_wconf 88' lang='grc' dir='ltr'><strong>τοῦ</strong></span> <span class='ocrx_word' id='word_1_168' title='bbox 979 2311 1249 2384; x_wconf 84' lang='grc' dir='ltr'>μαθητοῦ,</span> <span class='ocrx_word' id='word_1_169' title='bbox 1294 2306 1434 2366; x_wconf 79' lang='grc' dir='ltr'>ἀλλὰ</span> <span class='ocrx_word' id='word_1_170' title='bbox 1477 2308 1724 2390; x_wconf 69' lang='grc' dir='ltr'>στραφεὶς</span> <span class='ocrx_word' id='word_1_171' title='bbox 1768 2309 2018 2392; x_wconf 74' lang='grc' dir='ltr'>ἐνέϐλεψε</span> 
     </span>
    </p>
   </div>
   <div class='ocr_carea' id='block_1_25' title="bbox 409 2393 2017 2480">
    <p class='ocr_par' dir='ltr' id='par_1_25' title="bbox 409 2393 2017 2480">
     <span class='ocr_line' id='line_1_25' title="bbox 409 2393 2017 2480; baseline 0.006 -30"><span class='ocrx_word' id='word_1_172' title='bbox 409 2397 489 2472; x_wconf 79' lang='grc' dir='ltr'><strong>τῷ</strong></span> <span class='ocrx_word' id='word_1_173' title='bbox 541 2393 768 2474; x_wconf 82' lang='grc' dir='ltr'>Πέτρῳ,</span> <span class='ocrx_word' id='word_1_174' title='bbox 814 2399 883 2462; x_wconf 81' lang='grc' dir='ltr'>ὡς</span> <span class='ocrx_word' id='word_1_175' title='bbox 931 2394 1106 2476; x_wconf 80' lang='grc' dir='ltr'>ἕτερος</span> <span class='ocrx_word' id='word_1_176' title='bbox 1151 2397 1533 2474; x_wconf 78' lang='grc' dir='ltr'>εὖαγγελιστής</span> <span class='ocrx_word' id='word_1_177' title='bbox 1576 2421 1743 2480; x_wconf 74' lang='grc' dir='ltr'>φησι,</span> <span class='ocrx_word' id='word_1_178' title='bbox 1792 2399 1881 2457; x_wconf 86' lang='grc' dir='ltr'><strong>καὶ</strong></span> <span class='ocrx_word' id='word_1_179' title='bbox 1931 2399 2017 2459; x_wconf 83' lang='grc' dir='ltr'><strong>διὰ</strong></span> 
     </span>
    </p>
   </div>
   <div class='ocr_carea' id='block_1_26' title="bbox 413 2483 2016 2566">
    <p class='ocr_par' dir='ltr' id='par_1_26' title="bbox 413 2483 2016 2566">
     <span class='ocr_line' id='line_1_26' title="bbox 413 2483 2016 2566; baseline 0.005 -26"><span class='ocrx_word' id='word_1_180' title='bbox 413 2488 506 2541; x_wconf 84' lang='grc' dir='ltr'><strong>τοῦ</strong></span> <span class='ocrx_word' id='word_1_181' title='bbox 557 2483 865 2561; x_wconf 78' lang='grc' dir='ltr'>βλέμματος</span> <span class='ocrx_word' id='word_1_182' title='bbox 911 2487 1320 2566; x_wconf 87' lang='grc' dir='ltr'>προσωνείδισεν</span> <span class='ocrx_word' id='word_1_183' title='bbox 1365 2490 1510 2566; x_wconf 82' lang='grc' dir='ltr'>αὐτῷ</span> <span class='ocrx_word' id='word_1_184' title='bbox 1560 2487 1659 2560; x_wconf 84' lang='grc' dir='ltr'><strong>τὴν</strong></span> <span class='ocrx_word' id='word_1_185' title='bbox 1713 2489 2016 2563; x_wconf 83' lang='grc' dir='ltr'>ἀσθένειαν,</span> 
     </span>
    </p>
   </div>
   <div class='ocr_carea' id='block_1_27' title="bbox 406 2573 2015 2657">
    <p class='ocr_par' dir='ltr' id='par_1_27' title="bbox 406 2573 2015 2657">
     <span class='ocr_line' id='line_1_27' title="bbox 406 2573 2015 2657; baseline 0.004 -26"><span class='ocrx_word' id='word_1_186' title='bbox 406 2573 498 2632; x_wconf 75' lang='grc' dir='ltr'><strong>καὶ</strong></span> <span class='ocrx_word' id='word_1_187' title='bbox 547 2576 621 2640; x_wconf 82' lang='grc' dir='ltr'>εἷς</span> <span class='ocrx_word' id='word_1_188' title='bbox 660 2573 1018 2650; x_wconf 83' lang='grc' dir='ltr'>μεταμέλειαν</span> <span class='ocrx_word' id='word_1_189' title='bbox 1071 2575 1164 2634; x_wconf 79' lang='grc' dir='ltr'><strong>καὶ</strong></span> <span class='ocrx_word' id='word_1_190' title='bbox 1207 2575 1411 2656; x_wconf 78' lang='grc' dir='ltr'>δάκρυα</span> <span class='ocrx_word' id='word_1_191' title='bbox 1465 2576 1695 2657; x_wconf 87' lang='grc' dir='ltr'>ἤγειρεν.</span> <span class='ocrx_word' id='word_1_192' title='bbox 1741 2573 1923 2657; x_wconf 68' lang='grc' dir='ltr'>⁶Οπερ</span> <span class='ocrx_word' id='word_1_193' title='bbox 1961 2579 2015 2639; x_wconf 79' lang='grc' dir='ltr'>δὲ</span> 
     </span>
    </p>
   </div>
   <div class='ocr_carea' id='block_1_28' title="bbox 407 2661 2018 2743">
    <p class='ocr_par' dir='ltr' id='par_1_28' title="bbox 407 2661 2018 2743">
     <span class='ocr_line' id='line_1_28' title="bbox 407 2661 2018 2743; baseline 0.004 -24"><span class='ocrx_word' id='word_1_194' title='bbox 407 2663 527 2720; x_wconf 77' lang='grc' dir='ltr'>τότε</span> <span class='ocrx_word' id='word_1_195' title='bbox 563 2661 773 2742; x_wconf 81' lang='grc' dir='ltr'>Πέτρος</span> <span class='ocrx_word' id='word_1_196' title='bbox 805 2663 1061 2738; x_wconf 79' lang='grc' dir='ltr'>πέπονθε,</span> <span class='ocrx_word' id='word_1_197' title='bbox 1092 2663 1186 2724; x_wconf 74' lang='grc' dir='ltr'><strong>καὶ</strong></span> <span class='ocrx_word' id='word_1_198' title='bbox 1217 2671 1305 2723; x_wconf 87' lang='grc' dir='ltr'><strong>νῦν</strong></span> <span class='ocrx_word' id='word_1_199' title='bbox 1337 2665 1593 2743; x_wconf 82' lang='grc' dir='ltr'>πάρεστιν</span> <span class='ocrx_word' id='word_1_200' title='bbox 1628 2669 1755 2726; x_wconf 80' lang='grc' dir='ltr'>ἰδεῖν</span> <span class='ocrx_word' id='word_1_201' title='bbox 1787 2667 2018 2737; x_wconf 82' lang='grc' dir='ltr'>πολλοὺς</span> 
     </span>
    </p>
   </div>
   <div class='ocr_carea' id='block_1_29' title="bbox 399 2753 2015 2837">
    <p class='ocr_par' dir='ltr' id='par_1_29' title="bbox 399 2753 2015 2837">
     <span class='ocr_line' id='line_1_29' title="bbox 399 2753 2015 2837; baseline 0.006 -29"><span class='ocrx_word' id='word_1_202' title='bbox 399 2756 564 2826; x_wconf 75' lang='grc' dir='ltr'>ἡμῶν</span> <span class='ocrx_word' id='word_1_203' title='bbox 611 2753 941 2837; x_wconf 57' lang='grc' dir='ltr'><strong>πάσχονταςἶ</strong></span> <span class='ocrx_word' id='word_1_204' title='bbox 992 2759 1288 2831; x_wconf 86' lang='grc' dir='ltr'>Δεσμεῖται</span> <span class='ocrx_word' id='word_1_205' title='bbox 1362 2755 1463 2833; x_wconf 82' lang='grc' dir='ltr'><strong>γὰρ</strong></span> <span class='ocrx_word' id='word_1_206' title='bbox 1518 2759 1547 2814; x_wconf 92' lang='lat'><strong>6</strong></span> <span class='ocrx_word' id='word_1_207' title='bbox 1597 2759 1652 2815; x_wconf 84' lang='grc' dir='ltr'>ἐν</span> <span class='ocrx_word' id='word_1_208' title='bbox 1691 2760 1821 2833; x_wconf 86' lang='grc' dir='ltr'>ἡμῖν</span> <span class='ocrx_word' id='word_1_209' title='bbox 1864 2757 2015 2837; x_wconf 86' lang='grc' dir='ltr'>λόγος</span> 
     </span>
    </p>
   </div>
   <div class='ocr_carea' id='block_1_30' title="bbox 405 2833 2014 2924">
    <p class='ocr_par' dir='ltr' id='par_1_30' title="bbox 405 2833 2014 2924">
     <span class='ocr_line' id='line_1_30' title="bbox 405 2833 2014 2924; baseline 0.002 -24"><span class='ocrx_word' id='word_1_210' title='bbox 405 2848 499 2900; x_wconf 83' lang='grc' dir='ltr'><strong>τοῦ</strong></span> <span class='ocrx_word' id='word_1_211' title='bbox 529 2843 711 2917; x_wconf 84' lang='grc' dir='ltr'>Θεοῦ,</span> <span class='ocrx_word' id='word_1_212' title='bbox 754 2843 846 2900; x_wconf 79' lang='grc' dir='ltr'><strong>καὶ</strong></span> <span class='ocrx_word' id='word_1_213' title='bbox 887 2833 994 2902; x_wconf 73' lang='grc' dir='ltr'>οῖον</span> <span class='ocrx_word' id='word_1_214' title='bbox 1027 2844 1518 2923; x_wconf 80' lang='grc' dir='ltr'>αἰχμαλωτίζεται,</span> <span class='ocrx_word' id='word_1_215' title='bbox 1547 2844 1653 2905; x_wconf 82' lang='grc' dir='ltr'>εἴτε</span> <span class='ocrx_word' id='word_1_216' title='bbox 1681 2846 1785 2905; x_wconf 79' lang='grc' dir='ltr'><strong>ὑπὸ</strong></span> <span class='ocrx_word' id='word_1_217' title='bbox 1815 2845 2014 2924; x_wconf 82' lang='grc' dir='ltr'>λύπης,</span> 
     </span>
    </p>
   </div>
   <div class='ocr_carea' id='block_1_31' title="bbox 406 2931 2010 3015">
    <p class='ocr_par' dir='ltr' id='par_1_31' title="bbox 406 2931 2010 3015">
     <span class='ocr_line' id='line_1_31' title="bbox 406 2931 2010 3015; baseline 0.004 -24"><span class='ocrx_word' id='word_1_218' title='bbox 406 2931 512 2991; x_wconf 78' lang='grc' dir='ltr'>εἴτε</span> <span class='ocrx_word' id='word_1_219' title='bbox 575 2931 680 2990; x_wconf 76' lang='grc' dir='ltr'><strong>ὑπὸ</strong></span> <span class='ocrx_word' id='word_1_220' title='bbox 734 2932 927 3003; x_wconf 80' lang='grc' dir='ltr'>ἡδονῆς</span> <span class='ocrx_word' id='word_1_221' title='bbox 978 2931 1563 3012; x_wconf 75' lang='grc' dir='ltr'>ἐξανδραποδιζόμενος.</span> <span class='ocrx_word' id='word_1_222' title='bbox 1617 2934 2010 3015; x_wconf 68' lang='grc' dir='ltr'>Ἀμφοτέρωθεν</span> 
     </span>
    </p>
   </div>
   <div class='ocr_carea' id='block_1_32' title="bbox 402 3020 2011 3102">
    <p class='ocr_par' dir='ltr' id='par_1_32' title="bbox 402 3020 2011 3102">
     <span class='ocr_line' id='line_1_32' title="bbox 402 3020 2011 3102; baseline 0.004 -23"><span class='ocrx_word' id='word_1_223' title='bbox 402 3022 509 3102; x_wconf 80' lang='grc' dir='ltr'><strong>γὰρ</strong></span> <span class='ocrx_word' id='word_1_224' title='bbox 549 3020 922 3097; x_wconf 83' lang='grc' dir='ltr'>δεσμευόμεθοί</span> <span class='ocrx_word' id='word_1_225' title='bbox 957 3047 1013 3081; x_wconf 91' lang='grc' dir='ltr'><strong>τε</strong></span> <span class='ocrx_word' id='word_1_226' title='bbox 1042 3023 1134 3082; x_wconf 87' lang='grc' dir='ltr'><strong>καὶ</strong></span> <span class='ocrx_word' id='word_1_227' title='bbox 1171 3021 1519 3101; x_wconf 87' lang='grc' dir='ltr'>ἀπαγόμεθα,</span> <span class='ocrx_word' id='word_1_228' title='bbox 1561 3021 1596 3095; x_wconf 77' lang='grc' dir='ltr'>ἢ</span> <span class='ocrx_word' id='word_1_229' title='bbox 1629 3024 1732 3083; x_wconf 77' lang='grc' dir='ltr'><strong>ὑπὸ</strong></span> <span class='ocrx_word' id='word_1_230' title='bbox 1777 3029 1883 3084; x_wconf 80' lang='grc' dir='ltr'><strong>τῶν</strong></span> <span class='ocrx_word' id='word_1_231' title='bbox 1919 3031 2011 3086; x_wconf 86' lang='grc' dir='ltr'><strong>τοῦ</strong></span> 
     </span>
    </p>
   </div>
   <div class='ocr_carea' id='block_1_33' title="bbox 404 3111 2010 3193">
    <p class='ocr_par' dir='ltr' id='par_1_33' title="bbox 404 3111 2010 3193">
     <span class='ocr_line' id='line_1_33' title="bbox 404 3111 2010 3193; baseline 0.004 -25"><span class='ocrx_word' id='word_1_232' title='bbox 404 3111 612 3186; x_wconf 78' lang='grc' dir='ltr'>κόσμου</span> <span class='ocrx_word' id='word_1_233' title='bbox 638 3111 843 3184; x_wconf 79' lang='grc' dir='ltr'>ἡδέων,</span> <span class='ocrx_word' id='word_1_234' title='bbox 874 3111 910 3183; x_wconf 83' lang='grc' dir='ltr'><strong>ἧ</strong></span> <span class='ocrx_word' id='word_1_235' title='bbox 933 3112 1038 3170; x_wconf 79' lang='grc' dir='ltr'><strong>ὕπὸ</strong></span> <span class='ocrx_word' id='word_1_236' title='bbox 1063 3117 1169 3172; x_wconf 86' lang='grc' dir='ltr'><strong>τῶν</strong></span> <span class='ocrx_word' id='word_1_237' title='bbox 1193 3115 1444 3193; x_wconf 79' lang='grc' dir='ltr'>λυπηρῶν</span> <span class='ocrx_word' id='word_1_238' title='bbox 1467 3159 1478 3181; x_wconf 82' lang='grc'><strong>,</strong></span> <span class='ocrx_word' id='word_1_239' title='bbox 1505 3118 1597 3172; x_wconf 86' lang='grc' dir='ltr'><strong>τοῦ</strong></span> <span class='ocrx_word' id='word_1_240' title='bbox 1623 3118 1768 3177; x_wconf 87' lang='grc' dir='ltr'>Θεοῦ</span> <span class='ocrx_word' id='word_1_241' title='bbox 1795 3117 2010 3174; x_wconf 82' lang='grc' dir='ltr'>ἐπιλαν-</span> 
     </span>
    </p>
   </div>
   <div class='ocr_carea' id='block_1_34' title="bbox 2137 689 3735 766">
    <p class='ocr_par' dir='ltr' id='par_1_34' title="bbox 2137 689 3735 766">
     <span class='ocr_line' id='line_1_34' title="bbox 2137 689 3735 766; baseline 0.003 -20"><span class='ocrx_word' id='word_1_242' title='bbox 2137 690 2292 747; x_wconf 87' lang='lat' dir='ltr'><strong>Dicit</strong></span> <span class='ocrx_word' id='word_1_243' title='bbox 2331 691 2381 747; x_wconf 89' lang='lat' dir='ltr'><strong>ei</strong></span> <span class='ocrx_word' id='word_1_244' title='bbox 2425 705 2570 747; x_wconf 92' lang='lat' dir='ltr'><strong>unus</strong></span> <span class='ocrx_word' id='word_1_245' title='bbox 2611 706 2679 746; x_wconf 85' lang='lat' dir='ltr'><strong>ex</strong></span> <span class='ocrx_word' id='word_1_246' title='bbox 2732 690 2900 746; x_wconf 87' lang='lat' dir='ltr'><strong>servis</strong></span> <span class='ocrx_word' id='word_1_247' title='bbox 2943 689 3241 762; x_wconf 90' lang='lat' dir='ltr'><strong>pontiﬁcis,</strong></span> <span class='ocrx_word' id='word_1_248' title='bbox 3290 701 3558 764; x_wconf 88' lang='lat' dir='ltr'><strong>cognatus</strong></span> <span class='ocrx_word' id='word_1_249' title='bbox 3612 693 3735 766; x_wconf 83' lang='lat' dir='ltr'><strong>ejus</strong></span> 
     </span>
    </p>
   </div>
   <div class='ocr_carea' id='block_1_35' title="bbox 2132 779 3736 854">
    <p class='ocr_par' dir='ltr' id='par_1_35' title="bbox 2132 779 3736 854">
     <span class='ocr_line' id='line_1_35' title="bbox 2132 779 3736 854; baseline 0.003 -20"><span class='ocrx_word' id='word_1_250' title='bbox 2132 780 2290 851; x_wconf 77' lang='lat' dir='ltr'><strong>cuius</strong></span> <span class='ocrx_word' id='word_1_251' title='bbox 2318 780 2627 837; x_wconf 86' lang='lat' dir='ltr'><strong>absciderat</strong></span> <span class='ocrx_word' id='word_1_252' title='bbox 2666 783 2858 836; x_wconf 82' lang='lat' dir='ltr'><strong>Petrus</strong></span> <span class='ocrx_word' id='word_1_253' title='bbox 2908 779 3216 836; x_wconf 89' lang='lat' dir='ltr'><strong>auriculam</strong></span> <span class='ocrx_word' id='word_1_254' title='bbox 3263 797 3275 835; x_wconf 92' lang='lat'><strong>:</strong></span> <span class='ocrx_word' id='word_1_255' title='bbox 3321 783 3523 837; x_wconf 86' lang='lat' dir='ltr'><strong>Nonne</strong></span> <span class='ocrx_word' id='word_1_256' title='bbox 3551 797 3652 854; x_wconf 86' lang='lat' dir='ltr'><strong>ego</strong></span> <span class='ocrx_word' id='word_1_257' title='bbox 3681 792 3736 840; x_wconf 89' lang='lat' dir='ltr'><strong>te</strong></span> 
     </span>
    </p>
   </div>
   <div class='ocr_carea' id='block_1_36' title="bbox 2131 868 3732 943">
    <p class='ocr_par' dir='ltr' id='par_1_36' title="bbox 2131 868 3732 943">
     <span class='ocr_line' id='line_1_36' title="bbox 2131 868 3732 943; baseline 0.001 -19"><span class='ocrx_word' id='word_1_258' title='bbox 2131 868 2242 926; x_wconf 90' lang='lat' dir='ltr'><strong>vidi</strong></span> <span class='ocrx_word' id='word_1_259' title='bbox 2264 870 2316 925; x_wconf 91' lang='lat' dir='ltr'><strong>in</strong></span> <span class='ocrx_word' id='word_1_260' title='bbox 2345 870 2510 927; x_wconf 91' lang='lat' dir='ltr'><strong>horto</strong></span> <span class='ocrx_word' id='word_1_261' title='bbox 2540 886 2670 926; x_wconf 91' lang='lat' dir='ltr'><strong>cum</strong></span> <span class='ocrx_word' id='word_1_262' title='bbox 2708 869 2837 925; x_wconf 84' lang='lat' dir='ltr'><strong>illo?</strong></span> <span class='ocrx_word' id='word_1_263' title='bbox 2872 872 3085 925; x_wconf 87' lang='lat' dir='ltr'><strong>Iterum</strong></span> <span class='ocrx_word' id='word_1_264' title='bbox 3109 885 3241 941; x_wconf 90' lang='lat' dir='ltr'><strong>ergo</strong></span> <span class='ocrx_word' id='word_1_265' title='bbox 3271 869 3487 943; x_wconf 85' lang='lat' dir='ltr'><strong>negavit</strong></span> <span class='ocrx_word' id='word_1_266' title='bbox 3513 873 3732 938; x_wconf 87' lang='lat' dir='ltr'><strong>Petrus,</strong></span> 
     </span>
    </p>
   </div>
   <div class='ocr_carea' id='block_1_37' title="bbox 2133 957 3734 1033">
    <p class='ocr_par' dir='ltr' id='par_1_37' title="bbox 2133 957 3734 1033">
     <span class='ocr_line' id='line_1_37' title="bbox 2133 957 3734 1033; baseline -0.001 -16"><span class='ocrx_word' id='word_1_267' title='bbox 2133 968 2189 1017; x_wconf 89' lang='lat' dir='ltr'><strong>et</strong></span> <span class='ocrx_word' id='word_1_268' title='bbox 2211 959 2404 1016; x_wconf 86' lang='lat' dir='ltr'><strong>statim</strong></span> <span class='ocrx_word' id='word_1_269' title='bbox 2432 960 2607 1033; x_wconf 88' lang='lat' dir='ltr'><strong>gallus</strong></span> <span class='ocrx_word' id='word_1_270' title='bbox 2647 959 2868 1015; x_wconf 88' lang='lat' dir='ltr'><strong>cecinit.</strong></span> <span class='ocrx_word' id='word_1_271' title='bbox 2918 981 2945 1007; x_wconf 73' lang='grc' dir='ltr'><strong>ι</strong></span> <span class='ocrx_word' id='word_1_272' title='bbox 2978 957 3281 1014; x_wconf 87' lang='lat' dir='ltr'><strong>Abducunt</strong></span> <span class='ocrx_word' id='word_1_273' title='bbox 3329 974 3460 1015; x_wconf 88' lang='lat' dir='ltr'><strong>eum</strong></span> <span class='ocrx_word' id='word_1_274' title='bbox 3499 960 3572 1016; x_wconf 90' lang='lat' dir='ltr'><strong>ad</strong></span> <span class='ocrx_word' id='word_1_275' title='bbox 3605 960 3734 1016; x_wconf 88' lang='lat' dir='ltr'><strong>Cai-</strong></span> 
     </span>
    </p>
   </div>
   <div class='ocr_carea' id='block_1_38' title="bbox 2132 1052 3734 1127">
    <p class='ocr_par' dir='ltr' id='par_1_38' title="bbox 2132 1052 3734 1127">
     <span class='ocr_line' id='line_1_38' title="bbox 2132 1052 3734 1127; baseline 0.001 -17"><span class='ocrx_word' id='word_1_276' title='bbox 2132 1054 2320 1126; x_wconf 91' lang='lat' dir='ltr'><strong>pham,</strong></span> <span class='ocrx_word' id='word_1_277' title='bbox 2351 1070 2416 1112; x_wconf 90' lang='lat' dir='ltr'><strong>eo</strong></span> <span class='ocrx_word' id='word_1_278' title='bbox 2442 1054 2592 1127; x_wconf 89' lang='lat' dir='ltr'><strong>quod</strong></span> <span class='ocrx_word' id='word_1_279' title='bbox 2621 1054 2720 1126; x_wconf 90' lang='lat' dir='ltr'><strong>ipsi</strong></span> <span class='ocrx_word' id='word_1_280' title='bbox 2765 1053 2986 1109; x_wconf 90' lang='lat' dir='ltr'><strong>nullum</strong></span> <span class='ocrx_word' id='word_1_281' title='bbox 3033 1052 3248 1109; x_wconf 87' lang='lat' dir='ltr'><strong>crimen</strong></span> <span class='ocrx_word' id='word_1_282' title='bbox 3277 1053 3636 1110; x_wconf 84' lang='lat' dir='ltr'><strong>inveniebant</strong></span> <span class='ocrx_word' id='word_1_283' title='bbox 3679 1055 3734 1111; x_wconf 91' lang='lat' dir='ltr'><strong>in</strong></span> 
     </span>
    </p>
   </div>
   <div class='ocr_carea' id='block_1_39' title="bbox 2131 1141 3736 1214">
    <p class='ocr_par' dir='ltr' id='par_1_39' title="bbox 2131 1141 3736 1214">
     <span class='ocr_line' id='line_1_39' title="bbox 2131 1141 3736 1214; baseline 0.001 -16"><span class='ocrx_word' id='word_1_284' title='bbox 2131 1157 2218 1212; x_wconf 90' lang='lat' dir='ltr'><strong>eo,</strong></span> <span class='ocrx_word' id='word_1_285' title='bbox 2252 1143 2504 1200; x_wconf 84' lang='lat' dir='ltr'><strong>fortassis</strong></span> <span class='ocrx_word' id='word_1_286' title='bbox 2540 1141 2794 1214; x_wconf 87' lang='lat' dir='ltr'><strong>suspicati</strong></span> <span class='ocrx_word' id='word_1_287' title='bbox 2835 1141 2995 1198; x_wconf 91' lang='lat' dir='ltr'><strong>illum</strong></span> <span class='ocrx_word' id='word_1_288' title='bbox 3049 1142 3436 1214; x_wconf 87' lang='lat' dir='ltr'><strong>sapientiorem</strong></span> <span class='ocrx_word' id='word_1_289' title='bbox 3485 1143 3736 1200; x_wconf 89' lang='lat' dir='ltr'><strong>inventu-</strong></span> 
     </span>
    </p>
   </div>
   <div class='ocr_carea' id='block_1_40' title="bbox 2130 1232 3731 1305">
    <p class='ocr_par' dir='ltr' id='par_1_40' title="bbox 2130 1232 3731 1305">
     <span class='ocr_line' id='line_1_40' title="bbox 2130 1232 3731 1305; baseline 0.001 -17"><span class='ocrx_word' id='word_1_290' title='bbox 2130 1248 2256 1290; x_wconf 89' lang='lat' dir='ltr'><strong>rum</strong></span> <span class='ocrx_word' id='word_1_291' title='bbox 2279 1232 2482 1305; x_wconf 90' lang='lat' dir='ltr'><strong>aliquid</strong></span> <span class='ocrx_word' id='word_1_292' title='bbox 2511 1232 2741 1304; x_wconf 83' lang='lat' dir='ltr'><strong>dignum</strong></span> <span class='ocrx_word' id='word_1_293' title='bbox 2788 1240 2971 1288; x_wconf 88' lang='lat' dir='ltr'><strong>morte</strong></span> <span class='ocrx_word' id='word_1_294' title='bbox 2997 1239 3188 1288; x_wconf 89' lang='lat' dir='ltr'><strong>contra</strong></span> <span class='ocrx_word' id='word_1_295' title='bbox 3217 1232 3428 1300; x_wconf 89' lang='lat' dir='ltr'><strong>Jesum,</strong></span> <span class='ocrx_word' id='word_1_296' title='bbox 3468 1232 3731 1305; x_wconf 89' lang='lat' dir='ltr'><strong>supplan-</strong></span> 
     </span>
    </p>
   </div>
   <div class='ocr_carea' id='block_1_41' title="bbox 2129 1321 3738 1394">
    <p class='ocr_par' dir='ltr' id='par_1_41' title="bbox 2129 1321 3738 1394">
     <span class='ocr_line' id='line_1_41' title="bbox 2129 1321 3738 1394; baseline 0 -15"><span class='ocrx_word' id='word_1_297' title='bbox 2129 1331 2340 1380; x_wconf 92' lang='lat' dir='ltr'><strong>tantem</strong></span> <span class='ocrx_word' id='word_1_298' title='bbox 2391 1323 2475 1378; x_wconf 86' lang='lat' dir='ltr'><strong>vel</strong></span> <span class='ocrx_word' id='word_1_299' title='bbox 2546 1323 2604 1378; x_wconf 91' lang='lat' dir='ltr'><strong>in</strong></span> <span class='ocrx_word' id='word_1_300' title='bbox 2653 1336 2943 1394; x_wconf 88' lang='lat' dir='ltr'><strong>responso,</strong></span> <span class='ocrx_word' id='word_1_301' title='bbox 2995 1322 3076 1377; x_wconf 87' lang='lat' dir='ltr'><strong>vel</strong></span> <span class='ocrx_word' id='word_1_302' title='bbox 3134 1321 3609 1393; x_wconf 89' lang='lat' dir='ltr'><strong>deprehensurum</strong></span> <span class='ocrx_word' id='word_1_303' title='bbox 3680 1323 3738 1379; x_wconf 92' lang='lat' dir='ltr'><strong>in</strong></span> 
     </span>
    </p>
   </div>
   <div class='ocr_carea' id='block_1_42' title="bbox 2128 1411 3732 1486">
    <p class='ocr_par' dir='ltr' id='par_1_42' title="bbox 2128 1411 3732 1486">
     <span class='ocr_line' id='line_1_42' title="bbox 2128 1411 3732 1486; baseline 0.001 -17"><span class='ocrx_word' id='word_1_304' title='bbox 2128 1414 2308 1486; x_wconf 91' lang='lat' dir='ltr'><strong>aliquo</strong></span> <span class='ocrx_word' id='word_1_305' title='bbox 2351 1412 2615 1470; x_wconf 87' lang='lat' dir='ltr'><strong>facinore.</strong></span> <span class='ocrx_word' id='word_1_306' title='bbox 2665 1415 2741 1469; x_wconf 80' lang='lat' dir='ltr'><strong>At</strong></span> <span class='ocrx_word' id='word_1_307' title='bbox 2785 1416 2979 1470; x_wconf 85' lang='lat' dir='ltr'><strong>Petrus</strong></span> <span class='ocrx_word' id='word_1_308' title='bbox 3006 1411 3253 1469; x_wconf 85' lang='lat' dir='ltr'><strong>fervidus</strong></span> <span class='ocrx_word' id='word_1_309' title='bbox 3309 1421 3526 1470; x_wconf 88' lang='lat' dir='ltr'><strong>amator</strong></span> <span class='ocrx_word' id='word_1_310' title='bbox 3573 1421 3732 1470; x_wconf 90' lang='lat' dir='ltr'><strong>tanto</strong></span> 
     </span>
    </p>
   </div>
   <div class='ocr_carea' id='block_1_43' title="bbox 2128 1503 3732 1576">
    <p class='ocr_par' dir='ltr' id='par_1_43' title="bbox 2128 1503 3732 1576">
     <span class='ocr_line' id='line_1_43' title="bbox 2128 1503 3732 1576; baseline 0.001 -17"><span class='ocrx_word' id='word_1_311' title='bbox 2128 1513 2353 1576; x_wconf 87' lang='lat' dir='ltr'><strong>stupore</strong></span> <span class='ocrx_word' id='word_1_312' title='bbox 2378 1503 2744 1573; x_wconf 86' lang='lat' dir='ltr'><strong>detinebatur,</strong></span> <span class='ocrx_word' id='word_1_313' title='bbox 2773 1511 2837 1560; x_wconf 90' lang='lat' dir='ltr'><strong>ut</strong></span> <span class='ocrx_word' id='word_1_314' title='bbox 2867 1504 3038 1560; x_wconf 88' lang='lat' dir='ltr'><strong>etiam</strong></span> <span class='ocrx_word' id='word_1_315' title='bbox 3083 1519 3213 1560; x_wconf 91' lang='lat' dir='ltr'><strong>cum</strong></span> <span class='ocrx_word' id='word_1_316' title='bbox 3261 1504 3520 1576; x_wconf 87' lang='lat' dir='ltr'><strong>magister</strong></span> <span class='ocrx_word' id='word_1_317' title='bbox 3547 1503 3732 1561; x_wconf 88' lang='lat' dir='ltr'><strong>abdu-</strong></span> 
     </span>
    </p>
   </div>
   <div class='ocr_carea' id='block_1_44' title="bbox 2127 1592 3729 1663">
    <p class='ocr_par' dir='ltr' id='par_1_44' title="bbox 2127 1592 3729 1663">
     <span class='ocr_line' id='line_1_44' title="bbox 2127 1592 3729 1663; baseline 0.001 -13"><span class='ocrx_word' id='word_1_318' title='bbox 2127 1606 2363 1663; x_wconf 89' lang='lat' dir='ltr'><strong>ceretur,</strong></span> <span class='ocrx_word' id='word_1_319' title='bbox 2394 1611 2510 1650; x_wconf 92' lang='lat' dir='ltr'><strong>non</strong></span> <span class='ocrx_word' id='word_1_320' title='bbox 2538 1603 2854 1651; x_wconf 90' lang='lat' dir='ltr'><strong>commotus</strong></span> <span class='ocrx_word' id='word_1_321' title='bbox 2874 1595 2967 1662; x_wconf 90' lang='lat' dir='ltr'><strong>sit,</strong></span> <span class='ocrx_word' id='word_1_322' title='bbox 2982 1593 3082 1652; x_wconf 90' lang='lat' dir='ltr'><strong>sed</strong></span> <span class='ocrx_word' id='word_1_323' title='bbox 3110 1593 3292 1650; x_wconf 90' lang='lat' dir='ltr'><strong>adhuc</strong></span> <span class='ocrx_word' id='word_1_324' title='bbox 3317 1616 3340 1641; x_wconf 77' lang='grc' dir='ltr'><strong>α</strong></span> <span class='ocrx_word' id='word_1_325' title='bbox 3365 1592 3729 1651; x_wconf 88' lang='lat' dir='ltr'><strong>calefaciebat</strong></span> 
     </span>
    </p>
   </div>
   <div class='ocr_carea' id='block_1_45' title="bbox 2128 1684 3726 1756">
    <p class='ocr_par' dir='ltr' id='par_1_45' title="bbox 2128 1684 3726 1756">
     <span class='ocr_line' id='line_1_45' title="bbox 2128 1684 3726 1756; baseline 0 -16"><span class='ocrx_word' id='word_1_326' title='bbox 2128 1700 2205 1750; x_wconf 88' lang='lat' dir='ltr'><strong>se,</strong></span> <span class='ocrx_word' id='word_1_327' title='bbox 2257 1708 2283 1733; x_wconf 73' lang='grc' dir='ltr'>ιο</span> <span class='ocrx_word' id='word_1_328' title='bbox 2339 1684 2413 1741; x_wconf 86' lang='lat' dir='ltr'><strong>ita</strong></span> <span class='ocrx_word' id='word_1_329' title='bbox 2457 1693 2521 1740; x_wconf 91' lang='lat' dir='ltr'><strong>ut</strong></span> <span class='ocrx_word' id='word_1_330' title='bbox 2571 1684 2772 1740; x_wconf 88' lang='lat' dir='ltr'><strong>iterum</strong></span> <span class='ocrx_word' id='word_1_331' title='bbox 2831 1685 3206 1756; x_wconf 89' lang='lat' dir='ltr'><strong>interrogatus</strong></span> <span class='ocrx_word' id='word_1_332' title='bbox 3255 1691 3440 1755; x_wconf 83' lang='lat' dir='ltr'><strong>neget,</strong></span> <span class='ocrx_word' id='word_1_333' title='bbox 3508 1692 3567 1740; x_wconf 91' lang='lat' dir='ltr'><strong>et</strong></span> <span class='ocrx_word' id='word_1_334' title='bbox 3611 1699 3726 1740; x_wconf 90' lang='lat' dir='ltr'><strong>non</strong></span> 
     </span>
    </p>
   </div>
   <div class='ocr_carea' id='block_1_46' title="bbox 2126 1773 3732 1846">
    <p class='ocr_par' dir='ltr' id='par_1_46' title="bbox 2126 1773 3732 1846">
     <span class='ocr_line' id='line_1_46' title="bbox 2126 1773 3732 1846; baseline 0.001 -16"><span class='ocrx_word' id='word_1_335' title='bbox 2126 1775 2307 1831; x_wconf 88' lang='lat' dir='ltr'><strong>solum</strong></span> <span class='ocrx_word' id='word_1_336' title='bbox 2336 1774 2603 1841; x_wconf 90' lang='lat' dir='ltr'><strong>secundo,</strong></span> <span class='ocrx_word' id='word_1_337' title='bbox 2634 1773 2729 1829; x_wconf 89' lang='lat' dir='ltr'><strong>sed</strong></span> <span class='ocrx_word' id='word_1_338' title='bbox 2757 1781 2814 1829; x_wconf 90' lang='lat' dir='ltr'><strong>et</strong></span> <span class='ocrx_word' id='word_1_339' title='bbox 2840 1773 3027 1829; x_wconf 89' lang='lat' dir='ltr'><strong>tertio.</strong></span> <span class='ocrx_word' id='word_1_340' title='bbox 3059 1774 3244 1843; x_wconf 88' lang='lat' dir='ltr'><strong>Quare</strong></span> <span class='ocrx_word' id='word_1_341' title='bbox 3278 1781 3465 1829; x_wconf 88' lang='lat' dir='ltr'><strong>autem</strong></span> <span class='ocrx_word' id='word_1_342' title='bbox 3496 1789 3732 1846; x_wconf 88' lang='lat' dir='ltr'><strong>evange-</strong></span> 
     </span>
    </p>
   </div>
   <div class='ocr_carea' id='block_1_47' title="bbox 2129 1862 3732 1934">
    <p class='ocr_par' dir='ltr' id='par_1_47' title="bbox 2129 1862 3732 1934">
     <span class='ocr_line' id='line_1_47' title="bbox 2129 1862 3732 1934; baseline 0.002 -16"><span class='ocrx_word' id='word_1_343' title='bbox 2129 1863 2264 1921; x_wconf 77' lang='lat' dir='ltr'><strong>listae</strong></span> <span class='ocrx_word' id='word_1_344' title='bbox 2301 1879 2496 1921; x_wconf 91' lang='lat' dir='ltr'><strong>omnes</strong></span> <span class='ocrx_word' id='word_1_345' title='bbox 2524 1863 2688 1920; x_wconf 91' lang='lat' dir='ltr'><strong>simul</strong></span> <span class='ocrx_word' id='word_1_346' title='bbox 2719 1862 2786 1919; x_wconf 93' lang='lat' dir='ltr'><strong>de</strong></span> <span class='ocrx_word' id='word_1_347' title='bbox 2814 1866 2976 1919; x_wconf 90' lang='lat' dir='ltr'><strong>Petro</strong></span> <span class='ocrx_word' id='word_1_348' title='bbox 3019 1863 3386 1934; x_wconf 83' lang='lat' dir='ltr'><strong>scripserunt?</strong></span> <span class='ocrx_word' id='word_1_349' title='bbox 3413 1865 3536 1920; x_wconf 87' lang='lat' dir='ltr'><strong>Non</strong></span> <span class='ocrx_word' id='word_1_350' title='bbox 3569 1879 3732 1921; x_wconf 90' lang='lat' dir='ltr'><strong>accu-</strong></span> 
     </span>
    </p>
   </div>
   <div class='ocr_carea' id='block_1_48' title="bbox 2048 1945 3732 2024">
    <p class='ocr_par' dir='ltr' id='par_1_48' title="bbox 2048 1945 3732 2024">
     <span class='ocr_line' id='line_1_48' title="bbox 2048 1945 3732 2024; baseline 0.001 -16"><span class='ocrx_word' id='word_1_351' title='bbox 2048 1945 2097 2008; x_wconf 92' lang='lat' dir='ltr'><strong>B</strong></span> <span class='ocrx_word' id='word_1_352' title='bbox 2131 1961 2313 2010; x_wconf 89' lang='lat' dir='ltr'><strong>santes</strong></span> <span class='ocrx_word' id='word_1_353' title='bbox 2377 1952 2730 2024; x_wconf 89' lang='lat' dir='ltr'><strong>discipulum,</strong></span> <span class='ocrx_word' id='word_1_354' title='bbox 2787 1951 2884 2009; x_wconf 89' lang='lat' dir='ltr'><strong>sed</strong></span> <span class='ocrx_word' id='word_1_355' title='bbox 2929 1969 3031 2009; x_wconf 91' lang='lat' dir='ltr'><strong>nos</strong></span> <span class='ocrx_word' id='word_1_356' title='bbox 3101 1951 3414 2009; x_wconf 87' lang='lat' dir='ltr'><strong>erudientes</strong></span> <span class='ocrx_word' id='word_1_357' title='bbox 3463 1962 3732 2024; x_wconf 88' lang='lat' dir='ltr'><strong>quantum</strong></span> 
     </span>
    </p>
   </div>
   <div class='ocr_carea' id='block_1_49' title="bbox 2131 2040 3729 2114">
    <p class='ocr_par' dir='ltr' id='par_1_49' title="bbox 2131 2040 3729 2114">
     <span class='ocr_line' id='line_1_49' title="bbox 2131 2040 3729 2114; baseline -0.001 -14"><span class='ocrx_word' id='word_1_358' title='bbox 2131 2045 2346 2100; x_wconf 91' lang='lat' dir='ltr'><strong>malum</strong></span> <span class='ocrx_word' id='word_1_359' title='bbox 2397 2043 2471 2098; x_wconf 91' lang='lat' dir='ltr'><strong>sit</strong></span> <span class='ocrx_word' id='word_1_360' title='bbox 2497 2057 2612 2097; x_wconf 90' lang='lat' dir='ltr'><strong>non</strong></span> <span class='ocrx_word' id='word_1_361' title='bbox 2639 2049 2822 2098; x_wconf 89' lang='lat' dir='ltr'><strong>totum</strong></span> <span class='ocrx_word' id='word_1_362' title='bbox 2853 2041 3093 2098; x_wconf 90' lang='lat' dir='ltr'><strong>tribuere</strong></span> <span class='ocrx_word' id='word_1_363' title='bbox 3116 2044 3257 2109; x_wconf 86' lang='lat' dir='ltr'><strong>Deo,</strong></span> <span class='ocrx_word' id='word_1_364' title='bbox 3306 2040 3406 2097; x_wconf 89' lang='lat' dir='ltr'><strong>sed</strong></span> <span class='ocrx_word' id='word_1_365' title='bbox 3451 2042 3507 2097; x_wconf 90' lang='lat' dir='ltr'><strong>in</strong></span> <span class='ocrx_word' id='word_1_366' title='bbox 3546 2042 3729 2114; x_wconf 91' lang='lat' dir='ltr'><strong>seipso</strong></span> 
     </span>
    </p>
   </div>
   <div class='ocr_carea' id='block_1_50' title="bbox 2128 2129 3734 2190">
    <p class='ocr_par' dir='ltr' id='par_1_50' title="bbox 2128 2129 3734 2190">
     <span class='ocr_line' id='line_1_50' title="bbox 2128 2129 3734 2190; baseline -0.002 -1"><span class='ocrx_word' id='word_1_367' title='bbox 2128 2132 2426 2190; x_wconf 86' lang='lat' dir='ltr'><strong>conﬁdere.</strong></span> <span class='ocrx_word' id='word_1_368' title='bbox 2471 2129 2752 2186; x_wconf 82' lang='lat' dir='ltr'><strong>Admirari</strong></span> <span class='ocrx_word' id='word_1_369' title='bbox 2815 2139 3000 2187; x_wconf 89' lang='lat' dir='ltr'><strong>autem</strong></span> <span class='ocrx_word' id='word_1_370' title='bbox 3043 2130 3202 2186; x_wconf 90' lang='lat' dir='ltr'><strong>decet</strong></span> <span class='ocrx_word' id='word_1_371' title='bbox 3245 2129 3474 2186; x_wconf 92' lang='lat' dir='ltr'><strong>Domini</strong></span> <span class='ocrx_word' id='word_1_372' title='bbox 3513 2130 3734 2187; x_wconf 88' lang='lat' dir='ltr'><strong>miseri-</strong></span> 
     </span>
    </p>
   </div>
   <div class='ocr_carea' id='block_1_51' title="bbox 2127 2218 3731 2293">
    <p class='ocr_par' dir='ltr' id='par_1_51' title="bbox 2127 2218 3731 2293">
     <span class='ocr_line' id='line_1_51' title="bbox 2127 2218 3731 2293; baseline -0.001 -15"><span class='ocrx_word' id='word_1_373' title='bbox 2127 2221 2397 2289; x_wconf 89' lang='lat' dir='ltr'><strong>cordiam,</strong></span> <span class='ocrx_word' id='word_1_374' title='bbox 2427 2221 2521 2292; x_wconf 89' lang='lat' dir='ltr'><strong>qui</strong></span> <span class='ocrx_word' id='word_1_375' title='bbox 2549 2236 2676 2277; x_wconf 89' lang='lat' dir='ltr'><strong>cum</strong></span> <span class='ocrx_word' id='word_1_376' title='bbox 2707 2220 2906 2293; x_wconf 85' lang='lat' dir='ltr'><strong>ligatus</strong></span> <span class='ocrx_word' id='word_1_377' title='bbox 2935 2229 3082 2278; x_wconf 85' lang='lat' dir='ltr'><strong>esset</strong></span> <span class='ocrx_word' id='word_1_378' title='bbox 3109 2228 3164 2275; x_wconf 92' lang='lat' dir='ltr'><strong>et</strong></span> <span class='ocrx_word' id='word_1_379' title='bbox 3188 2218 3572 2286; x_wconf 88' lang='lat' dir='ltr'><strong>abduceretur,</strong></span> <span class='ocrx_word' id='word_1_380' title='bbox 3614 2236 3731 2277; x_wconf 86' lang='lat' dir='ltr'><strong>non</strong></span> 
     </span>
    </p>
   </div>
   <div class='ocr_carea' id='block_1_52' title="bbox 2123 2307 3725 2382">
    <p class='ocr_par' dir='ltr' id='par_1_52' title="bbox 2123 2307 3725 2382">
     <span class='ocr_line' id='line_1_52' title="bbox 2123 2307 3725 2382; baseline 0 -18"><span class='ocrx_word' id='word_1_381' title='bbox 2123 2309 2783 2382; x_wconf 81' lang='lat' dir='ltr'><strong>neglexeritdiscipulum,</strong></span> <span class='ocrx_word' id='word_1_382' title='bbox 2796 2309 2893 2365; x_wconf 90' lang='lat' dir='ltr'><strong>sed</strong></span> <span class='ocrx_word' id='word_1_383' title='bbox 2905 2324 3200 2366; x_wconf 90' lang='lat' dir='ltr'><strong>conversus</strong></span> <span class='ocrx_word' id='word_1_384' title='bbox 3215 2307 3356 2364; x_wconf 91' lang='lat' dir='ltr'><strong>vidit</strong></span> <span class='ocrx_word' id='word_1_385' title='bbox 3368 2311 3597 2365; x_wconf 89' lang='lat' dir='ltr'><strong>Petrum</strong></span> <span class='ocrx_word' id='word_1_386' title='bbox 3612 2307 3658 2342; x_wconf 75' lang='grc'><strong>⁸⁷</strong></span> <span class='ocrx_word' id='word_1_387' title='bbox 3680 2311 3725 2378; x_wconf 80' lang='lat'><strong>*,</strong></span> 
     </span>
    </p>
   </div>
   <div class='ocr_carea' id='block_1_53' title="bbox 2127 2396 3732 2470">
    <p class='ocr_par' dir='ltr' id='par_1_53' title="bbox 2127 2396 3732 2470">
     <span class='ocr_line' id='line_1_53' title="bbox 2127 2396 3732 2470; baseline 0 -16"><span class='ocrx_word' id='word_1_388' title='bbox 2127 2398 2270 2454; x_wconf 85' lang='lat' dir='ltr'><strong>sicut</strong></span> <span class='ocrx_word' id='word_1_389' title='bbox 2311 2397 2450 2453; x_wconf 85' lang='lat' dir='ltr'><strong>alius</strong></span> <span class='ocrx_word' id='word_1_390' title='bbox 2479 2397 2804 2470; x_wconf 86' lang='lat' dir='ltr'><strong>evangelista</strong></span> <span class='ocrx_word' id='word_1_391' title='bbox 2850 2396 3006 2467; x_wconf 85' lang='lat' dir='ltr'><strong>dicit,</strong></span> <span class='ocrx_word' id='word_1_392' title='bbox 3060 2404 3116 2452; x_wconf 89' lang='lat' dir='ltr'><strong>et</strong></span> <span class='ocrx_word' id='word_1_393' title='bbox 3159 2406 3385 2468; x_wconf 89' lang='lat' dir='ltr'><strong>aspectu</strong></span> <span class='ocrx_word' id='word_1_394' title='bbox 3429 2396 3732 2468; x_wconf 86' lang='lat' dir='ltr'><strong>opprobrat</strong></span> 
     </span>
    </p>
   </div>
   <div class='ocr_carea' id='block_1_54' title="bbox 2127 2485 3729 2559">
    <p class='ocr_par' dir='ltr' id='par_1_54' title="bbox 2127 2485 3729 2559">
     <span class='ocr_line' id='line_1_54' title="bbox 2127 2485 3729 2559; baseline 0.001 -16"><span class='ocrx_word' id='word_1_395' title='bbox 2127 2488 2176 2543; x_wconf 93' lang='lat' dir='ltr'><strong>ei</strong></span> <span class='ocrx_word' id='word_1_396' title='bbox 2205 2487 2606 2554; x_wconf 89' lang='lat' dir='ltr'><strong>inﬁrmitatem,</strong></span> <span class='ocrx_word' id='word_1_397' title='bbox 2636 2495 2691 2541; x_wconf 92' lang='lat' dir='ltr'><strong>et</strong></span> <span class='ocrx_word' id='word_1_398' title='bbox 2720 2486 2790 2543; x_wconf 90' lang='lat' dir='ltr'><strong>ad</strong></span> <span class='ocrx_word' id='word_1_399' title='bbox 2833 2486 3220 2558; x_wconf 70' lang='lat' dir='ltr'><strong>paenitentiam</strong></span> <span class='ocrx_word' id='word_1_400' title='bbox 3247 2502 3310 2542; x_wconf 91' lang='lat' dir='ltr'><strong>ac</strong></span> <span class='ocrx_word' id='word_1_401' title='bbox 3334 2485 3606 2559; x_wconf 89' lang='lat' dir='ltr'><strong>lacrymas</strong></span> <span class='ocrx_word' id='word_1_402' title='bbox 3633 2503 3729 2544; x_wconf 80' lang='lat' dir='ltr'><strong>ex-</strong></span> 
     </span>
    </p>
   </div>
   <div class='ocr_carea' id='block_1_55' title="bbox 2125 2573 3729 2647">
    <p class='ocr_par' dir='ltr' id='par_1_55' title="bbox 2125 2573 3729 2647">
     <span class='ocr_line' id='line_1_55' title="bbox 2125 2573 3729 2647; baseline 0 -16"><span class='ocrx_word' id='word_1_403' title='bbox 2125 2576 2276 2631; x_wconf 90' lang='lat' dir='ltr'><strong>citat.</strong></span> <span class='ocrx_word' id='word_1_404' title='bbox 2324 2573 2488 2647; x_wconf 87' lang='lat' dir='ltr'><strong>Quod</strong></span> <span class='ocrx_word' id='word_1_405' title='bbox 2515 2582 2696 2631; x_wconf 87' lang='lat' dir='ltr'><strong>autem</strong></span> <span class='ocrx_word' id='word_1_406' title='bbox 2739 2584 2870 2631; x_wconf 90' lang='lat' dir='ltr'><strong>tunc</strong></span> <span class='ocrx_word' id='word_1_407' title='bbox 2914 2574 3114 2631; x_wconf 87' lang='lat' dir='ltr'><strong>accidit</strong></span> <span class='ocrx_word' id='word_1_408' title='bbox 3155 2576 3340 2641; x_wconf 87' lang='lat' dir='ltr'><strong>Petro,</strong></span> <span class='ocrx_word' id='word_1_409' title='bbox 3377 2575 3545 2630; x_wconf 90' lang='lat' dir='ltr'><strong>etiam</strong></span> <span class='ocrx_word' id='word_1_410' title='bbox 3578 2592 3729 2632; x_wconf 91' lang='lat' dir='ltr'><strong>nunc</strong></span> 
     </span>
    </p>
   </div>
   <div class='ocr_carea' id='block_1_56' title="bbox 2125 2665 3723 2739">
    <p class='ocr_par' dir='ltr' id='par_1_56' title="bbox 2125 2665 3723 2739">
     <span class='ocr_line' id='line_1_56' title="bbox 2125 2665 3723 2739; baseline 0.001 -17"><span class='ocrx_word' id='word_1_411' title='bbox 2125 2666 2307 2723; x_wconf 86' lang='lat' dir='ltr'><strong>videre</strong></span> <span class='ocrx_word' id='word_1_412' title='bbox 2349 2666 2476 2722; x_wconf 90' lang='lat' dir='ltr'><strong>licet</strong></span> <span class='ocrx_word' id='word_1_413' title='bbox 2521 2667 2738 2722; x_wconf 90' lang='lat' dir='ltr'><strong>evenire</strong></span> <span class='ocrx_word' id='word_1_414' title='bbox 2781 2665 2989 2722; x_wconf 88' lang='lat' dir='ltr'><strong>multis.</strong></span> <span class='ocrx_word' id='word_1_415' title='bbox 3044 2668 3190 2722; x_wconf 85' lang='lat' dir='ltr'><strong>Nam</strong></span> <span class='ocrx_word' id='word_1_416' title='bbox 3246 2665 3452 2737; x_wconf 86' lang='lat' dir='ltr'><strong>ligatur</strong></span> <span class='ocrx_word' id='word_1_417' title='bbox 3505 2667 3723 2739; x_wconf 89' lang='lat' dir='ltr'><strong>quidem</strong></span> 
     </span>
    </p>
   </div>
   <div class='ocr_carea' id='block_1_57' title="bbox 2125 2753 3729 2826">
    <p class='ocr_par' dir='ltr' id='par_1_57' title="bbox 2125 2753 3729 2826">
     <span class='ocr_line' id='line_1_57' title="bbox 2125 2753 3729 2826; baseline 0.002 -18"><span class='ocrx_word' id='word_1_418' title='bbox 2125 2769 2309 2810; x_wconf 85' lang='lat' dir='ltr'><strong>sermo</strong></span> <span class='ocrx_word' id='word_1_419' title='bbox 2349 2754 2448 2810; x_wconf 90' lang='lat' dir='ltr'><strong>Dei</strong></span> <span class='ocrx_word' id='word_1_420' title='bbox 2476 2755 2564 2825; x_wconf 88' lang='lat' dir='ltr'><strong>qui</strong></span> <span class='ocrx_word' id='word_1_421' title='bbox 2605 2755 2663 2809; x_wconf 88' lang='lat' dir='ltr'><strong>in</strong></span> <span class='ocrx_word' id='word_1_422' title='bbox 2697 2753 2856 2810; x_wconf 88' lang='lat' dir='ltr'><strong>nobis</strong></span> <span class='ocrx_word' id='word_1_423' title='bbox 2887 2762 2990 2818; x_wconf 88' lang='lat' dir='ltr'><strong>est,</strong></span> <span class='ocrx_word' id='word_1_424' title='bbox 3032 2762 3088 2810; x_wconf 92' lang='lat' dir='ltr'><strong>et</strong></span> <span class='ocrx_word' id='word_1_425' title='bbox 3118 2753 3275 2826; x_wconf 88' lang='lat' dir='ltr'><strong>quasi</strong></span> <span class='ocrx_word' id='word_1_426' title='bbox 3301 2754 3544 2825; x_wconf 89' lang='lat' dir='ltr'><strong>captivus</strong></span> <span class='ocrx_word' id='word_1_427' title='bbox 3573 2755 3729 2812; x_wconf 86' lang='lat' dir='ltr'><strong>duci-</strong></span> 
     </span>
    </p>
   </div>
   <div class='ocr_carea' id='block_1_58' title="bbox 2123 2845 3719 2917">
    <p class='ocr_par' dir='ltr' id='par_1_58' title="bbox 2123 2845 3719 2917">
     <span class='ocr_line' id='line_1_58' title="bbox 2123 2845 3719 2917; baseline 0.003 -18"><span class='ocrx_word' id='word_1_428' title='bbox 2123 2851 2236 2912; x_wconf 86' lang='lat' dir='ltr'><strong>tur,</strong></span> <span class='ocrx_word' id='word_1_429' title='bbox 2267 2845 2380 2901; x_wconf 91' lang='lat' dir='ltr'><strong>sive</strong></span> <span class='ocrx_word' id='word_1_430' title='bbox 2420 2861 2450 2900; x_wconf 90' lang='lat' dir='ltr'><strong>a</strong></span> <span class='ocrx_word' id='word_1_431' title='bbox 2480 2846 2783 2917; x_wconf 90' lang='lat' dir='ltr'><strong>voluptate,</strong></span> <span class='ocrx_word' id='word_1_432' title='bbox 2828 2845 2941 2901; x_wconf 90' lang='lat' dir='ltr'><strong>sive</strong></span> <span class='ocrx_word' id='word_1_433' title='bbox 2980 2862 3011 2901; x_wconf 93' lang='lat' dir='ltr'><strong>a</strong></span> <span class='ocrx_word' id='word_1_434' title='bbox 3041 2845 3260 2901; x_wconf 87' lang='lat' dir='ltr'><strong>tristitia</strong></span> <span class='ocrx_word' id='word_1_435' title='bbox 3290 2845 3345 2900; x_wconf 91' lang='lat' dir='ltr'><strong>in</strong></span> <span class='ocrx_word' id='word_1_436' title='bbox 3391 2846 3719 2904; x_wconf 88' lang='lat' dir='ltr'><strong>servitutem</strong></span> 
     </span>
    </p>
   </div>
   <div class='ocr_carea' id='block_1_59' title="bbox 2122 2932 3724 3008">
    <p class='ocr_par' dir='ltr' id='par_1_59' title="bbox 2122 2932 3724 3008">
     <span class='ocr_line' id='line_1_59' title="bbox 2122 2932 3724 3008; baseline 0.001 -18"><span class='ocrx_word' id='word_1_437' title='bbox 2122 2932 2394 2991; x_wconf 86' lang='lat' dir='ltr'><strong>redactus.</strong></span> <span class='ocrx_word' id='word_1_438' title='bbox 2422 2936 2675 3008; x_wconf 88' lang='lat' dir='ltr'><strong>Utroque</strong></span> <span class='ocrx_word' id='word_1_439' title='bbox 2702 2936 2850 2992; x_wconf 91' lang='lat' dir='ltr'><strong>enim</strong></span> <span class='ocrx_word' id='word_1_440' title='bbox 2881 2935 3050 2992; x_wconf 89' lang='lat' dir='ltr'><strong>modo</strong></span> <span class='ocrx_word' id='word_1_441' title='bbox 3081 2935 3354 2992; x_wconf 85' lang='lat' dir='ltr'><strong>vincimur</strong></span> <span class='ocrx_word' id='word_1_442' title='bbox 3393 2943 3450 2991; x_wconf 92' lang='lat' dir='ltr'><strong>et</strong></span> <span class='ocrx_word' id='word_1_443' title='bbox 3493 2935 3724 2992; x_wconf 88' lang='lat' dir='ltr'><strong>abduci-</strong></span> 
     </span>
    </p>
   </div>
   <div class='ocr_carea' id='block_1_60' title="bbox 2121 3024 3725 3098">
    <p class='ocr_par' dir='ltr' id='par_1_60' title="bbox 2121 3024 3725 3098">
     <span class='ocr_line' id='line_1_60' title="bbox 2121 3024 3725 3098; baseline 0.001 -17"><span class='ocrx_word' id='word_1_444' title='bbox 2121 3041 2267 3095; x_wconf 90' lang='lat' dir='ltr'><strong>mur,</strong></span> <span class='ocrx_word' id='word_1_445' title='bbox 2299 3026 2383 3081; x_wconf 91' lang='lat' dir='ltr'><strong>vel</strong></span> <span class='ocrx_word' id='word_1_446' title='bbox 2441 3041 2554 3096; x_wconf 73' lang='lat' dir='ltr'><strong>prae</strong></span> <span class='ocrx_word' id='word_1_447' title='bbox 2606 3026 2906 3098; x_wconf 88' lang='lat' dir='ltr'><strong>prosperis,</strong></span> <span class='ocrx_word' id='word_1_448' title='bbox 2944 3026 3026 3081; x_wconf 90' lang='lat' dir='ltr'><strong>vel</strong></span> <span class='ocrx_word' id='word_1_449' title='bbox 3079 3041 3192 3097; x_wconf 80' lang='lat' dir='ltr'><strong>prae</strong></span> <span class='ocrx_word' id='word_1_450' title='bbox 3241 3025 3484 3082; x_wconf 88' lang='lat' dir='ltr'><strong>adversis</strong></span> <span class='ocrx_word' id='word_1_451' title='bbox 3529 3024 3725 3082; x_wconf 90' lang='lat' dir='ltr'><strong>mundi</strong></span> 
     </span>
    </p>
   </div>
   <div class='ocr_carea' id='block_1_61' title="bbox 2120 3115 3726 3188">
    <p class='ocr_par' dir='ltr' id='par_1_61' title="bbox 2120 3115 3726 3188">
     <span class='ocr_line' id='line_1_61' title="bbox 2120 3115 3726 3188; baseline 0.001 -18"><span class='ocrx_word' id='word_1_452' title='bbox 2120 3117 2306 3170; x_wconf 91' lang='lat' dir='ltr'><strong>Deum</strong></span> <span class='ocrx_word' id='word_1_453' title='bbox 2352 3115 2748 3171; x_wconf 88' lang='lat' dir='ltr'><strong>obliviscentes.</strong></span> <span class='ocrx_word' id='word_1_454' title='bbox 2792 3118 2864 3171; x_wconf 89' lang='lat' dir='ltr'><strong>Et</strong></span> <span class='ocrx_word' id='word_1_455' title='bbox 2896 3116 3296 3172; x_wconf 85' lang='lat' dir='ltr'><strong>condemnatur</strong></span> <span class='ocrx_word' id='word_1_456' title='bbox 3340 3115 3560 3188; x_wconf 91' lang='lat' dir='ltr'><strong>quidem</strong></span> <span class='ocrx_word' id='word_1_457' title='bbox 3606 3131 3726 3172; x_wconf 89' lang='lat' dir='ltr'><strong>ser-</strong></span> 
     </span>
    </p>
   </div>
   <div class='ocr_carea' id='block_1_62' title="bbox 403 3200 2010 3285">
    <p class='ocr_par' dir='ltr' id='par_1_62' title="bbox 403 3200 2010 3285">
     <span class='ocr_line' id='line_1_62' title="bbox 403 3200 2010 3285; baseline 0.002 -26"><span class='ocrx_word' id='word_1_458' title='bbox 403 3200 718 3276; x_wconf 82' lang='grc' dir='ltr'>θανόμενοι,</span> <span class='ocrx_word' id='word_1_459' title='bbox 763 3200 856 3259; x_wconf 81' lang='grc' dir='ltr'><strong>καὶ</strong></span> <span class='ocrx_word' id='word_1_460' title='bbox 895 3203 1274 3283; x_wconf 82' lang='grc' dir='ltr'>κατακρίνεται</span> <span class='ocrx_word' id='word_1_461' title='bbox 1311 3202 1405 3281; x_wconf 83' lang='grc' dir='ltr'>μὲν</span> <span class='ocrx_word' id='word_1_462' title='bbox 1447 3206 1476 3262; x_wconf 94' lang='lat'><strong>6</strong></span> <span class='ocrx_word' id='word_1_463' title='bbox 1512 3203 1693 3282; x_wconf 86' lang='grc' dir='ltr'>λόγος,</span> <span class='ocrx_word' id='word_1_464' title='bbox 1723 3213 1847 3285; x_wconf 80' lang='grc' dir='ltr'>νικᾷ</span> <span class='ocrx_word' id='word_1_465' title='bbox 1892 3205 1946 3264; x_wconf 82' lang='grc' dir='ltr'>δὲ</span> <span class='ocrx_word' id='word_1_466' title='bbox 1976 3211 2010 3280; x_wconf 84' lang='grc' dir='ltr'>ἡ</span> 
     </span>
    </p>
   </div>
   <div class='ocr_carea' id='block_1_63' title="bbox 2118 3200 3725 3285">
    <p class='ocr_par' dir='ltr' id='par_1_63' title="bbox 2118 3203 3725 3276">
     <span class='ocr_line' id='line_1_63' title="bbox 2118 3203 3725 3276; baseline 0.001 -16"><span class='ocrx_word' id='word_1_467' title='bbox 2118 3220 2228 3273; x_wconf 90' lang='lat' dir='ltr'><strong>mo,</strong></span> <span class='ocrx_word' id='word_1_468' title='bbox 2259 3203 2424 3260; x_wconf 90' lang='lat' dir='ltr'><strong>vincit</strong></span> <span class='ocrx_word' id='word_1_469' title='bbox 2449 3212 2636 3260; x_wconf 90' lang='lat' dir='ltr'><strong>autem</strong></span> <span class='ocrx_word' id='word_1_470' title='bbox 2683 3204 3014 3260; x_wconf 88' lang='lat' dir='ltr'><strong>absurditas.</strong></span> <span class='ocrx_word' id='word_1_471' title='bbox 3049 3207 3116 3260; x_wconf 91' lang='lat' dir='ltr'><strong>Et</strong></span> <span class='ocrx_word' id='word_1_472' title='bbox 3146 3221 3334 3260; x_wconf 90' lang='lat' dir='ltr'><strong>servus</strong></span> <span class='ocrx_word' id='word_1_473' title='bbox 3361 3209 3518 3276; x_wconf 89' lang='lat' dir='ltr'><strong>alapa</strong></span> <span class='ocrx_word' id='word_1_474' title='bbox 3555 3206 3725 3262; x_wconf 65' lang='lat' dir='ltr'><strong>caedit</strong></span> 
     </span>
    </p>
   </div>
   <div class='ocr_carea' id='block_1_64' title="bbox 399 3289 2012 3373">
    <p class='ocr_par' dir='ltr' id='par_1_64' title="bbox 399 3289 2012 3373">
     <span class='ocr_line' id='line_1_64' title="bbox 399 3289 2012 3373; baseline 0.005 -26"><span class='ocrx_word' id='word_1_475' title='bbox 399 3289 629 3368; x_wconf 82' lang='grc' dir='ltr'>ἀλογία,</span> <span class='ocrx_word' id='word_1_476' title='bbox 664 3290 757 3348; x_wconf 72' lang='grc' dir='ltr'><strong>καὶ</strong></span> <span class='ocrx_word' id='word_1_477' title='bbox 793 3295 822 3349; x_wconf 98' lang='lat'><strong>6</strong></span> <span class='ocrx_word' id='word_1_478' title='bbox 853 3292 1032 3358; x_wconf 89' lang='grc' dir='ltr'>δοῦλος</span> <span class='ocrx_word' id='word_1_479' title='bbox 1071 3293 1282 3373; x_wconf 81' lang='grc' dir='ltr'>ῥαπίζει</span> <span class='ocrx_word' id='word_1_480' title='bbox 1319 3291 1408 3351; x_wconf 86' lang='grc' dir='ltr'><strong>τὸν</strong></span> <span class='ocrx_word' id='word_1_481' title='bbox 1440 3292 1740 3367; x_wconf 56' lang='grc' dir='ltr'>,δεσπότηνο</span> <span class='ocrx_word' id='word_1_482' title='bbox 1774 3299 2012 3355; x_wconf 85' lang='grc' dir='ltr'>τοιοῦτον</span> 
     </span>
    </p>
   </div>
   <div class='ocr_carea' id='block_1_65' title="bbox 398 3379 2004 3460">
    <p class='ocr_par' dir='ltr' id='par_1_65' title="bbox 398 3379 2004 3460">
     <span class='ocr_line' id='line_1_65' title="bbox 398 3379 2004 3460; baseline 0.004 -23"><span class='ocrx_word' id='word_1_483' title='bbox 398 3379 501 3458; x_wconf 70' lang='grc' dir='ltr'><strong>γὰρ</strong></span> <span class='ocrx_word' id='word_1_484' title='bbox 548 3385 582 3451; x_wconf 87' lang='grc' dir='ltr'>ἡ</span> <span class='ocrx_word' id='word_1_485' title='bbox 625 3383 734 3438; x_wconf 80' lang='grc' dir='ltr'><strong>τῶν</strong></span> <span class='ocrx_word' id='word_1_486' title='bbox 782 3384 965 3441; x_wconf 72' lang='grc' dir='ltr'>παθῶν</span> <span class='ocrx_word' id='word_1_487' title='bbox 1011 3381 1390 3450; x_wconf 76' lang='grc' dir='ltr'>ἐπανάστασις.</span> <span class='ocrx_word' id='word_1_488' title='bbox 1434 3381 1504 3444; x_wconf 64' lang='grc' dir='ltr'><strong>εΟ</strong></span> <span class='ocrx_word' id='word_1_489' title='bbox 1556 3381 1613 3442; x_wconf 77' lang='grc' dir='ltr'>δὲ</span> <span class='ocrx_word' id='word_1_490' title='bbox 1657 3389 1775 3451; x_wconf 85' lang='grc' dir='ltr'>νοῦς</span> <span class='ocrx_word' id='word_1_491' title='bbox 1815 3390 2004 3460; x_wconf 79' lang='grc' dir='ltr'>ἡμῶν,</span> 
     </span>
    </p>
   </div>
   <div class='ocr_carea' id='block_1_66' title="bbox 405 3460 2005 3553">
    <p class='ocr_par' dir='ltr' id='par_1_66' title="bbox 405 3460 2005 3553">
     <span class='ocr_line' id='line_1_66' title="bbox 405 3460 2005 3553; baseline 0.004 -27"><span class='ocrx_word' id='word_1_492' title='bbox 405 3460 493 3527; x_wconf 69' lang='grc' dir='ltr'><strong>οἷά</strong></span> <span class='ocrx_word' id='word_1_493' title='bbox 529 3493 608 3535; x_wconf 84' lang='grc' dir='ltr'><strong>τις</strong></span> <span class='ocrx_word' id='word_1_494' title='bbox 653 3469 880 3551; x_wconf 84' lang='grc' dir='ltr'>Πέτρος,</span> <span class='ocrx_word' id='word_1_495' title='bbox 927 3471 1187 3538; x_wconf 81' lang='grc' dir='ltr'>πολλάκις</span> <span class='ocrx_word' id='word_1_496' title='bbox 1235 3473 1639 3548; x_wconf 81' lang='grc' dir='ltr'>αὖθαδιάζεται,</span> <span class='ocrx_word' id='word_1_497' title='bbox 1691 3477 1762 3540; x_wconf 81' lang='grc' dir='ltr'>ὡς</span> <span class='ocrx_word' id='word_1_498' title='bbox 1817 3477 1875 3533; x_wconf 85' lang='grc' dir='ltr'>οὖ</span> <span class='ocrx_word' id='word_1_499' title='bbox 1929 3475 2005 3553; x_wconf 78' lang='grc' dir='ltr'><strong>μὴ</strong></span> 
     </span>
    </p>
   </div>
   <div class='ocr_carea' id='block_1_67' title="bbox 410 3557 2008 3642">
    <p class='ocr_par' dir='ltr' id='par_1_67' title="bbox 410 3557 2008 3642">
     <span class='ocr_line' id='line_1_67' title="bbox 410 3557 2008 3642; baseline 0.008 -30"><span class='ocrx_word' id='word_1_500' title='bbox 410 3557 705 3634; x_wconf 78' lang='grc' dir='ltr'>ἀρνήσηται</span> <span class='ocrx_word' id='word_1_501' title='bbox 739 3561 828 3617; x_wconf 82' lang='grc' dir='ltr'><strong>τὸν</strong></span> <span class='ocrx_word' id='word_1_502' title='bbox 865 3563 1058 3639; x_wconf 83' lang='grc' dir='ltr'>λόγον,</span> <span class='ocrx_word' id='word_1_503' title='bbox 1100 3561 1180 3620; x_wconf 83' lang='grc' dir='ltr'><strong>διὸ</strong></span> <span class='ocrx_word' id='word_1_504' title='bbox 1222 3560 1314 3620; x_wconf 78' lang='grc' dir='ltr'>καὶ</span> <span class='ocrx_word' id='word_1_505' title='bbox 1345 3560 1558 3621; x_wconf 81' lang='grc' dir='ltr'>ἵσταται</span> <span class='ocrx_word' id='word_1_506' title='bbox 1599 3563 1692 3622; x_wconf 84' lang='grc' dir='ltr'>καὶ</span> <span class='ocrx_word' id='word_1_507' title='bbox 1733 3564 2008 3642; x_wconf 78' lang='grc' dir='ltr'>θερμαίνε-</span> 
     </span>
    </p>
   </div>
   <div class='ocr_carea' id='block_1_68' title="bbox 412 3645 2008 3729">
    <p class='ocr_par' dir='ltr' id='par_1_68' title="bbox 412 3645 2008 3729">
     <span class='ocr_line' id='line_1_68' title="bbox 412 3645 2008 3729; baseline 0.008 -27"><span class='ocrx_word' id='word_1_508' title='bbox 412 3669 526 3705; x_wconf 81' lang='grc' dir='ltr'>ται.</span> <span class='ocrx_word' id='word_1_509' title='bbox 571 3645 820 3708; x_wconf 76' lang='grc' dir='ltr'>Ἴσταται</span> <span class='ocrx_word' id='word_1_510' title='bbox 871 3650 1002 3727; x_wconf 84' lang='grc' dir='ltr'>μὲν,</span> <span class='ocrx_word' id='word_1_511' title='bbox 1049 3653 1120 3718; x_wconf 82' lang='grc' dir='ltr'><strong>ὡς</strong></span> <span class='ocrx_word' id='word_1_512' title='bbox 1160 3650 1235 3728; x_wconf 81' lang='grc' dir='ltr'><strong>μὴ</strong></span> <span class='ocrx_word' id='word_1_513' title='bbox 1275 3652 1606 3729; x_wconf 89' lang='grc' dir='ltr'>κλινόμενος,</span> <span class='ocrx_word' id='word_1_514' title='bbox 1647 3654 1782 3729; x_wconf 82' lang='grc' dir='ltr'>μηδὲ</span> <span class='ocrx_word' id='word_1_515' title='bbox 1811 3657 2008 3714; x_wconf 69' lang='lat' dir='ltr'><strong>61:01a-</strong></span> 
     </span>
    </p>
   </div>
   <div class='ocr_carea' id='block_1_69' title="bbox 411 3737 2007 3819">
    <p class='ocr_par' dir='ltr' id='par_1_69' title="bbox 411 3737 2007 3819">
     <span class='ocr_line' id='line_1_69' title="bbox 411 3737 2007 3819; baseline 0.007 -27"><span class='ocrx_word' id='word_1_516' title='bbox 411 3737 774 3814; x_wconf 75' lang='grc' dir='ltr'>πεινούμενος,</span> <span class='ocrx_word' id='word_1_517' title='bbox 802 3742 923 3799; x_wconf 77' lang='grc' dir='ltr'>ἀλλ’</span> <span class='ocrx_word' id='word_1_518' title='bbox 957 3740 1046 3799; x_wconf 81' lang='grc' dir='ltr'>ἐπὶ</span> <span class='ocrx_word' id='word_1_519' title='bbox 1077 3745 1172 3812; x_wconf 76' lang='grc' dir='ltr'><strong>τῆς</strong></span> <span class='ocrx_word' id='word_1_520' title='bbox 1196 3741 1470 3808; x_wconf 69' lang='grc' dir='ltr'>αὐθαδείας</span> <span class='ocrx_word' id='word_1_521' title='bbox 1499 3744 1784 3819; x_wconf 78' lang='grc' dir='ltr'>ἱστάμενος</span> <span class='ocrx_word' id='word_1_522' title='bbox 1813 3745 2007 3819; x_wconf 84' lang='grc' dir='ltr'>ὁμοίως</span> 
     </span>
    </p>
   </div>
   <div class='ocr_carea' id='block_1_70' title="bbox 409 3821 2004 3910">
    <p class='ocr_par' dir='ltr' id='par_1_70' title="bbox 409 3821 2004 3910">
     <span class='ocr_line' id='line_1_70' title="bbox 409 3821 2004 3910; baseline 0.006 -27"><span class='ocrx_word' id='word_1_523' title='bbox 409 3825 503 3883; x_wconf 76' lang='grc' dir='ltr'><strong>καὶ</strong></span> <span class='ocrx_word' id='word_1_524' title='bbox 557 3826 746 3902; x_wconf 81' lang='grc' dir='ltr'>μένων.</span> <span class='ocrx_word' id='word_1_525' title='bbox 794 3829 1192 3910; x_wconf 86' lang='grc' dir='ltr'>Θερμαίνεσθαι</span> <span class='ocrx_word' id='word_1_526' title='bbox 1237 3831 1290 3890; x_wconf 83' lang='grc' dir='ltr'>δὲ</span> <span class='ocrx_word' id='word_1_527' title='bbox 1340 3829 1583 3909; x_wconf 82' lang='grc' dir='ltr'>λέγεται,</span> <span class='ocrx_word' id='word_1_528' title='bbox 1638 3821 1725 3891; x_wconf 78' lang='grc' dir='ltr'>οἶα</span> <span class='ocrx_word' id='word_1_529' title='bbox 1780 3832 1844 3904; x_wconf 79' lang='grc' dir='ltr'><strong>δὴ</strong></span> <span class='ocrx_word' id='word_1_530' title='bbox 1898 3833 2004 3892; x_wconf 84' lang='grc' dir='ltr'><strong>ἀπὸ</strong></span> 
     </span>
    </p>
   </div>
   <div class='ocr_carea' id='block_1_71' title="bbox 409 3915 2006 4002">
    <p class='ocr_par' dir='ltr' id='par_1_71' title="bbox 409 3915 2006 4002">
     <span class='ocr_line' id='line_1_71' title="bbox 409 3915 2006 4002; baseline 0.005 -29"><span class='ocrx_word' id='word_1_531' title='bbox 409 3915 726 3996; x_wconf 82' lang='grc' dir='ltr'>θερμότητος</span> <span class='ocrx_word' id='word_1_532' title='bbox 775 3920 868 3976; x_wconf 80' lang='grc' dir='ltr'><strong>καὶ</strong></span> <span class='ocrx_word' id='word_1_533' title='bbox 911 3918 1078 4001; x_wconf 72' lang='grc' dir='ltr'>τύφου</span> <span class='ocrx_word' id='word_1_534' title='bbox 1106 3923 1272 3978; x_wconf 80' lang='grc' dir='ltr'>νοσῶν</span> <span class='ocrx_word' id='word_1_535' title='bbox 1320 3919 1416 3991; x_wconf 76' lang='grc' dir='ltr'><strong>τὴν</strong></span> <span class='ocrx_word' id='word_1_536' title='bbox 1464 3922 1766 3982; x_wconf 77' lang='grc' dir='ltr'>αὐθάδειαν.</span> <span class='ocrx_word' id='word_1_537' title='bbox 1817 3923 2006 4002; x_wconf 84' lang='grc' dir='ltr'>Ἐλέγ-</span> 
     </span>
    </p>
   </div>
   <div class='ocr_carea' id='block_1_72' title="bbox 400 4006 2006 4092">
    <p class='ocr_par' dir='ltr' id='par_1_72' title="bbox 400 4006 2006 4092">
     <span class='ocr_line' id='line_1_72' title="bbox 400 4006 2006 4092; baseline 0.004 -28"><span class='ocrx_word' id='word_1_538' title='bbox 400 4029 486 4085; x_wconf 79' lang='grc' dir='ltr'><strong>χει</strong></span> <span class='ocrx_word' id='word_1_539' title='bbox 520 4006 572 4064; x_wconf 80' lang='grc' dir='ltr'>δὲ</span> <span class='ocrx_word' id='word_1_540' title='bbox 617 4007 778 4066; x_wconf 77' lang='grc' dir='ltr'>αὐτὸν</span> <span class='ocrx_word' id='word_1_541' title='bbox 813 4009 1072 4080; x_wconf 87' lang='grc' dir='ltr'>παιδίσκη</span> <span class='ocrx_word' id='word_1_542' title='bbox 1095 4056 1110 4085; x_wconf 89' lang='grc'><strong>,</strong></span> <span class='ocrx_word' id='word_1_543' title='bbox 1145 4011 1308 4092; x_wconf 83' lang='grc' dir='ltr'>μικροί</span> <span class='ocrx_word' id='word_1_544' title='bbox 1354 4034 1429 4076; x_wconf 90' lang='grc' dir='ltr'><strong>τις</strong></span> <span class='ocrx_word' id='word_1_545' title='bbox 1467 4013 1664 4084; x_wconf 82' lang='grc' dir='ltr'>ἡδονὴ,</span> <span class='ocrx_word' id='word_1_546' title='bbox 1704 4011 1795 4070; x_wconf 75' lang='grc' dir='ltr'>καὶ</span> <span class='ocrx_word' id='word_1_547' title='bbox 1845 4011 2006 4086; x_wconf 87' lang='grc' dir='ltr'>θηλύ-</span> 
     </span>
    </p>
   </div>
   <div class='ocr_carea' id='block_1_73' title="bbox 396 4097 2002 4179">
    <p class='ocr_par' dir='ltr' id='par_1_73' title="bbox 396 4097 2002 4179">
     <span class='ocr_line' id='line_1_73' title="bbox 396 4097 2002 4179; baseline 0.005 -27"><span class='ocrx_word' id='word_1_548' title='bbox 396 4119 596 4172; x_wconf 80' lang='grc' dir='ltr'>νουσα,</span> <span class='ocrx_word' id='word_1_549' title='bbox 637 4097 731 4154; x_wconf 72' lang='grc' dir='ltr'><strong>καὶ</strong></span> <span class='ocrx_word' id='word_1_550' title='bbox 785 4098 971 4165; x_wconf 80' lang='grc' dir='ltr'>εὐθέως</span> <span class='ocrx_word' id='word_1_551' title='bbox 1016 4099 1256 4178; x_wconf 86' lang='grc' dir='ltr'>ἀρνεῖται</span> <span class='ocrx_word' id='word_1_552' title='bbox 1297 4099 1388 4158; x_wconf 82' lang='grc' dir='ltr'><strong>τὸν</strong></span> <span class='ocrx_word' id='word_1_553' title='bbox 1417 4099 1606 4179; x_wconf 89' lang='grc' dir='ltr'>λόγον,</span> <span class='ocrx_word' id='word_1_554' title='bbox 1650 4101 1742 4160; x_wconf 81' lang='grc' dir='ltr'><strong>καὶ</strong></span> <span class='ocrx_word' id='word_1_555' title='bbox 1775 4105 1839 4179; x_wconf 78' lang='grc' dir='ltr'><strong>τῇ</strong></span> <span class='ocrx_word' id='word_1_556' title='bbox 1877 4105 2002 4160; x_wconf 84' lang='grc' dir='ltr'>ἀλο-</span> 
     </span>
    </p>
   </div>
   <div class='ocr_carea' id='block_1_74' title="bbox 391 4186 2003 4270">
    <p class='ocr_par' dir='ltr' id='par_1_74' title="bbox 391 4186 2003 4270">
     <span class='ocr_line' id='line_1_74' title="bbox 391 4186 2003 4270; baseline 0.005 -28"><span class='ocrx_word' id='word_1_557' title='bbox 391 4186 484 4264; x_wconf 67' lang='grc' dir='ltr'><strong>γία</strong></span> <span class='ocrx_word' id='word_1_558' title='bbox 535 4186 828 4264; x_wconf 73' lang='grc' dir='ltr'>ὑπάγεται.</span> <span class='ocrx_word' id='word_1_559' title='bbox 878 4188 1041 4247; x_wconf 78' lang='grc' dir='ltr'>Ἀλλὰ</span> <span class='ocrx_word' id='word_1_560' title='bbox 1085 4189 1177 4247; x_wconf 82' lang='grc' dir='ltr'><strong>καὶ</strong></span> <span class='ocrx_word' id='word_1_561' title='bbox 1226 4188 1328 4248; x_wconf 79' lang='grc' dir='ltr'><strong>ὑπό</strong></span> <span class='ocrx_word' id='word_1_562' title='bbox 1376 4213 1516 4259; x_wconf 89' lang='grc' dir='ltr'>τινος</span> <span class='ocrx_word' id='word_1_563' title='bbox 1561 4197 1863 4270; x_wconf 85' lang='grc' dir='ltr'>πειρασμοῦ</span> <span class='ocrx_word' id='word_1_564' title='bbox 1911 4195 2003 4250; x_wconf 87' lang='grc' dir='ltr'>λυ-</span> 
     </span>
    </p>
   </div>
   <div class='ocr_carea' id='block_1_75' title="bbox 386 4275 1997 4359">
    <p class='ocr_par' dir='ltr' id='par_1_75' title="bbox 386 4275 1997 4359">
     <span class='ocr_line' id='line_1_75' title="bbox 386 4275 1997 4359; baseline 0.004 -28"><span class='ocrx_word' id='word_1_565' title='bbox 386 4279 566 4354; x_wconf 72' lang='grc' dir='ltr'>πηροῦ</span> <span class='ocrx_word' id='word_1_566' title='bbox 589 4275 901 4357; x_wconf 76' lang='grc' dir='ltr'>ἐλέγχεται,</span> <span class='ocrx_word' id='word_1_567' title='bbox 928 4277 1112 4357; x_wconf 78' lang='grc' dir='ltr'>ὥσπερ</span> <span class='ocrx_word' id='word_1_568' title='bbox 1141 4279 1230 4337; x_wconf 78' lang='grc' dir='ltr'><strong>καὶ</strong></span> <span class='ocrx_word' id='word_1_569' title='bbox 1260 4278 1383 4338; x_wconf 89' lang='grc' dir='ltr'>τότε</span> <span class='ocrx_word' id='word_1_570' title='bbox 1415 4279 1620 4359; x_wconf 87' lang='grc' dir='ltr'>Πέτρος</span> <span class='ocrx_word' id='word_1_571' title='bbox 1641 4279 1745 4339; x_wconf 76' lang='grc' dir='ltr'><strong>ὑπὸ</strong></span> <span class='ocrx_word' id='word_1_572' title='bbox 1777 4281 1962 4340; x_wconf 87' lang='grc' dir='ltr'>δούλου</span> <span class='ocrx_word' id='word_1_573' title='bbox 1981 4327 1997 4359; x_wconf 91' lang='grc'><strong>,</strong></span> 
     </span>
    </p>
   </div>
   <div class='ocr_carea' id='block_1_76' title="bbox 387 4365 2002 4437">
    <p class='ocr_par' dir='ltr' id='par_1_76' title="bbox 387 4365 2002 4437">
     <span class='ocr_line' id='line_1_76' title="bbox 387 4365 2002 4437; baseline 0.004 -14"><span class='ocrx_word' id='word_1_574' title='bbox 387 4366 480 4423; x_wconf 80' lang='grc' dir='ltr'><strong>καὶ</strong></span> <span class='ocrx_word' id='word_1_575' title='bbox 548 4365 718 4431; x_wconf 73' lang='grc' dir='ltr'>οὕτως</span> <span class='ocrx_word' id='word_1_576' title='bbox 771 4371 806 4437; x_wconf 77' lang='grc' dir='ltr'><strong>ἡ</strong></span> <span class='ocrx_word' id='word_1_577' title='bbox 874 4366 1116 4426; x_wconf 76' lang='grc' dir='ltr'>ἀσθένεια</span> <span class='ocrx_word' id='word_1_578' title='bbox 1183 4370 1344 4428; x_wconf 78' lang='grc' dir='ltr'>αὐτοῦ</span> <span class='ocrx_word' id='word_1_579' title='bbox 1411 4370 1792 4428; x_wconf 87' lang='grc' dir='ltr'>διαδείκνυται.</span> <span class='ocrx_word' id='word_1_580' title='bbox 1859 4369 2002 4430; x_wconf 83' lang='grc' dir='ltr'>Ἀλλ’</span> 
     </span>
    </p>
   </div>
   <div class='ocr_carea' id='block_1_77' title="bbox 2121 3292 3722 3362">
    <p class='ocr_par' dir='ltr' id='par_1_77' title="bbox 2121 3292 3722 3362">
     <span class='ocr_line' id='line_1_77' title="bbox 2121 3292 3722 3362; baseline 0.001 -12"><span class='ocrx_word' id='word_1_581' title='bbox 2121 3292 2431 3350; x_wconf 90' lang='lat' dir='ltr'><strong>dominum.</strong></span> <span class='ocrx_word' id='word_1_582' title='bbox 2480 3296 2564 3349; x_wconf 87' lang='lat' dir='ltr'><strong>Ita</strong></span> <span class='ocrx_word' id='word_1_583' title='bbox 2609 3295 2760 3350; x_wconf 90' lang='lat' dir='ltr'><strong>enim</strong></span> <span class='ocrx_word' id='word_1_584' title='bbox 2805 3294 2970 3351; x_wconf 89' lang='lat' dir='ltr'><strong>habet</strong></span> <span class='ocrx_word' id='word_1_585' title='bbox 3016 3294 3380 3352; x_wconf 83' lang='lat' dir='ltr'><strong>affectionum</strong></span> <span class='ocrx_word' id='word_1_586' title='bbox 3421 3295 3722 3362; x_wconf 90' lang='lat' dir='ltr'><strong>tumultus,</strong></span> 
     </span>
    </p>
   </div>
   <div class='ocr_carea' id='block_1_78' title="bbox 2117 3383 3722 3456">
    <p class='ocr_par' dir='ltr' id='par_1_78' title="bbox 2117 3383 3722 3456">
     <span class='ocr_line' id='line_1_78' title="bbox 2117 3383 3722 3456; baseline 0.002 -20"><span class='ocrx_word' id='word_1_587' title='bbox 2117 3383 2338 3455; x_wconf 89' lang='lat' dir='ltr'><strong>quando</strong></span> <span class='ocrx_word' id='word_1_588' title='bbox 2366 3397 2530 3438; x_wconf 83' lang='lat' dir='ltr'><strong>mens</strong></span> <span class='ocrx_word' id='word_1_589' title='bbox 2558 3392 2748 3439; x_wconf 88' lang='lat' dir='ltr'><strong>nostra</strong></span> <span class='ocrx_word' id='word_1_590' title='bbox 2787 3383 2945 3456; x_wconf 91' lang='lat' dir='ltr'><strong>quasi</strong></span> <span class='ocrx_word' id='word_1_591' title='bbox 2971 3387 3159 3441; x_wconf 88' lang='lat' dir='ltr'><strong>Petrus</strong></span> <span class='ocrx_word' id='word_1_592' title='bbox 3186 3384 3384 3456; x_wconf 90' lang='lat' dir='ltr'><strong>aliquis</strong></span> <span class='ocrx_word' id='word_1_593' title='bbox 3430 3399 3576 3456; x_wconf 73' lang='lat' dir='ltr'><strong>saepe</strong></span> <span class='ocrx_word' id='word_1_594' title='bbox 3602 3400 3722 3456; x_wconf 85' lang='lat' dir='ltr'><strong>per-</strong></span> 
     </span>
    </p>
   </div>
   <div class='ocr_carea' id='block_1_79' title="bbox 2115 3473 3722 3548">
    <p class='ocr_par' dir='ltr' id='par_1_79' title="bbox 2115 3473 3722 3548">
     <span class='ocr_line' id='line_1_79' title="bbox 2115 3473 3722 3548; baseline 0.002 -20"><span class='ocrx_word' id='word_1_595' title='bbox 2115 3473 2272 3529; x_wconf 84' lang='lat' dir='ltr'><strong>tinax</strong></span> <span class='ocrx_word' id='word_1_596' title='bbox 2299 3474 2390 3538; x_wconf 90' lang='lat' dir='ltr'><strong>sit,</strong></span> <span class='ocrx_word' id='word_1_597' title='bbox 2420 3475 2576 3547; x_wconf 89' lang='lat' dir='ltr'><strong>quasi</strong></span> <span class='ocrx_word' id='word_1_598' title='bbox 2627 3490 2741 3531; x_wconf 92' lang='lat' dir='ltr'><strong>non</strong></span> <span class='ocrx_word' id='word_1_599' title='bbox 2785 3485 3048 3548; x_wconf 84' lang='lat' dir='ltr'><strong>negatura</strong></span> <span class='ocrx_word' id='word_1_600' title='bbox 3097 3476 3350 3542; x_wconf 90' lang='lat' dir='ltr'><strong>verbum,</strong></span> <span class='ocrx_word' id='word_1_601' title='bbox 3397 3483 3453 3532; x_wconf 92' lang='lat' dir='ltr'><strong>et</strong></span> <span class='ocrx_word' id='word_1_602' title='bbox 3496 3476 3617 3532; x_wconf 92' lang='lat' dir='ltr'><strong>ideo</strong></span> <span class='ocrx_word' id='word_1_603' title='bbox 3664 3484 3722 3532; x_wconf 90' lang='lat' dir='ltr'><strong>et</strong></span> 
     </span>
    </p>
   </div>
   <div class='ocr_carea' id='block_1_80' title="bbox 2114 3564 3722 3637">
    <p class='ocr_par' dir='ltr' id='par_1_80' title="bbox 2114 3564 3722 3637">
     <span class='ocr_line' id='line_1_80' title="bbox 2114 3564 3722 3637; baseline 0.002 -21"><span class='ocrx_word' id='word_1_604' title='bbox 2114 3570 2222 3617; x_wconf 88' lang='lat' dir='ltr'><strong>stat</strong></span> <span class='ocrx_word' id='word_1_605' title='bbox 2252 3571 2307 3618; x_wconf 93' lang='lat' dir='ltr'><strong>et</strong></span> <span class='ocrx_word' id='word_1_606' title='bbox 2325 3564 2557 3619; x_wconf 89' lang='lat' dir='ltr'><strong>calescit.</strong></span> <span class='ocrx_word' id='word_1_607' title='bbox 2598 3566 2720 3619; x_wconf 91' lang='lat' dir='ltr'><strong>Stat</strong></span> <span class='ocrx_word' id='word_1_608' title='bbox 2749 3564 3001 3636; x_wconf 90' lang='lat' dir='ltr'><strong>quidem,</strong></span> <span class='ocrx_word' id='word_1_609' title='bbox 3033 3580 3098 3621; x_wconf 91' lang='lat' dir='ltr'><strong>eo</strong></span> <span class='ocrx_word' id='word_1_610' title='bbox 3142 3565 3294 3637; x_wconf 91' lang='lat' dir='ltr'><strong>quod</strong></span> <span class='ocrx_word' id='word_1_611' title='bbox 3326 3581 3443 3620; x_wconf 92' lang='lat' dir='ltr'><strong>non</strong></span> <span class='ocrx_word' id='word_1_612' title='bbox 3487 3565 3722 3621; x_wconf 89' lang='lat' dir='ltr'><strong>incline-</strong></span> 
     </span>
    </p>
   </div>
   <div class='ocr_carea' id='block_1_81' title="bbox 2113 3651 3719 3725">
    <p class='ocr_par' dir='ltr' id='par_1_81' title="bbox 2113 3651 3719 3725">
     <span class='ocr_line' id='line_1_81' title="bbox 2113 3651 3719 3725; baseline 0.003 -20"><span class='ocrx_word' id='word_1_613' title='bbox 2113 3657 2208 3706; x_wconf 91' lang='lat' dir='ltr'><strong>tur</strong></span> <span class='ocrx_word' id='word_1_614' title='bbox 2251 3667 2428 3724; x_wconf 88' lang='lat' dir='ltr'><strong>neque</strong></span> <span class='ocrx_word' id='word_1_615' title='bbox 2465 3651 2804 3722; x_wconf 87' lang='lat' dir='ltr'><strong>humilietur,</strong></span> <span class='ocrx_word' id='word_1_616' title='bbox 2846 3654 2944 3710; x_wconf 90' lang='lat' dir='ltr'><strong>sed</strong></span> <span class='ocrx_word' id='word_1_617' title='bbox 2986 3655 3044 3708; x_wconf 91' lang='lat' dir='ltr'><strong>in</strong></span> <span class='ocrx_word' id='word_1_618' title='bbox 3077 3670 3175 3710; x_wconf 89' lang='lat' dir='ltr'><strong>sua</strong></span> <span class='ocrx_word' id='word_1_619' title='bbox 3226 3654 3524 3725; x_wconf 84' lang='lat' dir='ltr'><strong>pertinacia</strong></span> <span class='ocrx_word' id='word_1_620' title='bbox 3583 3670 3719 3710; x_wconf 88' lang='lat' dir='ltr'><strong>con-</strong></span> 
     </span>
    </p>
   </div>
   <div class='ocr_carea' id='block_1_82' title="bbox 2114 3742 3719 3811">
    <p class='ocr_par' dir='ltr' id='par_1_82' title="bbox 2114 3742 3719 3811">
     <span class='ocr_line' id='line_1_82' title="bbox 2114 3742 3719 3811; baseline 0.002 -15"><span class='ocrx_word' id='word_1_621' title='bbox 2114 3748 2324 3796; x_wconf 91' lang='lat' dir='ltr'><strong>stanter</strong></span> <span class='ocrx_word' id='word_1_622' title='bbox 2358 3751 2598 3798; x_wconf 88' lang='lat' dir='ltr'><strong>maneat.</strong></span> <span class='ocrx_word' id='word_1_623' title='bbox 2651 3743 2960 3800; x_wconf 85' lang='lat' dir='ltr'><strong>Calefacere</strong></span> <span class='ocrx_word' id='word_1_624' title='bbox 3014 3752 3204 3799; x_wconf 90' lang='lat' dir='ltr'><strong>autem</strong></span> <span class='ocrx_word' id='word_1_625' title='bbox 3251 3759 3311 3798; x_wconf 92' lang='lat' dir='ltr'><strong>se</strong></span> <span class='ocrx_word' id='word_1_626' title='bbox 3378 3742 3606 3811; x_wconf 89' lang='lat' dir='ltr'><strong>dicitur,</strong></span> <span class='ocrx_word' id='word_1_627' title='bbox 3651 3759 3719 3801; x_wconf 91' lang='lat' dir='ltr'><strong>eo</strong></span> 
     </span>
    </p>
   </div>
   <div class='ocr_carea' id='block_1_83' title="bbox 2113 3831 3721 3905">
    <p class='ocr_par' dir='ltr' id='par_1_83' title="bbox 2113 3831 3721 3905">
     <span class='ocr_line' id='line_1_83' title="bbox 2113 3831 3721 3905; baseline 0.002 -19"><span class='ocrx_word' id='word_1_628' title='bbox 2113 3831 2261 3903; x_wconf 89' lang='lat' dir='ltr'><strong>quod</strong></span> <span class='ocrx_word' id='word_1_629' title='bbox 2285 3847 2398 3903; x_wconf 60' lang='lat' dir='ltr'><strong>pra</strong></span> <span class='ocrx_word' id='word_1_630' title='bbox 2427 3831 2644 3887; x_wconf 86' lang='lat' dir='ltr'><strong>fervore</strong></span> <span class='ocrx_word' id='word_1_631' title='bbox 2664 3839 2718 3887; x_wconf 89' lang='lat' dir='ltr'><strong>et</strong></span> <span class='ocrx_word' id='word_1_632' title='bbox 2746 3831 2893 3887; x_wconf 84' lang='lat' dir='ltr'><strong>fastu</strong></span> <span class='ocrx_word' id='word_1_633' title='bbox 2914 3831 3214 3904; x_wconf 89' lang='lat' dir='ltr'><strong>pertinacia</strong></span> <span class='ocrx_word' id='word_1_634' title='bbox 3257 3831 3488 3887; x_wconf 90' lang='lat' dir='ltr'><strong>laboret.</strong></span> <span class='ocrx_word' id='word_1_635' title='bbox 3522 3833 3721 3905; x_wconf 84' lang='lat' dir='ltr'><strong>Arguit</strong></span> 
     </span>
    </p>
   </div>
   <div class='ocr_carea' id='block_1_84' title="bbox 2112 3920 3719 3992">
    <p class='ocr_par' dir='ltr' id='par_1_84' title="bbox 2112 3920 3719 3992">
     <span class='ocr_line' id='line_1_84' title="bbox 2112 3920 3719 3992; baseline 0.003 -19"><span class='ocrx_word' id='word_1_636' title='bbox 2112 3927 2301 3975; x_wconf 88' lang='lat' dir='ltr'><strong>autem</strong></span> <span class='ocrx_word' id='word_1_637' title='bbox 2349 3936 2476 3976; x_wconf 91' lang='lat' dir='ltr'><strong>eum</strong></span> <span class='ocrx_word' id='word_1_638' title='bbox 2541 3920 2752 3987; x_wconf 86' lang='lat' dir='ltr'><strong>ancilla,</strong></span> <span class='ocrx_word' id='word_1_639' title='bbox 2813 3937 2980 3992; x_wconf 90' lang='lat' dir='ltr'><strong>parva</strong></span> <span class='ocrx_word' id='word_1_640' title='bbox 3035 3920 3295 3992; x_wconf 64' lang='lat' dir='ltr'><strong>quaedam</strong></span> <span class='ocrx_word' id='word_1_641' title='bbox 3358 3921 3617 3992; x_wconf 89' lang='lat' dir='ltr'><strong>voluptas</strong></span> <span class='ocrx_word' id='word_1_642' title='bbox 3661 3930 3719 3979; x_wconf 93' lang='lat' dir='ltr'><strong>et</strong></span> 
     </span>
    </p>
   </div>
   <div class='ocr_carea' id='block_1_85' title="bbox 2110 4007 3717 4082">
    <p class='ocr_par' dir='ltr' id='par_1_85' title="bbox 2110 4007 3717 4082">
     <span class='ocr_line' id='line_1_85' title="bbox 2110 4007 3717 4082; baseline 0.002 -19"><span class='ocrx_word' id='word_1_643' title='bbox 2110 4007 2436 4065; x_wconf 75' lang='lat' dir='ltr'><strong>eifeminans</strong></span> <span class='ocrx_word' id='word_1_644' title='bbox 2493 4029 2505 4064; x_wconf 90' lang='lat'>:</span> <span class='ocrx_word' id='word_1_645' title='bbox 2568 4009 2868 4081; x_wconf 83' lang='lat' dir='ltr'><strong>statimque</strong></span> <span class='ocrx_word' id='word_1_646' title='bbox 2931 4017 3103 4082; x_wconf 88' lang='lat' dir='ltr'><strong>negat</strong></span> <span class='ocrx_word' id='word_1_647' title='bbox 3154 4025 3492 4077; x_wconf 89' lang='lat' dir='ltr'><strong>sermonem,</strong></span> <span class='ocrx_word' id='word_1_648' title='bbox 3553 4019 3610 4066; x_wconf 91' lang='lat' dir='ltr'><strong>et</strong></span> <span class='ocrx_word' id='word_1_649' title='bbox 3659 4011 3717 4068; x_wconf 92' lang='lat' dir='ltr'><strong>in</strong></span> 
     </span>
    </p>
   </div>
   <div class='ocr_carea' id='block_1_86' title="bbox 2111 4098 3716 4171">
    <p class='ocr_par' dir='ltr' id='par_1_86' title="bbox 2111 4098 3716 4171">
     <span class='ocr_line' id='line_1_86' title="bbox 2111 4098 3716 4171; baseline 0.001 -16"><span class='ocrx_word' id='word_1_650' title='bbox 2111 4099 2508 4155; x_wconf 87' lang='lat' dir='ltr'><strong>absurditatem</strong></span> <span class='ocrx_word' id='word_1_651' title='bbox 2528 4098 2722 4156; x_wconf 90' lang='lat' dir='ltr'><strong>fertur.</strong></span> <span class='ocrx_word' id='word_1_652' title='bbox 2755 4098 2864 4155; x_wconf 88' lang='lat' dir='ltr'><strong>Sed</strong></span> <span class='ocrx_word' id='word_1_653' title='bbox 2893 4107 2950 4155; x_wconf 91' lang='lat' dir='ltr'><strong>et</strong></span> <span class='ocrx_word' id='word_1_654' title='bbox 2985 4099 3228 4171; x_wconf 89' lang='lat' dir='ltr'><strong>quadam</strong></span> <span class='ocrx_word' id='word_1_655' title='bbox 3278 4100 3502 4156; x_wconf 91' lang='lat' dir='ltr'><strong>adversa</strong></span> <span class='ocrx_word' id='word_1_656' title='bbox 3538 4109 3716 4158; x_wconf 85' lang='lat' dir='ltr'><strong>tenta-</strong></span> 
     </span>
    </p>
   </div>
   <div class='ocr_carea' id='block_1_87' title="bbox 2107 4189 3718 4262">
    <p class='ocr_par' dir='ltr' id='par_1_87' title="bbox 2107 4189 3718 4262">
     <span class='ocr_line' id='line_1_87' title="bbox 2107 4189 3718 4262; baseline 0.005 -20"><span class='ocrx_word' id='word_1_657' title='bbox 2107 4189 2258 4242; x_wconf 88' lang='lat' dir='ltr'><strong>tione</strong></span> <span class='ocrx_word' id='word_1_658' title='bbox 2299 4189 2564 4261; x_wconf 88' lang='lat' dir='ltr'><strong>arguitur,</strong></span> <span class='ocrx_word' id='word_1_659' title='bbox 2604 4189 2748 4244; x_wconf 93' lang='lat' dir='ltr'><strong>sicut</strong></span> <span class='ocrx_word' id='word_1_660' title='bbox 2774 4197 2907 4244; x_wconf 89' lang='lat' dir='ltr'><strong>tunc</strong></span> <span class='ocrx_word' id='word_1_661' title='bbox 2946 4191 3144 4244; x_wconf 88' lang='lat' dir='ltr'><strong>Petrus</strong></span> <span class='ocrx_word' id='word_1_662' title='bbox 3192 4189 3355 4262; x_wconf 62' lang='lat'><strong>741</strong></span> <span class='ocrx_word' id='word_1_663' title='bbox 3387 4207 3420 4246; x_wconf 86' lang='lat' dir='ltr'><strong>a</strong></span> <span class='ocrx_word' id='word_1_664' title='bbox 3450 4207 3633 4260; x_wconf 88' lang='lat' dir='ltr'><strong>servo,</strong></span> <span class='ocrx_word' id='word_1_665' title='bbox 3662 4202 3718 4250; x_wconf 87' lang='lat' dir='ltr'><strong>et</strong></span> 
     </span>
    </p>
   </div>
   <div class='ocr_carea' id='block_1_88' title="bbox 2108 4277 3716 4351">
    <p class='ocr_par' dir='ltr' id='par_1_88' title="bbox 2108 4277 3716 4351">
     <span class='ocr_line' id='line_1_88' title="bbox 2108 4277 3716 4351; baseline 0.002 -18"><span class='ocrx_word' id='word_1_666' title='bbox 2108 4277 2182 4333; x_wconf 91' lang='lat' dir='ltr'><strong>ita</strong></span> <span class='ocrx_word' id='word_1_667' title='bbox 2237 4278 2530 4334; x_wconf 76' lang='lat' dir='ltr'><strong>infirmitas</strong></span> <span class='ocrx_word' id='word_1_668' title='bbox 2558 4279 2674 4351; x_wconf 85' lang='lat' dir='ltr'><strong>ejus</strong></span> <span class='ocrx_word' id='word_1_669' title='bbox 2700 4278 3146 4350; x_wconf 88' lang='lat' dir='ltr'><strong>deprehenditur.</strong></span> <span class='ocrx_word' id='word_1_670' title='bbox 3175 4279 3280 4336; x_wconf 91' lang='lat' dir='ltr'><strong>Sed</strong></span> <span class='ocrx_word' id='word_1_671' title='bbox 3333 4295 3622 4351; x_wconf 85' lang='lat' dir='ltr'><strong>precemur</strong></span> <span class='ocrx_word' id='word_1_672' title='bbox 3653 4290 3716 4337; x_wconf 92' lang='lat' dir='ltr'><strong>ut</strong></span> 
     </span>
    </p>
   </div>
   <div class='ocr_carea' id='block_1_89' title="bbox 2111 4369 3714 4442">
    <p class='ocr_par' dir='ltr' id='par_1_89' title="bbox 2111 4369 3714 4442">
     <span class='ocr_line' id='line_1_89' title="bbox 2111 4369 3714 4442; baseline 0.002 -18"><span class='ocrx_word' id='word_1_673' title='bbox 2111 4369 2338 4442; x_wconf 88' lang='lat' dir='ltr'><strong>aspiciat</strong></span> <span class='ocrx_word' id='word_1_674' title='bbox 2365 4386 2470 4425; x_wconf 90' lang='lat' dir='ltr'><strong>nos</strong></span> <span class='ocrx_word' id='word_1_675' title='bbox 2490 4371 2650 4426; x_wconf 88' lang='lat' dir='ltr'><strong>Jcsus</strong></span> <span class='ocrx_word' id='word_1_676' title='bbox 2678 4371 2923 4426; x_wconf 89' lang='lat' dir='ltr'><strong>Verbum</strong></span> <span class='ocrx_word' id='word_1_677' title='bbox 2957 4371 3078 4432; x_wconf 89' lang='lat' dir='ltr'><strong>Dei,</strong></span> <span class='ocrx_word' id='word_1_678' title='bbox 3123 4378 3178 4426; x_wconf 90' lang='lat' dir='ltr'><strong>et</strong></span> <span class='ocrx_word' id='word_1_679' title='bbox 3221 4371 3290 4426; x_wconf 91' lang='lat' dir='ltr'><strong>ad</strong></span> <span class='ocrx_word' id='word_1_680' title='bbox 3323 4373 3714 4442; x_wconf 71' lang='lat' dir='ltr'><strong>paenitentiam</strong></span> 
     </span>
    </p>
   </div>
   <div class='ocr_carea' id='block_1_90' title="bbox 391 4453 2010 4538">
    <p class='ocr_par' dir='ltr' id='par_1_90' title="bbox 391 4453 1999 4538">
     <span class='ocr_line' id='line_1_90' title="bbox 391 4453 1999 4538; baseline 0.004 -26"><span class='ocrx_word' id='word_1_681' title='bbox 391 4454 702 4533; x_wconf 73' lang='grc' dir='ltr'>εὖξὼμεθα,</span> <span class='ocrx_word' id='word_1_682' title='bbox 754 4453 842 4514; x_wconf 78' lang='grc' dir='ltr'><strong>ἵνα</strong></span> <span class='ocrx_word' id='word_1_683' title='bbox 896 4456 1138 4538; x_wconf 72' lang='grc' dir='ltr'>ἐμϐλέψῃ</span> <span class='ocrx_word' id='word_1_684' title='bbox 1189 4458 1316 4534; x_wconf 84' lang='grc' dir='ltr'>ἡμῖν</span> <span class='ocrx_word' id='word_1_685' title='bbox 1367 4458 1572 4532; x_wconf 81' lang='grc' dir='ltr'>Ἰησοῦς</span> <span class='ocrx_word' id='word_1_686' title='bbox 1619 4463 1648 4518; x_wconf 89' lang='lat'><strong>6</strong></span> <span class='ocrx_word' id='word_1_687' title='bbox 1693 4461 1864 4537; x_wconf 82' lang='grc' dir='ltr'>Λόγος</span> <span class='ocrx_word' id='word_1_688' title='bbox 1893 4465 1999 4519; x_wconf 89' lang='grc' dir='ltr'><strong>τοῦ</strong></span> 
     </span>
    </p>
   </div>
   <div class='ocr_carea' id='block_1_91' title="bbox 2118 4453 3716 4538">
    <p class='ocr_par' dir='ltr' id='par_1_91' title="bbox 2118 4459 3716 4534">
     <span class='ocr_line' id='line_1_91' title="bbox 2118 4459 3716 4534; baseline 0.001 -18"><span class='ocrx_word' id='word_1_689' title='bbox 2118 4468 2169 4516; x_wconf 89' lang='lat' dir='ltr'><strong>et</strong></span> <span class='ocrx_word' id='word_1_690' title='bbox 2193 4460 2458 4533; x_wconf 87' lang='lat' dir='ltr'><strong>lacrymas</strong></span> <span class='ocrx_word' id='word_1_691' title='bbox 2483 4469 2746 4532; x_wconf 84' lang='lat' dir='ltr'><strong>provocet</strong></span> <span class='ocrx_word' id='word_1_692' title='bbox 2775 4479 2788 4516; x_wconf 91' lang='lat'>:</span> <span class='ocrx_word' id='word_1_693' title='bbox 2821 4460 2970 4534; x_wconf 89' lang='lat' dir='ltr'><strong>quod</strong></span> <span class='ocrx_word' id='word_1_694' title='bbox 2999 4460 3110 4528; x_wconf 86' lang='lat' dir='ltr'><strong>ﬁet,</strong></span> <span class='ocrx_word' id='word_1_695' title='bbox 3142 4459 3363 4532; x_wconf 89' lang='lat' dir='ltr'><strong>quando</strong></span> <span class='ocrx_word' id='word_1_696' title='bbox 3384 4462 3716 4517; x_wconf 86' lang='lat' dir='ltr'><strong>exiverimus</strong></span> 
     </span>
    </p>
   </div>
   <div class='ocr_carea' id='block_1_92' title="bbox 391 4544 2004 4629">
    <p class='ocr_par' dir='ltr' id='par_1_92' title="bbox 391 4544 2004 4629">
     <span class='ocr_line' id='line_1_92' title="bbox 391 4544 2004 4629; baseline 0.002 -23"><span class='ocrx_word' id='word_1_697' title='bbox 391 4549 570 4617; x_wconf 83' lang='grc' dir='ltr'>Θεοῦ,</span> <span class='ocrx_word' id='word_1_698' title='bbox 613 4544 706 4603; x_wconf 76' lang='grc' dir='ltr'><strong>καὶ</strong></span> <span class='ocrx_word' id='word_1_699' title='bbox 748 4548 820 4614; x_wconf 81' lang='grc' dir='ltr'><strong>εἰς</strong></span> <span class='ocrx_word' id='word_1_700' title='bbox 862 4547 1147 4622; x_wconf 83' lang='grc' dir='ltr'>μετάνοιαν</span> <span class='ocrx_word' id='word_1_701' title='bbox 1179 4549 1271 4606; x_wconf 83' lang='grc' dir='ltr'><strong>καὶ</strong></span> <span class='ocrx_word' id='word_1_702' title='bbox 1307 4548 1512 4629; x_wconf 79' lang='grc' dir='ltr'>δάκρυα</span> <span class='ocrx_word' id='word_1_703' title='bbox 1553 4547 1820 4629; x_wconf 79' lang='grc' dir='ltr'>ἐξεγείρῃ,</span> <span class='ocrx_word' id='word_1_704' title='bbox 1861 4550 2004 4619; x_wconf 82' lang='grc' dir='ltr'>ἐξελ-</span> 
     </span>
    </p>
   </div>
   <div class='ocr_carea' id='block_1_93' title="bbox 388 4635 2005 4718">
    <p class='ocr_par' dir='ltr' id='par_1_93' title="bbox 388 4635 2005 4718">
     <span class='ocr_line' id='line_1_93' title="bbox 388 4635 2005 4718; baseline 0.004 -25"><span class='ocrx_word' id='word_1_705' title='bbox 388 4637 577 4702; x_wconf 78' lang='grc' dir='ltr'>θόντας</span> <span class='ocrx_word' id='word_1_706' title='bbox 628 4638 778 4712; x_wconf 74' lang='grc' dir='ltr'>ἡμᾶς</span> <span class='ocrx_word' id='word_1_707' title='bbox 819 4635 919 4704; x_wconf 81' lang='grc' dir='ltr'><strong>ἔξω</strong></span> <span class='ocrx_word' id='word_1_708' title='bbox 964 4640 1060 4708; x_wconf 79' lang='grc' dir='ltr'><strong>τῆς</strong></span> <span class='ocrx_word' id='word_1_709' title='bbox 1104 4639 1269 4709; x_wconf 78' lang='grc' dir='ltr'>αὐλῆς</span> <span class='ocrx_word' id='word_1_710' title='bbox 1311 4643 1404 4698; x_wconf 89' lang='grc' dir='ltr'><strong>τοῦ</strong></span> <span class='ocrx_word' id='word_1_711' title='bbox 1459 4639 1548 4698; x_wconf 79' lang='grc' dir='ltr'><strong>τὸν</strong></span> <span class='ocrx_word' id='word_1_712' title='bbox 1602 4638 1801 4718; x_wconf 82' lang='grc' dir='ltr'>Κύριον</span> <span class='ocrx_word' id='word_1_713' title='bbox 1846 4664 2005 4699; x_wconf 82' lang='grc' dir='ltr'>σταυ-</span> 
     </span>
    </p>
   </div>
   <div class='ocr_carea' id='block_1_94' title="bbox 395 4725 2002 4810">
    <p class='ocr_par' dir='ltr' id='par_1_94' title="bbox 395 4725 2002 4810">
     <span class='ocr_line' id='line_1_94' title="bbox 395 4725 2002 4810; baseline 0.004 -26"><span class='ocrx_word' id='word_1_714' title='bbox 395 4732 610 4805; x_wconf 77' lang='grc' dir='ltr'>ροῦντος</span> <span class='ocrx_word' id='word_1_715' title='bbox 654 4725 972 4806; x_wconf 72' lang='grc' dir='ltr'>ἀρχιερέως,</span> <span class='ocrx_word' id='word_1_716' title='bbox 1027 4725 1083 4794; x_wconf 78' lang='grc' dir='ltr'>ὅς</span> <span class='ocrx_word' id='word_1_717' title='bbox 1125 4729 1267 4787; x_wconf 75' lang='grc' dir='ltr'>ἐστιν</span> <span class='ocrx_word' id='word_1_718' title='bbox 1315 4731 1342 4786; x_wconf 92' lang='lat'><strong>6</strong></span> <span class='ocrx_word' id='word_1_719' title='bbox 1372 4729 1780 4810; x_wconf 81' lang='grc' dir='ltr'>κοσμοκράτωρ.</span> <span class='ocrx_word' id='word_1_720' title='bbox 1829 4726 2002 4790; x_wconf 85' lang='grc' dir='ltr'>Ὅταν</span> 
     </span>
    </p>
   </div>
   <div class='ocr_carea' id='block_1_95' title="bbox 393 4814 2002 4901">
    <p class='ocr_par' dir='ltr' id='par_1_95' title="bbox 393 4814 2002 4901">
     <span class='ocr_line' id='line_1_95' title="bbox 393 4814 2002 4901; baseline 0.004 -30"><span class='ocrx_word' id='word_1_721' title='bbox 393 4815 498 4895; x_wconf 70' lang='grc' dir='ltr'><strong>γὰρ</strong></span> <span class='ocrx_word' id='word_1_722' title='bbox 543 4816 603 4874; x_wconf 77' lang='grc' dir='ltr'>ἐκ</span> <span class='ocrx_word' id='word_1_723' title='bbox 647 4822 740 4875; x_wconf 87' lang='grc' dir='ltr'><strong>τοῦ</strong></span> <span class='ocrx_word' id='word_1_724' title='bbox 785 4815 1021 4894; x_wconf 85' lang='grc' dir='ltr'>κόσμου,</span> <span class='ocrx_word' id='word_1_725' title='bbox 1062 4814 1116 4883; x_wconf 77' lang='grc' dir='ltr'>ὅς</span> <span class='ocrx_word' id='word_1_726' title='bbox 1165 4820 1304 4876; x_wconf 84' lang='grc' dir='ltr'>ἐστιν</span> <span class='ocrx_word' id='word_1_727' title='bbox 1357 4817 1494 4890; x_wconf 78' lang='grc' dir='ltr'>αὐλὴ</span> <span class='ocrx_word' id='word_1_728' title='bbox 1543 4824 1638 4879; x_wconf 87' lang='grc' dir='ltr'><strong>τοῦ</strong></span> <span class='ocrx_word' id='word_1_729' title='bbox 1691 4819 2002 4901; x_wconf 80' lang='grc' dir='ltr'>κοσμοκρά-</span> 
     </span>
    </p>
   </div>
   <div class='ocr_carea' id='block_1_96' title="bbox 390 4904 2000 4984">
    <p class='ocr_par' dir='ltr' id='par_1_96' title="bbox 390 4904 2000 4984">
     <span class='ocr_line' id='line_1_96' title="bbox 390 4904 2000 4984; baseline 0.004 -22"><span class='ocrx_word' id='word_1_730' title='bbox 390 4927 567 4984; x_wconf 81' lang='grc' dir='ltr'>τορος,</span> <span class='ocrx_word' id='word_1_731' title='bbox 606 4904 932 4983; x_wconf 76' lang='grc' dir='ltr'>ἐξέλθωμεν,</span> <span class='ocrx_word' id='word_1_732' title='bbox 968 4906 1088 4966; x_wconf 89' lang='grc' dir='ltr'>τότε</span> <span class='ocrx_word' id='word_1_733' title='bbox 1125 4906 1222 4979; x_wconf 86' lang='grc' dir='ltr'><strong>δὴ,</strong></span> <span class='ocrx_word' id='word_1_734' title='bbox 1262 4907 1380 4967; x_wconf 86' lang='grc' dir='ltr'>τότε</span> <span class='ocrx_word' id='word_1_735' title='bbox 1422 4909 1496 4974; x_wconf 81' lang='grc' dir='ltr'>εἷς</span> <span class='ocrx_word' id='word_1_736' title='bbox 1537 4908 1826 4984; x_wconf 78' lang='grc' dir='ltr'>μετάνοιαν</span> <span class='ocrx_word' id='word_1_737' title='bbox 1872 4911 2000 4969; x_wconf 82' lang='grc' dir='ltr'>εἰλι-</span> 
     </span>
    </p>
   </div>
   <div class='ocr_carea' id='block_1_97' title="bbox 390 4995 1999 5079">
    <p class='ocr_par' dir='ltr' id='par_1_97' title="bbox 390 4995 1999 5079">
     <span class='ocr_line' id='line_1_97' title="bbox 390 4995 1999 5079; baseline 0.004 -28"><span class='ocrx_word' id='word_1_738' title='bbox 390 5000 548 5073; x_wconf 81' lang='grc' dir='ltr'>κρινῆ</span> <span class='ocrx_word' id='word_1_739' title='bbox 603 4995 1044 5072; x_wconf 85' lang='grc' dir='ltr'>ἀναστησόμεθα·</span> <span class='ocrx_word' id='word_1_740' title='bbox 1105 4995 1243 5055; x_wconf 82' lang='grc' dir='ltr'>καθὰ</span> <span class='ocrx_word' id='word_1_741' title='bbox 1299 4996 1392 5056; x_wconf 74' lang='grc' dir='ltr'><strong>καὶ</strong></span> <span class='ocrx_word' id='word_1_742' title='bbox 1454 5001 1483 5057; x_wconf 88' lang='lat'><strong>6</strong></span> <span class='ocrx_word' id='word_1_743' title='bbox 1539 4997 1756 5065; x_wconf 89' lang='grc' dir='ltr'>Παῦλός</span> <span class='ocrx_word' id='word_1_744' title='bbox 1809 5023 1999 5079; x_wconf 79' lang='grc' dir='ltr'>φησιν·</span> 
     </span>
    </p>
   </div>
   <div class='ocr_carea' id='block_1_98' title="bbox 389 5083 2001 5167">
    <p class='ocr_par' dir='ltr' id='par_1_98' title="bbox 389 5083 2001 5167">
     <span class='ocr_line' id='line_1_98' title="bbox 389 5083 2001 5167; baseline 0.005 -27"><span class='ocrx_word' id='word_1_745' title='bbox 389 5113 414 5136; x_wconf 73' lang='grc' dir='ltr'><strong>ε</strong></span> <span class='ocrx_word' id='word_1_746' title='bbox 445 5083 816 5164; x_wconf 75' lang='grc' dir='ltr'>Ἐξερχόμεθα</span> <span class='ocrx_word' id='word_1_747' title='bbox 847 5086 978 5165; x_wconf 85' lang='grc' dir='ltr'>πρὸς</span> <span class='ocrx_word' id='word_1_748' title='bbox 1017 5085 1176 5144; x_wconf 80' lang='grc' dir='ltr'>αὐτὸν</span> <span class='ocrx_word' id='word_1_749' title='bbox 1216 5084 1320 5154; x_wconf 78' lang='grc' dir='ltr'><strong>ἔξω</strong></span> <span class='ocrx_word' id='word_1_750' title='bbox 1350 5091 1447 5160; x_wconf 77' lang='grc' dir='ltr'><strong>τῆς</strong></span> <span class='ocrx_word' id='word_1_751' title='bbox 1489 5087 1696 5167; x_wconf 83' lang='grc' dir='ltr'>πύλης,</span> <span class='ocrx_word' id='word_1_752' title='bbox 1729 5088 2001 5162; x_wconf 86' lang='grc' dir='ltr'>τουτέστι,</span> 
     </span>
    </p>
   </div>
   <div class='ocr_carea' id='block_1_99' title="bbox 385 5174 1739 5256">
    <p class='ocr_par' dir='ltr' id='par_1_99' title="bbox 385 5174 1739 5256">
     <span class='ocr_line' id='line_1_99' title="bbox 385 5174 1739 5256; baseline 0.002 -23"><span class='ocrx_word' id='word_1_753' title='bbox 385 5178 484 5233; x_wconf 87' lang='grc' dir='ltr'><strong>τοῦ</strong></span> <span class='ocrx_word' id='word_1_754' title='bbox 513 5176 752 5251; x_wconf 84' lang='grc' dir='ltr'>κόσμου,</span> <span class='ocrx_word' id='word_1_755' title='bbox 781 5175 870 5234; x_wconf 84' lang='grc' dir='ltr'><strong>τὸν</strong></span> <span class='ocrx_word' id='word_1_756' title='bbox 901 5174 1200 5252; x_wconf 79' lang='grc' dir='ltr'>ὀνειδισμὸν</span> <span class='ocrx_word' id='word_1_757' title='bbox 1232 5177 1390 5236; x_wconf 79' lang='grc' dir='ltr'>αὐτοῦ</span> <span class='ocrx_word' id='word_1_758' title='bbox 1424 5175 1681 5256; x_wconf 78' lang='grc' dir='ltr'>φέροντες.</span> <span class='ocrx_word' id='word_1_759' title='bbox 1713 5206 1739 5231; x_wconf 70' lang='grc' dir='ltr'><strong>ν</strong></span> 
     </span>
    </p>
   </div>
   <div class='ocr_carea' id='block_1_100' title="bbox 469 5261 2001 5349">
    <p class='ocr_par' dir='ltr' id='par_1_100' title="bbox 469 5261 2001 5349">
     <span class='ocr_line' id='line_1_100' title="bbox 469 5261 2001 5349; baseline 0.003 -24"><span class='ocrx_word' id='word_1_760' title='bbox 469 5292 496 5316; x_wconf 77' lang='grc' dir='ltr'><strong>ε</strong></span> <span class='ocrx_word' id='word_1_761' title='bbox 564 5261 802 5349; x_wconf 41' lang='grc' dir='ltr'>Ἄγουσι.</span> <span class='ocrx_word' id='word_1_762' title='bbox 836 5263 924 5323; x_wconf 80' lang='grc' dir='ltr'><strong>τὸν</strong></span> <span class='ocrx_word' id='word_1_763' title='bbox 975 5264 1187 5338; x_wconf 85' lang='grc' dir='ltr'>Ἰησοῦν</span> <span class='ocrx_word' id='word_1_764' title='bbox 1240 5265 1345 5325; x_wconf 81' lang='grc' dir='ltr'><strong>ἀπὸ</strong></span> <span class='ocrx_word' id='word_1_765' title='bbox 1395 5273 1490 5326; x_wconf 88' lang='grc' dir='ltr'><strong>τοῦ</strong></span> <span class='ocrx_word' id='word_1_766' title='bbox 1549 5269 1766 5349; x_wconf 77' lang='grc' dir='ltr'>Καϊάφα</span> <span class='ocrx_word' id='word_1_767' title='bbox 1819 5271 1891 5337; x_wconf 85' lang='grc' dir='ltr'>εἷς</span> <span class='ocrx_word' id='word_1_768' title='bbox 1941 5270 2001 5329; x_wconf 83' lang='grc' dir='ltr'>τὸ</span> 
     </span>
    </p>
   </div>
   <div class='ocr_carea' id='block_1_101' title="bbox 382 5344 1998 5436">
    <p class='ocr_par' dir='ltr' id='par_1_101' title="bbox 382 5344 1998 5436">
     <span class='ocr_line' id='line_1_101' title="bbox 382 5344 1998 5436; baseline 0.004 -25"><span class='ocrx_word' id='word_1_769' title='bbox 382 5354 736 5434; x_wconf 84' lang='grc' dir='ltr'>πραιτώριον.</span> <span class='ocrx_word' id='word_1_770' title='bbox 781 5344 892 5415; x_wconf 78' lang='grc' dir='ltr'>Ἦν</span> <span class='ocrx_word' id='word_1_771' title='bbox 942 5357 998 5414; x_wconf 84' lang='grc' dir='ltr'>δὲ</span> <span class='ocrx_word' id='word_1_772' title='bbox 1047 5353 1251 5436; x_wconf 80' lang='grc' dir='ltr'>πρωΐα·</span> <span class='ocrx_word' id='word_1_773' title='bbox 1294 5356 1387 5415; x_wconf 80' lang='grc' dir='ltr'><strong>καὶ</strong></span> <span class='ocrx_word' id='word_1_774' title='bbox 1427 5359 1576 5417; x_wconf 78' lang='grc' dir='ltr'>αὐτοὶ</span> <span class='ocrx_word' id='word_1_775' title='bbox 1618 5360 1714 5418; x_wconf 83' lang='grc' dir='ltr'>οὐκ</span> <span class='ocrx_word' id='word_1_776' title='bbox 1757 5363 1998 5432; x_wconf 80' lang='grc' dir='ltr'>εἰσῆλθον</span> 
     </span>
    </p>
   </div>
   <div class='ocr_carea' id='block_1_102' title="bbox 383 5442 1998 5530">
    <p class='ocr_par' dir='ltr' id='par_1_102' title="bbox 383 5442 1998 5530">
     <span class='ocr_line' id='line_1_102' title="bbox 383 5442 1998 5530; baseline 0.004 -28"><span class='ocrx_word' id='word_1_777' title='bbox 383 5446 455 5510; x_wconf 77' lang='grc' dir='ltr'>εἰς</span> <span class='ocrx_word' id='word_1_778' title='bbox 493 5444 556 5502; x_wconf 82' lang='grc' dir='ltr'>τὸ</span> <span class='ocrx_word' id='word_1_779' title='bbox 596 5444 957 5526; x_wconf 79' lang='grc' dir='ltr'>πραιτώριον,</span> <span class='ocrx_word' id='word_1_780' title='bbox 997 5442 1091 5503; x_wconf 78' lang='grc' dir='ltr'><strong>ἵνα</strong></span> <span class='ocrx_word' id='word_1_781' title='bbox 1133 5443 1573 5530; x_wconf 35' lang='grc' dir='ltr'>μὴῌμιανθῶσιν,</span> <span class='ocrx_word' id='word_1_782' title='bbox 1617 5447 1736 5507; x_wconf 88' lang='grc' dir='ltr'>ἀλλ’</span> <span class='ocrx_word' id='word_1_783' title='bbox 1774 5447 1863 5508; x_wconf 74' lang='grc' dir='ltr'><strong>ἵνα</strong></span> <span class='ocrx_word' id='word_1_784' title='bbox 1895 5449 1998 5530; x_wconf 79' lang='grc' dir='ltr'>φοί-</span> 
     </span>
    </p>
   </div>
   <div class='ocr_carea' id='block_1_103' title="bbox 383 5526 1993 5620">
    <p class='ocr_par' dir='ltr' id='par_1_103' title="bbox 383 5526 1993 5620">
     <span class='ocr_line' id='line_1_103' title="bbox 383 5526 1993 5620; baseline 0.002 -26"><span class='ocrx_word' id='word_1_785' title='bbox 383 5557 521 5612; x_wconf 82' lang='grc' dir='ltr'>γωσι</span> <span class='ocrx_word' id='word_1_786' title='bbox 536 5534 606 5620; x_wconf 57' lang='grc' dir='ltr'><strong>τὸ</strong></span> <span class='ocrx_word' id='word_1_787' title='bbox 635 5535 864 5616; x_wconf 81' lang='grc' dir='ltr'>Πάσχα.</span> <span class='ocrx_word' id='word_1_788' title='bbox 899 5535 1166 5607; x_wconf 77' lang='grc' dir='ltr'>Ἐξῆλθεν</span> <span class='ocrx_word' id='word_1_789' title='bbox 1192 5526 1282 5594; x_wconf 68' lang='grc' dir='ltr'><strong>οὖν</strong></span> <span class='ocrx_word' id='word_1_790' title='bbox 1308 5541 1336 5595; x_wconf 91' lang='lat'><strong>6</strong></span> <span class='ocrx_word' id='word_1_791' title='bbox 1364 5538 1596 5606; x_wconf 81' lang='grc' dir='ltr'>Πιλάτος</span> <span class='ocrx_word' id='word_1_792' title='bbox 1620 5538 1752 5620; x_wconf 84' lang='grc' dir='ltr'>πρὸς</span> <span class='ocrx_word' id='word_1_793' title='bbox 1774 5526 1993 5618; x_wconf 67' lang='grc' dir='ltr'>αὐτοῦς,</span> 
     </span>
    </p>
   </div>
   <div class='ocr_carea' id='block_1_104' title="bbox 381 5615 1992 5711">
    <p class='ocr_par' dir='ltr' id='par_1_104' title="bbox 381 5615 1992 5711">
     <span class='ocr_line' id='line_1_104' title="bbox 381 5615 1992 5711; baseline 0.003 -27"><span class='ocrx_word' id='word_1_794' title='bbox 381 5627 475 5686; x_wconf 81' lang='grc' dir='ltr'><strong>καὶ</strong></span> <span class='ocrx_word' id='word_1_795' title='bbox 514 5615 663 5686; x_wconf 80' lang='grc' dir='ltr'>εἷπε·</span> <span class='ocrx_word' id='word_1_796' title='bbox 700 5615 838 5688; x_wconf 77' lang='grc' dir='ltr'>Τίνα</span> <span class='ocrx_word' id='word_1_797' title='bbox 877 5624 1211 5704; x_wconf 85' lang='grc' dir='ltr'>κατηγορίαν</span> <span class='ocrx_word' id='word_1_798' title='bbox 1250 5624 1437 5707; x_wconf 74' lang='grc' dir='ltr'>φέρετε</span> <span class='ocrx_word' id='word_1_799' title='bbox 1477 5626 1618 5687; x_wconf 76' lang='grc' dir='ltr'>κατὰ</span> <span class='ocrx_word' id='word_1_800' title='bbox 1654 5615 1746 5689; x_wconf 78' lang='grc' dir='ltr'><strong>τοῦ</strong></span> <span class='ocrx_word' id='word_1_801' title='bbox 1791 5615 1992 5711; x_wconf 49' lang='grc' dir='ltr'>ἀνθρώξ</span> 
     </span>
    </p>
   </div>
   <div class='ocr_carea' id='block_1_105' title="bbox 452 5785 1525 5862">
    <p class='ocr_par' dir='ltr' id='par_1_105' title="bbox 452 5785 1525 5862">
     <span class='ocr_line' id='line_1_105' title="bbox 452 5785 1525 5862; baseline -0.004 -16"><span class='ocrx_word' id='word_1_802' title='bbox 452 5785 499 5825; x_wconf 73' lang='grc'><strong>’⁷</strong></span> <span class='ocrx_word' id='word_1_803' title='bbox 523 5787 729 5846; x_wconf 77' lang='lat' dir='ltr'><strong>Matth.</strong></span> <span class='ocrx_word' id='word_1_804' title='bbox 763 5802 850 5862; x_wconf 80' lang='lat' dir='ltr'><strong>lx,</strong></span> <span class='ocrx_word' id='word_1_805' title='bbox 883 5794 980 5846; x_wconf 78' lang='lat'><strong>22.</strong></span> <span class='ocrx_word' id='word_1_806' title='bbox 1065 5785 1111 5825; x_wconf 77' lang='grc'><strong>’³</strong></span> <span class='ocrx_word' id='word_1_807' title='bbox 1137 5786 1311 5845; x_wconf 84' lang='lat' dir='ltr'><strong>Hebr.</strong></span> <span class='ocrx_word' id='word_1_808' title='bbox 1342 5802 1404 5844; x_wconf 83' lang='lat' dir='ltr'><strong>x.</strong></span> <span class='ocrx_word' id='word_1_809' title='bbox 1441 5793 1525 5844; x_wconf 89' lang='lat'><strong>38.</strong></span> 
     </span>
    </p>
   </div>
   <div class='ocr_carea' id='block_1_106' title="bbox 2112 4550 3718 4622">
    <p class='ocr_par' dir='ltr' id='par_1_106' title="bbox 2112 4550 3718 4622">
     <span class='ocr_line' id='line_1_106' title="bbox 2112 4550 3718 4622; baseline 0.001 -16"><span class='ocrx_word' id='word_1_810' title='bbox 2112 4566 2178 4606; x_wconf 86' lang='lat' dir='ltr'><strong>ex</strong></span> <span class='ocrx_word' id='word_1_811' title='bbox 2205 4551 2346 4607; x_wconf 87' lang='lat' dir='ltr'><strong>atrio</strong></span> <span class='ocrx_word' id='word_1_812' title='bbox 2368 4550 2644 4621; x_wconf 87' lang='lat' dir='ltr'><strong>pontiﬁcis</strong></span> <span class='ocrx_word' id='word_1_813' title='bbox 2672 4551 2764 4621; x_wconf 91' lang='lat' dir='ltr'><strong>qui</strong></span> <span class='ocrx_word' id='word_1_814' title='bbox 2794 4551 3096 4607; x_wconf 87' lang='lat' dir='ltr'><strong>Dominum</strong></span> <span class='ocrx_word' id='word_1_815' title='bbox 3137 4550 3426 4622; x_wconf 84' lang='lat' dir='ltr'><strong>cruciﬁgit,</strong></span> <span class='ocrx_word' id='word_1_816' title='bbox 3454 4560 3510 4606; x_wconf 91' lang='lat' dir='ltr'><strong>et</strong></span> <span class='ocrx_word' id='word_1_817' title='bbox 3533 4559 3718 4608; x_wconf 87' lang='lat' dir='ltr'><strong>rector</strong></span> 
     </span>
    </p>
   </div>
   <div class='ocr_carea' id='block_1_107' title="bbox 2112 4639 3715 4713">
    <p class='ocr_par' dir='ltr' id='par_1_107' title="bbox 2112 4639 3715 4713">
     <span class='ocr_line' id='line_1_107' title="bbox 2112 4639 3715 4713; baseline 0.001 -18"><span class='ocrx_word' id='word_1_818' title='bbox 2112 4647 2198 4695; x_wconf 89' lang='lat' dir='ltr'><strong>est</strong></span> <span class='ocrx_word' id='word_1_819' title='bbox 2243 4640 2457 4696; x_wconf 91' lang='lat' dir='ltr'><strong>mundi.</strong></span> <span class='ocrx_word' id='word_1_820' title='bbox 2489 4639 2728 4710; x_wconf 85' lang='lat' dir='ltr'><strong>Quando</strong></span> <span class='ocrx_word' id='word_1_821' title='bbox 2767 4641 2918 4696; x_wconf 91' lang='lat' dir='ltr'><strong>enim</strong></span> <span class='ocrx_word' id='word_1_822' title='bbox 2956 4649 3108 4696; x_wconf 84' lang='lat' dir='ltr'><strong>extra</strong></span> <span class='ocrx_word' id='word_1_823' title='bbox 3161 4639 3454 4706; x_wconf 90' lang='lat' dir='ltr'><strong>mundum,</strong></span> <span class='ocrx_word' id='word_1_824' title='bbox 3509 4641 3600 4713; x_wconf 88' lang='lat' dir='ltr'><strong>qui</strong></span> <span class='ocrx_word' id='word_1_825' title='bbox 3631 4649 3715 4696; x_wconf 90' lang='lat' dir='ltr'><strong>est</strong></span> 
     </span>
    </p>
   </div>
   <div class='ocr_carea' id='block_1_108' title="bbox 2111 4729 3714 4802">
    <p class='ocr_par' dir='ltr' id='par_1_108' title="bbox 2111 4729 3714 4802">
     <span class='ocr_line' id='line_1_108' title="bbox 2111 4729 3714 4802; baseline 0.001 -18"><span class='ocrx_word' id='word_1_826' title='bbox 2111 4730 2312 4786; x_wconf 88' lang='lat' dir='ltr'><strong>atrium</strong></span> <span class='ocrx_word' id='word_1_827' title='bbox 2342 4731 2574 4787; x_wconf 86' lang='lat' dir='ltr'><strong>rectoris</strong></span> <span class='ocrx_word' id='word_1_828' title='bbox 2605 4731 2816 4798; x_wconf 90' lang='lat' dir='ltr'><strong>mundi,</strong></span> <span class='ocrx_word' id='word_1_829' title='bbox 2850 4730 3050 4802; x_wconf 89' lang='lat' dir='ltr'><strong>egressi</strong></span> <span class='ocrx_word' id='word_1_830' title='bbox 3083 4729 3372 4798; x_wconf 82' lang='lat' dir='ltr'><strong>fuerimus,</strong></span> <span class='ocrx_word' id='word_1_831' title='bbox 3417 4738 3548 4785; x_wconf 89' lang='lat' dir='ltr'><strong>tunc</strong></span> <span class='ocrx_word' id='word_1_832' title='bbox 3579 4742 3714 4785; x_wconf 87' lang='lat' dir='ltr'><strong>sane</strong></span> 
     </span>
    </p>
   </div>
   <div class='ocr_carea' id='block_1_109' title="bbox 2110 4818 3710 4891">
    <p class='ocr_par' dir='ltr' id='par_1_109' title="bbox 2110 4818 3710 4891">
     <span class='ocr_line' id='line_1_109' title="bbox 2110 4818 3710 4891; baseline -0.003 -15"><span class='ocrx_word' id='word_1_833' title='bbox 2110 4819 2180 4876; x_wconf 89' lang='lat' dir='ltr'><strong>ad</strong></span> <span class='ocrx_word' id='word_1_834' title='bbox 2222 4821 2606 4891; x_wconf 76' lang='lat' dir='ltr'><strong>poenitentiam</strong></span> <span class='ocrx_word' id='word_1_835' title='bbox 2663 4820 2942 4876; x_wconf 89' lang='lat' dir='ltr'><strong>sinceram</strong></span> <span class='ocrx_word' id='word_1_836' title='bbox 2983 4835 3344 4890; x_wconf 80' lang='lat' dir='ltr'><strong>exsurgemus</strong></span> <span class='ocrx_word' id='word_1_837' title='bbox 3401 4839 3413 4875; x_wconf 89' lang='lat'>:</span> <span class='ocrx_word' id='word_1_838' title='bbox 3463 4818 3606 4874; x_wconf 91' lang='lat' dir='ltr'><strong>sicut</strong></span> <span class='ocrx_word' id='word_1_839' title='bbox 3652 4825 3710 4872; x_wconf 90' lang='lat' dir='ltr'><strong>et</strong></span> 
     </span>
    </p>
   </div>
   <div class='ocr_carea' id='block_1_110' title="bbox 2111 4909 3710 4981">
    <p class='ocr_par' dir='ltr' id='par_1_110' title="bbox 2111 4909 3710 4981">
     <span class='ocr_line' id='line_1_110' title="bbox 2111 4909 3710 4981; baseline -0.001 -17"><span class='ocrx_word' id='word_1_840' title='bbox 2111 4909 2314 4964; x_wconf 89' lang='lat' dir='ltr'><strong>Paulus</strong></span> <span class='ocrx_word' id='word_1_841' title='bbox 2348 4909 2480 4965; x_wconf 88' lang='lat' dir='ltr'><strong>dicit</strong></span> <span class='ocrx_word' id='word_1_842' title='bbox 2508 4929 2520 4964; x_wconf 93' lang='lat'>:</span> <span class='ocrx_word' id='word_1_843' title='bbox 2565 4932 2591 4957; x_wconf 79' lang='grc' dir='ltr'><strong>α</strong></span> <span class='ocrx_word' id='word_1_844' title='bbox 2617 4909 2981 4981; x_wconf 85' lang='lat' dir='ltr'><strong>Egrediamur</strong></span> <span class='ocrx_word' id='word_1_845' title='bbox 3020 4909 3089 4964; x_wconf 88' lang='lat' dir='ltr'><strong>ad</strong></span> <span class='ocrx_word' id='word_1_846' title='bbox 3125 4925 3253 4966; x_wconf 91' lang='lat' dir='ltr'><strong>eum</strong></span> <span class='ocrx_word' id='word_1_847' title='bbox 3283 4918 3436 4966; x_wconf 85' lang='lat' dir='ltr'><strong>extra</strong></span> <span class='ocrx_word' id='word_1_848' title='bbox 3469 4915 3710 4979; x_wconf 87' lang='lat' dir='ltr'><strong>portam,</strong></span> 
     </span>
    </p>
   </div>
   <div class='ocr_carea' id='block_1_111' title="bbox 2108 4996 3606 5072">
    <p class='ocr_par' dir='ltr' id='par_1_111' title="bbox 2108 4996 3606 5072">
     <span class='ocr_line' id='line_1_111' title="bbox 2108 4996 3606 5072; baseline -0.003 -17"><span class='ocrx_word' id='word_1_849' title='bbox 2108 4996 2214 5055; x_wconf 91' lang='lat' dir='ltr'><strong>hoc</strong></span> <span class='ocrx_word' id='word_1_850' title='bbox 2242 5006 2328 5055; x_wconf 91' lang='lat' dir='ltr'><strong>est</strong></span> <span class='ocrx_word' id='word_1_851' title='bbox 2357 4997 2649 5067; x_wconf 89' lang='lat' dir='ltr'><strong>mundum,</strong></span> <span class='ocrx_word' id='word_1_852' title='bbox 2681 4998 3042 5071; x_wconf 88' lang='lat' dir='ltr'><strong>opprobrium</strong></span> <span class='ocrx_word' id='word_1_853' title='bbox 3071 4998 3189 5072; x_wconf 87' lang='lat' dir='ltr'><strong>ej-us</strong></span> <span class='ocrx_word' id='word_1_854' title='bbox 3212 4997 3454 5057; x_wconf 83' lang='lat' dir='ltr'><strong>ferentes</strong></span> <span class='ocrx_word' id='word_1_855' title='bbox 3477 4998 3546 5051; x_wconf 69' lang='grc'><strong>⁸⁸.</strong></span> <span class='ocrx_word' id='word_1_856' title='bbox 3579 5019 3606 5045; x_wconf 70' lang='grc' dir='ltr'>ι»</span> 
     </span>
    </p>
   </div>
   <div class='ocr_carea' id='block_1_112' title="bbox 2178 5280 3710 5354">
    <p class='ocr_par' dir='ltr' id='par_1_112' title="bbox 2178 5280 3710 5354">
     <span class='ocr_line' id='line_1_112' title="bbox 2178 5280 3710 5354; baseline 0 -17"><span class='ocrx_word' id='word_1_857' title='bbox 2178 5281 2359 5337; x_wconf 76' lang='lat' dir='ltr'><strong>Vens.</strong></span> <span class='ocrx_word' id='word_1_858' title='bbox 2403 5284 2598 5339; x_wconf 84' lang='lat'><strong>28—32.</strong></span> <span class='ocrx_word' id='word_1_859' title='bbox 2649 5303 2675 5330; x_wconf 74' lang='grc' dir='ltr'>«ι</span> <span class='ocrx_word' id='word_1_860' title='bbox 2710 5284 2940 5339; x_wconf 90' lang='lat' dir='ltr'><strong>Ducunt</strong></span> <span class='ocrx_word' id='word_1_861' title='bbox 2968 5297 3098 5354; x_wconf 87' lang='lat' dir='ltr'><strong>ergo</strong></span> <span class='ocrx_word' id='word_1_862' title='bbox 3126 5283 3316 5338; x_wconf 88' lang='lat' dir='ltr'><strong>Jesum</strong></span> <span class='ocrx_word' id='word_1_863' title='bbox 3354 5297 3384 5337; x_wconf 89' lang='lat' dir='ltr'><strong>a</strong></span> <span class='ocrx_word' id='word_1_864' title='bbox 3417 5280 3623 5352; x_wconf 87' lang='lat' dir='ltr'><strong>Caipha</strong></span> <span class='ocrx_word' id='word_1_865' title='bbox 3651 5280 3710 5337; x_wconf 93' lang='lat' dir='ltr'><strong>in</strong></span> 
     </span>
    </p>
   </div>
   <div class='ocr_carea' id='block_1_113' title="bbox 2109 5370 3713 5443">
    <p class='ocr_par' dir='ltr' id='par_1_113' title="bbox 2109 5370 3713 5443">
     <span class='ocr_line' id='line_1_113' title="bbox 2109 5370 3713 5443; baseline 0 -17"><span class='ocrx_word' id='word_1_866' title='bbox 2109 5371 2445 5441; x_wconf 66' lang='lat' dir='ltr'><strong>praetorium.</strong></span> <span class='ocrx_word' id='word_1_867' title='bbox 2477 5372 2609 5427; x_wconf 87' lang='lat' dir='ltr'><strong>Erat</strong></span> <span class='ocrx_word' id='word_1_868' title='bbox 2633 5379 2819 5428; x_wconf 88' lang='lat' dir='ltr'><strong>autem</strong></span> <span class='ocrx_word' id='word_1_869' title='bbox 2853 5387 3036 5438; x_wconf 90' lang='lat' dir='ltr'><strong>mane,</strong></span> <span class='ocrx_word' id='word_1_870' title='bbox 3058 5370 3225 5443; x_wconf 86' lang='lat' dir='ltr'><strong>etipsi</strong></span> <span class='ocrx_word' id='word_1_871' title='bbox 3244 5370 3713 5426; x_wconf 89' lang='lat' dir='ltr'><strong>nonintroierunt</strong></span> 
     </span>
    </p>
   </div>
   <div class='ocr_carea' id='block_1_114' title="bbox 2109 5458 3711 5530">
    <p class='ocr_par' dir='ltr' id='par_1_114' title="bbox 2109 5458 3711 5530">
     <span class='ocr_line' id='line_1_114' title="bbox 2109 5458 3711 5530; baseline 0.003 -17"><span class='ocrx_word' id='word_1_872' title='bbox 2109 5458 2161 5514; x_wconf 91' lang='lat' dir='ltr'><strong>in</strong></span> <span class='ocrx_word' id='word_1_873' title='bbox 2191 5459 2537 5530; x_wconf 69' lang='lat' dir='ltr'><strong>prtetorium,</strong></span> <span class='ocrx_word' id='word_1_874' title='bbox 2567 5477 2637 5516; x_wconf 91' lang='lat' dir='ltr'><strong>ne</strong></span> <span class='ocrx_word' id='word_1_875' title='bbox 2674 5462 3205 5530; x_wconf 88' lang='lat' dir='ltr'><strong>contaminarentur,</strong></span> <span class='ocrx_word' id='word_1_876' title='bbox 3249 5459 3347 5516; x_wconf 90' lang='lat' dir='ltr'><strong>sed</strong></span> <span class='ocrx_word' id='word_1_877' title='bbox 3394 5467 3457 5515; x_wconf 91' lang='lat' dir='ltr'><strong>ut</strong></span> <span class='ocrx_word' id='word_1_878' title='bbox 3485 5461 3711 5518; x_wconf 84' lang='lat' dir='ltr'><strong>ederent</strong></span> 
     </span>
    </p>
   </div>
   <div class='ocr_carea' id='block_1_115' title="bbox 2107 5547 3705 5623">
    <p class='ocr_par' dir='ltr' id='par_1_115' title="bbox 2107 5547 3705 5623">
     <span class='ocr_line' id='line_1_115' title="bbox 2107 5547 3705 5623; baseline 0 -17"><span class='ocrx_word' id='word_1_879' title='bbox 2107 5549 2338 5606; x_wconf 89' lang='lat' dir='ltr'><strong>Pascha.</strong></span> <span class='ocrx_word' id='word_1_880' title='bbox 2371 5551 2549 5606; x_wconf 88' lang='lat' dir='ltr'><strong>Exivit</strong></span> <span class='ocrx_word' id='word_1_881' title='bbox 2594 5567 2724 5623; x_wconf 87' lang='lat' dir='ltr'><strong>ergo</strong></span> <span class='ocrx_word' id='word_1_882' title='bbox 2753 5551 2960 5606; x_wconf 88' lang='lat' dir='ltr'><strong>Pilatus</strong></span> <span class='ocrx_word' id='word_1_883' title='bbox 3001 5550 3071 5607; x_wconf 91' lang='lat' dir='ltr'><strong>ad</strong></span> <span class='ocrx_word' id='word_1_884' title='bbox 3101 5566 3196 5606; x_wconf 91' lang='lat' dir='ltr'><strong>eos</strong></span> <span class='ocrx_word' id='word_1_885' title='bbox 3228 5547 3397 5617; x_wconf 83' lang='lat' dir='ltr'><strong>foras,</strong></span> <span class='ocrx_word' id='word_1_886' title='bbox 3427 5559 3482 5606; x_wconf 90' lang='lat' dir='ltr'><strong>et</strong></span> <span class='ocrx_word' id='word_1_887' title='bbox 3509 5551 3646 5607; x_wconf 84' lang='lat' dir='ltr'><strong>dixit</strong></span> <span class='ocrx_word' id='word_1_888' title='bbox 3690 5569 3705 5606; x_wconf 95' lang='lat'><strong>:</strong></span> 
     </span>
    </p>
   </div>
   <div class='ocr_carea' id='block_1_116' title="bbox 2108 5638 3708 5710">
    <p class='ocr_par' dir='ltr' id='par_1_116' title="bbox 2108 5638 3708 5710">
     <span class='ocr_line' id='line_1_116' title="bbox 2108 5638 3708 5710; baseline 0.002 -14"><span class='ocrx_word' id='word_1_889' title='bbox 2108 5641 2287 5710; x_wconf 87' lang='lat' dir='ltr'><strong>Quam</strong></span> <span class='ocrx_word' id='word_1_890' title='bbox 2335 5639 2740 5698; x_wconf 88' lang='lat' dir='ltr'><strong>accusationem</strong></span> <span class='ocrx_word' id='word_1_891' title='bbox 2809 5638 3020 5699; x_wconf 80' lang='lat' dir='ltr'><strong>affertis</strong></span> <span class='ocrx_word' id='word_1_892' title='bbox 3075 5640 3336 5700; x_wconf 87' lang='lat' dir='ltr'><strong>adversus</strong></span> <span class='ocrx_word' id='word_1_893' title='bbox 3418 5639 3708 5700; x_wconf 88' lang='lat' dir='ltr'><strong>hominem</strong></span> 
     </span>
    </p>
   </div>
  </div>
