4128 6454
405 435 512 489 255

1424 429 1939 487 THEOPHYLACTI
1976 429 2333 486 BULGARI/E
2369 427 2684 486 ARCHIEP.
3605 433 3714 485 256

405 557 595 616 hunc?
634 557 1062 631 Responderunt
1089 565 1143 614 et
1189 557 1447 614 dixerunt
1475 555 1523 612 ei
1555 574 1568 612 :
1601 556 1656 613 Si
1700 572 1816 612 non
1859 563 1993 612 esset

2111 579 2212 615 που
2256 555 2467 629 τούτου;
2505 554 2928 635 Ἀπεκρίθησαν,
2973 555 3065 615 καὶ
3113 546 3261 614 εἶπον
3305 556 3479 635 αὐτῷ’
3524 557 3591 616 Εἰ
3631 555 3712 633 μὴ

403 647 491 704 hic
510 665 738 717 nocens,
780 648 1209 720 haudquaquam
1249 647 1346 702 tibi
1385 645 1807 702 tradidissemus
1851 661 1998 701 eum.

403 736 559 790 Dixit
591 751 720 808 ergo
751 735 827 792 eis
853 736 1061 792 Pilatus
1095 753 1108 790 :
1140 734 1387 805 Accipite
1415 749 1546 789 eum
1570 748 1690 800 vos,
1720 741 1774 788 et
1803 749 2001 789 secun-

403 824 538 881 dum
580 826 759 897 legem
785 833 1025 881 vestram
1059 824 1302 897 judicate
1353 840 1500 880 eum.
1549 825 1818 880 Dixerunt
1871 839 2002 896 ergo

403 916 457 971 ei
492 914 669 971 Judaei
715 934 729 970 :
759 916 932 972 Nobis
964 933 1078 973 non
1121 918 1249 974 licet
1284 918 1589 974 interﬁcere
1615 933 1951 990 quemquam
1983 936 1996 972 :

404 1013 468 1062 ut
495 1020 680 1061 sermo
725 1007 862 1062 Jesu
910 1008 1259 1078 impleretur,
1289 1024 1456 1080 quem
1509 1007 1645 1065 dixit
1693 1008 2002 1082 significans

406 1110 519 1167 qua
547 1105 730 1152 morte
768 1106 913 1154 esset
967 1097 1289 1154 moriturus.
1342 1120 1369 1147 ι
1417 1097 1504 1154 Ad
1554 1096 1758 1153 multos
1792 1096 2005 1169 judices

403 1183 616 1240 ducunt
657 1187 986 1254 Dominum,
1038 1187 1325 1258 opinantes
1365 1203 1424 1243 se
1460 1187 1621 1242 illum
1671 1185 2001 1242 contumelia

398 1273 716 1345 affecturos,
762 1279 857 1335 sed
891 1294 1078 1334 revera
1117 1295 1212 1351 per
1239 1278 1413 1334 multa
1455 1277 1747 1333 tribunalia
1788 1277 2000 1334 clarum

400 1364 664 1422 reddunt.
691 1367 963 1424 Dominus
990 1369 1138 1424 enim
1167 1383 1262 1439 per
1291 1369 1478 1424 omnia
1531 1367 1618 1422 illa
1665 1366 1841 1422 exivit
1886 1383 2000 1422 non

400 1456 682 1514 convictus
710 1458 778 1515 de
820 1459 1074 1526 crimine,
1115 1459 1288 1514 robur
1320 1457 1530 1513 habens
1559 1457 1645 1512 cui
1694 1457 1999 1513 contradici

401 1557 513 1598 non
543 1546 739 1616 potuit.
788 1551 1016 1603 Ducunt
1043 1563 1174 1619 ergo
1221 1562 1348 1603 eum
1384 1545 1453 1602 ad
1504 1547 1846 1618 praetorium.
1878 1549 2002 1602 Non

401 1633 551 1688 enim
602 1633 881 1692 habebant
921 1637 1025 1708 ipsi
1069 1645 1400 1709 potestatem
1458 1635 1763 1705 occidendi,
1813 1643 2002 1707 utpote

399 1734 590 1776 rerum
619 1725 958 1795 potientibus
1004 1727 1305 1792 Romanis;
1338 1727 1418 1782 vel
1463 1725 1596 1798 quia
1633 1725 1904 1782 timebant
1930 1741 2001 1781 ne

398 1818 586 1880 postea
639 1829 828 1884 poenas
860 1816 1090 1882 luerent,
1137 1816 1379 1872 accusati
1431 1814 1579 1887 quod
1617 1813 1999 1871 indemnatum

2111 637 2175 717 ἦν
2210 638 2359 712 οὗτος
2393 647 2709 716 κακοποιὸς,
2753 648 2846 704 οὐκ
2883 645 2944 704 ἄν
2985 668 3069 704 σοι
3102 643 3489 725 παρεδώκαμεν
3522 645 3708 705 αὐτόν.

2114 725 2280 795 Εἶπεν
2325 726 2410 793 οὖν
2457 738 2632 800 αὐτοῖς
2675 737 2703 792 6
2747 734 3006 800 Πιλάτος·
3057 734 3267 794 Λάϐετε
3320 733 3474 793 αὐτὸν
3524 735 3708 810 ὑμεῖς,

2111 825 2202 883 καὶ
2242 823 2380 884 κατὰ
2413 823 2502 882 τὸν
2546 823 2704 899 νόμον
2743 827 2888 900 ὑμῶν
2927 823 3143 904 κρίνατε
3180 823 3362 883 αὐτόν.
3411 813 3577 884 Εἶπον
3617 813 3713 881 οὖν

2112 917 2255 992 αὖτῷ
2312 917 2361 972 οἳ
2417 915 2691 974 Ἰουδαῖοι·
2753 912 2919 988 Ἡμῖν
2979 915 3073 972 οὐκ
3133 911 3333 981 ἔξεστιν
3393 915 3711 972 ἀποκτεῖναι

2110 1003 2320 1061 οὖδέναυ
2369 1001 2455 1060 ἵνα
2501 1004 2528 1059 6
2558 1001 2710 1080 λόγος
2757 1008 2847 1060 τοῦ
2901 1002 3083 1074 Ἰησοῦ
3130 1003 3421 1079 πληρωθῇ,
3459 1000 3514 1060 ὃν
3559 993 3709 1075 εἷπε,

2109 1093 2386 1169 σημαίνων
2459 1091 2594 1170 ποίῳ
2669 1092 2876 1168 θανάτῳ
2953 1091 3174 1168 ἔμελλεν
3252 1089 3622 1162 ἀποθνήσκειν.
3672 1113 3702 1147 n

2112 1183 2338 1247 Πολλοῖς
2390 1177 2748 1260 δικαστηρίοις
2801 1181 3063 1258 ὑπάγουσι
3121 1180 3209 1240 τὸν
3272 1180 3504 1258 Κύριον,
3557 1180 3712 1239 αὐτοὶ

2111 1271 2205 1348 μὲν
2268 1270 2606 1349 καθυϐρίζειν
2666 1268 2820 1328 αὐτὸν
2883 1271 3148 1346 οἰόμενοι,
3208 1273 3301 1341 τῆς
3349 1268 3404 1328 δὲ
3457 1270 3712 1341 ἀληθείας

2112 1362 2334 1436 μᾶλλονί
2361 1359 2447 1418 διὰ
2492 1363 2597 1418 τῶν
2641 1360 2852 1417 πολλῶν
2897 1360 3250 1438 δικαστηρίων
3298 1359 3707 1440 ἐκφαινομένης.

2113 1449 2457 1524 Ἇνέγκλητος
2523 1448 2627 1527 γὰρ
2695 1447 2783 1506 διὰ
2855 1448 3054 1507 τούτων
3125 1448 3343 1508 πάντων
3413 1451 3441 1506 6
3512 1447 3710 1527 Κύριος

2111 1537 2360 1611 ἐξελθὼν,
2424 1539 2806 1618 ἀναντίρρητον
2873 1537 2933 1596 τὸ
2991 1538 3183 1620 κράτος
3235 1538 3418 1620 ἔσχεν,
3464 1535 3710 1616 Ἄγουσιν

2109 1621 2198 1688 οὖν
2259 1627 2414 1686 αὐτὸν
2466 1628 2537 1693 εἰς
2594 1617 2661 1685 τνὸγ
2699 1617 3046 1706 πραιτώριον.
3103 1628 3182 1687 Οὐ
3223 1625 3325 1706 γὰρ
3369 1617 3512 1706 εἶχον
3560 1626 3714 1684 αὐτοὶ

2110 1718 2349 1786 ἐξουσίαν
2382 1718 2616 1788 ἀνελεῖν,
2645 1715 2737 1774 ἅτε
2765 1720 2869 1774 τῶν
2901 1716 3234 1794 πραγμάτων
3275 1716 3377 1774 ὑπὸ
3415 1714 3714 1791 Ῥωμαίοις

2110 1807 2394 1883 κειμένων·
2439 1805 2552 1882 ἅμα
2605 1805 2659 1863 δὲ
2700 1805 2789 1863 καὶ
2835 1805 3214 1877 ἐδεδοίκεισαν,
3249 1805 3441 1882 μήπως
3489 1805 3712 1884 ὕστερον

395 1897 819 1962 interfecissent.
867 1929 894 1954 ε
932 1908 1066 1962 Erat
1110 1913 1294 1961 autem
1351 1920 1537 1973 mane,
1591 1926 1616 1952 ιο
1665 1904 1890 1975 inquit:
1939 1913 1993 1960 ul

2114 1898 2264 1963 δίκας
2325 1894 2600 1973 ὑπόσχωσι
2651 1894 3126 1974 κατηγορηθέντες,
3184 1898 3255 1960 ὣς
3312 1896 3436 1952 ἄνευ
3485 1894 3714 1972 κρίσεως

397 1985 578 2045 discas
616 1993 768 2063 quod
798 2011 896 2066 per
923 1994 1216 2051 dimidium
1243 1995 1423 2049 noctis
1459 2010 1489 2048 a
1529 1992 1730 2064 Caipha
1759 1993 2001 2049 interro-

398 2085 562 2147 gatus
590 2081 682 2137 sit.
715 2084 872 2139 Prius
919 2085 1072 2138 enim
1103 2099 1269 2152 quam
1316 2083 1491 2154 gallus
1517 2091 1780 2151 cantaret,
1825 2082 2004 2138 abdu-

401 2173 527 2222 ctus
552 2177 637 2224 est
660 2171 726 2226 ad
754 2172 1043 2243 Caipham.
1067 2172 1210 2242 Quid
1233 2180 1420 2228 autem
1443 2171 1512 2228 ab
1542 2188 1608 2228 eo
1635 2172 2001 2245 interrogarit,

399 2253 624 2312 silentio
655 2262 924 2330 praeteriit
967 2261 1070 2317 iste
1101 2261 1454 2333 evangelista.
1492 2261 1595 2318 Alii
1635 2271 1817 2319 autem
1845 2263 2002 2320 dixe-

401 2351 576 2400 runt:
615 2349 754 2404 Cum
792 2358 1012 2406 noctem
1059 2351 1120 2406 in
1159 2351 1264 2407 illis
1313 2349 1692 2422 perfecissent,
1742 2368 1902 2408 mane
1931 2353 2000 2409 ad

400 2431 636 2491 Pilatum
667 2437 959 2496 duxerunt.
1007 2463 1033 2490 α
1069 2441 1177 2512 Ipsi
1224 2448 1412 2496 autem
1439 2456 1551 2496 non
1600 2450 1732 2497 sunt
1769 2443 1999 2514 ingressi

399 2521 458 2576 in
489 2528 827 2596 praetorium,
859 2536 921 2584 ut
948 2545 1016 2584 ne
1041 2529 1435 2600 polluerentur.
1488 2552 1514 2578 ν
1554 2531 1603 2586 Ο
1635 2529 1996 2588 dementiam!

404 2609 608 2679 Injuste
623 2613 846 2684 quidem
863 2614 1204 2682 occidebant,
1221 2623 1276 2671 et
1297 2631 1405 2671 non
1435 2615 1699 2686 putabant
1714 2632 1772 2672 se
1795 2618 1989 2688 pollui:

397 2705 453 2753 et
482 2699 648 2769 pollui
676 2717 738 2757 se
782 2702 1097 2770 credebant,
1144 2703 1186 2758 si
1231 2702 1646 2774 ingrederentur
1686 2704 1746 2760 iu
1797 2715 1997 2776 praeto-

397 2787 569 2843 rium.
605 2789 746 2858 Quid
773 2807 961 2847 autem
1005 2799 1110 2860 est,
1143 2815 1168 2840 α
1203 2800 1266 2848 ut
1302 2791 1662 2848 comederent
1688 2794 1933 2849 Pascha?
1970 2818 1992 2842 ιι

396 2876 541 2932 Sane
585 2879 861 2935 Dominus
897 2880 1030 2936 illud
1080 2879 1209 2936 fecit
1259 2879 1435 2950 prima
1491 2887 1847 2954 Azymorum.
1898 2883 1994 2939 Vel

399 2966 566 3038 igitur
617 2967 983 3042 intelligamus
1017 2986 1114 3042 per
1165 2970 1374 3026 Pascha
1421 2986 1584 3026 omne
1643 2970 1850 3028 festum
1906 2987 1992 3027 se-

395 3063 547 3125 ptem
595 3055 831 3124 dierum,
877 3059 958 3114 vel
1006 3057 1157 3130 quod
1200 3059 1300 3130 ipsi
1341 3059 1566 3132 quidem
1619 3059 1998 3116 manducaturi

412 3145 650 3200 erantin
683 3161 990 3216 parasceva:
1031 3163 1270 3219 vespere.
1326 3152 1446 3220 Ipse
1491 3156 1677 3204 autem
1726 3149 2000 3205 Dominus

2113 1984 2398 2051 ἀνελόντες.
2441 2006 2471 2042 (ι
2499 1974 2609 2044 Ἦν
2642 1983 2696 2042 δὲ
2727 1981 2935 2063 πρωία,
2984 2007 3011 2041 ι)
3061 1984 3252 2064 φησὶν,
3287 1982 3374 2041 ἵνα
3404 1983 3468 2042 σὺ
3501 1983 3706 2061 μάθῃς,

2111 2077 2191 2134 ὅτι
2241 2073 2410 2150 ἥμισυ
2456 2077 2550 2145 τῆς
2585 2072 2770 2140 νυκτὸς
2812 2073 2913 2131 ὑπὸ
2963 2073 3188 2154 Καῖάφα
3237 2076 3506 2153 ἠρωτᾶτο.
3571 2074 3711 2152 Πρὶν

2109 2164 2212 2244 γὰρ
2261 2164 2520 2242 ἀλέκτορα
2566 2166 2834 2242 φωνῆσαι,
2874 2162 3093 2241 ἀπήχθη
3132 2163 3262 2242 πρὸς
3315 2162 3588 2244 Καϊάφαν.
3635 2161 3713 2222 Τί

2112 2253 2167 2312 δὲ
2210 2253 2313 2311 ὑπὸ
2355 2251 2539 2310 τούτου
2581 2255 2856 2332 ἠρωτᾷτο,
2898 2255 3111 2332 παρῆκε
3152 2251 3246 2325 μὲν
3292 2242 3439 2319 οὗτος
3478 2254 3506 2308 6
3550 2253 3713 2328 εὐαγ-

2109 2341 2374 2421 γελιστὴς,
2424 2340 2594 2422 ἕτεροι
2637 2340 2689 2398 δὲ
2733 2330 2897 2399 εἷπον.
2941 2330 3055 2411 Τῆς
3097 2341 3150 2398 δὲ
3188 2340 3370 2408 νυκτὸς
3410 2341 3461 2398 ἐν
3504 2341 3712 2407 τούτοις

2111 2431 2450 2502 ἀνυσθείσης,
2485 2425 2692 2511 πρωίας
2723 2434 2853 2509 πρὸς
2887 2431 3120 2488 Πιλάτον
3154 2430 3442 2505 ἀπάγεται.
3481 2456 3502 2480 κ
3541 2429 3711 2489 Αὐτοὶ

2108 2522 2162 2579 δὲ
2204 2523 2298 2581 οὐκ
2338 2523 2578 2594 εἰσῆλθον
2620 2522 2690 2588 εἰς
2733 2522 2791 2580 τὸ
2833 2519 3184 2600 πραιτώριον,
3224 2518 3311 2578 ἵνα
3354 2520 3428 2596 μὴ
3472 2523 3711 2596 μιανθῶ-

2108 2634 2214 2670 σιν.
2267 2637 2291 2663 ι
2329 2607 2403 2670 Ὢ
2453 2615 2548 2682 τ’ἧς
2597 2610 2809 2676 ἀνοίαςί
2863 2613 3142 2678 Φονῶντες
3191 2610 3288 2687 μὲν
3336 2609 3558 2682 ἀδίκως,
3609 2611 3710 2670 οὐκ

2108 2700 2342 2776 ἐνόμιζον
2399 2700 2727 2774 μιαίνεσθαι·
2781 2699 3137 2778 δικαστηρίων
3198 2697 3252 2758 δὲ
3315 2698 3707 2773 ἐπιϐαίνοντες,

2108 2789 2330 2864 μιαίνειν
2360 2789 2575 2855 ἑαυτοὺς
2605 2793 2849 2866 ἡγοῦντο.
2898 2789 2972 2849 Τί
3005 2791 3062 2848 δέ
3094 2791 3263 2861 ἐστιν,
3296 2814 3320 2841 α
3361 2786 3448 2844 ἵνα
3490 2788 3708 2865 φάγωσι

2104 2877 2164 2936 τὸ
2214 2879 2441 2958 “uiola;
2486 2904 2510 2930 ι
2538 2878 2630 2936 καὶ
2660 2876 2782 2955 ξμὴν
2837 2878 2965 2936 αὐτὸ
3009 2884 3036 2939 6
3095 2879 3287 2955 Κύριος
3335 2877 3594 2945 πεποίηκε
3635 2882 3706 2956 τῇ

2105 2966 2290 3046 πρώτῃ
2325 2971 2429 3025 τῶν
2464 2966 2721 3044 Ἀζύμων.
2767 2964 2842 3028 Ἦ
2885 2959 2973 3026 οὖν
3013 2967 3215 3047 Πάσχα
3257 2965 3353 3038 τὴν
3383 2965 3568 3046 ἑορτὴν
3599 2976 3708 3024 πᾶ-

2107 3078 2204 3114 σαν
2239 3055 2498 3132 νοήσομεν
2535 3055 2627 3124 τὰς
2661 3055 2797 3114 ἑπτὰ
2827 3061 3061 3136 ἡμέρας,
3094 3056 3129 3128 ἢ
3163 3057 3244 3114 ὅτι
3281 3056 3428 3115 αὐτοὶ
3461 3057 3554 3131 μὲν
3585 3055 3705 3116 τότε

2108 3144 2325 3220 ἔμελλον
2359 3143 2489 3202 αὐτὸ
2519 3153 2706 3224 φαγεῖν
2835 3149 3148 3226 παρασκευῇ
3179 3143 3431 3222 ἐσπέρας’
3464 3143 3618 3212 αὐτὸς
3647 3145 3705 3203 δὲ

396 3249 507 3289 uno
549 3233 634 3290 die
683 3237 962 3306 praevenit,
1011 3252 1290 3293 reservans
1329 3239 1416 3294 sui
1454 3237 1789 3294 occisionem
1832 3255 1990 3309 para-

2106 3234 2208 3312 πρὸ
2241 3242 2365 3312 μιᾶς
2395 3233 2524 3292 αὐτὸ
2556 3233 2872 3311 παρέδωκε,
2909 3239 3084 3314 τηρῶν
3127 3234 3222 3305 τὴν
3265 3236 3455 3292 ἑαυτοῦ
3495 3233 3704 3312 σφαγὴν

395 3338 592 3393 scevae,
621 3325 844 3397 quando
873 3335 929 3381 et
957 3335 1111 3382 vetus
1141 3326 1306 3382 ﬁebat
1329 3326 1557 3382 Pascha.
1585 3329 1758 3384 Porro
1793 3329 1996 3387 Pilatus

396 3412 674 3484 aliquanto
714 3413 1024 3482 humanior,
1060 3415 1174 3486 ipse
1213 3415 1486 3488 egreditur
1519 3438 1531 3472 :
1565 3425 1621 3472 et
1649 3418 1778 3489 quia
1805 3419 1997 3473 Domi-

394 3517 530 3557 num
594 3503 728 3560 vidit
771 3505 1039 3572 vinctum,
1087 3521 1196 3561 non
1245 3506 1574 3562 existimavit
1623 3507 1752 3564 inde
1793 3508 1911 3580 jam
1940 3524 1997 3563 se

399 3607 624 3649 causam
659 3593 861 3650 habere
902 3604 1095 3652 contra
1125 3596 1429 3662 Christum,
1459 3595 1556 3651 sed
1585 3595 1883 3668 interrogat
1926 3597 1996 3653 de

400 3697 562 3738 causa
592 3685 958 3742 vinculorum.
993 3691 1066 3742 At
1112 3685 1167 3742 hi
1197 3703 1327 3742 cum
1363 3685 1496 3742 nihil
1529 3695 1751 3758 possent
1791 3687 1993 3758 dicere,

400 3797 425 3822 ι
485 3775 600 3831 Nisi
639 3775 726 3832 hic
767 3785 912 3834 esset
951 3777 1298 3846 malefactor,
1351 3779 1532 3844 aiunt,
1578 3795 1690 3834 non
1737 3779 1836 3834 tibi
1884 3788 1994 3834 tra-

398 3863 729 3923 didissemus
777 3883 925 3924 eum.
970 3892 994 3916 ν
1045 3869 1210 3925 Vides
1238 3885 1332 3925 eos
1372 3869 1526 3924 omni
1557 3869 1678 3925 loco
1725 3869 1996 3925 declinare

398 3956 810 4013 accusationes?
881 3959 1070 4012 Annas
1113 3957 1481 4029 interrogavit,
1542 3965 1598 4012 et
1647 3956 1780 4011 nihil
1840 3955 1991 4012 inve-

400 4042 502 4098 nit.
551 4044 720 4115 742
746 4045 829 4099 Ad
860 4045 1126 4116 Caipham
1156 4046 1324 4113 misit,
1357 4046 1448 4116 qui
1481 4046 1681 4100 iterum
1713 4061 1838 4100 cum
1863 4060 1995 4099 exa-

393 4131 668 4187 minasset
694 4148 766 4188 eu
798 4149 878 4200 m,
922 4133 993 4188 ad
1037 4134 1268 4189 Pilatum
1310 4135 1480 4189 misit.
1526 4133 1743 4189 Deinde
1790 4134 1996 4189 Pilatus

391 4221 595 4276 iterum
638 4223 944 4294 interrogat
990 4244 1002 4279 ε
1061 4225 1239 4292 Quam
1305 4221 1711 4279 accusationem
1784 4221 1994 4278 habetis

393 4317 586 4366 contra
634 4309 818 4368 hunc?
865 4315 936 4367 Et
991 4328 1169 4383 neque
1214 4311 1319 4368 hoc
1365 4312 1485 4367 loco
1547 4311 1726 4366 dicere
1787 4310 1993 4382 aliquid

391 4407 642 4471 possunt.
674 4400 838 4458 Unde
868 4401 992 4473 quia
1018 4401 1153 4456 nihil
1181 4401 1368 4458 dicunt
1397 4421 1410 4456 :
1437 4420 1467 4454 ιι
1487 4401 1756 4470 Accipite,
1791 4400 1988 4472 inquit,

390 4505 488 4545 vos
511 4489 688 4559 illum,
731 4515 758 4540 ι)
798 4493 920 4564 quia
951 4492 1099 4548 enim
1129 4491 1414 4564 vobisipsis
1437 4490 1708 4563 judicium
1751 4489 1987 4545 vindica-

388 4578 479 4645 tis,
525 4585 579 4634 et
623 4590 944 4654 arroganter
999 4581 1310 4654 loquimini,
1355 4581 1512 4652 quasi
1553 4579 1691 4634 nihil
1742 4595 1985 4650 unquam

387 4668 514 4722 mali
541 4668 819 4726 feceritis:
854 4693 877 4720 α
926 4671 1044 4726 Nisi
1085 4671 1253 4738 enim,
1284 4671 1564 4741 inquiunt,
1597 4668 1787 4723 fuisset
1814 4667 1984 4723 male-

390 4754 582 4824 factor,
610 4773 721 4812 non
746 4758 843 4813 tibi
868 4758 1288 4814 tradidissemus
1327 4774 1456 4814 eum
1490 4777 1502 4813 :
1540 4780 1565 4805 »
1597 4757 1695 4828 ipsi
1735 4756 1987 4826 accipite,

389 4853 444 4900 et
464 4845 726 4917 judicate.
771 4847 824 4902 Si
849 4857 1033 4903 autem
1062 4849 1127 4902 ad
1161 4864 1250 4904 me
1294 4847 1631 4904 detulissetis
1659 4861 1903 4913 causam,
1935 4853 1990 4901 et

387 4933 628 4990 formam
655 4935 799 5006 juris
827 4937 1161 5003 servassetis,
1208 4937 1586 4992 necessarium
1630 4933 1823 4991 fuisset
1863 4950 1990 5006 pro-

384 5023 529 5081 ferre
570 5041 763 5081 causas
804 5025 1063 5082 hominis.
1105 5050 1130 5075 α
1175 5027 1426 5082 Judicate
1460 5041 1588 5082 eum
1647 5041 1758 5080 vos.
1803 5047 1828 5072 ιο
1872 5027 1986 5094 Ego

383 5114 531 5170 enim
572 5115 893 5188 neutiquam
943 5117 1071 5172 talis
1112 5115 1278 5188 judex
1337 5115 1555 5172 fuerim.
1605 5115 1775 5185 Igitur
1813 5114 1857 5169 si
1902 5114 1984 5169 lex

380 5211 560 5258 vestra
586 5219 701 5258 non
729 5204 916 5260 audita
958 5221 1124 5260 causa
1154 5206 1326 5277 punit,
1359 5227 1384 5253 «
1411 5205 1656 5277 judicate
1682 5203 1806 5274 ipsi.
1847 5226 1871 5251 υ
1912 5208 1986 5259 At

380 5289 457 5345 illi
479 5291 668 5348 dicunt
693 5313 704 5349 :
747 5317 771 5342 α
803 5295 977 5350 Nobis
1006 5311 1116 5350 non
1144 5295 1265 5350 licet
1294 5294 1542 5350 occidere
1567 5307 1924 5364 quemquam.
1954 5315 1978 5341 ι)

380 5380 504 5434 Hoc
528 5389 713 5436 autem
740 5382 992 5439 dixerunt
1039 5383 1272 5440 scientes
1302 5386 1450 5455 quod
1479 5383 1717 5439 Romani
1747 5382 1816 5437 ad
1856 5398 1981 5436 crus

380 5481 504 5522 cem
552 5471 984 5528 condemnarent
1025 5473 1269 5529 rebelles.
1326 5475 1407 5529 Ut
1445 5473 1608 5545 igitur
1643 5470 1981 5542 cruciﬁgere-

381 5561 472 5609 tur
505 5557 798 5628 Dominus,
828 5569 884 5616 et
907 5577 1060 5618 mors
1091 5562 1204 5633 ejus
1231 5561 1622 5633 invulgaretur,
1655 5561 1770 5632 ejus
1809 5557 1980 5631 gratia

381 5652 690 5713 praitexunt
735 5649 882 5718 quod
926 5666 1038 5705 non
1077 5650 1238 5707 liceat
1272 5650 1376 5706 sibi
1429 5650 1675 5707 occidere
1723 5670 1735 5706 :
1778 5649 1982 5718 alioqui

380 5732 661 5812 quomodo
724 5736 1066 5808 Stephanum
1139 5739 1492 5812 lapidarunt?
1558 5739 1678 5811 sed,
1752 5747 1814 5796 ut
1848 5737 1981 5807 dixi,

450 5810 495 5844 ’9
523 5817 648 5869 Act.
683 5829 796 5884 vu,
825 5820 892 5872 58

2015 4626 2064 4687 D

2103 3327 2169 3402 τῇ
2216 3328 2564 3404 παρασκευῇ,
2605 3323 2689 3382 ὅτε
2731 3323 2822 3382 καὶ
2859 3325 2921 3384 τὸ
2961 3324 3193 3383 παλαιὸν
3235 3324 3434 3401 ἐγίνετο
3476 3325 3703 3403 Πάσχα,

2104 3411 2172 3473 Ὁ
2214 3415 2266 3472 δὲ
2311 3412 2545 3479 Πιλάτος
2575 3412 2958 3491 ἐπιεικέστερόν
2998 3438 3048 3474 τι
3087 3417 3282 3486 ποιῶν,
3317 3413 3475 3479 αὐτὸς
3514 3413 3704 3481 ἔξεισι·

2104 3505 2194 3563 καὶ
2233 3504 2416 3574 ἐπειδὴ
2455 3504 2544 3562 τὸν
2589 3505 2787 3584 Κύριον
2828 3491 2933 3563 εἶδε
2975 3504 3282 3580 δεδεμένον,
3325 3504 3420 3561 οὖκ
3463 3502 3704 3576 ἐνόμισεν

2106 3595 2335 3653 ἐντεῦθεν
2392 3594 2495 3666 ἤδη
2558 3593 2778 3675 ἔλεγχον
2843 3595 2986 3674 ἔχειν
3046 3593 3185 3654 κατὰ
3246 3595 3516 3672 Χριστοῦ,
3579 3594 3705 3650 ἀλλ’

2105 3685 2276 3765 ἐρωτᾷ
2313 3683 2408 3755 τὴν
2448 3684 2621 3743 αἰτίαν
2661 3688 2765 3742 τῶν
2812 3685 3044 3763 δεσμῶν.
3085 3686 3156 3742 Οἳ
3205 3683 3260 3740 δὲ
3308 3681 3456 3739 οὐδὲν
3497 3683 3705 3760 ἔχοντες

2104 3775 2298 3844 εἰπεῖν,
2351 3800 2374 3825 α
2419 3773 2484 3830 Εἰ
2516 3772 2589 3850 μὴ
2633 3765 2697 3844 ἦν
2740 3765 2890 3842 οἶτος
2929 3773 3241 3838 κακοποιὸς,
3282 3771 3468 3851 φασὶν,
3507 3773 3601 3829 οὐκ
3635 3771 3702 3828 ἄν

2104 3885 2187 3922 σοι
2237 3861 2625 3941 παρεδώκαμεν
2674 3864 2848 3923 αὐτόν.
2907 3888 2931 3915 υ
2977 3861 3144 3942 (Ορᾷς
3195 3865 3471 3940 πανταχοῦ
3513 3859 3700 3917 ἐκκλί-

2103 3974 2286 4017 νοντας
2317 3950 2436 4015 τοὺς
2469 3949 2754 4028 ἐλέγχους;
2784 3951 2853 4011 cO
2884 3950 3072 4018 Ἅννας
3102 3951 3354 4030 ἠρώτησε
3373 3995 3388 4022 ,
3434 3948 3525 4006 καὶ
3549 3948 3697 4008 οὐδὲν

2103 4037 2294 4117 εὑρὼν,
2341 4038 2470 4119 πρὸς
2523 4040 2770 4120 Καϊάφαν
2819 4040 3075 4120 ἔπεμψεν.
3128 4031 3300 4105 Οὗτος
3359 4039 3520 4097 πάλιν
3571 4041 3700 4096 ἀνα-

2102 4125 2313 4204 κρίνας,
2339 4127 2470 4205 πρὸς
2511 4119 2744 4187 Πιλάτον
2785 4119 3015 4191 στέλλει.
3051 4119 3187 4197 Εἶτα
3217 4133 3243 4187 6
3276 4128 3509 4192 Πιλάτος
3538 4129 3697 4186 πάλιν

2104 4218 2305 4296 ἐρωτᾷν
2355 4215 2492 4275 Τίνα
2549 4218 2873 4296 κατηγορίαν
2924 4217 3077 4298 ἔχετε
3128 4217 3267 4276 κατὰ
3318 4215 3540 4290 τούτου;
3588 4216 3698 4276 Καὶ

2103 4301 2220 4361 οὐδὲ
2265 4307 2488 4362 ἐνταῦθα
2531 4304 2710 4383 ἔχουσί
2753 4329 2802 4363 τι
2843 4307 3032 4366 εἰπεῖν.
3077 4306 3241 4365 ⁰Οθεν
3285 4305 3465 4376 ἐπειδὴ
3508 4307 3566 4362 οὐ
3607 4305 3694 4363 λέ·-

2100 4416 2278 4468 γουσιν
2335 4392 2513 4465 οὐδὲν,
2582 4414 2609 4448 (ι
2670 4393 2913 4472 Λάϐετε,
2964 4395 3159 4474 φησὶν,
3219 4393 3374 4452 αὐτὸν
3437 4396 3607 4469 ὑμεῖς.
3656 4414 3688 4451 n

2100 4481 2324 4551 Ἰἰπειδῆ
2387 4482 2490 4560 γὰρ
2557 4484 2758 4548 ἑαυτοῖς
2827 4483 3140 4561 ἐπιτρέπετε
3201 4483 3297 4555 τὴν
3354 4482 3555 4561 κρίσιν,
3606 4481 3699 4541 καὶ

2099 4568 2505 4644 ἀλαζονεύεσθε,
2545 4574 2614 4637 ὡς
2655 4573 2750 4629 οὐκ
2792 4572 2854 4630 ἂν
2890 4573 3069 4632 ἄδικόν
3110 4597 3163 4632 τι
3192 4571 3501 4643 ποιήσοντές
3543 4594 3695 4632 ποτε.

2098 4687 2121 4714 α
2158 4663 2224 4720 Ei
2254 4661 2330 4737 μὴ
2360 4660 2464 4740 γὰρ
2501 4651 2600 4734 ἧν,
2635 4663 2793 4740 φασὶ,
2827 4662 3142 4735 κακοποιὸς,
3175 4664 3268 4720 οὐκ
3310 4662 3372 4718 ἄν
3404 4684 3486 4719 σοι
3525 4684 3697 4740 παρε-

2096 4750 2344 4827 δώκαμεν
2381 4749 2566 4821 αὐτὸν,
2592 4777 2616 4801 υ
2653 4777 2675 4801 «ι
2714 4752 2862 4811 αὐτοὶ
2902 4751 3125 4825 λάϐετε,
3167 4751 3258 4810 καὶ
3291 4751 3524 4830 κρίνατε.
3561 4776 3585 4802 ι
3628 4753 3697 4810 Εἰ

2097 4838 2152 4897 δὲ
2201 4838 2329 4918 πρὸς
2357 4837 2449 4914 ἐμὲ
2493 4837 2776 4916 ἠνέγκατε,
2821 4840 2913 4899 καὶ
2959 4845 3147 4920 σχῆμα
3199 4837 3543 4920 δικαστηρίου
3595 4863 3698 4896 πε-

2098 4928 2346 5009 ριάπτετε
2376 4930 2450 5004 τῷ
2481 4929 2789 5006 πράγματι,
2820 4931 3108 5007 ἀναγκαῖον
3147 4927 3370 4996 ἐξειπεῖν
3412 4929 3478 4986 τὰ
3519 4927 3695 4987 αἰτιά-

2097 5041 2242 5094 ματα
2279 5021 2370 5074 τοῦ
2415 5014 2715 5094 ἀνθρώπου.
2772 5040 2801 5076 (ῐ
2845 5018 3077 5098 Κρίνατε
3117 5010 3205 5077 οὖν
3251 5018 3406 5076 αὐτὸν
3449 5021 3623 5096 ὑμεῖς·
3657 5042 3689 5073 ι)

2097 5106 2200 5184 ἐγὼ
2243 5106 2345 5186 γὰρ
2385 5107 2477 5164 οὐκ
2521 5104 2584 5164 ἂν
2620 5108 2870 5178 δικαστὴς
2913 5116 3140 5175 τοιοῦτος
3180 5107 3315 5179 εἴην.
3366 5111 3433 5168 Εἰ
3465 5107 3634 5166 τοίνυν
3666 5110 3694 5166 6

2093 5197 2250 5273 νόμος
2281 5198 2428 5270 ὑμῶν
2465 5196 2713 5264 ἀναιτίως
2744 5199 2986 5269 κολάζει,
3031 5221 3057 5254 «
3093 5196 3303 5278 κρίνατε
3345 5196 3512 5256 αὐτοί.
3562 5220 3589 5254 »
3620 5199 3693 5257 Οἱ

2095 5284 2178 5357 δὲ,
2219 5313 2240 5338 α
2285 5284 2451 5360 ἹΙμῖν
2494 5288 2589 5344 οὐκ
2627 5286 2827 5354 ἔξεστιν
2871 5291 3180 5346 ἀποκτεῖναι
3217 5287 3434 5363 οὐδένα,
3470 5315 3492 5339 ιι
3534 5287 3685 5368 φασί.

2094 5378 2267 5435 Τοῦτο
2305 5373 2358 5432 δὲ
2398 5374 2638 5452 λέγουσιν
2675 5375 2898 5448 εἰδότες,
2940 5377 3020 5436 ὅτι
3065 5379 3112 5434 οἱ
3165 5376 3430 5452 Ῥωμαῖοι
3476 5381 3691 5457 σταυρῷ

2093 5464 2504 5531 καταδικάζουσι
2554 5463 2669 5531 τοὺς
2718 5466 3007 5548 ἀντάρτας.
3050 5464 3155 5525 ’ἶν’
3206 5457 3299 5524 οὖν
3345 5471 3624 5546 σταυρωθῇ
3663 5471 3692 5526 6

2041 5551 2044 5554 ’
2097 5551 2317 5630 Κύριος,
2359 5550 2450 5610 καὶ
2496 5556 2524 5611 6
2564 5553 2784 5621 θάνατος
2835 5558 2990 5613 αὐτοῦ
3042 5556 3390 5634 ἐκπομπευθῇ
3437 5555 3528 5613 καὶ
3577 5557 3690 5612 ἐπι-

2090 5640 2390 5720 κατάρατος
2453 5648 2726 5722 κηρυχθῇ,
2771 5642 2956 5702 τούτου
3023 5641 3195 5701 ἕνεκεν
3262 5641 3689 5722 σχηματίζονται

2089 5728 2251 5807 τὸμὴ
2301 5729 2491 5798 ἐξεῖναι
2525 5733 2700 5800 αὐτοῖς
2723 5733 3070 5814 ,ἀποκτεῖναν
3113 5732 3227 5792 ἐπεὶ
3268 5737 3380 5800 πῶς
3416 5732 3505 5792 τὸν
3552 5734 3688 5793 Στέ-
