4128 6436
375 426 477 478 257

1192 426 1583 484 ENARRATIO
1621 428 1687 484 IN
1726 428 2160 486 EVANGELIUM
2196 427 2496 487 JOANNIS.
2534 457 2608 468 —
2643 427 2793 484 CAP.
2835 428 3027 484 XVIII.

3599 433 3705 488 258

381 573 542 630 φανον
588 549 976 624 ἐλιθοϐόλουη
1018 549 1155 610 Ἀλλ’
1206 553 1337 633 ὅπερ
1386 544 1570 632 εἶπον,
1623 558 1986 636 σταυρωθῆναι

2106 555 2352 628 cruciﬁgi
2411 554 2722 610 Dominum
2785 553 3053 622 volentes,
3111 551 3218 610 hoc
3274 553 3489 622 dicunt,
3543 557 3702 627 quasi

378 639 465 698 τὸν
517 639 738 724 Κύριονμ
771 641 1127 724 βουλόμενοι,
1174 649 1330 702 τοῦτο
1367 641 1610 723 λέγουσιν
1644 666 1658 681 ο
1700 642 1882 724 ὥσπερ
1928 644 1989 703 ἂν

379 732 424 788 εἰ
476 729 646 796 οὕτως
691 720 880 790 εἶπον·
935 722 1100 807 Ἦμῖν
1149 735 1244 790 οὐκ
1291 731 1493 802 ἔξεστιν
1542 736 1853 793 ἀποκτεῖναι
1903 732 1991 793 διὰ

381 826 615 898 σταυροῦ
646 819 877 879 οὐδένα·
928 819 987 878 τὸ
1029 821 1082 878 δὲ
1123 826 1500 901 σταυρωθῆναι
1541 827 1754 899 τοῦτον,
1797 823 1990 882 ἐπιπό-

380 914 542 993 θῃτον
571 912 731 986 ἡμῖν.
771 937 797 961 α
829 909 954 969 Ἵνα
983 913 1011 968 6
1048 909 1198 986 λόγος
1239 919 1331 972 τοῦ
1373 911 1550 984 Ἰησοῦ
1593 914 1883 993 πληρωθῇ,
1934 913 1989 972 ὃν

383 989 500 1057 εἷπε
552 1027 575 1050 ι
605 999 732 1079 περὶ
766 1006 860 1058 τοῦ
904 998 1132 1058 Θανάτου
1177 1001 1336 1060 αὐτοῦ
1367 1046 1383 1076 ,
1432 1000 1513 1058 ὅτι
1549 1001 1793 1072 δηλονότι
1833 1026 1993 1064 σταυ-

389 1087 722 1165 ρωθήσεται,
760 1087 796 1157 ἢ
829 1087 911 1146 ὅτι
943 1091 1042 1168 οὐχ
1079 1089 1180 1148 ὑπὸ
1223 1089 1528 1162 Ἰουδαίων,
1571 1091 1708 1149 ἀλλὰ
1755 1091 1846 1150 καὶ
1889 1092 1991 1150 ὑπὸ

395 1179 604 1236 ἐθνικῶν
667 1177 890 1254 ἔμελλεν
959 1180 1310 1256 ἀναιρεῖσθαι.
1388 1179 1662 1239 Εἷπόντων
1730 1173 1820 1239 οὖν
1885 1184 1990 1238 τῶν

400 1264 695 1338 Ἰουδαίων,
752 1264 833 1324 ὅτι
885 1293 913 1319 ι
961 1265 1125 1343 Ἦμίν
1181 1267 1278 1326 οὐκ
1326 1267 1525 1336 ἔξεστιν
1575 1271 1916 1349 ἀποκτεῖναι,
1966 1297 1992 1322 ιι

391 1355 881 1433 παραλαμϐάνουσι
911 1355 1094 1415 λοιπὸν
1127 1356 1284 1415 αὐτὸν
1329 1359 1376 1417 οἱ
1417 1357 1650 1430 ἐθνικοὶ,
1698 1359 1790 1418 καὶ
1830 1382 1993 1418 σταυ-

387 1448 538 1522 ροῧσι
576 1442 722 1504 κατὰ
757 1444 818 1504 τὸ
858 1445 1154 1522 εἰθισμένον
1192 1446 1404 1519 αὐτοῖς,
1439 1445 1531 1506 καὶ
1569 1445 1708 1506 οὕτω
1750 1450 1992 1526 πληροῦ-

382 1557 474 1591 ται
531 1537 562 1592 6
609 1534 764 1611 λόγος
817 1541 910 1594 τοῦ
962 1533 1143 1606 Ἰησοῦ
1199 1534 1571 1616 ἀμφοτέρωθεν
1600 1581 1617 1614 ,
1670 1535 1732 1595 ἔκ
1789 1559 1848 1596 τε
1898 1542 1991 1596 τοῦ

383 1624 612 1689 ἐθνικοίς
642 1625 1040 1706 παραδοθῆναι,
1065 1622 1158 1683 καὶ
1187 1629 1278 1683 τοῦ
1310 1629 1699 1706 σταυρωθῆναι.

466 1739 492 1765 ε
529 1714 794 1783 Εἰσῆλθεν
829 1703 918 1773 οἷν
944 1717 1016 1781 εἷς
1047 1713 1107 1772 τὸ
1130 1703 1460 1794 πραιτώριον*
1489 1717 1649 1774 πάλιν
1676 1718 1703 1774 6
1728 1715 1991 1792 Πιλάτος,

379 1800 477 1859 καὶ
516 1801 763 1880 ἐφώνησε
801 1802 889 1861 τὸν
930 1805 1139 1875 Ἰησοῦν
1156 1792 1187 1881 ,-
1214 1802 1307 1862 καὶ
1346 1792 1491 1862 εἶπεν
1532 1806 1676 1883 αὐτῷ
1700 1827 1713 1841 ⁸
1759 1803 1838 1865 Σὺ
1880 1797 1926 1864 εἷ
1965 1809 1993 1863 6

381 1889 640 1968 βασιλεὺς
682 1894 785 1950 τῶν
832 1890 1139 1964 Ἰουδαίων,
1172 1891 1450 1972 Ἀπεκρίθη
1492 1894 1637 1974 αύτῷ
1677 1893 1944 1974 δἸησοῦς
1976 1919 1990 1932 ⁸

2099 647 2180 703 sic
2201 646 2465 704 dixissent
2496 662 2508 698 :
2546 668 2570 693 α
2607 643 2784 701 Nobis
2809 659 2926 700 non
2962 643 3088 700 licet
3116 642 3366 701 occidere
3395 668 3420 694 υ
3454 645 3513 700 in
3542 662 3702 702 cruce

2103 758 2129 784 α
2184 750 2545 808 quemquam.
2601 756 2626 783 ι
2686 732 3238 790 Desideratissimum
3299 740 3490 790 autem
3557 741 3703 791 esset

2097 823 2261 880 nobis
2290 823 2436 897 quod
2462 822 2894 895 cruciﬁgeretur.
2931 845 2957 870 α
2993 824 3074 879 Ut
3096 837 3282 880 sermo
3305 823 3437 880 Jesu
3467 822 3699 894 implea-

2097 921 2191 970 tur
2241 929 2409 985 quem
2453 912 2663 969 dixerat
2713 933 2739 960 ι
2769 911 2841 967 de
2878 919 3063 967 morte
3134 926 3259 980 sua,
3294 926 3494 982 nempe
3550 913 3702 984 quod

2097 1002 2500 1076 cruciﬁgendus
2528 1010 2694 1070 esset,
2741 1002 2823 1057 vel
2855 1000 3004 1073 quod
3043 1017 3156 1058 non
3197 1016 3229 1057 a
3258 1001 3494 1070 Iudaeis,
3539 1001 3639 1058 sed
3669 1018 3702 1059 a

2095 1093 2350 1166 gentibus
2395 1092 2744 1149 occidendus.
2801 1092 2943 1148 Cum
2995 1107 3127 1163 ergo
3186 1090 3452 1148 dixissent
3495 1090 3698 1156 Judaei,

2102 1205 2128 1232 α
2161 1182 2334 1240 Nobis
2374 1198 2487 1239 non
2518 1182 2645 1237 licet
2687 1180 2961 1249 occidere,
2994 1203 3018 1229 ι»
3076 1189 3211 1236 tunc
3239 1181 3521 1252 accipiunt
3565 1196 3694 1236 eum

2095 1273 2345 1346 gentiles,
2369 1281 2426 1330 et
2453 1288 2550 1344 pro
2583 1288 2680 1329 sua
2707 1271 3105 1329 consuetudine
3143 1271 3490 1345 cruciﬁgunt.
3530 1274 3596 1327 Et
3623 1271 3699 1328 ita

2094 1363 2356 1435 impletur
2401 1379 2585 1420 sermo
2622 1365 2776 1432 Jesu,
2809 1370 2864 1419 et
2898 1361 3048 1435 quod
3089 1361 3327 1418 traditus
3379 1360 3692 1435 gentilibus,

2099 1460 2154 1510 et
2174 1452 2322 1525 quod
2340 1452 2660 1510 cruciﬁxus.

2169 1726 2344 1780 Vens.
2379 1727 2566 1780 33-36.
2603 1744 2629 1772 α
2673 1720 2934 1778 Introivit
2979 1736 3108 1794 ergo
3155 1721 3356 1779 iterum
3401 1723 3463 1779 in
3491 1731 3697 1797 praeto-

2097 1811 2244 1869 rium
2268 1813 2491 1880 Pilatus,
2514 1821 2568 1869 et
2584 1813 2805 1869 vocavit
2821 1814 3036 1880 Jesum,
3058 1819 3113 1867 et
3139 1812 3278 1868 dixit
3292 1814 3341 1868 ei
3370 1834 3382 1868 :
3416 1817 3500 1870 Tu
3531 1815 3699 1872 esille

2099 1919 2194 1959 rex
2219 1904 2580 1962 Judaeorum?
2633 1903 2937 1975 Respondit
2964 1906 3128 1958 Jesus
3177 1921 3191 1958 :
3230 1906 3270 1958 A
3302 1903 3594 1975 temetipso
3637 1911 3698 1961 tu

381 1952 500 2058 gqu'
531 1952 722 2039 ἑαυτοῦ
762 1979 826 2038 σὺ
859 1987 1013 2041 τοῦτο
1054 1952 1256 2060 λέγεις,
1285 1952 1513 2052 ἢιᾶλλοι
1554 1953 1636 2041 σόι
1677 1952 1826 2043 εἷπον
1865 1952 1986 2064 περὶ

2101 1989 2209 2047 hoc
2237 1992 2396 2062 dicis,
2445 2009 2513 2047 an
2543 1992 2633 2047 alii
2685 1952 2944 2049 dixerunt
2985 1991 3086 2046 tibi
3130 1989 3201 2047 de
3228 1996 3356 2048 me?
3388 1952 3701 2064 Respondit

384 2068 558 2144 ἐμοῦ;
600 2068 884 2149 Ἀπεκρίθη
923 2072 1069 2152 αὐτῷ
1117 2074 1146 2128 6
1198 2071 1466 2138 Πιλάτος·
1508 2071 1660 2143 Μήτι
1705 2071 1810 2149 ἐγὼ
1855 2076 1989 2134 Ἰου-

384 2158 532 2224 δαῖός
573 2161 724 2239 εἷμι;
764 2159 845 2220 Τὸ
883 2160 1024 2226 ἔθνος
1073 2158 1134 2218 τὸ
1175 2159 1264 2218 σὸν
1305 2159 1398 2219 καὶ
1440 2162 1486 2220 οἱ
1529 2162 1790 2242 ἀρχιερεῖς
1828 2163 1994 2243 παρέ-

383 2248 564 2305 δωκάν
612 2270 674 2306 σε
721 2249 862 2324 ἐμοί.
916 2248 986 2308 Τί
1037 2248 1339 2324 ἐποίησας;
1409 2251 1697 2330 Ἀπεκρίθη
1751 2250 1988 2324 Ἰησοῦς·

384 2335 457 2397 Ἦ
492 2337 748 2414 βασιλεία
790 2342 825 2410 ἡ
859 2336 962 2416 ἐμὴ
994 2341 1090 2397 οὐκ
1120 2338 1261 2398 ἔστιν
1295 2341 1353 2397 ἐκ
1390 2343 1484 2397 τοῦ
1529 2340 1735 2417 κόσμου
1773 2341 1986 2404 τούτου.

384 2427 456 2486 Εἰ
509 2429 573 2484 ἐκ
608 2432 701 2486 τοῦ
739 2427 944 2504 κόσμου
973 2428 1156 2487 τούτου
1195 2419 1260 2499 ἦν
1301 2432 1334 2500 ἡ
1379 2429 1624 2508 βασιλεία
1668 2434 1701 2501 ἡ
1750 2429 1894 2507 ἐμὴ,
1942 2434 1990 2491 οἱ

381 2516 650 2594 ὗπηρέται
696 2519 759 2574 ἂν
806 2519 852 2576 οἱ
887 2515 1006 2592 ἐμοὶ
1057 2515 1400 2594 ἠγωνίζοντο,
1443 2514 1531 2575 ἵνα
1579 2518 1655 2596 μὴ
1704 2521 1991 2598 παραδοθῶ

377 2612 489 2671 τοῖς
529 2605 832 2672 Ἰουδαίοις.
874 2608 988 2666 Νῦν
1021 2606 1077 2664 δὲ
1119 2611 1151 2677 ἡ
1198 2605 1445 2684 βασιλεία
1482 2610 1517 2678 ἡ
1558 2607 1662 2684 ἐμὴ
1707 2609 1802 2666 οὐκ
1847 2607 1990 2669 ἔστιν

377 2693 642 2754 ἐντεῦθεν.
697 2721 721 2747 ι
775 2693 1057 2774 Ἐφώνησε
1108 2694 1198 2754 τὸν
1249 2695 1460 2767 Ἰησοῦν
1510 2698 1538 2753 6
1588 2698 1823 2764 Πιλάτος
1871 2699 1992 2758 κατ’

380 2784 552 2854 ἰδίαν,
594 2783 780 2855 ἐπειδὴ
820 2785 1029 2862 μεγάλη
1073 2783 1169 2860 μὲν
1208 2785 1331 2865 περὶ
1371 2788 1532 2844 αὐτοῦ
1576 2787 1842 2866 ὑπόληψις
1881 2782 1943 2860 ἦν
1969 2831 1986 2861 ,

380 2871 635 2931 ἐϐούλετο
681 2873 736 2931 δὲ
784 2878 969 2950 μαθεῖν
1008 2873 1240 2953 ἀκριϐῶς
1297 2873 1714 2953 ἀπηλλαγμένος
1758 2881 1851 2934 τοῦ
1897 2883 1990 2936 θο-

381 2961 546 3038 ρύϐου
592 2965 699 3020 τῶν
767 2962 1060 3025 Ἰουδαίων.
1106 2963 1322 3044 Ἐρωτᾷ
1349 2954 1437 3022 οὖν
1469 2963 1658 3036 αὐτὸν,
1738 2969 1782 3024 εἰ
1835 2971 1991 3045 βασι-

377 3051 502 3117 λεύς
533 3055 675 3110 ἐστιν
717 3075 731 3090 ο
761 3051 792 3109 δ
823 3051 1162 3132 περιεφέρετο
1195 3053 1342 3131 παρὰ
1375 3062 1538 3126 πᾶσι,
1577 3058 1734 3113 τοῦτο
1775 3057 1846 3121 εἷς
1885 3055 1990 3132 μέ·-

377 3163 468 3199 σον
504 3141 675 3216 ἄγων.
709 3139 782 3202 ¢0
818 3143 872 3200 δὲ
910 3143 1138 3222 Χριστὸς
1167 3146 1342 3222 ἐρωτᾷ
1371 3141 1558 3217 αὐτὸν,
1599 3145 1643 3201 εἰ
1682 3147 1772 3222 ἀφ’
1803 3147 1989 3203 ἑαυτοῦ

2099 2081 2304 2136 Pilatus
2333 2099 2344 2136 :
2380 2085 2532 2138 Num
2558 2097 2661 2155 ego
2680 2081 2910 2138 Iudaeus
2934 2084 3098 2138 sum?
3126 2082 3278 2138 Gens
3301 2090 3394 2138 tua
3424 2091 3482 2138 et
3514 2085 3700 2154 ponti-

2098 2170 2227 2227 ﬁces
2255 2171 2606 2228 tradiderunt
2649 2178 2705 2227 te
2750 2171 2879 2226 mihi
2913 2189 2926 2226 :
2969 2170 3100 2244 quid
3128 2169 3341 2228 fecisti?
3393 2171 3702 2242 Respondit

2094 2260 2254 2316 Jesus
2283 2281 2295 2318 :
2331 2264 2589 2332 Regnum
2618 2275 2809 2317 meum
2829 2276 2944 2316 non
2963 2269 3048 2316 est
3074 2260 3142 2316 de
3164 2260 3270 2318 hoc
3294 2261 3520 2317 mundo.
3548 2261 3600 2316 Si
3632 2276 3700 2316 ex

2098 2349 2203 2404 hoc
2229 2349 2445 2405 mundo
2477 2357 2621 2406 esset
2659 2365 2893 2422 regnum
2920 2364 3132 2413 meum,
3164 2350 3405 2406 ministri
3441 2350 3555 2406 mei
3584 2351 3698 2405 uti-

2097 2453 2204 2510 que
2257 2437 2606 2494 decertarent
2642 2454 2714 2494 ne
2760 2438 3003 2494 traderer
3030 2440 3256 2495 Iudaeis.
3307 2443 3464 2496 Nunc
3510 2448 3696 2496 autem

2096 2543 2336 2598 regnum
2354 2543 2540 2584 meum
2556 2544 2668 2584 non
2686 2536 2767 2584 est
2795 2527 2937 2584 hinc.
2963 2551 2988 2577 η
3014 2529 3242 2584 Vocavit
3267 2531 3299 2583 J
3302 2544 3458 2584 esum
3489 2529 3698 2584 Pilatus

2098 2618 2364 2685 seorsim;
2396 2626 2451 2673 et
2479 2619 2607 2690 quia
2633 2634 2835 2688 magna
2864 2617 3122 2689 quaedam
3153 2618 3219 2674 de
3247 2634 3312 2674 eo
3342 2625 3457 2674 erat
3485 2619 3695 2689 opinio,

2098 2706 2317 2763 volebat
2363 2707 2552 2762 omnia
2617 2705 2902 2762 evidenter
2959 2721 3313 2777 cognoscere,
3372 2705 3700 2762 liberaturus

2100 2810 2230 2851 eum
2260 2810 2290 2850 a
2317 2796 2562 2850 tumultu
2605 2792 2951 2851 Iudaeorum.
2991 2797 3299 2868 lnterrogat
3344 2795 3529 2866 igitur,
3559 2809 3708 2850 num

2098 2899 2194 2938 rex
2232 2883 2322 2950 sit,
2353 2883 2502 2955 quod
2531 2883 2677 2955 apud
2705 2899 2902 2940 omnes
2934 2883 3006 2940 de
3034 2899 3099 2939 eo
3147 2882 3449 2953 ferebatur,
3488 2885 3548 2939 in
3577 2900 3696 2940 me-

2098 2971 2257 3028 dium
2279 2971 2538 3028 afferens.
2567 2971 2815 3029 Christus
2841 2979 3028 3028 autem
3057 2973 3253 3045 quaerit
3281 2989 3417 3028 num
3447 2989 3478 3029 a
3498 2979 3699 3029 semet-

2099 3060 2220 3132 ipso
2268 3062 2373 3118 hoc
2400 3063 2566 3131 dicat,
2605 3062 2689 3118 vel
2739 3064 2806 3119 ab
2859 3064 2978 3119 aliis
3038 3082 3050 3117 :
3106 3080 3222 3120 non
3273 3064 3551 3136 ignorans,
3601 3063 3698 3120 sed

2100 3149 2358 3221 detegere
2387 3150 2591 3206 malam
2616 3151 2940 3208 Judaeorum
2964 3159 3211 3207 mentem
3232 3152 3439 3220 volens,
3470 3161 3531 3207 ut
3559 3153 3638 3207 ita
3662 3167 3694 3208 a

375 3238 532 3290 τοῦτο
565 3231 741 3308 λέγει,
781 3231 816 3302 ἢ
857 3230 965 3289 ἀπὸ
997 3233 1172 3290 ἄλλων
1197 3255 1210 3268 ·
1253 3233 1349 3290 οὐκ
1387 3233 1627 3309 ἀγνοῶν,
1671 3233 1790 3291 ἀλλ’
1829 3237 1986 3293 ἐκκα-

2101 3208 2275 3294 Pilato
2325 3240 2766 3297 condemnentur
2812 3240 2934 3312 ipsi.
2982 3241 3110 3297 Ideo
3147 3250 3201 3296 et
3246 3208 3453 3298 Pilatus
3505 3257 3636 3298 mox
3665 3256 3696 3296 a

373 3321 545 3400 λύιξιαι
592 3321 692 3392 τὴν
740 3319 982 3400 πονηρὰν
1034 3324 1141 3380 τῶν
1196 3320 1464 3382 Ἰουδαίων
1520 3319 1742 3398 γνώμην
1796 3324 1990 3402 βουλό-

379 3433 559 3484 μενος,
610 3410 748 3468 ὥστε
796 3409 892 3469 καὶ
941 3409 1046 3468 ὑπὸ
1099 3415 1194 3469 τοῦ
1251 3411 1494 3472 Πιλάτου
1555 3417 1992 3490 κατηγορηθῆναι

386 3499 595 3564 αὐτούς.
641 3500 732 3558 Διὸ
769 3498 861 3558 καὶ
905 3503 933 3558 6
977 3500 1211 3566 Πιλάτος
1256 3497 1554 3567 ἀκολούθως
1596 3499 1658 3558 τὸ
1697 3502 1846 3579 παρὰ
1885 3505 1988 3560 τῶν

389 3585 667 3644 Ἰουδαίων
695 3592 1062 3668 παραδοθῆναι
1111 3591 1267 3648 αὐτὸν
1309 3590 1685 3671 προ[σ]φέρει,
1726 3591 1817 3649 καὶ
1855 3594 1984 3650 ἑαυ-

390 3673 486 3730 τὸν
525 3677 842 3736 ἀπαλλάττει
886 3673 1081 3745 αἰτίας.
1129 3677 1240 3738 Καὶ
1283 3679 1457 3745 ἄλλως
1494 3679 1589 3737 δέ’
1642 3678 1856 3761 Ἐρωτᾷ
1898 3681 1986 3740 τὸν

389 3763 632 3821 Πιλάτον
661 3768 687 3822 6
727 3767 956 3847 Κύριος,
993 3769 1038 3826 εἰ
1070 3770 1160 3848 ἀφ’
1192 3773 1381 3826 ἑαυτοῦ
1416 3773 1570 3827 τοῦτο
1599 3767 1767 3846 λέγει,
1801 3767 1835 3840 ἢ
1885 3769 1988 3830 ὑπὸ

389 3853 564 3910 ἄλλων
615 3857 863 3923 πεισθείς.
931 3855 1186 3936 Ἐλέγχει
1241 3855 1346 3938 γὰρ
1394 3855 1480 3915 διὰ
1538 3858 1726 3916 τούτου
1787 3858 1984 3939 αὐτὸν,

385 3942 603 4011 ἀνόητον
648 3944 776 4004 ὄντα
803 3990 820 4018 ,
872 3946 966 4004 καὶ
1010 3948 1237 4027 ἀκρίτως
1284 3944 1596 4020 δικάζοντα,
1647 3947 1740 4005 καὶ
1793 3948 1986 4007 ὡσανεὶ

379 4034 598 4090 τοιαῦτά
654 4057 787 4114 φησι
839 4035 971 4116 πρὸς
1031 4035 1266 4094 Πιλάτον
1292 4059 1306 4072 ο
1376 4038 1445 4096 Εἰ
1505 4035 1600 4113 μὲν
1651 4036 1740 4116 ἀφ’
1795 4041 1984 4097 ἑαυτοῦ

375 4127 531 4182 τοῦτο
559 4125 735 4201 λέγεις
758 4172 774 4195 ,
805 4123 971 4193 δεῖξον
1011 4124 1077 4183 τὰ
1115 4128 1314 4202 σημεῖα
1353 4128 1447 4195 τῆς
1481 4127 1611 4202 ἐμῆς
1643 4125 1948 4206 ἀντάρσεως
1969 4150 1985 4164 ·

372 4214 418 4269 εἰ
459 4213 516 4270 δὲ
561 4212 671 4270 ὑπὸ
709 4213 890 4272 ἄλλων
927 4215 1244 4294 ἐδιδάχθης,
1279 4217 1461 4274 οὐκοῦν
1509 4213 1706 4295 ἀκριϐῆ
1749 4216 1845 4288 τὴν
1876 4215 1984 4284 ἐξέ-

370 4324 528 4360 τασιν
566 4301 814 4373 ποίησον.
846 4303 915 4364 Ὁ
950 4303 1034 4376 δὲ,
1079 4309 1160 4363 ὅτι
1205 4305 1300 4380 μὲν
1340 4304 1536 4377 ἤκουσε
1577 4307 1708 4384 παρ’
1751 4305 1982 4384 ἑτέρων,

370 4392 430 4449 οὗ
469 4391 622 4468 λέγει
643 4413 660 4427 ·
694 4391 877 4460 ἁπλῶς
910 4393 964 4451 δὲ
999 4398 1068 4474 τῇ
1110 4401 1200 4453 τοῦ
1237 4395 1368 4452 λαοῦ
1406 4393 1570 4474 ψήφῳ
1609 4393 1824 4468 ἕπεται,
1856 4396 1981 4470 καὶ,

2098 3328 2305 3384 Judaeis
2333 3328 2434 3384 sibi
2463 3329 2732 3385 traditum
2762 3329 2916 3398 dicit,
2960 3345 3080 3385 sese
3109 3345 3139 3384 a
3169 3329 3403 3386 crimine
3433 3330 3692 3390 liberans.

2104 3417 2342 3473 Etaliter
2370 3436 2383 3472 :
2416 3418 2721 3492 lnterrogat
2746 3418 2984 3474 Pilatum
3005 3420 3281 3475 Dominus
3299 3436 3434 3476 num
3461 3436 3490 3475 a
3517 3423 3696 3492 seipso

2098 3505 2270 3576 dicat,
2299 3507 2382 3563 vel
2412 3506 2484 3562 ab
2511 3508 2635 3563 aliis
2664 3524 2978 3579 persuasus.
3012 3509 3212 3581 Arguit
3245 3519 3434 3566 autem
3464 3527 3558 3582 per
3588 3512 3698 3567 hoc

2098 3613 2226 3652 eum
2276 3597 2634 3668 insipientem
2682 3613 2822 3666 esse,
2853 3607 2906 3654 et
2953 3599 3157 3669 absque
3187 3600 3397 3670 judicio
3428 3600 3696 3656 condem-

2097 3693 2343 3754 nantem,
2370 3695 2428 3741 et
2451 3686 2610 3759 quasi
2635 3687 2695 3741 in
2713 3686 2862 3742 hunc
2883 3686 3111 3742 modum
3126 3687 3266 3743 dicit
3281 3689 3448 3760 743
3475 3690 3650 3744 Pilato
3675 3709 3692 3744 :

2096 3774 2154 3829 Si
2185 3775 2412 3845 quidem
2459 3791 2489 3830 a
2519 3775 2696 3846 teipso
2728 3777 2834 3830 hoc
2875 3775 3034 3844 dicis,
3073 3785 3321 3832 monstra
3352 3779 3506 3849 signa
3555 3792 3696 3834 mea:

2095 3862 2428 3920 rebellionis.
2455 3865 2513 3922 Si
2543 3873 2726 3921 autem
2757 3865 2827 3921 ab
2857 3865 2979 3920 aliis
2999 3864 3227 3921 edoctus
3257 3880 3334 3934 es,
3368 3865 3536 3937 igitur
3563 3866 3692 3922 dili-

2095 3961 2319 4025 gentem
2347 3954 2763 4026 inquisitionem
2810 3952 2997 4010 facito.
3036 3953 3229 4010 Atille
3257 3954 3390 4026 quid
3425 3955 3700 4014 audiverit

2093 4042 2163 4097 ab
2194 4042 2334 4108 aliis,
2367 4059 2481 4099 non
2505 4043 2638 4100 dicit
2664 4063 2676 4100 :
2711 4043 3036 4115 simpliciter
3075 4052 3261 4099 autem
3289 4045 3536 4116 sequitur
3563 4061 3694 4100 sen-

2092 4132 2320 4189 tentiam
2339 4133 2542 4205 populi,
2561 4141 2615 4189 et
2631 4156 2655 4182 ει
2674 4133 3133 4203 Tradideruntte,
3155 4157 3180 4181 υ
3199 4135 3400 4206 inquit,
3431 4157 3458 4184 α
3481 4135 3638 4192 mihi.
3665 4159 3690 4185 υ

2092 4223 2232 4278 Cum
2260 4231 2446 4278 autem
2475 4222 2606 4279 dicit
2637 4240 2651 4278 :
2702 4221 2850 4292 Quid
2888 4220 3104 4280 fecisti?
3151 4225 3382 4280 verbum
3425 4226 3585 4297 quasi
3625 4226 3694 4282 ad

2091 4311 2515 4368 amaritudinem
2561 4311 2783 4368 adducti
2819 4320 2876 4367 et
2915 4312 3220 4383 exasperati
3251 4312 3483 4369 videtur.
3547 4315 3695 4371 Dicit

2093 4400 2268 4468 enim,
2322 4401 2470 4470 Quid
2522 4399 2735 4456 fecisti?
2814 4403 2889 4456 At
2952 4400 3231 4456 Dominus
3287 4401 3691 4475 respondendo,

371 4506 395 4532 α
431 4481 769 4557 Παρέδωκάν
815 4505 904 4555 σε,
938 4485 1127 4562 φησὶν,
1157 4481 1298 4559 ἐμοί.
1347 4510 1370 4533 ιι
1416 4483 1496 4542 Τὸ
1521 4482 1576 4542 δὲ
1602 4526 1619 4555 ,
1653 4509 1678 4538 α
1704 4484 1777 4544 Τί
1803 4484 1984 4558 ἔποίη·

2099 4510 2124 4537 ςι
2166 4490 2426 4562 Regnum
2451 4505 2640 4546 meum
2664 4505 2780 4545 non
2808 4498 2890 4544 est
2910 4489 2977 4545 de
2998 4489 3101 4545 hoc
3123 4489 3351 4558 mundo,
3379 4513 3405 4538 ι»
3436 4491 3548 4547 duo
3575 4492 3695 4550 hac

372 4592 509 4642 σας,
567 4598 593 4622 ι
646 4573 720 4636 ὥς
772 4571 1182 4649 πικραινομένου
1237 4575 1387 4654 ῥῆμα
1448 4572 1616 4631 ἔοικεν
1681 4563 1842 4647 εἶναι,
1891 4575 1982 4633 καὶ

370 4661 776 4739 τραχυνομένου
821 4662 1028 4724 λοιπόν,
1077 4662 1247 4722 Λάλει
1295 4661 1398 4741 γὰρ
1425 4704 1443 4734 ,
1493 4661 1547 4720 τί
1577 4662 1869 4736 ἐποίησας;
1912 4663 1982 4724 Ὁ

376 4747 432 4805 δὲ
463 4749 664 4828 Κύριος
695 4750 781 4808 διὰ
811 4756 906 4811 τοῦ
938 4751 1416 4831 ἀπολογήσασθαι,
1449 4747 1532 4810 ὅτι
1569 4777 1594 4806 ιι
1625 4749 1695 4811 <H
1730 4752 1981 4830 βασιλεία

377 4841 412 4908 ἡ
442 4839 549 4916 ἐμὴ
587 4841 686 4898 οὐκ
720 4839 861 4901 ἔστιν
895 4843 954 4900 ἐκ
988 4845 1082 4900 τοῦ
1117 4840 1321 4919 κόσμου
1359 4840 1546 4900 τούτου
1567 4887 1584 4920 ,
1620 4867 1645 4894 ν
1685 4840 1778 4899 δύο
1811 4848 1980 4901 ταῦτα

375 4935 626 5006 κατορθοῖ
652 4953 667 4966 ⁸
706 4929 761 4988 ἓν
797 4929 932 5006 μὲν,
989 4929 1176 5009 ἀνάγει
1219 4930 1307 4989 τὸν
1353 4931 1590 4991 Πιλάτον
1635 4931 1706 4998 εἷς
1747 4931 1807 4990 τὸ
1842 4935 1981 5010 γνῶ-

375 5041 462 5076 ναι
485 5063 500 5088 ,
544 5019 626 5078 ὅτι
666 5020 724 5078 οὖ
753 5020 905 5100 ψιλός
949 5022 1096 5079 ἐστιν
1136 5019 1411 5100 ἄνθρωπος
1434 5062 1451 5092 ,
1495 5016 1616 5079 οὐδὲ
1653 5024 1760 5080 τῶν
1800 5019 1976 5093 κάτω,

371 5109 515 5166 ἀλλὰ
535 5108 706 5183 Θεὸς,
732 5110 824 5168 καὶ
849 5111 994 5169 Θεοῦ
1019 5107 1148 5175 Υἱός
1173 5132 1184 5144 ·
1213 5110 1389 5189 ἕτερον
1422 5110 1506 5182 δὲ,
1537 5108 1737 5169 διαλύει
1760 5109 1856 5180 τὴν
1891 5110 1980 5168 ἐπὶ

366 5199 640 5279 τυραννίδι
690 5197 945 5278 ὑποψίαν.
1001 5227 1024 5252 ιι
1081 5200 1162 5259 Οὐ
1209 5200 1312 5278 γάρ
1363 5199 1506 5256 ἐστιν
1549 5203 1584 5269 ἡ
1644 5199 1890 5277 βασιλεία
1943 5203 1977 5271 ἡ

367 5287 472 5364 ἐμὴ
507 5292 568 5348 ἐκ
603 5293 695 5348 τοῦ
723 5288 932 5364 κόσμου
964 5288 1176 5348 τούτου.
1202 5315 1227 5342 ι
1260 5285 1437 5346 Ὥστε
1472 5288 1548 5363 μὴ
1581 5287 1770 5347 δέδειθί
1807 5311 1873 5364 με
1906 5291 1977 5356 ὡς

364 5377 652 5458 τύραννον,
687 5377 782 5436 καὶ
823 5377 1178 5448 στασιαστήν.
1224 5405 1248 5431 ι
1297 5379 1366 5437 Εἰ
1398 5376 1501 5456 γὰρ
1536 5367 1600 5447 ἦν
1639 5380 1698 5434 ἐκ
1737 5381 1828 5434 τοῦ
1872 5378 1977 5436 κό-

368 5491 505 5546 σμου
541 5468 733 5528 τούτου
765 5472 798 5540 ἡ
840 5468 1090 5547 βασιλεία
1124 5490 1254 5543 μου,
1285 5469 1334 5524 οἱ
1365 5464 1629 5546 ὑπηρέται
1665 5463 1730 5523 ἂν
1768 5467 1816 5523 οἳ
1856 5466 1974 5542 ἐμοὶ

365 5561 685 5637 ἠγωνίζοντο
699 5603 718 5632 ,
761 5555 850 5615 ἵνα
886 5558 966 5635 μὴ
1009 5557 1322 5636 παραδοθῶ.
1366 5583 1388 5608 ν
1422 5554 1691 5615 Ἐνταῦθα
1731 5554 1785 5613 δὲ
1826 5556 1979 5628 δηλοῖ

364 5649 572 5723 καὶτῆς
607 5647 741 5730 παρ’
774 5652 908 5726 ἡμῖν
943 5645 1221 5726 βασιλείας
1259 5645 1318 5703 τὸ
1358 5642 1596 5715 ἀσθενὲς,
1627 5642 1706 5700 ὅτι
1746 5645 1799 5702 ἐν
1843 5647 1979 5717 ὑπη-

361 5739 530 5820 ρέταις
561 5742 680 5822 ἔχει
711 5739 813 5812 τήν
854 5734 1014 5820 ἰσχύν
1039 5758 1054 5774 ο
1084 5739 1120 5806 ἡ
1160 5733 1214 5794 δὲ
1244 5734 1355 5796 ἅνω
1395 5731 1662 5813 αὐτάρκης
1689 5731 1833 5807 ἐστὶ,
1868 5757 1974 5807 μη-

2094 4578 2342 4650 corrigit.
2398 4579 2648 4635 Primum
2696 4579 2841 4635 enim
2884 4578 3048 4634 docet
3078 4579 3318 4634 Pilatum
3364 4587 3426 4634 ut
3471 4579 3609 4636 sciat
3635 4598 3694 4639 se

2093 4683 2209 4724 non
2236 4683 2354 4724 esse
2384 4683 2582 4739 purum
2631 4668 2944 4734 hominem,
2995 4667 3178 4738 neque
3211 4682 3277 4722 ex
3328 4666 3410 4722 bis
3436 4670 3690 4740 terrenis,

2093 4758 2188 4814 sed
2218 4764 2398 4815 Deum
2433 4766 2488 4813 et
2528 4758 2625 4813 Dei
2644 4757 2864 4814 Filium.
2901 4757 3105 4812 Deinde
3131 4757 3292 4812 solvit
3315 4759 3693 4829 suspicionem

2093 4848 2422 4920 tyrannidis.
2458 4872 2482 4897 α
2512 4849 2641 4904 Non
2677 4854 2763 4903 est
2805 4847 2957 4902 enim
2986 4862 3218 4918 regnum
3258 4863 3446 4903 meum
3472 4850 3540 4904 de
3585 4851 3695 4906 hoc

2093 4938 2327 5006 mundo,
2357 4961 2383 4987 ιν
2410 4945 2466 4993 et
2484 4937 2562 4992 ita
2579 4952 2648 4992 ne
2665 4937 2863 4992 timeas
2878 4951 2970 4992 me
2992 4945 3051 4992 ut
3073 4945 3367 5008 tyranuum
3393 4946 3447 4992 et
3469 4939 3693 4996 seditio-

2092 5043 2236 5084 sum.
2268 5051 2294 5077 ι
2321 5030 2462 5084 Nam
2490 5027 2534 5082 si
2560 5034 2704 5083 esset
2725 5042 2790 5083 ex
2822 5027 2930 5082 hoc
2958 5026 3169 5082 mundo
3199 5042 3432 5099 regnum
3475 5044 3688 5098 meum,

2090 5118 2330 5175 ministri
2363 5117 2471 5174 mei
2497 5124 2802 5173 certassent
2834 5117 3047 5190 utique,
3077 5124 3141 5171 ut
3167 5133 3282 5172 non
3311 5117 3559 5173 traderer
3585 5121 3690 5175 Ju-

2090 5208 2243 5265 daeis.
2273 5231 2298 5256 ι»
2324 5211 2448 5264 Hoc
2467 5215 2655 5263 autem
2678 5207 2799 5262 loco
2824 5206 3110 5278 praesentis
3128 5207 3283 5278 regni
3306 5206 3691 5264 inﬁrmitatem

2089 5296 2384 5369 signiﬁcat,
2414 5311 2481 5352 eo
2507 5295 2656 5368 quod
2683 5310 2715 5350 a
2754 5295 3022 5351 ministris
3053 5295 3252 5351 habeat
3280 5295 3464 5349 robur.
3492 5296 3691 5366 Super-

2086 5402 2223 5442 num
2243 5394 2427 5442 autem
2442 5400 2536 5456 per
2553 5401 2610 5441 se
2627 5383 2907 5441 sufﬁciens
2935 5393 3036 5452 est,
3058 5385 3209 5440 nullo
3232 5383 3498 5455 indigens.
3516 5383 3692 5440 Mani-

2086 5473 2226 5530 cbmi
2249 5473 2381 5528 hinc
2400 5479 2622 5544 sumpta
2647 5486 2776 5526 ansa
2795 5471 2984 5527 dicunt
3010 5491 3022 5527 :
3047 5472 3286 5527 Mundus
3304 5470 3394 5526 hic
3420 5487 3536 5528 non
3557 5481 3642 5528 est
3658 5488 3690 5529 a

2086 5565 2235 5622 bono
2247 5569 2364 5620 Deo
2380 5579 2533 5618 :nam
2546 5561 2714 5617 Filius
2724 5561 3032 5631 Dei,aiunt,
3051 5560 3206 5617 dicit:
3219 5564 3346 5618 Non
3365 5571 3447 5617 est
3458 5579 3688 5636 regnum

2086 5669 2277 5711 meum
2307 5652 2458 5708 hinc.
2491 5653 2789 5717 Caeterum,
2828 5649 3043 5718 ostulti,
3087 5649 3276 5708 discite
3304 5651 3528 5723 quidem
3573 5655 3688 5724 pri-

2087 5759 2244 5801 mum
2259 5741 2329 5800 ab
2349 5743 2468 5815 ipsa
2493 5741 2752 5800 dictione.
2771 5740 3086 5799 Dixitenim
3114 5759 3128 5799 :
3154 5759 3187 5797 «
3205 5744 3463 5815 Regnum
3495 5757 3685 5799 meum
