4128 6440
429 434 528 488 259

1449 416 1962 476 THEOPHYLACTI
1999 411 2356 470 BULGARIAS
2393 412 2707 470 ARCIIIEP.

3629 409 3742 462 260

426 572 540 613 non
569 562 735 612 estex
753 553 861 610 hoc
881 551 1114 619 mundo,
1138 572 1165 601 η
1185 557 1241 606 et
1258 563 1481 604 rursum
1517 568 1542 594 α
1573 547 1696 602 Νοη
1723 551 1804 599 est
1824 541 1968 598 hinc.
1997 563 2024 590 »

2135 538 2275 606 δενὸς
2326 538 2568 616 δεομένη.
2615 540 2684 598 Οἱ
2732 537 3032 616 Μανιχαῖοι
3090 535 3147 595 δὲ
3195 536 3428 619 ἐντεῦθεν
3472 531 3743 598 λαϐόντες

426 649 550 702 Non
581 645 728 701 enim
748 643 890 701 dixit
918 643 1065 714 quod
1089 657 1200 697 non
1229 641 1302 696 sit
1324 638 1382 693 in
1418 636 1651 704 mundo,
1669 649 1846 706 neque
1873 630 2025 705 quod

423 751 537 792 non
560 735 632 790 sit
646 733 752 789 hic.
779 735 920 789 Nam
941 747 1173 804 regnum
1192 729 1417 802 quidem
1440 727 1556 798 ejus
1572 725 1724 781 estin
1747 724 1850 779 hoc
1870 737 2027 777 mun-

423 822 495 879 do
515 830 570 878 et
591 821 658 877 ab
685 836 750 878 eo
783 821 1011 893 regitur,
1040 829 1096 876 et
1110 820 1256 876 sicut
1278 818 1393 889 ipse
1418 817 1554 884 vult,
1577 815 1761 871 omnia
1786 813 2026 869 circum-

425 910 556 982 agit.
585 912 712 966 Non
758 917 842 966 est
881 916 1069 966 autem
1108 906 1178 962 de
1228 906 1441 962 mundo
1485 920 1718 977 regnum
1742 903 1880 976 ejus,
1929 899 2027 956 sed

423 1014 726 1072 supernum
772 1007 828 1055 et
861 1005 989 1054 ante
1024 996 1246 1063 saecula,
1301 1004 1359 1052 et
1387 1010 1499 1050 non
1530 993 1681 1060 hinc,
1733 992 1790 1048 id
1835 997 1917 1046 est
1959 1004 2027 1046 ex

423 1090 660 1147 terrenis
686 1089 1075 1156 constitutum,
1135 1088 1228 1143 sed
1281 1085 1374 1142 hic
1418 1084 1642 1157 quidem
1690 1083 1927 1154 imperat
1971 1087 2028 1135 et

425 1181 570 1253 regit
601 1198 616 1236 :
645 1196 758 1236 non
806 1187 995 1236 autem
1023 1185 1108 1234 est
1137 1177 1285 1247 hinc,
1328 1191 1507 1247 neque
1547 1174 1916 1230 constitutum
1959 1184 2027 1226 ex

427 1270 533 1326 illis
561 1269 933 1336 inferioribus,
964 1283 1144 1340 neque
1167 1267 1436 1323 caducum
1468 1286 1480 1320 :
1513 1263 1714 1336 alioqui
1743 1258 2026 1334 quomodo

427 1359 822 1430 intelligeretur
839 1358 964 1427 hoc,
984 1381 1009 1406 α
1037 1362 1101 1413 In
1123 1357 1347 1429 propria
1373 1355 1522 1412 venit
1540 1356 1640 1424 99‘,
1670 1377 1695 1404 ν
1719 1354 1762 1409 si
1789 1352 2028 1409 mundus

426 1447 517 1504 hic
536 1465 646 1503 non
666 1456 809 1504 esset
829 1448 946 1518 ejus
976 1449 1271 1518 proprius?

2134 631 2405 710 ἀφορμῆς,
2457 629 2734 706 λέγουσιν,
2787 626 2867 686 ὅτι
2919 629 2947 685 ὃ
2977 625 3176 704 κόσμος
3227 616 3376 690 οὗτος
3448 620 3739 702 ἀλλότριός

2134 720 2246 778 ἐστι
2276 723 2368 776 τοῦ
2401 719 2598 795 ἀγαθοῦ
2653 719 2817 778 Θεοῦ.
2850 716 2920 778 Ὁ
2949 715 3050 798 γὰρ
3081 715 3206 781 Υἱὸς
3238 719 3332 773 τοῦ
3364 715 3534 784 Θεοῦ,
3565 711 3740 793 φησὶ,

2133 807 2308 886 λέγει,
2358 807 2437 865 ὅτι
2481 836 2504 860 α
2547 807 2668 868 Οὖκ
2705 807 2849 866 ἔστιν
2890 811 2924 878 ἡ
2982 804 3227 885 βασιλεία
3273 820 3372 880 μόυ
3425 805 3678 861 ἐντεῦθεν.
3711 826 3745 852 ιι

2134 895 2308 970 Ἀλλ’,
2352 886 2396 955 ὦ
2435 897 2684 968 ἀνόητοι,
2723 899 2918 973 μάθετε
2950 895 3084 973 μὲν,
3126 899 3334 972 πρῶτον
3370 892 3477 952 ἀπὸ
3504 897 3598 962 τῆς
3640 889 3742 948 λέ-

2135 985 2279 1056 ξεως.
2311 977 2446 1045 Eine
2471 986 2601 1066 γὰρ,
2624 986 2703 1045 ὅτι
2728 1013 2750 1037 ι
2772 985 2846 1046 ⁶Η
2872 985 3120 1066 βασιλεία
3151 1009 3251 1062 μου
3274 985 3370 1042 οὐκ
3395 981 3536 1042 ἔστιν
3559 983 3618 1039 ἐκ
3639 983 3746 1039 τοῦ

2187 1075 2198 1094 Ι
2443 1075 2457 1095 Ι
2751 1075 2763 1098 \
2836 1068 2865 1098 τ
3132 1077 3147 1096 σο
3239 1072 3261 1094 1
3529 1075 3559 1088 συ

2136 1099 2338 1153 κοσμου
2369 1099 2556 1135 τουτου
2581 1099 2594 1113 ο
2625 1102 2649 1128 υ
2681 1100 2771 1134 και
2800 1082 2973 1148 αυθις,
3013 1101 3036 1128 α
3075 1077 3194 1136 Ουκ
3234 1097 3374 1132 εστιν
3416 1073 3670 1130 ἐντευθεν.
3714 1097 3744 1122 υ

2137 1168 2217 1226 Οὐ
2247 1165 2350 1246 γὰρ
2391 1155 2537 1225 εἶπεν
2560 1189 2574 1202 ·
2625 1169 2744 1227 Οὐκ
2787 1165 2926 1224 ἔστιν
2959 1169 3011 1225 ἐν
3049 1169 3123 1246 τῷ
3158 1165 3348 1244 κόσμῳ
3376 1207 3392 1237 ,
3431 1162 3550 1220 οὖδέ
3597 1163 3746 1219 ἐστιν

2136 1258 2385 1317 ἐνταῦθα.
2415 1257 2697 1316 Βασιλεύει
2723 1254 2818 1332 μὲν
2850 1254 2953 1334 γὰρ
2992 1257 3046 1313 ἐν
3087 1257 3162 1334 τῷ
3205 1253 3393 1334 κόσμῳ
3416 1296 3431 1325 ,
3469 1251 3556 1310 καὶ
3601 1273 3748 1330 προ-

2134 1353 2330 1404 νοεῖται
2361 1343 2549 1405 τούτου
2571 1390 2588 1419 ,
2619 1344 2710 1404 καὶ
2742 1348 2812 1411 ὡς
2846 1345 3092 1424 βούλεται
3115 1387 3130 1416 ,
3161 1342 3404 1422 περιάγει
3433 1340 3502 1400 τὰ
3531 1341 3740 1401 πάντα.

2136 1439 2254 1495 Οὐκ
2283 1434 2396 1494 ἔστι
2441 1435 2494 1495 δὲ
2534 1439 2593 1494 ἐκ
2636 1443 2727 1495 τοῦ
2765 1434 2965 1511 κόσμου
3007 1440 3039 1507 ἡ
3085 1432 3333 1511 βασιλεία
3372 1431 3568 1503 αὐτοῦ,
3613 1431 3746 1489 ἀλλ’

429 1529 624 1587 ἄνωθεν
678 1527 770 1587 xui
818 1527 1168 1608 προαιώνιος·
1223 1525 1314 1585 xui
1362 1527 1456 1585 οὐκ
1530 1528 1808 1598 ἐντεῦθεν,
1883 1523 2118 1584 κάτωθεν
2188 1523 2363 1600 λέγω,
2437 1534 2720 1584 συστᾶσα·
2782 1526 2899 1582 ἀλλ’
2956 1525 3182 1581 ἐνταῦθα
3246 1521 3354 1608 μὲν
3425 1526 3690 1601 κρατοῦσα
3721 1561 3744 1592 ,

428 1619 518 1678 καὶ
555 1621 822 1678 διοικοῦσα
847 1641 861 1654 ·
902 1619 997 1677 οὐκ
1035 1619 1265 1676 ἐντεῦθεν
1306 1615 1360 1674 δὲ
1399 1606 1558 1689 οὖσα,
1613 1615 1730 1676 οὐδὲ
1772 1614 1868 1685 τὴν
1909 1615 2158 1674 σύστασιν
2201 1614 2437 1672 κάτωθεν
2485 1619 2690 1694 σχοῦσα
2716 1659 2732 1689 ,
2771 1613 2890 1672 οὐδὲ
2932 1613 3180 1693 ἐπίκηρος
3218 1601 3374 1671 οὖσα.

3494 1606 3738 1671 Ἔπειτα

427 1712 540 1775 πῶς
574 1708 784 1780 νοηθείη
822 1708 918 1781 τὸ,
959 1733 982 1759 α
1024 1709 1116 1774 Εἷς
1153 1706 1221 1766 τὰ
1262 1707 1372 1765 ἴδιοι
1409 1697 1567 1778 ἦλθεν
1593 1750 1609 1780 ,
1649 1733 1673 1760 η
1707 1707 1752 1763 εἰ
1788 1703 1864 1782 μὴ
1895 1696 1960 1776 ἦν
1999 1709 2024 1762 ὃ
2055 1704 2249 1782 κόσμος
2281 1703 2408 1772 ἴδιος
2438 1706 2634 1778 αὐτοῦ,

498 1809 672 1862 Vsus.
705 1812 895 1861 37-40.
935 1829 960 1854 σι
989 1806 1144 1861 Dixit
1171 1805 1360 1878 itaque
1385 1805 1437 1860 ei
1481 1805 1684 1860 Pilatus
1720 1805 1903 1875 :Ergo
1935 1818 2026 1857 rex

426 1911 485 1952 es
513 1902 605 1953 tu?
636 1895 939 1968 Respondit
966 1898 1126 1951 Jesus
1164 1915 1178 1952 :
1235 1898 1320 1951 Tu
1363 1894 1517 1961 dicis,
1568 1893 1717 1966 quod
1757 1909 1850 1948 rex
1897 1907 2022 1948 sum

425 2002 548 2058 ego.
608 1989 722 2058 Ego
754 1990 808 2042 in
854 1986 961 2041 hoc
1014 1994 1178 2041 natus
1245 2000 1390 2047 sum,
1441 1995 1496 2040 et
1542 1985 1612 2040 ad
1659 1984 1764 2038 hoc
1813 1981 1938 2037 veni
1966 1984 2023 2037 in

427 2075 724 2143 mundum,
777 2083 839 2131 ut
892 2074 1274 2130 testimonium
1320 2072 1494 2128 feram
1553 2071 1788 2128 veritati.
1829 2072 2024 2128 Omnis

427 2164 630 2234 quiest
676 2179 744 2219 ex
780 2163 1026 2229 veritate,
1093 2163 1248 2218 audit
1296 2177 1488 2217 vocem
1543 2176 1748 2216 meam.
1793 2160 1944 2216 Dicit
1971 2160 2024 2215 ei

428 2253 630 2310 Pilatus
679 2270 693 2307 :
747 2251 888 2324 Quid
918 2260 1003 2307 est
1047 2252 1274 2307 veritas?
1324 2253 1396 2306 Et
1439 2267 1568 2307 cum
1620 2251 1726 2306 hoc
1774 2250 2020 2315 dixisset,

429 2339 631 2394 iterum
662 2339 863 2410 prodiit
891 2338 960 2395 ad
991 2337 1241 2408 Judazos,
1271 2347 1327 2394 et
1350 2337 1484 2394 dicit
1519 2338 1598 2393 eis
1631 2358 1642 2393 :
1675 2341 1788 2410 Ego
1815 2336 2023 2392 nullam

429 2425 651 2494 invenio
680 2426 736 2482 in
761 2442 826 2482 eo
857 2442 1102 2482 causam.
1136 2428 1231 2481 Est
1251 2434 1441 2482 autem
1472 2424 1817 2481 consuetudo
1844 2423 2018 2492 vobis,

428 2521 491 2568 ut
541 2530 714 2568 unum
754 2513 1033 2569 dimittam
1065 2513 1216 2569 vobis
1247 2514 1301 2568 in
1330 2513 1565 2569 Pascha.
1616 2511 1862 2568 Vultisne
1892 2525 2023 2582 ergo

427 2603 702 2659 dimittam
748 2603 907 2659 vobis
946 2603 1096 2660 illum
1145 2618 1334 2675 regem
1382 2602 1745 2659 Judaaorum?
1810 2624 1833 2650 υ
1883 2603 2023 2657 Cum

425 2692 628 2747 Pilatus
669 2692 1056 2764 interrogasset
1109 2693 1414 2748 Dominum
1480 2707 1615 2747 num
1663 2706 1758 2746 rex
1809 2698 1953 2745 esset
2006 2706 2023 2746 :

431 2803 458 2830 ι
486 2785 623 2852 Ego,
651 2780 848 2852 inquit,
879 2781 936 2836 in
979 2782 1086 2836 hoc
1113 2790 1275 2837 natus
1306 2797 1452 2849 sum,
1483 2804 1509 2829 η
1556 2780 1662 2836 hoc
1691 2787 1798 2846 est,
1827 2788 1892 2834 ut
1927 2795 2025 2835 rex

425 2869 554 2927 sim.
587 2873 794 2926 Natura
836 2870 983 2925 enim
1013 2870 1116 2926 hoc
1147 2871 1346 2938 habeo,
1376 2878 1431 2925 et
1471 2885 1540 2925 ex
1568 2885 1634 2924 eo
1665 2867 1813 2941 quod
1859 2876 2027 2924 natus

428 2977 553 3018 sum
580 2960 649 3016 de
677 2962 839 3016 Patre
884 2977 898 3014 :
952 2976 1085 3016 nam
1114 2960 1258 3016 istud
1309 2960 1491 3030 ipsum
1540 2957 1612 3013 de
1656 2972 1784 3030 rege
1827 2965 2025 3012 natum

428 3066 567 3118 esse,
603 3064 792 3122 regem
839 3064 928 3105 me
991 3064 1110 3104 esse
1155 3057 1403 3104 testatur.
1448 3051 1517 3103 Et
1567 3047 1640 3102 ita
1696 3062 1824 3101 cum
1867 3045 2026 3102 audis

427 3137 578 3212 quod
605 3161 629 3186 σι
665 3138 835 3192 vitam
865 3140 1025 3194 Pater
1054 3137 1266 3192 dederit
1293 3135 1446 3206 Filio,
1482 3143 1538 3192 et
1548 3135 1820 3208 judicium
1842 3134 1886 3204 ί,
1916 3158 1940 3183 ι»
1971 3143 2026 3190 et

426 3229 526 3284 alia
552 3227 764 3295 omnia,
794 3227 870 3281 ita
899 3226 1141 3298 intellige
1180 3225 1312 3282 illud
1355 3248 1380 3274 α
1429 3225 1659 3294 dederit,
1718 3248 1745 3275 ιι
1780 3241 1882 3296 pro
1931 3240 2022 3297 ge-

427 3315 610 3370 nuerit
652 3315 855 3384 ipsum,
881 3312 952 3369 ita
981 3321 1046 3368 ut
1089 3312 1285 3368 habeat
1334 3312 1506 3368 vitam
1547 3321 1604 3368 et
1639 3311 1939 3383 judicium,
1971 3319 2028 3367 et

431 3400 599 3473 744
629 3402 943 3457 naturaliter
973 3402 1091 3458 haec
1130 3403 1319 3457 omnia
1350 3401 1520 3457 Filius
1553 3416 1586 3457 a
1613 3402 1776 3457 Patre
1808 3400 2024 3456 habeat.

429 3494 498 3548 Et
518 3498 808 3563 propterea
840 3493 960 3548 veni
983 3491 1040 3547 in
1062 3490 1362 3560 mundum,
1390 3501 1452 3547 ut
1471 3491 1614 3548 istud
1636 3492 1815 3562 ipsum
1842 3491 2028 3548 dicam

427 3595 484 3642 et
537 3586 787 3655 doceam,
841 3581 1311 3656 persuadeamque
1381 3581 1700 3638 hominibus
1763 3582 2027 3639 omnibus

427 3677 575 3748 quod
624 3680 744 3733 Rex
791 3676 896 3732 sim
925 3690 988 3730 ac
1022 3671 1308 3729 Dominus.
1360 3673 1663 3729 Conciliare
1704 3682 1893 3730 autem
1931 3690 2027 3745 per

427 3763 534 3820 hoc
575 3766 761 3822 volens
811 3764 1069 3831 Pilatum,
1116 3767 1171 3816 et
1222 3761 1549 3833 persuadere
1591 3770 1652 3818 ut
1714 3761 1861 3818 dicta
1898 3775 2025 3816 sus-

427 3854 614 3926 cipiat,
650 3854 864 3927 inquit:
901 3876 929 3903 ι
977 3852 1176 3910 Omnis
1199 3917 1203 3921 _
1228 3852 1321 3924 qui
1350 3859 1434 3907 est
1479 3867 1547 3907 ex
1577 3851 1827 3919 veritate,
1869 3851 2026 3908 audit

427 3959 621 4000 vocem
651 3961 856 4000 meam.
891 3967 918 3993 »
946 3945 1030 3998 Ita
1068 3951 1122 3998 et
1152 3951 1234 4011 tu,
1265 3958 1299 3997 ο
1330 3941 1518 4013 Pilate,
1549 3941 1594 3995 si
1624 3942 1849 4012 quidem
1878 3944 2022 3998 veri-

425 4032 551 4087 tatis
597 4048 656 4087 es
725 4032 893 4100 ﬁlius,
939 4045 1172 4101 eamque
1230 4028 1535 4098 desideras,
1600 4027 1786 4083 audies
1830 4044 2022 4086 vocem

425 4135 633 4187 meam,
673 4119 977 4191 credesque
1008 4135 1098 4174 me
1118 4133 1305 4190 regem
1334 4133 1472 4184 esse,
1515 4132 1628 4173 non
1648 4117 1814 4172 talem
1839 4119 2024 4189 quales

425 4216 556 4264 sunt
593 4207 880 4276 mundani,
925 4222 1024 4262 nec
1051 4206 1382 4278 acquisitum
1429 4205 1725 4261 habentem
1765 4219 2020 4276 regnum,

424 4296 525 4352 sed
553 4298 828 4367 naturale,
855 4305 911 4353 et
938 4313 970 4352 a
994 4297 1277 4352 nativitate
1300 4295 1418 4366 ipsa
1443 4312 1473 4351 a
1501 4301 1618 4352 Deo
1643 4305 1698 4352 et
1735 4312 1862 4369 rege
1888 4297 2024 4355 illud

425 4386 840 4458 suscipientem.
866 4386 1316 4458 Perstringuntur
1338 4395 1527 4442 autem
1563 4386 1668 4442 hoc
1699 4387 1824 4444 loco
1853 4388 2022 4444 etiam

423 4475 624 4544 Judaei,
667 4477 812 4549 quod
851 4493 965 4532 non
988 4477 1098 4532 sint
1122 4492 1186 4531 ex
1212 4477 1461 4543 veritate,
1519 4476 1646 4549 quia
1677 4493 1869 4534 vocem
1904 4479 2023 4550 ejus
2051 4510 2100 4572 Β

425 4566 614 4622 audire
641 4567 854 4624 nolunt.
892 4572 962 4623 Et
990 4583 1120 4623 cum
1159 4583 1275 4622 non
1304 4566 1412 4622 sint
1438 4583 1504 4623 ex
1573 4567 1822 4636 veritate,
1864 4584 2019 4624 men-

423 4657 578 4714 dacia
610 4658 803 4729 utique
849 4665 1042 4713 contra
1075 4658 1275 4729 'ipsum
1322 4657 1622 4725 ﬁnxerunt,
1669 4667 1726 4714 et
1755 4674 1870 4715 non
1897 4675 2022 4716 vere

423 4746 624 4803 mortis
652 4763 780 4803 reus
800 4756 901 4803 est.
935 4747 1026 4804 Sic
1081 4747 1251 4820 igitur
1279 4748 1465 4820 paucis
1493 4749 1599 4804 illis
1645 4749 1827 4805 verbis
1868 4750 2023 4806 Pila-

423 4845 546 4894 tum
589 4837 788 4907 rapuit,
826 4846 990 4909 atque
1033 4837 1130 4905 ita,
1180 4846 1242 4893 ut
1267 4837 1335 4894 de
1399 4837 1627 4895 veritate
1675 4837 2026 4910 interrogarit

429 4950 455 4977 α
488 4926 634 4996 Quid
658 4926 763 4983 sit?
783 4950 808 4976 ν
827 4929 1025 4984 Ferme
1048 4927 1194 4984 enim
1218 4928 1359 4984 inter
1377 4928 1632 4985 homines
1657 4929 1860 4986 abolita
1881 4937 2020 4998 erat,

423 5025 478 5074 et
503 5016 866 5090 ignorabatur
886 5016 955 5073 ab
984 5017 1239 5074 omnibus
1259 5018 1314 5074 in
1339 5018 1656 5075 inﬁdelitate
1691 5019 1870 5076 adhuc
1898 5035 2022 5090 per-

422 5107 792 5164 manentibus.
826 5108 966 5178 Quia
996 5116 1186 5164 autem
1215 5117 1463 5180 tempore
1498 5108 1720 5181 quidem
1742 5108 2023 5180 indigebat

423 5198 646 5270 proprio
676 5199 910 5270 quaestio
948 5197 1089 5266 haec,
1115 5207 1168 5254 et
1207 5199 1440 5271 urgebat
1463 5206 1525 5253 ut
1557 5199 1794 5269 eriperet
1828 5200 2019 5254 Jesum

421 5304 454 5344 a
492 5289 814 5344 Judmorum
851 5287 1059 5357 furore,
1091 5287 1295 5344 idcirco
1349 5287 1628 5360 egreditur
1675 5287 1747 5344 ad
1791 5303 1908 5357 eos,
1966 5296 2022 5344 et

422 5379 559 5436 dicit
589 5401 603 5436 :
636 5406 660 5431 σι
694 5385 809 5454 Ego
833 5383 1042 5439 nullam
1071 5398 1291 5438 causam
1319 5382 1535 5439 invenio
1573 5383 1628 5437 in
1667 5398 1755 5438 eo.
1788 5406 1812 5431 ιο
1855 5385 1926 5438 Et
1967 5381 2020 5438 id

424 5485 642 5542 quoque
677 5472 970 5544 sapienter.
1009 5475 1133 5529 Non
1161 5473 1309 5528 enim
1340 5472 1473 5528 dixit
1500 5492 1513 5527 :
1537 5473 1798 5545 Quamvis
1827 5487 2021 5544 pecca-

425 5558 589 5628 verit,
622 5566 678 5614 et
704 5559 902 5633 dignus
935 5562 1009 5617 sit
1049 5571 1250 5632 morte,
1299 5572 1548 5620 attamen
1578 5561 1703 5619 festi
1736 5561 2020 5635 privilegio

499 5727 566 5763 θ’*
593 5730 754 5787 Joan.
784 5746 828 5799 ι,
865 5737 922 5788 ιι
1027 5732 1042 5765 ¹
1070 5734 1228 5789 Joan.
1262 5749 1326 5804 ν,
1352 5738 1446 5792 26.

2052 3172 2096 3236 C

2218 1821 2242 1846 «ι
2298 1786 2463 1855 Εἶπεν
2511 1797 2600 1852 οὐν
2651 1794 2795 1873 αὐτῷ
2833 1795 2860 1851 ὁ
2905 1791 3182 1860 Πιλάτος·
3235 1791 3445 1851 Οὖκοῦν
3488 1786 3743 1868 βασιλεὺς

2137 1885 2181 1940 εἰ
2209 1884 2313 1956 σύ;
2360 1881 2645 1960 Ἀπεκρίθη
2699 1881 2937 1954 Ἰησοῦς·
2997 1880 3076 1942 Σὺ
3117 1879 3315 1958 λέγεις,
3363 1878 3443 1938 ὅτι
3490 1878 3746 1957 βασιλεύς

2135 1974 2243 2049 εἰμι
2277 1971 2417 2050 ἐγώ·
2468 1970 2573 2050 ἐγὼ
2621 1973 2694 2038 εἷς
2734 1977 2889 2030 τοῦτο
2936 1970 3294 2048 γεγέννημαι,
3338 1967 3431 2027 καὶ
3474 1971 3544 2033 εἰς
3579 1972 3742 2025 τοῦτο

2135 2062 2364 2132 ἐλήλυθα
2413 2063 2484 2128 εἷς
2511 2062 2600 2120 τὸν
2652 2060 2893 2138 κόσμον,
2951 2059 3038 2118 ἵνα
3103 2059 3430 2140 μαρτυρήσω
3599 2059 3742 2130 ἀλη-

2134 2151 2263 2231 θείᾳ.
2319 2153 2490 2218 Πᾶςὸ
2535 2148 2608 2208 ὢν
2662 2152 2723 2208 ἐκ
2775 2155 2866 2222 τῆς
2911 2150 3196 2225 ἀληθείας,
3249 2148 3430 2208 ἀκούει
3489 2171 3587 2224 μου
3637 2151 3745 2218 τῆς

2133 2246 2328 2320 φωνῆς.
2357 2240 2516 2318 Λέγει
2544 2243 2688 2320 αὐτῷ
2711 2246 2736 2298 ὃ
2762 2239 2995 2306 Πιλάτος
3017 2263 3031 2276 ’
3057 2238 3128 2299 Τί
3155 2241 3297 2296 ἐστιν
3326 2237 3544 2309 ἀλήθεια
3573 2267 3584 2307 ;
3623 2236 3745 2296 Καὶ

2132 2335 2289 2390 τοῦτο
2313 2329 2475 2388 εἰπὼν
2499 2375 2516 2404 ,
2561 2329 2723 2388 πάλιν
2765 2329 2948 2400 ἐξῆλθε
2989 2328 3120 2409 πρὸς
3155 2328 3275 2395 τοὺς
3322 2327 3609 2392 Ἰουδαίους
3639 2324 3742 2384 καὶ

2132 2420 2278 2498 λέγει
2314 2422 2487 2486 αὐτοῖς
2515 2442 2528 2456 ·
2557 2418 2705 2498 Ἐγὼ
2735 2421 2984 2494 οὐδεμίαν
3015 2417 3189 2478 αἰτίαν
3220 2417 3448 2497 εὑρίσκω
3480 2419 3532 2475 ἐν
3562 2419 3732 2494 αὐτῷ.

2132 2507 2295 2569 Ἐστι
2326 2508 2381 2567 δὲ
2413 2510 2658 2581 συνήθεια
2689 2513 2811 2583 ὑμῖν
2836 2553 2852 2581 ,
2887 2507 2975 2566 ἵνα
3009 2508 3100 2566 ἕνα
3133 2509 3253 2582 ὑμῖν
3286 2506 3540 2565 ἀπολύσω
3575 2508 3626 2564 ἐν
3659 2509 3743 2586 τῷ

2212 2598 2225 2617 ι
2484 2599 2521 2622 ιχ
2710 2589 2742 2624 γ
2803 2602 2818 2622 ε
2870 2599 2896 2613 ο..
2967 2600 2982 2621 ,
3109 2597 3122 2615 ι
3271 2595 3284 2615 ι
3540 2597 3552 2615 ρ
3667 2600 3699 2613 ου

2137 2601 2362 2678 Πασχα.
2394 2602 2656 2657 ΒουΛεσθε
2683 2621 2771 2657 ουν
2801 2623 2922 2674 υμιν
2954 2599 3208 2656 απολυσω
3235 2620 3324 2656 τον
3364 2599 3588 2675 βασιλεα
3629 2619 3739 2654 των

2135 2688 2446 2761 Ἰουδαίων,
2475 2714 2496 2740 υ
2524 2692 2642 2748 Τοῦ
2670 2689 2906 2748 Πιλάτου
2933 2687 3298 2768 ἐρωτήσαντος
3318 2687 3404 2745 τὸν
3437 2687 3664 2766 Κύριον,
3689 2687 3739 2744 εἷ

2137 2779 2382 2858 βασιλεύς
2427 2779 2602 2837 ἐστιν’
2643 2805 2668 2830 α
2709 2777 2856 2854 Ἐγὼ
2881 2822 2896 2850 ,
2937 2777 3095 2858 φησὶν
3123 2823 3141 2850 ,
3179 2780 3249 2858 εἷς
3289 2785 3443 2837 τοῦτο
3479 2779 3737 2854 γεγέννη-

2137 2890 2269 2943 μαι,
2302 2893 2327 2919 uo
2363 2867 2661 2941 τουτέστιν,
2702 2869 2774 2935 εἷς
2814 2866 2874 2926 τὸ
2910 2867 3158 2946 βασιλεὺς
3201 2857 3356 2927 εἶναι.
3405 2867 3583 2927 Φύσει
3623 2863 3734 2945 γὰρ

2135 2957 2244 3036 ἔχω
2267 2961 2460 3030 τοῦτο,
2505 2958 2596 3016 καὶ
2645 2955 2736 3016 ἀπ’
2789 2959 2948 3016 αὐτοῦ
2978 2961 3069 3016 τοῦ
3126 2961 3443 3035 γεννηθῆναι
3494 2958 3553 3014 ἐκ
3615 2958 3740 3014 Πα-

2134 3046 2272 3124 τρός.
2322 3045 2470 3105 Αὐτὸ
2517 3045 2621 3124 γὰρ
2674 3051 2829 3105 τοῦτο
2865 3045 2926 3105 τὸ
2966 3049 3027 3106 ἐκ
3078 3047 3337 3125 βασιλέως
3378 3049 3738 3123 γεννηθῆναι,

2139 3134 2362 3214 βασιλέα
2397 3126 2532 3194 εἶναί
2562 3159 2628 3213 με
2673 3139 2950 3215 μαρτυρεῖ.
2991 3134 3162 3195 ⁶Ώστε
3202 3134 3292 3194 xui
3334 3132 3460 3193 ὅταν
3503 3134 3734 3213 ἀκούῃς,

2138 3227 2218 3284 ὅτι
2245 3225 2383 3296 ζωὴν
2431 3227 2596 3284 ἔδωκε
2641 3229 2718 3305 τῷ
2767 3227 2883 3305 Υἱῷ
2931 3229 2960 3285 ὁ
3007 3225 3235 3302 Πατὴρ,
3287 3224 3380 3284 καὶ
3429 3223 3600 3304 κρίσιν
3646 3224 3744 3283 καὶ

2139 3315 2308 3372 τᾶλλα
2347 3314 2550 3388 πάντα,
2591 3314 2729 3374 οὕτω
2763 3313 2869 3375 νόει
2891 3313 2952 3373 τό
2976 3338 2990 3353 ·
3043 3341 3069 3367 αι
3103 3313 3326 3388 ἔδωκεν,
3370 3342 3395 3368 ι)
3449 3315 3564 3372 ἀντὶ
3605 3319 3697 3376 τοῦ
3724 3359 3743 3387 ,

2138 3405 2415 3482 ἐγέννησεν
2461 3405 2649 3478 αὐτὸν,
2683 3403 2819 3463 ὥστε
2862 3404 3005 3484 ἔχειν
3046 3404 3214 3479 ζωὴν,
3251 3404 3343 3465 xui
3383 3405 3610 3484 κρίνειν,
3644 3405 3743 3463 καὶ

2137 3497 2370 3574 φυσικῶς
2407 3502 2576 3554 ταῦτα
2611 3493 2788 3554 πάντα
2828 3496 3082 3574 πρόσεστι
3120 3498 3198 3575 τῷ
3236 3497 3351 3576 Υἱῷ
3388 3496 3447 3554 ἐκ
3494 3493 3736 3572 Πατρός.

2139 3586 2251 3645 Καὶ
2302 3583 2390 3642 διὰ
2435 3588 2590 3643 τοῦτο
2644 3586 2873 3655 ἐλήλυθα
2921 3589 2992 3652 εἷς
3039 3586 3129 3644 τὸν
3181 3585 3402 3663 κόσμον,
3445 3583 3531 3644 ἵνα
3580 3589 3741 3643 τοῦτο

2136 3674 2265 3733 αὐτὸ
2289 3672 2459 3747 είπω,
2497 3674 2587 3732 xui
2626 3674 2846 3748 διδάξω,
2882 3675 2974 3733 καὶ
3013 3676 3189 3733 πείσω
3214 3675 3452 3746 πάντας,
3494 3671 3572 3732 ὅτι
3616 3677 3738 3733 Βα-

2137 3763 2342 3838 σιλεὺς,
2389 3764 2478 3822 καὶ
2527 3763 2842 3837 Δεσπότης,
2898 3762 2990 3822 xui
3041 3764 3235 3844 Κύριός
3282 3767 3411 3840 εἶμι.
3461 3762 3743 3823 Ἐπισπά..

2135 3859 2328 3911 σασθαι
2375 3852 2430 3912 δὲ
2466 3851 2632 3911 θέλων
2670 3853 2762 3910 xui
2807 3850 2896 3911 διὰ
2940 3853 3144 3912 τούτων
3182 3853 3271 3911 τὸν
3321 3853 3557 3912 Πιλάτον
3585 3897 3603 3925 ,
3645 3851 3739 3912 καὶ

2132 3943 2358 4016 πεῖσαι,
2425 3941 2565 4000 ὥστε
2633 3942 3032 4021 παραδέξασθαι
3097 3941 3166 4001 τὰ
3233 3942 3498 4023 λεγόμενα
3560 3942 3735 4023 φησί·

2137 4053 2165 4089 α
2204 4034 2319 4097 Πᾶς
2351 4035 2378 4089 ὁ
2411 4029 2482 4089 ὢν
2510 4033 2570 4090 ἐκ
2599 4037 2692 4122 τῆς
2717 4033 2967 4104 ἀληθείας
2994 4032 3179 4092 ἀκούει
3214 4054 3317 4108 μου
3347 4036 3440 4104 τῆς
3476 4035 3737 4122 φωνῆς...»

2132 4119 2301 4180 ’Ὠστε
2337 4120 2428 4180 xui
2460 4123 2557 4192 σὺ,
2597 4112 2642 4179 ὦ
2679 4123 2919 4199 Πιλάτε,
2960 4121 3108 4202 εἴπερ
3149 4123 3400 4196 ἀληθείας
3437 4122 3618 4181 τέκνον
3655 4112 3736 4196 εἷ,

2132 4209 2225 4267 καὶ
2276 4215 2450 4278 ποθεῖς
2491 4211 2731 4289 ταύτην,
2786 4210 3029 4279 ἀκούσεις
3077 4235 3178 4289 μου
3231 4217 3325 4283 τῆς
3378 4214 3596 4294 φωνῆς,
3642 4211 3737 4270 xui

2133 4300 2434 4367 πιστεύσεις
2473 4325 2539 4378 με
2574 4291 2709 4359 εἶναι
2751 4301 2978 4379 βασιλέα
3017 4303 3073 4359 οὗ
3107 4307 3339 4360 τοιοῦτον
3364 4346 3380 4374 ,
3421 4291 3523 4360 οἶοι
3558 4303 3605 4358 οἱ
3641 4306 3735 4360 τοῦ

2135 4390 2368 4467 κόσμου,
2398 4391 2680 4464 ἐπίκτητον
2709 4390 2904 4470 ἔχοντα
2929 4391 3025 4463 τὴν
3057 4391 3228 4474 ἀρχὴν
3247 4436 3262 4464 ,
3294 4393 3430 4452 ἀλλὰ
3459 4390 3687 4472 φυσικὴν
3715 4438 3733 4466 ,

2133 4480 2223 4540 xui
2256 4483 2351 4539 ἀπ’
2394 4483 2554 4541 αὐτοῦ
2593 4487 2684 4540 τοῦ
2717 4487 3031 4558 γεννηθῆναι
3071 4486 3131 4542 ἐκ
3168 4486 3310 4544 Θεοῦ
3345 4481 3434 4540 xui
3476 4483 3739 4561 βασιλέως

2131 4570 2433 4650 προσοῦσάν
2469 4594 2577 4648 μοι·
2614 4570 2920 4630 Αἷνίττεται
2957 4572 3012 4629 δὲ
3051 4574 3276 4630 ἐνταῦθα
3318 4572 3407 4630 xui
3439 4571 3558 4638 τοὺς
3599 4570 3740 4633 Ἰου-

2131 4661 2307 4727 δαίους
2337 4661 2412 4738 μὴ
2482 4660 2635 4728 ὄντας
2675 4662 2736 4719 ἐκ
2768 4665 2863 4733 τῆς
2905 4660 3186 4738 ἀληθείας,
3231 4661 3348 4720 ἐπεὶ
3393 4663 3488 4720 οὐκ
3528 4660 3738 4720 ἀκούειν

2133 4750 2336 4810 θέλουσι
2367 4753 2462 4822 τῆς
2492 4754 2668 4829 φωνῆς
2709 4752 2891 4812 αὐτοῦ.
2944 4750 3041 4821 Μὴ
3082 4750 3225 4819 ὄντες
3267 4750 3321 4809 δὲ
3361 4751 3422 4808 ἐκ
3463 4753 3558 4821 τῆς
3606 4752 3740 4824 ἀλη-

2133 4839 2311 4913 θείας,
2368 4841 2535 4919 ψευδῆ
2586 4840 2802 4907 πάντως
2854 4839 2946 4898 καὶ
3001 4842 3118 4898 κατ’
3169 4842 3325 4899 αὐτοῦ
3376 4840 3739 4915 πλάττονται,

2130 4930 2219 4987 καὶ
2269 4931 2362 4988 οὐκ
2411 4931 2622 5002 ἀληθῶς
2673 4928 2852 5008 ἔνοχός
2901 4933 3023 4988 ἐστι
3074 4929 3322 4991 θανάτου.
3379 4928 3540 4990 Οὕτω
3611 4934 3739 5005 γοῦν

2128 5009 2236 5076 εἷλε
2271 5027 2378 5086 τοῖς
2409 5021 2634 5098 βραχέσι
2671 5019 2872 5086 τούτοις
2918 5019 3120 5101 ῥήμασι
3157 5019 3245 5079 τὸν
3283 5020 3520 5079 Πιλάτον
3547 5065 3562 5094 ,
3596 5017 3738 5078 ὥστε

2129 5106 2254 5186 περὶ
2293 5108 2542 5181 ἀληθείας
2577 5110 2845 5188 ἐρωτῆσαι
2886 5110 2976 5168 τὸν
3020 5109 3289 5186 Πιλάτον,
3339 5137 3363 5164 ιι
3397 5110 3469 5170 Τί
3513 5113 3670 5182 ἐστι;
3708 5137 3735 5163 ιι

2131 5198 2331 5277 Σχεδὸν
2383 5198 2484 5278 γὰρ
2538 5197 2591 5266 ἐξ
2641 5197 2928 5278 ἀνθρώπων
2980 5200 3242 5280 ἠφάνιστο
3269 5245 3286 5277 ,
3344 5198 3437 5258 καὶ
3491 5201 3736 5277 ἠγνοεῖτο

2130 5289 2230 5346 ὕπὸ
2260 5287 2509 5360 πάντων,
2555 5286 2636 5346 ἔτι
2677 5291 2729 5347 ἐν
2760 5287 2984 5367 ἀπιστίᾳ
3027 5289 3213 5350 ὄντων.
3258 5288 3420 5350 Ἐπεὶ
3453 5288 3506 5347 δὲ
3545 5293 3734 5370 καιροῦ

2131 5380 2226 5454 μὲν
2269 5379 2435 5436 ἐδεῖτο
2486 5377 2618 5436 ἰδίου
2671 5376 2729 5436 τὸ
2782 5379 3071 5458 ἐρώτημα,
3112 5379 3172 5438 τὸ
3215 5378 3270 5437 δὲ
3314 5387 3630 5457 κατεπεῖγον
3669 5369 3738 5450 ἦν

2129 5465 2426 5546 ἐξαρπάσαι
2481 5467 2572 5526 τὸν
2625 5467 2834 5540 Ἰησοῦν
2893 5472 2986 5540 τῆς
3039 5471 3145 5527 τῶν
3201 5467 3474 5528 Ἰουδαίων
3527 5471 3736 5547 ὁρμῆς,

2126 5554 2217 5616 διὰ
2244 5561 2399 5616 τοῦτο
2429 5555 2697 5638 ἐξέρχεται
2741 5557 2873 5639 πρὸς
2912 5557 3137 5633 αὐτοὺς,
3171 5557 3260 5619 καί
3297 5581 3455 5640 φησιν
3477 5579 3494 5598 ο
3533 5584 3557 5610 α
3589 5557 3741 5634 Ἐγὼ
