4128 6442
371 416 476 472 αοι

1199 421 1590 478 ENARRATIO
1629 422 1694 478 ΙΝ
1734 421 2167 479 EVANGELIUM
2201 420 2503 481 JOANNIS.
2543 453 2612 465 —
2652 425 2801 482 CAP.
2841 427 2982 485 XIX.

3611 435 3712 490 262

387 539 647 619 οὒδεμίαν
701 541 893 604 αἰτίαν
945 543 1170 629 εὗρίσκω
1214 546 1266 606 ἐν
1298 549 1466 629 αὐτῷ.
1519 575 1545 600 ιο
1597 547 1707 610 Καὶ
1749 555 1903 609 τοῦτο
1943 548 1991 607 δὲ

2100 564 2242 619 Leum
2287 549 2518 618 donate;
2564 549 2663 607 sed
2695 550 2936 622 primum
2979 567 3110 610 eum
3156 554 3406 612 liberavit
3449 556 3519 613 ab
3559 560 3713 614 omni

391 635 648 700 συνετῶς.
702 636 794 695 Οὐ
841 635 949 715 γὰρ
997 626 1172 708 εἶπεν,
1224 637 1304 695 ὅτι
1339 626 1424 698 Ei
1453 637 1546 697 καὶ
1599 637 1875 720 ἥμαρτεν,
1908 643 2002 704 καὶ⁵

391 722 535 791 ἄξιός
565 726 683 784 ἐστι
713 727 980 802 θανάτου,
1027 725 1171 804 ὅμως
1209 729 1507 808 χαρίσασθε
1537 729 1692 787 αὐτὸν
1721 733 1788 807 τῇ
1831 732 2005 814 ἑορτῇ·

394 814 540 872 ἀλλὰ
582 817 796 896 πρῶτον
832 814 993 873 αὐτὸν
1026 816 1339 885 ἀπαλλάξας
1375 818 1548 885 αἰτίας
1596 817 1812 891 ἁπάσης
1833 865 1850 893 ,
1883 822 2004 883 τότε

394 904 533 970 ἀξιοῖ
601 904 796 972 αὖτοὺς
860 905 986 985 περὶ
1047 909 1140 978 τῆς
1197 908 1529 975 ἀπολύσεως.
1582 905 1738 981 Ἵνα,
1798 910 1845 967 εἷ
1905 913 2001 988 μὲν

397 994 642 1075 ἀπολυθῇ
673 998 702 1052 6
732 994 980 1068 Ἰησοῦς,
1019 996 1259 1072 μηδεμία
1303 998 1484 1065 αὐτοῖς
1530 995 1688 1078 χάρις
1721 999 2000 1079 ὀφείλοιτοο

397 1084 483 1142 τὸν
513 1083 617 1164 γὰρ
651 1083 888 1143 ἀναίτιον
929 1085 1340 1147 ἀπολελύκασιν.
1393 1089 1461 1147 Εἰ
1505 1087 1560 1145 δὲ
1591 1088 2004 1168 καταψηφίσον-

402 1195 528 1249 ται,
556 1172 789 1254 δειχθείη
824 1176 997 1233 αὐτῶν
1027 1179 1063 1246 ἡ
1100 1175 1266 1234 κακία
1287 1221 1305 1252 ,
1340 1174 1422 1234 ὅτι
1452 1177 1540 1234 τὸν
1574 1176 1808 1236 ἀναίτιον
1837 1202 2000 1239 κατε-

406 1263 640 1325 δίκασαν.
676 1261 828 1343 Ὅρα
878 1264 934 1322 δὲ
970 1262 1064 1324 καὶ
1107 1265 1195 1338 τὸ,
1231 1293 1253 1318 ι
1290 1264 1379 1324 τὸν
1429 1265 1650 1345 βασιλέα
1704 1270 1808 1325 τῶν
1858 1267 2002 1328 Ἰου-

395 1352 648 1428 δαίων,ι
704 1355 854 1414 ποῖόν
912 1377 1033 1412 τινα
1089 1361 1207 1414 νοῦν
1259 1354 1397 1435 ἔχει.
1448 1358 1711 1436 Φανερῶς
1755 1355 1860 1436 γὰρ
1915 1361 2002 1419 διὰ

390 1443 583 1502 τούτου
637 1446 983 1523 ἀπολογεῖται
1034 1447 1064 1502 6
1121 1445 1384 1520 Πιλάτος,
1455 1449 1527 1512 ὡς
1579 1447 1726 1506 οὐδὲν
1795 1446 2002 1520 Ἰησοῦς

392 1531 692 1609 ἔπταισεν,
744 1534 885 1592 ἀλλὰ
933 1535 1109 1610 μάτην
1164 1537 1470 1611 ἐγκαλεῖται
1517 1537 1645 1615 παρ’
1690 1537 1897 1610 αὐτῶν,
1931 1541 2001 1606 ὡς

397 1623 680 1700 βασιλείας
755 1624 1046 1701 ἐπιθυμῶν.
1169 1625 1252 1684 Οὐ
1305 1625 1409 1704 γὰρ
1469 1625 1531 1682 ἂν
1608 1624 1698 1684 τὸν
1774 1628 2000 1704 βασιλέα

394 1713 589 1770 ἑαυτὸν
659 1717 944 1790 ποιοῦντα,
1016 1711 1110 1773 καὶ
1184 1715 1502 1794 ἀνταίροντα
1561 1718 1625 1794 τῇ
1686 1717 1792 1772 τῶν
1852 1716 2000 1778 Ῥω-

393 1802 577 1878 μαίων
631 1801 945 1882 δυναστείᾳ,
1025 1806 1054 1860 6
1108 1805 1213 1861 τῶν
1295 1802 1581 1878 Ῥωμαίων
1656 1805 1998 1883 ὑποστράτη-

392 1914 486 1970 γος
533 1891 819 1953 ἀπέλυσεν.
861 1892 1039 1951 εὨστε
1086 1893 1140 1950 ἕν
1187 1895 1262 1972 τῷ
1314 1895 1518 1965 εἰπεῖν,
1561 1915 1590 1951 (ι
1629 1893 1738 1953 Τὸν
1771 1895 1997 1973 βασιλέα

391 1982 501 2037 τῶν
567 1979 836 2041 Ἰουδαίων
888 1983 1170 2057 ἀπολύσω,
1213 2007 1238 2033 ι
1287 1985 1561 2049 παντελῶς
1614 1983 1850 2042 ἀναίτιον
1907 1985 1995 2044 τὸν

396 2068 613 2141 Ἰησοῦν
664 2070 1046 2145 ἀποδείκνυσι,
1104 2072 1195 2131 καὶ
1238 2072 1501 2152 ἐπεγγελᾷ
1537 2073 1646 2139 τοῖς
1690 2071 1995 2153 Ἰουδαίοις,

390 2161 591 2219 ὡσανεὶ
641 2166 860 2219 τοιαῦτα
898 2159 1088 2238 λέγων·
1150 2157 1256 2222 ⁸ον
1301 2163 1448 2238 ὖμείς
1497 2171 1874 2242 συκοφαντεῖτε
1923 2168 1996 2230 ὡς

392 2251 784 2327 βασιλειῶντα,
845 2249 901 2309 ὃν
964 2251 1230 2330 ἀντάρτην
1287 2249 1380 2310 καὶ
1429 2251 1766 2322 στασιαστήν
1819 2277 1994 2332 φατε,

390 2343 586 2398 τοῦτον
641 2338 895 2398 ἀπολύειν
959 2339 1063 2418 ἐγὼ
1116 2339 1284 2417 ἀξιῶ,
1341 2341 1538 2418 δῆλον,
1595 2344 1666 2409 ὣς
1727 2344 1820 2400 οὐκ
1867 2342 1994 2402 ὄντα

393 2434 657 2486 τοιοῦτον.
709 2429 863 2495 Τινὲς
915 2428 1089 2503 δὲτὸ,
1145 2452 1174 2488 α
1225 2430 1315 2496 Εἷς
1365 2435 1522 2489 τοῦτο
1570 2429 1924 2509 γεγέννημαι,
1970 2459 1994 2487 ιο

387 2521 450 2576 οὗ
493 2517 592 2591 τὴν
643 2519 706 2576 ἐκ
753 2523 846 2577 τοῦ
895 2520 1108 2600 Πατρὸς
1153 2518 1470 2600 προαιώνιον
1519 2520 1764 2598 γέννησιν
1801 2523 1991 2593 δηλοῦν

385 2606 656 2685 ἐνόησαν,
703 2609 842 2666 ἀλλὰ
875 2611 973 2680 τὴν
1017 2609 1236 2689 ὕστερον
1272 2611 1333 2667 ἐκ
1375 2611 1657 2690 παρθένου.
1706 2609 1810 2670 Διὰ
1837 2616 1992 2670 τοῦτο

385 2695 492 2777 γὰρ
551 2698 745 2776 γέγονα
800 2697 1105 2776 ἅνθρωπος,
1160 2699 1250 2757 καὶ
1314 2700 1592 2778 ἐγεννήθην
1642 2702 1703 2758 ἐκ
1735 2699 1988 2779 Μαρίας,

385 2784 475 2844 ἵνα
504 2789 568 2846 τὸ
597 2790 789 2869 ψεῦδος
829 2789 920 2846 καὶ
953 2787 1043 2846 τὸν
1078 2787 1326 2848 διάϐολον
1381 2791 1664 2862 ἀπολέσω,
1706 2789 1802 2861 τήν
1846 2789 1986 2848 θείαν

383 2876 538 2955 φύσιν
587 2875 868 2946 ἀποδείξας
910 2877 1292 2957 βασιλεύουσαν
1325 2878 1564 2938 πάντων.
1621 2878 1861 2951 Ἀλήθεια
1898 2870 1986 2938 οὖν

381 2966 539 3026 τοῦτό
565 2969 738 3039 ἔστιν,
763 2971 799 3038 ἡ
830 2966 934 3041 ἐμὴ
965 2971 1160 3044 γνῶσις
1181 3015 1199 3046 ,
1225 2968 1316 3027 καὶ
1344 2971 1378 3038 ἡ
1412 2967 1650 3048 σωτηρία
1682 2973 1714 3040 ἡ
1747 2966 1834 3026 διὰ
1859 2969 1989 3026 ταύ-

379 3079 497 3127 της.
526 3057 630 3117 Διὰ
652 3064 809 3117 τοῦτο
833 3062 958 3134 γοῦν
989 3049 1166 3130 ἦλθον,
1191 3056 1279 3116 ἵνα
1308 3057 1401 3117 καὶ
1428 3059 1524 3132 τὴν
1556 3056 1812 3130 ἀληθινὴν
1850 3063 1986 3137 γνῶ-

383 3167 465 3202 σιν
498 3151 591 3204 τοῦ
613 3151 765 3207 Θεοῦ
789 3149 882 3205 καὶ
909 3146 1176 3226 σωτηρίαν
1211 3147 1545 3227 χαρίσωμαι.
1593 3146 1765 3238 Ἄξιον
1788 3147 1842 3206 δὲ
1869 3147 1987 3216 ἐξε-
2025 3171 2073 3238 C

379 3234 572 3310 τάσαι,
606 3237 772 3295 πόθεν
799 3237 1106 3316 ὁρμώμενοι
1148 3240 1196 3296 οἱ
1243 3238 1521 3317 Ἰουδαῖοι,
1562 3235 1677 3304 ἔθος
1708 3227 1854 3317 εἶχον
1895 3241 1989 3297 ἕνα

378 3324 600 3403 δέσμιον
635 3325 913 3386 ἀπολύειν.
962 3328 1186 3407 Πρῶτον
1233 3328 1328 3405 μὲν
1363 3316 1453 3385 οὖν
1480 3329 1621 3386 ἔστιν
1656 3330 1857 3406 εἰπεῖν,
1907 3328 1988 3386 ὅτι

382 3417 433 3472 οἱ
482 3443 507 3465 ιι
569 3417 906 3484 διδασκοντες
971 3417 1352 3490 διδασκαλίας,
1411 3419 1722 3494 ἐντάλματα
1777 3417 1982 3498 ἀνθρώ-

389 3527 539 3577 πων,
563 3527 594 3561 ιι
630 3505 698 3564 τὸ.
736 3508 966 3567 πλεῖστα
1014 3513 1131 3574 ταῖς
1165 3505 1322 3575 ἰδίαις
1379 3507 1654 3586 ἐστοίχουν
1708 3509 1984 3586 γνώμαις,

391 3592 517 3650 ἀλλ’
558 3596 618 3651 οὗ
666 3605 764 3663 τοῖς
806 3601 902 3655 τοῦ
951 3600 1095 3658 Θεοῦ
1141 3599 1518 3677 προσεχρῶντο
1557 3597 1762 3675 νόμοις.
1818 3595 1984 3658 Ὅθεν

392 3683 488 3739 καὶ
515 3689 667 3742 τοῦτο
704 3687 754 3742 ἐν
781 3685 885 3746 ἔθει
929 3687 1153 3767 τοιούτῳ
1196 3688 1373 3768 ἀλόγῳ
1398 3677 1544 3767 εἶχον
1562 3733 1578 3760 ,
1626 3679 1711 3746 οἶα
1742 3693 1838 3746 τοῦ
1867 3691 1984 3749 λοι-

393 3778 498 3830 ποῦ
589 3777 1091 3856 ἐκτραχηλισθέντες
1179 3779 1283 3835 τῶν
1360 3781 1595 3854 νομικῶν
1667 3777 1976 3847 διατάξεων.

389 3857 657 3942 Ἔπειτα,
691 3866 783 3923 καὶ
805 3866 1041 3926 τοιοῦτόν
1069 3889 1121 3924 τι
1151 3867 1371 3945 εὕρηται
1402 3869 1455 3925 ἐν
1493 3871 1558 3944 τῇ
1594 3870 1786 3948 Γραφῇ
1822 3891 1982 3946 νομο-

385 3951 626 4029 θέτημα,
683 3957 775 4036 ἀφ’
826 3947 887 4014 οὗ
934 3955 1072 4022 εἰκὸς
1119 3948 1183 4028 ἦν
1229 3957 1566 4036 ὁρμωμένους
1616 3947 1838 4030 αὐτοὺς,
1892 3959 1986 4026 τὰς

378 4043 628 4112 τοιαύτας
679 4046 964 4112 ἀπολύσεις
1015 4048 1120 4104 τῶν
1163 4048 1500 4126 κατακρίτων
1549 4049 1604 4106 ἐν
1657 4048 1764 4107 ἔθει
1805 4050 1977 4128 σχεῖν.

375 4134 695 4210 Γέγραπται
746 4137 849 4214 γὰρ
901 4135 1028 4215 περὶ
1059 4141 1154 4195 τοῦ
1186 4137 1446 4203 ἀκουσίως
1503 4136 1849 4217 φονεύοντος,
1892 4139 1982 4196 ἐὰν

371 4224 446 4298 μὴ
484 4224 558 4281 δι’
589 4223 790 4303 ἔχθραν
832 4223 868 4296 ἢ
897 4225 1145 4297 ἐπίτηδες
1189 4225 1354 4284 θέλων
1393 4229 1756 4300 κακοποιῆσαί
1786 4252 1864 4295 τις
1894 4230 1981 4288 τὸν

368 4310 602 4383 πλησίον
635 4315 838 4386 αὐτοῦ,
1059 4321 1282 4394 σκεῦος,
1313 4313 1348 4386 ἢ
1380 4317 1558 4390 λίθον,
1602 4318 1662 4376 τὸ
1711 4317 1768 4376 δὲ
1821 4318 1981 4376 πεσὸν

371 4401 600 4469 πατάξει
646 4401 737 4460 τὸν
787 4406 1216 4484 παρευρεθέντα,
1269 4405 1360 4464 καὶ
1406 4407 1643 4486 ἀποθάνῃ
1687 4411 1715 4466 6
1767 4408 1979 4487 ἄνθρω-

2031 1854 2081 1918 Β

2113 639 2366 709 crimine,
2393 648 2448 696 et
2474 648 2607 697 tunc
2631 649 2754 697 orat
2778 656 2872 698 eos
2901 650 2964 698 ut
2991 643 3296 712 absolvant,
3329 653 3392 702 ut
3413 647 3459 702 si
3486 647 3712 718 quidem

2113 729 2395 787 absolutus
2443 728 2606 786 fuerit
2645 733 2828 798 Jesus,
2871 734 3021 789 nulla
3059 734 3136 790 eis
3179 735 3356 807 gratia
3385 735 3647 792 debeatur
3696 756 3708 793 :

2112 818 2451 876 dimisissent
2472 820 2621 876 enim
2641 821 2932 878 innoxium
2959 840 2974 878 :
3001 823 3044 879 si
3059 831 3247 881 autem
3267 825 3709 896 condemnarint,

2111 908 2431 965 ostendatur
2475 925 2666 965 eorum
2735 910 2961 980 malitia,
3028 913 3179 986 quod
3238 913 3523 970 innoxium
3575 931 3712 971 con-

2110 997 2451 1054 demnarint.
2484 998 2624 1055 Vide
2662 1006 2851 1056 autem
2878 1017 3045 1072 quem
3083 1018 3309 1059 sensum
3330 1001 3538 1061 habeat
3563 1003 3715 1076 quod

2110 1085 2242 1142 dicit
2274 1104 2288 1143 :
2325 1110 2351 1137 σι
2383 1088 2536 1144 illum
2567 1105 2752 1161 regem
2793 1089 3144 1149 Judaeorum.
3179 1114 3206 1143 (ι
3248 1092 3535 1149 Manifesta
3564 1093 3714 1150 enim

2108 1191 2206 1248 per
2235 1175 2340 1232 hoc
2375 1187 2601 1234 excusat
2645 1180 2852 1236 Pilatus
2879 1182 3072 1236 Jesum
3107 1196 3140 1238 a
3170 1191 3391 1254 peccato
3431 1183 3710 1253 alienum;

2110 1265 2206 1322 sed
2239 1265 2438 1322 frustra
2479 1268 2727 1340 arguitur
2756 1268 2824 1324 ab
2868 1270 2950 1325 eis
2978 1278 3042 1325 ut
3086 1287 3328 1344 regnum
3369 1272 3706 1329 desiderans.

2108 1357 2234 1413 Non
2263 1356 2410 1412 enim
2453 1357 2499 1412 si
2529 1373 2716 1432 regem
2745 1373 2804 1414 se
2847 1358 3072 1428 faceret,
3112 1369 3168 1416 et
3203 1371 3395 1418 contra
3425 1365 3711 1419 Romano-

2108 1460 2234 1500 rum
2277 1447 2588 1516 potentiam
2631 1447 2938 1517 extolleret,
2981 1450 3290 1506 dimitteret
3333 1467 3465 1508 eum
3509 1455 3714 1508 Roma-

2108 1550 2308 1591 norum
2332 1551 2558 1607 praeses;
2584 1545 2640 1593 et
2662 1537 2740 1593 ita
2759 1538 3012 1606 dicendo,
3040 1563 3064 1587 «
3091 1544 3299 1612 Regem
3323 1541 3477 1597 illum
3491 1542 3712 1598 Judazo-

2107 1639 2232 1680 rum
2257 1625 2557 1695 dimittam,
2595 1649 2619 1675 ιι
2645 1642 2740 1697 per
2776 1629 2962 1683 omnia
2993 1630 3184 1685 Jesum
3207 1631 3496 1686 innoxium
3527 1631 3711 1687 decla-

2109 1722 2215 1781 rat,
2259 1722 2315 1770 et
2360 1714 2572 1772 deridet
2599 1715 2846 1785 Iudaeos,
2890 1719 3044 1789 quasi
3088 1720 3218 1775 talia
3251 1719 3482 1776 dicens:
3531 1724 3711 1793 Quem

2108 1819 2204 1859 vos
2233 1804 2502 1860 accusatis
2551 1803 2685 1861 falso
2734 1815 2795 1861 ut
2841 1822 3075 1878 regnum
3127 1808 3482 1865 invadentem
3521 1818 3577 1865 et
3622 1827 3709 1866 rc-

2107 1893 2401 1950 bellantem
2449 1910 2513 1950 ac
2555 1893 2882 1950 seditiosum
2927 1896 3132 1964 dicitis,
3177 1897 3336 1953 illum
3375 1914 3474 1953 oro
3503 1907 3564 1954 ut
3609 1899 3706 1955 ab-

2107 1981 2330 2037 solvatis
2361 1999 2374 2038 :
2423 1991 2477 2038 et
2507 1984 2861 2040 manifestum
2907 1985 3059 2057 quod
3090 2002 3201 2041 non
3232 1986 3305 2041 ita
3348 1990 3436 2042 sit.
3470 1987 3708 2057 Quidam

2105 2079 2312 2139 autem,
2359 2072 2418 2127 in
2465 2072 2572 2129 hoc
2614 2082 2809 2130 natum
2858 2091 3000 2143 esse,
3055 2091 3167 2131 non
3213 2075 3600 2132 intellexerunt
3641 2078 3710 2134 de

2105 2168 2310 2216 aeterna
2360 2161 2453 2217 illa
2512 2178 2544 2218 a
2596 2166 2757 2219 Patre
2801 2164 3107 2234 nativitate,
3166 2165 3263 2221 sed
3327 2167 3629 2237 posteriore
3678 2183 3710 2223 θ

2106 2249 2334 2321 virgine.
2383 2254 2681 2323 Propterea
2710 2254 2863 2308 enim
2910 2253 3090 2309 factus
3116 2270 3242 2310 sum
3293 2255 3486 2320 homo,
3516 2264 3570 2311 et
3606 2272 3705 2313 na-

2103 2345 2196 2394 tus
2224 2355 2290 2395 ex
2320 2340 2515 2407 Maria,
2545 2350 2606 2396 ut
2625 2341 2976 2398 mendacium
3001 2351 3056 2398 et
3079 2343 3360 2401 diabolum
3388 2345 3658 2416 expellam
3689 2363 3703 2402 :

2103 2427 2346 2484 divinam
2385 2438 2639 2485 naturam
2689 2431 2985 2488 ostendens
3033 2448 3261 2505 regnare
3286 2449 3451 2504 super
3492 2435 3702 2491 omnia.

2104 2518 2320 2574 Veritas
2381 2517 2544 2590 igitur
2601 2518 2708 2574 hoc
2766 2528 2868 2587 est,
2918 2535 3119 2592 nempe
3179 2537 3302 2578 mea
3358 2523 3578 2578 scientia
3652 2531 3708 2580 et

2099 2607 2251 2662 salus
2280 2622 2403 2679 quae
2448 2624 2543 2680 per
2581 2607 2720 2664 hanc
2747 2609 3018 2680 contingit
3058 2628 3071 2664 :
3119 2619 3342 2683 propter
3376 2611 3480 2668 hoc
3506 2612 3709 2669 scilicet

2100 2695 2244 2764 veni,
2288 2706 2351 2752 ut
2389 2713 2580 2753 veram
2620 2698 2907 2754 scientiam
2957 2698 3055 2754 Dei
3098 2709 3155 2756 et
3193 2701 3437 2756 salutem
3484 2702 3701 2773 largiar.

2101 2785 2345 2858 Dignum
2375 2795 2562 2843 autem
2606 2795 2690 2843 est
2733 2797 2795 2843 ut
2821 2797 3118 2860 quaeratur,
3152 2789 3298 2845 unde
3342 2791 3479 2846 moti
3525 2792 3703 2848 Judaei

2099 2876 2554 2931 consuetudinem
2597 2875 2839 2932 habeant
2866 2877 3181 2934 dimittendi
3217 2895 3393 2934 unum
3433 2879 3700 2937 vinctum.

2101 2964 2288 3020 Primo
2317 2965 2466 3021 enim
2495 2965 2677 3022 dicere
2704 2982 3000 3038 possumus
3027 2967 3178 3040 quod
3206 2967 3464 3024 docentes
3503 2970 3703 3026 doctri-

2098 3069 2218 3121 nas,
2253 3054 2506 3110 mandata
2548 3055 2858 3121 hominum,
2904 3057 3141 3127 plurima
3195 3056 3360 3129 745
3405 3058 3560 3130 juxta
3604 3076 3704 3117 sua

2099 3143 2275 3214 capita
2315 3144 2676 3215 protulerunt,
2706 3162 2812 3202 nec
2852 3143 3051 3200 divinis
3098 3146 3184 3202 usi
3215 3145 3434 3202 fuerunt
3470 3148 3702 3220 legibus,

2102 3232 2246 3290 unde
2293 3242 2349 3289 et
2392 3233 2498 3290 hoc
2547 3235 2623 3290 ita
2677 3251 2737 3292 se
2787 3234 2972 3304 habet,
3026 3235 3193 3308 inque
3243 3237 3701 3296 consuetudinem

2098 3323 2233 3378 abiit
2267 3324 2442 3380 etiam
2485 3323 2694 3396 absque
2755 3325 2988 3393 ratione,
3039 3327 3220 3398 qualia
3270 3327 3445 3383 multa
3493 3329 3699 3400 absque

2096 3412 2227 3484 legis
2253 3421 2554 3485 praecepto.
2582 3413 2798 3470 Deinde
2836 3414 2960 3470 talis
2985 3415 3209 3471 inventa
3239 3425 3324 3472 est
3350 3417 3436 3472 lex
3466 3417 3521 3472 in
3552 3418 3700 3474 Scri-

2097 3510 2281 3574 ptura,
2313 3519 2341 3558 a
2379 3519 2486 3574 qua
2516 3503 2808 3560 verisimile
2836 3513 2922 3561 est
2946 3506 3221 3577 profectas
3242 3521 3362 3562 esse
3403 3505 3700 3563 absolutio-

2094 3607 2196 3648 nes
2232 3593 2357 3648 illas
2386 3592 2902 3649 condemnatorum.
2949 3595 3226 3666 Scriptum
3256 3602 3341 3650 est
3367 3596 3513 3652 enim
3543 3598 3610 3652 de
3633 3615 3698 3654 eo

2100 3681 2194 3753 qui
2242 3691 2441 3754 praeter
2483 3683 2818 3740 voluntatem
2851 3699 3009 3740 suam
3038 3685 3322 3751 occiderit,
3350 3686 3393 3740 si
3427 3702 3540 3741 non
3569 3703 3698 3758 pro-

2092 3779 2216 3842 pter
2261 3771 2596 3838 inimicitias,
2651 3773 2730 3828 vel
2781 3771 2967 3828 dedita
3020 3789 3186 3844 opera
3235 3773 3478 3844 afﬂigere
3525 3775 3700 3832 voluit

2094 3859 2352 3926 vicinum,
2394 3859 2605 3932 jaciens
2651 3876 2741 3916 vas
2789 3861 2870 3915 vel
2915 3861 3173 3932 lapidem,
3233 3869 3288 3917 et
3341 3878 3473 3918 casu
3504 3879 3682 3934 percu-

2094 3949 2232 4005 tiens
2269 3957 2693 4021 praatereuntem
2722 3951 3101 4021 moriaturque
3146 3949 3337 4020 homo,
3377 3953 3694 4009 involunta-

2092 4039 2205 4095 rius
2229 4037 2293 4095 fit
2321 4038 2598 4095 homicida
2630 4039 2752 4096 talis
2793 4057 2807 4094 :
2839 4039 3105 4112 judicabit
3132 4049 3317 4096 autem
3347 4041 3528 4097 omnis
3558 4058 3690 4114 syn-

2090 4143 2285 4201 agoga,
2333 4137 2390 4185 et
2440 4129 2723 4185 absolvent
2765 4129 2990 4201 quidem
3033 4129 3192 4185 illum
3233 4147 3262 4185 a
3296 4139 3477 4187 morte
3511 4149 3524 4187 :
3575 4149 3690 4189 non

2091 4217 2241 4274 enim
2296 4218 2532 4291 maligna
2598 4227 2779 4274 mente
2834 4219 3052 4276 occidit.
3108 4221 3455 4276 Constituent
3508 4230 3693 4280 autem

2092 4323 2221 4364 eum
2254 4309 2313 4364 in
2341 4308 2555 4364 civitate
2583 4307 2802 4381 refugii,
2852 4309 2956 4365 hoc
2985 4317 3090 4374 est,
3139 4310 3331 4366 exsilio
3361 4311 3692 4367 multabunt.

2090 4399 2171 4452 Ex
2220 4398 2328 4454 hoc
2367 4396 2510 4453 forte
2557 4407 2716 4454 erant
2766 4398 3008 4469 impulsi,
3055 4406 3115 4454 ut
3159 4400 3469 4471 conjectare
3497 4417 3692 4472 possu-

372 4513 509 4562 πος,
565 4491 815 4560 ἀκούσιος
866 4481 977 4568 μὲν-
1010 4495 1192 4573 φονεὺς
1243 4498 1272 4552 6
1315 4499 1585 4568 τοιοῦτος,
1639 4505 1805 4577 κρινεί
1858 4499 1912 4557 δὲ
1942 4504 1976 4570 ἡ

2100 4503 2214 4542 mus
2245 4505 2257 4542 :
2289 4487 2363 4543 ita
2391 4486 2544 4542 enim
2574 4503 2790 4543 morem
2816 4486 3134 4556 ﬁrmarunt,
3161 4496 3223 4542 ut
3244 4504 3414 4542 unum
3442 4489 3692 4545 absolve-

372 4580 666 4659 συναγωγὴ
721 4591 903 4656 πᾶσα,
956 4586 1048 4642 καὶ
1109 4584 1438 4644 ἀπολύσουσι
1502 4587 1598 4662 μὲν
1656 4593 1838 4647 τοῦτον
1887 4593 1976 4648 τοῦ

373 4672 608 4730 θανάτου
663 4673 759 4748 (οὖ
791 4673 892 4753 γὰρ
940 4674 1193 4746 κακοήθει
1244 4676 1433 4753 γνώμῃ
1481 4675 1838 4758 πεφόνευκε),
1871 4701 1979 4737 κα-

373 4761 704 4831 ταστήσωσι
753 4763 807 4820 δὲ
841 4763 998 4822 αὐτὸν
1047 4766 1119 4831 εἰς
1162 4762 1259 4836 τὴν
1308 4766 1464 4823 πόλιν
1515 4773 1607 4824 τοῦ
1647 4771 1977 4848 φυγαδευτη-

378 4852 525 4929 ρίου,
572 4850 852 4926 τουτέστι,
897 4858 1039 4936 φυγῇ
1069 4852 1452 4930 ζημιώσουσιν.
1489 4854 1592 4916 Ἐκ
1632 4857 1820 4917 τούτου
1852 4858 1978 4926 ἴσως

371 4939 676 5031 ὁρμώμενοι
701 4986 718 5014 ,
752 4941 824 5009 ὥς
864 4966 926 5020 γε
973 4947 1326 5023 στοχάζεσθαι
1377 4949 1553 5021 ἡμᾶς,
1600 4945 1711 5014 ἔθος
1742 4955 1978 5009 τοιοῦτον

371 5039 556 5108 ειχον,
618 5031 714 5090 ἕνα
767 5033 1018 5092 ἀπολύειν
1091 5039 1196 5092 τῶν
1243 5033 1334 5092 ἐπὶ
1386 5039 1575 5115 φονικῇ
1635 5037 1823 5118 γνώμῃ
1864 5032 2354 5120 κατακρινομένων.

2089 4585 2214 4632 rent
2257 4592 2321 4632 ex
2351 4575 2436 4632 his
2477 4577 2572 4648 qui
2604 4576 2675 4632 de
2721 4576 3018 4632 homicidio
3059 4575 3272 4632 fuerant
3312 4577 3687 4634 condemnati.

2089 4669 2229 4722 Nam
2274 4665 2361 4721 lex
2407 4665 2633 4737 quidem
2669 4665 2902 4738 jubebat
2941 4664 3048 4721 hoc
3087 4681 3218 4722 esse
3237 4664 3487 4722 ofﬁcium
3518 4682 3691 4738 syna-

2087 4770 2243 4827 goga:
2267 4753 2616 4810 Iudaeorum.
2642 4757 2712 4810 Et
2738 4756 2861 4826 quia
2885 4755 3156 4810 Romanis
3181 4764 3420 4811 cesserat
3437 4772 3686 4827 regnum,

2086 4847 2372 4900 Romanos
2434 4842 2686 4900 fecerunt
2733 4843 2998 4900 dominos
3043 4845 3387 4915 absolvendi,
3455 4846 3593 4902 sicut
3637 4855 3692 4903 et

2086 4950 2236 4991 nunc
2266 4933 2527 4990 Pilatum.

2473 5030 2542 5093 Ὁ
2597 5029 2694 5105 μὲν
2752 5023 2842 5092 οὖν
2905 5032 3062 5112 νόμος
3128 5034 3479 5115 προσέταττεν
3537 5035 3688 5115 ἔργον

366 5110 507 5177 εἶναι
552 5125 709 5181 τοῦτο
762 5127 856 5196 τῆς
885 5130 1198 5202 συναγωγῆς
1249 5129 1356 5184 τῶν
1411 5124 1699 5186 Ἰουδαίων·
1752 5132 1867 5188 ἐπεὶ
1898 5129 1952 5188 δὲ
1992 5129 2060 5188 τὰ
2097 5124 2396 5205 πράγματα
2458 5122 2562 5181 ὑπὸ
2609 5121 2903 5200 Ῥωμαίοις
2947 5126 3166 5204 γέγονε,
3223 5125 3342 5191 τοὺς
3401 5124 3686 5202 Ῥωμαίων

364 5209 634 5290 ἄρχοντας
671 5212 882 5292 κυρίους
911 5219 1187 5273 ποιοῦνται
1214 5218 1304 5272 τοῦ
1337 5214 1591 5275 ἀπολύειν
1611 5261 1631 5295 ,
1659 5217 1842 5299 ὥσπερ
1873 5210 1961 5278 οὖν
1993 5215 2086 5278 καὶ
2128 5219 2217 5272 νῦν
2259 5211 2347 5272 τὸν
2399 5212 2661 5274 Πιλάτον.

955 5337 1248 5397 ΚΕΦΑΛ.
1283 5335 1407 5399 ΙΘ’.

364 5456 479 5524 [1φί
507 5461 593 5526 τῇς
618 5462 707 5508 τοῦ
732 5457 947 5526 Χριστοῦ
977 5458 1346 5526 μαστιγώσεως.
1384 5461 1503 5524 Περὶ
1529 5465 1611 5520 τῆς
1650 5461 1972 5526 σταυρώσεως

423 5521 508 5608 :26
532 5521 787 5604 Χριστοῦ(
807 5524 931 5600 Περί
962 5528 1060 5608 335v
1096 5525 1226 5600 παρα
1245 5527 1322 5602 up,
1346 5521 1815 5608 ctattpt'érfO’T‘étio'v.
1851 5529 1970 5608 Περὶ

419 5589 503 5661 τῆς
546 5589 788 5664 αἰτήσεως
829 5591 919 5636 τοῦ
963 5589 1216 5649 κυριακοῠ
1258 5589 1503 5649 σώματος.
1546 5590 1664 5650 Περὶ
1696 5597 1779 5650 τῆς
1821 5589 1970 5654 ταφῆς

419 5663 590 5698 αυτου.

430 5756 454 5783 ι
489 5729 875 5812 Ἐκραύγασαν
901 5722 997 5792 οἷν
1033 5730 1195 5790 πάλιν
1223 5729 1415 5799 πάντες
1439 5733 1694 5812 λέγοντες·
1727 5734 1826 5810 Μὴ
1850 5742 1968 5797 τοῦ·

2666 5339 2909 5396 CAPUT
2938 5340 3100 5397 XIX:

2081 5459 2160 5513 De
2187 5455 2548 5525 ﬂagellatione
2594 5456 2814 5511 Christi.
2839 5459 2915 5510 De
2963 5456 3312 5526 cruci/ixione
3355 5455 3576 5514 Christi.
3610 5462 3684 5516 De

2157 5530 2222 5582 iis
2249 5531 2346 5598 qui
2357 5527 2529 5596 jua'ta
2545 5543 2748 5600 crucem
2781 5529 3018 5600 stabant.
3046 5531 3122 5582 De
3135 5530 3394 5600 petitione
3415 5533 3690 5588 Dominici

2151 5597 2408 5670 corporis.
2449 5603 2524 5654 De
2549 5597 2826 5669 sepultura
2852 5599 3109 5669 ejusdem.

2149 5750 2332 5807 Vnns.
2369 5754 2482 5808 1-7.
2527 5770 2556 5800 ι
2590 5749 2980 5808 Clamaierunt
3015 5767 3239 5811 rursum
3280 5767 3476 5814 omnes
3503 5754 3683 5815 dicen-
