4128 6452
462 452 568 505 263

1464 443 1981 500 THEOPHYLACTI
2022 439 2380 496 BULGARIE
2416 440 2733 498 ARCHIEP.

3667 441 3777 495 264

461 582 547 630 tes
580 591 592 627 :
619 573 741 628 Non
759 570 928 639 hunc,
950 567 1049 626 sed
1068 567 1397 626 Barabbam.
1420 570 1553 624 Erat
1580 576 1764 624 autem
1784 565 2063 623 Barabbas

2181 590 2291 639 τον,
2326 566 2462 625 ἀλλὰ
2482 566 2572 626 τὸν
2607 566 2926 646 Βαραϐϐᾶν.
2950 557 3061 627 ’Ἦν
3087 566 3141 626 δὲ
3167 570 3195 627 6
3228 565 3520 646 Βαραϐϐᾶς
3547 564 3772 645 λῃστής.

458 662 617 719 latro.
670 664 827 717 Tunc
880 675 1010 732 ergo
1060 657 1421 731 apprehendit
1480 657 1691 714 Pilatus
1741 658 1954 723 Jesum,
2013 664 2071 712 et

460 750 768 823 ﬂagellavit.
798 752 869 805 Et
895 749 1101 805 milites
1132 749 1430 821 plectentes
1468 762 1735 803 coronam
1779 747 1847 803 de
1874 745 2067 818 spinis,

457 841 841 912 imposuerunt
875 838 1035 910 capiti
1065 837 1201 910 ejus,
1237 846 1292 893 et
1334 845 1482 893 veste
1522 851 1796 908 purpurea
1826 835 2071 891 circum-

460 928 737 986 dederunt
762 944 910 998 eum,
942 943 1005 984 ac
1050 926 1302 983 dicebant
1346 944 1360 981 :
1392 928 1532 994 Ave,
1571 940 1665 982 rex
1695 924 2019 981 Iudaeorum
2052 940 2066 979 :

461 1027 518 1075 et
545 1017 750 1075 dabant
788 1017 838 1074 ei
889 1017 1092 1089 alapas.
1127 1015 1305 1072 Exivit
1344 1015 1550 1071 iterum
1582 1014 1786 1071 Pilatus
1819 1013 1988 1081 foras,
2016 1021 2073 1069 et

458 1106 592 1163 dicit
620 1108 701 1164 eis
734 1124 747 1163 :
791 1109 934 1163 Ecce
963 1104 1180 1163 adduco
1229 1105 1382 1161 vobis
1410 1120 1539 1161 eum
1566 1104 1739 1174 foras,
1764 1112 1827 1158 ut
1855 1118 2072 1175 cogno-

460 1197 624 1254 scatis
654 1195 809 1270 quod
846 1196 1063 1252 nullam
1110 1195 1173 1251 in
1212 1210 1278 1251 eo
1313 1210 1537 1250 causam
1581 1194 1831 1250 invenio.
1879 1192 2078 1249 Exivit

458 1302 587 1360 ergo
614 1288 774 1343 Jesus
804 1284 958 1342 foras
986 1294 1206 1357 gestans
1242 1285 1494 1357 spineam
1521 1299 1809 1351 coronam,
1842 1292 1900 1339 et
1942 1299 2072 1354 pur-

456 1391 688 1449 pureum
705 1375 954 1447 pallium,
982 1382 1038 1431 et
1064 1374 1199 1431 dicit
1226 1374 1307 1431 eis
1338 1394 1356 1431 :
1386 1376 1528 1430 Ecce
1551 1372 1743 1430 homo.
1770 1374 1910 1429 Cum
1941 1388 2073 1443 ergo

461 1465 728 1522 vidissent
757 1481 888 1521 eum
929 1464 1216 1537 pontifices
1258 1471 1315 1520 et
1342 1462 1583 1520 ministri
1625 1463 1958 1530 clamabant,
1990 1462 2073 1518 di-

461 1563 651 1611 centes
678 1571 692 1610 :
720 1553 1004 1627 Crucilige,
1034 1553 1293 1626 cruciﬁge
1324 1569 1478 1610 eum.
1520 1553 1671 1609 Dicit
1697 1552 1777 1608 eis
1820 1552 2025 1608 Pilatus
2057 1565 2070 1604 :

462 1643 712 1716 Accipite
739 1659 869 1700 eum
897 1658 1015 1712 vos,
1046 1650 1107 1699 et
1131 1642 1438 1716 cruciﬁgite
1477 1660 1491 1698 :
1524 1658 1627 1714 ego
1657 1642 1802 1698 enim
1845 1657 1960 1697 non
1988 1641 2076 1696 in-

463 1734 621 1790 venio
662 1733 721 1789 in
764 1749 831 1789 eo
860 1748 1107 1790 causam.
1148 1732 1575 1804 Responderunt
1603 1732 1654 1789 ei
1696 1731 1877 1788 Judaei
1910 1748 1923 1786 :
1954 1732 2068 1787 Nos

462 1824 639 1895 legem
669 1823 960 1890 habemus,
994 1832 1049 1879 et
1076 1823 1384 1880 secundum
1424 1822 1599 1895 legem
1625 1830 1878 1878 nostram
1907 1821 2071 1877 debet

2176 654 2315 715 Τότε
2343 646 2433 714 οῦν
2470 656 2659 715 ἔλαϐεν
2701 661 2728 715 6
2760 657 2995 725 Πιλάτος
3042 656 3130 715 τὸν
3172 656 3379 730 Ἰησοῦν
3428 655 3520 714 καὶ
3555 655 3783 731 ἐμαστί-

2175 767 2337 823 γωσε.
2416 744 2526 806 Καὶ
2578 749 2625 805 οἱ
2689 750 3014 826 στρατιῶται
3078 744 3359 814 πλέξαντες
3408 744 3666 824 στέφανον
3726 743 3783 813 ἐξ

2177 836 2452 909 ἀκανθῶν,
2509 835 2774 908 ἐπέθηκαν
2824 841 2980 895 αὐτοῦ
3021 840 3087 915 τῇ
3141 838 3381 915 κεφαλῇ,
3435 834 3527 892 καὶ
3562 831 3782 904 ἱμάτιον

2176 929 2473 1005 πορφυροῦν
2514 924 2829 1005 περιέϐαλον
2872 925 3069 1002 αὐτὸν,
3120 925 3211 983 καὶ
3255 922 3452 1003 ἔλεγονο
3506 925 3705 1002 Χαῖρε,
3752 927 3785 982 6

2182 1013 2429 1092 βασιλεὺς
2476 1016 2579 1072 τῶν
2646 1013 2955 1088 Ἰουδαίων,
3014 1012 3106 1073 καὶ
3157 1013 3357 1072 ἐδίδουν
3410 1013 3553 1092 αὑτῷ
3616 1010 3782 1091 ῥαπίο

2180 1126 2383 1177 σματα.
2429 1102 2679 1174 Ἐξῆλθεν
2711 1096 2798 1163 οῦν
2847 1105 2944 1174 ἔξω
2973 1105 3133 1163 πάλιν
3181 1107 3209 1161 6
3244 1102 3508 1174 Πιλάτος,
3559 1103 3651 1160 καὶ
3678 1100 3788 1159 λέ-

2180 1216 2261 1270 γει
2314 1194 2506 1259 αὖτοῖς·
2558 1188 2670 1253 Ἴδε
2713 1191 2828 1271 ἄγω
2874 1194 3000 1270 ὑμῖν
3052 1194 3212 1252 αὐτὸν
3256 1190 3396 1265 ἔξω,
3437 1189 3524 1249 ἵνα
3575 1194 3782 1269 γνῶτε,

2179 1283 2260 1341 ὅτι
2309 1286 2361 1342 ἐν
2393 1284 2539 1364 αὐτῷ
2579 1284 2830 1362 οὐδεμίαν
2874 1284 3048 1344 αἰτίαν
3095 1284 3346 1365 εὑρίσκω.
3403 1279 3655 1350 Ἐξῆλθεν
3686 1272 3784 1340 οῦν

2180 1377 2210 1434 6
2242 1372 2449 1445 Ἰησοῦς
2480 1372 2579 1442 ἔξω
2622 1378 2795 1454 φορῶν
2827 1372 2917 1433 τὸν
2949 1373 3223 1432 ἀκάνθινον
3256 1371 3513 1452 στέφανον
3534 1416 3550 1444 ,
3582 1370 3675 1430 καὶ
3718 1370 3785 1429 τὸ

2183 1466 2481 1544 πορφυροῦν
2514 1463 2748 1544 ἱμάτιον.
2794 1462 2902 1522 Καὶ
2944 1461 3088 1540 λέγει
3133 1463 3329 1529 αὐτοῖς’
3372 1459 3485 1521 ’Ὶδε
3513 1464 3540 1518 6
3571 1459 3783 1541 ἄνθρωα-

2181 1542 2309 1619 πος.
2343 1549 2483 1611 ΓὈτε
2520 1542 2607 1611 οὖν
2641 1543 2775 1611 εἶδον
2809 1551 2965 1611 αὐτὸν
3021 1554 3069 1611 οἱ
3115 1554 3379 1632 ἀρχιερεῖς
3409 1549 3501 1609 καὶ
3543 1553 3591 1608 οἱ
3635 1554 3783 1622 ὑπηο

2185 1640 2368 1720 ρέται,
2409 1641 2745 1721 ἐκραύγασαν
2787 1640 3042 1717 λέγοντες·
3075 1642 3428 1720 Σταύρωσον,
3460 1639 3778 1718 σταύρωσον

2179 1730 2355 1791 αὐτόν.
2388 1728 2548 1807 Λέγει
2580 1732 2755 1797 αὐτοῖς
2798 1736 2826 1790 6
2871 1730 3119 1797 Πιλάτος·
3152 1729 3359 1790 Λάϐετε
3390 1729 3547 1789 αὐτὸν
3593 1728 3745 1804 ὑμεῖς
3768 1774 3785 1801 ,

2177 1820 2269 1879 καὶ
2301 1820 2664 1900 σταυρώσατε·
2722 1818 2827 1900 ἐγὼ
2875 1820 2978 1901 γὰρ
3007 1823 3108 1900 οὐχ
3149 1820 3374 1898 εὑρίσκω
3414 1820 3467 1876 ἐν
3499 1820 3648 1898 αὐτῷ
3683 1820 3781 1876 αἰι

462 1913 626 1980 mori,
672 1914 799 1985 quia
848 1913 1049 1969 Filium
1100 1913 1199 1968 Dei
1229 1928 1291 1969 se
1322 1910 1469 1968 fecit.
1518 1935 1544 1960 ιι
1585 1911 1719 1967 Vide
1762 1927 1860 1982 per
1902 1925 2068 1981 quam

2181 1908 2313 1968 τίαν
2357 1908 2743 1988 Ἀπεκρίθησαν
2798 1912 2943 1988 αὐτῷ
2985 1913 3035 1968 οἳ
3087 1909 3359 1970 Ἰουδαῖον
3398 1906 3593 1986 Ἡμεῖς
3620 1907 3788 1983 νόμον

460 2003 636 2059 multa
687 2010 1038 2058 monstratur
1093 2000 1423 2058 Judaaorum
1474 2000 1701 2056 malitia.
1757 1999 2070 2055 Barabbam

460 2092 609 2149 enim
660 2090 1107 2147 manifestarium
1173 2090 1448 2145 latronem
1502 2096 1717 2160 petunt,
1770 2088 2071 2143 Dominum

460 2191 588 2235 vero
613 2178 868 2235 tradunt.
915 2179 1179 2251 Flagellat
1208 2179 1379 2251 igitur
1406 2193 1537 2235 eum
1578 2179 1805 2246 Pilatus,
1840 2186 1904 2233 ut
1941 2193 2074 2234 con-

462 2268 671 2325 soletur
695 2276 753 2325 et
779 2268 994 2341 mitiget
1020 2284 1216 2324 eorum
1245 2267 1521 2324 furorem.
1554 2270 1703 2323 Nam
1732 2268 1864 2340 quia
1893 2267 2073 2324 verbis

461 2373 575 2414 non
623 2358 801 2429 potuit
841 2373 973 2415 eum
1013 2358 1244 2429 eripere,
1291 2357 1553 2429 ﬂagellat,
1604 2355 1835 2413 studens
1873 2365 1927 2413 et
1955 2356 2073 2428 ipse

462 2447 543 2502 vel
576 2462 672 2519 per
701 2446 807 2503 hoc
855 2447 1136 2503 insaniam
1174 2462 1369 2503 eorum
1418 2448 1653 2518 placare.
1691 2449 1763 2501 Et
1800 2445 2074 2519 permittit

461 2543 523 2592 ut
544 2536 791 2609 chlamys
817 2544 873 2593 et
894 2552 1096 2593 corona
1122 2536 1173 2591 ei
1198 2536 1710 2608 circumponantur,
1739 2552 1848 2608 quo
1876 2551 2071 2592 eorum

458 2625 541 2682 ira
589 2627 957 2682 exhauriatur.
994 2625 1164 2698 746
1196 2626 1397 2682 Milites
1432 2642 1562 2682 vero
1608 2626 1795 2683 omnia
1843 2625 1913 2682 ad
1951 2640 2071 2697 gra-

460 2715 597 2771 tiam
649 2716 974 2773 Judaaorum
1004 2714 1234 2771 faciunt.
1281 2718 1430 2772 Nam
1460 2715 1584 2787 quia
1614 2714 1950 2772 audiverunt
1977 2714 2073 2772 Pi-

459 2814 637 2876 latum
666 2805 938 2861 dicentem
972 2822 985 2860 :
1023 2827 1050 2853 α
1080 2807 1289 2876 Regem
1331 2805 1491 2862 illum
1521 2805 1851 2862 Iudaeorum
1885 2805 2071 2861 dimit-

462 2904 599 2960 tam,
635 2916 662 2942 ν
695 2894 927 2950 irrident
950 2910 1098 2950 nunc
1133 2910 1262 2950 eum
1306 2902 1369 2949 ut
1396 2910 1603 2967 regem.
1637 2899 1826 2966 Neque
1865 2895 2013 2950 enim
2042 2908 2072 2949 a

462 2983 635 3040 Pilato
680 2984 924 3055 instigati
979 2984 1085 3040 hoc
1129 2982 1423 3054 faciebant,
1467 2985 1562 3057 qui
1607 2985 1772 3040 etiam
1817 2992 1873 3040 et
1908 2990 2075 3039 nocte

462 3070 772 3129 invaserant
814 3075 1006 3129 Jesum
1055 3081 1255 3144 praeter
1300 3073 1637 3130 sententiam
1678 3073 1947 3145 praesidis,
1978 3088 2070 3144 pe-

460 3163 748 3218 cuuiarum
779 3163 952 3236 gratia
981 3162 1189 3219 Judaeis
1215 3162 1610 3236 gratiﬁcantes.
1639 3162 1895 3218 Placidus
1923 3162 2075 3218 enim

463 3260 583 3308 erat
630 3254 857 3321 Pilatus,
888 3260 943 3308 et
987 3269 1101 3309 non
1142 3251 1332 3309 efferis
1361 3252 1631 3319 moribus,
1684 3251 1826 3307 sicut
1867 3250 2074 3308 Judmi.

460 3343 635 3397 Porro
680 3342 865 3398 educit
893 3346 1109 3411 Jesum,
1163 3343 1305 3397 iram
1336 3342 1560 3397 illorum
1602 3341 1955 3414 exstinguere
1988 3356 2077 3397 vo-

464 3430 617 3500 lens;
648 3432 745 3487 sed
770 3431 848 3486 illi
877 3447 1056 3503 neque
1086 3431 1167 3487 sic
1212 3430 1580 3487 mansuefacti
1628 3441 1777 3487 sunt.
1822 3431 2078 3487 Clamant

464 3528 647 3575 autem
683 3538 695 3576 :
734 3544 759 3570 ‹ι
792 3521 1064 3593 Crucilige
1093 3537 1248 3577 eum.
1288 3543 1311 3570 ι
1345 3522 1488 3578 Cum
1516 3520 1742 3577 vidisset
1767 3528 1955 3576 autem
1984 3521 2076 3576 Pi-

465 3609 612 3666 latus
634 3610 820 3665 omnia
848 3610 970 3666 haec
999 3610 1202 3666 frustra
1233 3609 1371 3678 ﬁeri,
1405 3610 1577 3665 dicit:
1609 3633 1635 3659 σι
1669 3610 1916 3682 Accipite
1945 3626 2077 3666 eum

465 3714 583 3768 vos,
610 3707 666 3754 et
692 3699 991 3772 cruciﬁgite
1022 3718 1035 3755 :
1071 3716 1174 3773 ego
1201 3699 1348 3755 enim
1380 3715 1495 3756 non
1523 3698 1738 3755 invenio
1763 3699 1819 3753 in
1848 3710 1917 3755 eo
1945 3715 2077 3755 cau-

463 3803 602 3844 sam.
641 3811 667 3837 η
710 3789 862 3846 Facit
900 3796 1090 3845 autem
1140 3788 1269 3857 hoc,
1300 3787 1591 3861 impellens
1628 3804 1723 3844 eos
1754 3788 1809 3843 in
1838 3804 1958 3844 rem
2001 3792 2079 3845 eis

464 3894 578 3934 non
605 3893 945 3941 concessam,
993 3878 1038 3934 si
1070 3878 1211 3934 forte
1259 3878 1341 3935 sic
1369 3878 1686 3935 absolvatur
1725 3879 1903 3935 Jesus.
1934 3881 2078 3934 Nam

464 3982 565 4037 ego
611 3965 858 4037 quidem,
907 3964 1108 4037 inquit,
1156 3964 1252 4035 qui
1282 3964 1459 4021 habeo
1502 3972 1832 4037 potestatem
1860 3964 2079 4020 cruciﬁ-

465 4054 650 4126 gendi,
684 4076 711 4102 σι
761 4055 971 4109 nullam
1000 4054 1220 4109 invenio
1250 4066 1474 4110 causam
1509 4071 1521 4108 :
1565 4076 1590 4103 ιι
1626 4070 1723 4109 vos
1750 4061 1931 4109 autem
1962 4068 2080 4109 non

467 4143 732 4198 habentes
759 4151 1087 4212 potestatem
1118 4142 1477 4213 cruciﬁgendi
1501 4141 1682 4197 dicitis
1710 4158 1837 4198 eum
1871 4157 2028 4198 reum
2057 4158 2073 4199 :

480 4255 507 4279 σι
546 4229 791 4302 Accipite
821 4231 987 4302 igitur
1015 4245 1168 4297 eum,
1201 4238 1257 4286 et
1283 4230 1620 4303 cruciﬁgite;
1655 4253 1681 4279 υ
1713 4230 1810 4286 sed
1836 4246 1946 4286 non
1977 4231 2076 4287 ba-

467 4320 606 4376 betis
631 4328 984 4392 potestatem,
1020 4319 1334 4376 dimittatur
1378 4335 1506 4392 ergo
1538 4320 1711 4376 homo
1741 4320 1851 4376 ille.
1886 4324 2079 4393 Itaque

465 4410 592 4465 talis
620 4410 842 4482 quidem
872 4417 990 4465 erat
1017 4424 1175 4466 mens
1215 4408 1397 4476 Pilati,
1446 4409 1636 4465 mitior
1666 4408 1936 4479 videlicet,
1979 4426 2080 4466 ne-

2180 1999 2373 2077 ἔχομεν
2391 2045 2407 2075 ,
2440 1999 2531 2058 καὶ
2558 1998 2700 2057 κατὰ
2729 1998 2820 2057 τὸν
2848 1999 3007 2075 νόμον
3042 2002 3198 2076 ἡμῶν
3226 1999 3424 2077 ὀφείλει
3454 1999 3743 2055 ἀποθανεῖν
3766 2043 3784 2071 ,

2180 2088 2261 2148 ὅτι
2290 2087 2475 2147 ἑαυτὸν
2517 2092 2660 2149 Θεοῦ
2693 2089 2820 2148 Υἱὸν
2851 2089 3120 2162 ἐποίησεν.
3159 2115 3183 2142 ››
3208 2087 3357 2167 Ὅρα
3388 2086 3475 2146 διὰ
3523 2088 3702 2146 πόσων
3746 2091 3784 2159 ἡ

2180 2177 2344 2237 κακία
2379 2182 2486 2237 τῶν
2540 2176 2815 2238 Ἰουδαίων
2861 2178 3143 2237 δείκνυται.
3189 2179 3296 2239 Τὸν
3337 2176 3444 2256 γὰρ
3485 2175 3787 2255 Βαραϐϐᾶν

2180 2265 2623 2346 ὁμολογουμένως
2671 2266 2877 2346 λῃστὴν
2928 2267 3295 2340 ἐξαιτοῦνται,
3328 2265 3418 2325 τὸν
3469 2265 3523 2325 δὲ
3585 2265 3787 2345 Κύριον

2183 2358 2562 2437 παραδιδόασι.
2600 2358 2873 2435 Μαστιγοῖ
2905 2348 2994 2417 οῦν
3043 2356 3200 2415 αὐτὸν
3237 2361 3265 2415 6
3291 2355 3561 2429 Πιλάτος,
3593 2378 3784 2434 παρα-

2185 2446 2521 2525 μυθήσασθαι
2580 2447 2714 2514 τέως
2766 2448 2858 2506 καὶ
2918 2449 3141 2506 ἐκλῦσαι
3205 2445 3296 2505 τὸν
3354 2446 3519 2523 θυμὸν
3605 2446 3786 2504 αὖτῶν

2187 2536 2521 2617 βουλόμενος.
2573 2536 2800 2608 Ἐπειδὴ
2832 2536 2936 2616 γὰρ
2987 2536 3073 2595 διὰ
3125 2534 3377 2618 ῥημάτων
3420 2536 3516 2595 οὐκ
3562 2532 3792 2613 ἴσχυσεν

2184 2626 2339 2685 αὐτὸν
2413 2626 2710 2700 ἐξελέσθαι,
2778 2625 3055 2704 μαστίζει,
3112 2624 3353 2684 σπεύδων
3407 2623 3536 2703 ἄχρι
3591 2625 3788 2684 τούτου

2184 2719 2378 2786 στῆσαι
2421 2714 2522 2786 τὴν
2568 2714 2761 2791 μανίαν
2815 2717 3030 2788 αὐτῶν,
3086 2715 3178 2773 καὶ
3233 2712 3328 2784 τὴν
3372 2712 3658 2793 χλαμύδα,
3691 2713 3793 2772 καὶ

2181 2802 2271 2862 τὸν
2344 2803 2598 2884 στέφανον
2653 2805 2923 2883 συγχωρεῖ
2991 2807 3329 2883 περιτεθῆναι
3388 2806 3565 2881 αὐτῷ,
3642 2800 3792 2862 ὥστε

2185 2894 2359 2952 αὐτῶν
2411 2892 2652 2972 χαλάσαι
2699 2893 2797 2964 τὴν
2827 2891 3008 2971 ὀργήν·
3041 2896 3089 2950 οῖ
3141 2891 3197 2951 δὲ
3247 2893 3574 2972 στρατιῶται
3604 2891 3791 2951 πάντα

2184 2982 2314 3060 πρὸς
2363 2981 2522 3061 χάριν
2576 2985 2680 3040 τῶν
2730 2980 3001 3042 Ἰουδαίων
3054 2982 3401 3060 πράττουσιν.
3470 2980 3627 3042 Ἐπεὶ
3676 2982 3789 3061 γὰρ

2183 3070 2416 3142 ἤκουσαν
2450 3075 2540 3132 τοῦ
2577 3072 2812 3132 Πιλάτου
2858 3070 3102 3149 λέγοντος
3136 3089 3150 3103 ·
3195 3093 3225 3129 ιι
3254 3074 3304 3131 Τ
3307 3072 3362 3130 ὸν
3415 3069 3640 3149 βασιλέα
3676 3073 3789 3129 τῶν

2185 3160 2455 3221 Ἰουδαίων
2503 3159 2795 3234 ἀπολύσω,
2834 3185 2864 3217 ιι
2912 3161 3230 3238 ἑμπαίζουσι
3281 3159 3466 3218 λοιπὸν
3516 3160 3661 3238 αὐτῷ
3711 3163 3792 3227 ὣς

2190 3252 2419 3328 βασιλεῖ.
2457 3251 2540 3311 Οὐ
2571 3250 2673 3328 γὰρ
2700 3248 2764 3323 δὴ
2804 3250 2908 3310 ὑπὸ
2948 3255 3039 3309 τοῦ
3076 3249 3318 3310 Πιλάτου
3354 3247 3787 3329 προτραπέντες,

2186 3340 2393 3397 ἐποίουν
2422 3344 2623 3411 ταῦτα,
2657 3337 2711 3397 οἵ
2744 3362 2805 3416 γε
2834 3340 2927 3399 καὶ
2972 3338 3159 3405 νυκτὸς
3201 3340 3430 3410 ἐπῆλθον
3473 3341 3549 3419 τῷ
3596 3336 3789 3410 Ἰησοῦ

2185 3428 2335 3508 παρὰ
2372 3428 2591 3506 γνώμην
2626 3433 2716 3486 τοῦ
2760 3427 3051 3505 ἡγεμόνος,
3085 3436 3193 3495 τοῖς
3221 3425 3522 3493 Ἰουδαίοις
3563 3426 3792 3507 χαριζό-

2187 3541 2334 3594 μενοι
2360 3516 2654 3597 χρημάτων
2677 3515 2852 3578 ἕνεκα.
2887 3516 3176 3584 Μαλθακὸς
3208 3517 3304 3593 μὲν
3333 3508 3423 3575 οῦν
3456 3521 3484 3575 6
3512 3515 3749 3583 Πιλάτος
3768 3565 3789 3594 ,

2184 3608 2242 3665 οὗ
2295 3609 2559 3679 κακοήθης
2612 3606 2665 3665 δὲ
2715 3606 2856 3666 κατὰ
2903 3606 3022 3674 τοὺς
3076 3605 3383 3674 Ἰουδαίους.
3422 3604 3642 3685 Ἐξάγει
3685 3605 3794 3684 μὲν

2180 3696 2282 3775 γὰρ
2306 3696 2393 3755 τὸν
2422 3696 2659 3770 Ἰησοῦν,
2694 3695 2885 3754 σϐέσαι
2923 3697 3084 3755 πάλιν
3118 3696 3294 3754 αὐτῶν
3344 3694 3431 3754 τὸν
3465 3696 3627 3772 θυμὸν
3654 3698 3790 3774 βου-

2182 3786 2440 3863 λόμενος,
2476 3784 2593 3843 ἀλλ’
2638 3785 2825 3844 ἐκεῖνοι
2867 3784 2985 3843 οὐδὲ
3034 3784 3201 3850 οὕτως
3255 3783 3448 3862 ἥμεροι
3494 3783 3747 3862 γεγόνασι
3772 3830 3791 3861 ,

2187 3877 2352 3952 βοῶσι
2381 3874 2454 3932 δέ’
2486 3901 2509 3927 α
2535 3872 2857 3954 Σταύρωσον
2875 3918 2892 3952 ,
2931 3872 3239 3948 σταύρωσον
3263 3872 3444 3932 αὐτόν.
3473 3894 3502 3930 ι)
3547 3870 3697 3932 Ἰδὼν
3723 3873 3789 3933 δὲ

2183 3967 2212 4021 6
2247 3963 2478 4029 ΙΙιλάτος
2527 3963 2701 4039 μάτην
2744 3962 2919 4021 πάντα
2968 3964 3247 4041 γινόμενα,
3298 3961 3448 4042 φησί·
3500 3987 3523 4013 α
3573 3961 3793 4022 Λάϐετε

2186 4050 2341 4109 αὐτὸν
2381 4053 2565 4127 ὑμεῖς,
2597 4050 2688 4109 καὶ
2727 4049 3090 4131 σταυρώσατε·
3125 4050 3231 4129 ἐγὼ
3275 4051 3378 4130 γὰρ
3408 4051 3512 4129 οὐχ
3554 4048 3791 4129 εὑρίσκω

2186 4141 2239 4198 ἐν
2274 4142 2416 4219 αὐτῷ
2443 4139 2637 4199 αἰτίαν.
2671 4167 2695 4191 ιο
2746 4142 2900 4199 Ποιεῖ
2952 4141 3007 4200 δὲ
3054 4144 3249 4211 τοῦτο,
3298 4143 3554 4199 συνωθῶν
3587 4139 3790 4209 αὐτοὺς

2184 4230 2257 4295 εἷς
2289 4238 2513 4309 πρᾶγμα
2543 4229 2618 4306 μὴ
2652 4227 3127 4309 συγκεχωρημένον
3179 4229 3384 4301 αὐτοῖς,
3431 4232 3503 4295 ὡς
3537 4228 3601 4287 ἂν
3642 4230 3789 4288 ἀπο-

2183 4318 2315 4398 λυθῇ
2346 4322 2373 4376 6
2404 4318 2629 4391 Ἰησοῦς.
2674 4315 2824 4395 Ἐγὼ
2854 4319 2949 4395 μὲν
2995 4316 3132 4399 γὰρ,
3165 4316 3355 4397 φησὶν,
3386 4321 3413 4375 6
3443 4317 3582 4397 ἔχων
3625 4317 3786 4386 ἐξου-

2186 4406 2304 4467 σίαν
2337 4412 2673 4488 σταυρῶσαι,
2729 4435 2749 4458 σ
2781 4406 3029 4484 οὐδεμίαν
3081 4406 3255 4465 αἰτίαν
3285 4405 3543 4486 εὑρίσκωο
3572 4430 3599 4466 ››
3636 4409 3793 4484 ὑμεῖς

467 4514 573 4570 que
602 4508 797 4555 tamen
838 4499 1100 4556 severiter
1154 4514 1253 4572 pro
1301 4498 1529 4554 veritate
1582 4500 1817 4556 instans.
1872 4504 1946 4555 At
1997 4499 2072 4556 illi

2188 4495 2239 4555 δὲ
2273 4500 2320 4555 οἱ
2367 4496 2442 4574 μὴ
2496 4497 2706 4576 ἔχοντες
2751 4495 2993 4600 ἐξουσξιν
3025 4504 3314 4577 σταυροῦν,
3360 4494 3492 4574 φατὲ
3538 4495 3791 4556 ὑπαίτιον

2206 4577 2236 4600 1'
2407 4591 2440 4600 Α.
2654 4592 2665 4600 Α
2733 4586 2788 4600 1.!
3046 4588 3060 4600 ιι
3106 4588 3117 4600 ι
3291 4585 3304 4600 \
3527 4585 3539 4600 ο

468 4589 633 4644 etiam
683 4588 738 4644 in
784 4588 891 4644 hoc
932 4586 1171 4657 confusi,
1233 4587 1428 4643 dicunt
1471 4588 1619 4660 quod
1673 4611 1699 4638 ε
1748 4590 2064 4645 Secundum

466 4686 715 4734 nostram
757 4677 1148 4751 legem'debet
1200 4679 1362 4746 mori,
1421 4678 1549 4750 quia
1596 4678 1801 4735 Filium
1858 4680 1957 4735 Dei
2008 4695 2068 4736 se

466 4765 617 4822 fecit.
677 4790 703 4816 ιο
745 4768 885 4823 Vide
931 4767 1211 4839 quomodo
1258 4767 1470 4823 malitia
1515 4767 1618 4824 sibi
1669 4784 1782 4824 non
1829 4777 2067 4825 constet.

469 4858 644 4929 Supra
673 4856 892 4913 dicebat
923 4857 1003 4911 eis
1046 4857 1253 4913 Pilatus
1293 4876 1307 4912 :
1357 4880 1383 4906 α
1415 4857 1662 4929 Accipite
1693 4874 1843 4927 eum,
1887 4868 1943 4914 et
1987 4876 2070 4916 se-

470 4946 714 5001 cundum
746 4954 985 5002 vestram
1014 4945 1195 5018 legem
1219 4946 1483 5019 judicate,
1518 4969 1545 4997 »
1575 4956 1631 5004 et
1657 4947 1793 5004 illud
1832 4964 1948 5004 non
1975 4965 2067 5020 ap-

470 5035 795 5108 probarunt.
830 5039 986 5091 Nunc
1014 5035 1215 5092 iterum
1243 5036 1450 5106 dicunt,
1485 5060 1512 5088 ι
1544 5038 1861 5094 Secundum
1892 5038 2068 5110 legem

465 5134 710 5182 nostram
733 5125 900 5181 debet
945 5125 1114 5181 mori.
1163 5148 1189 5174 ιο
1215 5128 1386 5199 Supra
1430 5127 1767 5183 accusabant
1794 5128 1943 5199 quod
1987 5127 2068 5183 fe-

467 5214 629 5271 cisset
655 5231 714 5271 se
733 5230 943 5288 regem,
974 5231 1123 5270 nunc
1155 5215 1223 5271 de
1252 5215 1539 5272 mendacio
1568 5216 1868 5289 redarguti,
1902 5233 2069 5272 accu-

468 5313 598 5360 sant
645 5327 669 5354 α
703 5306 854 5378 quod
882 5304 1086 5361 Filium
1127 5305 1227 5360 Dei
1257 5321 1316 5360 se
1340 5303 1551 5361 fecerit.
1586 5327 1612 5354 ιο
1646 5306 1788 5376 Quid
1818 5307 1921 5362 hoc
1958 5306 2069 5362 cri-

469 5394 611 5448 mini
639 5396 897 5451 vertitur?
943 5394 998 5450 Si
1047 5410 1210 5464 opera
1243 5395 1341 5451 Dei
1383 5393 1528 5463 l‘acnt,
1574 5395 1771 5451 Filium
1814 5396 1919 5451 Dei
1948 5411 2069 5452 esse

471 5481 603 5554 quid
632 5484 920 5553 prohibet?
949 5483 1086 5539 Vide
1106 5491 1292 5539 autem
1318 5484 1559 5540 divinam
1580 5484 2068 5556 dispensationem,

470 5570 747 5640 quomodo
769 5571 844 5626 illi
871 5571 1096 5643 quidem
1122 5571 1196 5628 ad
1214 5574 1423 5628 multos
1442 5571 1654 5645 judices
1681 5571 1941 5629 duxerint
1958 5574 2070 5630 Do-

401 5652 407 5660 ’
473 5658 707 5726 minum,
755 5668 819 5715 ut
862 5657 1197 5718 infamarent
1236 5669 1289 5717 et
1316 5662 1756 5719 contaminarent
1793 5663 1911 5735 ejus
1949 5665 2068 5737 glo-

471 5746 634 5817 riam,
688 5748 787 5805 sed
830 5749 1166 5807 contumelia
1208 5749 1269 5806 in
1310 5759 1476 5824 caput
1519 5750 1770 5824 ipsorum
1800 5753 2066 5811 reciderit.

2187 4577 2320 4645 εἷναι
2350 4591 2551 4646 τοῦτον.
2579 4614 2603 4639 ιι
2634 4586 2847 4645 Λαϐέτε
2885 4576 2974 4645 οῦν
3001 4588 3191 4660 αὐτὸν,
3220 4585 3311 4645 καὶ
3337 4585 3702 4666 σταυρώσατε.
3742 4608 3781 4647 ι

2178 4673 2322 4735 Ἀλλ’
2352 4677 2448 4735 οὐκ
2500 4675 2649 4754 ἔχετε
2681 4674 2954 4747 ἐξουσίανς
2997 4677 3186 4735 οὖκοῦν
3233 4675 3556 4745 ἀπολυθήτω
3604 4678 3631 4733 6
3686 4674 3788 4736 div-

2175 4769 2399 4844 θρωπος.
2452 4767 2699 4829 Τοιοῦτος
2750 4764 2847 4840 μὲν
2899 4755 2988 4823 οῦν
3037 4769 3064 4823 6
3109 4764 3304 4831 σκοπὸς
3352 4768 3445 4822 τοῦ
3501 4763 3783 4841 Πιλάτου,

2177 4852 2557 4933 ἐπιεικέστερος
2598 4853 2842 4932 δηλαδὴ,
2876 4856 2934 4913 οὗ
2986 4853 3091 4930 μὴν
3141 4852 3445 4920 ἐνστατικὸς
3501 4851 3633 4934 ὑπὲρ
3683 4859 3788 4926 τ’ἤς

2175 4942 2446 5017 ἀληθείας.
2505 4944 2577 5003 Οἱ
2631 4942 2687 5001 δὲ
2716 4942 2807 5001 καὶ
2858 4945 2911 5001 ἐν
2955 4943 3127 5024 τούτῳ
3173 4942 3649 5022 καταισχυνθέντες
3691 4943 3787 5004 λέ·-

2174 5054 2382 5109 γουσιν,
2424 5030 2505 5090 ὅτι
2551 5058 2576 5086 α
2632 5032 2790 5092 Κατὰ
2831 5031 2920 5090 τὸν
2962 5032 3122 5110 νόμον
3165 5035 3322 5110 ἡμῶν
3384 5031 3587 5113 ὀφείλει
3640 5034 3781 5093 ἀπο-

2174 5125 2381 5195 θανεῖν,
2413 5120 2492 5179 ὅτι
2523 5120 2650 5183 Υὶὸν
2695 5122 2837 5182 Θεοῦ
2887 5122 3073 5182 ἑαυτὸν
3123 5121 3394 5196 ἐποίησεν.
3434 5148 3459 5175 υ
3498 5121 3647 5202 ⁰Ορα
3679 5124 3782 5196 τὴν

2175 5210 2367 5269 κακίαν
2431 5210 2749 5291 ἀσύμφωνον
2802 5214 2982 5291 ἑαυτῇ.
3058 5206 3200 5271 Ἄνω
3275 5211 3453 5292 ἔλεγεν
3513 5213 3687 5279 αὐτοῖς
3745 5216 3776 5271 6

2182 5300 2447 5367 Πιλάτος·
2521 5321 2551 5358 α
2614 5298 2828 5359 Λαϐέτε
2883 5300 3040 5359 αὐτὸν
3094 5304 3279 5378 ὑμεῖς,
3339 5299 3432 5359 καὶ
3487 5301 3628 5360 κατὰ
3688 5300 3781 5360 τὸν

2177 5388 2334 5465 νόμον
2387 5391 2537 5463 ὑμῶν
2601 5388 2832 5470 κρίνατε
2922 5412 2954 5449 ‹‹
3000 5390 3091 5449 καὶ
3141 5394 3235 5449 οὐκ
3292 5388 3535 5460 ἐδέξαντο
3593 5396 3773 5451 τοῦτο.

2180 5481 2292 5538 Νῦν
2336 5478 2531 5556 πάλιν,
2584 5478 2665 5537 ὅτι
2736 5500 2764 5535 ι(
2808 5479 2964 5540 Κατὰ
3008 5478 3100 5539 τὸν
3153 5480 3314 5558 νόμον
3382 5483 3537 5557 ἡμῶν
3580 5478 3780 5560 ὀφείλει

2179 5569 2460 5627 ἀποθανεῖν
2485 5611 2501 5640 ,
2534 5589 2564 5627 ι)
2614 5566 2987 5651 προφέρουσιν.
3062 5566 3227 5643 Ἄνω,
3269 5569 3351 5628 ὅτι
3390 5568 3625 5629 Βασιλέα
3655 5572 3777 5628 ἑαυ-

2177 5657 2265 5715 τὸν
2312 5659 2483 5732 ποιεῖ,
2531 5659 2833 5718 ἐνεκάλουν·
2863 5664 2955 5718 νῦν
2988 5658 3189 5718 ἐκείνω
3236 5661 3456 5740 ψευδοῦς
3503 5659 3781 5739 ἐλεγχθέν-

2179 5769 2295 5822 τος,
2340 5771 2373 5805 α
2413 5743 2549 5810 Ὅτι
2595 5748 2720 5809 Υίὺν
2768 5751 2910 5811 Θεοῦ
2957 5749 3144 5809 ἑαυτὸν
3198 5752 3369 5827 ποιεῖ,
3402 5770 3434 5810 ι
3467 5752 3774 5827 ἐγκαλοῦσι.
