4128 6474
277 451 381 508 265
1048 446 1440 507 ENARRATIO
1477 445 1545 505 ΙΝ
1582 444 2019 504 EVANGELIUM
2051 443 2352 503 JOANNIS.
2392 473 2462 486 —
2501 443 2653 500 CAP.
2693 444 2823 499 XIX.
3487 447 3595 503 266

281 575 391 637 Καὶ
458 574 511 634 τί
563 578 724 634 τοῦτο
776 574 1069 653 ἔγκλημας
1152 578 1220 637 Εἰ
1288 573 1358 633 τὰ
1408 574 1540 654 ἔργα
1594 578 1687 634 τοῦ
1740 574 1884 634 Θεοῦ

2007 571 2146 627 Hinc
2193 569 2342 627 enim
2383 568 2560 641 magis
2599 569 2790 625 insons
2833 566 3266 638 demonstratur,
3314 584 3434 626 rem
3479 577 3598 627 tam

278 673 447 741 ποιεῖ,
495 664 628 725 Υἱὸν
658 665 807 724 Θεοῦ
858 654 997 724 εἶναι
1045 664 1100 725 τί
1152 664 1347 724 κωλύει
1392 664 1591 741 αὐτόν,
1641 661 1792 744 ’Ὀρα
1824 661 1881 721 δὲ

2007 660 2278 732 liligenter
2323 657 2770 730 disquirentihus.
2812 657 3041 726 Quoties
3087 657 3169 712 vel
3211 657 3421 714 Pilatus
3461 673 3596 716 con-

277 754 373 826 τὴν
417 755 562 813 θείαν
616 754 971 829 οἰκονομίαν,
1020 758 1136 822 πῶς
1176 758 1366 814 ἐκεῖνοι
1412 751 1508 828 μὲν
1551 751 1762 813 πλείοσι
1798 754 1882 811 δι·-

2007 748 2169 805 ῗεεευε
2192 756 2275 803 est
2294 763 2353 803 se
2373 746 2510 803 nihil
2535 747 2779 803 invenire
2802 753 2984 802 morte
3007 746 3270 819 dignum!

278 845 590 924 καστηρίοις
617 844 940 922 παρεδίδουν
981 844 1072 904 τὸν
1111 841 1341 923 Κύριον,
1394 842 1531 901 ὥστε
1567 844 1933 919 μωμήσασθαι
1962 839 2156 918 αὐτὸν,
2188 837 2278 896 καὶ
2309 846 2652 917 καταχρᾶναι
2691 837 2787 908 τὴν
2826 835 2978 906 δόξαν
3012 838 3206 916 αὐτοῦ,
3239 838 3313 905 εἷς
3353 837 3594 918 κεφαλὴν

281 934 337 996 δὲ
370 938 553 1000 αὐτοῖς
609 940 643 1005 ἡ
683 932 840 1013 ὕϐρις
880 932 1274 1013 περιτρέπεται·
1326 935 1560 992 ἐντεῦθεν
1605 932 1710 1011 γὰρ
1757 933 1962 1009 μᾶλλον
2009 927 2360 1007 ἀκατάκριτος
2408 927 2793 1001 διαδείκνυται,
2847 925 3220 1003 ἐξεταζομένου
3275 932 3369 987 τοῦ
3417 927 3592 1009 πράγ-

287 1049 449 1103 ματος
474 1023 882 1106 ἀκριϐέστερον.
918 1023 1156 1091 Ποσοίκις
1183 1029 1310 1102 γοῦν
1335 1028 1363 1084 6
1396 1023 1630 1089 Πιλάτος
1668 1019 1984 1100 ὡμολόγησε
2014 1017 2179 1095 μηδὲν
2209 1019 2470 1098 εὑρίσκειν
2519 1020 2572 1076 ἐν
2617 1020 2764 1099 αὐτῷ
2796 1017 3023 1076 θανάτου
3056 1017 3229 1086 ἄξιονῑ

373 1103 566 1175 «Ὅτε
612 1103 703 1172 οὖν
735 1103 963 1186 ἤκουσεν
994 1116 1022 1171 6
1072 1112 1308 1181 Πιλάτος
1348 1117 1533 1171 τοῦτον
1568 1113 1658 1169 τὸν
1697 1111 1886 1191 λόγον,

293 1206 496 1281 μᾶλλον
539 1201 818 1284 ἐφοϐήθη,
889 1202 984 1261 καὶ
1030 1204 1270 1274 εἰσῆλθεν
1328 1205 1404 1268 εἰς
1451 1203 1512 1284 to
1564 1199 1886 1281 πραιτώριον

294 1296 487 1363 πόλιν,
532 1281 625 1352 καὶ
675 1293 822 1370 λέγει
853 1295 933 1371 τῷ
981 1291 1181 1364 Ἰησοῦ·
1237 1289 1409 1352 Πόθεν
1464 1281 1514 1348 εἷ
1567 1289 1665 1364 σύ;
1707 1289 1777 1351 Ὁ
1832 1288 1888 1349 δὲ

296 1382 502 1455 Ἰησοῦς
544 1382 827 1462 ἀπόκρισιν
851 1385 950 1440 οὐκ
980 1382 1176 1440 ἔδωκεν
1217 1384 1383 1462 αὐτῷ.
1415 1376 1576 1458 Λέγει
1610 1371 1700 1439 οῦν
1739 1383 1885 1460 αὐτῷ

283 1477 313 1532 6
348 1471 608 1538 Πιλάτος·
639 1461 798 1548 Ἐμοὶ
826 1471 888 1529 οὖ
924 1472 1139 1543 λαλεῖς;
1171 1474 1287 1530 Οὐκ
1316 1461 1494 1543 οἶδας,
1529 1469 1613 1527 ὅτι
1646 1469 1885 1538 ἐξουσίαν

280 1564 399 1642 ἕλοι
420 1558 735 1643 σταυρῶσαί
767 1584 865 1634 σε,
901 1559 994 1619 καὶ
1027 1559 1267 1643 ἐξουσίαν
1311 1559 1423 1639 ἔχω
1470 1557 1740 1617 ἀπολῦσαί
1785 1581 1882 1633 σε;

284 1640 580 1729 Ἀπεκρίθὴ
658 1649 878 1721 Ἰησοῦς·
954 1652 1073 1710 Οὐκ
1139 1640 1280 1729 εἶχες
1348 1647 1587 1716 ἐξουσίαν
1637 1648 1890 1723 οὐδεμίαν

284 1740 407 1800 κατ’
431 1743 604 1816 ἐμοῦ,
637 1740 683 1797 εἰ
704 1737 780 1815 μὴ
813 1729 877 1810 ἧν
907 1760 990 1799 σοι
1033 1738 1314 1813 δεδομένον
1347 1736 1572 1797 ἄνωθεθ.
1601 1736 1706 1796 Διὰ
1737 1744 1893 1799 τοῦτο

284 1835 315 1891 6
364 1828 700 1908 παραδιδούς
747 1825 815 1902 μέ
872 1851 955 1887 σοι
1001 1826 1217 1907 μείζονα
1267 1825 1534 1907 ἁμαρτίαν
1582 1825 1717 1906 ἔχει.
1755 1853 1782 1881 ι
1823 1827 1892 1888 Ὁ

287 1919 387 1998 μὲν
440 1917 684 1984 Πιλάτος
730 1916 882 1996 ψιλὸν
932 1916 1089 1995 λόγον
1133 1915 1290 1993 μόνον
1342 1914 1605 1993 ἀκούσας,
1634 1914 1714 1973 ὅτι
1767 1917 1893 1985 Υἱός

285 2012 403 2068 ἐστι
428 2014 526 2067 τοῦ
552 2011 733 2079 Θεοῦ,
766 2005 1025 2085 φοϐεῖται·
1060 2006 1110 2065 οἱ
1143 2004 1199 2064 δὲ
1226 2005 1317 2064 καὶ
1359 2004 1493 2086 ἔργα
1525 2010 1639 2065 θεῖα
1677 2005 1890 2081 ἰδόντες,

290 2102 599 2175 ἀναιροῦσιν
623 2095 811 2169 αὐτὸν,
843 2095 975 2175 ὑπὲρ
1005 2086 1078 2154 ὧν
1108 2096 1268 2175 ἐχρῆν
1297 2102 1633 2175 προσκυνεῖν.
1674 2093 1893 2177 Ἐρωτᾷ

290 2189 345 2246 δὲ
378 2187 581 2261 αὐτὸν,
632 2187 735 2263 οὐχ
780 2182 944 2251 οὕτως
966 2183 1168 2265 ,ὥσπερ
1222 2183 1497 2263 πρότερον·
1532 2205 1563 2241 α
1589 2182 1662 2244 Τί
1707 2183 1895 2256 ἐποίη-

290 2297 430 2350 σαςς
464 2297 498 2333 ι)
538 2273 713 2345 ἀλλὰ,
753 2298 779 2327 ι
814 2273 911 2340 Τίς
941 2264 990 2331 εἶ
1021 2273 1122 2348 σύ;
1159 2300 1185 2327 ι
1234 2272 1375 2333 Τότε
1421 2273 1520 2350 μὲν
1559 2272 1665 2352 γὰρ
1708 2274 1893 2347 ἐπειδὴ

289 2370 363 2432 ὣς
432 2367 728 2444 βασιλειῶν
786 2364 1119 2437 ἐνεκαλεῖτο,
1196 2361 1412 2428 εἰκότως
1481 2364 1671 2443 ἐρωτᾷ·
1737 2390 1761 2415 α
1823 2364 1895 2424 Τί

292 2454 590 2528 ἐποίησας,
615 2480 641 2503 ιο
665 2457 755 2511 νῦν
790 2452 880 2525 δὲ,
916 2452 1035 2511 ἐπεὶ
1072 2454 1145 2520 ὣς
1183 2451 1311 2511 Υίὸν
1336 2455 1479 2511 Θεοῦ
1512 2451 1696 2510 ἑαυτὸν
1728 2455 1894 2512 ποιῶν

290 2544 690 2614 διαϐάλλεται,
737 2544 929 2622 ἐρωτᾷ·
985 2564 1015 2599 ε
1066 2540 1238 2600 Πόθεν
1288 2531 1337 2599 εἷ
1376 2539 1471 2613 σύ;
1507 2566 1533 2593 ι
1581 2540 1788 2612 Ἰησοῦς
1840 2542 1896 2602 δὲ

288 2642 437 2715 σιγᾷ.
464 2630 682 2708 Ἕμαθε
726 2630 833 2710 γὰρ
860 2633 990 2711 παρ’
1038 2632 1201 2689 αὐτοῦ
1249 2633 1279 2688 6
1310 2629 1579 2701 Πιλάτος,
1619 2630 1700 2689 ὅτι
1740 2658 1765 2684 α
1802 2634 1897 2699 Εἷς

286 2727 445 2782 τοῦτο
477 2719 828 2799 γεγέννημαι·
861 2742 890 2777 ι)
919 2719 1046 2789 καὶ,
1081 2746 1105 2773 α
1134 2722 1204 2779 Ἥ
1232 2719 1477 2799 βασιλεία
1509 2742 1610 2794 μου
1637 2722 1730 2778 οὐκ
1755 2721 1895 2780 ἔστιν

288 2815 552 2872 ἐντεῦθεν·
609 2837 635 2861 ιι
689 2808 785 2868 καὶ
840 2808 983 2887 ὅμως
1032 2808 1183 2868 οὐδὲν
1226 2811 1287 2867 ἐκ
1348 2807 1548 2868 τούτων
1608 2809 1891 2889 ὠφελήθη,

286 2901 405 2962 οὐδὲ
449 2899 686 2971 ἀντέστη
736 2897 870 2977 ὑπὲρ
918 2903 1011 2970 τῆς
1059 2899 1345 2973 ἀληθείας,
1390 2899 1510 2956 ἀλλ’
1562 2897 1782 2958 ἐνέδωκε

286 2998 381 3051 τοῦ
427 2989 596 3071 ὄχλου
648 2992 815 3068 ὁρμῇ.
848 2988 945 3048 Διὸ
974 2990 1003 3046 6
1046 2987 1240 3068 Κύριος
1286 2986 1381 3054 τὰς
1411 2986 1696 3066 ἐρωτήσεις
1738 2993 1896 3050 αὐτοῦ

288 3084 362 3147 ὣς
414 3084 539 3151 εἰκῆ
610 3077 900 3157 γενομνας
961 3078 1266 3151 διαπτύων,
1316 3076 1463 3136 οὐδὲν
1523 3076 1893 3158 ἀποκρίνεται.

287 3168 481 3239 Ὅλως
512 3167 566 3227 δὲ
607 3168 860 3248 φαίνεται
902 3170 931 3225 6
967 3164 1204 3234 Πιλάτος
1249 3164 1326 3244 μὴ
1363 3166 1578 3247 στερῥός
1620 3190 1699 3234 τις
1728 3158 1897 3244 εἶναι,

2063 1118 2244 1173 Vsas.
2290 1122 2442 1173 8-11.
2494 1138 2521 1165 ι
2562 1118 2698 1173 Cum
2727 1132 2859 1188 ergo
2905 1114 3151 1172 audisset
3194 1114 3406 1173 Pilatus
3444 1115 3592 1176 hunc

1993 1221 2327 1277 sermonem,
2359 1206 2540 1279 magis
2583 1206 2789 1262 timuit.
2840 1208 2912 1262 Et
2937 1206 3223 1277 ingressus
3262 1214 3346 1261 est
3392 1215 3596 1278 praeto-

1993 1294 2138 1351 rium
2165 1296 2390 1363 iterum,
2420 1304 2476 1351 et
2501 1295 2638 1351 dicit
2665 1295 2735 1351 ad
2762 1298 2952 1351 Jesum
2978 1312 2992 1351 :
3024 1294 3190 1352 Unde
3218 1310 3278 1350 es
3306 1299 3408 1351 tu?
3436 1296 3598 1354 Jesus

1994 1393 2176 1441 autem
2197 1401 2526 1457 responsum
2549 1401 2664 1441 non
2682 1384 2834 1441 dedit
2860 1385 2929 1441 ei.
2955 1385 3102 1441 Dicit
3124 1400 3256 1457 ergo
3276 1385 3323 1441 ei
3342 1385 3554 1443 Pilatus
3576 1405 3595 1442 :

1993 1473 2128 1529 Mihi
2156 1490 2269 1531 non
2295 1476 2570 1547 loqueris?
2597 1475 2786 1531 Nescis
2821 1474 2970 1548 quod
2999 1482 3323 1547 potestatem
3353 1474 3594 1533 habeam

1993 1562 2348 1635 cruciﬁgendi
2393 1573 2469 1634 te,
2519 1572 2575 1621 et
2613 1564 2850 1621 habeam
2891 1572 3218 1636 potestatem
3269 1564 3591 1623 absolvendi

2002 1655 2098 1708 te?
2138 1653 2448 1724 Respondit
2487 1656 2650 1711 Jesus
2682 1671 2694 1709 :
2721 1657 2848 1710 Non
2877 1654 3108 1711 haberes
3136 1662 3473 1726 potestatem
3500 1654 3598 1712 ad-

2002 1758 2223 1798 versum
2261 1759 2347 1799 me
2374 1744 2565 1816 ullam,
2604 1744 2712 1799 nisi
2742 1744 2838 1799 tibi
2867 1743 3059 1800 datum
3087 1753 3231 1800 esset
3258 1760 3289 1800 e
3322 1745 3595 1817 supernis.

2001 1834 2295 1903 Propterea
2326 1833 2418 1905 qui
2446 1848 2536 1889 me
2563 1832 2789 1889 tradidit
2814 1832 2939 1902 tibi,
2969 1832 3149 1906 majus
3177 1841 3464 1906 peccatum
3494 1833 3598 1891 ba-

2003 1921 2113 1977 bet.
2168 1944 2193 1971 ιο
2228 1922 2432 1977 Pilatus
2476 1922 2697 1994 quidem
2739 1922 2925 1978 audito
2974 1922 3126 1979 nudo
3167 1935 3422 1979 sermone
3447 1922 3599 1996 quod

1999 2012 2073 2066 sit
2113 2012 2284 2067 Filius
2327 2011 2447 2079 Dei,
2497 2011 2751 2082 pavescit.
2791 2011 2873 2067 Illi
2909 2010 3074 2068 etiam
3115 2011 3374 2083 operibus
3400 2011 3601 2069 divinis

2001 2099 2133 2155 visis
2159 2116 2289 2157 eum
2313 2100 2589 2168 occidunt,
2620 2109 2846 2174 propter
2872 2115 2995 2173 quas
3023 2100 3254 2157 adorare
3281 2101 3595 2172 oportebat.

1998 2190 2317 2262 Interrogat
2332 2197 2521 2247 autem
2546 2206 2675 2246 eum
2694 2207 2812 2246 non
2841 2198 2902 2247 ut
2924 2191 3089 2262 prius,
3120 2212 3146 2240 σι
3170 2189 3317 2262 Quid
3333 2190 3547 2247 fecisti?
3568 2214 3596 2241 »

2002 2278 2117 2342 sed,
2154 2302 2180 2328 α
2202 2280 2338 2349 Quis
2366 2294 2423 2336 es
2452 2284 2546 2337 tu?
2571 2302 2597 2328 ι
2621 2282 2765 2336 Nam
2785 2282 2912 2353 quia
2943 2289 3076 2335 tunc
3104 2281 3326 2352 quidem
3354 2288 3417 2336 ut
3438 2280 3599 2353 regni

2002 2367 2319 2424 invasorem
2365 2368 2690 2441 arguebant,
2720 2370 2925 2425 merito
2971 2370 3223 2442 rogabat,
3256 2392 3283 2419 α
3332 2369 3481 2439 Quid
3521 2367 3601 2427 fe-

2002 2456 2156 2514 cisti?
2194 2479 2221 2506 ν
2257 2460 2415 2513 Nunc
2437 2465 2619 2514 autem
2646 2457 2772 2529 quia
2799 2466 3059 2514 accusant
3094 2457 3243 2529 quod
3270 2458 3469 2515 Filium
3495 2458 3603 2514 Dei

2003 2561 2063 2602 se
2089 2545 2303 2613 fecerit,
2322 2554 2497 2618 rogat,
2522 2545 2688 2617 747
2721 2570 2745 2594 «ι
2776 2544 2940 2603 Unde
2967 2554 3025 2602 es
3041 2550 3132 2603 tu?
3161 2568 3188 2595 ιο
3220 2547 3385 2602 Jesus
3413 2555 3602 2603 autem

2002 2642 2164 2691 tacet.
2193 2635 2469 2692 Didicerat
2490 2636 2638 2691 enim
2667 2636 2734 2691 ab
2787 2651 2853 2691 eo
2883 2635 3089 2691 Pilatus
3116 2634 3271 2707 quod
3315 2658 3343 2685 ιι
3387 2638 3450 2691 ιιι
3496 2634 3603 2692 hoc

2003 2733 2166 2780 natus
2176 2740 2324 2792 sum,
2344 2747 2368 2773 ι
2385 2734 2459 2795 et,
2482 2748 2507 2772 «ι
2532 2728 2791 2797 Regnum
2812 2740 2999 2779 meum
3013 2741 3127 2780 non
3144 2733 3227 2781 est
3242 2724 3399 2781 hinc:
3424 2748 3450 2773 «ι
3466 2732 3606 2781 διιδα

2004 2830 2135 2870 men
2176 2814 2315 2870 nihil
2356 2831 2417 2870 ex
2450 2815 2537 2870 his
2584 2815 2826 2887 percepit
2867 2814 3137 2883 utilitatis,
3181 2829 3359 2888 neque
3401 2814 3607 2872 restitit

2002 2904 2125 2961 aliis
2169 2920 2270 2977 pro
2318 2904 2561 2974 veritate,
2617 2904 2715 2961 sed
2778 2905 2941 2961 cessit
2983 2904 3164 2962 turbae
3218 2905 3603 2962 tumultuanti.

2005 2993 2217 3050 Idcirco
2253 2994 2529 3050 Dominus
2557 2994 3015 3067 interrogationes
3048 2994 3185 3066 ejus,
3216 3003 3410 3066 utpote
3435 2992 3610 3052 factas

2003 3089 2232 3150 temere,
2278 3099 2558 3156 reSpuens,
2588 3082 2721 3139 nihil
2772 3083 3088 3156 respondet.
3136 3083 3377 3139 Omnino
3420 3090 3608 3140 autem

2006 3172 2220 3228 videtur
2257 3173 2470 3230 Pilatus
2512 3189 2629 3228 non
2656 3188 2774 3229 esse
2820 3172 3066 3229 fervidus
3103 3181 3161 3228 et
3187 3180 3466 3240 constans,
3507 3172 3609 3229 sed

290 3262 430 3321 ἀλλὰ
459 3258 553 3318 καὶ
582 3258 706 3316 λίαν
735 3255 842 3315 ὑπὸ
882 3259 987 3314 τῶν
1029 3254 1299 3335 τυχόντων
1344 3255 1626 3335 φοϐήτρων
1668 3258 1896 3317 διασειό-

2008 3261 2057 3317 is
2086 3277 2251 3334 quem
2294 3262 2383 3319 vel
2424 3278 2596 3334 pauca
2624 3260 2880 3335 quazdam
2926 3262 3371 3318 terriculamenta
3407 3277 3612 3318 concu-

289 3373 467 3428 μενος.
510 3346 627 3409 Καὶ
660 3345 769 3426 γὰρ
812 3344 908 3405 καὶ
954 3345 1074 3413 τοὺς
1119 3344 1406 3412 Ἰουδαίους
1453 3345 1747 3420 ἐδεδοίκει,
1808 3347 1901 3407 καὶ

288 3439 381 3497 τὸν
411 3438 664 3509 Ἰησοῦν,
701 3440 777 3502 ὥς
824 3437 958 3497 Υἷὸν
1013 3438 1189 3508 Θεοῦ,
1242 3433 1506 3515 ἔφριττεν.
1560 3433 1793 3511 Ἴδωμεν
1844 3438 1900 3496 δὲ

296 3527 395 3585 καὶ
446 3529 563 3590 πῦς
603 3525 785 3584 ἑαυτὸν
823 3524 1169 3603 κατακρίνει,
1220 3514 1291 3583 διί
1336 3514 1410 3583 ὧν
1457 3522 1618 3602 λέγει·
1657 3548 1687 3579 ιι
1723 3524 1903 3594 Ἐξου-

298 3615 430 3673 σίαν
479 3613 591 3692 ἔχω
641 3614 942 3692 σταυρῶσαί
991 3637 1080 3688 σε,
1123 3615 1216 3673 καὶ
1267 3611 1503 3681 ἐξουσίαν
1555 3612 1669 3693 ἔχω
1701 3616 1902 3674 ἀπολῦ-

302 3705 405 3763 σαί
435 3726 522 3763 σε.
556 3729 583 3754 ι
627 3704 691 3762 Εἰ
727 3702 825 3783 γὰρ
846 3702 909 3762 τὸ
937 3712 1047 3761 πᾶν
1087 3706 1141 3763 ἐν
1172 3702 1256 3762 σοὶ
1292 3702 1492 3779 ἔκειτο,
1536 3702 1677 3770 τίνος
1724 3702 1901 3764 ἕνεκεν

303 3795 411 3853 οὖκ
441 3792 697 3865 ἆπέλυες,
734 3792 792 3851 ὃν
832 3791 1076 3852 ἀναίτιον
1134 3785 1311 3871 εὗρες
1339 3790 1429 3872 ,Ὁ
1479 3790 1534 3850 δὲ
1568 3794 1766 3872 Κύριος
1813 3795 1901 3853 τὸν

302 3882 473 3964 τόφσν
521 3883 680 3940 αὐτοῦ
720 3884 1014 3940 κατασπῶν
1037 3926 1055 3956 ,
1093 3904 1123 3941 (ι
1160 3884 1279 3943 Οὐκ
1314 3871 1487 3964 εἶχες,
1532 3883 1728 3962 φησὶν,
1762 3881 1907 3951 ἐξου-

303 3961 429 4032 σίαν
471 3971 726 4049 οὖδεμίαν
780 3974 902 4030 κατ’
961 3973 1130 4048 ἐμοῦ,
1163 3973 1209 4029 εἰ
1266 3969 1341 4046 μὴ
1386 3961 1451 4043 ἧν
1496 3961 1578 4029 σοι
1625 3972 1904 4047 δεδομένον

304 4062 521 4123 ἄνωθεν.
558 4084 590 4119 ι
622 4062 709 4121 Οὖ
738 4060 843 4139 γὰρ
885 4059 1069 4127 ἅπλῶς
1095 4059 1259 4126 οὕτως
1289 4058 1642 4138 ἀποθνήσκω,
1681 4061 1823 4121 ἄλλοί
1853 4085 1902 4121 τι

299 4151 556 4229 μυστικὸν
603 4150 838 4209 ἐπιτελῶ
857 4197 877 4225 ,
910 4149 1003 4208 καὶ
1047 4148 1246 4208 ἄνωθεν
1276 4156 1429 4209 τοῦτο
1476 4151 1548 4217 εἷς
1577 4152 1758 4221 κοινὴν
1800 4174 1906 4209 σω-

293 4240 487 4321 τηρίαν
516 4237 880 4319 προώρισται.
914 4235 1043 4299 Ἵνα
1069 4237 1124 4296 δὲ
1159 4238 1235 4315 μὴ
1269 4237 1533 4309 ἀκούσας,
1561 4240 1643 4296 ὅτι
1683 4265 1704 4292 ι
1728 4235 1902 4298 Ἄνω-

294 4332 382 4391 θέν
426 4332 547 4389 ἐστι
590 4325 914 4404 δεδομένον,
940 4351 970 4387 ι)
1009 4327 1234 4407 νομίσῃς
1285 4327 1638 4406 ἀπηλλάχθαι
1688 4329 1908 4401 εὐθύνης

297 4419 449 4498 παρᾶ
479 4420 615 4499 Θεῷ
646 4416 738 4475 τὸν
772 4416 1009 4477 Πιλάτον
1032 4460 1049 4490 ,
1083 4417 1348 4499 ἐπιφέρει,
1392 4415 1474 4474 ὅτι
1508 4440 1539 4471 ιι
1581 4415 1650 4477 Ὁ
1683 4420 1908 4499 παραδι-

300 4509 421 4576 δούς
467 4505 540 4585 μέ
571 4529 661 4565 σοι
704 4504 922 4583 μείζονα
971 4505 1242 4586 ἁμαρτίαν
1281 4504 1420 4585 ἔχει.
1465 4531 1493 4559 ι
1524 4504 1776 4566 Δείκνυσι
1804 4506 1908 4586 γὰρ

2005 3351 2174 3407 tiunt.
2206 3355 2351 3408 Nam
2391 3360 2446 3407 et
2473 3353 2694 3408 Judaaos
2717 3351 2969 3419 timebat,
3000 3360 3057 3408 et
3092 3355 3283 3409 Jesum
3310 3359 3376 3408 ut
3401 3352 3607 3408 Filium

2005 3441 2112 3497 Dei
2148 3441 2429 3498 horrebat.
2477 3440 2780 3498 Videamus
2808 3449 2995 3497 autem
3038 3442 3320 3514 quomodo
3366 3442 3609 3513 seipsum

2006 3530 2345 3586 condemnet
2381 3546 2478 3602 per
2506 3547 2568 3586 ea
2601 3546 2724 3602 qua:
2760 3530 2897 3586 dicit
2927 3551 2939 3587 :
2992 3552 3020 3580 σι
3072 3534 3408 3587 Potestatem
3435 3531 3610 3587 habeo

2007 3620 2359 3691 crnciﬁgendi
2388 3628 2463 3687 te,
2497 3629 2553 3675 et
2578 3627 2904 3691 potestatem
2932 3619 3105 3675 habeo
3133 3619 3444 3676 dimittendi
3471 3628 3544 3676 te.
3581 3640 3608 3669 ι

2008 3709 2064 3765 Si
2112 3709 2261 3765 enim
2302 3708 2409 3763 hoc
2450 3716 2629 3764 totum
2692 3708 2884 3776 habes,
2933 3715 2991 3763 et
3040 3707 3095 3762 in
3144 3716 3198 3763 te
3245 3708 3417 3764 situm
3465 3715 3608 3765 erat.

2008 3813 2177 3869 quare
2221 3813 2335 3853 non
2375 3797 2629 3853 dimisisti
2667 3812 2836 3869 quem
2879 3796 3170 3851 innoxium
3206 3795 3512 3853 invenisti?
3538 3801 3617 3853 At

2010 3887 2286 3943 Dominus
2315 3886 2522 3943 fastum
2549 3886 2664 3957 ejus
2685 3885 3020 3957 deprimens,
3046 3885 3231 3957 inquit
3262 3902 3276 3940 :
3311 3906 3339 3934 α
3366 3889 3493 3940 Non
3521 3884 3615 3941 ha-

2008 3976 2166 4034 beres
2190 3984 2519 4048 potestatem
2545 3976 2715 4031 ullam
2745 3974 3037 4032 adversum
3066 3989 3180 4043 me,
3210 3974 3317 4030 nisi
3343 3981 3489 4031 esset
3514 3972 3617 4030 tibi

2010 4082 2246 4138 superne
2272 4066 2485 4122 datum.
2527 4088 2553 4114 ι
2585 4068 2708 4122 Non
2737 4065 2890 4120 enim
2916 4064 2992 4120 ita
3022 4062 3348 4135 simpliciter
3376 4063 3612 4132 morior,

2011 4155 2108 4213 sed
2128 4156 2421 4228 mysticum
2441 4154 2649 4227 aliquid
2676 4154 2916 4226 perﬁcio,
2948 4161 3005 4209 et
3030 4152 3368 4225 praeﬁnitum
3397 4160 3485 4209 est
3508 4152 3616 4210 hoc

2011 4260 2252 4317 superne
2290 4245 2344 4300 in
2383 4246 2620 4301 salutem
2650 4243 2958 4300 hominum.
2987 4243 3072 4300 Ne
3113 4251 3321 4311 autem,
3352 4257 3485 4298 eum
3512 4257 3613 4300 au-

2013 4333 2177 4391 dieris
2194 4334 2344 4407 quod
2374 4358 2400 4383 ιι
2424 4348 2659 4405 superne
2684 4333 2758 4388 sit
2780 4331 2992 4402 datum,
3013 4350 3041 4384 ι)
3073 4332 3354 4388 existimes
3378 4331 3617 4388 Pilatum

2014 4423 2159 4496 apud
2201 4426 2379 4479 Deum
2417 4438 2448 4478 a
2475 4423 2635 4493 culpa
2675 4422 3002 4490 liberatum,
3045 4420 3237 4477 statim
3275 4418 3557 4476 subinfert
3593 4437 3610 4474 :

2019 4535 2045 4563 ι
2086 4512 2193 4582 Qui
2217 4510 2444 4569 tradidit
2472 4527 2564 4568 me
2604 4510 2726 4579 tibi,
2769 4510 2950 4583 majus
2992 4517 3281 4582 peccatum
3330 4507 3526 4564 habet.
3582 4530 3610 4557 ιι

301 4600 543 4658 ἐντεῦθεν
596 4593 692 4654 καὶ
730 4593 819 4653 τὸν
870 4596 1105 4655 Πιλάτον
1166 4594 1434 4675 ἁμαρτίας
1493 4594 1811 4670 ὑπεύθυνον,
1864 4598 1900 4654 εἰ

2017 4601 2283 4659 Ostendit
2306 4601 2455 4657 enim
2480 4601 2609 4657 hinc
2627 4609 2681 4656 et
2700 4600 2937 4655 Pilatum
2963 4606 3207 4670 peccato,
3236 4595 3491 4669 quamvis
3506 4596 3617 4653 mi-

303 4688 396 4746 καὶ
424 4685 733 4751 ἐλάττονος.
766 4686 849 4744 Οὖ
880 4684 983 4764 γὰρ
1022 4683 1204 4755 ἐπειδὴ
1239 4683 1436 4743 ἄνωθεν
1470 4683 1712 4762 ἐδέδοτο,
1746 4707 1903 4743 τουτ-

306 4776 423 4835 έστι
446 4822 466 4851 ,
495 4774 885 4854 συγκεχώρητο
932 4773 995 4832 τὸ
1040 4777 1323 4836 ἀποθανεῖν
1353 4772 1443 4832 τὸν
1486 4774 1758 4853 Χριστὸν),
1805 4774 1909 4847 ἤδη

312 4863 543 4923 ἀναίτιοί
569 4867 702 4922 εἰσιν
734 4862 767 4921 ὅ
808 4887 865 4921 τε
901 4862 1133 4931 Πιλάτος
1175 4862 1268 4922 καὶ
1310 4866 1359 4923 οἱ
1408 4862 1678 4924 Ἰουδαῖοι·
1732 4865 1912 4933 ἀλλ’ἢ

312 4955 413 5030 μὲν
458 4952 698 5030 ὑμετέρα
744 4952 1048 5032 προαίρεσις
1108 4953 1169 5011 τὸ
1211 4952 1377 5012 κακὸν
1432 4950 1725 5030 ἐϐούλετο,
1783 4955 1812 5011 6
1855 4954 1912 5013 δὲ

311 5044 451 5109 Θεὸς
509 5042 693 5117 εἴασε,
746 5040 844 5099 καὶ
886 5040 1256 5122 συνεχώρησεν
1306 5046 1379 5109 εἰς
1437 5040 1586 5120 ἔργον
1641 5041 1915 5123 προϐῆναι

308 5130 538 5206 ταύτην.
590 5130 806 5192 Οὔκουν
837 5131 1064 5191 ἀναίτιοι
1109 5135 1157 5190 οῖ
1186 5131 1444 5212 πονηροὶ,
1492 5129 1676 5203 ἐπειδὴ
1721 5135 1749 5189 6
1778 5131 1916 5198 Θεὸς

308 5228 589 5303 συγχωρεῖ
645 5220 745 5291 τὴν
792 5221 967 5279 αὐτῶν
1033 5218 1230 5280 κακίαν
1293 5222 1365 5287 εἷς
1422 5218 1576 5301 ἔργον
1634 5218 1918 5280 ἐκϐαίνειν·

308 5313 449 5371 ἀλλὰ
477 5309 619 5371 διότι
652 5309 745 5368 καὶ
779 5308 1063 5389 βούλονται
1106 5308 1196 5368 καί
1239 5307 1693 5390 διαπράττονται,
1743 5309 1919 5383 πάσης

308 5400 689 5481 κατακρίσεως
726 5397 888 5468 ἄξιοι.

398 5519 427 5546 ι
461 5490 572 5552 Ἐκ
604 5489 796 5550 τούτου
838 5487 1014 5563 ἐζήτει
1061 5489 1091 5547 6
1143 5485 1382 5555 Πιλάτος
1422 5489 1692 5549 ἀπολῦσαι
1736 5486 1917 5552 αὖτόν.

316 5582 388 5641 Οἱ
439 5579 499 5641 δέ
551 5579 806 5640 Ἰουδαῖοι
863 5580 1126 5659 ἔκραζον,
1175 5577 1434 5656 λέγοντες·
1499 5603 1523 5630 α
1556 5578 1689 5637 Ἐὰν
1738 5583 1921 5636 τοῦτον

315 5670 627 5751 ἀπολύσῃς,
656 5672 754 5731 οὐκ
794 5659 847 5728 εἷ
871 5670 1022 5750 φίλος
1069 5671 1161 5725 τοῦ
1208 5667 1506 5749 Καίσαρος.
1536 5670 1662 5733 Πᾶς
1704 5669 1925 5751 ὁῌβασι-

315 5757 410 5819 λία
439 5747 630 5821 {auriti}
657 5762 862 5835 ποιῶν,
885 5747 1163 5835 ’ἀντιλέγει
1194 5759 1273 5837 τῷ
1305 5747 1565 5837 Καίσαρι.
1605 5755 1680 5816 εΟ
1701 5747 1790 5816 οὖν
1823 5759 1924 5819 Πι-

596 5861 832 5918 Ριιπιοι..
865 5859 977 5917 Gn.
1021 5855 1245 5913 CXXIV.

2015 4690 2141 4747 nori
2173 4690 2501 4747 obnoxium.
2538 4692 2666 4745 Non
2696 4689 2849 4745 enim
2873 4688 3001 4760 quia
3027 4702 3261 4760 superne
3285 4685 3481 4742 datum
3509 4693 3615 4755 est,

2016 4779 2122 4837 hoc
2148 4790 2255 4848 est,
2282 4794 2611 4836 concessum
2638 4787 2723 4834 est
2746 4786 2809 4834 ut
2831 4776 3104 4833 moriatur
3132 4775 3403 4844 Christus,
3430 4775 3620 4832 statim

2021 4877 2173 4925 extra
2218 4883 2420 4925 noxam
2472 4874 2602 4923 sunt
2664 4866 2872 4923 Pilatus
2924 4872 2982 4922 et
3035 4864 3240 4931 Judaei;
3294 4862 3395 4920 sed
3438 4872 3624 4921 vestra

2020 4957 2246 5030 quidem
2272 4957 2524 5013 voluntas
2546 4955 2755 5012 malum
2780 4954 2971 5023 voluit,
2997 4956 3148 5010 Deus
3167 4961 3358 5010 autem
3377 4952 3626 5024 permisit

2019 5055 2077 5103 et
2094 5046 2371 5103 concessit
2400 5052 2461 5102 ut
2479 5044 2538 5101 in
2557 5059 2696 5117 opus
2723 5043 2832 5101 hoc
2858 5042 3255 5117 progrediatur.
3292 5042 3465 5115 Igitur
3484 5040 3618 5098 mali

2020 5152 2134 5193 non
2156 5144 2289 5193 sunt
2307 5135 2446 5192 citra
2474 5134 2714 5207 culpam,
2740 5134 2869 5208 quia
2903 5135 3055 5189 Deus
3082 5130 3338 5205 permisit
3365 5130 3620 5202 ipsorum

2028 5225 2293 5282 malitiam
2334 5223 2558 5298 prodire
2585 5223 2642 5280 in
2671 5239 2831 5296 opus;
2862 5221 2959 5280 sed
2986 5237 3052 5278 eo
3080 5219 3232 5293 quod
3259 5226 3316 5275 et
3343 5217 3544 5276 volunt
3565 5225 3624 5275 et

2028 5313 2258 5384 faciunt,
2300 5313 2452 5371 omni
2495 5310 2963 5370 condemnatione
3000 5317 3133 5368 sunt
3165 5307 3337 5380 digni.

2099 5497 2274 5553 Vsus.
2312 5497 2505 5550 12-14.
2538 5514 2564 5541 α
2596 5494 2669 5548 Et
2696 5507 2762 5547 ex
2791 5506 2858 5548 eo
2887 5487 3172 5563 qumrebat
3200 5487 3405 5545 Pilatus
3448 5486 3628 5545 absol-

2035 5598 2163 5640 vere
2204 5597 2357 5638 eum.
2405 5579 2585 5637 Judaei
2617 5587 2805 5636 autem
2835 5578 3173 5646 clamabant,
3210 5575 3460 5633 dicentes
3520 5592 3535 5629 :
3572 5576 3632 5633 Si

2023 5672 2178 5729 hunc
2200 5670 2524 5740 absolveris,
2549 5684 2662 5726 non
2682 5683 2743 5724 es
2771 5667 2987 5724 amicus
3010 5665 3258 5724 Caesaris.
3284 5664 3548 5740 Quisquis
3573 5681 3635 5723 se

2034 5777 2230 5836 regem
2257 5758 2415 5829 facit,
2448 5756 2782 5818 contradicit
2807 5757 3034 5816 Casari.
3063 5756 3274 5816 Pilatus
3294 5763 3481 5813 autem
3502 5770 3636 5813 cum

3317 5846 3353 5901 9
