4128 6430
514 427 622 480 267

1534 413 2044 474 THEOPHYLACTI
2082 407 2442 471 BULGARIE
2476 406 2793 469 ARCHIEP.

3710 409 3827 465 268

513 546 759 605 audisset
796 545 948 604 hunc
992 560 1330 611 sermonem,
1379 541 1643 616 produxit
1692 540 1844 599 foras
1888 544 2106 609 Jesum,

2231 540 2389 607 λάτος
2430 537 2658 605 ἀκούσας
2705 539 2890 595 τοῦτον
2938 532 3029 594 τὸν
3079 531 3269 611 λόγον,
3323 533 3528 611 ἤγαγεν
3575 532 3677 602 ἔξω
3727 532 3826 592 τὸν

511 637 762 710 seditque
778 653 879 710 pro
908 636 1172 693 tribunali
1201 637 1256 691 in
1284 636 1408 691 loco
1437 632 1529 706 qui
1555 632 1751 689 dicitur
1800 631 2106 688 Lithostro-

513 735 625 797 tos,
656 726 909 783 hebraice
944 733 1136 783 autem
1177 723 1478 782 Gabbatha.
1530 725 1666 778 Erat
1698 731 1886 778 autem
1943 737 2108 794 para-

517 833 675 874 sceve
721 816 970 885 Paschae,
1000 815 1135 872 hora
1159 813 1333 871 ferme
1378 820 1557 870 sexta.
1610 834 1637 860 ι
1667 815 1969 883 Postquam
1999 814 2112 868 Do—

517 906 709 963 minus
742 904 1054 977 perstrinxit
1078 904 1317 960 Pilatum
1357 918 1454 975 per
1484 900 1668 970 verba,
1702 908 1761 956 et
1797 901 2108 956 excusatio-

516 1011 648 1053 nem
679 995 793 1052 sive
816 993 1191 1051 defensionem
1220 991 1499 1060 adhibuit,
1525 990 1675 1063 quod
1702 990 1817 1046 Nisi
1856 990 2113 1046 volunta—

514 1084 636 1141 rius
665 1099 768 1156 ego
807 1083 1081 1155 meipsum
1104 1081 1316 1149 darem,
1356 1089 1411 1137 et
1434 1082 1598 1136 Pater
1622 1078 1968 1146 concederet,
1998 1093 2111 1133 non

515 1172 746 1229 haberes
786 1178 1119 1244 potestatem
1158 1177 1350 1226 contra
1386 1184 1499 1239 me,
1542 1176 1599 1225 et
1641 1167 1788 1241 quod
1828 1174 2113 1239 peccatum

514 1261 717 1319 habeas
746 1270 803 1319 et
825 1270 907 1332 tu,
938 1269 998 1318 et
1025 1260 1199 1319 Judas
1232 1268 1426 1316 tamen
1448 1257 1652 1331 majus,
1693 1258 1790 1331 qui
1823 1272 1913 1313 me
1937 1255 2112 1312 tradi-

514 1351 619 1421 dit,
650 1351 737 1407 vel
778 1351 948 1407 etiam
992 1350 1248 1423 populus,
1295 1365 1362 1406 eo
1392 1348 1542 1421 quod
1587 1370 1614 1396 α
1646 1350 1824 1419 Super
1865 1345 2115 1403 dolorem

516 1441 805 1497 vulnerum
838 1455 1094 1497 meorum
1119 1438 1332 1495 addidit
1357 1438 1403 1507 ²,
1434 1446 1491 1495 et
1533 1452 1648 1493 non
1673 1444 1756 1493 est
1794 1434 2114 1492 recordatus

515 1536 580 1586 ut
600 1527 767 1585 faciat
792 1528 1228 1586 misericordiam
1251 1526 1297 1594 ⁸,
1338 1552 1366 1577 ι
1404 1527 1502 1585 sed
1532 1542 1662 1583 cum
1686 1525 1984 1583 invenisset
2023 1540 2115 1583 me

515 1618 818 1691 patrocinio
859 1626 916 1674 et
965 1618 1244 1691 adjutorio
1285 1616 1639 1685 destitutum,
1679 1614 1827 1672 cruci
1872 1614 2114 1685 tradidit,

514 1715 570 1765 et
592 1723 776 1780 neque
814 1707 941 1764 talia
957 1697 1164 1780 judicia
1194 1706 1253 1764 in
1277 1705 1478 1779 quibus
1519 1706 1778 1762 innoxius
1805 1704 2116 1761 declaratus

512 1813 664 1865 sum,
709 1813 839 1854 eum
887 1797 1196 1869 placarunt,
1248 1796 1345 1853 sed
1390 1794 1689 1867 clamabat,
1744 1816 1772 1844 ι
1822 1793 2113 1864 Cruciiige,

515 1887 778 1961 cruciﬁge
819 1908 832 1944 :
870 1910 896 1937 ι
924 1904 1052 1942 cum
1082 1887 1166 1956 iis,
1215 1886 1466 1957 inquam,
1499 1884 1660 1941 dictis
1687 1884 1965 1940 Dominus
1993 1899 2113 1955 per-

511 1976 824 2034 strinxisset
849 1976 1108 2045 Pilatum,
1146 1997 1172 2024 α
1207 1974 1489 2046 quaerebat
1524 1990 1588 2029 ex
1622 1973 1728 2029 hoc
1760 1996 1785 2020 υ
1819 1972 1907 2028 ille
1936 1973 2116 2043 magis

516 2087 542 2115 ι
579 2065 860 2122 dimittere
887 2080 1039 2122 eum.
1076 2087 1101 2112 ι»
1132 2062 1312 2120 Judaei
1339 2072 1527 2119 autem
1556 2078 1689 2118 cum
1726 2062 1910 2133 ipsum
1947 2076 2114 2118 accu-

510 2161 724 2211 sassent
750 2154 898 2224 quod
928 2156 1111 2209 Deum
1152 2168 1212 2208 se
1241 2151 1466 2217 faceret,
1500 2150 1669 2223 748
1697 2166 1763 2207 ac
1807 2150 1982 2223 legem
2011 2150 2115 2207 ob-

506 2242 795 2317 jecissent,
821 2258 881 2298 se
925 2242 1094 2298 refelli
1132 2241 1401 2313 putabant
1450 2245 1532 2309 (ex
1564 2240 1670 2297 hoc
1707 2241 1914 2296 Pilatus
1942 2241 2117 2313 magis

510 2332 723 2400 timuit,
740 2339 799 2388 et
820 2331 991 2388 voluit
1012 2331 1289 2387 dimittere
1306 2346 1457 2398 eum,
1478 2346 1549 2386 ne
1570 2328 1712 2386 forte
1736 2334 1917 2386 Deum
1941 2328 2117 2387 offen-

508 2420 707 2489 deret),
740 2421 946 2477 iterum
990 2419 1317 2492 confugiunt
1344 2421 1414 2477 ad
1456 2428 1714 2477 externas
1757 2418 1927 2491 leges,
1956 2429 2012 2476 et
2052 2426 2118 2477 ut

507 2510 902 2567 meticulosum
947 2518 1158 2567 terrent
1206 2510 1465 2565 Pilatum.
1518 2512 1663 2567 Nam
1707 2509 1835 2582 quia
1865 2509 2118 2566 viderant

507 2616 637 2658 eum
655 2601 861 2673 pietate
881 2600 1116 2666 moveri,
1144 2615 1212 2655 ne
1240 2599 1445 2656 Filium
1473 2598 1573 2655 Dei
1602 2597 1901 2656 occidendo
1925 2600 2117 2656 Iesum

508 2698 719 2762 peccet,
750 2699 969 2746 metum
997 2689 1232 2746 Caesaris
1260 2688 1554 2755 incutiunt,
1585 2696 1641 2744 et
1662 2697 1985 2745 accusantes
2008 2691 2122 2746 Do-

504 2778 723 2835 minum
753 2777 824 2834 de
850 2778 1164 2851 tyrannide,
1198 2778 1439 2834 Pilatum
1486 2777 1668 2848 magis
1711 2785 1922 2834 terrent
1955 2778 2117 2850 quasi

2218 634 2426 704 Ἷησοῦν
2446 673 2463 703 ,
2489 627 2584 688 καὶ⁵
2613 625 2855 687 ἐκάθισεν
2899 623 2988 683 ἐπὶ
3033 627 3125 683 τοῦ
3155 622 3396 704 βήματος
3429 625 3502 692 εἶς
3533 623 3697 704 τόπον
3724 623 3826 680 λε·

2217 724 2441 805 γόμενον
2472 715 2837 796 Λιθόστρωτον
2860 759 2878 789 ,
2905 711 3193 805 ιΕθριιῖστί,
3223 711 3286 805 δὲ.
3308 715 3352 774 Γ
3352 712 3599 805 οιϐϐοιθᾶἶ
3619 703 3732 774 ’Ἦν

2220 798 2540 892 παρασκευή
2560 811 2650 865 τοῦ
2680 805 2914 884 Πάσχα,
2947 802 3063 883 ὥρα
3091 800 3148 861 δὲ
3167 801 3296 862 ὡσεὶ
3316 803 3483 892 ἕκτη.
3513 824 3543 861 n
3585 798 3826 892 Ἐπειδὴ

2221 891 2521 970 κατέπληξε
2549 896 2638 955 τὸν
2672 894 2912 956 Πιλάτον
2955 896 2984 951 6
3019 892 3208 973 Κύριος
3255 891 3341 951 διὰ
3385 894 3493 950 τῶν
3529 891 3828 973 ῥημάτων,

2221 990 2314 1052 καὶ
2345 992 2488 1069 σαφῆ
2518 985 2822 1062 παρέσχετο
2843 981 2941 1055 τὴν
2971 980 3297 1069 ἀπολογίαν,
3326 979 3411 1041 ὅτι
3454 979 3642 1069 Εἰ,μή
3682 978 3829 1040 ἑκὼν

2222 1078 2328 1156 ἐγὼ
2358 1068 2586 1153 ἐμαυτὸν
2634 1074 2865 1146 ἐδίδουν,
2910 1071 3002 1130 καὶ
3049 1075 3078 1131 6
3109 1068 3301 1150 Πατὴρ
3353 1068 3677 1150 συνεχώρει,
3721 1071 3831 1129 οὔκ

2223 1160 2362 1248 εἶχες
2386 1162 2627 1234 ἐξουσίαν
2657 1165 2776 1222 κατ’
2808 1164 2970 1239 ἐμοῦ,
3007 1158 3101 1220 καὶ
3130 1159 3214 1219 ὅτι
3252 1158 3523 1241 ἁμαρτίαν
3554 1157 3698 1248 ἔχεις
3725 1157 3832 1248 καὶ

2224 1245 2326 1331 06',
2358 1255 2451 1316 καὶ
2496 1252 2709 1329 μείζονα
2765 1250 2973 1318 Ἰούδας
3025 1253 3055 1309 6
3083 1249 3405 1330 παράδιδούς
3450 1272 3552 1327 με,
3591 1247 3628 1321 ἢ
3669 1245 3765 1308 καὶ
3797 1250 3834 1308 6

2223 1346 2349 1414 λαὸς
2367 1391 2384 1419 ,
2415 1342 2547 1403 διότι
2572 1369 2594 1398 α
2627 1340 2760 1403 Ἐπὶ
2778 1341 2839 1401 τὸ
2858 1341 3018 1416 ἄλγος
3047 1336 3151 1398 τῶν
3181 1337 3507 1420 τραυμάτων
3530 1361 3633 1414 μου
3653 1360 3828 1418 προσ-

2223 1438 2412 1509 έθηκε,
2439 1431 2535 1492 καὶ
2574 1433 2672 1490 οὐκ
2701 1428 2946 1507 ἐμνήσθη
2992 1431 3214 1499 ποιῆσαι
3238 1427 3414 1502 ἔλεος,
3443 1455 3465 1481 ι
3492 1425 3620 1486 ἀλλ’
3645 1426 3828 1506 εὑρών

2225 1550 2293 1602 με
2334 1521 2734 1601 ἀσυνηγόρητον
2775 1518 2866 1577 καὶ
2896 1517 3196 1590 ἀϐοήθητον
3216 1520 3483 1602 ,Ασταυρῷ
3512 1515 3831 1598 παρέδωκε,

2224 1597 2317 1674 καὶ
2346 1611 2465 1674 οὐδὲ
2492 1597 2727 1670 τοσαῦτα
2761 1607 3115 1687 δικαστήρια,
3151 1607 3204 1677 ἐξ
3237 1597 3312 1665 ὧν
3354 1597 3626 1674 ἀνεύθυνος
3666 1604 3833 1676 ἐξῆλ-

2225 1711 2336 1779 θον,
2368 1698 2792 1771 κατεδυσωπήθη
2812 1743 2827 1772 ,
2859 1700 2979 1757 ἀλλ’
3011 1695 3176 1774 ἐϐόα,
3208 1724 3234 1749 ι
3268 1695 3619 1775 Σταύρωσον,
3652 1692 3834 1754 σταύ-

2227 1815 2409 1874 ρωσονο
2442 1820 2466 1844 ιο
2501 1789 2615 1850 ἐπεὶ
2661 1780 2751 1847 οὖν
2802 1792 2971 1847 ταῦτα
3010 1786 3173 1846 εἰπὼν
3203 1791 3232 1845 6
3281 1785 3477 1864 Κύριος
3522 1782 3835 1855 κατέπληξε

2220 1884 2310 1943 τὸν
2345 1881 2603 1952 Πιλάτον,
2643 1876 2868 1950 «ἐζήτει
2896 1879 2957 1936 ἐκ
2986 1876 3170 1936 τούτου
3200 1897 3230 1934 ι)
3265 1878 3470 1954 μᾶλλον
3509 1876 3837 1934 «ἀπολῦσαι

2224 1973 2399 2032 αὐτόν.
2440 2000 2461 2023 ιο
2514 1969 2768 2030 Ἰουδαῖοι
2800 1966 2889 2045 δὲ,
2926 1966 3042 2024 ἐπεὶ
3086 1969 3158 2033 ὡς
3187 1967 3325 2026 Θεὸν
3355 1971 3605 2025 ποιοῦντα
3634 1961 3833 2022 ἑαυτὸν

2225 2061 2626 2129 διαϐάλλοντες,
2673 2055 2766 2116 καὶ
2812 2056 2900 2115 τὸν
2949 2056 3105 2131 νόμον
3161 2051 3601 2133 προσενεγκόντες
3657 2052 3834 2131 ἠλέγ-

2220 2157 2426 2232 χθησαν
2477 2148 2537 2229 (ὁ
2571 2145 2675 2227 γὰρ
2711 2144 2940 2212 ΙΙιλάτος
2986 2146 3046 2204 ἐκ
3076 2144 3263 2204 τούτου
3303 2144 3507 2220 μᾶλλον
3546 2141 3783 2232 ἐφοϐήθη
3804 2186 3829 2214 ,

2223 2231 2314 2300 καὶ
2357 2238 2606 2298 ἐϐούλετο
2632 2238 2896 2296 ἀπολῦσαι
2923 2235 3109 2308 αὐτὸν,
3140 2233 3332 2312 μήπως
3361 2236 3488 2313 Θεῷ
3514 2231 3834 2313 προσκρού-

2223 2326 2345 2409 σῃ·)
2382 2330 2544 2387 πάλιν
2598 2324 2687 2385 ἐπὶ
2730 2323 2851 2392 τοὺς
2892 2322 2992 2393 ἔξω
3022 2327 3214 2401 νόμους
3260 2319 3837 2409 καταφεύγουσι,“καὶ

2223 2399 2295 2487 ὡς
2327 2399 2572 2499 ’ψοφοδεῆ
2629 2414 2913 2494 ἐκφοϐοῦσι
2962 2412 3051 2473 τὸν
3086 2399 3355 2474 ἐΠιλάτον.
3404 2399 3522 2479 Ὡξ
3549 2410 3652 2492 γὰρ
3684 2399 3833 2469 εἶδον

2226 2498 2385 2568 αὐτὸν
2421 2498 2843 2580 εὐλαϐούμενον,
2893 2502 2969 2581 μὴ
3000 2502 3130 2563 Υἱὸν
3164 2508 3306 2567 Θεοῦ
3328 2502 3459 2562 ὄντα
3488 2498 3834 2580 κατακρίνων

2225 2598 2316 2657 τὸν
2348 2597 2558 2669 Ἰησοῦν
2604 2593 2856 2674 ἁμάρτῃ,
2912 2591 3000 2652 τὸν
3048 2591 3209 2673 φόϐον
3249 2596 3340 2651 τοῦ
3375 2589 3646 2671 Καίσαρος
3697 2591 3830 2648 ἐπι-

2229 2686 2458 2746 σείουσιν
2484 2687 2664 2764 αὐτῷ,
2701 2683 2794 2742 καὶ
2826 2680 2916 2741 ἐπὶ
2953 2681 3225 2763 τυραννίδι
3248 2678 3337 2740 τὸν
3371 2680 3564 2761 Κύριον
3598 2678 3836 2738 διαϐάλ-

2225 2776 2437 2850 λοντες,
2491 2775 2867 2851 ἐκδειματοῧσι
2918 2771 3008 2831 τὸν
3044 2772 3310 2843 Πιλάτον,
3350 2772 3421 2836 ὣς
3469 2768 3835 2850 προσκρούειν

509 2865 859 2925 offensurum
876 2868 1172 2936 Caesarem,
1203 2866 1248 2922 si
1270 2867 1533 2923 rebellem
1561 2866 1717 2921 illum
1742 2866 2020 2923 dimittat.
2051 2871 2116 2939 Ει

2229 2865 2490 2943 μέλλοντα
2536 2861 2808 2943 Καίσαρι,
2860 2859 2908 2921 εἴ
2942 2883 3003 2940 γε
3052 2858 3309 2920 ἀπολύσει
3353 2858 3445 2919 τὸν
3497 2861 3828 2938 ἀνταίροντα

508 2956 604 3013 ubi
631 2956 721 3013 ille
755 2956 813 3012 in
840 2956 1130 3027 tyrannide
1157 2956 1569 3028 deprehensus?
1596 2954 1762 3012 Unde
1792 2963 1981 3012 autem
2010 2956 2119 3014 hoc

508 3045 846 3103 ostendetis?
867 3061 1005 3101 num
1030 3062 1059 3101 a
1083 3047 1364 3117 purpura?
1389 3060 1523 3100 num
1549 3060 1582 3101 a
1603 3044 1950 3104 diademate?
1979 3063 2116 3105 num

2228 2958 2392 3036 αὐτῷ.
2457 2953 2569 3013 Καὶ
2618 2958 2721 3012 ποῦ
2773 2951 3074 3031 τυραννίδος
3128 2943 3276 3018 οὗτος
3331 2949 3512 3024 ἑάλω;
3564 2950 3719 3009 πόθεν
3764 2950 3831 3011 δὲ

2223 3050 2377 3103 τοῦτο
2408 3042 2632 3115 iisiis“;
2666 3039 2795 3102 Ἀπὸ
2841 3044 2937 3113 τῆς
2970 3039 3317 3120 ἁλουργίδος;
3363 3037 3472 3097 ἀπὸ
3499 3043 3589 3098 τοῦ
3623 3039 3832 3112 διαδή-

510 3152 544 3193 a
589 3134 918 3192 militaribus
964 3134 1170 3207 signis?
1209 3150 1397 3190 nonne
1427 3133 1617 3189 omnia
1675 3150 1800 3206 quae
1850 3134 2112 3208 habebat,

2228 3154 2431 3211 ματοςς
2466 3131 2574 3192 ἀπὸ
2614 3135 2720 3190 τῶν
2761 3133 3190 3212 στρατιωτικῶς
3232 3130 3316 3228 (ζῦ
3348 3127 3526 3187 πάντα
3560 3130 3705 3208 αὐτῷ
3737 3131 3834 3188 εὖ-

2291 3226 2300 3228 _
2495 3221 2503 3228 .
2635 3222 2650 3228 -
2680 3220 2691 3228 ι
2836 3220 2847 3228 ι
3030 3219 3040 3228 ι
3189 3218 3202 3228 ι
3527 3219 3538 3228 ι
3630 3217 3702 3228 ιιι
3760 3208 3797 3228 φ

507 3224 671 3282 vilia?
701 3233 758 3281 et
784 3226 927 3281 stola
966 3232 1021 3279 et
1048 3225 1230 3293 cibus,
1269 3232 1326 3279 et
1364 3223 1599 3280 domus?
1627 3225 1749 3280 [mo
1777 3223 1830 3282 ei
1879 3241 1982 3283 nec
2007 3227 2114 3283 do-

514 3328 640 3370 mus
668 3321 809 3370 erat.
842 3314 948 3371 Sed
976 3329 1010 3370 o
1039 3314 1285 3369 Pilatum
1315 3328 1511 3384 parum
1541 3312 1781 3369 virilem!
1815 3314 2120 3374 Periclitari

513 3402 621 3460 sibi
651 3402 799 3459 visus
826 3411 930 3471 est,
978 3403 1021 3459 si
1064 3402 1289 3475 quidem
1319 3400 1462 3458 hanc
1504 3418 1728 3459 causam
1752 3402 2120 3464 indiscussam

508 3492 825 3566 negligeret.
859 3496 1005 3550 Nam
1041 3492 1187 3547 vadit
1229 3491 1452 3564 quidem
1498 3492 1653 3565 quasi
1699 3493 2120 3553 examinaturus

510 3583 819 3656 negotium,
862 3582 969 3639 hoc
1007 3582 1155 3638 enim
1199 3582 1369 3638 sessio
1405 3582 1695 3655 signiﬁcat.
1744 3584 1906 3641 Nulla
1933 3595 2118 3643 autem

511 3672 922 3729 examinatione
951 3670 1121 3741 facta,
1165 3671 1339 3728 tradit
1367 3672 1544 3740 illum,
1572 3672 1896 3731 existimans
1937 3690 1998 3732 se
2041 3674 2120 3733 sic

517 3762 641 3820 illos
681 3763 1051 3835 placaturum.
1100 3761 1397 3833 Quomodo
1425 3770 1635 3831 autem,
1672 3764 1863 3820 Marco
1904 3764 2120 3823 dicente

509 3852 736 3909 tertiam
788 3851 982 3909 horam
1030 3852 1255 3925 quando
1297 3851 1553 3909 Christus
1601 3853 2024 3925 cruciﬁgebatur
2071 3855 2117 3926 ‘,

509 3942 754 3998 Joannes
787 3949 1004 3997 sextam
1027 3942 1159 3997 dicit
1185 3941 1247 3995 5?
1275 3941 1449 4013 Igitur
1474 3940 1583 3997 hoc
1615 3943 1834 3998 solvunt
1862 3944 2115 4016 quidam,

512 4030 662 4103 quod
680 4030 968 4101 scripturae
992 4046 1149 4085 error
1171 4031 1262 4085 sit.
1283 4032 1425 4085 Nam
1447 4030 1632 4086 littera
1647 4031 1871 4102 quidem
1895 4048 2117 4105 gamma

511 4120 739 4175 tertiam
775 4118 973 4173 horam
1000 4117 1294 4190 signiﬁcat,
1326 4128 1382 4175 et
1408 4127 1492 4174 est
1513 4118 1795 4176 character
1819 4122 1936 4194 ejus
1965 4125 2114 4194 talis,

512 4208 583 4276 1‘;
618 4208 804 4264 littera
829 4215 1021 4263 autem
1052 4222 1176 4278 quae
1204 4216 1419 4263 sextam
1458 4208 1669 4280 signat,
1701 4208 1872 4266 habet
1915 4212 2116 4269 chara-

511 4306 722 4355 cterem
747 4298 934 4367 talem,
956 4301 1038 4368 ς.
1066 4297 1385 4354 Verisimile
1429 4298 1598 4370 igitur
1626 4297 1863 4355 litteram
1894 4317 2113 4373 gamma

512 4403 546 4444 a
583 4386 944 4458 scriptoribus
980 4402 1098 4443 non
1134 4387 1359 4442 attentis
1390 4388 1653 4444 transisse
1688 4404 1750 4444 ea
1804 4400 1960 4461 parte
1990 4408 2115 4464 qua:

511 4476 568 4533 in
602 4476 1005 4549 longitudinem
1052 4484 1267 4532 rectam
1297 4477 1702 4548 producebatur
1738 4459 2028 4536 incurvata
2058 4481 2116 4536 in
2145 4459 2196 4525 υ

513 4564 891 4623 characterem
919 4565 1172 4637 episemi,
1201 4581 1313 4638 quo
1342 4574 1534 4622 sextus
1557 4582 1825 4624 numerus
1848 4569 2115 4641 signatur,

513 4664 568 4712 et
615 4655 693 4711 sic
725 4670 973 4711 errorem
997 4654 1146 4710 hunc
1180 4662 1384 4711 ortum.
1433 4654 1595 4724 Quod
1632 4663 1821 4713 autem
1848 4656 1955 4714 hoc
1981 4659 2122 4715 veri-

512 4743 699 4800 simile
737 4743 808 4799 sit
844 4742 1053 4800 l‘actum
1099 4759 1241 4813 esse,
1270 4755 1336 4801 et
1357 4745 1580 4801 tertiam
1609 4745 1806 4802 horam
1852 4747 2119 4819 scriptam

516 4846 638 4889 esse
677 4832 848 4889 etiam
893 4832 1044 4903 apud
1088 4838 1387 4903 Joannem,
1438 4844 1494 4890 et
1530 4850 1645 4891 non
1693 4843 1925 4907 sextam,
1978 4836 2121 4893 sicut

512 4937 690 4990 nunc,
721 4920 1081 4977 manifestum
1109 4921 1236 4979 hinc
1265 4931 1365 4980 est.
1395 4926 1540 4980 Nam
1583 4940 1709 4979 cum
1736 4933 1855 4981 tres
1881 4941 2119 4994 evange-

511 5010 674 5081 lista,
732 5010 1050 5081 Matthaaus,
1108 5014 1329 5068 Marcus
1384 5020 1441 5069 et
1513 5015 1691 5069 Lucas
1755 5024 2119 5071 consonanter

511 5100 700 5159 dicant
727 5101 877 5174 quod
923 5124 950 5151 α
981 5117 1012 5158 a
1054 5110 1207 5157 sexta
1235 5101 1372 5158 hora
1398 5102 1638 5159 tenebrae
1672 5102 1832 5160 factae
1873 5112 2006 5160 sunt
2028 5121 2116 5160 su-

509 5206 608 5263 per
637 5190 952 5247 universam
984 5200 1189 5247 terram
1215 5207 1388 5262 usque
1415 5191 1485 5247 ad
1515 5191 1711 5247 horam
1753 5190 1979 5249 nonam
2003 5193 2050 5260 θ,
2087 5217 2111 5244 ι

506 5278 862 5337 manifestum
893 5280 1049 5353 quod
1081 5281 1354 5337 Dominus
1384 5288 1574 5336 noster
1601 5289 1726 5337 ante
1771 5292 1984 5339 sextam
2014 5284 2117 5338 ho-

506 5384 648 5436 ram,
710 5371 1032 5442 priusquam
1102 5368 1301 5425 fierent
1348 5369 1616 5437 tenebrae,
1682 5371 1973 5429 cruciﬁxus
2018 5374 2110 5442 sit,

506 5457 712 5514 scilicet
744 5459 962 5515 circiter
985 5459 1182 5515 horam
1210 5459 1457 5527 tertiam,
1487 5460 1628 5516 sicut
1659 5463 1880 5517 Marcus
1908 5462 2110 5533 prodit,

506 5552 563 5602 et
608 5547 848 5603 Joannes
899 5547 1179 5618 similiter,
1230 5549 1481 5621 quamvis
1537 5549 1898 5606 scribentium
1954 5566 2114 5608 error

574 5723 599 5759 ³
621 5724 763 5782 Psal.
795 5740 1017 5792 vam,
1049 5731 1139 5783 27.
1215 5726 1239 5766 ³
1262 5727 1409 5785 Psal.
1439 5743 1619 5798 cvm,
1653 5733 1743 5787 16.

1845 5728 1868 5765 ⁴
1899 5733 2070 5790 Marc.
2100 5738 2308 5803 xv,25.

2230 3208 2357 3295 τελῆ
2373 3243 2389 3298 ;
2423 3221 2515 3282 καὶ
2539 3220 2736 3294 στολὴ,
2763 3208 2857 3280 καὶ
2886 3219 3054 3302 τροφὴ
3072 3265 3088 3295 ,
3119 3218 3212 3279 καὶ
3241 3208 3384 3287 οἶκος
3404 3262 3421 3291 ,
3455 3219 3547 3278 καὶ
3592 3217 3710 3277 οὐδὲ
3739 3208 3834 3278 οἶ·-

2228 3334 2351 3387 κος;
2384 3312 2526 3373 Ἀλλ’
2556 3308 2602 3369 ὧ
2631 3314 2724 3382 τῆς
2755 3310 3035 3390 ἀνανδρίας
3072 3316 3163 3370 τοῦ
3195 3306 3471 3369 Πιλάτουι
3506 3307 3833 3367 κινδυνεύειν

2227 3401 2572 3480 νομίσαντος,
2615 3403 2662 3459 εἰ
2705 3398 2932 3479 περιίδοι
2975 3397 3225 3471 τοιαύτην
3274 3399 3519 3458 ὑπόθεσιν
3573 3396 3834 3465 ἀνεξέτα-

2229 3513 2375 3553 στον.
2409 3489 2726 3570 Ἐξέρχεται
2759 3486 2891 3565 μὲν,
2938 3491 3008 3555 ὡς
3038 3487 3298 3557 ἐξετάσων
3347 3486 3409 3546 τὸ
3459 3495 3690 3568 πρᾶγμα
3722 3487 3834 3564 (τὸ

2226 3579 2328 3660 γὰρ
2389 3582 2610 3639 καθίσαι
2662 3583 2819 3639 τοῦτο
2866 3576 3110 3657 ἐδήλου),
3168 3575 3416 3654 οὐδεμίαν
3473 3576 3527 3635 δὲ
3585 3575 3829 3644 ἐξέτασιν

2224 3669 2616 3748 ποιησάμενος,
2657 3667 3021 3748 παραδίδωσιν
3063 3666 3253 3741 αὐτὸν,
3302 3668 3527 3742 νομίζων
3560 3666 3828 3739 δυσωπή-

2226 3782 2336 3819 σειν
2391 3758 2598 3827 αὖτούς.
2652 3760 2782 3825 Πῶς
2814 3755 2868 3815 δὲ
2920 3761 3012 3816 τοῦ
3066 3756 3291 3837 Μάρκου
3342 3755 3586 3833 λέγοντος
3635 3754 3831 3834 τρίτην

2225 3847 2369 3929 ὥραν
2400 3840 2569 3922 εἶναι,
2602 3848 2688 3906 ὅτε
2735 3850 2764 3904 6
2810 3845 3039 3929 X91036:
3093 3849 3446 3926 ἐσταυροῦτο,
3494 3848 3523 3903 6
3564 3844 3833 3920 Ἰωάννης

2225 3925 2381 4010 ἕκτην
2427 3936 2590 4019 φησί;
2629 3925 2877 3997 Λύουσιν
2908 3925 2997 3994 οὖν
3036 3941 3210 4009 τοῦτο,
3257 3925 3393 4003 τινὲς
3426 3931 3548 4012 μὲν,
3574 3933 3656 3993 ὅτι
3682 3957 3833 4014 γρα-

2224 4026 2375 4108 φικὸν
2404 4026 2466 4086 τὸ
2491 4028 2734 4108 σφάλμω
2764 4024 2826 4085 τὸ
2855 4021 2951 4103 μὲν
2979 4023 3083 4104 γὰρ
3112 4024 3308 4104 γάμμα
3337 4025 3441 4097 τὴν.
3466 4022 3645 4104 τρίτην
3675 4023 3830 4103 ὥραν

2223 4116 2515 4195 σημαίνει,
2555 4114 2650 4176 καὶ
2678 4114 2822 4175 ἔστιν
2868 4119 2897 4175 6
2928 4114 3212 4195 χαρακτὴρ
3243 4115 3406 4174 αὐτοῦ
3435 4119 3670 4182 τοιοῦτος
3689 4157 3705 4187 ,
3736 4115 3830 4174 Γ”

2222 4204 2284 4263 τὸ
2315 4206 2369 4266 δὲ
2397 4204 2722 4281 καλούμενον
2754 4204 3015 4281 ἐπίσημον
3037 4249 3055 4277 ,
3086 4202 3182 4275 τὴν
3213 4203 3408 4277 ἕκτην,
3449 4203 3545 4264 καὶ
3579 4202 3691 4283 ἔχει
3732 4203 3829 4265 τὸν

2222 4300 2543 4375 χαρακτῆρα
2573 4296 2773 4354 τοιόνδε
2796 4341 2813 4369 ,
2849 4292 2955 4371 ς’.
3008 4292 3170 4361 Εἰκὸς
3221 4284 3310 4355 οὖν
3341 4292 3401 4352 τὸ
3430 4293 3626 4373 γάμμα
3673 4315 3829 4352 στοι-

2221 4392 2363 4465 χεῖον
2396 4385 2502 4445 ἀπὸ
2540 4389 2633 4457 τῆς
2666 4382 2982 4464 ἆπροσεξίας
3031 4386 3136 4443 τῶν
3178 4383 3634 4464 μεταγραφόντων
3676 4406 3828 4463 κυρ-

2228 4477 2486 4545 τωθείσης
2540 4478 2635 4546 τῆς
2678 4472 3079 4553 ἀποτεταμένης
3125 4471 3327 4541 εὐθείας
3377 4477 3449 4541 εἰς
3500 4478 3699 4551 μῆκος,
3748 4474 3830 4541 εἰς

2223 4563 2310 4622 τὸν
2334 4570 2424 4624 τοῦ
2455 4565 2719 4643 ἐπισήμου
2752 4567 3139 4645 μεταχωρῆσαι
3175 4567 3527 4643 χαρακτῆρα,
3559 4561 3651 4622 καὶ
3684 4560 3830 4622 οὕτω

2223 4657 2318 4726 τὴν
2360 4654 2569 4725 πλάνην
2619 4653 2821 4727 ταύτην
2870 4653 3136 4734 γενέσθαι.
3181 4650 3315 4713 Ὅτι
3372 4650 3430 4711 δὲ
3479 4657 3636 4711 τοῦτο
3682 4650 3831 4719 εἰκὸς

2221 4741 2495 4823 γενέσθαι,
2546 4742 2639 4802 καὶ
2683 4744 2865 4825 τρίτην
2913 4742 3057 4822 ὥραν
3110 4742 3510 4824 ἀναγράφεσθαι
3550 4741 3641 4800 καὶ
3669 4741 3829 4819 παρὰ

2222 4836 2298 4911 τῷ
2332 4832 2588 4913 Ἰωάννῃ,
2622 4833 2742 4892 ἀλλ’
2777 4833 2897 4914 οὐχὶ
2934 4832 3095 4906 ἕκτην
3145 4830 3329 4911 ὥσπερ
3383 4835 3505 4903 νῦν,
3537 4832 3697 4902 δῆλον
3731 4832 3830 4889 ἐν-

2224 4926 2424 4981 τεῦθεν.
2461 4924 2585 4982 Τῶν
2616 4921 2718 5003 γὰρ
2765 4926 2926 5004 τριῶν
2969 4923 3394 5002 εὖαγγελιστῶν,
3427 4926 3517 4979 τοῦ
3547 4942 3604 4978 τε
3651 4922 3829 4979 Ματι-

2223 5009 2405 5087 θαίου,
2436 5012 2528 5070 καὶ
2557 5016 2651 5071 τοῦ
2700 5011 2963 5091 Μάρκου,
2999 5011 3090 5070 καὶ
3141 5016 3234 5069 τοῦ
3287 5014 3475 5075 Λουκᾶ
3521 5006 3830 5089 συμφώνως

2223 5101 2512 5178 λεγόντων,
2576 5103 2649 5167 ὡς
2697 5099 2802 5160 ἀπὸ
2853 5099 3009 5172 ἕκτης
3058 5097 3203 5179 ὥρας
3251 5100 3439 5165 σκότος
3488 5099 3695 5176 ἐγένετο
3739 5097 3830 5179 ἐφ’

2221 5189 2348 5262 ὅλην
2382 5190 2477 5261 τὴν
2505 5193 2645 5265 γῆν,
2691 5189 2789 5257 ἕως
2833 5189 2977 5269 ὥρας
3019 5187 3274 5263 ἐννάτης,
3319 5188 3620 5267 πρόδηλον,
3671 5190 3741 5252 ὣς
3796 5190 3831 5247 6

2226 5278 2417 5356 Κύριος
2446 5281 2600 5355 ἡμῶν
2640 5278 2763 5359 πρὸ,
2784 5283 2877 5349 τῆς
2915 5278 3073 5349 ἕκτης
3103 5275 3274 5360 ᾤρας,
3318 5277 3424 5358 πρὸ
3451 5282 3546 5336 τοῖ’,
3577 5277 3825 5355 γενέσθαι

2220 5368 2281 5426 τὸ
2312 5368 2514 5441 σκότος,
2547 5367 2886 5446 ἐσταύρωτο,
2916 5368 3123 5439 δηλαδή
3154 5365 3294 5426 κατὰ
3317 5366 3412 5437 τὴν
3436 5367 3616 5446 τρίτην
3649 5363 3826 5444 ὥραν,

2218 5457 2288 5523 ὡς
2317 5459 2345 5513 6
2377 5458 2595 5537 Μάρκος
2635 5480 2692 5514 τε
2727 5457 3014 5537 ἱστόρησε,
3065 5456 3159 5515 καὶ
3210 5459 3238 5515 6
3282 5454 3539 5527 Ἰωάννης
3588 5454 3828 5531 ὁμοίως,

2218 5546 2265 5603 εἷ
2293 5543 2385 5604 καὶ
2405 5549 2438 5616 ἡ
2468 5546 2645 5620 πλάνη
2679 5548 2782 5605 τῶν
2824 5544 3135 5628 γραφόντων
3183 5544 3247 5604 16
3293 5545 3490 5624 γάμμα
3520 5543 3825 5623 μετέθηκεν

2406 5733 2428 5771 ⁵
2454 5734 2620 5792 Joan.
2655 5747 2790 5806 χιχ,
2819 5739 2914 5792 27.
3024 5733 3052 5774 ⁶
3074 5733 3278 5793 Matth.
3308 5747 3512 5803 xxvn,
3538 5737 3630 5789 45.
