4128 6432
339 445 441 500 269

1128 442 1520 501 ENARRATIO
1558 444 1626 502 IN
1661 443 2102 502 EVANGELIUM
2135 444 2438 504 JOANNIS.
2474 475 2549 489 —
2573 445 2723 504 CAP.
2765 446 2907 507 XIX.

3556 451 3663 506 270

339 570 413 634 εἰς
453 564 546 626 τὸν
599 570 692 626 τοῖ’»
752 567 1023 644 ἐπισήμου
1081 573 1423 649 χαρακτῆρα.
1504 568 1661 638 Τινὲς
1718 570 1814 648 μὲν
1867 562 1953 631 οὖν

2066 572 2360 630 mutaverit
2385 587 2608 645 gamma
2645 571 2705 628 in
2729 569 2957 646 episemi
2983 549 3388 631 characterem.
3417 576 3491 631 Et
3523 591 3664 632 non-

338 659 483 716 οὕτω
512 655 700 717 λύουσι
727 661 913 720 τοῦτο.
939 656 1154 736 Ἕτεροι
1181 658 1238 718 δέ
1263 682 1456 738 φασιν,
1489 658 1570 718 ὅτι
1591 663 1618 719 6
1651 660 1750 736 μὲν
1783 660 1953 742 Μάρ-

339 771 431 814 κος
461 745 559 817 τὴν
590 745 741 825 ὥραν
774 751 872 818 τῆς
918 747 1266 828 ἀποφάσεως,
1296 753 1389 820 τῆς
1421 749 1543 829 περὶ
1576 755 1668 808 τοῦ
1701 774 1953 833 σταυρω-

340 841 504 908 θῆναι
554 837 643 894 τὸν
678 836 908 921 Κύριον,
960 836 1219 896 ἐκτίθεται
1265 841 1445 920 σαςρῶς
1493 839 1586 897 καὶ
1645 841 1953 921 ἀναμφιϐό-

341 929 468 992 λως.
520 925 683 986 Ἐπεὶ
725 916 815 984 οὖν
843 923 1025 986 ἔκτοτε
1068 916 1374 1010 σταυρῶσαι
1416 928 1510 987 καὶ
1547 916 1855 1010 τιμωρῆσαι
1904 931 1952 990 οἱ

345 1015 598 1075 δικασταὶ
629 1015 910 1092 λέγονται,
946 1018 1038 1096 ἀφ’
1070 1007 1132 1074 οἷ
1156 1016 1253 1086 τὴν
1287 1016 1554 1097 ἀπόφασιν
1601 1007 1951 1098 ἐξενέγκωσι,

350 1105 437 1166 διὰ
465 1104 529 1164 τὸ
557 1105 656 1174 τὴν
689 1105 912 1182 δύναμιν
943 1112 1038 1177 τῆς
1071 1107 1332 1186 τιμωρίας
1362 1107 1455 1165 καὶ
1500 1112 1592 1166 τοῦ
1640 1109 1866 1169 Θανάτου
1897 1111 1950 1168 ἐν

356 1203 474 1261 ταῖς
518 1193 785 1272 γλώσσαις
831 1199 1140 1266 κεκτῆσθαιο
1198 1196 1380 1257 τούτου
1433 1197 1594 1277 χάριν
1647 1201 1676 1257 6
1731 1200 1951 1277 Μάρκος

358 1289 426 1363 τῇ
467 1284 611 1364 τρίτῃ
658 1282 772 1366 ὥρᾳ
821 1290 1198 1363 σταυρωθῆναι
1252 1287 1406 1346 αὐτὸν
1457 1288 1640 1365 λέγει,
1676 1287 1767 1370 ἀφ’
1815 1281 1878 1362 ἧς
1923 1291 1952 1348 6

352 1375 587 1441 Πιλάτος
633 1373 731 1445 τὴν
775 1374 1046 1456 ἀπόφασιν
1099 1375 1395 1454 ἐξήνεγκεν.
1452 1375 1708 1451 Ἰωάννης
1754 1377 1847 1458 δὲ,
1881 1382 1952 1448 ὣς

344 1464 625 1541 εἰρηκότος
671 1469 765 1523 τοῦ
823 1465 1054 1544 Μάρκου
1100 1466 1192 1525 τὸν
1227 1465 1411 1547 καιρὸν
1457 1471 1551 1538 τῆς
1593 1467 1949 1548 ἀποφάσεως,

343 1555 506 1622 αὐτὸς
531 1553 629 1625 τὴν
659 1553 802 1632 ὥραν
824 1599 841 1632 ,
887 1559 940 1614 ἐν
1051 1552 1141 1613 τὸν
1178 1546 1372 1636 Κύριον
1409 1546 1755 1638 ἐσταύρωσαν
1776 1606 1792 1632 ,
1831 1559 1951 1641 ἔφη·

343 1646 464 1703 ἐπεὶ
499 1644 594 1702 καὶ
622 1644 844 1716 σκόπει,
874 1642 1020 1702 πόσα
1053 1643 1248 1718 μεταξὺ
1272 1649 1366 1717 τῆς
1396 1645 1545 1726 παρὰ
1576 1652 1672 1706 τοῦ
1710 1648 1952 1710 Πιλάτου

343 1735 480 1819 περὶ
502 1741 599 1794 τοῦ
632 1737 854 1812 σταυροῦ
885 1733 1233 1814 ἀποφάσεως,
1280 1734 1372 1793 καὶ
1416 1739 1511 1808 τῆς
1541 1734 1684 1817 ὥρας
1720 1739 1955 1819 ταύτης,

344 1825 400 1881 ἓν
532 1824 604 1891 είς
633 1824 721 1883 τὸν
772 1813 1013 1902 σταυρὸν
1049 1828 1078 1884 6
1133 1824 1328 1904 Κύριος
1363 1825 1528 1900 ἀνέϐη
1551 1871 1568 1899 ,
1593 1813 1949 1906 πέπρακται.

2061 663 2196 719 nulli
2215 662 2437 734 quidem
2463 663 2540 718 sic
2565 662 2775 719 dicunt.
2807 662 2914 719 Alii
2938 670 3126 719 autem
3160 662 3312 719 aiunt
3331 664 3482 736 quod
3509 669 3660 722 Mar-

2059 768 2156 809 cus
2181 752 2405 824 quidem
2439 752 2637 809 horam
2664 769 2772 825 qua
2812 753 2923 810 lata
2962 761 3046 809 est
3072 753 3347 809 sententia
3385 753 3454 811 de
3481 755 3656 811 cruci-

2060 841 2277 915 ﬁgendo
2335 841 2600 911 Domino,
2646 841 2931 916 manifeste
2969 851 3025 899 et
3068 841 3274 916 absque
3318 843 3661 901 dubitatione

2059 941 2262 1004 ponat:
2293 933 2481 1005 utique
2501 933 2628 1006 quia
2651 932 2969 1005 cruciﬁgere
3001 941 3058 990 et
3093 933 3289 1006 punire
3323 933 3393 989 ab
3415 949 3480 990 eo
3509 942 3660 990 tem-

2062 1037 2196 1094 pore
2227 1023 2441 1094 judices
2477 1022 2760 1092 dicuntur,
2802 1039 2913 1096 quo
2963 1023 3294 1080 sententiam
3347 1023 3657 1095 proferunt,

2060 1127 2126 1169 eo
2176 1113 2328 1186 quod
2372 1113 2454 1170 vis
2510 1129 2692 1186 poenae
2731 1121 2788 1170 et
2830 1113 3025 1170 mortis
3068 1113 3124 1169 in
3191 1111 3390 1186 linguis
3441 1130 3664 1186 quoque

2059 1201 2147 1259 sit.
2204 1203 2334 1275 Ejus
2382 1203 2554 1276 gratia
2591 1205 2813 1260 Marcus
2849 1203 3008 1259 tertia
3060 1203 3199 1260 hora
3253 1203 3501 1275 cruciﬁgi
3530 1219 3659 1260 eum

2060 1290 2215 1360 dicit,
2261 1308 2293 1348 a
2342 1309 2451 1366 qua
2481 1293 2692 1351 Pilatus
2739 1293 3071 1350 sententiam
3114 1293 3387 1366 exposuit.
3416 1295 3661 1350 Joannes

2059 1390 2265 1452 autem,
2298 1399 2427 1440 cum
2463 1386 2683 1440 Marcus
2714 1382 2940 1440 dixisset
2974 1391 3194 1456 tempus
3221 1383 3529 1452 sententiae,
3560 1383 3662 1440 bo-

2060 1487 2180 1528 ram
2231 1473 2289 1528 in
2351 1488 2460 1545 qua
2497 1473 2804 1531 Dominum
2850 1473 3245 1530 cruciﬁxerunt
3288 1472 3442 1530 dicit.
3490 1475 3664 1530 Caete-

2062 1576 2212 1628 rum,
2268 1561 2555 1619 considera
2611 1571 2818 1636 quanta
2855 1572 2974 1620 acta
3007 1563 3121 1619 sint
3155 1562 3302 1619 inter
3335 1563 3665 1620 sententiam

2063 1666 2094 1705 a
2133 1650 2307 1708 Pilato
2344 1651 2412 1710 de
2451 1668 2632 1719 cruce,
2665 1661 2722 1709 et
2747 1651 2942 1709 horam
2973 1653 3150 1725 ipsam
3204 1652 3262 1708 in
3307 1670 3411 1726 qua
3455 1655 3513 1710 in
3538 1670 3665 1710 cru-

2064 1756 2186 1796 cem
2253 1742 2532 1798 Dominus
2590 1741 2854 1798 ascendit.
2913 1743 3056 1798 Cum
3110 1741 3407 1798 dimisisset
3463 1743 3666 1800 Barab-

2065 1828 2230 1900 bam,
2288 1830 2585 1904 ﬁagellavit
2644 1835 2856 1900 Jesum,
2909 1840 2966 1888 et
3021 1829 3254 1887 tradidit
3302 1832 3383 1888 eis
3431 1840 3494 1888 ut
3545 1849 3666 1890 cru-

344 1911 650 1980 Ἀπολύσας
677 1913 765 1971 τὸν
815 1913 1145 1992 Βαραϐϐᾶν,
1179 1911 1554 1994 ἐφραγέλλωσε
1587 1916 1675 1974 τὸν
1724 1917 1952 1998 Ἰησοῦν,

2066 1919 2398 1992 ciﬁgeretur.
2471 1923 2614 1976 Nam
2682 1921 2948 1977 Barabbae
3028 1919 3277 1976 dimissio
3331 1921 3666 1979 condemna-

345 2004 437 2061 καὶ
467 2003 752 2080 παρέδωκε
784 2001 998 2070 πάντως
1028 2003 1185 2062 αὐτὸν
1218 2005 1290 2070 εἰς
1333 2003 1394 2062 τὸ
1441 2010 1834 2084 σταυρωθῆναι.
1883 2007 1952 2070 Ἡ

342 2093 449 2171 γὰρ
493 2099 586 2152 τοῦ
623 2091 885 2172 Βαραϐϐᾶ
917 2095 1176 2160 ἀπόλυσις
1231 2093 1541 2175 κατάκρισις
1599 2086 1662 2168 ἦν
1703 2101 1794 2154 τοῦ
1839 2100 1953 2158 Κυ-

348 2184 487 2260 ρίου.
527 2182 921 2259 Ἐμπαίζουσιν
953 2185 1000 2241 οἱ
1053 2187 1395 2262 στρατιῶταιο
1439 2185 1532 2243 καὶ
1582 2184 1805 2259 σκόπει,
1849 2190 1953 2248 πό-

348 2295 437 2338 σος
463 2271 658 2352 χρόνος
695 2273 942 2345 ἀνηλώθη
978 2271 1040 2331 ἂν
1071 2274 1144 2341 εἷς
1181 2271 1268 2333 τὸν
1299 2272 1576 2354 φιλότιμον
1621 2276 1944 2355 ἐμπαιγμόν.

345 2361 670 2441 Ἐξήνεγκεν
699 2361 858 2420 αὐτὸν
891 2366 920 2421 6
953 2362 1221 2440 Πιλάτος,
1254 2363 1347 2422 καὶ
1378 2362 1626 2444 διελέχθη
1660 2366 1767 2432 τοῖς
1807 2367 1948 2426 Ἰου-

346 2452 537 2518 δαίοις·
579 2452 744 2510 πάλιν
790 2451 1042 2512 εἰσελθὼν
1083 2452 1354 2532 ἀνακρίνει
1387 2451 1475 2511 τὸν
1513 2456 1744 2525 Ἰησοῦν·
1790 2455 1952 2516 πάλιν

345 2540 574 2609 ἐξελθὼν
632 2542 943 2619 διαλέγεται
987 2550 1095 2611 τοῖς
1159 2541 1459 2609 Ἰουδαίοις.
1530 2545 1720 2603 Ταῦτα
1775 2545 1952 2605 πάντα

341 2631 508 2690 ἱκανὰ
556 2622 622 2702 ἦν
656 2633 934 2690 ἀναλῶσαι
965 2632 1053 2690 τὸν
1104 2631 1211 2692 ἀπὸ
1255 2635 1350 2703 τῆς
1396 2632 1576 2711 τρίτης
1632 2631 1774 2715 ὥρας
1825 2634 1954 2715 ἄχρι

343 2725 441 2792 τῆς
473 2721 636 2794 ἕκτης
665 2719 876 2800 χρόνον,
909 2720 1048 2802 ἅπερ
1085 2720 1337 2794 Ἰωάννης
1376 2722 1650 2800 ἐκθέμενος
1685 2723 1951 2805 ἀκριϐῶς,

345 2812 441 2872 ἅτε
483 2821 622 2870 πᾶσι
652 2811 1180 2892 παρηκολουθηκὼς,
1227 2816 1323 2884 τῆς
1352 2812 1509 2884 ἕκτης
1558 2810 1701 2894 ὥρας
1742 2838 1954 2892 μνημο-

342 2901 515 2976 νεύει,
551 2900 641 2961 ὅτε
671 2901 763 2960 καὶ
799 2902 1110 2981 παρέδωκεν
1156 2902 1320 2961 αὐτὸν
1373 2901 1620 2974 τελείως,
1658 2901 1746 2962 ἵνα
1787 2927 1954 2963 σταυ-

348 2997 492 3073 ρωθῇ
515 3036 533 3063 ,
565 2993 664 3050 οὐκ
707 2991 788 3050 ἔτι
818 2991 1189 3069 διαλεγόμενος
1234 2993 1343 3059 τοῖς
1392 2992 1705 3065 Ἰουδαίοις,
1759 2992 1794 3065 ἢ
1827 2998 1954 3052 ἀνα-

346 3085 541 3162 κρίνων
571 3083 664 3141 τὸν
695 3081 906 3151 Ἰησοῦν
931 3128 946 3159 ,
983 3080 1124 3140 ἀλλὰ
1157 3081 1253 3154 τὴν
1305 3082 1644 3154 τελειοτάτην
1679 3081 1952 3164 ἀπόφασιν

2065 2009 2145 2065 tio
2193 2009 2364 2082 749
2391 2019 2511 2066 erat
2541 2011 2790 2066 Domini.
2859 2009 3102 2067 llludunt
3143 2009 3369 2078 milites,
3428 2019 3485 2068 et
3542 2011 3666 2070 vide

2064 2107 2338 2171 quantum
2358 2101 2627 2172 temporis
2655 2100 2865 2155 insumi
2888 2101 3128 2172 potuerit
3153 2099 3222 2155 ad
3254 2100 3519 2171 majorem
3543 2100 3666 2157 illu-

2063 2188 2294 2245 sionem.
2322 2188 2527 2246 Eduxit
2545 2205 2675 2246 eum
2702 2190 2933 2259 Pilatus,
2960 2197 3016 2245 et
3041 2190 3258 2246 locutus
3275 2207 3405 2246 cum
3432 2190 3661 2248 Judaais.

2061 2280 2273 2334 Iterum
2319 2279 2598 2351 ingressus
2628 2278 2891 2352 dijudicat
2923 2281 2956 2336 J
2963 2295 3146 2351 esum,
3185 2279 3386 2336 iterum
3416 2295 3668 2352 egressus

2063 2367 2304 2439 loquitur
2325 2384 2454 2424 cum
2477 2367 2703 2424 Judaeis.
2738 2370 2874 2425 Haec
2902 2369 3088 2424 omnia
3112 2368 3466 2425 sufﬁciebant
3484 2369 3555 2426 ad
3578 2369 3665 2426 in-

2060 2457 2394 2514 sumendum
2421 2465 2640 2528 tempus
2665 2457 2735 2513 ad
2755 2457 2889 2512 hora
2921 2457 3078 2514 tertia
3107 2474 3283 2530 usque
3311 2458 3384 2514 ad
3409 2467 3624 2515 sextam
3648 2479 3662 2516 :

2063 2562 2188 2618 quae
2206 2547 2450 2602 Joannes
2478 2561 2761 2618 exponens
2797 2545 3106 2619 diligenter,
3134 2554 3326 2618 utpote
3371 2547 3467 2618 qui
3487 2547 3668 2603 omni-

2061 2635 2164 2691 bus
2184 2635 2495 2692 individuus
2514 2651 2700 2692 comes
2723 2635 2984 2704 adiuerit,
3016 2636 3170 2692 horae
3199 2644 3367 2693 sextae
3391 2635 3662 2707 meminit,

2063 2725 2289 2798 quando
2317 2733 2370 2781 et
2396 2725 2619 2783 tradidit
2635 2741 2766 2782 eum
2795 2724 3039 2797 perfecte
3064 2733 3127 2781 ut
3152 2726 3526 2798 cruciﬁgatur,
3552 2743 3668 2783 non

2062 2816 2205 2872 ultra
2253 2816 2484 2888 loquens
2531 2833 2662 2872 cum
2689 2815 2920 2883 Judaeis,
2973 2815 3059 2871 vel
3110 2813 3423 2890 dijudicans
3449 2819 3666 2887 Jesum,

2064 2904 2161 2961 sed
2185 2913 2491 2961 extremam
2519 2906 2581 2960 in
2621 2921 2753 2962 eum
2783 2904 3070 2977 proferens
3097 2906 3450 2963 sententiam.
3481 2907 3540 2964 Si
3568 2923 3668 2966 au-

2064 3001 2180 3050 tem
2228 2994 2357 3067 quis
2391 2995 2560 3064 dicat,
2607 2997 2789 3066 Quare
2816 2995 3033 3052 circiter
3062 2995 3258 3052 horam
3289 2996 3509 3053 tertiam
3538 3013 3666 3054 cum

2064 3083 2279 3140 dicatur
2315 3084 2581 3156 cruciﬁgi,
2609 3085 2728 3140 vult
2754 3085 2954 3140 iterum
3000 3085 3207 3142 absolvi
3243 3085 3438 3142 illum?
3493 3086 3670 3142 discat

345 3170 466 3231 κατ’
517 3173 682 3231 αὐτοῦ
731 3169 1040 3250 ἐξενεγκὼν.
1105 3173 1172 3232 Εἰ
1228 3171 1285 3230 δέ
1314 3195 1390 3240 τις
1442 3173 1610 3252 λέγει’
1661 3171 1772 3233 Καὶ
1819 3173 1953 3242 τίνος

2067 3173 2303 3245 primum
2337 3174 2567 3246 quidem
2587 3213 2604 3242 ,
2627 3173 2777 3247 quod
2806 3191 2837 3230 a
2867 3173 3225 3231 multitudine
3253 3183 3478 3231 coactus
3515 3173 3669 3232 dedit

344 3261 524 3321 ἕνεκεν
564 3260 708 3319 κατὰ
742 3259 842 3331 τὴν
893 3259 1079 3341 τρίτην
1111 3261 1253 3338 ὥραν
1276 3306 1292 3333 ,
1325 3268 1396 3328 ὼς
1425 3262 1594 3341 λέγεις
1617 3307 1634 3333 ,
1676 3263 1954 3344 ἀποφηνά-

347 3374 504 3428 μενος
535 3354 946 3431 σταυρωθῆναι,
977 3350 1138 3409 πάλιν
1173 3350 1424 3410 ἐϐούλετο
1456 3355 1726 3410 ἀπολῦσαι
1759 3352 1952 3426 «om;

348 3440 663 3515 μανθανέτω
709 3441 923 3514 πρῶτον
969 3440 1097 3518 μὲν,
1147 3439 1227 3498 ὅτι
1273 3439 1376 3499 ὑπὸ
1425 3446 1516 3500 τοῦ
1562 3441 1795 3514 πλήθους
1827 3445 1953 3521 βιαη

354 3530 526 3603 σθεὶς,
549 3528 691 3587 ἔθετο
723 3530 818 3599 τὴν
853 3527 1146 3609 ἀπόφασιν·
1191 3527 1380 3589 ἔπειτα
1410 3530 1604 3613 καὶ
1651 3531 1836 3613 ὀνείρῳ
1858 3535 1952 3602 τῆς

356 3616 615 3695 γυναικὸς
657 3618 903 3678 αἱνίττετο
1159 3618 1456 3699 ἐνύττετο]·
1516 3611 1582 3693 ἦν
1647 3611 1770 3701 γὰρ
1805 3611 1950 3700 αὐτῷ

357 3704 669 3781 μηνύσασα·
698 3728 727 3764 σ
751 3707 931 3781 Μηδὲν
963 3706 1048 3766 σοὶ
1073 3706 1165 3766 καὶ
1195 3713 1272 3789 τῷ
1303 3709 1494 3790 δικαίῳ
1526 3707 1715 3790 τούτῳ.
1745 3737 1770 3762 ι·
1812 3709 1950 3790 ,Ἐπὶ

357 3806 498 3854 πᾶσι
527 3796 580 3854 δὲ
613 3797 803 3865 τούτοις
825 3843 842 3871 ,
866 3797 1056 3858 σκόπει
1082 3798 1173 3856 καὶ
1211 3797 1300 3856 τὸν
1323 3799 1575 3872 Ἰωάννην
1593 3846 1608 3875 ,
1640 3803 1754 3866 πῶς
1789 3789 1948 3860 εἶπεν·

369 3907 400 3942 α
424 3884 568 3964 Ὦρα
601 3875 663 3958 ἦν
691 3888 818 3946 ὡσεὶ
843 3887 994 3960 ἕκτη.
1025 3915 1050 3942 ι
1083 3891 1200 3947 Οὐκ
1227 3876 1343 3947 εἶπε
1374 3889 1503 3970 γὰρ,
1529 3888 1676 3970 Ὥρα
1705 3881 1772 3962 ἦν
1805 3889 1951 3964 ἕκτη,

354 3976 424 4040 ὣς
463 3974 919 4056 ἀποθραινόμενος,
975 3978 1094 4036 ἀλλ’
1140 3981 1209 4043 ὡς
1251 3979 1602 4049 ἐπιδιστάζων
1648 3978 1739 4039 καὶ
1787 3981 1951 4058 ἀμφι-

350 4067 554 4142 γνοῶν,
621 4065 839 4126 (ι⁶Ωσεὶ
887 4065 1034 4140 ἕκτη.
1081 4095 1104 4119 ο
1167 4064 1337 4127 Ὥστε
1387 4068 1536 4128 οὐδὲν
1592 4070 1778 4129 διοίσει
1828 4070 1952 4147 ὑμῖν

491 4157 662 4234 ἡμῖν]
696 4155 759 4214 τὸ
804 4157 930 4235 περὶ
976 4161 1072 4228 τῆς
1119 4155 1261 4236 ὥρας
1308 4158 1589 4238 φαίνεσθαι
1648 4158 1724 4236 μὴ
1777 4160 1951 4232 πάντη

342 4245 735 4324 συντρέχοντας
822 4247 1072 4317 ἀλλήλοις
1151 4245 1272 4326 τοὺς
1357 4247 1736 4326 εὖαγγελιστὰς
1758 4293 1776 4324 ,
1845 4249 1951 4308 εἴτε

340 4332 362 4414 [
464 4333 518 4392 εἴ
545 4335 1096 4446 γελωγιωρρίημεν
1127 4325 1265 4446 εἶναι
1296 4337 1612 4446 διαφωνίαν.
1647 4341 1822 4446 Τρῗτο
1848 4337 1951 4446 γαρ

2062 3264 2429 3331 sententiam;
2489 3263 2683 3320 deinde
2726 3280 2762 3320 a
2823 3264 3046 3320 somnio
3111 3264 3355 3321 mulieris
3399 3264 3669 3336 impulsus

2062 3352 2249 3409 fuerit.
2281 3353 2588 3410 Nuntiabat
2632 3361 2818 3410 autem
2839 3352 2928 3408 illa
2957 3353 3032 3423 ei,
3064 3375 3090 3401 ‹‹
3131 3353 3282 3409 Nihil
3323 3353 3418 3410 tibi
3439 3360 3495 3410 et
3515 3354 3668 3427 justo

2063 3441 2218 3498 huic.
2261 3466 2287 3492 ιο
2317 3445 2548 3515 Insuper
2576 3442 2869 3499 considera
2896 3449 2953 3498 et
2982 3443 3255 3498 Joannem
3284 3442 3490 3500 dixisse
3518 3443 3670 3516 quod

2065 3555 2090 3580 α
2133 3530 2295 3588 fuerit
2327 3531 2461 3587 hora
2498 3531 2673 3588 ferme
2701 3540 2877 3598 sexta,
2910 3554 2935 3580 υ
2967 3533 3123 3603 quasi
3145 3547 3258 3588 non
3286 3530 3570 3602 deﬁniens,
3613 3539 3670 3589 et

2060 3620 2115 3676 in
2135 3619 2393 3693 ambiguo
2421 3621 2734 3693 relinquens
2753 3619 2913 3688 dixit,
2945 3644 2972 3670 α
3015 3619 3187 3677 ferme
3212 3629 3382 3677 sexta.
3422 3645 3446 3671 ››
3490 3625 3560 3678 Et
3589 3621 3666 3680 ita

2061 3709 2198 3765 nihil
2243 3709 2509 3777 intererit,
2559 3710 2708 3781 quod
2746 3710 2812 3766 de
2841 3709 2977 3765 hora
3006 3725 3120 3765 non
3149 3709 3403 3766 videntur
3441 3726 3668 3782 prorsus

2059 3799 2349 3855 convenire
2373 3799 2741 3871 evangelistze,
2771 3799 2818 3854 si
2844 3797 3071 3870 quidem
3097 3797 3526 3854 concederemus
3547 3814 3667 3858 esse

2059 3888 2450 3944 differentiam.
2499 3887 2637 3944 Vide
2665 3887 2813 3943 enim
2843 3886 2974 3957 hoc,
3012 3903 3148 3942 num
3181 3901 3381 3944 omnes
3425 3887 3669 3945 dixerint

2057 3977 2204 4050 quod
2231 3977 2522 4034 cruciﬁxus
2549 3977 2641 4033 sit.
2675 3982 2750 4033 At
2790 3976 2896 4032 hoc
2925 3976 3150 4048 quidem
3199 3977 3267 4032 ab
3297 3975 3560 4033 omnibus
3583 3985 3669 4034 est

2056 4067 2370 4124 confessum
2400 4085 2413 4124 :
2447 4067 2515 4124 de
2561 4068 2696 4123 hora
2731 4073 2916 4124 autem
2953 4066 2998 4122 si
3045 4066 3185 4122 alius
3226 4066 3363 4122 dicit
3393 4083 3511 4123 esse
3559 4075 3669 4124 ter-

2060 4157 2220 4227 tiam,
2267 4157 2408 4214 alius
2437 4157 2596 4228 quasi
2636 4165 2874 4224 sextam,
2925 4153 3056 4228 quid
3099 4155 3204 4211 hoc
3233 4157 3386 4213 obest
3415 4156 3667 4212 veritati?

2061 4247 2457 4303 Verumtamen
2487 4246 2606 4304 hinc
2632 4246 3008 4303 demonstrata
3047 4254 3178 4302 sunt
3214 4262 3279 4301 ex
3313 4246 3666 4315 abundantia,

2061 4335 2207 4408 quod
2250 4336 2398 4392 nulla
2437 4336 2510 4392 sit
2537 4336 2843 4392 diversitas.

345 4425 569 4497 σκόπει,
630 4426 677 4482 εἰ
719 4424 796 4500 μὴ
848 4427 1040 4492 πάντες
1079 4424 1298 4507 ἐῖπον,
1351 4427 1432 4486 ὅτι
1483 4427 1812 4507 ἐσταυρώθη·
1861 4431 1907 4487 εἰ
1950 4425 2005 4486 δὲ
2055 4433 2208 4485 τοῦτο
2257 4425 2354 4503 μὲν
2409 4424 2562 4505 παρὰ
2603 4425 2819 4486 πάντων
2869 4426 3243 4504 ὡμολόγηται,
3293 4424 3416 4505 περὶ
3476 4426 3529 4484 δὲ
3576 4428 3671 4498 τῆς

343 4512 489 4591 ὥρας
512 4559 528 4590 ,
565 4514 613 4570 εἷ
646 4517 675 4571 6
707 4513 802 4590 μὲν
841 4516 1024 4596 τρίτην
1057 4504 1221 4588 εἶναι,
1247 4518 1276 4574 6
1323 4517 1377 4576 δὲ
1430 4517 1559 4576 ὡσεὶ
1598 4504 1757 4591 ἕκτην
1787 4517 1950 4599 φασὶ,
1981 4516 2034 4575 τί
2073 4521 2230 4576 τοῦτο
2261 4504 2543 4596 ἐπηρεάζει
2587 4521 2654 4597 τῇ
2699 4514 2957 4596 ἀληθείας
3015 4513 3168 4586 Πλὴν
3225 4504 3375 4573 amat
3408 4513 3670 4573 δέδεικται

341 4601 403 4659 ἐκ
435 4601 783 4679 περιουσίας,
809 4599 890 4659 ὅτι
916 4603 1035 4661 οὐδὲ
1069 4601 1329 4682 διαφωνία
1360 4603 1528 4666 ἐστίν.

431 4717 454 4740 ι
489 4690 602 4750 Καὶ
633 4689 778 4768 λέγει
808 4692 914 4758 τοῖς
949 4690 1256 4775 ’[oUSaimgi
1276 4691 1388 4754 Ἴδε
1419 4699 1446 4754 6
1481 4695 1734 4775 βασιλεὺς
1776 4700 1947 4774 ὑμῶν.

2141 4715 2318 4770 Vsus.
2363 4716 2545 4768 14-18.
2578 4735 2600 4759 ι
2635 4714 2703 4768 Et
2731 4711 2866 4768 dicit
2888 4709 3099 4768 Judaeis
3131 4728 3144 4764 :
3177 4713 3318 4766 Ecce
3343 4725 3438 4766 rex
3470 4717 3667 4766 vester.

351 4780 424 4838 Οἱ
472 4779 531 4838 δὲ
579 4780 940 4857 ἐκραύγασαν*
980 4771 1171 4860 Ἆρον,
1224 4773 1384 4863 ἆρον,
1429 4785 1738 4863 σταύρωσον
1770 4785 1954 4848 αὐτόν.

355 4865 516 4945 Λέγει
547 4869 728 4936 αὐτοῖς
777 4873 803 4929 6
849 4871 1101 4939 Πιλάτοςο
1151 4874 1260 4933 Τὸν
1318 4875 1546 4953 βασιλέα
1588 4879 1737 4954 ὑμῶν
1787 4900 1954 4936 σταυ-

352 4959 541 5035 ρώσω;
594 4958 981 5041 Ἀπεκρίθησαν
1015 4965 1063 5021 οἱ
1097 4966 1378 5046 ἀρχιερεῖς
1426 4967 1546 5026 Οὐκ
1603 4965 1798 5046 ἔχομεν
1852 4971 1956 5046 βα-

352 5047 536 5120 σιλέα,
584 5050 634 5106 εἰ
682 5050 759 5125 μὴ
803 5050 1079 5131 Καίσαρα.
1131 5053 1270 5113 Τότε
1319 5044 1407 5112 οὖν
1461 5044 1765 5136 παρέδωκεν
1799 5044 1956 5116 αύτὸν

351 5138 563 5210 αὐτοῖς,
595 5135 686 5196 ἵνα
736 5145 1040 5222 σταυρωθῇ.
1091 5142 1408 5221 Παρέλαϐον
1447 5135 1551 5205 οὖν
1593 5146 1681 5204 τὸν
1717 5145 1958 5222 Ἰησοῦν,

351 5227 442 5285 καὶ
492 5227 700 5306 ἤγαγον
741 5230 902 5288 αὐτὸν
946 5232 1019 5298 εἷς
1050 5232 1111 5290 τὸ
1153 5236 1492 5313 σταυρῶσαι,
1537 5235 1628 5295 καὶ
1679 5235 1959 5315 βαστάζων

346 5315 437 5374 τὸν
489 5319 721 5397 σταυρὸν
771 5323 967 5392 αὑτοῦ,
1030 5320 1242 5393 ἐξῆλθεν
1292 5325 1366 5391 εἷς
1422 5325 1613 5400 τόπον,
1671 5325 1957 5404 λεγόμενον

354 5407 593 5484 Κρανίου
631 5409 829 5484 τόπον,
879 5409 934 5477 ὃς
976 5409 1190 5488 λέγεται
1213 5411 1502 5493 Ἐϐραϊστὶ
1528 5416 1784 5493 Γολγοθᾶ·
1825 5414 1960 5476 ὅπου

353 5497 510 5555 αὐτὸν
547 5499 890 5576 ἐσταύρωσαν
917 5543 936 5576 ,
983 5501 1076 5558 καὶ
1108 5503 1223 5576 μετ’
1254 5503 1412 5560 αὐτοῦ
1439 5502 1633 5571 ἄλλους
1658 5503 1750 5562 δύο
1782 5505 1956 5562 ἐντεῦ-

353 5591 435 5642 θεν
471 5588 563 5645 καὶ
595 5589 876 5660 ἔντεὶῦεν,
909 5586 1079 5667 μέσον
1125 5590 1182 5648 δὲ
1217 5589 1307 5649 τὸν
1335 5589 1568 5663 Ἰησοῦν.
1600 5614 1630 5651 ι)
1691 5593 1962 5661 Πολλάκις

356 5676 610 5754 εἴπομεν,
665 5680 736 5746 ὡς
780 5680 1043 5758 ἄνανδρος
1099 5681 1298 5754 μᾶλλον
1351 5681 1443 5740 καὶ
1472 5681 1734 5763 ψοφοδεὴς
1783 5686 1810 5741 6
1858 5686 1962 5742 Πι-

354 5763 505 5835 ὶάτος
532 5814 550 5848 ,
583 5765 620 5840 ἢ
651 5769 950 5844 κακοήθης.
1017 5765 1174 5848 Ὅρα
1215 5775 1336 5849 γοῦν
1358 5814 1376 5846 ,
1418 5772 1509 5832 καὶ
1538 5777 1628 5834 νῦν
1659 5775 1850 5854 σχῆμα
1881 5772 1961 5843 ἐξ·

2067 4800 2150 4857 Illi
2175 4809 2365 4858 autem
2393 4799 2728 4870 clamabant,
2748 4801 2924 4869 Tolle,
2945 4800 3098 4868 tolle,
3125 4799 3379 4871 cruciﬁge
3402 4815 3553 4856 eum.
3577 4800 3670 4856 Di-

2065 4890 2137 4946 cit
2149 4891 2227 4946 eis
2243 4891 2447 4947 Pilatus
2465 4911 2477 4947 :
2498 4893 2708 4962 Regem
2726 4898 2970 4946 vestrum
2982 4889 3339 4960 cruciﬁgam?
3355 4887 3674 4960 Responde-

2064 4988 2198 5035 runt
2217 4979 2504 5052 pontiﬁces
2529 4998 2541 5034 :
2570 4981 2695 5035 Non
2720 4979 2988 5036 habemus
3010 4995 3226 5052 regem,
3253 4978 3358 5035 nisi
3377 4980 3669 5035 Caesarem.

2065 5071 2220 5125 Tunc
2247 5085 2376 5142 ergo
2407 5069 2633 5126 tradidit
2656 5085 2782 5125 eum
2806 5069 2936 5138 illis,
2957 5079 3022 5125 ut
3041 5069 3472 5141 crucifigeretur.
3497 5073 3668 5124 Acce-

2069 5165 2270 5231 perunt
2298 5167 2487 5215 autem
2526 5161 2738 5226 Jesum,
2785 5167 2841 5215 et
2869 5157 3216 5215 adduxerunt
3243 5172 3369 5213 eum
3397 5163 3460 5211 ut
3490 5155 3668 5212 cruci-

2067 5249 2300 5321 ﬁgerent
2335 5266 2346 5304 :
2393 5257 2560 5321 atque
2597 5249 2643 5304 is
2680 5248 2932 5321 bajulans
2956 5263 3176 5303 crucem
3203 5261 3386 5314 suam,
3428 5245 3592 5300 exivit
3615 5245 3676 5301 in

2068 5354 2219 5407 eum,
2265 5339 2357 5410 qui
2385 5337 2589 5395 dicitur
2616 5338 2900 5403 Calvariae,
2941 5337 3148 5404 locum,
3183 5335 3453 5391 chraice
3487 5342 3676 5392 autem

2071 5428 2341 5500 Golgotha
2374 5445 2388 5484 :
2431 5428 2528 5484 ubi
2557 5427 2951 5484 cruciﬁxerunt
2981 5441 3135 5493 eum,
3178 5432 3234 5480 et
3261 5440 3390 5480 cum
3419 5440 3484 5480 eo
3513 5425 3673 5490 alios,

2072 5516 2211 5572 duos
2243 5516 2374 5572 hinc
2417 5524 2471 5572 et
2497 5517 2651 5583 hinc,
2685 5514 2930 5572 medium
2973 5523 3158 5570 autem
3189 5515 3407 5569 Jesum.
3449 5537 3471 5562 υ
3520 5515 3679 5585 Saepe

2076 5605 2317 5661 diximus
2347 5605 2494 5678 quod
2520 5605 2728 5662 Pilatus
2767 5606 2942 5676 magis
2968 5602 3129 5660 fuerit
3156 5602 3338 5658 mollis
3361 5610 3416 5659 et
3443 5603 3679 5659 meticu-

2073 5694 2243 5763 losus,
2299 5709 2466 5766 quam
2508 5693 2716 5765 asperis
2757 5692 3026 5749 moribus.
3074 5692 3210 5750 Vide
3253 5691 3396 5746 enim
3441 5700 3497 5748 et
3537 5709 3682 5749 nunc

2073 5783 2221 5856 quod
2252 5783 2431 5840 forma
2477 5785 2707 5856 quidem
2751 5782 3016 5840 examinis
3043 5791 3100 5839 et
3123 5781 3315 5856 judicii
3359 5781 3549 5848 utitur,
3585 5780 3682 5838 sed
