4128 6434
485 473 579 530 271

1473 457 1988 520 THEOPHYLACTI
2027 461 2382 518 BULGARIE
2418 459 2734 516 ARCHIEP.

3685 451 3795 506 272

488 599 715 655 omnino
751 595 993 652 molliter
1020 609 1138 650 rem
1167 593 1292 665 agit.
1327 614 1352 640 α
1385 593 1524 646 Ecce
1557 590 1729 658 enim,
1762 589 1953 660 inquit,
1987 603 2082 642 rex

2201 587 2418 654 ετάσεως
2458 586 2549 644 xui
2587 582 2859 662 κριτηρίου
2897 581 3207 660 περιτίθησι
3237 582 3313 658 τῷ
3342 578 3656 660 πράγματι,
3690 598 3796 651 μα-

487 697 684 743 vester.
727 710 750 735 ιο
784 689 973 756 Neque
1002 683 1149 740 enim
1167 685 1358 738 Jesum
1396 679 1746 745 condemnat,
1779 695 1956 750 neque
1989 679 2084 732 Ju-

483 777 636 833 daeos
671 775 964 832 manifeste
1008 771 1274 838 confutat,
1318 769 1416 826 sed
1464 770 1617 842 quasi
1645 767 1856 824 occulte
1894 783 2089 838 expro-

488 867 609 922 brat
637 867 716 922 eis
759 875 820 922 ut
861 862 1206 936 sycophantis
1241 879 1254 916 :
1285 860 1439 932 quasi
1484 859 1651 925 dicat,
1685 861 1823 913 Ecce
1868 857 2088 929 qualem

487 955 772 1011 hominem
809 954 986 1010 dicitis
1025 961 1322 1008 attentasse
1353 948 1609 1005 invadere
1638 963 1886 1020 regnum,
1923 947 2088 1001 vilem

487 1045 710 1110 scilicet,
742 1053 797 1100 et
820 1043 954 1098 nihil
983 1042 1092 1098 tale
1124 1047 1399 1097 attentare
1438 1037 1728 1094 audentem
1767 1056 1778 1091 :
1811 1045 1868 1092 et
1897 1037 1972 1092 ita
1997 1051 2089 1090 ac-

487 1134 694 1189 cusatio
725 1141 903 1188 vestra
947 1131 1082 1187 falsa
1126 1139 1228 1187 est.
1270 1127 1418 1200 Quid
1447 1129 1595 1183 enim
1634 1127 1802 1182 habet
1824 1127 1915 1182 ille
1944 1124 2092 1196 quod

488 1223 746 1295 tyranni?
784 1237 917 1277 num
951 1220 1174 1288 milites,
1214 1219 1449 1284 divitias,
1487 1217 1868 1273 nobilitatem?
1903 1239 1927 1264 «ι
1955 1218 2093 1270 Ecce

489 1328 583 1368 rex
614 1319 793 1368 vester
823 1329 837 1366 :
887 1335 911 1359 ν
962 1325 1086 1382 quae
1127 1309 1338 1364 utilitas
1365 1307 1408 1363 si
1444 1307 1595 1362 hunc
1627 1305 1960 1372 occideritis,
1999 1303 2092 1376 qui

488 1401 776 1457 hominem
803 1416 873 1456 ne
915 1400 975 1454 in
1002 1398 1230 1454 minimo
1257 1397 1484 1470 quidem
1517 1411 1719 1452 nocere
1755 1395 1995 1467 poterit?
2027 1398 2097 1449 Et

487 1489 606 1547 haec
646 1491 870 1562 quidem
907 1489 1114 1546 Pilatus
1162 1503 1275 1544 non
1331 1487 1598 1542 instanter
1631 1493 1686 1541 et
1713 1485 1875 1540 ﬁrme
1918 1491 1973 1540 et
1999 1498 2095 1555 pro

490 1579 718 1635 veritate
747 1587 980 1634 certans.
1014 1581 1088 1633 At
1121 1577 1194 1633 illi
1227 1595 1240 1632 :
1289 1600 1312 1626 «ι
1349 1577 1525 1643 Tolle,
1563 1577 1714 1643 tolle,
1753 1573 2032 1645 cruciﬁge,
2067 1594 2092 1621 υ

489 1669 765 1740 inquiunt.
793 1671 1011 1740 Urgent
1033 1675 1088 1723 et
1117 1674 1373 1738 quaerunt
1391 1681 1631 1732 crucem,
1659 1673 1721 1721 ut
1752 1664 1956 1720 malam
1980 1661 2096 1734 opi-

489 1757 717 1814 nionem
742 1765 796 1813 et
829 1757 1035 1813 famam
1056 1765 1280 1813 assuant
1299 1755 1533 1813 Christo.
1565 1752 2093 1827 Ignominiosissima

489 1847 639 1902 enim
680 1846 849 1918 750
887 1852 1004 1902 erat
1047 1862 1200 1902 mors
1240 1846 1417 1902 crucis
1455 1853 1510 1900 et
1554 1843 1845 1900 maledicta
1898 1861 1910 1897 :
1955 1841 2097 1897 sicut

2197 679 2373 743 λακῶς
2406 674 2459 734 δὲ
2488 675 2548 734 τὸ
2582 672 2706 732 ὅλον
2740 671 3190 750 μεταχειρίζεται.
3227 696 3251 722 α
3282 663 3398 728 Ἴδε
3421 667 3556 747 γὰρ,
3596 665 3756 748 φησὶν
3777 709 3798 742 ,

2195 771 2222 826 6
2255 764 2502 844 βασιλεὺς
2551 767 2722 840 ὑμῶν.
2767 790 2791 814 ιι
2840 761 2983 820 Οὔτε
3013 760 3117 839 γὰρ
3163 757 3250 817 τὸν
3285 757 3501 829 Ἰησοῦν
3533 754 3800 833 κατακρί-

2195 843 2306 931 νει,
2340 857 2460 913 οὔτε
2511 853 2630 920 τοὺς
2671 850 2956 916 Ἰουδαίους
3001 848 3326 920 ἐπιστομίζει
3375 851 3630 928 φανερῶςο
3677 843 3799 903 ἀλλ’

2198 935 2304 1003 οἷον
2355 941 2823 1023 ἐπικεκρυμμένως
2875 937 3138 1007 ὀνειδίζων
3190 938 3364 1004 αὐτοῖς
3417 940 3488 1003 ὡς
3521 958 3804 1016 συκοφαν-

2199 1038 2381 1112 τοῦσι,
2409 1035 2586 1114 φησίν·
2624 1031 2734 1089 Ἴδε
2763 1039 2912 1090 ποῖον
2952 1027 3224 1107 ἄνθρωπον
3256 1026 3472 1103 λέγετε,
3509 1026 3591 1084 ὅτι
3638 1029 3801 1102 βασι-

2200 1111 2700 1202 λεύσειν-ἐπεχείρει
2742 1123 2898 1192 ὑμῖν,
2934 1120 3119 1189 εὐτελῆ
3160 1116 3404 1188 δηλαδὴ,
3453 1116 3545 1174 xui
3591 1115 3688 1174 οὐκ
3734 1111 3803 1171 ἂν

2201 1211 2452 1278 τοιούτοις
2503 1212 2942 1291 ἐπιχειρήσονταῇ
2985 1207 3122 1266 ὥστε
3153 1205 3347 1287 ψευδὴς
3384 1209 3418 1276 ἡ
3463 1202 3802 1282 κατηγορία.

2203 1301 2276 1362 Τί
2301 1301 2402 1381 γὰρ
2435 1302 2547 1380 ἔχει
2585 1289 2841 1380 τυράννου
2886 1289 3071 1375 οὗτος,
3117 1295 3486 1376 στρατιώτας;
3529 1296 3803 1366 πλοῦτονς

2203 1392 2498 1468 εὖγένειαν;
2551 1417 2573 1443 α
2602 1387 2712 1450 Ἴδε
2763 1391 2790 1446 6
2825 1385 3074 1466 βασιλεὺς
3122 1389 3292 1461 ὑμῶν.
3333 1413 3356 1437 ι
3387 1385 3460 1445 Τί
3507 1383 3566 1442 τὸ
3618 1383 3810 1462 κέρδος

2205 1480 2293 1540 ἐὰν
2325 1485 2507 1539 τοῦτον
2544 1478 2891 1549 ἀποκτείνητε
2911 1521 2927 1549 ,
2958 1475 3234 1555 ἄνθρωπον
3262 1473 3397 1551 μηδὲ
3426 1472 3493 1532 τὰ
3533 1472 3808 1552 ἐλάχιστα

2205 1569 2494 1646 δυνάμενον
2547 1570 2777 1648 βλάψαι;
2827 1571 3013 1625 Ταῦτα
3057 1567 3151 1642 μὲν
3201 1568 3228 1623 6
3265 1563 3532 1637 Πιλάτος,
3583 1565 3642 1621 οὐ
3691 1559 3806 1634 μὴν

2205 1661 2520 1725 ἐνστατικῶς
2549 1658 2640 1717 xui
2674 1657 2902 1736 βεϐαίως
2924 1701 2941 1735 ,
2975 1655 3066 1736 xui
3090 1657 3161 1723 ὡς
3203 1653 3334 1735 ὑπὲρ
3379 1651 3628 1724 ἀληθείας
3653 1652 3805 1728 ἀγω-

2200 1749 2486 1824 νιζόμενος.
2521 1751 2590 1807 Οἱ
2633 1735 2718 1822 δὲ,
2743 1775 2765 1801 α
2799 1737 2953 1825 Ἆρον
2977 1791 2990 1818 ,
3024 1735 3180 1824 ἆρον,
3218 1742 3522 1823 σταύρωσον
3543 1787 3559 1815 ,
3591 1768 3614 1793 υ
3642 1737 3801 1821 φασί.

2215 1839 2600 1915 Κατεπείγουσι
2630 1837 2722 1895 xui
2752 1840 2965 1907 ζητοῦσι
3003 1833 3092 1892 τὸν
3138 1833 3391 1913 σταυρὸν,
3418 1832 3504 1890 διὰ
3535 1831 3596 1891 τὸ
3623 1852 3803 1900 πονη-

488 1905 713 1992 dictum.
734 1905 843 1992 e'stv
859 1955 873 1992 :
928 1959 953 1984 «ι
983 1935 1307 1992 Maledictus
1335 1935 1516 1990 omnis
1562 1933 1654 2005 qui
1698 1933 1900 2005 pendet
1927 1933 1986 1988 in
2023 1933 2088 1988 li-

2211 1927 2304 2007 ρὰν
2335 1905 2487 1995 δόξαν
2539 1905 2817 2006 βούλεσθαι
2869 1924 3164 2005 προσάψειν
3217 1905 3292 2002 τῶ
3340 1925 3580 2002 Χριστῷ.
3655 1919 3804 1976 Ἐπ-

488 2040 596 2096 gno
622 2023 660 2079 ".
696 2044 724 2076 »
773 2025 1134 2080 Nesciverunt
1158 2032 1347 2078 autem
1381 2021 1531 2094 quod
1570 2023 1714 2077 sicut
1754 2038 1848 2093 per
1879 2021 2090 2094 lignum

489 2114 673 2180 ruina,
701 2114 774 2168 ita
812 2129 908 2183 per
939 2112 1152 2184 lignum
1186 2111 1477 2168 correctio.
1515 2113 1748 2183 Insuper
1789 2110 1910 2167 vide
1958 2127 2095 2182 quo-

493 2201 658 2257 modo
693 2202 859 2256 alium
881 2217 1068 2273 regem
1107 2209 1304 2272 praater
1323 2203 1595 2257 Casarem
1624 2216 1735 2256 non
1768 2210 2093 2273 agnoscunt,

491 2290 794 2346 voluntarie
823 2305 881 2347 se
914 2292 1300 2346 Romanorum
1341 2289 1575 2360 imperio
1616 2289 1991 2362 subjicientes,
2040 2299 2093 2346 et

491 2379 592 2435 Dei
618 2395 850 2451 regnum
886 2379 1230 2452 repellentes.
1268 2379 1403 2434 Ideo
1436 2387 1492 2435 et
1522 2382 1672 2434 Dens
1704 2394 1799 2435 eos
1826 2380 2095 2436 Romanis

487 2467 732 2537 tradidit,
765 2485 902 2541 quos
926 2469 1031 2524 sibi
1051 2483 1207 2540 reges
1231 2468 1560 2535 asciverant,
1590 2468 1883 2525 destitutos
1911 2468 2093 2526 divino

486 2559 742 2629 praesidio
761 2567 816 2615 et
848 2575 1001 2615 cura.
1045 2582 1070 2605 α
1098 2560 1254 2614 Tunc
1280 2558 1450 2630 igitur
1483 2557 1707 2614 tradidit
1731 2558 1891 2614 illum
1927 2559 2026 2626 eis,
2064 2581 2090 2607 ι

486 2647 765 2719 insipiens.
835 2648 1134 2720 Oportebat
1191 2656 1378 2704 autem
1432 2648 1706 2719 inquirere
1776 2663 1913 2704 num
1971 2664 2094 2704 vere

485 2735 766 2792 habuisset
791 2736 1094 2808 potentiam
1126 2735 1195 2793 ad
1225 2735 1596 2792 invadendam
1619 2737 1986 2809 tyrannidem.
2019 2743 2096 2794 At

484 2823 575 2880 ille
603 2824 746 2880 cedit
777 2825 1134 2896 improvidus,
1162 2823 1584 2897 effeminateque
1621 2827 1953 2881 sententiam
1976 2826 2089 2882 dat.

493 2931 520 2965 ‹ι
551 2915 777 2969 Portans
803 2923 990 2969 autem
1025 2929 1246 2969 crucem
1281 2929 1438 2970 suam
1474 2937 1499 2961 υ
1529 2914 1822 2986 egreditur.
1862 2915 2094 2971 Abomi-

486 3002 667 3059 nabile
703 3003 854 3058 enim
893 3002 1162 3075 putabant
1181 3004 1412 3059 omnino
1438 3003 1518 3058 vel
1558 3003 1770 3075 lignum
1798 3005 2094 3076 attingere,

2199 2017 2609 2082 ονειδιστότατος
2626 2015 2731 2094 γὰρ
2765 2007 2911 2080 οὗτος
2943 2017 2971 2070 6
3005 2014 3229 2080 θάνατος
3267 2010 3357 2070 xui
3391 2010 3803 2089 ἐπικατάρατος·

2205 2103 2624 2184 καθὰέἴρηται·
2673 2132 2697 2158 οι
2759 2102 3187 2183 Ἐπικατάρατος
3234 2111 3339 2168 πᾶς
3389 2104 3417 2159 6
3469 2098 3808 2181 κρεμάμενος

2206 2194 2292 2253 ἐπὶ
2324 2193 2497 2262 ξύλου.
2527 2221 2550 2243 υ
2581 2195 2699 2254 Οὔκ
2722 2193 2940 2273 ᾔδεισαν
2971 2191 3025 2250 δὲ
3044 2237 3059 2265 ,
3093 2191 3172 2250 ὅτι
3197 2190 3378 2269 ὥσπερ
3409 2188 3496 2248 διὰ
3523 2193 3614 2248 τοῦ
3643 2187 3805 2256 ξύλου

2203 2287 2236 2355 ἡ
2268 2288 2495 2356 πτῶσις,
2554 2283 2691 2342 οὕτω
2739 2283 2825 2342 διὰ
2877 2281 3031 2350 ξύλου
3078 2287 3112 2354 ἡ
3171 2280 3478 2361 ἄνόρθωσις.
3524 2277 3674 2359 ⁶¹Ορα
3706 2274 3804 2347 δὲ,

2203 2377 2315 2440 πῶς
2347 2374 2505 2432 ἄλλον
2541 2371 2765 2452 βασιλέα
2811 2375 3019 2438 ἑαυτοῖς
3059 2373 3154 2430 οὐκ
3204 2370 3618 2451 ἐπιγράφονται,
3646 2369 3690 2426 εἶ
3724 2364 3806 2442 μὴ

2207 2463 2496 2543 Καίσαρα,
2548 2463 2752 2529 ἑκόντες
2804 2460 3022 2527 ἑαυτοὺς
3097 2458 3486 2527 ὑποϐάλλοντες
3653 2455 3806 2516 (Ρω-

2205 2558 2374 2633 μαῖκῇ
2430 2551 2744 2633 δυναστεία,
2796 2550 2888 2608 καὶ
2942 2549 3313 2628 ἀποσειόμενοι
3359 2549 3457 2621 τὴν
3509 2553 3604 2607 τοῦ
3653 2550 3804 2608 Θεοῦ

2206 2641 2500 2720 βασιλείαν.
2543 2641 2640 2701 Διὸ
2689 2640 2780 2701 xui
2831 2643 2859 2698 6
2905 2639 3042 2706 Θεὸς
3090 2638 3280 2706 αὐτοὺς
3309 2637 3605 2715 Ῥωμαίοις
3653 2658 3806 2714 παρ-

2203 2730 2399 2790 έδωκεν
2419 2778 2435 2810 ,
2470 2730 2554 2798 οὓς
2599 2731 2992 2790 ἐπεκαλέσαντο
3024 2731 3261 2806 βασιλεῖς
3290 2729 3374 2788 ἐπ’
3402 2729 3576 2786 αὐτῶν
3603 2769 3619 2799 ,
3661 2729 3808 2785 ἄπο-

2205 2820 2423 2888 στάντες
2477 2824 2571 2890 τῆς
2623 2824 2717 2879 τοῦ
2782 2822 2925 2880 Θεοῦ
2982 2817 3229 2897 προνοίας
3298 2818 3390 2876 καὶ
3459 2814 3802 2880 ἐπιστασίας.

2205 2935 2228 2961 α
2261 2911 2400 2970 Τότε
2423 2901 2511 2968 οὖν
2542 2909 2850 2989 παρέδωκεν
2879 2908 3034 2967 αὐτὸν
3066 2909 3243 2975 αὐτοῖς
3436 2934 3458 2959 υ
3491 2909 3518 2964 6
3545 2907 3801 2977 ἀνόητος.

2204 2999 2334 3058 Δέον
2366 2987 2640 3076 ἐξετάσαι,
2692 3002 2736 3058 εἰ
2800 3001 3008 3071 ἀληθῶς
3055 2987 3296 3074 δύναμιν
3325 2987 3465 3076 εἶχεν
3524 2994 3805 3055 ἐπιθέσθαι

486 3099 542 3147 et
578 3099 864 3163 propterea
902 3091 1276 3148 condemnato
1311 3099 1365 3147 et
1399 3091 1694 3148 maledicto
1728 3093 2086 3150 maledictum

2201 3089 2499 3167 τυραννίδι,
2554 3091 2582 3145 6
2630 3089 2685 3148 δὲ
2728 3087 2972 3146 ἐνδίδωσι
3023 3085 3113 3146 xui
3167 3085 3482 3159 ὓποϐαίνει,
3553 3085 3809 3161 ἀτόλμως

487 3181 698 3253 lignum
720 3181 1033 3252 imponunt.
1067 3180 1203 3237 Vide
1222 3190 1410 3237 autem
1441 3189 1498 3237 et
1519 3183 1575 3236 in
1596 3183 1767 3238 veteri
1788 3191 1918 3254 typo
1947 3198 2086 3254 quo-

487 3269 618 3326 dam
640 3270 744 3326 hoc
780 3269 1012 3326 factum.
1057 3273 1207 3326 Isaac
1247 3271 1395 3326 enim
1427 3279 1483 3326 et
1503 3270 1610 3327 illic
1647 3271 1790 3344 ligna
1821 3271 1842 3304 ⁸
1869 3281 2093 3344 portans

493 3359 645 3415 vadit
668 3367 730 3415 ut
748 3359 1088 3415 immoletur.
1125 3362 1203 3415 Ita
1231 3359 1409 3416 ethoc
1443 3359 1563 3416 loco
1587 3361 1858 3418 Dominus
1870 3377 2092 3418 crucem

493 3447 701 3504 habens
731 3447 898 3516 vadit,
925 3448 1076 3520 quasi
1102 3448 1256 3504 miles
1285 3465 1438 3505 arma
1471 3450 1626 3522 gerit,
1667 3451 1864 3522 quibus
1895 3451 2094 3508 adver-

489 3536 696 3592 sarium
725 3545 1049 3608 prosternat.
1082 3535 1246 3608 Quod
1280 3544 1462 3592 autem
1493 3540 1644 3594 lsaac
1677 3538 1851 3611 ﬁgura
1880 3540 1951 3595 sit
1979 3543 2093 3596 Do-

488 3626 647 3693 mini,
684 3625 1064 3682 manifestum.
1106 3630 1256 3683 Isaac
1307 3627 1455 3683 enim
1507 3627 1900 3700 interpretatur
1947 3633 2096 3686 risus

489 3715 573 3770 vel
605 3717 891 3784 gaudium.
937 3716 1074 3790 Quis
1125 3725 1312 3773 autem
1352 3717 1488 3772 alius
1531 3718 1793 3790 gaudium
1841 3726 2094 3776 nostrum

490 3802 666 3860 factus
719 3815 822 3873 est,
884 3820 1052 3877 quam
1089 3806 1137 3862 is
1193 3807 1284 3877 qui
1333 3806 1389 3861 in
1427 3808 1787 3880 conceptione
1835 3807 2094 3867 humanm

488 3901 699 3950 naturae
725 3909 821 3966 per
849 3895 1101 3966 angelum
1131 3895 1302 3966 Χαῖρε,
1331 3895 1437 3952 hoc
1467 3905 1568 3964 est,
1605 3898 1804 3968 gaude,
1837 3914 2094 3954 commu-

489 3981 720 4038 nicavit?
741 3986 880 4055 Quaa
914 3985 1069 4040 enim
1103 3985 1271 4056 Virgo
1304 3985 1514 4040 audivit
1563 3985 1686 4042 laeta
1721 3988 1933 4056 nuntia,
1970 4003 2092 4044 om-

491 4070 577 4126 nis
603 4080 798 4127 natura
819 4073 1081 4144 suscepit.
1104 4073 1286 4144 Hujus
1311 4075 1466 4129 Isaac
1495 4082 1654 4145 pater
1677 4083 1761 4131 est
1779 4075 2092 4146 Abraham;

492 4167 646 4229 pater
668 4160 976 4216 multarum
1002 4161 1273 4232 gentium,
1304 4164 1398 4232 qui
1419 4171 1502 4217 est
1522 4166 1670 4219 Deus
1701 4179 1867 4235 super
1886 4167 2091 4233 omnia,

491 4255 548 4303 et
574 4247 666 4318 qui
684 4247 1008 4304 Iudaeorum
1045 4257 1130 4304 est
1151 4252 1313 4306 Pater
1330 4258 1385 4304 et
1409 4250 1678 4321 gentium,
1717 4253 1874 4325 cujus
1895 4255 2089 4310 volun-

488 4344 602 4392 tate
641 4345 701 4393 et
737 4337 961 4394 consilio
1011 4354 1234 4394 crucem
1276 4339 1448 4395 Filius
1475 4340 1590 4412 ejus
1621 4350 1819 4412 portat.
1852 4345 2090 4400 Verum-

2201 3180 2291 3235 xui
2316 3177 2584 3257 ἀνάνδρως
2615 3176 2710 3249 τὴν
2735 3177 2904 3258 κρίσιν
2939 3177 3468 3257 μεταχειρισάμενος.
3523 3202 3548 3228 «ι
3575 3173 3806 3234 Βαστά-

2202 3270 2304 3335 ζων
2331 3266 2384 3325 δὲ
2414 3267 2502 3326 τὸν
2546 3267 2771 3348 σταυρὸν
2801 3270 2965 3326 αὑτοῦ
2989 3313 3004 3339 ,
3038 3293 3060 3319 υ
3105 3265 3395 3345 ἐξέρχεται.
3432 3265 3545 3324 Καὶ
3577 3262 3680 3344 γὰρ
3703 3263 3808 3324 καὶ

2207 3355 2260 3413 τὸ
2303 3356 2540 3437 ἅψασθαι
2591 3357 2726 3423 ὅλως
2770 3361 2864 3414 τοῦ
2914 3355 3066 3424 ξύλου
3128 3355 3561 3434 ἀπηγορευμένον
3608 3351 3806 3435 ᾤοντο’

2201 3444 2287 3503 διὰ
2344 3451 2498 3505 τοῦτο
2544 3448 2687 3525 αὐτῷ
2736 3449 2814 3526 τῷ
2867 3444 3170 3524 κατακρίτῳ
3222 3443 3315 3502 xui
3381 3444 3672 3524 καταράτῳ
3743 3441 3811 3502 τὸ

2201 3536 2570 3615 κατηραμένον
2625 3534 2776 3604 ξύλον
2810 3536 3248 3616 ἐπιφορτίζουσιν.
3297 3532 3448 3612 ⁰Ορα
3496 3535 3551 3593 δὲ
3599 3531 3692 3592 καὶ
3750 3531 3810 3592 ἔν

2201 3649 2277 3704 τῳ
2333 3624 2473 3684 κατὰ
2519 3624 2615 3696 τὴν
2667 3623 2903 3684 παλαιὰν
2951 3624 3189 3682 τύπωσιν
3237 3627 3393 3683 τοῦτο
3451 3621 3804 3700 τελούμενον.

2205 3713 2317 3773 Καὶ
2368 3714 2468 3795 γὰρ
2516 3717 2671 3773 κάκεῖ
2709 3718 2737 3772 6
2768 3713 2959 3774 Ἰσαὰκ
2984 3713 3051 3772 τὰ
3083 3712 3212 3782 ξύλα
3263 3713 3582 3792 βαστάζων,
3620 3711 3812 3791 ἄπήρ-

2201 3825 2328 3882 χετο
2357 3806 2428 3870 εἰς
2471 3803 2531 3862 τὸ
2576 3808 2862 3886 σφαγῆναι·
2912 3803 3050 3862 οὕτω
3099 3807 3369 3886 κάνταῧθα
3401 3805 3428 3860 6
3470 3800 3664 3880 Κύριος
3708 3803 3810 3861 τὸν

2203 3892 2429 3972 σταυρὸν
2485 3883 2631 3972 ἔχων
2675 3893 2894 3966 ἄπεισι,
2947 3892 3039 3951 xui
3093 3883 3180 3950 οἶά
3231 3915 3309 3959 τις
3361 3890 3688 3971 στρατιώτης
3745 3893 3814 3952 τὸ

2201 3979 2390 4054 ὅπλον,
2425 3985 2540 4056 μεθ’
2589 3972 2647 4041 οἷ
2699 3981 3034 4041 καταϐάλλει
3085 3981 3175 4039 τὸν
3227 3979 3811 4059 ἀντιστρατευόμενον,

2202 4069 2368 4151 φέρει.
2391 4068 2521 4128 Ὅτι
2551 4069 2606 4128 δὲ
2635 4069 2796 4138 τύπος
2816 4076 2844 4131 6
2866 4069 3063 4132 Ἰσαὰκ
3087 4076 3180 4129 τοῦ
3207 4075 3373 4150 Θεοῦ,
3407 4071 3584 4139 δῆλον.
3609 4067 3812 4130 Ἰσαὰκ

2201 4159 2550 4239 ἑρμηνεύεται
2590 4187 2614 4214 α
2645 4160 2840 4237 γέλως,
2875 4185 2899 4213 υ
2932 4161 3052 4232 ἤτοι
3095 4187 3119 4213 α
3151 4160 3319 4240 χαρά.
3359 4181 3390 4218 1)
3433 4161 3531 4225 Τίς
3557 4152 3647 4217 οὖν
3691 4157 3811 4218 ἅλ-

2201 4251 2287 4316 λος
2314 4249 2458 4329 χαρὰ
2490 4252 2640 4324 ἡμῶν
2676 4249 2885 4328 γέγονεν
2909 4293 2923 4321 ,
2967 4251 3013 4308 εἷ
3045 4249 3120 4326 μὴ
3168 4254 3195 4307 6
3227 4251 3279 4307 ἐν
3311 4253 3376 4328 τῇ
3417 4248 3680 4328 συλλήψει
3707 4251 3808 4308 εὖ·

2198 4337 2286 4406 θὺς
2305 4339 2390 4408 τὸ,
2424 4367 2446 4391 α
2468 4340 2660 4418 Χαῖρε,
2686 4366 2710 4390 ιο
2741 4337 2826 4396 διὰ
2849 4344 2940 4397 τοῦ
2967 4340 3193 4418 ἀγγέλου
3315 4337 3617 4418 ἀνθρωπίνῃ
3647 4335 3811 4416 φύσει

489 4435 678 4482 tamen
703 4427 758 4482 in
803 4426 992 4496 veteri,
1015 4427 1071 4482 in
1105 4428 1219 4485 sola
1241 4429 1528 4486 voluntate
1550 4431 1729 4486 Patris
1749 4447 1835 4488 res
1865 4433 2045 4489 stabat
2074 4455 2086 4491 :

2204 4426 2560 4500 διαδεδωκώς;
2613 4426 2674 4487 Ἃ
2724 4427 2826 4506 γὰρ
2878 4433 2910 4500 ἡ
2952 4431 3221 4508 Παρθένος
3249 4428 3439 4500 ἤκουεν
3499 4429 3810 4506 εὐαγγέλια,

493 4515 665 4588 figura
689 4517 836 4572 enim
859 4525 974 4571 erat
1011 4535 1025 4572 :
1056 4516 1160 4573 hoc
1192 4525 1377 4574 autem
1399 4517 1520 4574 loco
1548 4535 1712 4591 opere
1741 4522 2048 4593 completur
2076 4542 2090 4579 :

495 4605 695 4662 veritas
715 4605 864 4661 enim
904 4615 1036 4662 erat.
1068 4607 1338 4662 Fortassis
1372 4608 1518 4663 sicut
1550 4609 1664 4664 illic
1702 4613 1853 4666 Isaac
1894 4611 2094 4668 dimis-

493 4711 585 4751 sus
620 4704 724 4762 est,
760 4703 817 4751 et
853 4712 1025 4767 agnus
1049 4695 1370 4753 immolatus
1401 4707 1506 4766 est,
1541 4697 1613 4755 ita
1644 4708 1695 4755 et
1729 4699 1835 4757 hoc
1862 4701 1984 4758 loco
2013 4702 2095 4759 di-

491 4783 623 4839 vina
677 4793 871 4840 natura
927 4785 1277 4857 impassibilis
1327 4789 1554 4856 mansit,
1618 4789 1859 4846 humana
1910 4801 2095 4848 autem

487 4881 710 4940 natura,
748 4889 872 4946 quae
916 4883 971 4930 et
1006 4881 1198 4948 Agnus
1246 4876 1470 4945 dicitur,
1501 4878 1629 4950 quia
1673 4877 1810 4936 Ada:
1847 4881 2095 4938 erratica

487 4962 610 5018 ovis
640 4963 809 5030 ﬁlius,
838 4963 1172 5020 immolatur.
1207 4965 1503 5034 Quomodo
1537 4976 1724 5024 autem
1748 4969 1885 5026 alius
1919 4973 2094 5026 Evan-

485 5053 674 5124 gelista
719 5051 851 5109 dicit
907 5052 1054 5124 quod
1089 5077 1114 5103 ι
1162 5054 1450 5111 Simonem
1478 5057 1805 5130 compulerit
1840 5066 1901 5115 ut
1924 5057 2094 5116 ferret

487 5145 744 5199 crucem?
808 5164 835 5192 υ
895 5144 1145 5215 Utraque
1197 5144 1568 5217 contigerunt,
1625 5155 1682 5202 et
1709 5147 1764 5202 in
1820 5148 2085 5221 principio

488 5232 716 5302 quidem
755 5232 1031 5288 Dominus
1069 5233 1185 5303 ipse
1221 5249 1446 5290 crucem
1484 5251 1676 5307 gerens
1723 5236 1913 5307 exivit,
1958 5239 2087 5309 quia

485 5319 691 5391 lignum
740 5322 980 5376 maxime
1025 5322 1390 5380 abominabile
1443 5313 1581 5393 erat,
1635 5334 1689 5382 et
1741 5341 1906 5384 nemo
1951 5329 2088 5385 alius

485 5409 752 5479 attingere
799 5411 1034 5467 volebat.
1078 5415 1381 5484 Postquam
1430 5422 1614 5470 autem
1654 5414 1956 5487 exiverunt,
1989 5419 2088 5475 ob-

556 5531 577 5565 "
601 5536 922 5606 Deut.xx1,
949 5541 1034 5593 23.
1056 5536 1076 5570 ⁸
1095 5538 1231 5595 Gen.
1268 5553 1420 5609 χχιι,
1445 5546 1498 5609 3,
1522 5545 1576 5609 6,
1604 5546 1657 5596 9.

2203 4526 2352 4577 πᾶσα
2383 4521 2416 4589 ἡ
2451 4517 2604 4598 φύσις
2656 4516 2938 4595 διεδέχετο.
2990 4518 3194 4576 Τούτου
3239 4522 3330 4575 τοῦ
3385 4515 3578 4577 Ἰσαὰκ
3616 4518 3810 4599 πατὴρ

2203 4605 2479 4687 Ἀϐραὰμ,
2506 4609 2534 4664 6
2565 4605 2744 4685 πατὴρ
2774 4609 2990 4666 πολλῶν
3020 4608 3210 4681 ἐθνῶν,
3256 4605 3308 4673 ὅς
3349 4610 3486 4666 ἐστιν
3521 4609 3548 4664 6
3582 4605 3812 4666 πάντων

2203 4695 2367 4767 Θεὸς,
2397 4695 2451 4764 ὃς
2493 4695 2584 4754 xui
2627 4695 2900 4756 Ἰουδαίων
2947 4696 3061 4755 ἐστὶ
3116 4695 3313 4775 Πατὴρ
3362 4696 3456 4754 xui
3507 4697 3695 4768 ἐθνῶν,
3746 4689 3811 4757 οἶ

2201 4791 2268 4866 τῇ
2321 4784 2531 4866 εὐδοκία
2573 4785 2758 4864 καὶ
2815 4787 2980 4866 βουλῇ
3011 4785 3101 4844 τὸν
3149 4785 3376 4864 σταυρὸν
3421 4788 3448 4843 6
3479 4785 3604 4852 Υἱὸς
3634 4787 3809 4846 αὐτοῦ

2206 4875 2481 4955 βαστάζει.
2521 4873 2676 4947 Πλὴν
2701 4877 2753 4932 ἐν
2784 4875 2880 4951 μὲν
2907 4880 2972 4956 τῇ
3008 4878 3228 4954 Παλαιᾷ
3270 4873 3398 4954 ἄχρι
3423 4877 3518 4946 τῆς
3547 4875 3810 4953 προαιρέ-

2203 4988 2334 5032 σεως
2380 4969 2471 5024 τοῦ
2507 4964 2719 5043 Πατρὸς
2753 4962 2882 5037 ἔστη
2935 4964 2996 5022 τὸ
3047 4974 3294 5043 πρᾶγμα·
3347 4962 3513 5030 τύπος
3563 4960 3666 5042 γὰρ
3714 4957 3804 5036 ἧν·

2202 5057 2423 5114 ἐνταῦθα
2455 5053 2509 5112 δὲ
2548 5055 2640 5112 καὶ
2685 5056 2755 5121 εἷς
2804 5053 2955 5134 ἔργον
3000 5052 3230 5126 ἐξῆλθενο
3287 5052 3511 5125 ἀλήθεια
3557 5051 3662 5132 γὰρ
3711 5045 3805 5126 ἦν.

2193 5145 2360 5223 Τάχα
2412 5143 2506 5220 δὲ,
2558 5143 2742 5221 ὥσπερ
2787 5146 2896 5202 ἐκεῖ
2925 5147 2953 5200 6
2985 5141 3181 5202 Ἰσαὰκ
3219 5143 3443 5222 ἀφείθη,
3485 5146 3512 5199 6
3541 5143 3596 5202 δὲ
3629 5143 3806 5217 ἀμνὸς

2195 5233 2370 5305 ἐτύθη⁶
2419 5232 2557 5291 οὕτω
2605 5236 2875 5291 κάνταῦθα
2927 5237 2959 5304 ἡ
3009 5232 3124 5291 θεία
3175 5235 3328 5312 φύσις
3377 5229 3617 5302 ἀπαθὴς,
3648 5232 3801 5290 τὸδὲ

2197 5324 2553 5401 ἀνθρώπινον,
2591 5321 2734 5381 ὃκαὶ
2767 5321 2949 5399 Ἀμνὸς
2981 5321 3220 5402 λέγεται,
3263 5323 3335 5390 ὥς
3363 5326 3456 5381 τοῦ
3490 5321 3660 5398 Ἀδὰμ
3693 5325 3793 5380 τοῦ

2196 5411 2554 5486 πλανηθέντος
2611 5411 2881 5493 προϐάτου
2946 5411 3084 5488 υἱὸς,
3128 5411 3286 5471 τοῦτό
3341 5413 3481 5470 ἐστιν
3536 5407 3798 5483 ὃέτύθη.

1509 5640 1592 5697 Ex
1641 5641 1956 5703 collatione
1987 5645 2161 5703 codd.
2209 5645 2416 5705 Venet.
2459 5645 2522 5704 S.
2563 5644 2772 5706 Marci.

562 5750 670 5814 (:52)
697 5749 833 5806 Cod.
862 5755 950 5816 26,
984 5753 1262 5820 παρέδωκεν
1285 5753 1432 5808 αὐτὸν
1463 5754 1628 5817 αὖτιμῖς
1655 5757 1741 5809 ἵνα
1770 5761 2050 5832 σταυρωθῇ,
2085 5780 2092 5807 ⁴

2202 5759 2380 5827 ὀητος,
2407 5782 2455 5817 κ.
2485 5781 2527 5815 τ.
2562 5761 2613 5813 λ.
