4128 6438
377 434 475 486 273

1217 431 1605 488 ENARRATIO
1646 433 1711 487 IN
1750 403 2181 489 EVANGELIUM
2215 433 2515 489 JOANNIS.
2555 463 2629 475 —
2665 433 2812 490 CAP.
2855 435 2982 490 XIX.

3597 440 3703 493 274

378 559 503 621 Πῶς
531 554 586 614 δὲ
620 556 780 622 ἄλλος
810 555 1202 635 εὖαγγελιστής
1225 579 1416 635 φησιν,
1446 556 1526 615 ὅτι
1554 585 1579 611 ‹‹
1614 557 1722 618 Τὸν
1759 557 1976 634 Σίμωνα

2098 559 2239 614 viam
2270 567 2534 614 venerunt
2576 558 2807 627 Simoni,
2844 559 3080 614 venienti
3108 574 3172 614 ex
3208 575 3363 631 agro,
3404 569 3457 616 et
3500 562 3576 618 ita
3601 563 3703 618 im-

375 644 752 722 ἦγγοίρευσαν,
782 643 874 704 ἵνα
914 645 1022 726 ἄρῃ
1059 646 1146 704 τὸν
1182 647 1439 726 σταυρόν,
1483 673 1507 699 υ
1535 645 1667 707 Ὅτι
1712 649 1986 729 ἀμφότερα

373 736 637 812 ἐγένοντο.
691 734 804 795 Καὶ
857 735 965 813 γὰρ
1031 738 1084 793 ἐν
1143 737 1284 814 ἀρχῇ
1353 735 1448 810 μὲν
1516 736 1670 804 αὐτὸς
1718 741 1746 795 6
1792 737 1987 817 Κύριος

377 826 659 902 βαστάζων
692 829 878 883 τοῦτον
908 824 1150 897 ἐξῆλθεν,
1176 817 1260 884 οἶα
1293 825 1508 884 πάντων
1540 827 1984 908 ἀποτρεπομένων

373 914 435 973 τὸ
464 913 653 987 ξύλον,
685 914 778 972 καὶ
822 914 959 990 μηδὲ
1001 913 1162 992 θίγειν
1193 917 1352 975 αὐτοῦ
1384 916 1700 995 δεχομένων,
1735 916 1896 977 Ἐπεὶ
1929 915 1982 976 δὲ

375 1005 629 1076 ἐξῆλθον,
703 1002 1055 1075 ἀπήντησαν,
1124 1005 1284 1084 φησὶ,
1346 1004 1554 1082 Σίμωνι
1613 1006 1882 1086 ἐρχομένῳ
1932 1006 1984 1075 ἐξ

383 1096 572 1172 ἀγροῦ,
601 1093 696 1152 καὶ
741 1092 906 1161 οὕτως
936 1093 1202 1167 ἐπέθηκαν
1237 1094 1406 1174 τούτῳ
1441 1096 1500 1154 τὸ
1535 1094 1706 1163 ξύλον.
1747 1097 1983 1175 Κρανίου

388 1182 443 1242 δὲ
483 1183 638 1242 τόπον
688 1182 869 1258 ἔλεγον
907 1183 996 1241 τὸν
1025 1182 1209 1241 τόπον.
1250 1183 1355 1243 Καὶ
1384 1183 1488 1262 γὰρ
1516 1183 1669 1261 λόγος
1699 1195 1944 1266 κατεῖχεν
1966 1232 1982 1257 ,

389 1272 468 1329 ὅτι
519 1273 621 1330 ἐκεῖ
671 1271 932 1330 τέθαπται
965 1275 993 1330 6
1038 1271 1234 1349 Ἀδὰμ,
1286 1271 1372 1330 ἵνα
1428 1273 1560 1332 ὅπου
1607 1277 1641 1344 ἡ
1702 1274 1842 1352 ἀρχὴ
1890 1281 1980 1333 τοῦ

383 1361 646 1432 θανάτου,
675 1363 787 1419 ἐκεῖ
807 1361 900 1419 καὶ
928 1365 962 1432 ἡ
995 1364 1196 1427 πτῶσις
1226 1363 1382 1421 αὐτοῦ
1405 1362 1641 1440 γένηται.
1681 1363 1984 1442 Παράδοσις

374 1451 482 1530 γὰρ
528 1450 946 1523 ἐκκλησιαστική
993 1451 1165 1520 ἐστιν,
1208 1451 1288 1509 ὅτι
1325 1451 1514 1530 πρώτη
1560 1452 1791 1514 Ἰουδαία
1840 1453 1976 1530 μετὰ

372 1539 435 1598 τὸ
469 1540 800 1613 ἐκϐληθῆναι
865 1538 955 1598 τὸν
1017 1539 1293 1618 ἄνθρωπον
1355 1543 1416 1600 ἐκ
1471 1547 1561 1600 τοῦ
1619 1542 1980 1622 παραδείσου,

369 1631 631 1709 οἰκήτορα
664 1629 816 1708 ἔσχεν
848 1631 918 1698 εἰς
947 1629 1285 1708 παραμυθίαν
1330 1633 1433 1688 τῶν
1470 1635 1522 1690 ἐν
1558 1634 1634 1712 τῷ
1667 1631 1979 1713 παραδείσῳ

371 1723 592 1791 καλῶν,
633 1722 841 1778 δοθεῖσα
883 1719 1062 1798 αὐτῷ,
1106 1724 1177 1786 ὡς
1206 1721 1311 1777 τῶν
1351 1719 1528 1779 ἄλλων
1560 1725 1746 1780 πασῶν
1786 1725 1978 1800 χωρῶν

371 1809 635 1888 κρείττων
681 1810 772 1867 καὶ
820 1807 989 1867 πίων’
1039 1808 1122 1866 διὸ
1159 1808 1249 1867 καὶ
1297 1807 1485 1888 πρώτη
1537 1811 1716 1890 νεκρὸν
1769 1811 1980 1879 ἐδέξατο

370 1900 679 1978 ἄνθρωπον.
723 1900 796 1958 Οἱ
838 1898 1011 1956 τοίνυν
1050 1897 1168 1956 τότε
1213 1896 1508 1977 ἅνθρωποι,
1561 1904 1742 1978 θαῦμα
1800 1902 1978 1960 ποιού-
2010 1873 2059 1936 Β

370 2011 526 2064 μενοι
590 1988 770 2066 νεκρὸν
823 1987 1064 2066 κρανίον,
1113 1991 1205 2045 τοῦ
1261 1988 1518 2066 δέρματος
1578 1993 1722 2070 αὐτῷ
1785 1995 1978 2071 περιῤ-

369 2079 616 2158 ῥυέντος,
651 2079 704 2134 ἐν
741 2076 886 2156 τόπῳ
923 2075 1301 2154 καταθέμενοι,
1349 2079 1448 2136 ἀπ’
1489 2081 1651 2137 αὐτοῦ
1695 2079 1782 2138 τὸν
1814 2080 1976 2140 τόπον

367 2167 694 2242 ὠνόμασαν,
730 2165 821 2224 καὶ
861 2164 996 2242 μετὰ
1033 2164 1121 2224 τὸν
1160 2167 1538 2244 κατακλυσμὸν
1576 2167 1678 2226 ὕπὸ
1719 2174 1810 2228 τοῦ
1849 2171 1976 2229 Νῶε

368 2256 708 2316 διαδεδόσθαι
736 2261 833 2327 τήν
863 2254 1045 2336 φήμην
1077 2259 1148 2323 εἰς
1183 2258 1410 2323 πάντας
1446 2257 1526 2316 διὸ
1556 2257 1650 2316 καὶ
1687 2261 1715 2316 6
1743 2257 1973 2338 Κύριος,

369 2345 499 2404 ἔνθα
525 2351 561 2418 ἡ
591 2344 741 2423 πηγὴ
774 2349 866 2404 τοῦ
897 2345 1122 2403 θανάτου
1141 2391 1157 2421 ,
1186 2346 1295 2403 ἐκεῖ
1320 2350 1672 2425 θανατοῦται,
1725 2346 1809 2406 ἵνα
1845 2348 1974 2406 ταύ-

368 2459 469 2505 την
498 2434 723 2513 ξηρᾶνῃ.
771 2436 1073 2513 Σταυροῦσι
1103 2434 1158 2492 δὲ
1184 2435 1275 2494 καὶ
1299 2435 1489 2503 ἄλλους
1517 2435 1608 2494 δύο
1639 2438 1752 2512 μετ’
1786 2437 1974 2497 αὐτοῦ·

368 2524 523 2582 αὐτοὶ
572 2525 671 2600 μὲν
711 2525 946 2601 πονηρὰν
990 2522 1142 2592 δόξαν
1187 2528 1476 2604 περιθεῖναι
1519 2525 1866 2604 βουλόμενοι,
1907 2530 1976 2594 ὣς

367 2616 545 2692 λῃστῇ
596 2612 690 2672 καὶ
742 2614 886 2692 αὖτῷ
918 2611 1064 2685 ὄντι,
1109 2612 1246 2685 πλὴν
1289 2614 1615 2696 προφητείαν
1658 2618 1755 2674 κάν
1803 2616 1973 2696 τούτῳ

363 2703 457 2762 καὶ
490 2707 568 2779 μή
617 2702 927 2781 βουλόμενοι
973 2704 1268 2781 πληροῦσι,
1305 2701 1427 2776 τὴν,
1475 2703 1556 2762 ὅτι
1590 2733 1612 2754 κ
1672 2704 1780 2764 Καὶ
1838 2705 1974 2780 μετὰ

367 2793 582 2869 ἀνόμων
631 2792 898 2870 ἐλογίσθη.
947 2819 972 2845 ιο
1014 2790 1158 2872 εὈρα
1203 2792 1256 2850 δὲ
1299 2791 1395 2863 τὴν
1434 2798 1527 2852 τοῦ
1569 2796 1712 2854 Θεοῦ
1754 2793 1972 2875 σοφίαν,

364 2887 476 2949 πῶς
506 2882 598 2940 καὶ
627 2887 816 2953 τοῦτο,
851 2881 878 2939 ὃ
908 2883 989 2962 ἐφ’
1019 2880 1168 2960 ὕϐρει
1196 2888 1286 2942 τοῦ
1318 2881 1517 2960 Κυρίου
1548 2882 1758 2941 ἐποίουν
1794 2885 1974 2957 αὐτοὶ,

367 2975 438 3038 εἷς
478 2971 634 3040 δόξαν
677 2971 858 3044 ἀπέϐη
892 2975 1073 3032 αὐτοῦ.
1119 2972 1228 3030 Καὶ
1259 2970 1361 3050 γὰρ
1392 2974 1445 3029 ἐν
1476 2973 1622 3052 αὖτῷ
1651 2977 1727 3053 τῷ
1759 2977 1972 3054 σταυρῷ

2095 657 2400 720 posuerunt
2417 649 2465 704 ei
2485 649 2714 721 lignum.
2746 651 2916 704 Porro
2935 649 3196 705 Calvariae
3225 649 3409 706 locum
3427 650 3699 723 dicebant,

2093 738 2233 795 sicut
2260 739 2498 794 narratio
2532 739 2734 810 prodit,
2756 737 2908 811 quod
2939 737 3046 794 illic
3085 739 3332 810 sepultus
3370 739 3441 796 sit
3463 741 3642 798 Adam
3683 764 3695 800 :

2097 837 2158 884 ut
2184 828 2278 883 ubi
2317 827 2642 900 principium
2687 828 2906 897 mortis,
2937 827 3046 883 illic
3086 835 3142 884 et
3170 843 3328 884 casus
3357 828 3480 900 ejus
3519 829 3697 888 ﬁeret.

2094 916 2342 973 Traditio
2379 918 2525 973 enim
2567 917 2932 974 ecclesiastica
2968 925 3068 985 est,
3120 917 3247 990 quia
3296 918 3446 989 prior
3486 919 3698 990 Iudaea,

2093 1015 2384 1079 postquam
2414 1007 2616 1079 ejectus
2641 1006 2743 1062 fuit
2766 1006 2934 1062 homo
2957 1022 3023 1062 ex
3044 1005 3324 1078 paradiso,
3351 1006 3695 1064 domicilium

2093 1097 2170 1153 ibi
2200 1099 2391 1155 habuit
2418 1098 2493 1177 in.
2523 1098 2777 1155 solatium
2829 1098 3108 1154 bonorum
3145 1113 3269 1170 quae
3323 1098 3377 1153 in
3425 1099 3695 1170 paradiso,

2093 1187 2218 1244 data
2239 1189 2290 1243 ei
2310 1197 2456 1244 terra
2498 1187 2590 1244 illa
2618 1202 2741 1260 quae
2779 1187 3038 1244 omnium
3068 1187 3298 1243 aliarum
3319 1188 3529 1258 optima
3555 1197 3699 1246 esset

2093 1285 2150 1332 et
2179 1277 2540 1350 pinguissima
2570 1293 2583 1330 :
2609 1285 2896 1350 propterea
2923 1284 2977 1332 et
3001 1276 3179 1349 prima
3206 1285 3488 1332 mortuum
3514 1294 3696 1334 susce-

2093 1366 2172 1439 pit
2193 1366 2498 1423 hominem.
2525 1366 2800 1422 Homines
2826 1366 2998 1439 igitur
3017 1365 3107 1435 qui
3131 1374 3264 1422 tunc
3285 1374 3460 1435 erant,
3485 1366 3695 1423 habue-

2091 1464 2220 1511 runt
2259 1472 2358 1528 pro
2387 1456 2653 1513 miraculo
2707 1456 2914 1513 mortui
2953 1456 3244 1512 calvariam
3282 1455 3594 1526 depilatam,
3638 1456 3696 1512 in

2091 1545 2212 1601 loco
2233 1546 2326 1601 illo
2356 1545 2682 1614 habitantes,
2711 1545 2840 1602 inde
2865 1561 2991 1601 eum
3012 1545 3455 1614 nominaverunt,
3491 1553 3544 1600 et
3573 1553 3697 1617 post

2089 1633 2354 1691 diluvium
2391 1634 2534 1691 fama
2599 1636 2762 1707 751
2806 1635 2926 1691 haec
2981 1650 3012 1690 a
3078 1638 3198 1691 Noe
3235 1634 3290 1690 in
3353 1650 3547 1690 omnes
3602 1634 3690 1690 di-

2091 1724 2304 1796 vulgata
2333 1733 2434 1781 est.
2479 1724 2645 1782 Unde
2675 1733 2732 1780 et
2761 1723 3033 1780 Dominus
3061 1723 3155 1780 ubi
3184 1723 3306 1780 fons
3343 1724 3558 1792 mortis,
3588 1724 3697 1780 illic

2090 1813 2349 1883 moritur,
2373 1822 2434 1870 ut
2456 1814 2614 1870 illum
2637 1815 2826 1870 siccet.
2857 1834 2884 1864 ‹‹
2904 1813 3246 1885 Cruciﬁgunt
3269 1821 3452 1869 autem
3479 1821 3534 1869 et
3554 1813 3694 1870 duos

2090 1903 2230 1959 alios
2254 1919 2382 1959 cum
2407 1919 2489 1960 eo.
2521 1926 2546 1952 ν
2581 1904 2690 1975 lpsi
2725 1903 2947 1976 quidem
2979 1918 3075 1973 per
3099 1902 3205 1957 hoc
3234 1901 3499 1958 infamare
3520 1902 3694 1975 magis

2089 2008 2217 2048 eum
2247 1993 2512 2060 volentes,
2543 1993 2702 2064 quasi
2724 2002 2781 2049 et
2813 1993 2929 2064 ipse
2945 1992 3082 2048 latro
3105 2000 3266 2048 esset.
3290 1993 3694 2065 Verumtamen

2089 2089 2146 2137 et
2182 2082 2282 2152 ipsi
2324 2081 2670 2153 prophetiam
2717 2082 2774 2137 in
2819 2081 2924 2137 hoc
2975 2081 3323 2136 involuntarii
3363 2081 3689 2152 replerunt:

2085 2187 2286 2242 nempe
2333 2171 2481 2244 quod
2515 2194 2540 2220 «ι
2574 2172 2714 2228 Cum
2755 2171 2939 2243 impiis
2969 2178 3253 2242 reputatus
3295 2179 3380 2226 cst
3407 2169 3447 2226 θ,
3486 2192 3512 2221 η
3549 2169 3690 2226 Vide

2086 2269 2274 2317 autem
2295 2269 2352 2317 et
2375 2260 2604 2316 Domini
2630 2260 2978 2332 sapientiam,
3007 2264 3288 2332 quomodo
3326 2268 3382 2315 et
3404 2259 3510 2315 hoc
3545 2259 3693 2332 quod

2087 2349 2356 2405 faciebant
2385 2350 2438 2404 in
2468 2349 2727 2422 injuriam
2766 2350 2939 2420 ipsius
2960 2348 3200 2414 Domini,
3235 2347 3290 2403 in
3319 2348 3550 2421 gloriam
3575 2348 3692 2419 ejus

2085 2439 2288 2494 evenit.
2313 2442 2456 2495 Nam
2481 2447 2535 2494 et
2557 2439 2612 2494 in
2643 2439 2758 2510 ipsa
2783 2453 2944 2494 cruce
2969 2437 3245 2492 latronem
3269 2436 3516 2502 salvavit,
3543 2436 3692 2508 quod

2084 2528 2234 2583 nullo
2275 2527 2541 2583 miraculo
2570 2527 2752 2582 minus
2781 2535 2882 2596 est,
2923 2534 2976 2582 et
3008 2542 3075 2582 ex
3121 2527 3226 2582 hoc
3262 2526 3437 2597 magis
3467 2534 3693 2596 apparet

2084 2619 2256 2684 Deus,
2293 2616 2438 2688 quod
2469 2617 2584 2689 ipse
2613 2616 2764 2672 solus
2813 2615 3176 2688 gloriﬁcatur,
3217 2615 3469 2685 quamvis
3497 2622 3552 2671 et
3594 2613 3688 2670 alii

2083 2706 2252 2762 simul
2296 2705 2546 2762 cruciﬁxi
2582 2707 2692 2762 sint
2722 2721 2738 2762 :
2771 2705 2827 2763 id
2879 2704 3029 2778 quod
3069 2719 3181 2759 non
3213 2703 3405 2759 fuisset
3449 2702 3684 2769 factum,

2082 2795 2190 2851 nisi
2243 2795 2500 2851 innoxius
2530 2794 2750 2864 fuisset,
2780 2803 2834 2850 et
2878 2810 2991 2850 non
3041 2799 3134 2861 (ut
3178 2793 3258 2848 sic
3298 2793 3509 2860 dicam)
3559 2793 3689 2865 legis

2085 2885 2496 2956 praevaricator,
2523 2885 2620 2942 sed
2652 2893 2705 2940 et
2735 2900 2898 2956 supra
2929 2897 3149 2939 omnem
3169 2884 3368 2955 legem,
3401 2890 3452 2938 et
3480 2897 3688 2954 praeva-

2083 2974 2389 3031 ricatorum
2421 2974 2613 3046 judex.

366 3062 572 3138 λῃστὴν
620 3061 849 3133 ἔσωσεν,
898 3061 1029 3141 ὅπερ
1071 3060 1276 3127 οὐδενὸς
1319 3054 1476 3134 ἧττον
1522 3067 1729 3138 θαῦμα,
1779 3067 1870 3122 καὶ
1912 3065 1972 3123 ἐκ
2014 3063 2204 3124 τούτου
2251 3065 2494 3144 φαίνεται
2546 3067 2748 3141 μᾶλλον
2799 3062 2964 3136 Θεὸς,
2999 3066 3057 3122 ἐκ
3089 3068 3178 3122 τοῦ
3213 3062 3368 3141 μόνος
3412 3062 3568 3130 αὐτὸς
3601 3065 3688 3124 δο-

369 3151 644 3222 ξὰζεσθαι,
688 3152 869 3210 καίτοι
927 3151 1018 3209 καὶ
1070 3149 1244 3209 ἄλλων
1295 3151 1799 3231 συσταυρωθέντων·
1851 3153 1981 3233 ὅπερ
2032 3155 2127 3212 οὐκ
2163 3153 2226 3213 ἂν
2265 3155 2528 3234 ἐγεγόνει,
2563 3153 2715 3232 εἰμὴ
2757 3153 2987 3221 ἀναίτιος
3037 3145 3128 3227 ἦν,
3159 3153 3249 3212 καὶ
3282 3155 3379 3233 οὐχ
3423 3152 3563 3220 ὅπως
3615 3157 3688 3212 εἰ·

365 3242 479 3300 πεῖν
526 3243 749 3318 ἄνομος,
789 3239 929 3298 ἀλλὰ
972 3240 1063 3298 καὶ
1105 3239 1303 3306 παντὸς
1349 3239 1512 3315 νόμου
1555 3242 1830 3314 ἐπέκεινα,
1875 3243 1966 3301 καὶ
1995 3247 2100 3302 τῶν
2141 3242 2352 3322 ἀνόμων
2382 3245 2584 3322 κριτής.

447 3358 470 3383 ιι
514 3330 537 3350 ⁷
563 3333 790 3410 Εγραψε
818 3329 875 3388 δὲ
925 3328 1018 3422 καὶ
1057 3331 1231 3387 τῒτλον
1262 3334 1289 3389 6
1339 3329 1602 3408 Πιλᾶτος,
1650 3329 1742 3390 καὶ
1785 3330 1969 3402 ἔθηκεν

2151 3336 2341 3390 Vens.
2381 3340 2561 3390 19-22.
2592 3358 2615 3382 α
2639 3333 2869 3405 Scripsit
2901 3341 3088 3388 autem
3117 3340 3172 3388 et
3199 3331 3422 3388 titulum
3446 3331 3684 3402 Pilatus,

369 3420 458 3477 ἐπὶ
501 3427 593 3479 τοῦ
642 3425 900 3497 σταυροῦ·
961 3417 1025 3489 ἦν
1098 3417 1152 3476 δὲ
1220 3419 1601 3498 γεγραμμένον·
1672 3419 1880 3490 Ἰησοῦς
1945 3424 1973 3477 6

370 3508 420 3565 Ν
463 3511 489 3542 ⁷
543 3533 565 3548 ν
605 3517 624 3526 ⁸
756 3511 786 3565 6
1033 3507 1047 3530 ‘
1173 3510 1206 3523 ’“’
1286 3509 1298 3530 ’
1405 3509 1428 3529 “
1472 3508 1485 3528 ’
1707 3516 1738 3528 ⁸
1912 3501 1944 3535 τ

427 3531 709 3586 αςωραιος,
837 3509 1088 3588 βασιλευς
1137 3531 1239 3565 των
1306 3508 1579 3567 Ιουοαιων.
1627 3511 1829 3569 Τουτον
1883 3533 1972 3568 ουν

376 3595 470 3654 τὸν
531 3599 699 3654 τῖτλον
753 3598 940 3656 πολλοὶ
997 3596 1303 3674 ἀνέγνωσαν
1361 3601 1465 3656 τῶν
1525 3598 1828 3672 Ἰουδαίων,
1894 3598 1974 3658 ὅτι

378 3683 540 3760 ἐγγὺς
605 3675 667 3755 ἧν
703 3691 730 3744 6
765 3686 916 3754 τόπος
966 3690 1062 3758 τῆς
1110 3687 1345 3757 πόλεως,
1409 3686 1541 3746 ὅπου
1600 3687 1907 3766 ἐσταυρώθη
1944 3691 1973 3746 6

374 3774 608 3844 Ἰησοῦς.
643 3774 741 3834 Καὶ
769 3766 828 3846 ἦν
863 3775 1232 3855 γεγραμμένον
1267 3774 1588 3855 Ἐϐραϊστὶ,
1624 3775 1968 3849 Ἑλληνιστὶ,

373 3863 694 3939 Ῥωμαῑστί.
757 3863 986 3944 Ἔλεγον
1035 3856 1124 3924 οὖν
1181 3869 1257 3944 τῷ
1310 3865 1536 3946 Πιλάτῳ
1601 3868 1648 3925 οἱ
1704 3870 1974 3946 ἀρχιερεῖς

377 3956 478 4011 τῶν
523 3953 822 4014 Ἰουδαίων·
879 3954 974 4025 Μὴ
1007 3953 1200 4034 γριιίφε⁸
1257 3952 1328 4014 Ὀ
1383 3953 1630 4033 βασιλεὺς
1679 3959 1781 4013 τῶν
1828 3957 1968 4015 Ἰου-

373 4045 560 4117 δαίων,
617 4043 736 4102 ἀλλ’
793 4043 872 4101 ὅτι
934 4044 1129 4111 ἐκεῖνος
1173 4034 1312 4103 εἷπε·
1373 4045 1637 4112 Βασιλεύς
1691 4047 1801 4119 εἰμι
1866 4049 1972 4104 τῶν

372 4134 674 4194 Ἰουδαίων.
741 4132 1019 4213 Ἀπεκρίθη
1097 4138 1126 4192 6
1207 4133 1466 4200 Πιλάτος·
1532 4133 1608 4194 έῸ
1692 4134 1966 4214 γέγραφα,

361 4224 630 4303 γέγραφα.
699 4252 720 4274 υ
777 4222 979 4304 Γράφει
1028 4223 1120 4282 καὶ
1167 4225 1341 4280 τῖτλον
1389 4227 1416 4282 6
1460 4223 1695 4291 Πιλάτος
1747 4224 1834 4281 ἐπὶ
1874 4228 1969 4282 τοῦ

361 4319 635 4392 σταυροῦ,
708 4313 977 4372 τουτέστιν
1052 4309 1257 4385 αἰτίαν,
1323 4314 1414 4371 καὶ
1485 4311 1814 4394 ἐπιγραφὴν,
1878 4312 1969 4371 καὶ

363 4405 628 4474 δήλωσιν·
661 4407 830 4460 ταῦτα
860 4402 961 4481 γὰρ
993 4401 1343 4480 ἑρμηνεύεται
1370 4406 1398 4459 6
1429 4402 1622 4467 τῖτλος.
1669 4401 1970 4472 Ἐδηλοῦτο

364 4494 416 4550 δὲ
448 4492 538 4551 διὰ
590 4497 686 4550 τοῦ
745 4491 951 4564 τίτλου,
1009 4491 1144 4557 τίνος
1201 4490 1342 4550 ἐστὶν
1396 4493 1424 4548 6
1467 4491 1713 4571 σταυρός.
1767 4492 1968 4571 Γράφει

363 4573 451 4641 οἷν
493 4583 585 4640 τὸν
627 4583 832 4654 τῐτλον,
865 4581 978 4657 ἅμα
1012 4580 1108 4655 μὲν
1147 4581 1472 4657 ἀμυνόμενος
1510 4580 1628 4646 τοὺς
1657 4579 1972 4653 Ἰουδαίους,

364 4675 434 4738 ὡς
480 4670 934 4748 παρακούσαντας
987 4672 1174 4741 αὑτοῦ,
1227 4670 1320 4728 καὶ
1377 4669 1579 4737 δεικνὺς
1629 4667 1727 4740 τὴν
1779 4669 1968 4728 κακίαν

371 4764 581 4831 αὐτῶν,
622 4762 705 4818 ὅτι
755 4763 828 4839 τῷ
870 4758 1047 4838 οἰκείῳ
1086 4762 1295 4838 βασιλεῖ
1329 4758 1727 4831 ἐπανέστησανο
1769 4757 1882 4835 ἅμα
1915 4758 1969 4816 δὲ

368 4852 457 4908 καὶ
531 4848 1087 4928 ὑπεραπολογούμενος
1159 4853 1254 4920 τῆς
1313 4847 1462 4922 δόξης
1534 4854 1626 4906 τοῦ
1706 4851 1961 4930 Χριστοῦ.

370 4940 528 5000 Ἐπεὶ
565 4940 672 5017 γὰρ
720 4941 909 4998 ἐκεῖνοι
958 4938 1093 5015 μετὰ
1135 4941 1346 5016 λῃστῶν
1392 4936 1548 4996 αὐτὸν
1593 4938 1970 5016 ἐσταύρωσαν,

368 5033 777 5111 καταρῤυπᾶναι
805 5029 865 5088 τὸ
893 5028 1060 5106 ὄνομα
1102 5030 1263 5086 αὐτοῦ
1296 5027 1638 5106 βουλόμενοι,
1679 5031 1706 5086 6
1741 5027 1972 5094 Πιλάτος

365 5109 658 5192 δείκνυσιν,
683 5119 764 5177 ὅτι
800 5121 858 5177 οὖ
901 5116 1101 5197 λῃστὴς
1137 5109 1236 5194 ἦν,
1282 5116 1420 5177 ἀλλὰ
1471 5115 1718 5196 βασιλεὺς
1770 5119 1971 5188 αὐτῶν,

362 5211 455 5268 καὶ
493 5217 651 5270 τοῦτο
693 5211 753 5267 οὗ
799 5217 899 5289 μιᾷ
945 5206 1188 5287 γλώττῃ,
1235 5207 1374 5267 ἀλλὰ
1421 5207 1564 5286 τρισὶ
1600 5208 1757 5280 δῆλον
1799 5209 1964 5268 ποιεῖ.

362 5301 520 5367 Εἰκὸς
562 5299 666 5378 γὰρ
705 5290 773 5372 ἧν
811 5296 1042 5363 πολλοὺς
1085 5296 1171 5354 διὰ
1218 5295 1313 5367 τὴν
1361 5294 1549 5376 ἑορτὴν
1600 5299 1969 5374 ἀναμεμῖχθαι

361 5399 466 5458 τοῖς
516 5388 797 5454 Ἰουδαίοις
852 5385 1156 5458 σΕλληνας·
1229 5389 1298 5454 ὡς
1355 5386 1446 5444 καὶ
1497 5387 1526 5442 6
1587 5385 1970 5466 εὐαγγελιστὴς

364 5482 607 5562 ἀνωτέρω
645 5477 854 5546 ἐδίδαξε
897 5476 1024 5555 περί
1069 5499 1222 5534 τινων
1272 5473 1547 5562 Ἑλλήνων
1590 5479 1693 5534 τῶν
1747 5475 1837 5534 καὶ
1887 5474 1976 5534 τὸν

363 5554 568 5644 Ἰησοῖίν
623 5571 890 5632 ἐλθόντων
964 5554 1114 5626 ἰδεῖν.
1160 5563 1281 5622 Ἵνα
1333 5554 1423 5623 οὖν
1478 5563 1670 5633 πάντες
1731 5564 1978 5643 ἐπιγινώ-

419 5734 439 5768 ⁹
465 5738 549 5793 [sa
585 5751 692 5801 ιιι,
725 5741 815 5792 12.
901 5730 948 5767 ¹⁰
970 5729 1139 5784 Joan.
1172 5741 1290 5796 ιιι,
1319 5734 1372 5784 9.

2083 3431 2139 3478 et
2187 3423 2372 3494 posuit
2435 3439 2601 3495 super
2646 3438 2891 3479 crucem.
2935 3425 3067 3478 Erat
3110 3429 3300 3478 autem
3353 3422 3617 3494 scriptum
3666 3442 3680 3479 :

2081 3515 2243 3568 Jesus
2288 3514 2624 3580 Nazarenus,
2674 3529 2769 3568 rex
2798 3511 3130 3568 Iudaeorum.
3173 3514 3338 3568 Hunc
3385 3528 3517 3584 ergo
3546 3513 3683 3569 titu-

2082 3602 2197 3657 lum
2229 3601 2387 3657 multi
2410 3600 2737 3658 Judaeorum
2767 3601 3036 3674 legerunt,
3062 3601 3192 3672 quia
3218 3616 3386 3672 prope
3409 3601 3678 3658 civitatem

2081 3700 2200 3748 erat
2241 3691 2396 3747 locus
2439 3691 2532 3747 ubi
2580 3690 2870 3747 cruciﬁxus
2922 3698 3006 3746 est
3042 3691 3223 3745 Jesus.
3273 3692 3343 3744 Et
3390 3698 3511 3745 erat
3545 3693 3681 3748 scri-

2082 3789 2241 3852 ptum
2275 3780 2566 3844 Hebraice,
2598 3789 2652 3836 et
2677 3782 2889 3845 Graece,
2921 3787 2978 3834 et
3010 3778 3222 3833 Latine.
3263 3777 3528 3834 Dicebant
3554 3795 3684 3852 ergo

2084 3870 2258 3926 Pilato
2309 3869 2594 3941 pontiﬁces
2646 3869 2972 3924 Judzeorum
3019 3886 3030 3922 :
3074 3866 3199 3922 Noli
3259 3867 3518 3935 scribere,
3562 3870 3682 3924 Rex

2080 3959 2426 4027 Judaeorum,
2456 3958 2553 4014 sed
2579 3957 2727 4031 quod
2765 3957 2854 4013 ille
2888 3957 3086 4012 dixerit
3119 3975 3132 4011 :
3162 3959 3278 4011 Rex
3310 3971 3438 4012 sum
3458 3955 3680 4013 Judaao-

2082 4065 2222 4104 rum.
2267 4047 2575 4120 Respondit
2616 4047 2822 4103 Pilatus
2872 4065 2886 4103 :
2931 4045 3097 4118 Quod
3143 4045 3355 4118 scripsi,
3403 4045 3610 4117 scripsi.
3654 4070 3680 4096 ι)

2081 4138 2284 4194 Scribit
2323 4146 2380 4194 et
2423 4137 2644 4193 titulum
2687 4137 2893 4192 Pilatus
2935 4151 3098 4208 super
3144 4151 3383 4204 crucem,
3428 4134 3533 4191 hoc
3579 4144 3680 4205 est,

2082 4243 2302 4284 causam
2359 4234 2418 4283 et
2469 4225 2971 4282 manilestationem
3020 4233 3076 4281 et
3113 4225 3544 4297 inscriptionem.
3601 4227 3681 4281 Ita

2082 4318 2230 4374 enim
2282 4317 2708 4388 interpretamur
2757 4316 2998 4372 titulum.
3038 4314 3460 4387 Signiﬁcabatur
3495 4323 3683 4371 autem

2084 4423 2178 4480 per
2203 4407 2444 4474 titulum,
2471 4405 2626 4478 cujus
2653 4413 2799 4462 esset
2833 4421 2988 4460 crux.
3031 4406 3308 4460 Caaterum
3340 4403 3528 4460 scribit
3555 4405 3684 4460 titu-

2082 4497 2219 4559 lum,
2272 4494 2474 4568 partim
2517 4494 2784 4551 ulciscens
2821 4510 2880 4550 se
2910 4493 2978 4549 de
3015 4493 3221 4549 Iudaeis
3257 4501 3320 4548 ut
3345 4492 3451 4548 sibi
3489 4493 3682 4549 inobe-

2005 4573 2053 4635 Ι)
2082 4584 2377 4653 dientibus,
2424 4593 2480 4641 et
2524 4583 2815 4640 ostendens
2845 4581 3110 4638 malitiam
3153 4597 3370 4649 eorum,
3409 4581 3556 4652 quod
3593 4581 3682 4637 in-

2080 4673 2418 4730 surrexerint
2461 4681 2652 4730 contra
2705 4673 2993 4744 proprium
3046 4687 3236 4744 regem
3284 4689 3296 4725 :
3363 4670 3562 4741 partim
3627 4680 3683 4726 et

2079 4765 2312 4838 gloriam
2363 4763 2563 4818 Christi
2615 4761 2936 4818 defendens.
2969 4761 3108 4830 Quia
3147 4760 3294 4815 enim
3337 4760 3494 4815 illum
3555 4776 3683 4816 cum

2080 4853 2383 4909 latronibus
2416 4851 2830 4920 cruciﬁxerunt,
2876 4849 3230 4922 coinquinare
3258 4865 3466 4906 nomen
3494 4850 3683 4905 volen-

2080 4951 2182 5010 tes,
2223 4942 2429 4998 Pilatus
2458 4941 2693 4998 ostendit
2721 4940 2870 5012 quod
2899 4956 3012 4995 non
3056 4939 3220 4995 fuerit
3258 4940 3418 5008 latro,
3454 4939 3550 4996 sed
3589 4955 3684 4994 rex

2081 5047 2275 5088 eorum
2334 5051 2346 5087 :
2387 5040 2437 5087 et
2482 5030 2588 5086 hoc
2616 5046 2730 5087 non
2759 5046 2893 5098 una,
2923 5028 3016 5086 sed
3051 5029 3226 5085 tribus
3265 5029 3463 5100 linguis
3505 5029 3681 5083 mani-

2081 5120 2264 5178 festat.
2289 5120 2604 5178 Verisimile
2631 5121 2784 5176 enim
2815 5128 2934 5176 erat
2964 5119 3168 5174 multos
3200 5118 3433 5190 gentiles
3461 5124 3683 5188 propter

2078 5211 2285 5268 festum
2314 5210 2728 5267 commiscuisse
2758 5225 2817 5266 se
2865 5209 3090 5274 Judaeis,
3143 5208 3284 5263 sicut
3337 5213 3392 5262 et
3447 5221 3685 5278 evange-

2079 5301 2201 5357 lista
2252 5300 2503 5372 superius
2543 5299 2736 5356 docuit
2763 5299 2833 5355 de
2875 5297 3209 5370 quibusdam
3251 5294 3548 5367 gentilibus
3589 5297 3682 5367 qui

2081 5391 2263 5448 videre
2290 5389 2549 5445 volebant
2573 5392 2766 5446 Jesum
2803 5387 2864 5442 1°.
2892 5391 2972 5444 Ut
3007 5386 3170 5458 igitur
3192 5400 3388 5440 omnes
3417 5399 3685 5456 agnosce-

2085 5488 2229 5550 rent,
2273 5479 2523 5535 omnium
2586 5479 2810 5535 vocibus
2850 5476 3181 5533 Judzeoruni
3225 5474 3498 5530 insaniam
3543 5473 3683 5531 infa-

2087 5571 2275 5628 mavit.
2324 5574 2400 5627 At
2447 5570 2520 5626 illi
2564 5570 2734 5625 etiam
2782 5566 3042 5623 cruciﬁxo
3074 5563 3412 5622 invidebant.
3458 5568 3528 5621 Et
3555 5565 3687 5638 quid
