4128 6446
458 456 562 509 275

1451 441 1964 500 THEOPHYLACTI
2002 438 2362 497 BULGARLE
2397 439 2711 497 ARCHIEP.

3656 439 3763 492 276

455 577 676 633 dicunt?
709 598 736 626 ι
766 573 970 644 Scribe,
999 571 1150 645 quod
1168 571 1257 629 ille
1276 569 1495 627 dixerit.
1527 588 1556 623 ιο
1585 571 1728 627 Nam
1750 583 1899 624 nunc
1933 566 2050 639 qui-

2167 589 2372 639 σκωσι,
2423 574 2539 634 ταῖς
2588 571 2786 649 φωναῖς
2826 564 3062 632 ἁπάσαις
3109 563 3206 636 τὴν
3249 560 3522 625 Ἰουδαίων
3565 563 3763 641 μανίαν

454 667 580 724 dem
631 665 951 723 communis
1009 662 1278 719 sententia
1335 660 1660 717 Judaorum
1707 666 1951 730 apparet.
1995 658 2056 713 Si

453 766 640 815 autem
681 756 993 828 appositum
1024 753 1238 820 fuisset,
1281 750 1429 824 quod
1458 751 1572 822 ipse
1621 749 1822 806 dixerit
1860 764 1918 804 se
1965 762 2054 804 re-

456 863 602 917 gem,
630 847 808 902 visum
836 845 1031 902 fuisset
1053 843 1265 899 crimen
1290 841 1618 897 temeritatis
1645 849 1702 895 et
1726 840 2055 911 arrogantia

455 937 620 992 illius.
670 935 776 991 Sed
820 935 1026 989 Pilatus
1068 947 1180 988 non
1220 929 1642 1003 obtemperavit,
1693 937 1749 984 et
1795 927 1849 983 in
1889 928 2054 998 priori

457 1026 610 1082 stetit
651 1025 916 1081 sententia
989 1043 1003 1079 :
1076 1022 1199 1078 ideo
1241 1021 1371 1076 dicit
1439 1036 1524 1075 τι
1602 1017 1765 1088 Quod
1835 1018 2052 1088 scripsi,

459 1114 672 1186 scripsi.
708 1137 733 1162 ιι
775 1114 1055 1169 Caterum
1082 1118 1137 1166 et
1175 1109 1323 1166 aliud
1349 1124 1614 1181 magnum
1641 1107 1904 1180 quiddam
1941 1107 2053 1163 dis-

458 1211 722 1276 pensatur
755 1221 768 1259 :
804 1203 932 1274 quia
963 1201 1216 1257 futurum
1243 1207 1362 1254 erat
1403 1207 1466 1254 ut
1487 1206 1601 1253 tres
1628 1213 1818 1253 cruces
1860 1196 2056 1252 eodem

456 1292 512 1348 in
563 1292 685 1348 loco
731 1290 970 1348 defossa
1016 1290 1290 1361 jacerent,
1311 1296 1374 1343 ut
1411 1303 1483 1343 ne
1536 1287 1885 1359 ignoraretur
1934 1301 2056 1358 qua

455 1389 600 1438 esset
640 1397 773 1436 crux
824 1379 1072 1445 Domini,
1105 1385 1323 1450 pr0pter
1369 1377 1475 1432 hoc
1523 1376 1904 1447 dispensatum
1951 1384 2055 1442 est,

456 1479 518 1527 ut
530 1471 644 1526 sola
663 1469 889 1525 titulum
904 1469 1196 1524 haberetet
1209 1466 1646 1538 inscriptionem,
1661 1473 1721 1521 ut
1736 1481 1830 1536 per
1840 1467 2056 1537 signum

455 1560 563 1617 tale
601 1566 1041 1630 cognosceretur.
1074 1560 1377 1612 Latronum
1407 1555 1560 1611 enim
1605 1570 1796 1611 cruces
1830 1555 2056 1612 titulum

456 1665 569 1706 non
613 1649 906 1704 habebant.
947 1647 1203 1704 Insinuat
1245 1655 1430 1702 autem
1459 1654 1516 1702 et
1563 1645 1730 1716 752
1769 1645 2059 1701 sublimius

457 1739 718 1810 quiddam
791 1737 1071 1809 inscriptio
1135 1737 1441 1809 triplicibus
1499 1735 1690 1791 litteris
1771 1735 2050 1806 inscripta.

460 1827 775 1884 Manifestat
807 1827 954 1884 enim
985 1826 1288 1884 Dominum
1325 1840 1509 1898 regem
1538 1841 1663 1882 esse
1689 1824 2052 1896 philosophia

462 1918 712 1988 practica
740 1925 795 1972 et
819 1917 1081 1973 naturalis
1129 1923 1186 1971 et
1230 1915 1576 1987 theologica.
1636 1913 1876 1970 Practica
1905 1915 2052 1970 enim

457 2021 554 2078 per
596 2009 881 2062 Romanas
928 2007 1230 2078 scripturas
1257 2004 1546 2074 ﬁguratur.
1580 2007 1724 2060 Nam
1773 2006 2058 2059 Romano-

456 2113 582 2152 rum
637 2097 972 2168 principatus
1026 2095 1265 2150 maxime
1303 2093 1478 2148 virilis
1521 2101 1640 2149 erat
1696 2100 1750 2149 et
1801 2101 2060 2150 strenuus

463 2187 521 2240 in
563 2186 728 2240 rebus
780 2184 1010 2240 bellicis.
1041 2186 1148 2239 Per
1176 2184 1401 2240 Gracas
1450 2198 1601 2250 vero,
1643 2182 1936 2253 naturalis,
1967 2184 2058 2240 cui

458 2274 725 2329 vacabant
747 2273 944 2330 Graci.
977 2277 1083 2330 Per
1105 2272 1402 2328 Hebraicas
1422 2270 1683 2342 denique,
1709 2271 2056 2343 theologica;

457 2379 588 2419 nam
641 2363 888 2419 Hebrais
929 2362 1248 2419 divinorum
1292 2361 1532 2434 cognitio
1578 2361 1891 2418 concredita
1927 2361 2054 2419 fuit.

456 2453 641 2509 Gloria
676 2452 842 2524 igitur
879 2451 927 2508 ei
955 2451 1049 2525 qui
1074 2467 1168 2523 per
1194 2467 1416 2507 crucem
1444 2451 1696 2523 apparuit
1718 2451 1828 2508 tale
1850 2452 2056 2509 habere

454 2559 707 2615 regnum,
737 2551 792 2598 et
834 2542 929 2614 qui
960 2540 1232 2598 mundum
1270 2541 1422 2608 vicit,
1471 2541 1766 2613 practicam
1805 2550 2057 2598 nostram

455 2633 717 2687 virtutem
760 2631 1064 2699 roboravit,
1113 2631 1514 2702 scientiamque
1562 2639 1778 2687 natura
1826 2632 2058 2704 largitus

455 2729 560 2788 est,
611 2729 667 2776 et
707 2721 776 2776 ab
807 2721 897 2776 illa
927 2736 1027 2776 nos
1071 2718 1228 2776 duxit
1264 2720 1320 2774 in
1349 2719 1606 2776 interiora
1652 2721 1962 2791 velamenti,
1998 2723 2057 2777 in

455 2826 616 2866 suam
663 2810 783 2865 dico
819 2810 1112 2866 scientiam
1156 2817 1212 2866 et
1238 2809 1803 2882 comtemplationem,
1833 2810 2054 2867 theolo-

457 2899 600 2972 giam
632 2898 904 2955 videlicet.

2167 656 2552 730 ἐστηλίτευσεν.
2650 658 2723 716 Οἱ
2753 656 2809 715 δὲ
2844 656 2934 715 καὶ
2981 655 3371 734 ἐσταυρωμένῳ
3416 653 3762 715 ἐϐάσκαινον.

2164 747 2274 806 Καὶ
2302 745 2356 805 τί
2383 769 2575 827 φασιν;
2617 765 2645 803 ιι
2687 746 2900 826 Γράψον
2920 791 2936 822 ,
2969 745 3048 804 ὅτι
3082 747 3235 811 αὐτὸς
3266 733 3404 806 εἷπε.
3443 767 3472 799 ν
3511 745 3622 804 Νῦν
3664 743 3766 821 μὲν

2162 836 2264 916 γὰρ
2315 835 2462 907 κοινὴ
2521 841 2693 916 ψῆφος
2743 839 2847 916 τῶν
2900 834 3170 896 Ἰουδαίων
3239 833 3500 914 φαίνεται·
3554 835 3643 892 ἐὰν
3707 833 3769 893 δὲ

2162 914 2462 1006 προστεθῇ,
2495 914 2572 983 ὅτι
2605 914 2756 992 αὐτὸς
2788 914 2930 984 εἶπεν
2957 923 3144 983 ἑαυτὸν
3179 923 3406 1003 βασιλέα
3427 969 3442 996 ,
3475 926 3569 992 τῆς
3599 924 3767 982 αὐτοῦ

2164 1016 2482 1092 προπετείας
2548 1014 2639 1073 καὶ
2695 1017 3003 1084 ἀλαζονείας
3058 1014 3120 1073 τὸ
3184 1013 3434 1091 ἔγκλημα
3489 1012 3762 1094 φαίνεται.

2165 1104 2303 1163 Ἀλλ’
2337 1107 2437 1185 οὐχ
2473 1108 2502 1162 6
2534 1104 2769 1172 Πιλάτος
2813 1104 3134 1186 παρετράπη
3157 1148 3172 1175 ,
3207 1104 3328 1160 ἀλλ’
3371 1101 3462 1162 ἐπὶ
3493 1107 3586 1174 τῆς
3619 1125 3766 1182 προ-

2163 1195 2318 1274 τέρας
2345 1193 2562 1253 ἵσταται
2589 1195 2823 1273 γνώμης.
2851 1195 2948 1253 Διὸ
2988 1193 3082 1252 καί
3107 1216 3285 1274 φησιν·
3321 1214 3354 1251 ι(
3379 1190 3457 1252 ⁸0
3486 1190 3766 1272 γέγραφα,

2163 1283 2426 1364 γέγραφα.
2464 1306 2494 1341 »
2546 1283 2707 1344 Ἀλλὰ
2752 1282 2859 1360 μὴν
2898 1282 2990 1342 καὶ
3045 1283 3220 1362 ἕτερόν
3259 1306 3310 1340 τι
3365 1281 3502 1360 μέγα
3551 1285 3770 1342 οἰκονο-

2167 1382 2366 1450 μεῖται.
2455 1373 2682 1444 Ἐπειδὴ
2716 1373 2822 1453 γὰρ
2850 1373 3285 1453 καταχωσθέντες
3315 1375 3362 1430 οἱ
3387 1381 3526 1452 τρεῖς
3547 1372 3768 1450 σταυροὶ

2166 1466 2220 1522 ἐν
2271 1467 2449 1544 ταυτῷ
2497 1462 2719 1538 ἔμελλον
2770 1469 3008 1534 κεῖσθαι,
3041 1462 3126 1521 ἵνα
3174 1461 3250 1538 μὴ
3297 1463 3572 1540 ἀγνοηθῆ,
3613 1461 3772 1528 ποῖός

2165 1554 2308 1612 ἐστιν
2362 1559 2390 1612 6
2440 1558 2534 1611 τοῦ
2602 1552 2832 1633 Κυρίου,
2879 1551 2966 1610 διὰ
3011 1557 3164 1612 τοῦτο
3222 1549 3544 1631 ᾠκονομήθη
3600 1551 3770 1610 αὐτὸν

2167 1642 2322 1719 μόνον
2366 1642 2541 1700 τῖτλον
2597 1642 2736 1721 ἔχειν
2790 1641 2883 1699 καὶ
2933 1640 3266 1721 ἐπιγραφὴν,
3313 1643 3383 1707 ὡς
3417 1640 3478 1698 ἂν
3531 1640 3620 1700 διὰ
3665 1645 3767 1700 τοῦ

2163 1731 2401 1791 τοιούτου
2453 1731 2676 1804 σημείου
2730 1731 3095 1810 ἐπιγνωσθείη·
3145 1735 3190 1789 οἱ
3239 1730 3342 1810 γὰρ
3391 1734 3497 1789 τῶν
3548 1731 3770 1809 λῃστῶν

2165 1821 2342 1879 τῖτλον
2369 1823 2462 1879 οὐκ
2492 1811 2658 1900 εἶχον.
2764 1819 3072 1880 Αἷνίττεται
3105 1818 3160 1877 δὲ
3207 1818 3300 1878 καί
3341 1843 3392 1877 τι
3438 1818 3770 1899 ὑψηλότερον

2168 1915 2202 1982 ἡ
2245 1909 2510 1992 ἐπιγραφὴ
2563 1918 2792 1988 τρισσοῖς
2833 1909 3147 1992 γράμμασιν
3192 1909 3579 1989 ἐπιγραφεῖσα’
3610 1909 3772 1980 δηλοῖ

2167 2000 2256 2058 τὸν
2289 1989 2484 2074 Κύριον
2540 1998 2765 2078 βασιλέα
2814 1989 2949 2056 εἶναι
2995 2003 3331 2077 πρακτικῆς,
3365 1997 3458 2056 καὶ
3502 2001 3769 2078 φυσικῆς,

2169 2091 2258 2147 καὶ
2302 2091 2602 2168 θεολογικῆς
2649 2087 2986 2169 φιλοσοφίας
3017 2086 3102 2146 διὰ
3134 2089 3229 2164 μὲν
3265 2091 3368 2146 τῶν
3406 2087 3771 2164 (Ρωμαῖκῶν,

2167 2179 2501 2260 γραμμάτων
2531 2183 2626 2250 τῆς
2671 2182 2968 2257 πρακτικῆς
3021 2178 3380 2253 τυπουμένης’
3425 2181 3458 2249 ἡ
3511 2177 3615 2256 γὰρ
3655 2180 3772 2236 τῶν

2169 2269 2460 2345 Ῥωμαίων
2511 2266 2652 2347 ἀρχὴ
2708 2267 3052 2346 ἀνδρειοτάτη
3105 2267 3196 2325 καὶ
3231 2265 3646 2343 πρακτικωτάτη
3691 2266 3772 2326 τὰ

2166 2358 2305 2417 κατὰ
2331 2358 2587 2432 πόλεμον.
2637 2356 2739 2416 Διὰ
2771 2355 2826 2414 δὲ
2861 2361 2967 2415 τῶν
2998 2355 3330 2429 Ἑλληνικῶν
3350 2400 3365 2428 ,
3396 2359 3493 2424 τῆς
3523 2359 3774 2436 φυσικῆς·

2167 2451 2212 2507 οἱ
2275 2446 2378 2526 γὰρ
2429 2443 2695 2518 Ἕλληνες
2741 2446 2898 2525 περὶξ
2923 2443 3019 2518 τὴν
3073 2443 3299 2526 φυσικὴν
3357 2444 3768 2525 ἠσχολήθησαν.

2166 2536 2269 2598 Διὰ
2324 2537 2378 2595 δὲ
2434 2539 2540 2595 τῶν
2606 2535 2917 2613 Ἑϐραϊκῶν
2993 2539 3088 2606 τῆς
3150 2537 3474 2612 θεολογικῆς·
3535 2537 3584 2593 οἱ
3657 2535 3773 2615 γὰρ

2165 2625 2183 2646 ‹
2219 2631 2230 2642 ς
2341 2627 2367 2641 ~
2486 2625 2499 2650 ι
2652 2625 2665 2646 I
2974 2623 2989 2644 ι
3275 2627 3308 2641 ~
3565 2624 3578 2644 I
3701 2615 3740 2647 ’τ

2187 2626 2415 2706 Legum
2445 2649 2540 2696 την
2587 2631 2731 2684 θειαν
2777 2628 3162 2696 ἐπιστευθησαν
3205 2647 3416 2702 γνωσιν.
3504 2623 3643 2692 Δοξα
3673 2649 3774 2684 ουν

2165 2722 2242 2797 τῷ
2289 2715 2377 2774 διὰ
2433 2720 2523 2775 τοῦ
2580 2720 2810 2792 σταυροῦ
2870 2713 3083 2794 φανέντι
3157 2713 3405 2785 τοιαύτην
3475 2712 3613 2792 ἔχειν
3667 2713 3774 2785 τὴν

2169 2805 2480 2886 βασιλείαν,
2520 2804 2610 2863 καὶ
2657 2803 2748 2862 τόν
2796 2827 2852 2862 τε
2909 2803 3109 2880 κόσμον
3156 2803 3478 2875 νικήσαντι,
3530 2803 3621 2862 καὶ
3664 2803 3774 2875 τὴν

2163 2894 2462 2975 πρακτικὴν
2515 2895 2645 2964 ἡμῖν
2718 2893 3069 2969 ὁμαλίσαντι,
3145 2892 3242 2962 τήν
3299 2915 3358 2950 τε
3411 2894 3604 2969 γνῶσιν
3668 2897 3776 2964 τῆς

456 2981 660 3061 φύσεως
707 2981 1082 3060 χαριζομένῳ,
1133 2978 1224 3038 καὶ
1272 2980 1378 3038 ἀπὸ
1418 2976 1616 3050 ταύτης
1665 2981 1738 3048 εἷς
1781 2980 1842 3040 τὸ
1889 2983 2148 3070 ἐσώτερον
2194 2991 2286 3044 τοῦ
2331 2984 2856 3060 καταπετάσματος,
2904 2984 2978 3051 εἷς
3007 2981 3104 3056 τὴν
3150 2981 3348 3042 οἰκείαν
3389 2981 3532 3061 λέγω
3569 2985 3773 3062 γνῶσιν

455 3069 546 3128 καὶ
575 3069 795 3150 θεωρίαν
813 3117 831 3149 ,
867 3069 984 3140 ἤτοι
1010 3067 1281 3145 θεολογίαν
1315 3068 1600 3148 εἰσάγοντι.

528 3171 713 3224 Vnus.
741 3173 834 3234 23,
886 3171 975 3222 24.
1011 3190 1037 3215 ι
1087 3166 1291 3222 Milites
1325 3182 1456 3239 ergo
1497 3182 1627 3223 cum
1656 3168 2057 3228 cruciﬁxissent
2089 3170 2136 3234 C

453 3260 666 3320 Jesum,
721 3263 1050 3328 acceperunt
1087 3257 1415 3312 vestimenta
1485 3257 1622 3329 ejus,
1679 3265 1736 3314 et
1799 3257 2056 3318 fecerunt

453 3354 688 3420 quatuor
713 3353 915 3417 partes,
947 3344 1242 3416 unicuique
1265 3345 1425 3400 militi
1449 3354 1682 3417 partem,
1708 3355 1765 3402 et
1785 3350 2050 3407 tunicam.

455 3439 591 3492 Erat
629 3443 812 3491 autem
841 3435 1031 3490 tunica
1070 3434 1441 3502 inconsutilis,
1473 3451 1503 3490 a
1532 3451 1758 3493 summo
1798 3447 2054 3496 contexta

464 3541 562 3598 per
611 3531 814 3580 totum.
857 3524 1123 3579 Dixerunt
1165 3539 1294 3596 ergo
1324 3524 1470 3580 inter
1497 3541 1556 3581 se
1588 3542 1601 3578 :
1635 3527 1711 3582 Ne
1738 3526 2058 3586 scindamus

465 3629 606 3680 eam,
646 3612 741 3668 sed
771 3613 1068 3669 sortiamur
1106 3612 1175 3669 de
1217 3613 1305 3668 illa
1352 3613 1507 3686 cujus
1551 3614 1644 3686 sit,
1680 3624 1742 3671 ut
1781 3617 2057 3690 Scriptura

454 3703 796 3775 impleretur,
845 3703 1034 3759 dicens
1081 3720 1096 3757 :
1140 3701 1329 3760 Partiti
1379 3711 1512 3758 sunt
1552 3705 1879 3762 vestimenta
1931 3723 2055 3763 mea

451 3793 578 3862 sibi,
635 3801 688 3848 et
727 3793 780 3847 in
818 3801 1022 3849 vestem
1073 3807 1256 3848 meam
1295 3791 1565 3848 miserunt
1609 3803 1836 3851 sortem.
1893 3817 1920 3844 ι
1952 3797 2058 3851 Per

453 3885 544 3939 illa
574 3882 922 3956 potissimum
953 3882 1257 3953 implentur
1295 3881 1621 3954 prophetia,
1653 3899 1751 3955 per
1787 3899 1912 3956 qua
1937 3884 2058 3942 dia-

451 3973 615 4029 bolus
665 3971 970 4027 insidiatur.
1024 3973 1098 4025 Et
1148 3971 1268 4027 vide
1315 3972 1622 4028 veritatem.
1669 3977 1806 4029 Tres
1831 3973 2059 4030 fuerunt

451 4061 713 4127 cruciﬁxi,
745 4068 994 4115 attamen
1028 4060 1084 4113 in
1115 4058 1221 4115 hoc
1250 4060 1371 4115 solo
1403 4061 1699 4130 implentur
1736 4063 2056 4133 prophetica

452 4151 618 4207 dicta.
651 4153 718 4204 Et
745 4147 1035 4202 considera
1066 4147 1349 4218 prOpheta
1368 4147 1726 4221 diligentiam.
1757 4153 1878 4206 Non
1909 4153 2057 4208 enim

455 4240 634 4295 solum
661 4237 808 4310 quod
841 4260 868 4286 α
899 4237 1084 4308 partiti
1111 4236 1338 4308 fuerint,
1387 4260 1412 4284 ιο
1443 4238 1538 4294 sed
1575 4239 1741 4294 etiam
1767 4241 1915 4312 quod
1943 4258 2057 4298 non

453 4328 642 4401 partiti
694 4325 916 4396 fuerint,
965 4325 1104 4382 dixit
1149 4327 1434 4398 prapheta.
1466 4329 1640 4401 Igitur
1683 4331 1789 4385 alia
1831 4331 2057 4403 quidem

453 4417 872 4486 distribuerunt,
909 4417 1159 4472 tunicam
1189 4425 1378 4473 autem
1404 4434 1537 4486 non,
1568 4418 1668 4476 sed
1693 4421 1872 4476 sortiti
1902 4430 2054 4478 sunt.

2251 3187 2281 3220 α
2316 3168 2385 3223 Οἱ
2415 3155 2504 3223 οὖν
2535 3163 2891 3242 στρατιῶται,
2926 3161 3013 3222 ὅτε
3039 3157 3381 3239 ἐσταύρωσαν
3413 3160 3499 3220 τὸν
3533 3160 3769 3236 Ἰησοῦν,

2165 3253 2357 3314 ἔλαϐον
2426 3254 2494 3311 τὰ
2550 3252 2742 3327 ἱμάτια
2799 3253 2993 3325 αὐτοῦ,
3048 3249 3140 3308 καὶ
3198 3250 3458 3322 ἐποίησαν
3527 3249 3772 3330 τέσσαρα

2168 3343 2340 3421 μέρη,
2394 3341 2605 3421 ἑκάστῳ
2655 3340 2956 3420 στρατιώτῃ
3009 3341 3198 3422 μέρος,
3245 3339 3337 3399 xui
3403 3340 3491 3398 τὸν
3534 3343 3765 3419 χιτῶνα,

2162 3424 2275 3493 ’Ἦν
2331 3433 2384 3493 δὲ
2441 3435 2468 3490 6
2514 3428 2681 3510 χιτὼν
2715 3429 2988 3510 ἆῤῥαφος,
3043 3432 3103 3488 ἐκ
3151 3431 3254 3487 τῶν
3291 3429 3490 3488 ἄνωθεν
3538 3430 3774 3509 ὑφαντὸς

2165 3524 2360 3583 διόλου.
2424 3511 2590 3581 Εἶπον
2649 3510 2738 3579 οῦν
2791 3519 2922 3600 πρὸς
2985 3519 3268 3590 ἀλλήλους·
3328 3521 3427 3592 Μὴ
3491 3519 3773 3599 σχίσωμεν

2166 3613 2356 3685 αὐτὸν,
2410 3611 2550 3670 ἀλλὰ
2596 3610 2857 3688 λάχωμεν
2898 3608 3022 3690 περὶ
3070 3609 3267 3682 αὐτοῦ,
3313 3609 3451 3676 τίνος
3485 3609 3652 3668 ἔσται·
3677 3607 3774 3668 ἵνα

2164 3701 2423 3782 ἡΓραφὴ
2476 3701 2772 3779 πληρωθῇ,
2829 3703 2864 3771 ἡ
2919 3697 3187 3776 λέγουσα’
3253 3697 3636 3778 Διεμερίσαντο
3696 3699 3773 3760 τὰ

2163 3792 2354 3870 ἱμάτιά
2410 3813 2545 3867 μου,
2602 3789 2694 3847 xui
2755 3787 2845 3847 ἐπὶ
2904 3787 2994 3846 τὸν
3049 3788 3342 3866 ἱματισμόν
3412 3812 3513 3864 μου
3570 3787 3771 3848 ἔϐαλον

2165 3885 2385 3961 κλῆρον.
2429 3901 2459 3938 ι)
2498 3878 2580 3940 Δι’
2632 3870 2706 3938 ὧν
2749 3882 2778 3938 6
2815 3877 3063 3945 διάϐολος
3098 3878 3475 3959 πονηρεύεται,
3524 3879 3578 3936 αἱ
3622 3901 3768 3958 προ-

2166 3976 2376 4051 φητεῖαι
2425 3973 2768 4050 πληροῦνται.
2817 3969 2930 4029 Καὶ
2975 3967 3073 4048 ὅρα
3127 3967 3225 4040 τὴν
3277 3969 3563 4041 ἀλήθειαν·
3605 3971 3774 4049 Τρεῖς

2165 4054 2299 4134 ⁸ἦσαν
2355 4063 2402 4120 οἱ
2436 4063 2857 4139 σταυρωθέντες,
2905 4058 2994 4117 xui
3046 4057 3189 4134 ὅμως
3242 4059 3328 4115 ἐπ’
3391 4061 3550 4117 αὐτοῦ
3601 4059 3772 4136 μόνου

2163 4153 2492 4230 πληροῦνται
2535 4148 2602 4207 τὰ
2646 4153 2752 4207 τῶν
2790 4149 3098 4229 προφητῶν.
3154 4146 3262 4207 Καὶ
3305 4149 3497 4208 σκόπει
3525 4148 3621 4221 τὴν
3667 4151 3770 4221 τῆς

2163 4240 2486 4322 προφητείας
2516 4237 2810 4318 ἀκρίϐειαν.
2869 4240 2951 4296 Οὔ
2984 4235 3191 4322 γὰρυότι
3219 4238 3534 4318 ἐμερίσαντο
3565 4237 3720 4316 μόνον
3749 4289 3764 4311 ,

2167 4320 2289 4389 ἀλλί
2328 4333 2408 4387 δτι
2437 4327 2530 4388 καὶ
2556 4330 2651 4386 οὐκ
2677 4327 3024 4406 ἐμερίσαντο,
3062 4320 3207 4385 εἶπεν
3235 4331 3263 4384 6
3288 4327 3588 4408 προφήτης.
3675 4330 3769 4387 Τὰ

2166 4420 2261 4495 μὲν
2293 4410 2382 4477 οῦν
2408 4419 2546 4477 ἄλλα
2575 4418 2770 4494 ἱμάτια
2802 4417 3164 4492 διενείμαντο,
3202 4418 3288 4475 τὸν
3312 4417 3365 4474 δὲ
3394 4421 3600 4495 χιτῶνα
3619 4461 3636 4488 ,
3666 4417 3727 4475 οὒ
3747 4465 3765 4491 ,

453 4507 614 4580 Quod
661 4516 846 4563 autem
898 4529 924 4556 ιι
970 4522 998 4562 a
1057 4521 1281 4562 summo
1328 4505 1493 4563 fuerit
1533 4517 1811 4574 contexta,
1865 4533 1890 4560 το
1943 4527 2053 4566 non

2163 4508 2300 4566 ἀλλὰ
2329 4507 2514 4588 κλήρῳ
2541 4506 2602 4565 τὸ
2632 4516 2862 4585 πρᾶγμα
2889 4505 3210 4586 ἐπέτρεψαν.
3241 4506 3322 4566 Τὸ
3346 4507 3399 4564 δὲ
3422 4553 3440 4585 ,
3471 4535 3496 4560 σι
3524 4505 3628 4566 Ἐκ
3656 4511 3770 4565 τῶν

452 4596 653 4653 frustra
683 4596 792 4652 fuit
831 4596 1165 4668 appositum.
1207 4597 1273 4651 Et
1320 4597 1416 4652 alii
1444 4597 1668 4669 quidem
1698 4599 1891 4655 dicunt
1918 4601 2050 4656 alle-

449 4687 657 4760 goriam
684 4702 780 4758 per
808 4685 914 4741 hoc
941 4687 1174 4757 signari,
1204 4686 1354 4757 quod
1395 4703 1508 4742 non
1533 4687 1852 4759 simpliciter
1880 4689 2052 4746 homo

447 4775 616 4831 fuerit
657 4774 964 4842 cruciﬁxus,
1008 4774 1103 4831 sed
1133 4783 1188 4831 et
1213 4776 1479 4832 deitatem
1508 4794 1742 4850 superne
1772 4778 2048 4836 habuerit.

450 4865 686 4936 Quidam
734 4881 862 4920 vero
911 4881 1087 4934 genus
1132 4865 1324 4921 dicunt
1359 4867 1619 4923 tunicula
1661 4869 2050 4940 evangelistam

449 4971 694 5010 narrare.
749 4953 888 5024 Quia
937 4955 1089 5010 enim
1139 4955 1414 5012 Palastiui
1449 4957 1589 5013 duos
1634 4974 1844 5030 pannos
1890 4975 2048 5015 com-

449 5043 728 5101 mittendo
791 5051 1090 5100 contexunt
1149 5053 1356 5112 vestes,
1412 5061 1512 5118 pro
1579 5055 1767 5103 sutura
1835 5055 2051 5104 utentes

451 5141 713 5190 contextu
765 5150 779 5188 :
832 5132 1192 5190 manifestans
1245 5137 1492 5190 Joannes
1514 5136 1662 5206 quod
1703 5136 1828 5192 talis
1882 5135 2051 5194 fuerit

449 5223 713 5291 tunicula,
735 5223 876 5278 dixit
895 5223 1042 5294 quod
1067 5246 1092 5269 ιι
1121 5239 1151 5278 a
1183 5239 1406 5279 summo
1428 5239 1524 5295 per
1542 5232 1722 5281 totum
1745 5225 1908 5282 fuerit
1925 5243 2049 5283 con-

447 5321 614 5383 texta,
664 5335 688 5362 ι
730 5312 835 5368 hoc
880 5321 986 5380 est,
1016 5313 1084 5367 ab
1114 5313 1270 5368 initio
1306 5321 1363 5369 et
1391 5329 1628 5384 superne
1659 5330 1828 5386 usque
1857 5315 1928 5372 ad
1956 5317 2045 5371 in-

449 5401 600 5455 fima.
620 5400 937 5457 Manifestat
954 5411 1138 5456 autem
1157 5401 1287 5457 hinc
1308 5401 1573 5458 vilitatem
1589 5404 2045 5462 vestimentorum

447 5490 670 5545 Christi.
709 5491 817 5545 Alii
846 5500 1033 5546 autem
1065 5491 1260 5546 dicunt
1289 5491 1441 5563 quod
1484 5492 1538 5547 in
1568 5493 1864 5551 Palastina
1911 5511 2046 5551 con-

445 5586 700 5634 texantur
727 5580 850 5635 tela
879 5596 993 5635 non
1031 5581 1170 5636 sicut
1205 5581 1350 5653 apud
1375 5598 1478 5637 nos
1510 5602 1521 5638 :
1558 5599 1688 5639 nam
1726 5599 1887 5656 supra
1928 5585 2046 5656 qui-

445 5665 573 5721 dem
617 5673 699 5721 est
745 5667 924 5734 ﬁlum,
969 5667 1110 5724 infra
1157 5679 1343 5726 autem
1373 5671 1681 5727 contexitur
1728 5688 1961 5744 pannus,
1989 5681 2045 5729 et

449 5755 524 5809 ita
569 5755 840 5828 regressio
869 5755 967 5813 ﬁt:
1003 5758 1096 5813 sed
1125 5761 1408 5816 contrario
1453 5760 1619 5816 modo
1663 5781 1675 5818 :
1709 5760 1849 5818 infra
1891 5763 2043 5820 enim

2161 4597 2357 4657 ἄνωθεν
2395 4595 2659 4677 ὑφαντὸς,
2707 4619 2734 4654 no
2791 4598 2890 4676 οὐχ
2929 4597 3112 4662 ἁπλῶς
3165 4596 3518 4672 πρόσκειται,
3563 4596 3680 4655 ἀλλ’
3713 4599 3770 4656 οἱ

2161 4688 2258 4762 μὲν
2307 4684 2631 4766 ἀλληγορίαν
2675 4685 2808 4767 φασὶ
2851 4688 2921 4743 δι’
2969 4687 3130 4744 αὐτοῦ
3177 4685 3495 4757 δηλοῦσθαι,
3540 4685 3622 4746 ὅτι
3661 4686 3770 4767 οὐχ

2160 4777 2342 4844 ἅπλῶς
2368 4776 2642 4853 ἅνθρωπος
2683 4765 2749 4846 ἧν
2780 4779 2808 4834 6
2837 4774 3258 4854 σταυρούμενος,
3309 4774 3448 4832 ἀλλὰ
3479 4775 3570 4832 xui
3614 4773 3759 4832 ἄνω-

2159 4870 2246 4925 θεν
2277 4865 2374 4936 τὴν
2421 4863 2644 4936 θεότητα
2690 4854 2822 4944 εἶχε.
2906 4863 3064 4930 Τινὲς
3112 4863 3166 4920 δὲ
3218 4861 3347 4922 αὐτὸ
3390 4863 3451 4922 τὸ
3485 4854 3617 4929 εἶδος
3665 4869 3767 4923 τοῦ

2156 4954 2472 5034 χιτωνίσκου
2498 4952 2629 5035 φασὶ
2658 4953 2746 5012 τὸν
2781 4952 3162 5031 εὖαγγελιστὴν
3189 4952 3438 5030 ἱστορεῖν.
3523 4952 3762 5027 Ἐπειδὴ

2157 5043 2261 5122 γὰρ
2290 5046 2341 5103 ἐν
2379 5047 2445 5122 τῇ
2491 5043 2832 5121 Παλαιστίνῃ
2865 5042 2956 5100 δύο
2991 5041 3129 5123 ῥάκη
3179 5042 3608 5118 συμϐάλλοντες,
3641 5042 3767 5115 ἤτοι

2157 5133 2252 5190 δύο
2295 5135 2494 5206 πανία,
2547 5133 2819 5214 ὑφαίνουσι
2861 5132 2929 5192 τὰ
2969 5131 3161 5208 ἱμάτια
3193 5131 3310 5189 ἀντὶ
3342 5134 3515 5212 ῥαφῆς
3543 5131 3766 5211 χρώμε-

2156 5245 2238 5280 νοι
2268 5226 2342 5302 τῷ
2387 5225 2735 5302 συνυφασμῷ’
2773 5223 2948 5292 δηλῶν
2997 5225 3025 5279 6
3059 5219 3349 5292 Ἰωάννης,
3399 5220 3481 5279 ὅτι
3527 5225 3766 5291 τοιοῦτος

2157 5313 2185 5370 6
2210 5301 2614 5390 χιτωνίσκοςῆν
2636 5353 2653 5382 ,
2688 5301 2833 5369 εἶπεν
2852 5355 2869 5386 ,
2895 5309 2976 5367 ὅτι
3011 5331 3040 5368 α
3079 5311 3181 5370 Ἐκ
3211 5313 3316 5368 τῶν
3355 5309 3551 5369 ἄνωθεν
3582 5309 3764 5370 διόλου

2158 5400 2415 5480 ὑφαντὸς,
2463 5426 2493 5458 »
2546 5401 2847 5470 τουτέστιν,
2909 5401 3000 5459 ἀπ’
3044 5404 3213 5479 ἀρχῆς
3268 5399 3359 5458 καὶ
3413 5400 3610 5458 ἄνωθεν
3658 5401 3766 5467 ἕως

2154 5491 2322 5549 κάτω.
2386 5493 2554 5562 Δηλοῖ
2612 5490 2665 5548 δὲ
2716 5493 2951 5549 ἐντεῦθεν
2997 5489 3057 5547 τὸ
3110 5489 3317 5556 εὐτελὲς
3371 5494 3476 5547 τῶν
3525 5489 3762 5564 ἱματίων

2153 5585 2243 5636 τοῦ
2294 5582 2546 5660 Χριστοῦ.
2601 5579 2786 5638 Ἄλλοι
2835 5578 2890 5638 δέ
2922 5603 3114 5660 φασιν,
3171 5578 3250 5636 ὅτι
3305 5581 3358 5636 ἐν
3412 5579 3760 5659 Παλαιστίνῃ

2160 5668 2472 5748 ὑφαίνουσιν
2500 5667 2619 5736 τοὺς
2638 5667 2840 5741 ἱστοὺς,
2874 5670 2973 5748 οὐχ
3000 5672 3070 5735 ὡς
3095 5667 3223 5748 παρ’
3253 5669 3382 5744 ἡμῖν
3404 5713 3420 5741 ,
3447 5668 3612 5726 ὄντων
3645 5669 3761 5727 ἄνω

2154 5757 2250 5834 μὲν
2294 5761 2397 5817 τῶν
2427 5756 2598 5835 μίτων
2631 5759 2723 5818 καὶ
2768 5763 2862 5818 τοῦ
2907 5758 3201 5836 στήμονος,
3233 5757 3383 5816 κάτω
3433 5755 3486 5816 δὲ
3530 5759 3760 5837 ὑφαινο-
