4128 6452
367 437 470 491 277

1189 439 1580 496 ENARRATIO
1620 440 1686 496 IN
1729 438 2161 497 EVANGELIUM
2196 438 2499 496 JOANNIS.
2547 467 2607 478 —
2651 439 2800 494 CAP.
2841 440 2963 494 XIX.

3595 442 3701 496 278

384 564 539 642 μένου
593 567 689 624 τοῦ
743 565 984 638 πανίου,
1031 566 1124 625 καὶ
1167 565 1330 634 οὕτως
1385 564 1796 639 ἀναϐαίνοντος,
1851 564 1986 625 ἀλλὰ

2095 572 2226 621 sunt
2267 563 2378 630 ﬁla,
2413 565 2468 619 in
2508 579 2734 620 summo
2763 572 2949 619 autem
2999 564 3315 620 contexitur
3352 570 3688 622 contextus:

379 653 681 713 τούναντίον
702 697 720 726 ,
747 653 904 714 κάτω
938 653 1038 733 μέν
1066 657 1198 715 εἰσιν
1228 660 1279 716 οἱ
1323 656 1464 732 μῖτοι
1483 703 1499 732 ,
1529 655 1643 715 ἄνω
1681 657 1737 714 δὲ
1769 656 1986 738 ὑφαίνε-

381 768 474 803 ται
502 744 564 804 τὸ
596 743 843 825 ὕφασμα.
933 748 1221 820 Τοιοῦτος,
1267 746 1460 827 φησὶν,
1498 738 1565 819 ἦν
1610 750 1638 804 6
1679 745 1845 826 χιτὼν
1899 750 1991 805 τοῦ

389 833 608 913 Κυρίουο
660 836 962 912 μυστηρίου
995 835 1052 895 δὲ
1195 837 1297 916 δὴ]
1327 835 1538 904 πάντως
1565 835 1658 894 καὶ
1687 835 1774 894 διὰ
1804 836 1992 895 τούτου

385 923 741 1002 δηλουμένου.
797 925 881 985 Τὸ
908 927 1013 1005 γὰρ
1053 929 1212 1002 σῶμα
1258 930 1351 985 τοῦ
1406 926 1607 1007 Κυρίου
1655 926 1853 984 ἄνωθεν
1897 926 1991 1002 μὲν

386 1015 614 1094 ὖφάνθη.
700 1017 933 1092 Πνεῦμα
975 1013 1080 1094 γὰρ
1139 1014 1291 1094 ἅγιον
1345 1017 1571 1090 ἐπῆλθε,
1629 1015 1721 1074 καὶ
1774 1015 1996 1093 δύναμις

391 1104 655 1186 ’Υψίστου
686 1104 976 1164 ἐπεσκίασε
1105 1105 1381 1186 Παρθένῳ.
1404 1108 1495 1186 ,Εἰ
1524 1104 1626 1184 γὰρ
1661 1103 1754 1163 καὶ
1785 1105 1994 1181 ἀνθρώ-

399 1185 501 1253 που
540 1194 692 1268 φύσιν
745 1194 970 1254 ἀνέλαϐε
1021 1194 1117 1266 τὴν
1171 1185 1532 1254 κάτωνοῦσαν
1563 1194 1655 1254 καὶ
1699 1199 1991 1267 πεσοῦσαν,

400 1285 537 1343 ἀλλὰ
686 1283 885 1342 ἄνωθεν
939 1290 1034 1344 τοῦ
1077 1285 1229 1362 ἇγίου
1261 1285 1575 1364 Πνεύματος
1623 1283 1809 1364 χάριτι
1859 1308 1987 1343 συν-

391 1374 522 1446 έστη
561 1373 656 1431 καὶ
686 1373 957 1450 συνεπάγη
1012 1379 1045 1445 ἡ
1093 1375 1208 1432 θεία
1249 1373 1401 1455 σάρξ.
1521 1373 1601 1434 Τὸ
1641 1375 1815 1432 τοίνυν
1846 1373 1994 1451 ἅγιον

386 1465 555 1540 σῶμα
600 1466 696 1520 τοῦ
741 1463 975 1542 Χριστοῦ
1042 1463 1328 1542 ἀμέριστον
1377 1465 1526 1535 ἐστι,
1577 1463 1686 1530 τοῖς
1736 1461 1992 1542 τέσσαρσι

383 1558 484 1611 τοῦ
535 1553 744 1630 κόσμου
792 1554 972 1630 μέρεσι
1039 1554 1384 1633 μεριζόμενον
1446 1552 1538 1612 καὶ
1601 1551 1986 1627 διαδιδόμενον.

389 1641 1002 1720 Κατακερματιζόμενος
1043 1642 1150 1724 γὰρ
1202 1646 1255 1702 ἐν
1301 1650 1411 1710 τοῖς
1458 1643 1576 1702 καθ’
1615 1641 1744 1714 ἕνα,
1776 1641 1868 1699 καὶ
1898 1641 1993 1709 τὴν

383 1732 623 1790 ἑκάστου
669 1731 846 1812 ψυχὴν
877 1732 1111 1810 ἁγιάζων
1160 1733 1295 1810 μετὰ
1325 1737 1418 1791 τοῦ
1465 1730 1711 1807 σώματος
1741 1734 1769 1789 6
1814 1734 1994 1791 Μονο-

382 1820 548 1899 γενῆς
593 1821 683 1879 διὰ
724 1826 816 1893 τῆς
862 1822 1000 1888 ἰδίας
1045 1822 1267 1902 σαρκὸς,
1311 1823 1612 1900 ὁλοκλήρως
1659 1820 1750 1879 καὶ
1799 1820 1992 1898 ἀμερί-

383 1933 529 1978 στως
578 1912 632 1968 ἓν
663 1909 802 1977 ὅλοις
849 1911 1029 1988 ἐστὶν,
1075 1911 1327 1992 ὑπάρχων
1361 1915 1662 1990 πανταχοῦ.
1727 1912 1994 1985 Οὐδαμῶς

383 2001 492 2080 γὰρ
540 2000 894 2079 μεμέρισται,
943 2003 1085 2060 καθὰ
1130 2001 1223 2060 καὶ
1275 2004 1490 2068 Παῦλος
1541 2005 1662 2081 βοᾷ.
1746 1999 1906 2060 Ἐπεὶ
1937 1998 1991 2058 δὲ

384 2093 448 2149 ἐκ
495 2091 774 2170 τεσσάρων
816 2091 1093 2171 στοιχείων
1142 2092 1203 2150 τὸ
1249 2100 1356 2151 πᾶν
1413 2091 1724 2170 σύγκειται,
1774 2089 1990 2162 νοητέον

384 2179 605 2254 ἱμάτιον
674 2186 762 2240 τοῦ
820 2179 1036 2254 Ἰησοῦ,
1101 2180 1198 2253 τὴν
1258 2180 1582 2262 φαινομένην
1644 2179 1846 2251 ταύτην
1897 2177 1990 2237 καὶ

383 2269 836 2348 προϐεϐλημένην
883 2269 1090 2343 κτίσιν,
1141 2270 1207 2343 ἣν
1260 2273 1308 2329 οἱ
1354 2270 1598 2348 δαίμονες
1652 2268 1988 2348 μερίζονται,

385 2357 518 2416 ὅταν
552 2359 642 2418 τὸν
689 2361 744 2419 ἐν
797 2363 928 2438 ἡμῖν
986 2359 1081 2436 μὲν
1117 2365 1206 2419 τοῦ
1251 2362 1398 2420 Θεοῦ
1449 2359 1604 2438 λόγον
1650 2357 1987 2438 νεκρώσωσι,

382 2449 732 2518 σπουδάζωσι
781 2449 834 2507 δὲ
867 2453 965 2521 τῆς
997 2448 1207 2528 μερίδος
1237 2452 1440 2508 ἑαυτῶν
1488 2447 1819 2520 ποιήσασθαι
1845 2452 1993 2524 ἡμᾶς

381 2537 473 2596 διὰ
523 2542 619 2608 τῆς
665 2539 796 2617 πρὸς
830 2537 901 2596 τὰ
950 2537 1185 2616 κοσμικὰ
1234 2538 1620 2618 προσπαθείας.
1710 2535 1873 2598 Ἀλλὰ
1901 2536 1990 2595 τὸν

379 2632 593 2706 χιτῶνα
637 2630 700 2686 οὗ
745 2625 1000 2686 δύνανται
1042 2632 1258 2705 τεμεῖν,
1299 2628 1386 2686 τὸν
1417 2631 1471 2687 ἐν
1503 2635 1612 2695 τοῖς
1647 2618 1763 2687 οὖσι
1791 2628 1947 2704 λόγον
1968 2670 1986 2700 ,

382 2721 506 2776 καθ’
543 2715 602 2776 ὃν
641 2716 709 2774 τὰ
736 2717 913 2776 πάντα
943 2718 1172 2791 ὑπέστη.
1261 2716 1375 2778 Κᾶν
1405 2718 1509 2798 γὰρ
1557 2716 1811 2796 μυριάκις
1839 2717 1990 2773 ἀπα-

380 2811 562 2882 τῶμαι
611 2807 718 2866 ὑπὸ
767 2809 874 2865 τῶν
933 2811 1200 2888 ῥευστῶν,
1259 2808 1396 2865 ἀλλὰ
1440 2807 1602 2866 πάλιν
1652 2805 1989 2885 ἐπιγινώσκω

383 2896 522 2954 αὐτὰ
554 2896 750 2976 ῥευστὰ
797 2896 948 2970 ὄντα,
980 2896 1075 2956 καὶ
1120 2897 1211 2956 τὸν
1240 2898 1392 2974 λόγον
1420 2895 1512 2955 καὶ
1541 2894 1640 2968 τὴν
1669 2894 1850 2956 οὐσίαν
1882 2899 1987 2954 τῶν

381 2988 682 3058 ἀπατηλῶν
707 2987 807 3070 καὶί
817 2987 1239 3070 παραρρεόντων
1262 2991 1356 3047 οὐκ
1388 2990 1581 3066 ἀγνοῶ.

473 3098 502 3131 ιι
531 3079 604 3136 Οἱ
634 3075 731 3151 μὲν
764 3068 854 3136 οῦν
885 3068 1209 3158 στρατιῶται
1242 3083 1409 3136 ταῦτα
1437 3076 1717 3149 ἐποίησαν.
1787 3076 1990 3150 Εῖστή-

381 3189 564 3225 κεισαν
622 3167 678 3224 δὲ
732 3165 884 3247 παρὰ
936 3172 1012 3246 τῷ
1064 3170 1277 3247 σταυρῷ
1327 3172 1421 3225 τοῦ
1469 3166 1651 3239 Ἰησοῦ
1704 3171 1738 3238 ἡ
1811 3167 1990 3247 μήτηρ

2026 1865 2074 1926 Β

2101 663 2156 710 et
2203 654 2328 710 talis
2375 668 2594 726 quoque
2626 652 2733 709 fuit
2760 653 2944 710 tunica
2997 654 3247 708 Domini.
3279 655 3702 713 Sacramentum

2099 759 2318 815 quoque
2363 752 2418 798 et
2457 759 2554 814 per
2599 742 2706 798 hoc
2752 743 2912 799 nobis
2941 743 3278 800 insinuatur.
3317 746 3461 799 Nam
3498 759 3700 816 corpus

2101 833 2331 888 Domini
2393 848 2625 904 superne
2681 831 2907 905 quidem
2955 841 3278 889 contextum
3321 842 3424 889 est.
3472 835 3703 905 Spiritus

2099 925 2250 979 enim
2277 931 2500 979 sanctus
2528 923 2675 978 venit
2710 939 2876 994 super
2920 923 3217 996 Virginem,
3248 933 3303 980 et
3326 925 3502 981 virtus
3526 925 3701 981 Altis-

2100 1015 2229 1069 simi
2259 1013 2611 1069 obumbravit
2647 1029 2770 1069 eam
2811 1014 2874 1069 “.
2906 1014 3067 1070 Licet
3094 1015 3245 1070 enim
3272 1014 3514 1070 hominis
3536 1022 3700 1071 natu-

2100 1119 2221 1159 ram
2249 1104 2572 1174 susceperit,
2606 1119 2731 1176 quae
2778 1102 3007 1159 inferior
3048 1112 3104 1159 et
3149 1104 3327 1160 labilis
3371 1113 3472 1172 est,
3515 1112 3700 1161 tamen

2098 1209 2336 1265 superne
2363 1194 2597 1266 Spiritus
2623 1194 2793 1249 sancti
2829 1195 3006 1266 gratia
3032 1194 3301 1262 constitit,
3330 1201 3385 1249 et
3411 1202 3701 1266 compacta

2097 1291 2182 1338 est
2206 1283 2389 1338 divina
2426 1299 2574 1338 caro.
2610 1283 2786 1349 Igitur
2811 1291 3068 1339 sanctum
3097 1299 3294 1354 corpus
3323 1283 3524 1339 Christi
3554 1283 3700 1339 indi-

2099 1371 2320 1428 visibile
2344 1381 2427 1427 est
2453 1381 2509 1427 et
2530 1372 2792 1428 dividitur
2811 1381 2864 1428 et
2885 1373 3333 1429 communicatur
3368 1373 3423 1428 in
3463 1381 3702 1445 quatuor

2099 1470 2284 1533 partes
2312 1461 2484 1517 orbis.
2532 1462 2873 1518 Distributus
2898 1463 3047 1517 enim
3076 1462 3326 1533 singulis,
3357 1471 3412 1519 et
3441 1463 3706 1518 uniuscu-

2090 1551 2291 1623 jusque
2327 1551 2569 1606 animam
2595 1550 2958 1619 sanctiﬁcans,
2991 1551 3158 1623 753
3188 1567 3318 1607 cum
3350 1567 3579 1624 corpore
3608 1567 3705 1623 per

2099 1656 2256 1696 suam
2287 1656 2509 1696 carnem
2549 1641 2884 1713 Unigenitus
2931 1649 2986 1696 et
3013 1642 3225 1713 integer
3266 1650 3321 1697 et
3347 1641 3613 1698 indivisus
3645 1641 3703 1698 in

2104 1731 2361 1786 omnibus
2401 1738 2507 1800 est,
2539 1731 2798 1786 exsistens
2827 1730 3050 1802 ubique.
3093 1734 3398 1802 Nunquam
3427 1731 3576 1786 enim
3617 1729 3704 1786 di-

2103 1820 2252 1875 visus
2278 1829 2378 1890 est,
2423 1820 2567 1874 sicut
2603 1828 2661 1875 et
2697 1821 2899 1874 Paulus
2926 1819 3126 1875 clamat
3156 1820 3219 1876 ι’.
3257 1820 3394 1892 Quia
3423 1828 3610 1875 autem
3637 1835 3706 1876 ex

2101 1918 2337 1982 quatuor
2359 1909 2644 1965 elementis
2668 1909 2997 1964 universum
3019 1909 3386 1964 constitutum
3414 1915 3518 1976 est,
3547 1907 3708 1964 intel-

2098 1998 2262 2070 ligere
2303 1999 2432 2053 licet
2489 2013 2586 2070 per
2644 1999 2969 2054 vestimenta
2999 2000 3132 2054 Jesu
3170 1998 3445 2054 visibilem
3481 2006 3537 2052 et
3573 2011 3704 2068 pro-

2102 2089 2338 2160 positam
2366 2088 2507 2144 hanc
2531 2095 2864 2150 creaturam,
2898 2103 3067 2160 quam
3087 2087 3366 2144 daemones
3386 2086 3705 2158 partiuntur

2099 2177 2322 2250 quando
2382 2177 2441 2232 in
2483 2176 2640 2233 nobis
2707 2192 3024 2232 sermonem
3083 2177 3191 2234 Dei
3229 2175 3506 2232 occidunt.
3553 2178 3708 2231 Dant

2099 2267 2251 2322 enim
2309 2283 2537 2339 cperam
2602 2276 2666 2322 ut
2717 2281 2819 2322 nos
2871 2281 3030 2322 suam
3091 2265 3298 2322 faciant
3341 2274 3552 2338 partem
3613 2280 3709 2336 per

2100 2355 2423 2412 affectiones
2451 2355 2525 2412 ad
2571 2355 2878 2424 mundana;
2921 2355 3017 2412 sed
3044 2356 3296 2411 tunicam
3331 2371 3444 2410 non
3477 2360 3711 2426 possunt

2098 2444 2345 2502 dividere
2370 2445 2424 2500 in
2453 2445 2538 2500 his
2568 2460 2694 2516 qua:
2720 2455 2852 2501 sunt
2881 2445 3152 2500 sermonis
3194 2460 3292 2516 per
3319 2459 3486 2518 quem
3519 2444 3708 2501 omnia

2099 2535 2394 2591 constituta
2455 2542 2607 2590 sunt.
2670 2536 2813 2590 Nam
2877 2534 3021 2590 licet
3071 2533 3334 2589 inﬁnities
3385 2532 3629 2602 decipiar
3673 2547 3706 2589 a

2101 2623 2267 2680 ﬂuxis
2303 2633 2355 2680 et
2392 2623 2742 2688 transitoriis,
2792 2623 2991 2678 iterum
3021 2631 3207 2678 tamen
3231 2636 3466 2695 agnosco
3491 2637 3555 2678 ea
3587 2635 3707 2678 esse

2099 2713 2432 2781 transitoria,
2463 2721 2517 2769 et
2549 2713 2824 2769 rationem
2868 2728 2932 2767 ac
2971 2713 3342 2769 substantiam
3373 2719 3702 2784 praetereun-

2096 2803 2242 2860 tium
2271 2811 2328 2860 et
2353 2798 2636 2860 fallaciam
2657 2819 2770 2859 non
2801 2803 3018 2876 ignoro.
3231 2815 3236 2820 '

2169 3091 2352 3146 Vnus.
2385 3092 2566 3144 24-27.
2599 3110 2624 3136 α
2670 3091 2740 3143 Et
2768 3085 2968 3143 milites
3004 3085 3228 3158 quidem
3267 3084 3388 3141 haec
3427 3083 3699 3141 fecerunt.

2099 3180 2327 3236 Stabant
2360 3188 2548 3235 autem
2602 3178 2756 3250 juxta
2795 3193 3016 3233 crucem
3066 3177 3200 3232 Jesu
3234 3183 3417 3231 mater
3469 3174 3608 3246 ejus,
3651 3179 3706 3228 et

379 3259 577 3329 αὗτοῦ,
623 3256 717 3314 καὶ
767 3228 829 3329 ἡι
861 3229 1065 3338 ἄδελδφὴ
1108 3228 1214 3327 τῆς1
1247 3231 1444 3334 μητρὸς
1499 3228 1666 3314 ναῦτοῦ
1724 3228 1986 3335 Μαρία

2101 3285 2260 3325 soror
2287 3269 2477 3324 matris
2507 3228 2625 3340 ejus
2654 3267 2824 3322 Maria
2856 3265 3131 3338 Cleophm,
3173 3273 3229 3320 et
3268 3264 3442 3320 Maria
3472 3228 3705 3335 ﬁagda-

377 3351 469 3403 τοῦ
506 3349 741 3419 Κλοπᾶ,
776 3345 870 3406 καὶ
903 3345 1094 3427 Μαρία
1137 3350 1172 3417 ἡ
1206 3345 1572 3424 Μαγδαληνή.
1661 3346 1866 3418 Ἰησοῦς
1898 3339 1986 3406 οὖν

382 3435 508 3492 ἰδὼν
538 3436 635 3507 τὴν
684 3436 896 3517 μητέρα
925 3481 942 3509 ,
990 3436 1083 3495 καὶ
1131 3436 1221 3495 τὸν
1273 3435 1518 3513 μαθητὴν
1568 3438 1890 3513 παρεστῶτα
1930 3434 1985 3494 ὃν

388 3526 613 3599 ἠγάπα,
652 3526 796 3603 λέγει
947 3524 1111 3604 μητρὶ
1161 3531 1322 3583 αὑτοῦ
1351 3550 1365 3563 ·
1421 3526 1617 3596 Γύναι,
1653 3524 1764 3584 ἰδοὺ
1806 3528 1834 3583 6
1879 3525 1987 3594 υἱός

392 3635 513 3673 σου.
567 3605 703 3674 Εἶτα
747 3605 888 3694 λέγει
936 3619 1014 3696 τῷ
1062 3620 1296 3694 μαθητῇο
1354 3614 1492 3675 Ἰδοὺ
1541 3619 1576 3686 ἡ
1632 3615 1812 3695 μήτηρ
1869 3637 1983 3676 σου.

394 3701 508 3762 Καὶ
539 3707 637 3761 ἀπ’
667 3705 854 3778 ἐκείνης
900 3709 998 3778 τῆς
1043 3703 1190 3782 ὥρας
1237 3704 1427 3766 ἔλαϐεν
1478 3708 1506 3764 6
1546 3704 1788 3782 μαθητὴς
1820 3704 1984 3775 αὐτὴν

392 3794 468 3857 εἷς
495 3792 560 3849 τὰ
596 3790 720 3854 ἴδια.
759 3819 785 3851 ι
823 3798 896 3856 Οἱ
924 3796 1021 3874 μὲν
1053 3785 1141 3854 οῦν
1187 3798 1514 3876 στρατιῶται
1553 3796 1622 3854 τὰ
1652 3800 1745 3866 τῆς
1789 3794 1986 3862 οἰκείας

389 3883 916 3961 ἀνοησίαςθέποίουν·
973 3885 1127 3953 αὐτὸς
1181 3885 1237 3944 δὲ
1289 3891 1383 3957 τῆς
1435 3885 1633 3963 μητρὸς
1690 3884 1985 3965 φροντίζει,

385 3972 645 4031 διδάσκων
694 3979 839 4051 ἡμᾶς
887 3975 1012 4054 ἄχρι
1065 3975 1158 4032 καὶ
1207 3979 1302 4046 τῆς
1349 3974 1661 4040 τελευταίας
1714 3976 1982 4046 ἀναπνοῆς

382 4070 559 4122 πᾶσαν
589 4069 858 4122 ποιεῖσθαι
885 4063 1194 4141 ἐπιμέλειαν
1232 4068 1337 4123 τῶν
1365 4063 1778 4143 γεγεννηκότων.
1867 4063 1979 4124 Καὶ

376 4151 506 4230 ὅρα,
567 4155 686 4219 πῶς
738 4155 911 4212 οὐσῶν
955 4153 1048 4212 καὶ
1090 4156 1266 4213 ἄλλων
1325 4157 1627 4232 γυναικῶν,
1682 4151 1842 4230 μόνης
1887 4157 1982 4224 τῆς

373 4242 578 4320 μητρὸς
618 4251 946 4322 προνοεῖται.
1052 4247 1146 4303 Δεῖ
1193 4242 1299 4324 γὰρ
1330 4243 1671 4320 ἐμποδίζουσι
1722 4242 1816 4318 μὲν
1850 4242 1981 4322 πρὸς

373 4332 684 4391 θεοσέϐειαν
761 4341 871 4400 τοῖς
939 4332 1282 4412 γεγεννηκόσι
1359 4335 1432 4409 μὴ
1520 4332 1804 4412 προσέχειν
1827 4355 1842 4369 ο
1903 4331 1977 4408 μὴ

375 4423 724 4496 ἐμποδίζουσι
783 4423 872 4497 δὲ,
923 4432 1106 4482 πᾶσαν
1162 4424 1334 4482 αὐτῶν
1381 4423 1634 4504 φροντίδα
1695 4423 1981 4482 ποιεῖσθαι·

2095 3359 2232 3414 lene.
2274 3360 2417 3414 Cum
2465 3357 2688 3413 vidisset
2724 3373 2854 3428 ergo
2883 3359 3046 3412 Jesus
3085 3364 3326 3412 matrem
3369 3370 3433 3409 ac
3461 3353 3706 3424 discipu-

2094 3449 2207 3504 lum
2266 3454 2539 3504 astantem
2579 3463 2747 3518 quem
2787 3445 3071 3516 diligebat,
3129 3443 3266 3500 dicit
3323 3443 3484 3499 matri
3527 3457 3642 3498 suae
3683 3459 3699 3498 :

2095 3538 2307 3606 Mulier,
2363 3552 2485 3592 ecce
2539 3535 2680 3590 lilius
2739 3544 2890 3591 tuus.
2931 3533 3136 3590 Deinde
3185 3533 3317 3590 dicit
3376 3533 3642 3604 discipulo
3685 3551 3699 3588 :

2095 3630 2234 3683 Ecce
2271 3635 2452 3682 mater
2481 3634 2595 3680 tua.
2631 3627 2703 3680 Et
2739 3640 2806 3679 ex
2837 3624 2926 3678 illa
2965 3625 3102 3680 hora
3143 3623 3356 3691 accepit
3382 3638 3502 3677 eam
3544 3620 3704 3676 disci-

2094 3717 2255 3788 pulus
2287 3716 2343 3769 in
2383 3731 2504 3770 sua.
2536 3732 2566 3764 δ)
2623 3713 2827 3768 Milites
2865 3712 3086 3784 quidem
3125 3712 3398 3767 faciebant
3449 3726 3550 3781 pro
3605 3725 3702 3764 sua

2091 3804 2419 3877 insipientia.
2457 3806 2579 3874 Ipse
2608 3809 2792 3857 autem
2818 3801 3010 3857 matris
3047 3817 3241 3856 curam
3280 3799 3464 3861 habet,
3493 3798 3702 3853 docens

2090 3910 2194 3950 nos
2239 3909 2411 3966 usque
2453 3893 2521 3948 ad
2563 3899 2876 3947 extremum
2919 3890 3174 3960 spiritum
3222 3904 3449 3944 omnem
3495 3886 3696 3942 habere

2091 3983 2289 4040 debere
2334 3999 2528 4039 curam
2580 3996 2774 4036 eorum
2816 3981 2912 4052 qui
2959 3995 3065 4036 nos
3098 3985 3429 4051 genuerunt.
3478 3979 3548 4032 Et
3577 3974 3700 4030 vide

2091 4071 2370 4146 quomodo
2403 4088 2529 4128 cum
2557 4079 2741 4127 essent
2771 4077 2828 4126 et
2845 4070 2966 4126 alia:
3001 4070 3279 4131 mulieres,
3309 4067 3474 4124 solius
3507 4064 3702 4122 matris

2090 4179 2282 4219 curam
2345 4169 2489 4234 agat.
2555 4163 2699 4216 Nam
2747 4167 2970 4232 oportet
2997 4158 3220 4231 quidem
3274 4157 3587 4229 parentibus
3630 4157 3700 4214 ad

2090 4252 2355 4324 pietatem
2401 4249 2795 4306 obsistentibus
2832 4265 2946 4304 non
2987 4265 3202 4320 parere,
3249 4263 3364 4304 non
3425 4247 3699 4305 obsisten-

2089 4343 2241 4398 tibus
2267 4349 2452 4398 autem
2503 4339 2654 4396 omni
2689 4355 2820 4395 cura
2854 4339 3086 4404 servire;
3126 4339 3269 4394 sicut
3309 4345 3367 4394 et
3408 4338 3525 4409 ipse
3568 4354 3700 4396 cum

2091 4431 2353 4503 migraret
2388 4429 2572 4497 evita,
2615 4427 2767 4500 quod
2804 4428 3092 4484 verisimile
3141 4435 3257 4483 erat
3302 4435 3539 4482 matrem
3593 4427 3700 4485 do-

374 4510 564 4591 ὤσπερ
615 4505 707 4572 οὖν
757 4513 850 4572 καὶ
892 4512 1075 4586 αὐτὸς,
1126 4511 1307 4584 ἐπειδὴ
1364 4513 1631 4590 ἀπεδήμει
1684 4518 1774 4572 τοῦ
1831 4511 1978 4591 βίου,

2095 4521 2202 4577 lere
2248 4528 2305 4576 et
2341 4518 2657 4591 praesidium
2697 4519 2994 4590 requirere,
3045 4515 3389 4573 concredidit
3425 4515 3696 4588 discipulo

375 4603 468 4660 καὶ
501 4599 603 4673 τὴν
651 4601 862 4680 μητέρα
914 4602 1050 4670 εἰκὸς
1093 4593 1156 4675 ἧν
1189 4605 1367 4680 ἀλγεῖν
1400 4602 1492 4662 καὶ
1522 4601 1618 4675 τὴν
1650 4602 1980 4681 προστασίαν

379 4695 695 4763 ἐπιζητεῖν,
764 4693 1044 4772 ἐγχειρίζει
1101 4696 1178 4773 τῷ
1237 4697 1450 4773 μαθητῇ
1503 4691 1600 4763 τὴν
1653 4693 1983 4769 προστασίαν

381 4782 571 4850 αὐτῆς.
629 4781 981 4860 Ἀποκρύπτει
1019 4781 1073 4840 δὲ
1127 4782 1188 4840 τὸ
1237 4786 1428 4841 οἰκεῖον
1477 4784 1644 4861 ὄνομα
1675 4784 1982 4861 δεῦαγγελι-

381 4872 546 4942 στὴς,
599 4872 916 4950 μετριάζων.
979 4873 1048 4932 Εἰ
1088 4871 1193 4951 γὰρ
1236 4871 1482 4931 ἐϐούλετο
1523 4872 1848 4947 κομπάζειν,
1887 4869 1980 4930 καὶ

378 4961 477 5030 τὴν
508 4962 686 5019 αἰτίαν
712 4961 1039 5041 προσέθηκεν
1073 4960 1137 5019 ἂν
1156 5006 1172 5034 ,
1222 4963 1287 5019 δι’
1316 4962 1380 5032 ἣν
1409 4965 1677 5040 ἠγαπᾶτο.
1734 4960 1844 5021 Καὶ
1875 4960 1979 5040 γὰρ

378 5051 518 5117 εἰκὸς
563 5041 628 5121 ἦν
661 5053 901 5129 μεγάλην
930 5049 1049 5108 τινὰ
1078 5043 1211 5108 εἶναι
1253 5051 1453 5124 ταύτην
1498 5052 1591 5111 καὶ
1640 5051 1973 5128 θαυμαστήν.

375 5140 561 5202 Βαϐαῖ
597 5140 654 5200 δὲ
699 5145 814 5208 πῶς
857 5139 1014 5216 ἐτίμα
1045 5140 1133 5198 τὸν
1189 5140 1467 5219 μαθητὴν,
1514 5141 1738 5221 ἀδελφὸν
1794 5145 1981 5200 ἑαυτοῦ

372 5238 563 5292 τοῦτον
595 5229 942 5307 ποιούμενοςέ
974 5230 1135 5290 Οὕτω
1165 5231 1326 5291 καλὸν
1357 5236 1434 5312 τῷ
1475 5229 1559 5310 [
1593 5231 1680 5308 τὸ]
1725 5230 1981 5310 παραμέ-

373 5347 481 5383 νειν
526 5324 752 5401 Χριστῷ
810 5321 1112 5397 πάσχοντιη
1165 5323 1236 5388 εἷς
1287 5319 1622 5402 ἀδελφότητα
1668 5319 1772 5401 γὰρ
1821 5321 1980 5379 αὐτοῦ

375 5414 520 5486 ἄγει.
576 5411 879 5488 Θαύμασον
910 5411 966 5470 δὲ
987 5456 1002 5482 ,
1039 5412 1156 5476 πῶς
1183 5413 1235 5468 ἐν
1265 5413 1340 5491 τῷ
1370 5413 1585 5490 σταυρῷ
1625 5411 1800 5468 πάντα
1841 5413 1978 5468 ἀτα-

377 5505 559 5583 ράχως
616 5512 787 5578 ποιεῖ,
852 5505 951 5572 τ’ἤς
1015 5500 1216 5579 μητρὸς
1278 5500 1602 5580 φροντίζων,
1661 5499 1983 5578 προφητείας

374 5595 598 5672 πληρῶν
620 5636 637 5665 ,
677 5597 760 5678 τῷ
795 5594 976 5674 λῃστῇ
1009 5589 1334 5667 παράδεισον
1379 5590 1602 5667 ἀνοίγων
1627 5613 1640 5626 ·
1671 5589 1774 5670 πρὸ
1805 5591 1860 5648 δὲ
1892 5597 1984 5649 τοῦ

441 5756 479 5792 η
509 5758 645 5818 Luc.
680 5773 728 5827 ι,
761 5759 850 5816 35.
936 5750 1033 5806 ¹²Ι
1065 5749 1194 5805 Cor.
1229 5763 1277 5818 ι,
1301 5753 1381 5806 13.

2089 4609 2473 4682 praefecturam
2499 4610 2638 4681 ejus.
2666 4609 2920 4664 Occultat
2944 4615 3133 4663 autem
3172 4605 3456 4678 proprium
3487 4621 3698 4663 nomen

2092 4700 2440 4772 evangelista,
2479 4698 2766 4754 modestiae
2804 4697 3003 4767 gratia.
3043 4699 3186 4752 Nam
3227 4695 3270 4750 si
3313 4693 3577 4750 voluisset
3611 4711 3699 4751 ar-

2090 4806 2290 4863 rogans
2313 4805 2454 4856 esse,
2485 4803 2708 4844 causam
2728 4788 2896 4843 etiam
2921 4787 3265 4858 apposuisset
3285 4793 3509 4857 propter
3531 4800 3700 4857 quam

2091 4875 2285 4935 fuisset
2357 4879 2606 4934 dilectus.
2666 4877 2891 4933 Etenim
2942 4875 3239 4932 verisimile
3284 4884 3404 4931 erat
3439 4890 3699 4946 magnam

2087 4969 2380 5042 quamdam
2417 4967 2580 5023 istam
2617 4982 2736 5023 esse
2764 4975 2818 5022 et
2848 4965 3179 5022 mirabilem.
3221 4968 3346 5021 Jam
3377 4979 3532 5036 papa:
3560 4979 3700 5037 quo—

2088 5058 2258 5114 modo
2293 5058 2530 5113 honorat
2549 5056 2901 5128 discipulum,
2928 5053 3163 5111 fratrem
3190 5070 3353 5111 suum
3377 5054 3537 5109 illum
3561 5052 3698 5108 faci-

2091 5151 2223 5204 ens?
2265 5150 2456 5219 Usque
2500 5147 2636 5204 adeo
2676 5147 2886 5203 bonum
2917 5153 2998 5201 est
3041 5159 3265 5200 manere
3302 5141 3447 5213 apud
3483 5141 3698 5213 patien-

2089 5246 2204 5294 tem
2241 5237 2548 5304 Christum;
2588 5252 2720 5292 nam
2781 5236 2834 5291 in
2876 5233 3276 5290 fraternitatem
3323 5231 3468 5286 illius
3519 5231 3693 5288 ducit.

2089 5327 2382 5384 Admirare
2404 5335 2590 5382 autem
2630 5323 2914 5398 quomodo
2966 5324 3024 5378 in
3058 5337 3219 5378 cruce
3265 5319 3448 5376 omnia
3489 5318 3697 5391 absque

2089 5418 2406 5473 turbatione
2453 5415 2604 5484 facit,
2653 5415 2850 5471 matris
2916 5429 3107 5468 curam
3159 5425 3346 5483 agens,
3389 5409 3702 5482 prOphetias

2094 5507 2351 5578 implens,
2416 5505 2618 5562 latroni
2655 5504 2970 5575 paradisum
3013 5501 3278 5574 aperiens,
3319 5507 3448 5556 ante
3482 5515 3699 5556 crucem

2092 5606 2277 5653 autem
2303 5595 2581 5660 laborans,
2611 5593 2817 5650 sudans
2846 5592 3041 5649 anxius
3073 5610 3087 5645 :
3127 5599 3292 5663 atque
3325 5589 3444 5647 haec
3475 5589 3701 5662 quidem
