4128 6458
428 451 538 506 279

1461 446 1981 505 THEOPHYLACTI
2015 445 2378 502 BULGARUE
2414 445 2725 502 ABCHIEP.

3635 439 3754 496 280

427 573 688 631 humana
719 579 958 643 naturae,
1005 572 1096 629 illa
1141 579 1328 630 autem
1357 570 1557 630 divinae
1607 572 1837 629 virtutis.
1885 573 2034 630 Con-

2154 574 2376 652 σταυροῦ
2428 572 2704 651 ἀγωνιῶν,
2765 571 2956 649 ἱδρῶνο
3034 566 3175 629 ὥστε
3247 570 3424 628 ἐκεῖνα
3475 565 3574 643 μὲν
3643 568 3752 637 τῆς

430 662 696 721 fundatur
734 662 983 720 Marcion
1023 670 1082 718 et
1117 678 1311 718 omnes
1337 662 1426 718 alii
1475 662 1568 734 qui
1608 663 1887 719 Christum
1929 677 2039 718 nu-

432 759 638 826 gantur
710 750 769 807 in
821 750 1033 807 mundo
1091 751 1406 823 apparuisse
1441 752 1603 823 juxta
1666 751 2040 823 apparentiam

430 849 673 899 tantum.
717 844 864 897 Nam
901 841 947 897 si
975 850 1140 897 natus
1172 856 1287 896 non
1320 839 1536 913 fuisset,
1573 856 1756 913 neque
1806 848 2040 896 matrem

433 929 740 988 habuisset.
787 930 900 986 Cur
942 929 1089 986 enim
1131 937 1347 986 tantam
1392 929 1466 985 de
1502 945 1565 985 ea
1608 945 1801 986 curam
1839 928 2041 985 habet?

436 1018 733 1092 Quomodo
774 1026 960 1075 autem
1012 1034 1170 1075 soror
1223 1020 1421 1075 matris
1469 1020 1589 1092 ejus
1633 1018 1833 1075 dicitur
1870 1017 2042 1073 Maria

431 1108 710 1182 Cleophae,
739 1123 866 1165 cum
890 1108 1143 1165 Joachim
1172 1124 1285 1164 non
1317 1109 1570 1165 habuerit
1592 1108 1759 1164 aliam
1789 1108 2041 1180 prolem?

432 1198 706 1272 Cleophas
747 1196 918 1254 frater
961 1196 1064 1253 fuit
1097 1198 1322 1270 Joseph,
1372 1206 1580 1255 etcum
1620 1198 1827 1270 absque
1865 1195 2044 1253 liberis

432 1297 581 1347 esset
618 1295 879 1344 mortuus
909 1287 1178 1359 Cleophas
1215 1292 1309 1355 (ut
1334 1288 1560 1361 quidam
1579 1288 1817 1353 dicunt),
1841 1285 2043 1357 Joseph

433 1377 555 1451 ejus
581 1393 817 1434 uxorem
846 1376 1033 1443 duxit,
1069 1385 1124 1432 et
1145 1378 1326 1448 proles
1354 1377 1508 1433 fratri
1541 1376 1768 1450 peperit,
1803 1391 2041 1447 quarum

434 1460 553 1523 una
581 1474 636 1523 et
670 1482 819 1522 nunc
852 1474 1324 1522 commemoratur
1353 1467 1551 1535 Maria,
1575 1482 1700 1539 quae
1727 1480 1886 1521 soror
1916 1463 2041 1521 dici-

433 1563 528 1612 tur
551 1555 823 1627 Deiparae,
852 1555 959 1612 hoc
993 1564 1077 1611 est
1111 1564 1364 1629 cognata.
1397 1556 1546 1613 Solet
1577 1555 1723 1612 enim
1768 1553 2041 1623 Scriptura

434 1653 699 1718 cognatos
727 1645 911 1701 dicere
958 1643 1188 1714 fratres,
1222 1646 1366 1700 sicut
1407 1654 1462 1702 et
1499 1648 1654 1703 Isaac
1676 1634 1743 1703 de
1780 1643 1899 1705 754
1929 1645 2039 1697 Re-

434 1734 599 1791 becca
628 1732 870 1802 dicebat,
918 1756 944 1783 σι
989 1737 1160 1790 Soror
1195 1750 1316 1789 mea
1345 1743 1430 1791 est
1460 1735 1521 1801 ¹³,
1554 1758 1583 1787 ››
1618 1740 1869 1810 quamvis
1898 1755 2038 1796 uxor

2148 659 2476 740 ἀνθρωπίνης
2523 658 2757 742 φύσεως,
2810 664 2982 719 ταῦτα
3015 656 3070 717 δὲ
3117 661 3211 730 τῆς
3257 656 3400 723 θείας
3442 654 3747 733 δυνάμεως.

2149 748 2519 829 Ἐντρεπέσθω
2576 749 2876 830 Μαρκίων,
2940 747 3035 808 καὶ
3107 749 3155 806 οἳ
3229 746 3382 806 ἄλλοι
3434 744 3630 812 πάντες
3683 747 3747 803 ἐν

2148 839 2414 921 φαντασίᾳ
2459 839 2549 899 τὸν
2592 839 2788 918 Κύριον
2847 841 2924 918 τῷ
2971 835 3160 917 κόσμῳ
3207 839 3440 917 φανῆναι
3493 833 3746 916 φλυαρή-

2148 952 2372 997 σαντες·
2411 932 2457 987 εἰ
2506 928 2609 1009 γὰρ
2660 927 2735 1005 μὴ
2787 927 3068 1007 ἐγεννήθη,
3117 924 3252 1002 μηδὲ
3308 924 3517 1003 μητέρα
3573 922 3745 1002 ἔσχε,

2146 1018 2285 1086 τίνος
2331 1016 2487 1078 ἕνεκα
2515 1017 2779 1090 τοσαύτην
2822 1016 2944 1098 περὶ
2980 1014 3147 1086 αὐτὴν
3195 1016 3429 1074 ποιεῖται
3462 1011 3751 1091 πρόνοιαν;

2148 1111 2260 1175 πῶς
2290 1107 2344 1166 δὲ
2389 1105 2590 1187 ἀδελφὴ
2630 1110 2726 1178 τῆς
2772 1105 2969 1187 μητρὸς
3003 1108 3168 1163 αὐτοῦ
3211 1102 3428 1182 λέγεται
3473 1102 3659 1182 Μαρία
3710 1107 3755 1173 ἡ

2149 1203 2240 1255 τοῦ
2273 1200 2499 1271 Κλοπᾶ,
2551 1195 2727 1256 καίτοι
2777 1202 2870 1255 τοῦ
2914 1193 3169 1271 Ἰωακεὶμ
3223 1192 3299 1270 μὴ
3350 1192 3569 1273 σχόντος
3613 1189 3755 1249 ἄλλο

2149 1285 2361 1362 τέκνον;
2410 1284 2479 1347 ¢0
2514 1287 2729 1351 Κλοπᾶς
2776 1282 2997 1362 ἀδελφὸς
3034 1275 3097 1355 ἧν
3130 1287 3222 1343 τοῦ
3267 1281 3488 1362 Ἰωσήφ·
3523 1281 3755 1347 ἄπαιδος

2151 1373 2205 1433 δὲ
2248 1374 2600 1442 ἀποθανόντος
2636 1377 2730 1432 τοῦ
2765 1375 2993 1446 Κλοπᾶ,
3042 1371 3114 1439 ὥς
3144 1371 3281 1438 τινές
3316 1394 3508 1451 φασιν,
3542 1368 3748 1449 Ἰωσὴφ

2149 1464 2381 1543 ἠγάγετο
2407 1463 2503 1535 τὴν
2531 1467 2723 1522 ἑαυτοῦ
2748 1466 2978 1542 γυναῖκα
2991 1453 3035 1539 ,’
3057 1460 3151 1521 καὶ
3183 1462 3380 1528 παῖδας
3417 1462 3496 1541 τῷ
3525 1460 3745 1538 ἀδελφῷ

2150 1553 2353 1627 ἔτεκεν,
2402 1544 2476 1612 ὧν
2532 1552 2630 1631 μία
2679 1551 2772 1611 καὶ
2823 1556 2858 1623 ἡ
2907 1556 2997 1610 νῦν
3040 1549 3477 1627 μνημονευομένη
3517 1549 3747 1626 Μαρία,

2150 1643 2348 1724 ἀδελφὴ
2377 1642 2639 1720 λεγομένη
2671 1646 2766 1714 τ’ῆς
2794 1642 3100 1717 Θεοτόκου,
3136 1639 3256 1698 ἀντὶ
3302 1645 3395 1698 τοῦ
3417 1685 3434 1711 ,
3464 1637 3745 1718 συγγενής.

2151 1730 2320 1790 Εἷωθε
2349 1731 2450 1811 γὰρ
2483 1737 2516 1802 ἡ
2552 1729 2736 1813 Γραφὴ
2768 1729 2889 1798 τοὺς
2934 1738 3204 1807 συγγενεῖς
3238 1724 3495 1809 ἀδελφοὺς
3540 1726 3753 1813 ὀνομάή

435 1832 597 1880 esset.
646 1827 728 1879 Ita
772 1829 827 1879 et
854 1822 959 1879 hoc
1005 1823 1128 1879 loco
1173 1838 1332 1879 soror
1379 1825 1634 1897 Deipara;
1666 1828 1884 1895 dicitur,
1914 1844 2037 1900 qua

2154 1825 2267 1890 ζειν·
2292 1824 2363 1888 ὡς
2390 1824 2480 1880 καὶ
2502 1811 2689 1881 Ἰσαὰκ
2712 1820 2835 1900 περὶ
2865 1823 2959 1891 τῆς
2987 1817 3282 1900 Ῥεϐέκκας
3303 1863 3319 1891 ,
3352 1819 3434 1876 ὅτι
3456 1842 3481 1871 α
3514 1812 3744 1900 ’Λδελφή

432 1911 688 1984 Cleophas
729 1911 842 1967 ﬁlia
878 1911 1058 1968 habita
1093 1921 1199 1981 est,
1228 1922 1452 1985 propter
1478 1917 1892 1988 cognationem.
1922 1920 2035 1973 Ita-

433 2016 542 2073 que
603 2009 843 2073 quatuor
892 2001 1086 2058 Mariaa
1154 2002 1503 2059 celebrantur
1580 2005 1634 2061 in
1710 2006 2037 2079 Evangeliis.

433 2091 621 2148 Prima
667 2091 930 2162 Deipara,
988 2107 1158 2163 quam
1207 2099 1263 2147 et
1312 2093 1481 2149 Jacob
1524 2102 1581 2149 et
1619 2096 1750 2151 lose
1800 2105 2043 2152 matrem

436 2181 706 2236 nominat.
752 2179 838 2235 Illi
882 2180 1034 2235 enim
1062 2180 1214 2251 pueri
1263 2179 1485 2237 fuerunt
1511 2183 1734 2256 Joseph,
1779 2200 1844 2241 ex
1871 2185 2041 2257 priori

433 2284 607 2326 uxore
655 2268 703 2324 ei
734 2267 867 2337 nati,
898 2267 1134 2325 fortasse
1160 2285 1330 2326 uxore
1371 2270 1647 2343 Cleophas.
1695 2274 1911 2331 Dicitur
1939 2290 2042 2330 au-

433 2365 550 2415 tem
604 2357 841 2429 Deipara
898 2366 1078 2413 mater
1133 2374 1346 2429 eorum,
1400 2361 1527 2431 quia
1579 2378 1849 2432 noverca;
1904 2379 2044 2419 uxor

433 2447 583 2503 enim
615 2446 920 2503 habebatur
953 2446 1173 2518 Ioseph.
1206 2448 1453 2505 Secunda
1477 2451 1650 2506 Maria
1691 2452 2040 2525 Magdalene,

432 2551 466 2593 e
505 2552 614 2610 qua
667 2534 822 2607 ejecit
875 2545 1087 2609 septem
1134 2535 1411 2593 daemonia
1442 2541 1624 2596 Iesus.
1658 2542 1847 2597 Tertia
1890 2542 2042 2598 Cleo-

428 2624 574 2698 phae,
601 2633 657 2681 et
680 2632 875 2697 quarta
905 2625 1099 2681 Lazari
1131 2641 1306 2682 soror.
1342 2629 1660 2701 Assumpsit
1692 2630 1859 2699 igitur
1887 2629 2044 2686 disci-

428 2714 592 2787 pulus
608 2715 840 2771 Mariam
862 2714 922 2769 in
942 2730 1042 2771 sua
1075 2734 1089 2772 :
1117 2732 1249 2771 nam
1274 2732 1411 2788 puro
1438 2733 1574 2789 pura
1601 2727 1684 2775 est
1706 2720 2039 2776 commissa.

432 2802 574 2860 Vide
597 2811 781 2859 autem
811 2802 1094 2875 quomodo
1138 2805 1419 2861 muliebris
1448 2822 1611 2863 sexus
1658 2817 1944 2879 permanet
1988 2809 2045 2864 in

432 2890 873 2959 adversitatibus,
922 2900 978 2948 et
1015 2892 1117 2948 viri
1162 2909 1357 2950 omnes
1398 2894 1806 2968 dereliquerunt
1843 2895 2045 2953 Domi-

434 2997 591 3038 num.
659 2983 743 3037 lta
806 2996 937 3053 ergo
978 2980 1130 3036 venit
1176 2982 1540 3039 corroborans
1568 2986 1716 3056 quod
1763 2985 2047 3041 inﬁrmum

437 3077 581 3139 erat,
619 3078 675 3127 et
701 3085 990 3126 assumens
1021 3070 1174 3143 quod
1201 3071 1336 3127 nihil
1368 3071 1646 3130 habitum.

2147 1909 2247 1987 μού
2280 1913 2424 1981 ἐστι,
2455 1931 2485 1968 »
2523 1909 2696 1968 καίτοι
2723 1907 2856 1985 γυνὴ
2908 1911 3069 1967 αὐτοῦ
3112 1899 3199 1979 ἦν.
3271 1905 3463 1973 Οὕτως
3492 1897 3583 1964 οὖν
3614 1907 3754 1964 κάν-

2145 2005 2314 2059 ταῦθα
2370 1999 2572 2080 ἀδελφὴ
2622 2002 2714 2069 τ’ἧς
2757 1997 3030 2061 Θεοτόκου
3082 1996 3300 2076 λέγεται
3346 2000 3382 2068 ἡ
3432 1999 3526 2054 τοῦ
3558 1998 3755 2056 Κλοπᾶ

2146 2087 2469 2163 νομιζομένη
2515 2087 2783 2168 θυγάτηρ,
2829 2086 2917 2146 διὰ
2944 2086 3042 2158 τὴν
3092 2084 3426 2165 συγγένειαν.
3477 2083 3757 2163 Τέσσαρες

2147 2169 2236 2235 οἷν
2289 2179 2497 2257 Μαρίαι
2548 2176 2895 2255 ἐμφαίνονται
2924 2186 3034 2242 τοῖς
3075 2174 3453 2254 Εὖαγγελίοις·
3495 2171 3683 2253 πρώτη
3714 2176 3753 2245 ἡ

2148 2266 2444 2341 Θεοτόκος,
2475 2267 2538 2337 ἣν
2569 2266 2663 2325 καὶ
2717 2264 2979 2325 Ἰακώϐου
3023 2263 3117 2323 καὶ
3164 2265 3328 2335 Ἰωσῆ
3378 2262 3587 2342 μητέρα
3631 2265 3756 2322 ὀνο-

2151 2356 2426 2433 μάζουσιν.
2463 2346 2628 2416 Οὗτοι
2677 2354 2780 2435 γὰρ
2824 2355 3009 2421 παῖδες
3054 2353 3152 2430 μὲν
3181 2345 3320 2426 ἦσαν
3368 2358 3461 2411 τοῦ
3505 2350 3751 2431 Ἰωσὴφ,

2151 2449 2209 2506 ἐκ
2252 2449 2344 2514 τῆς
2387 2444 2650 2524 προτέρας
2697 2447 2856 2504 αὐτοῦ
2912 2443 3158 2522 γυναικὸς
3210 2442 3574 2521 γεννηθέντες,
3604 2442 3759 2519 τάχα

2148 2537 2244 2605 τῆς
2291 2540 2385 2593 τοῦ
2438 2536 2629 2593 Κλοπᾶ
2679 2532 2947 2611 γυναικός.
3035 2531 3268 2609 Λέγεται
3316 2531 3373 2590 δὲ
3412 2536 3445 2603 ἡ
3491 2528 3759 2596 Θεοτόκος

2151 2623 2332 2702 μήτηρ
2364 2625 2536 2681 αὐτῶν
2583 2625 2655 2689 ὡς
2688 2621 2923 2699 μητρυιά
2948 2644 2962 2659 ο
3011 2622 3145 2701 γυνὴ
3193 2620 3296 2699 γὰρ
3360 2621 3620 2696 ἐλογίζετο
3660 2622 3758 2677 τοῦ

2151 2711 2371 2793 Ἰωσήφ.
2429 2712 2664 2791 Δευτέρα
2707 2716 2740 2783 ἧ
2774 2711 3149 2790 Μαγδαληνὴ,
3193 2712 3283 2791 ἀφ’
3323 2702 3385 2782 ἧς
3438 2707 3762 2781 ἐκϐεϐλήκει

2152 2802 2288 2860 ἑπτὰ
2322 2802 2567 2878 δαιμόνια
2610 2805 2637 2859 6
2668 2801 2876 2873 Ἰησοῦς
2927 2818 2942 2833 ⁸
2967 2799 3122 2879 τρίτη
3175 2804 3208 2871 ἡ
3244 2804 3344 2860 ζτοῦ
3377 2800 3608 2873 Κλοπᾶ,
3656 2796 3756 2856 καὶ

2148 2890 2376 2969 τετάρτη
2401 2897 2435 2963 ἡ
2464 2899 2552 2951 τοῦ
2581 2891 2830 2969 Λαζάρου
2863 2878 3086 2971 ἀδελφή.
3138 2886 3380 2950 Ἔλαϐεν
3428 2878 3519 2947 οὖν
3571 2893 3600 2947 6
3646 2910 3757 2963 μα-

2156 2980 2317 3051 θητὴς
2345 2978 2437 3051 τὴν
2487 2981 2704 3058 Μαρίαν
2748 2982 2819 3046 εἰς
2862 2978 2932 3037 τὰ
2974 2978 3117 3037 ἴδιαι
3171 2983 3248 3059 τῷ
3298 2980 3519 3057 καθαρῷ
3567 2977 3670 3056 γὰρ
3722 2980 3757 3048 ἡ

2155 3070 2364 3148 καθαρὰ
2395 3070 2699 3142 ἐπιστεύθη.
2783 3067 2933 3148 "Oper
2976 3067 3032 3126 δὲ
3076 3072 3188 3135 πῶς
3215 3067 3276 3128 τὸ
3317 3067 3415 3145 μὲν
3459 3069 3758 3146 γυναικεῖον

436 3161 598 3244 φύλον
654 3159 952 3240 παραμένει
1019 3164 1073 3221 ἐν
1132 3170 1240 3230 τοῖς
1291 3164 1502 3237 δεινοῖς,
1571 3166 1619 3223 οἱ
1666 3161 1724 3223 δὲ
1777 3164 1961 3245 ἄνδρες
2021 3159 2372 3237 ἐγκατέλιπον
2429 3160 2624 3228 πάντες
2675 3149 3045 3239 τὸνδΚύριον·
3121 3157 3286 3227 οὕτως
3337 3157 3443 3238 ἄρα
3498 3149 3629 3231 ἦλθε
3692 3155 3758 3215 τὸ

436 3249 649 3318 ἀσθενὲς
675 3249 935 3330 ἐνισχύων
956 3294 971 3324 ,
999 3249 1092 3308 καὶ
1121 3250 1188 3309 τὰ
1207 3251 1587 3329 ἐξουθενημένα
1617 3252 2184 3334 προσλαμϐανόμενος.

507 3342 689 3397 Vens.
724 3343 921 3395 28-30.
959 3362 983 3389 α
1012 3341 1210 3396 Postea
1245 3341 1425 3397 sciens
1464 3346 1629 3398 Jesus
1657 3342 1810 3415 quod
1852 3343 2042 3399 omnia
2076 3342 2120 3406 C

437 3435 822 3487 consummata
864 3428 986 3501 jam
1026 3438 1229 3499 essent,
1276 3439 1337 3485 ut
1392 3441 1873 3489 consummaretur
1901 3433 2042 3489 Scri-

440 3525 624 3590 ptura,
669 3516 806 3573 dicit
847 3517 1048 3575 :Sitio.
1092 3520 1201 3575 Vas
1245 3519 1413 3592 igitur
1443 3529 1564 3577 erat
1606 3522 1848 3593 positum
1893 3530 2048 3578 aceto

437 3608 685 3680 plenum.
737 3607 822 3663 Illi
873 3622 1003 3664 vero
1056 3609 1430 3680 impleverunt
1471 3612 1757 3684 spongiam
1796 3620 1949 3668 aceto
1995 3620 2053 3668 et

438 3696 676 3770 hyssopo
691 3696 1034 3768 impositam,
1050 3705 1107 3753 et
1118 3697 1486 3755 admoverunt
1502 3700 1580 3755 ori
1598 3700 1742 3772 ejus.
1759 3701 1900 3757 Cum
1917 3716 2046 3773 ergo

438 3785 739 3857 accepisset
759 3788 919 3843 Jesus
953 3796 1193 3856 acetum,
1221 3787 1356 3843 dixit
1396 3809 1408 3844 :
1437 3790 1903 3846 Consummatum
1944 3798 2051 3847 est.

439 3878 511 3933 Et
524 3874 786 3931 inclinato
802 3876 1001 3947 capite,
1017 3876 1247 3933 tradidit
1260 3879 1533 3948 Spiritum.
1554 3900 1581 3931 »
1602 3910 1667 3920 —
1688 3898 1715 3931 ιι
1727 3882 1868 3937 Cum
1883 3879 2049 3935 vidis-

439 3974 543 4037 set,
579 3964 775 4037 inquit,
803 3965 963 4020 Jesus
983 3965 1131 4037 quod
1160 3966 1345 4022 omnia
1370 3976 1756 4025 consummata
1789 3977 1990 4036 essent,
2025 3991 2052 4017 ιο

442 4055 550 4110 hoc
589 4062 694 4122 est,
738 4053 874 4109 nihil
919 4054 1303 4110 intermisisset
1329 4056 1480 4127 quod
1520 4073 1636 4114 sua:
1679 4057 2050 4128 diSpensatio-

441 4144 528 4199 nis
554 4161 569 4198 :
602 4143 676 4198 ita
696 4142 846 4197 enim
877 4157 1032 4197 mors
1056 4143 1175 4215 ejus
1198 4143 1373 4200 libera
1403 4153 1541 4200 erat.
1569 4148 1695 4202 Non
1728 4146 1875 4202 enim
1903 4147 2057 4218 prius

444 4246 599 4288 mors
634 4245 836 4301 corpus
878 4230 997 4302 ejus
1042 4231 1259 4301 invasit,
1294 4248 1457 4304 quam
1492 4235 1611 4306 ipse
1646 4233 1838 4290 voluit.
1871 4236 2061 4290 Voluit

443 4324 654 4390 autem,
689 4335 819 4375 cum
847 4320 1232 4391 complevisset
1258 4322 1469 4390 omnia,
1511 4330 1798 4395 propterea
1826 4332 1881 4380 et
1913 4325 2057 4381 dice-

444 4408 540 4465 bat
561 4426 577 4465 :
601 4430 628 4457 α
650 4411 986 4465 Potestatem
1006 4407 1184 4465 habeo
1208 4411 1446 4482 ponendi
1466 4412 1716 4468 animam
1742 4428 1923 4469 meam
1947 4412 2009 4470 “.
2028 4438 2053 4464 ι.

445 4528 518 4541 -
567 4521 595 4548 σι
650 4497 803 4554 Dicit
829 4499 1039 4570 itaque,
1077 4498 1212 4556 Sitio
1249 4518 1262 4555 :
1322 4524 1347 4549 ν
1398 4500 1760 4573 prophetiam
1791 4501 1898 4558 hoc
1940 4504 2058 4559 loco

446 4587 705 4660 implens.
761 4592 837 4644 At
882 4588 960 4642 illi
1004 4588 1339 4660 impietatem
1390 4606 1454 4646 ac
1505 4591 1778 4646 malitiam
1818 4609 2050 4649 suorum

446 4693 668 4734 morum
730 4675 1099 4745 declarantes,
1146 4686 1301 4734 aceto
1351 4695 1483 4736 eum
1530 4688 1741 4751 potant,
1791 4681 1849 4736 id
1900 4682 2049 4754 quod

448 4765 828 4824 condemnatis
858 4766 1155 4834 faciebant,
1184 4768 1334 4838 quia-
1362 4768 1665 4841 hyssopum
1696 4778 1920 4841 propter
1945 4770 2050 4827 hoc

450 4853 662 4921 aderat,
716 4863 777 4911 ut
825 4854 1045 4911 lethale.
1089 4856 1329 4925 Quidam
1379 4866 1565 4914 autem
1616 4858 1915 4932 hyssopum
1962 4860 2051 4916 di-

448 4949 589 5000 cunt
631 4942 930 4999 calamum.
973 4943 1123 4999 Talis
1165 4952 1249 4999 est
1295 4946 1449 5001 enim
1497 4948 1794 5004 summitas
1832 4949 2046 5005 calami.

448 5032 889 5104 Circumponunt
926 5031 1097 5105 igitur
1124 5033 1336 5088 calamo
1375 5036 1688 5107 spongiam,
1723 5053 1788 5092 eo
1818 5038 1964 5111 quod
1994 5039 2056 5094 in

447 5119 677 5177 sublimi
706 5128 826 5176 erat
866 5136 929 5177 os
970 5122 1122 5189 Jesu,
1154 5130 1210 5177 et
1250 5122 1325 5178 ita
1371 5124 1661 5196 prophetia
1691 5125 1917 5198 impleta
1946 5135 2049 5196 est,

449 5231 477 5257 ι
511 5212 582 5267 Et
610 5209 667 5265 in
696 5209 783 5266 siti
832 5226 956 5266 mea
988 5220 1316 5282 potaverunt
1345 5228 1435 5268 me
1466 5222 1622 5270 aceto
1655 5213 1716 5278 η,
1744 5215 1789 5287 ξ»
1838 5215 2048 5272 dicens.

448 5300 680 5357 Potatus
708 5301 889 5372 itaque
918 5300 1057 5357 dixit
1098 5318 1112 5355 :
1154 5324 1177 5349 α
1219 5302 1685 5359 Cousummatum
1716 5312 1816 5360 est.
1852 5324 1881 5357 ››
1912 5308 2050 5362 Haec

444 5389 616 5446 etiam
659 5388 943 5462 prophetia
978 5406 1105 5446 cum
1143 5390 1263 5446 aliis
1293 5391 1516 5463 impleta
1547 5401 1649 5461 est,
1681 5392 1813 5449 nihil
1852 5410 2047 5466 super-

449 5486 553 5546 est,
607 5479 791 5535 omnia
842 5488 1237 5537 consummata
1282 5490 1431 5537 sunt.
1482 5481 1703 5553 Absque
1735 5484 2052 5541 turbatione

450 5574 634 5622 autem
664 5577 926 5640 cperatur
964 5578 1020 5627 et
1059 5586 1188 5627 cum
1217 5578 1490 5643 potestate
1520 5572 1725 5644 omnia,
1769 5572 1919 5646 quod
1960 5574 2055 5630 de-

523 5713 567 5750 “
594 5716 737 5773 Gen.
765 5732 874 5788 xx,
905 5720 956 5775 ὅ.

1034 5720 1076 5755 ¹⁸
1105 5723 1264 5778 Joan.
1295 5738 1357 5792 χ,
1395 5727 1477 5780 18.
1559 5722 1601 5757 ¹⁵
1630 5724 1771 5781 Psal.
1808 5739 2028 5797 vam,
2062 5731 2152 5783 22.

2232 3366 2255 3392 α
2277 3336 2433 3399 Μετὰ
2452 3344 2621 3397 ταῦτα
2644 3336 2768 3396 ἰδὼν
2798 3340 2826 3396 6
2857 3335 3089 3410 Ἰησοῦς,
3114 3337 3195 3396 ὅτι
3216 3334 3392 3395 πάντα
3421 3334 3759 3400 τετέλεσται,

2156 3427 2241 3486 ἵνα
2273 3430 2525 3507 τελειωθῇ
2560 3431 2592 3498 ἡ
2646 3428 2690 3486 Γ
2696 3426 2875 3508 ραφὴ,
2926 3428 3107 3505 λέγει·
3150 3428 3324 3505 Διψῶ.
3415 3427 3615 3491 Σκεῢος
3663 3415 3757 3483 οὖν

2156 3516 2327 3576 ἔκειτο
2376 3516 2520 3586 ὄξους
2580 3515 2795 3593 μεστόν.
2911 3520 2983 3576 Οἱ
3038 3515 3092 3575 δὲ
3157 3514 3460 3586 πλήσαντες
3524 3512 3759 3591 σπόγγον

2157 3605 2330 3680 ὄξους,
2369 3606 2461 3665 καὶ
2510 3605 2745 3681 ὑσσώπῳ
2792 3604 3118 3685 περιθέντες,
3170 3603 3542 3685 προσήνεγκαν
3588 3606 3757 3662 αὐτοῦ

2158 3699 2235 3776 τῷ
2267 3696 2512 3772 στόματι.
2556 3694 2694 3754 "Ore
2731 3685 2820 3753 οὖν
2850 3684 3012 3753 ἔλαϐε
3037 3694 3097 3753 τὸ
3123 3693 3234 3762 ὄξος
3262 3697 3289 3751 6
3321 3693 3527 3765 Ἰησοῦς
3550 3740 3567 3771 ,
3600 3684 3719 3751 εἶπε
3743 3716 3760 3732 ο

2159 3788 2172 3808 Γ
2199 3789 2211 3806 ν
2282 3787 2296 3805 Ι
2643 3783 2656 3808 ‘
2769 3784 2781 3803 ’
3236 3784 3251 3807 \
3501 3781 3515 3802 Ι
3734 3780 3749 3802 \

2170 3787 2503 3846 Ιετελεσται.
2552 3788 2662 3844 Καί
2694 3784 2873 3850 κλινας
2904 3788 3000 3853 τὴν
3052 3785 3324 3864 κεφαλήν,
3376 3782 3654 3859 παρεδωκε
3699 3805 3764 3841 το

2159 3880 2395 3950 πνεῦμα.
2434 3897 2460 3930 a
2490 3907 2572 3921 -—-
2613 3897 2643 3928 α
2679 3872 2863 3944 Ἰδὼν,
2899 3872 3092 3955 φησὶν,
3138 3877 3166 3930 6
3196 3872 3434 3945 Ἰησοῦς,
3464 3868 3546 3929 ὅτι
3576 3875 3760 3930 πάντα

2160 3964 2492 4023 τετέλεσται·
2523 3984 2553 4019 ›)
2605 3963 2879 4033 τουτέστι,
2922 3962 3071 4020 οὐδὲν
3114 3960 3288 4020 λείπει
3335 3965 3405 4041 τῇ
3454 3960 3762 4039 οἰκονομίᾳ,

2163 4051 2328 4119 οὕτως
2376 4052 2477 4129 ἄρα
2512 4050 2959 4131 παρηλλαγμένος
3007 4043 3071 4123 ἦν
3102 4054 3130 4109 6
3160 4052 3380 4117 θάνατος
3408 4051 3589 4109 αὐτοῦ.
3675 4051 3761 4109 Οὐ

2162 4142 2265 4221 γὰρ
2311 4140 2566 4219 πρότερον
2612 4142 2811 4211 ἐπῆλθε
2856 4143 2931 4220 τῷ
2970 4140 3184 4216 σώματι
3226 4142 3388 4198 αὐτοῦ
3432 4143 3466 4210 ἡ
3499 4137 3757 4213 τελευτὴ,

2162 4230 2198 4303 ἢ
2232 4230 2329 4296 ἕως
2357 4221 2414 4289 οἷ
2446 4228 2598 4296 αὐτὸς
2629 4228 2899 4288 ἐϐούλετο⁶
2934 4229 3183 4289 ἐϐούλετο
3209 4228 3264 4287 δὲ
3301 4227 3440 4304 μετὰ
3475 4228 3535 4286 τὸ
3578 4228 3758 4288 πάντα

2164 4322 2487 4400 πληρῶσαι·
2531 4316 2619 4377 διὰ
2668 4324 2822 4378 τοῦτο
2877 4318 2979 4398 γὰρ
3023 4320 3112 4377 καὶ
3164 4320 3380 4396 ἔλεγενο
3418 4316 3756 4400 ςἘξουσίαν

2164 4397 2292 4491 ἔχω⁷
2309 4414 2472 4467 θεῖναι
2500 4408 2596 4480 τὴν
2617 4407 2795 4489 ψυχήν
2820 4397 3005 4484 μουρ»
3038 4443 3118 4452 ——
3138 4429 3167 4464 »
3206 4408 3364 4485 Λέγει
3393 4397 3508 4465 οὖν·
3534 4410 3708 4487 Διψῶο
3733 4432 3759 4460 ιι

2165 4497 2490 4579 προφητείαν
2540 4499 2764 4555 ἐνταῦθα
2805 4500 3049 4576 πληρῶν.
3097 4500 3166 4557 Οἱ
3216 4496 3272 4554 δὲ
3319 4496 3379 4555 τὸ
3425 4497 3616 4575 μιαρὸν
3666 4501 3759 4555 τοῦ

2163 4587 2358 4667 τρόπου
2391 4588 2567 4645 αὐτῶν
2617 4584 3033 4663 ἐνδεικνύμενοι,
3077 4586 3189 4655 ὄξος
3220 4584 3378 4643 αὐτὸν
3419 4585 3763 4659 ποτίζουσιν,

2162 4678 2290 4757 ὅπερ
2315 4685 2427 4743 τοῖς
2457 4675 2764 4741 καταδίκοις
2811 4675 3043 4737 ἐποίουν.
3084 4673 3240 4736 Ἐπεὶ
3287 4675 3377 4733 καὶ
3418 4673 3479 4733 τὸ
3510 4674 3760 4735 ὕσσωπον

2160 4766 2246 4828 διὰ
2292 4771 2449 4824 τοῦτο
2496 4764 2852 4845 πρόσκειται,
2900 4767 2971 4831 ὣς
3029 4765 3458 4843 δηλητηριῶδες.
3504 4762 3660 4829 Τινὲς
3707 4764 3763 4823 δὲ

2160 4854 2403 4915 ὕσσωπόν
2461 4877 2621 4935 φασιν
2675 4855 3031 4929 ὀνομάζεσθαι
3096 4853 3184 4913 τὸν
3238 4853 3508 4929 κάλαμον·
3559 4856 3594 4923 ἡ
3657 4852 3763 4933 γὰρ

2161 4951 2249 5004 τοῦ
2281 4944 2527 5020 καλάμου
2558 4944 2699 5019 κόμη
2741 4943 2982 5015 τοιαύτη.
3089 4945 3424 5023 Περιέθηκαν
3453 4942 3625 5023 τοίνυν
3656 4966 3766 5000 κα·-

2161 5033 2319 5114 λάμῳ
2365 5032 2454 5092 τὸν
2503 5032 2738 5111 σπόγγον
2767 5077 2785 5106 ,
2817 5031 2905 5092 διὰ
2946 5032 3007 5091 τὸ
3055 5032 3144 5091 ἐπὶ
3195 5031 3468 5109 μετεώρου
3519 5019 3653 5089 εἶναι
3700 5031 3763 5091 τὸ

2161 5122 2334 5199 στόμα
2384 5127 2476 5181 τοῦ
2524 5121 2744 5196 Ἰησοῦ,
2788 5122 2879 5180 καὶ
2932 5122 3098 5189 οὕτως
3147 5126 3182 5193 ἡ
3235 5119 3535 5201 προφητεία
3582 5123 3758 5194 ἐπλη-

2164 5214 2304 5292 ρώθη
2326 5256 2343 5285 ,
2385 5234 2413 5271 (ι
2449 5210 2556 5272 Καὶ
2588 5216 2659 5279 εἷς
2700 5213 2795 5283 τὴν
2830 5210 2987 5291 δίψαν
3017 5235 3117 5289 μου
3152 5210 3404 5271 ἔπότισάν
3438 5234 3505 5288 με
3535 5210 3685 5288 550;,
3720 5233 3751 5269 υ

2156 5301 2408 5381 λέγουσα.
2450 5304 2729 5368 Ποτισθεὶς
2758 5292 2847 5359 οὖν
2881 5293 3012 5361 εἶπε·
3072 5323 3102 5361 (ι
3127 5300 3453 5361 Τετέλεσται
3482 5322 3496 5337 ο
3532 5325 3559 5355 ι)
3593 5321 3762 5358 τουτ-

2157 5391 2302 5464 έστι,
2342 5390 2434 5450 καὶ
2466 5392 2600 5461 αὕτη
2639 5395 2672 5461 ἡ
2706 5392 3001 5473 προφητεία
3051 5390 3188 5467 μετὰ
3220 5389 3435 5448 πάντων
3477 5389 3719 5470 ἐπράχθη
3741 5432 3760 5462 ,

2160 5478 2306 5539 οὐδὲν
2343 5479 2553 5561 λείπει,
2586 5480 2764 5538 πάντα
2802 5481 3126 5539 τετέλεσται.
3172 5479 3480 5559 Ἀταράχως
3504 5478 3559 5537 δὲ
3592 5480 3763 5557 πράτ-

2162 5594 2243 5629 τει
2272 5568 2365 5629 καὶ
2396 5569 2516 5648 μετ’
2565 5569 2801 5638 ἐξουσίας
2852 5571 3029 5629 πάντα
3053 5593 3067 5607 ’
3101 5568 3196 5629 καὶ
3251 5569 3312 5629 τὸ
3358 5568 3475 5640 ἑξῆς
3516 5565 3571 5626 δὲ
3602 5574 3763 5628 τοῦτο
