4128 6434
361 423 454 479 281
1198 427 1592 486 ENARRATIO
1629 428 1697 486 IN
1735 429 2126 488 EVAGELIUM
2152 431 2456 489 JOANNIS.
2495 461 2566 474 --
2603 431 2754 488 CAP.
2793 432 2923 488 XIX.

3602 435 3704 490 282

375 549 540 620 δηλοῖ.
579 547 687 617 Ὧς
725 550 836 631 γὰρ
867 551 1175 633 ἀπηρτίσθη
1215 552 1432 626 πάντα,
1473 582 1497 608 ι
1536 554 1717 622 κλίνας
1756 555 1854 627 τὴν
1897 579 1978 616 κε·

2098 557 2315 614 clarant
2382 556 2685 629 sequentia.
2749 560 3052 628 Postquam
3107 555 3260 612 enim
3321 566 3704 614 consummata

375 640 547 720 φαλὴν
610 640 633 718 (
693 641 756 699 οὗ
819 640 934 722 γὰρ
1001 641 1318 722 προσήλωτο
1375 644 1513 717 αὕτη
1567 650 1630 721 ),
1697 646 1869 726 ἀφῆκε
1931 645 1992 706 τὸ

372 735 619 806 πνεῦμα,
682 757 708 783 ι
775 733 1088 805 τουτέστιν,
1145 731 1396 812 ἄπέψυξε.
1459 735 1648 794 Καίτοι
1707 735 1790 817 ἐφ’
1835 739 1988 812 ἡμῶν

372 819 685 904 τούναντίον
738 818 984 896 γίνεται,
1046 821 1303 901 πρότερον
1365 822 1461 899 μὲν
1518 823 1619 904 γὰρ
1670 825 1992 901 ἐκπνέομεν,

374 899 500 967 εἶτα
556 907 812 994 κλίνομεν
876 909 974 980 τὴν
1035 899 1292 994 κεφαλήν.
1348 899 1602 980 Ἐκεῖνος,
1635 913 1686 974 δὲ
1737 899 1989 994 πρότερον

372 998 618 1072 ἔκλινεν,
661 990 778 1056 εἶτα
813 998 1052 1079 ἐξέψυξε.
1099 1002 1186 1059 Δι’
1226 991 1300 1059 ὧν
1339 1001 1555 1060 πάντων
1588 990 1870 1076 δηλοῦται,
1906 990 1988 1061 ότι

372 1093 464 1146 τοῦ
507 1088 743 1148 θανάτου
787 1089 948 1156 αὐτὸς
992 1088 1188 1170 Κύριος
1220 1080 1315 1165 ἦν,
1345 1091 1435 1150 καὶ
1475 1092 1652 1152 πάντα
1683 1093 1802 1152 κατ’
1843 1091 1988 1162 ἐξου-

379 1175 496 1236 σίαν
528 1177 699 1236 ἐποίει
713 1225 725 1237 .

456 1385 481 1410 ι
512 1359 586 1416 Οἱ
632 1351 722 1416 οὖν
755 1356 1034 1431 Ἰουδαῖοι,
1075 1357 1163 1417 ἵνα
1201 1358 1276 1435 μὴ
1319 1359 1474 1437 μείνη
1512 1359 1598 1418 ἐπὶ
1626 1365 1716 1419 τοῦ
1758 1367 1986 1441 σταυροῦ

366 1446 433 1502 τὰ
464 1444 700 1521 σώματα
739 1448 790 1505 ἐν
829 1452 906 1528 τῷ
948 1447 1256 1529 Σαϐϐάτῳ,
1291 1449 1404 1507 ἐπεὶ
1445 1449 1760 1526 παρασκευὴ
1803 1445 1868 1521 ἧν
1898 1443 1986 1531 (ἧν

366 1533 474 1611 γὰρ
510 1537 724 1612 μεγάλη
764 1541 797 1607 ἡ
829 1538 1005 1617 ἡμέρα
1045 1537 1219 1611 ἐκείνη
1257 1543 1350 1596 τοῦ
1384 1537 1734 1619 Σαϐϐάτου),
1764 1539 1982 1618 ἠρώτη-

372 1645 476 1680 σαν
507 1623 602 1682 τὸν
654 1626 890 1685 Πιλάτον
911 1672 927 1698 ,
975 1625 1065 1685 ἵνα
1108 1631 1444 1705 κατεαγῶσιν
1473 1630 1646 1686 αὐτῶν
1679 1629 1746 1687 τὰ
1784 1629 1984 1704 σκέλη,

371 1711 468 1770 καὶ
501 1714 760 1791 ἀρθῶσιν.
795 1707 998 1776 Ἦλθον
1031 1706 1122 1774 05v
1151 1719 1199 1775 οἱ
1237 1721 1602 1797 στρατιῶται,
1637 1718 1727 1777 καὶ
1757 1724 1850 1778 τοῦ
1890 1718 1987 1796 μὲν

371 1800 596 1881 πρώτου
626 1804 889 1873 κατέαξαν
935 1806 1002 1865 τὰ
1053 1807 1251 1880 σκέλη,
1289 1805 1380 1864 καὶ
1422 1811 1512 1866 τοῦ
1567 1807 1729 1866 ἄλλου
1769 1813 1858 1866 τοῦ
1889 1833 1988 1868 συ-

371 1892 776 1975 σταυρωθέντος
833 1896 998 1975 αὐτῷ.
1038 1894 1170 1955 Ἐπὶ
1214 1895 1269 1954 δὲ
1315 1895 1406 1954 τὸν
1453 1896 1660 1968 Ἰησοῦν
1714 1897 1988 1970 ἐλθόντες,

370 1983 444 2046 ὡς
497 1969 640 2039 εἶδον
685 1984 843 2042 αὐτὸν
890 1983 996 2055 ἤδη
1049 1987 1382 2062 τεθνηκότα,
1431 1987 1490 2046 οὐ
1535 1985 1797 2054 κατέαξαν
1831 1990 1988 2045 αὐτοῦ

368 2068 441 2127 τὰ
471 2070 644 2144 σκέλη
667 2094 681 2107 ο
715 2072 832 2130 ἀλλ’
858 2063 932 2141 εἶς
969 2077 1076 2131 τῶν
1109 2077 1448 2154 στρατιωτῶν
1480 2074 1650 2156 λόγχῃ
1695 2078 1790 2156 τὴν
1819 2079 1988 2136 πλευ-

369 2159 471 2236 ρὰν
543 2161 706 2220 αὐτοῦ
773 2161 951 2235 ἔνυΞε,
1006 2161 1099 2220 καὶ
1166 2163 1357 2232 εὐθέως
1418 2164 1629 2235 ἐξῆλθεν
1694 2155 1829 2241 αἷμα
1894 2165 1987 2224 καὶ

368 2246 539 2328 ὕδωρ.
576 2278 602 2301 ι
661 2252 936 2331 Παρέθετο
967 2251 1066 2326 μὲν
1109 2251 1167 2310 τὸ
1199 2257 1409 2328 πνεῦμα
1451 2257 1478 2312 δ
1524 2252 1714 2330 Κύριος
1755 2257 1830 2332 τῷ
1861 2256 1986 2335 Θεῷ

365 2337 464 2395 καὶ
533 2340 744 2418 Πατρὶ,
808 2339 1088 2413 δεικνύων,
1140 2345 1210 2408 ὣς
1269 2343 1364 2401 οὖκ
1417 2341 1494 2401 ἔτι
1551 2343 1657 2409 τοῖς
1713 2343 1985 2418 μνήμασιν

364 2427 806 2508 ἔμφιλοχωροῦσι
871 2433 978 2488 τῶν
1040 2429 1206 2509 ἁγίων
1238 2433 1294 2489 αἱ
1354 2432 1558 2512 ψυχαὶ,
1627 2430 1873 2510 τρέχουσι
1929 2432 1983 2491 δὲ

363 2519 575 2592 μᾶλλον
612 2519 685 2584 εἰς
713 2528 899 2598 χεῖρας
930 2524 1022 2580 τοῦ
1057 2520 1271 2579 πάντων
1310 2521 1554 2600 Πατρὸς,
1585 2523 1688 2578 τῶν
1721 2520 1775 2578 δὲ
1808 2521 1984 2602 ἆμαρ-

361 2608 555 2664 τωλῶν
601 2609 674 2672 εἰς
710 2608 798 2666 τὸν
837 2613 934 2679 τῆς
974 2610 1243 2676 κολάσεως
1296 2612 1456 2668 τόπον
1500 2609 1937 2684 κατασπωμένων
1963 2657 1980 2688 ,

359 2695 610 2755 τουτέστι
653 2697 744 2754 τὸν
776 2697 930 2777 ᾅδην.
969 2700 1041 2757 Οἱ
1083 2698 1138 2757 δὲ
1177 2700 1274 2772 τὴν
1313 2699 1558 2774 κάμηλον
1601 2699 1982 2768 καταπίνοντες

360 2785 455 2844 καὶ
498 2786 591 2844 τὸν
639 2789 877 2845 κώνωπα
927 2787 1268 2860 διυλίζοντες,
1317 2790 1631 2859 τηλικοῦτον
1677 2789 1981 2866 ἐργασάμε-

356 2897 438 2932 νοι
463 2874 757 2953 τόλμημα,
782 2876 906 2954 περὶ
936 2881 1026 2947 τῆς
1049 2876 1252 2956 ἡμέρας
1281 2877 1776 2955 ἀκριϐολογοῦνται.
1807 2903 1832 2931 α
1858 2875 1978 2939 Ἵνα

357 2964 500 3045 γὰρ,
542 2966 708 3046 φησὶ,
744 2965 822 3041 μὴ
873 2965 1029 3046 μείνῃ
1061 2965 1153 3025 ἐπὶ
1196 2971 1286 3024 τοῦ
1333 2973 1564 3046 σταυροῦ
1605 2967 1674 3026 τὰ
1715 2967 1978 3044 σώματα,

356 3053 656 3132 ἠρώτησαν
683 3054 774 3112 τὸν
809 3057 1082 3127 Πιλάτον,
1119 3081 1142 3106 ι
1179 3057 1209 3114 δ
1236 3058 1348 3114 ἐστι
1377 3057 1785 3136 παρεκάλεσαν,
1832 3085 1855 3110 ιι
1889 3055 1976 3114 ἵνα

2097 645 2332 703 fuissent
2387 646 2593 714 omnia,
2642 669 2668 696 σι
2711 646 2978 702 inclinato
3009 646 3186 716 capite
3219 668 3244 693 ι»
3297 647 3504 718 (neque
3551 647 3702 704 enim

2102 736 2286 807 ipsum
2329 736 2562 792 afﬁxum
2604 741 2754 803 erat)
2788 758 2813 784 α
2847 735 3030 791 emisit
3055 735 3335 806 spiritum,
3387 758 3412 783 ιο
3447 735 3551 791 hoc
3597 744 3700 804 est,

2097 826 2414 898 exspiravit,
2461 826 2715 898 quamvis
2745 827 2803 881 in
2848 825 3010 881 nobis
3037 825 3379 901 contrarium
3417 823 3533 880 fiat.
3579 825 3705 882 Pri-

2097 930 2258 972 mum
2286 916 2438 973 enim
2463 916 2829 986 exspiramus,
2857 922 2914 971 et
2941 913 3143 970 deinde
3167 915 3488 970 inclinamus
3516 923 3699 987 caput.

2095 1005 2192 1060 Ille
2243 1015 2426 1061 autem
2477 1005 2625 1076 prius
2670 1004 2976 1071 inclinavit,
3023 1002 3222 1059 deinde
3267 1003 3577 1075 exSpiravit.
3629 1007 3703 1060 Ex

2096 1093 2299 1167 quibus
2327 1095 2590 1150 omnibus
2632 1091 3024 1150 manifestatur
3053 1092 3205 1164 quod
3251 1092 3364 1164 ipse
3395 1091 3557 1148 fuerit
3583 1095 3700 1149 Do-

2094 1183 2278 1241 minus
2325 1183 2542 1252 mortis,
2587 1191 2644 1241 et
2669 1183 2861 1240 omnia
2907 1181 3216 1239 secundum
3263 1190 3589 1255 potestatem
3619 1181 3700 1238 fe-

2095 1274 2250 1330 cerit.

2167 1367 2350 1420 Vens.
2394 1367 2578 1420 31-34.
2616 1385 2643 1412 «ι
2693 1362 2873 1420 Judaei
2901 1377 3056 1436 ergo,
3085 1361 3356 1435 quoniam
3407 1377 3700 1434 parasceve

2092 1461 2230 1520 erat,
2261 1460 2326 1510 ut
2365 1469 2478 1508 non
2511 1461 2864 1509 remanerent
2907 1451 2963 1507 in
3005 1467 3169 1508 cruce
3195 1467 3426 1524 corpora
3457 1449 3700 1509 Sabbato

2091 1547 2245 1610 (erat
2279 1544 2425 1598 enim
2471 1558 2703 1615 magnus
2744 1541 2866 1597 dies
2913 1542 3003 1596 ille
3049 1541 3324 1609 Sabbati),
3357 1549 3700 1612 rogaverunt

2097 1631 2334 1688 Pilatum
2375 1639 2437 1688 ut
2465 1630 2848 1704 frangerentur
2873 1647 3067 1687 eorum
3117 1645 3275 1686 crura
3318 1645 3384 1686 ac
3431 1631 3694 1686 tolleren-

2091 1729 2198 1777 tur.
2242 1723 2523 1777 Venerunt
2563 1737 2694 1792 ergo
2721 1720 2887 1791 755
2920 1721 3148 1786 milites,
3180 1728 3236 1775 et
3266 1719 3432 1791 primi
3461 1720 3692 1791 quidem

2095 1809 2378 1883 fregerunt
2425 1827 2609 1877 crura,
2661 1819 2718 1866 et
2745 1809 2974 1865 alterius
3002 1809 3092 1881 qui
3121 1808 3414 1865 cruciﬁxus
3442 1817 3524 1864 est
3564 1825 3696 1865 cum

2027 1901 2070 1964 Β
2099 1915 2185 1956 eo.
2210 1899 2295 1956 Ad
2314 1901 2507 1956 Jesum
2529 1907 2712 1956 autem
2733 1915 2859 1954 cum
2880 1898 3179 1968 venissent,
3204 1907 3264 1952 ut
3283 1897 3540 1953 viderunt
3558 1914 3687 1954 eum

2091 1988 2209 2061 jam
2257 1997 2559 2058 mortuum,
2593 2005 2705 2044 non
2745 1988 3025 2060 fregerunt
3053 1987 3171 2060 ejus
3201 2003 3392 2055 crura;
3434 1986 3528 2042 sed
3558 2003 3699 2043 unus

2099 2079 2340 2135 militum
2386 2080 2574 2134 lancea
2618 2079 2763 2134 latus
2813 2078 2932 2150 ejus
2977 2076 3138 2143 fodit,
3167 2085 3221 2132 et
3249 2077 3507 2132 continuo
3535 2077 3701 2131 exivit

2095 2168 2314 2240 sanguis
2331 2177 2385 2224 et
2403 2183 2562 2240 aqua.
2594 2193 2618 2216 ν
2642 2167 2894 2224 Tradidit
2910 2167 3136 2239 quidem
3157 2166 3409 2238 spiritum
3433 2166 3702 2222 Dominus

2096 2261 2214 2314 Deo
2231 2264 2284 2314 et
2297 2258 2464 2327 Patri,
2487 2258 2784 2314 ostendens
2799 2256 2947 2329 quod
2969 2256 3195 2328 posthac
3212 2255 3696 2328 animaejustorum

2095 2346 2149 2402 in
2199 2348 2575 2402 monumentis
2617 2363 2732 2402 non
2783 2354 3090 2412 versantur,
3130 2354 3361 2401 currunt
3405 2354 3586 2401 autem
3640 2345 3697 2400 in

2095 2452 2293 2492 manus
2337 2437 2520 2492 Patris
2566 2436 2852 2502 omnium;
2884 2435 2979 2491 sed
3029 2444 3378 2506 peccatorum
3409 2435 3610 2491 anima)
3639 2434 3698 2490 in

2094 2527 2281 2582 locum
2313 2525 2566 2596 supplicii
2605 2525 2895 2594 detractat,
2925 2524 3031 2579 hoc
3059 2532 3161 2590 est,
3193 2523 3250 2578 in
3281 2523 3559 2579 infernum
3600 2523 3695 2579 de-

2092 2615 2388 2688 pellentur.
2423 2621 2497 2670 At
2533 2615 2607 2670 illi
2636 2615 2906 2670 camelum
2951 2613 3338 2685 deglutientes,
3381 2620 3436 2668 et
3461 2612 3697 2668 culicem

2091 2705 2425 2771 excolantes,
2456 2703 2547 2759 tali
2587 2711 2798 2775 patrato
2840 2701 3084 2758 facinore
3125 2701 3196 2758 de
3233 2702 3322 2758 die
3353 2701 3694 2758 observando

2089 2794 2376 2866 diligenter
2403 2793 2663 2865 cogitant.
2697 2793 2840 2848 Dicit
2869 2793 3037 2860 enim,
3077 2814 3102 2840 α
3134 2795 3217 2848 Ut
3244 2807 3313 2846 ne
3341 2801 3605 2847 maneant
3640 2791 3693 2846 in

2088 2900 2246 2939 cruce
2272 2899 2523 2955 corpora,
2556 2891 2885 2954 rogaverunt
2913 2883 3168 2948 Pilatum,
3197 2904 3223 2929 ι
3252 2881 3359 2936 hoc
3393 2890 3497 2948 est,
3533 2881 3694 2936 obse-

2088 2982 2397 3039 craverunt,
2442 2997 2465 3021 α
2512 2981 2574 3029 ut
2602 2973 2882 3028 tollantur.
2917 2995 2941 3019 η
2977 2973 3159 3042 Quare
3201 2980 3388 3027 autem
3419 2969 3694 3042 confringi

2088 3079 2246 3118 crura
2293 3079 2485 3119 eorum
2537 3065 2767 3134 petunt?
2816 3063 2896 3118 Ut
2945 3062 2991 3117 si
3039 3061 3207 3117 etiam
3254 3060 3692 3132 superviventes,

358 3145 584 3222 ἄρθῶσι.
624 3173 648 3195 ι
689 3145 857 3211 Τίνος
897 3144 953 3203 δὲ
993 3143 1150 3205 ἕνεκα
1195 3149 1522 3224 κατεαγῆναι
1568 3145 1634 3203 τὰ
1677 3145 1842 3218 σκέλη
1888 3149 1977 3205 αἰ-

415 3240 449 3251 ...
641 3232 694 3255 ιη
881 3237 897 3255 ε»
1021 3234 1033 3255 ι
1099 3237 1115 3255 3
1187 3233 1247 3255 vi
1539 3235 1561 3255 ν
1847 3225 1877 3255 ’Υ

2091 3153 2308 3209 inutiles
2359 3161 2560 3208 essent.
2620 3155 2886 3208 Latrones
2939 3152 3088 3207 enim
3138 3151 3370 3207 fuerant.
3424 3149 3695 3206 Nolehant

354 3240 610 3306 τοῦνται;
641 3232 794 3316 Ἵνα,
853 3237 898 3293 εἰ
950 3234 1040 3293 καὶ
1092 3233 1790 3316 ἐπιζήσουσινλᾶχρηστοι
1839 3232 1978 3294 ὦσι·

351 3324 552 3402 λῃσταὶ
589 3322 697 3404 γὰρ
747 3315 910 3396 ἦσαν.
964 3326 1082 3385 Οὔκ
1134 3323 1413 3384 ἐϐούλοντο
1454 3314 1544 3384 05v
1595 3314 1649 3383 ἓν
1691 3329 1758 3406 τῇ
1805 3325 1980 3407 ἡμέρᾳ

350 3417 449 3485 τῆς
505 3417 694 3492 ἑορτῆς
766 3414 994 3494 τιμωροὶ
1044 3413 1139 3474 καὶ
1209 3421 1380 3494 φονεῖς
1432 3413 1726 3493 φαίνεσθαι.
1778 3413 1981 3483 Ἄλλως

354 3523 452 3571 τε,
508 3503 603 3560 καὶ
663 3509 692 3562 6
743 3504 904 3578 νόμος
952 3501 1119 3569 οὕτως
1175 3504 1412 3576 ἐκέλευε,
1473 3503 1549 3581 μὴ
1605 3504 1835 3562 ἐπιθύειν
1892 3505 1978 3562 τὸν

363 3588 523 3659 ἥλιον
556 3591 647 3648 ἐπὶ
680 3591 905 3672 τιμωρία
958 3592 1266 3672 ἀνθρώπου.
1299 3591 1447 3672 Ὅρα
1479 3594 1533 3652 δὲ
1573 3595 1640 3651 δι’
1665 3585 1738 3652 ὧν
1779 3595 1975 3672 τεχνά-

366 3682 556 3772 ἒονται
628 3682 906 3772 Ἰουδαῖοι,
987 3682 1081 3746 τὰς
1159 3681 1485 3763 προφητείας
1563 3681 1975 3763 πληρουμένας,

367 3764 558 3845 ὥσπερ
597 3764 684 3826 οὖν
720 3775 992 3829 κάνταῦθα
1023 3772 1116 3829 δύο
1146 3772 1199 3829 ἐν
1248 3774 1428 3851 ταύτῷ
1473 3773 1804 3850 πληροῦνται
1843 3795 1977 3852 προ-

368 3866 625 3941 φητεῖαι,
672 3863 744 3926 ὡς
795 3858 980 3939 ἐφεξῆς
1033 3863 1062 3919 ὁ
1107 3859 1486 3940 εὖαγγελιστής
1540 3883 1690 3941 φησι.
1748 3860 1834 3921 Τὰ
1881 3860 1976 3938 μὲν

371 3936 458 4004 οὖν
490 3955 586 4007 τοῦ
649 3947 834 4020 Ἰησοῦ
881 3952 1046 4021 σκέλη
1095 3952 1152 4009 οὗ
1203 3949 1553 4030 συνέτριψαν,
1607 3949 1747 4027 ὅμως
1774 3949 1827 4008 δὲ
1877 3974 1978 4008 κα-

363 4038 782 4116 ταχαριζόμενοι
822 4046 934 4105 τοῖς
976 4041 1282 4116 Ἰουδαίοις,
1332 4047 1604 4099 κεντοῦσιν
1654 4039 1840 4114 αὐτὸν,
1885 4039 1976 4099 καὶ

358 4115 496 4203 αἷμα
537 4127 633 4186 καὶ
673 4129 816 4207 ὕδωρ
867 4127 1176 4209 ἐξέρχεται·
1205 4130 1295 4187 καὶ
1329 4133 1486 4189 τοῦτο
1536 4127 1696 4196 ξένον.
1745 4129 1977 4187 Ἐκεῖνοι

351 4215 451 4289 μὲν
496 4218 603 4293 γὰρ
657 4217 752 4274 καὶ
796 4216 981 4292 νεκρὸν
1038 4216 1098 4275 τὸ
1147 4220 1308 4293 σῶμα
1357 4217 1582 4296 ὑϐρίζειν
1630 4215 1974 4296 ἐπεχείρουν,

353 4309 386 4375 ἡ
433 4306 490 4364 δὲ
541 4305 695 4385 ὕϐρις
741 4309 916 4371 αὐτοῖς
959 4310 1033 4373 εἷς
1070 4311 1250 4382 θαῦμα
1303 4308 1638 4387 περιίστατο.
1685 4307 1796 4365 Καὶ
1840 4296 1974 4383 αἷμα

357 4395 456 4468 μὲν
505 4393 612 4471 γὰρ
675 4399 736 4453 ἐκ
787 4402 974 4475 νεκροῦ
1036 4395 1288 4471 σώματος
1346 4394 1589 4476 προϊέναι
1642 4394 1972 4471 παράδοξον·

356 4483 499 4555 πλὴν
527 4482 645 4562 ἔχει
673 4507 752 4549 τις
786 4490 1131 4565 συκοφαντῶν
1166 4485 1335 4561 λέγειν
1354 4529 1371 4557 ,
1399 4485 1482 4544 ὅτι
1517 4483 1656 4550 εἰκὸς
1696 4474 1830 4542 εἶναί
1855 4509 1972 4543 τινα

355 4572 590 4641 ζωτικὴν
626 4572 704 4630 ἔτι
740 4578 814 4651 τῷ
856 4575 1070 4650 σώματι
1099 4574 1344 4650 δύναμιν.
1374 4576 1452 4634 Τὸ
1493 4576 1633 4654 ὕδωρ
1681 4576 1734 4631 δὲ
1791 4575 1972 4655 προϊὸν

355 4663 744 4741 ἆναντίῤῥητον
785 4663 843 4720 τὸ
884 4669 1062 4740 θαῦμα
1102 4674 1262 4725 ποιεῖ.
1313 4666 1436 4744 Οὐχ
1479 4664 1662 4726 ἁπλῶς
1705 4663 1758 4722 δὲ
1799 4670 1970 4722 ταῦτα

357 4751 598 4824 γίνεται,
643 4753 763 4809 ἀλλ’
811 4753 925 4811 ἐπεὶ
969 4758 1033 4831 τῇ
1073 4753 1377 4834 Ἰζκκλησία
1422 4757 1454 4824 ἡ
1503 4753 1610 4823 ζωὴ
1649 4753 1730 4812 διὰ
1768 4751 1966 4812 τούτων

361 4845 467 4897 τῶν
506 4842 598 4900 δύο
628 4841 825 4918 γίνεναι
865 4843 957 4901 καὶ
995 4843 1339 4903 συνίσταται’
1384 4843 1450 4902 δι’
1486 4841 1673 4908 ὕδατος
1718 4841 1811 4918 μὲν
1851 4866 1968 4919 γεν-

357 4931 611 5005 vri-p.202,
665 4930 731 4989 δι’
783 4930 1010 5006 αἵματος
1067 4931 1123 4990 δὲ
1175 4933 1266 4992 καὶ
1331 4931 1576 5008 σώματος
1641 4934 1964 5014 τρεφόμεθα.

354 5016 533 5078 Ὅταν
571 5011 662 5078 οὖν
698 5022 972 5102 προσέρχῃ
1015 5024 1094 5102 τῷ
1137 5021 1376 5102 ποτηρίῳ
1419 5025 1516 5101 τῇς
1563 5011 1836 5089 κοινωνίας
1873 5028 1967 5082 τοῦ

352 5107 587 5185 αἵματος
607 5115 700 5170 τοῦ
729 5113 963 5188 Χριστοῦ
985 5156 1002 5187 ,
1032 5115 1102 5179 ὡς
1127 5111 1180 5179 ἐξ
1207 5113 1369 5183 αὐτῆς
1399 5115 1492 5182 τῆς
1515 5114 1746 5192 πλευρᾶς
1767 5115 1932 5171 πίνων
1949 5157 1965 5184 ,

348 5198 496 5256 οὕτω
521 5198 776 5259 διάκεισο.
819 5201 1020 5259 Σκόπει
1051 5198 1109 5258 δέ
1137 5223 1227 5274 μοι
1247 5245 1264 5272 ,
1293 5203 1409 5266 πῶς
1439 5198 1526 5256 διὰ
1551 5205 1644 5272 τῆς
1672 5224 1969 5280 τραυματι-

349 5289 570 5358 σθείσης
618 5292 852 5367 πλευρᾶς
900 5289 961 5347 τὸ
1012 5294 1108 5360 τῆς
1146 5290 1410 5367 πλευρᾶς,
1451 5287 1572 5360 ἤτοι
1599 5288 1659 5347 τὸ
1690 5295 1782 5362 τῆς
1829 5289 1968 5357 Εὔας

348 5384 569 5456 τραῦμα
625 5377 1065 5460 ἐκθεραπεύεται.
1109 5377 1254 5437 Ἐκεῖ
1300 5379 1469 5453 Ἀδὰμ
1515 5379 1820 5454 κοιμηθεὶς,
1867 5383 1968 5462 ἆρ-

346 5469 516 5547 ῃρέθη
541 5468 642 5540 τὴν
672 5467 939 5546 πλευρὰν,
982 5469 1256 5525 κάνταῦθα
1302 5471 1329 5525 δ
1375 5467 1566 5545 Κύριος
1602 5468 1922 5548 ἀφυπνώσας
1947 5515 1964 5544 ,

349 5560 444 5630 τὴν
472 5559 707 5640 πλευρὰν
730 5562 806 5641 τῷ
833 5557 1149 5638 στρατιώτῃ
1170 5557 1404 5618 δίδωσιν.
1429 5555 1502 5617 Ἦ
1536 5558 1771 5638 ῥομφαία
1793 5558 1848 5617 δὲ
1872 5564 1964 5618 τοῦ

419 5721 460 5755 ⁸⁸
487 5722 631 5780 Gen.
667 5738 740 5791 η,
776 5728 869 5780 21.

2091 3243 2260 3314 igitur
2287 3243 2343 3298 in
2371 3243 2458 3299 die
2492 3241 2628 3298 festo
2670 3241 2842 3297 videri
2874 3241 3159 3312 punitores
3199 3249 3253 3296 et
3282 3238 3588 3295 homicidae.
3626 3242 3694 3296 Et

2090 3333 2249 3388 aliter
2283 3351 2296 3388 :
2329 3332 2508 3388 Etiam
2553 3332 2639 3387 lex
2682 3332 2754 3386 ita
2786 3331 3157 3403 praecipiebat,
3188 3345 3256 3385 ne
3302 3329 3382 3385 sol
3414 3328 3692 3385 occideret

2089 3422 2145 3477 in
2176 3421 2439 3494 supplicio
2485 3421 2751 3476 hominis.
2784 3421 2920 3476 Vide
2966 3429 3150 3476 autem
3180 3419 3461 3490 quomodo
3494 3434 3590 3490 per
3631 3434 3692 3473 ea

2088 3527 2210 3582 quae
2238 3519 2456 3566 struunt
2485 3509 2687 3573 Judaei,
2721 3510 3023 3581 prophetiae
3052 3510 3398 3580 impleantur.
3433 3510 3524 3565 Sic
3561 3524 3692 3579 ergo

2088 3609 2144 3656 et
2170 3601 2226 3655 in
2255 3600 2361 3656 hoc
2403 3601 2523 3654 loco
2552 3599 2678 3655 dua:
2707 3599 3007 3670 prephetiae
3050 3599 3370 3669 implentur,
3401 3606 3465 3653 ut
3495 3605 3687 3668 postea

2087 3691 2413 3761 evangelista
2449 3688 2604 3744 dicit.
2639 3689 2856 3743 Etenim
2882 3704 3004 3743 ossa
3033 3690 3161 3743 Jesu
3196 3703 3306 3742 non
3332 3686 3692 3757 confringunt

2086 3779 2332 3850 quidem,
2379 3786 2629 3850 pungunt
2663 3785 2850 3832 tamen
2879 3792 3029 3844 eum,
3065 3776 3429 3848 gratiﬁcantes
3455 3775 3688 3842 Judazis,

2085 3877 2141 3924 et
2169 3869 2385 3940 sanguis
2415 3875 2471 3922 et
2511 3882 2654 3937 aqua
2685 3866 2981 3938 egreditur.
3029 3868 3100 3921 Et
3128 3864 3231 3920 hoc
3260 3864 3482 3936 quidem
3509 3863 3685 3918 admi-

2084 3957 2342 4014 randum.
2396 3961 2536 4013 Nam
2579 3956 2652 4011 illi
2701 3955 2924 4028 quidem
2962 3956 3130 4011 etiam
3178 3962 3461 4009 mortuum
3490 3969 3689 4022 corpus

2084 4046 2417 4103 contumelia
2446 4045 2664 4100 afﬁcere
2693 4053 2965 4100 conantur
2995 4066 3005 4098 :
3038 4053 3093 4100 at
3126 4042 3461 4099 contumelia
3494 4042 3597 4097 illis
3636 4045 3690 4098 in

2085 4137 2417 4192 miraculum
2453 4135 2702 4190 vertitur.
2745 4137 2812 4189 Et
2838 4134 3159 4206 sanguinem
3189 4132 3409 4204 quidem
3438 4148 3500 4188 ex
3531 4147 3690 4188 mor-

2084 4235 2182 4280 tuo
2219 4241 2452 4298 corpore
2495 4224 2741 4297 prodisse
2783 4223 3111 4280 admirabile
3151 4230 3257 4291 est,
3308 4231 3690 4278 verumtamen

2086 4324 2269 4387 posset
2298 4315 2422 4386 quis
2467 4314 2932 4386 sycophantarum
2988 4312 3170 4368 dicere
3201 4312 3354 4384 quod
3387 4311 3691 4367 verisimile

2082 4405 2152 4460 sit
2182 4405 2394 4460 vitalem
2427 4404 2720 4475 quamdam
2759 4403 3022 4458 virtutem
3058 4403 3236 4458 adhuc
3269 4402 3434 4457 fuisse
3462 4402 3522 4455 in
3558 4416 3690 4456 cor-

2002 4472 2056 4538 Ῐ)
2084 4511 2231 4567 pore.
2286 4498 2443 4565 Aqua
2483 4501 2668 4548 autem
2712 4508 2926 4565 egressa
2974 4508 3200 4547 omnem
3248 4490 3686 4546 controversiam

2084 4581 2354 4640 miraculo
2400 4583 2558 4638 tollit.
2604 4585 2730 4638 Non
2781 4581 3097 4653 simpliciter
3125 4589 3309 4636 autem
3360 4579 3476 4635 haec
3524 4579 3687 4646 fiunt,
3767 4630 3778 4641 ,

2077 4673 2176 4731 sed
2228 4673 2354 4746 quia
2397 4672 2648 4728 Ecclesiae
2691 4671 2802 4727 vita
2835 4688 2930 4742 per
2983 4671 3094 4726 duo
3137 4671 3236 4726 ista
3269 4677 3323 4725 et
3352 4668 3412 4724 ﬁt
3441 4675 3494 4723 et
3547 4684 3687 4723 con-

2077 4763 2244 4819 sistit.
2280 4765 2418 4818 Nam
2451 4777 2544 4833 per
2571 4777 2772 4832 aquam
2802 4759 3026 4833 quidem
3056 4775 3402 4832 generamur,
3435 4774 3530 4830 per
3569 4773 3693 4814 san-

2075 4853 2296 4923 guinem
2323 4860 2511 4907 autem
2541 4859 2597 4907 et
2619 4867 2819 4923 corpus
2849 4851 3142 4921 pascimur.
3171 4852 3312 4906 Cum
3338 4849 3502 4921 igitur
3535 4865 3688 4905 acce-

2077 4942 2158 4999 dis
2199 4942 2266 4997 ad
2313 4941 2539 4996 calicem
2573 4940 2989 4996 communionis
3017 4939 3302 5010 sanguinis
3347 4939 3572 5003 Christi,
3615 4939 3685 4994 ita

2074 5031 2306 5088 affectus
2353 5030 2430 5086 sis
2482 5029 2636 5101 quasi
2689 5046 2757 5085 ex
2788 5030 2907 5101 ipso
2943 5030 3109 5086 latere
3155 5029 3330 5084 bibas.
3375 5028 3684 5085 Considera

2076 5128 2282 5188 autem,
2330 5119 2614 5190 quomodo
2665 5135 2762 5190 per
2793 5119 3046 5175 saucium
3080 5119 3220 5173 latus
3250 5117 3446 5172 vulnus
3475 5117 3683 5184 lateris,

2077 5209 2182 5265 hoc
2231 5217 2314 5265 est
2348 5212 2497 5274 Evaa,
2550 5217 2779 5264 sanatur
2846 5229 2859 5264 :
2911 5218 2966 5264 et
3011 5209 3156 5263 sicut
3205 5207 3257 5261 in
3285 5205 3536 5278 paradiso
3591 5205 3686 5261 ubi

2076 5299 2254 5354 Adam
2287 5298 2646 5366 obdormivit,
2680 5299 2858 5353 ablata
2887 5305 2968 5352 est
3003 5298 3072 5351 ab
3100 5312 3164 5352 eo
3191 5303 3342 5351 costa
3377 5293 3446 5361 ιδ,
3478 5295 3549 5349 ita
3579 5293 3687 5352 hoc

2077 5389 2196 5444 loco
2218 5405 2344 5444 cum
2378 5389 2650 5444 Dominus
2674 5386 3132 5453 obdormivisset,
3154 5385 3294 5440 latus
3324 5384 3484 5439 militi
3511 5384 3681 5440 dedit.

2075 5477 2422 5549 Rhomphaaa
2450 5486 2641 5533 autem
2665 5477 2858 5531 militis
2879 5475 3054 5547 ﬁgura
3087 5481 3171 5529 est
3191 5472 3529 5544 rhomphzeaz
3555 5491 3683 5529 ver-

2074 5567 2241 5625 satilis
2285 5582 2410 5640 qua:
2452 5565 2706 5638 prohibet
2735 5581 2836 5620 nos
2885 5581 2920 5620 a
2950 5563 3230 5637 paradiso;
3277 5571 3330 5620 et
3359 5563 3483 5635 quia
3516 5581 3682 5621 omne
