4128 6432
475 439 582 491 283

1413 431 1934 487 THEOPHYLACTI
1976 427 2335 485 BULGARIE
2369 429 2685 489 ARCHIEP.

3667 425 3770 482 284

461 557 613 630 quod
657 564 908 614 versatur
933 554 1037 612 nisi
1065 554 1198 627 quid
1227 553 1462 611 obsistat
1499 571 1614 612 non
1643 557 1859 613 absistit
1900 573 1930 612 a
1959 571 2062 611 suo

2184 554 2496 636 στρατιώτου
2550 558 2624 625 εἰς
2685 555 2849 618 τύπον
2905 556 3018 616 ἐστὶ
3072 561 3164 627 τῆς
3216 551 3574 634 στρεφομένης
3637 554 3771 638 ῥομέ

465 665 651 717 cursu,
685 647 960 704 Dominus
987 643 1288 702 ostendens
1327 644 1477 716 quod
1515 646 1894 717 rhomphaaam
1923 645 2074 700 illam

463 739 644 805 sistat,
667 737 930 808 supponit
951 737 1008 791 in
1028 735 1199 807 ﬁgura
1236 734 1380 790 latus
1399 732 1626 792 framea:
1660 737 1874 803 militis,
1897 744 2080 791 osten-

467 828 604 886 dens
633 828 789 884 nobis
817 826 964 900 quod
990 826 1131 882 sicut
1179 823 1387 880 framea
1430 827 1623 881 militis
1664 830 1888 898 appulsa
1921 824 2074 881 lateri

469 917 643 986 stetit,
675 918 748 972 ita
779 927 834 973 et
865 917 1129 972 ﬂammea
1153 914 1338 980 stabit,
1364 923 1418 969 et
1450 931 1560 970 non
1586 916 1731 972 ultra
1757 916 2076 970 iutermine-

465 1015 578 1074 tur,
601 1015 656 1063 et
675 1007 924 1063 versione
952 1021 1049 1060 sua
1071 1011 1364 1070 exterreat,
1394 1004 1742 1076 prohibendo
1763 1005 2073 1076 ingressum

468 1099 520 1152 in
567 1097 900 1168 paradisum.
931 1093 1352 1152 Confundantur
1397 1095 1665 1164 Armenii,
1706 1095 1802 1167 qui
1831 1109 1944 1149 non
1973 1092 2071 1149 ad-

468 1188 697 1244 miscent
742 1188 803 1242 in
845 1186 1120 1258 mysteriis
1166 1198 1365 1254 aquam
1410 1186 1557 1239 vino.
1597 1187 1722 1242 Non
1764 1185 1912 1241 enim
1958 1198 2073 1240 cre-

466 1276 627 1344 dunt,
668 1285 732 1332 ut
774 1276 1012 1342 videtur,
1044 1273 1191 1346 quod
1231 1289 1370 1344 aqua
1415 1290 1481 1330 ex
1512 1275 1678 1330 latere
1709 1290 1931 1346 egressa
1979 1272 2068 1340 sit,

465 1365 612 1438 quod
659 1365 1056 1432 admirabilius,
1096 1366 1266 1440 756
1300 1364 1396 1421 sed
1448 1366 1672 1436 sanguis
1712 1373 1954 1419 tantum.
2000 1364 2074 1418 Et

468 1455 573 1510 hoc
593 1456 713 1511 loco
741 1455 1038 1512 destruunt
1056 1457 1238 1530 majus
1267 1457 1617 1513 miraculum.
1645 1458 1834 1526 Itaque
1851 1451 2074 1524 sanguis

467 1545 782 1617 symbolum
829 1545 980 1617 quod
1029 1546 1197 1603 homo
1237 1548 1309 1603 sit
1354 1548 1401 1604 is
1453 1546 1546 1619 qui
1591 1544 1881 1601 cruciﬁxus
1919 1549 2006 1598 est
2053 1559 2067 1596 :

467 1651 608 1706 aqua
665 1649 815 1704 vero,
871 1635 1020 1707 quod
1089 1637 1135 1692 is
1181 1638 1252 1693 sit
1304 1651 1468 1709 super
1514 1635 1820 1699 hominem,
1877 1631 1936 1688 id
1991 1637 2074 1686 est

473 1728 638 1780 Deus.

471 1821 616 1893 ροῦσι
667 1815 729 1875 τὸ
768 1817 950 1876 πλεῖον
999 1821 1091 1876 τοῦ
1161 1817 1446 1896 θαύματος.

466 1903 526 1962 τὸ
556 1903 610 1963 δὲ
641 1907 781 1984 ὕδωρ
811 1905 947 1988 ὑπὲρ
983 1907 1259 1986 ἄνθρωπον
1278 1955 1293 1982 ,
1323 1912 1418 1966 τοῦ
1456 1896 1590 1964 εἶναι
1618 1905 1778 1966 Θεόν.

536 2005 714 2060 Vnus.
766 2009 947 2059 35-37.
985 2027 1009 2051 α
1050 2008 1121 2060 Et
1149 2005 1241 2076 qui
1270 2005 1426 2072 vidit,
1463 2003 1845 2058 testimonium
1874 2000 2062 2072 perhi-
2093 1989 2144 2053 B

469 2092 619 2160 buit,
672 2102 727 2148 et
778 2109 970 2149 verum
1000 2103 1085 2149 cst
1126 2094 1512 2150 testimonium
1562 2093 1711 2163 ejus,
1743 2100 1797 2147 et
1834 2091 1925 2147 ille
1970 2091 2072 2146 scit

469 2180 624 2252 quod
649 2197 775 2236 vera
806 2181 959 2249 dicit,
982 2190 1044 2236 ut
1072 2190 1126 2238 et
1166 2198 1264 2238 vos
1287 2182 1537 2238 credatis.
1565 2184 1726 2238 Facta
1761 2189 1894 2236 sunt
1921 2180 2073 2237 enim

468 2271 588 2325 haec
613 2278 671 2325 ut
698 2272 980 2342 Scriptura
1008 2272 1361 2343 impleretur:
1399 2274 1476 2328 Os
1505 2288 1617 2327 non
1656 2271 2074 2327 comminuetur

470 2374 536 2415 ex
566 2374 651 2415 eo.
698 2363 764 2415 Et
794 2377 982 2416 rursus
1009 2362 1113 2416 alia
1160 2363 1438 2432 Scriptura
1483 2361 1613 2417 dicit
1652 2381 1664 2416 :
1709 2359 1988 2417 Videbunt
2016 2360 2073 2415 in

469 2463 636 2520 quem
683 2458 1048 2520 pupugerunt.
1104 2473 1130 2498 ιο
1190 2454 1316 2507 Non
1351 2451 1421 2506 ab
1459 2451 1594 2518 aliis,
1633 2451 1832 2522 inquit,
1869 2448 2072 2516 audivi,

468 2538 562 2592 sed
593 2539 703 2609 ipse
733 2555 974 2610 praesens
1003 2539 1138 2609 vidi,
1169 2562 1194 2589 ε
1220 2549 1276 2596 et
1299 2555 1491 2596 verum
1515 2547 1595 2596 est
1619 2539 2020 2596 testimonium.
2044 2560 2070 2588 υ

468 2627 679 2684 Merito.
723 2629 985 2701 lnjuriam
1021 2630 1174 2685 enim
1209 2638 1434 2686 enarrat
1455 2628 1684 2700 factam,
1722 2637 1779 2685 et
1806 2645 1919 2685 non
1945 2644 2070 2684 ma-

469 2732 638 2789 gnum
689 2719 772 2774 vel
831 2718 1200 2776 honoriﬁcum
1261 2720 1490 2793 aliquid,
1555 2728 1618 2775 ut
1667 2728 1959 2791 suspectus
2005 2719 2078 2775 sit

473 2823 688 2874 sermo;
756 2807 855 2863 sed
896 2817 1120 2880 propter
1170 2810 1296 2876 hoc,
1343 2809 1542 2882 inquit,
1613 2808 1733 2865 haec
1789 2807 2078 2880 diligenter

474 2911 697 2965 enarro,
729 2905 781 2952 et
815 2913 879 2953 ea
909 2914 1034 2969 quae
1061 2899 1424 2969 ignominiosa
1457 2898 1720 2954 videntur
1748 2898 1808 2954 in
1832 2897 2078 2954 medium

475 2983 670 3054 affero,
715 2994 778 3041 ut
823 2995 879 3042 et
921 3004 1017 3043 vos
1046 2987 1303 3056 credatis,
1343 2997 1609 3061 tanquam
1652 2987 1882 3044 omnino
1907 2988 2072 3055 veris,

474 3083 530 3129 et
547 3089 658 3130 non
687 3075 755 3131 ad
787 3076 1018 3148 gratiam
1041 3076 1203 3133 ﬁctis.
1234 3080 1379 3134 Nam
1415 3077 1507 3148 qui
1539 3077 1608 3133 ad
1633 3075 1869 3149 gratiam
1899 3077 2080 3149 loqui-

470 3171 578 3232 tur,
642 3167 876 3237 gloriosa
932 3166 1107 3238 magis
1155 3169 1328 3238 ponit.
1381 3166 1520 3238 Quia
1563 3173 1752 3222 autem
1795 3173 1852 3222 et
1895 3169 2078 3223 Moses

467 3252 685 3326 dignior
725 3254 829 3310 ﬁde
863 3271 922 3312 se
964 3256 1274 3325 videbatur,
1319 3256 1543 3313 adducit
1582 3264 1637 3312 et
1665 3254 1816 3312 hunc
1855 3264 2072 3312 testem.

2181 644 2372 726 φαίας,
2400 646 2489 705 καὶ
2521 646 2828 720 κωλυούσης
2853 651 2997 724 ἡμᾶς
3032 647 3090 704 ἐκ
3111 650 3203 704 τοῦ
3235 643 3582 724 παραδείσου.
3614 636 3774 700 Ἐπεὶ

2183 734 2236 793 δὲ
2267 743 2371 792 πᾶν
2407 735 2466 793 τὸ
2501 736 2849 817 στρεφόμενον
2900 736 2990 795 ἐὰν
3040 734 3115 812 μή
3154 757 3259 792 τινι
3312 731 3644 812 συγκρούσῃ,
3677 730 3781 807 οὔχ

2181 823 2394 882 ἵσταται
2442 831 2532 884 τοῦ
2581 827 2713 886 ἰδίου
2770 826 2986 907 δρόμουο
3017 829 3046 883 ὁ
3095 824 3296 904 Κύριος
3352 820 3639 894 δεικνύων,
3694 817 3779 878 δτι

2180 912 2278 985 τὴν
2325 913 2590 996 ῥομφαίαν
2638 917 2844 990 ἐκείνην
2888 915 3108 992 στήσει,
3167 913 3476 984 ὑποτίθησιν
3525 913 3578 970 ἐν
3627 909 3780 988 τόπῳ

2179 1003 2276 1074 τὴν
2307 1003 2540 1084 πλευρὰν
2679 1010 2772 1064 τοῦ
2813 1007 3140 1086 στρατιώτου
3172 1001 3408 1084 ῥομφαία
3430 1018 3443 1033 ⁸
3477 999 3565 1059 ἵνα
3596 1001 3780 1077 δειχθῇ

2181 1098 2344 1168 ἡμῖν,
2379 1094 2460 1152 ὅτι
2507 1093 2689 1177 ὥσπερ
2735 1100 2770 1166 ἡ
2819 1100 2914 1154 τοῦ
2965 1092 3294 1175 στρατιώτου
3340 1095 3784 1170 προσερεισθεῐσα

2180 1189 2246 1264 τῇ
2280 1184 2645 1266 πλευρᾷηέστῂ
2666 1232 2681 1260 ,
2708 1185 2842 1244 οὕτω
2872 1185 2963 1244 καὶ
3010 1189 3043 1257 ἡ
3091 1183 3310 1266 φλογίνη
3351 1183 3640 1254 στήσεται,
3673 1178 3775 1238 καὶ

2182 1276 2278 1332 οὐκ
2306 1271 2386 1331 ἔτι
2415 1272 2501 1331 διὰ
2531 1284 2622 1333 τοῦ
2661 1275 2980 1356 στρέφεσθαι
3025 1276 3352 1345 ἀπειλοῦσα,
3402 1271 3495 1331 καὶ
3526 1270 3786 1344 ἐκδειμα-

2179 1367 2344 1421 τοῦσα
2373 1362 2470 1435 τὴν
2493 1364 2723 1436 εἴσοδον,
2751 1365 3058 1425 ἀποκλείσει
3081 1368 3172 1422 τοῦ
3199 1361 3548 1442 παραδείσου.
3575 1360 3786 1436 Αἰσχυο

2180 1451 2452 1511 νέσθωσαν
2510 1453 2804 1534 Ἀρμένιοι,
2887 1457 2936 1514 οἱ
2993 1453 3067 1532 μὴ
3141 1454 3572 1534 παρακιρνῶντες
3635 1448 3787 1527 ὕδωρ

2178 1543 2256 1620 τῷ
2285 1539 2409 1622 οἴνῳ
2444 1546 2497 1602 έν
2526 1545 2632 1611 τοῖς
2671 1544 2999 1624 μυστηρίοις.
3046 1547 3128 1604 Οὖ
3161 1543 3264 1623 γὰρ
3299 1538 3674 1615 πιστεύουσιν,
3704 1540 3784 1604 ὣς

2179 1629 2380 1703 ἔοικεν,
2411 1631 2492 1691 ὅτι
2525 1634 2614 1692 καὶ
2665 1633 2806 1714 ὕδωρ
2837 1634 3094 1714 ἐξηνέχθη
3139 1637 3234 1705 τῆς
3276 1633 3536 1710 πλευρᾶς,
3582 1628 3644 1686 τὸ
3671 1649 3786 1684 πα-

2183 1719 2552 1802 ραδθξότερον,
2606 1724 2747 1782 ἀλλὰ
2782 1713 2952 1801 μόνον
2989 1713 3194 1801 αἷμα,
3241 1723 3527 1781 κάντεῦθεν
3581 1722 3784 1777 καθαι-

1556 1817 1638 1876 To
1693 1815 1791 1892 μὲν
1853 1803 1944 1872 οὖν
2000 1800 2137 1887 αἷμα
2190 1800 2458 1889 σύμϐολον
2525 1818 2617 1874 τοῦ
2689 1800 2823 1872 εἶναι
2883 1815 3155 1896 ἄνθρωπον
3216 1810 3304 1872 τὸν
3371 1805 3744 1891 σταυρωθέντα
3766 1853 3782 1877 ,

2255 2015 2278 2040 α
2315 1990 2423 2050 Καὶ
2465 1994 2492 2050 ὁ
2519 1992 2766 2072 ἑωρακὼς
2800 1993 3208 2074 μεμαρτύρηκε,
3240 1992 3334 2052 καὶ
3359 1987 3580 2063 ἀληθινή
3611 1987 3768 2045 ἔστιν

2179 2081 2213 2148 ἡ
2251 2082 2514 2160 μαρτυρία
2561 2085 2739 2143 αὐτοῦ’
2773 2084 3013 2152 κάκεῖνος
3059 2075 3195 2142 οἶδεν
3243 2081 3326 2140 ὅτι
3374 2081 3550 2150 ἀληθῆ
3594 2075 3782 2154 λέγει,

2179 2167 2263 2225 ἵνα
2300 2169 2391 2228 καὶ
2422 2175 2570 2248 ὑμεῖς
2600 2173 2942 2245 πιστεύσητε.
3055 2171 3306 2251 Ἐγένετο
3338 2170 3391 2230 δὲ
3441 2173 3643 2240 ταῦτα,
3679 2163 3790 2232 ⁴ἵνα

2181 2261 2215 2328 ἧ
2275 2259 2461 2337 Γραφὴ
2507 2263 2808 2342 πληρωθῇ·
2841 2261 3068 2323 Ὀστοῦν
3121 2265 3180 2321 οὔ
3224 2257 3632 2340 συντριϐήσεται
3685 2254 3790 2314 ἀπ’

2183 2351 2360 2407 αὐτοῦ.
2398 2350 2510 2410 Καὶ
2547 2352 2707 2410 πάλιν
2741 2351 2894 2432 ἑτέρα
2945 2351 3134 2432 Γραφὴ
3165 2349 3328 2430 λέγει·
3376 2348 3648 2428 Ὄψονται
3702 2344 3784 2410 εἷς

2181 2438 2238 2495 ὃν
2269 2436 2634 2511 ἐξεκέντησαν.
2671 2469 2695 2493 ιι
2837 2441 2965 2522 παρ’
3009 2441 3201 2520 ἑτέρων
3220 2488 3236 2514 ,
3281 2437 3476 2522 φησὶν,
3527 2435 3740 2509 ἤκουσα
3765 2477 3786 2511 ν

2185 2527 2302 2585 ἀλλ’
2335 2527 2487 2594 αὐτὸς
2519 2529 2705 2609 παρὼν
2737 2521 2929 2600 εἶδον,
2954 2559 2978 2584 α
3021 2529 3112 2590 καὶ
3161 2528 3362 2602 ἀληθής
3392 2531 3537 2587 ἐστιν
3566 2529 3601 2597 ἡ
3638 2545 3794 2602 μαρ-

2183 2615 2361 2696 τυρία.
2404 2645 2427 2670 ιο
2478 2619 2731 2687 Εἰκότως.
2766 2618 2967 2700 ’Υϐριν
3006 2619 3110 2700 γὰρ
3157 2618 3449 2698 γενομένην
3485 2615 3795 2700 ἐξηγεῖται,

2188 2705 2308 2765 ἀλλ’
2337 2709 2396 2765 οὗ
2437 2707 2577 2785 μέγα
2623 2733 2675 2768 τι
2723 2709 2815 2769 καὶ
2868 2699 3115 2787 ἔντιμον,
3158 2709 3246 2768 ἵνα
3301 2705 3641 2783 ὑποπτεύσῃς
3691 2699 3792 2759 τὸν

2188 2795 2339 2873 λόγον
2359 2821 2372 2834 σ
2400 2797 2536 2857 ἀλλὰ
2565 2799 2650 2858 διὰ
2681 2805 2863 2874 τοῦτο,
2902 2804 3029 2878 φησὶ
3048 2847 3065 2879 ,
3098 2804 3270 2858 ταῦτα
3304 2796 3792 2878 ἀκριϐολογοῦμαι,

2187 2885 2380 2944 καὶτὰ
2435 2887 2723 2969 ἐφύϐριστα
2773 2891 3024 2949 δοκοῦντα
3071 2892 3144 2957 εἷς
3187 2888 3347 2967 μέσον
3392 2884 3654 2967 παράγω,
3696 2880 3795 2941 ἵνα

2192 2978 2338 3051 ὑμεῖς
2364 2977 2685 3048 πιστεύσητε
2721 2981 2794 3046 ὡς
2825 2980 3046 3051 ἀληθέσι
3092 2979 3306 3046 πάντως
3324 3023 3340 3050 ,
3369 2975 3464 3036 καὶ
3493 2974 3612 3052 οὐχὶ
3654 2969 3795 3051 πρὸς

2187 3065 2346 3146 χάριν
2400 3074 2738 3131 συντιθεῖσιν.
2835 3067 2904 3130 εΟ
2954 3068 3057 3149 γὰρ
3105 3069 3238 3149 πρὸς
3287 3067 3449 3148 χάριν
3491 3064 3661 3142 λέγων
3715 3059 3793 3119 τὰ

2192 3155 2368 3226 ἔνδοξα
2397 3159 2597 3232 μᾶλλον
2629 3158 2853 3231 τίθησιν.
2905 3159 3066 3218 Ἐπεὶ
3093 3158 3146 3218 δὲ
3178 3162 3206 3218 ὁ
3231 3161 3436 3228 Μωσῆς
3466 3150 3788 3223 ἀξιοπιστᾶ-

2190 3268 2337 3325 τερος
2358 3248 2526 3329 Δαὐτοῦ
2557 3247 2759 3323 ἐδόκει,
2799 3247 3029 3329 παράγει
3065 3247 3157 3308 καὶ
3197 3254 3380 3308 τοῦτον
3413 3244 3678 3323 μάρτυρα.
3708 3237 3795 3301 Ὃ

467 3343 630 3412 Quod
670 3343 820 3399 enim
873 3344 963 3400 ille
1001 3344 1139 3401 dixit
1175 3345 1244 3402 de
1277 3361 1419 3418 agno
1463 3346 1554 3419 qui
1594 3345 1987 3401 immolabatur
2014 3346 2070 3401 in

2184 3335 2284 3414 γὰρ
2320 3326 2462 3393 εἶπεν
2495 3338 2688 3403 ἐκεῖνος
2731 3337 2856 3418 περὶ
2884 3326 2996 3396 *τοῦ
3046 3340 3099 3396 ἐν
3145 3339 3222 3418 τῷ
3284 3335 3487 3416 Πάσχα
3527 3330 3795 3407 θυομένου

469 3432 702 3499 Pascha,
736 3433 883 3504 quod
919 3455 943 3483 α
965 3435 1038 3490 Os
1064 3451 1174 3490 non
1195 3434 1577 3507 confringetur
1600 3434 1667 3504 ιτ,
1705 3457 1732 3482 υ
1759 3435 1867 3491 hoc
1896 3435 2076 3507 inquit

469 3522 796 3593 evangelista
829 3523 887 3578 in
926 3523 1146 3581 Christo
1184 3525 1478 3597 impletum
1519 3541 1635 3581 esse
1667 3543 1682 3581 :
1715 3541 1890 3597 agnus
1923 3525 2074 3580 enim

469 3611 558 3666 ille
587 3611 751 3684 hujus
789 3620 907 3668 erat
933 3612 1125 3684 ﬁgura.
1153 3617 1234 3670 Et
1272 3616 1446 3672 multa
1484 3623 1568 3671 est
1599 3615 1848 3688 cognatio
1887 3613 2075 3686 ﬁgurae.

469 3699 537 3756 ad
573 3701 876 3758 veritatem.
905 3703 1170 3774 Impletur
1198 3712 1384 3760 autem
1410 3711 1467 3760 et
1495 3703 1597 3760 alia
1636 3703 1918 3776 prophetia
1949 3719 2072 3775 quae

469 3791 619 3860 dicit,
667 3813 694 3840 κ
737 3791 1016 3848 Videbunt
1051 3793 1107 3849 in
1145 3810 1312 3865 quem
1355 3802 1719 3866 pupugerunt.
1765 3817 1790 3842 ιο
1830 3794 2072 3865 Quando

469 3880 619 3936 enim
646 3889 908 3938 venturus
949 3890 1031 3938 est
1067 3882 1350 3955 judicare,
1393 3891 1526 3939 tunc
1555 3882 1818 3939 videbunt
1859 3898 1986 3938 eum
2016 3882 2075 3938 in

470 3985 698 4040 corpore
741 3971 967 4026 meliore
1004 3979 1063 4026 et
1105 3971 1397 4039 diviniore,
1427 3981 1483 4028 et
1508 3979 1848 4044 cognoscent
1883 3972 1940 4026 hi
1982 3971 2075 4044 qui

469 4068 817 4130 pupugerunt
851 4059 916 4127 ¹⁸,
955 4077 1018 4115 ac
1043 4061 1328 4132 lugebunt.
1367 4065 1601 4131 insuper
1629 4069 1684 4116 et
1708 4060 1792 4116 his
1825 4061 1919 4132 qui
1959 4076 2074 4116 non

471 4147 733 4202 credituri
759 4157 936 4215 erant,
959 4148 1084 4204 ﬁdei
1117 4149 1286 4220 janua
1320 4159 1377 4205 et
1408 4149 1678 4206 indicium
1701 4149 1802 4205 fuit
1834 4149 1890 4205 id
1929 4149 2078 4222 quod

471 4236 538 4291 ab
565 4235 804 4292 inimicis
836 4246 920 4292 est
953 4245 1302 4303 attentatum,
1326 4247 1386 4293 ut
1419 4238 1674 4294 Thomaa.
1699 4241 1842 4295 Nam
1877 4255 1974 4310 per
1996 4240 2077 4295 la-

471 4332 562 4380 tus
623 4324 785 4380 ﬁdem
843 4327 1264 4383 resurrectionis
1301 4328 1529 4400 accepit.
1575 4330 1654 4384 Os
1696 4329 1917 4400 quidem
1946 4332 2074 4386 Jesu

472 4429 585 4470 non
623 4415 942 4484 conteritur,
971 4416 1116 4472 latus
1147 4424 1332 4472 autem
1358 4417 1474 4490 ejus
1511 4417 1741 4474 scaturit
1762 4419 1926 4474 nobis
1956 4417 2077 4474 fon-

472 4511 574 4570 tes,
611 4505 906 4559 essentiam
936 4513 992 4561 et
1021 4505 1189 4560 vitam
1215 4505 1374 4561 nobis
1415 4505 1626 4562 dantes.
1657 4509 1816 4578 Aqua
1857 4505 2078 4578 quidem

375 4611 397 4628 ο
471 4593 765 4649 essentiam
811 4593 982 4662 dedit,
1031 4595 1156 4665 quia
1190 4610 1286 4668 per
1314 4611 1436 4650 eam
1469 4597 1819 4667 pervenimus
1857 4596 1924 4652 ad
1968 4597 2075 4653 hoc

471 4691 535 4738 ut
589 4683 887 4739 Christiani
925 4684 1100 4740 simus
1163 4702 1178 4740 :
1239 4684 1459 4756 sanguis
1509 4693 1696 4742 autem
1735 4687 1936 4754 vitam;
1980 4704 2076 4760 per

474 4770 655 4842 ipsum
703 4772 856 4828 enim
896 4772 1195 4844 pascimur.
1251 4771 1392 4830 Nam
1440 4775 1632 4845 Agnus
1671 4774 1895 4845 quidem
1935 4777 2078 4831 Ver-

480 4858 614 4914 bum
654 4867 734 4915 est
774 4860 901 4928 Dei,
946 4861 1038 4932 qui
1093 4877 1122 4916 a
1153 4862 1327 4933 capite
1370 4878 1539 4934 usque
1576 4862 1646 4918 ad
1686 4863 1849 4936 pedes
1887 4879 2078 4921 come-

475 4949 694 5006 dendus
750 4957 852 5005 est.
895 4951 1076 5022 Caput
1123 4951 1349 5022 quidem
1379 4951 1696 5024 symbolum
1751 4961 1834 5008 est
1862 4953 2079 5011 deitatis

477 5042 498 5110 (
513 5041 626 5112 ipsa
651 5038 800 5094 enim
828 5047 911 5096 est
935 5046 1160 5111 caput);
1183 5040 1348 5112 pedes
1374 5050 1562 5097 autem
1583 5043 1784 5110 carnis,
1801 5043 1913 5115 ipsa
1935 5045 2080 5100 enim

473 5139 721 5186 extrema
762 5138 864 5185 est.
899 5133 1129 5202 Insuper
1169 5139 1222 5185 et
1259 5131 1517 5186 intestina
1559 5132 1697 5201 ejus,
1738 5133 1992 5204 mysteria
2025 5141 2081 5189 et

473 5220 683 5276 occulta
741 5228 1057 5276 reverenter
1114 5219 1170 5275 in
1226 5220 1412 5276 cibum
1461 5220 1741 5292 habentes,
1794 5239 1916 5279 ossa
1967 5239 2080 5279 non

471 5306 892 5380 confringimus,
927 5308 1034 5365 hoc
1060 5316 1142 5364 est
1179 5307 1512 5366 difﬁciliores
1556 5319 1612 5366 et
1640 5311 1926 5382 graviores
1955 5327 2080 5368 sen-

476 5414 588 5454 sus.
635 5401 776 5470 Quaa
817 5399 966 5454 enim
1003 5416 1119 5456 non
1162 5416 1458 5472 possumus
1491 5401 1817 5473 intelligere,
1849 5419 1911 5457 ea
1956 5420 2070 5460 non

473 5495 823 5543 conteremus
853 5508 866 5545 :
893 5489 998 5545 hoc
1023 5497 1126 5555 est,
1155 5505 1266 5546 non
1290 5489 1544 5546 dabimus
1575 5506 1801 5562 operam
1836 5500 1898 5546 ut
1927 5493 2072 5550 male

473 5587 528 5632 et
587 5577 888 5646 periculose
943 5579 1330 5651 intelligamus.
1393 5580 1618 5636 Etenim
1676 5580 1898 5654 quando
1940 5599 2072 5640 sane

547 5725 590 5760 ¹⁷
618 5725 796 5783 Exod.
827 5742 944 5794 χιι,
981 5735 1075 5798 I4;
1111 5731 1278 5787 Num.
1306 5735 1364 5799 9,
1414 5737 1496 5788 l2.
1575 5731 1616 5767 ³⁸
1647 5735 1822 5804 Apoc.
1848 5750 1891 5803 ι,
1919 5740 1970 5790 7.

2107 4645 2160 4708 Ι)

2186 3429 2389 3501 ἀμνοῦ,
2445 3452 2467 3478 ι
2501 3424 2728 3486 Ὀστοῦν
2768 3429 2826 3486 οὖ
2877 3426 3315 3508 συντριϐήσεται,
3352 3451 3378 3478 ν
3420 3422 3576 3483 τοῦτό
3623 3443 3796 3502 φησιν

2183 3517 2210 3572 ὃ
2259 3514 2637 3593 εὐαγγελιστὴς
2684 3518 3035 3596 πληρωθῆναι
3081 3517 3168 3576 ἐπὶ
3218 3516 3476 3594 Χριστοῦ.
3565 3511 3635 3570 Ὁ
3681 3509 3794 3590 γὰρ

2186 3604 2346 3679 ἀμνὸς
2401 3607 2628 3678 ἐκεῖνος,
2679 3605 2868 3665 τούτου
2912 3607 3074 3673 τύπος
3106 3597 3167 3678 ἦν
3190 3628 3205 3643 ·
3238 3604 3336 3665 καὶ
3367 3601 3540 3674 πολλὴ
3571 3604 3604 3672 ἡ
3650 3623 3795 3677 συγ·-

2183 3693 2358 3771 γένεια
2389 3694 2576 3753 τούτου
2609 3695 2738 3775 πρὸς
2767 3695 2864 3768 τὴν
2900 3695 3172 3766 ἀλήθειαν.
3257 3697 3572 3773 Πληροῦται
3605 3688 3662 3748 δὲ
3691 3689 3798 3750 καὶ

2185 3783 2339 3862 ἑτέρα
2381 3783 2679 3866 προφητεία
2714 3786 2748 3856 ἡ
2783 3784 3013 3863 λέγουσα
3039 3807 3053 3821 ·
3110 3805 3141 3842 α
3175 3783 3444 3865 Ὄψονται
3499 3783 3572 3848 εἷς
3611 3779 3667 3837 δν
3703 3777 3801 3849 ἒξ·-

2185 3873 2489 3944 εκέντησαν.
2523 3899 2547 3925 ιι
2596 3873 2737 3934 Ὅτε
2775 3873 2880 3954 γὰρ
2912 3874 3125 3954 ἔρχεται
3154 3877 3334 3953 κρῖναι
3354 3918 3372 3949 ,
3417 3871 3540 3931 τότε
3565 3869 3801 3939 ὄψονται

2187 3962 2344 4020 αὐτὸν
2393 3965 2445 4020 ἐν
2496 3961 2710 4038 σώματι
2765 3964 3025 4043 κρείττονι
3084 3962 3176 4022 καὶ
3235 3960 3633 4040 θεοειδεστέρῳ,
3691 3958 3797 4018 καὶ

2184 4059 2490 4131 γνωριοῦσιν
2515 4054 2563 4110 οἱ
2599 4054 3010 4126 ἐκκεντήσαντες
3033 4096 3050 4126 ,
3085 4051 3177 4112 καὶ
3203 4051 3477 4133 κόψονται.
3516 4051 3599 4110 Οὐ
3629 4051 3799 4108 τοῦτο

2188 4140 2242 4199 δὲ
2275 4140 2464 4219 μόνον⁷
2499 4143 2618 4200 ἀλλ’
2661 4143 2740 4202 δτι
2782 4145 2876 4203 καὶ
2930 4149 3036 4209 τοῖς
3077 4141 3364 4219 μέλλουσιν
3403 4141 3643 4198 ἀπιστεῖν
3696 4139 3800 4197 πί-

2188 4255 2352 4298 στεως
2401 4230 2532 4310 θύρα
2580 4232 2673 4290 καὶ
2719 4231 2984 4300 ἀπόδειξις
3019 4223 3084 4304 ἦν
3130 4232 3190 4292 τὸ
3231 4230 3495 4307 τολμηθὲν
3531 4227 3635 4287 ὑπὸ
3678 4231 3799 4288 τῶν

2187 4323 2426 4402 ἐχθρῶν,
2479 4312 2585 4379 οἷον
2619 4323 2694 4402 τῷ
2740 4322 2943 4402 Θωμᾷ.
3002 4322 3114 4382 Καὶ
3161 4319 3264 4400 γὰρ
3312 4320 3397 4379 διὰ
3429 4323 3525 4391 τῆς
3555 4325 3800 4402 πλευρᾶς

2188 4409 2453 4480 ἐπιστώθη
2497 4410 2666 4491 τούτῳ
2696 4415 2732 4483 ἡ
2782 4412 3094 4479 ἀνάστασις.
3183 4410 3411 4471 Ὀστοῦν
3459 4407 3556 4486 μὲν
3598 4397 3686 4466 οὖν
3725 4408 3798 4466 οὗ

2188 4499 2597 4579 συντριϐήσεται
2641 4505 2717 4581 τῷ
2766 4501 2974 4574 Ἰησοῦ⁶
3028 4499 3241 4581 πλευρὰ
3288 4499 3344 4558 δὲ
3395 4499 3556 4556 αὐτοῦ
3608 4495 3798 4575 βλύζει

2185 4594 2314 4663 ἡμῖν
2347 4590 2438 4656 τὰς
2465 4593 2560 4660 τῆς
2597 4589 2895 4658 οὖσιώσεως
2924 4593 3080 4666 ἡμῶν
3123 4589 3215 4650 καὶ
3259 4592 3352 4660 τῆς
3384 4587 3639 4658 ζωώσεως
3670 4609 3794 4659 πη-

2188 4681 2304 4759 γάς·
2357 4679 2500 4760 ὕδωρ
2550 4679 2678 4756 μὲν,
2725 4684 2821 4752 τῆς
2869 4681 3084 4748 οὐσίας’
3137 4681 3206 4738 δι’
3262 4681 3426 4760 αὐτοῦ
3476 4676 3578 4756 γὰρ
3622 4676 3692 4741 εἷς
3723 4675 3800 4735 τὸ

2187 4760 2322 4828 εἶναι
2351 4759 2672 4848 Χριστιανοὶ
2703 4769 2991 4849 ἐρχόμεθα⁸
3039 4769 3100 4830 τὸ
3144 4768 3200 4828 δὲ
3243 4759 3420 4846 αἷμα,
3471 4770 3566 4837 τῆς
3615 4767 3796 4836 ζωῆς·

2189 4859 2254 4918 δι’
2286 4860 2446 4917 αὐτοῦ
2476 4859 2580 4938 γὰρ
2615 4859 2945 4937 τρεφόμεθα.
3030 4858 3218 4936 Ἀμνὸς
3246 4858 3350 4937 γάρ
3381 4858 3523 4915 ἐστιν
3558 4857 3586 4914 ὁ
3617 4854 3800 4931 Λόγος

2186 4953 2279 5008 τοῦ
2308 4949 2449 5008 Θεοῦ
2468 4995 2484 5020 ,
2517 4947 2574 5006 δν
2604 4949 2859 5016 ἐσθίοντες
2897 4947 3004 5006 ἀπὸ
3034 4949 3269 5029 κεφαλῆς
3301 4947 3428 5026 ἄχρι
3459 4947 3658 5015 ποδῶν,
3689 4966 3796 5002 κε-

2188 5040 2358 5116 φαλῆς
2390 5036 2484 5113 μὲν
2503 5084 2519 5111 ,
2564 5043 2658 5109 τῆς
2681 5037 2924 5112 θεότητος
2949 5057 2965 5072 ⁶
3000 5036 3134 5110 αὕτη
3179 5037 3284 5117 γὰρ
3326 5034 3532 5117 κεφαλὴ
3563 5053 3574 5067 ⁸
3605 5035 3791 5093 ποδῶν

2191 5127 2276 5199 δὲ,
2305 5131 2400 5200 τῆς
2449 5127 2674 5207 σαρκόςο
2705 5125 2842 5198 αὕτη
2872 5127 2974 5208 γὰρ
3018 5126 3084 5184 τὰ
3115 5125 3344 5206 ἔσχατα.
3394 5122 3522 5185 Ἔτι
3554 5121 3790 5202 μὴνκαὶ

2188 5216 2257 5276 τὰ
2288 5215 2528 5276 ἐντόσθια
2555 5219 2712 5275 αὐτοῦ
2734 5263 2750 5292 ,
2785 5215 2853 5274 τὰ
2897 5216 3164 5296 μυστήρια
3195 5216 3286 5275 καὶ
3320 5213 3517 5295 κρύφια
3543 5211 3792 5282 εὐλαϐῶς

2191 5306 2750 5386 ἐμϐρωματιζόμενοι,
2800 5306 2867 5364 τὰ
2899 5307 3032 5365 ὀστᾶ
3074 5309 3133 5364 οὖ
3188 5305 3571 5384 συντρίϐομεν,
3614 5327 3788 5363 τουτ-

2182 5398 2354 5470 έστιν,
2397 5400 2464 5456 τὰ
2513 5395 2886 5475 δυσκολώτερα
2934 5400 3038 5454 τῶν
3089 5396 3370 5470 νοημάτων
3401 5394 3491 5452 καὶ
3523 5391 3776 5474 ἐμϐριθέ-

2181 5509 2364 5565 στερα.
2453 5485 2516 5546 Ἃ
2544 5485 2648 5566 γὰρ
2687 5487 2746 5546 οὗ
2784 5485 3056 5563 δυνάμεθα
3101 5489 3328 5558 νοῆσαι,
3362 5491 3531 5543 ταῦτα
3561 5484 3618 5541 οὖ
3651 5505 3790 5540 συν-

2181 5577 2477 5656 τρίῲομεν,
2520 5575 2823 5652 τουτέστιν,
2856 5577 2916 5635 οὗ
2957 5575 3336 5654 σπουδάσομεν
3381 5577 3569 5646 νοῆσαι
3609 5576 3796 5641 κακῶς
