4128 6452
381 417 490 472 285

390 541 484 604 καὶ
536 545 1208 626 παρακεκινδυνευμνως.

388 637 625 708 νοῶμεν,
658 635 781 695 τότε
824 638 888 696 οὐ
936 637 1304 717 συντρίϐομεν·
1349 642 1473 718 ὑγιῆ
1518 642 1622 722 γὰρ
1668 643 2002 722 φυλάττομεν

391 725 465 783 τὰ
493 727 629 785 θεῖα.
707 724 894 787 Ὅταν
947 727 1004 785 δὲ
1053 727 1552 808 παραϐιασώμεθα,
1613 731 1706 790 καὶ
1741 734 2002 812 αἱρετικὸν

391 815 575 890 νόημα
629 815 1038 892 ὕποδεξώμεθα,
1100 817 1446 899 συντρίϐομεν
1504 818 1596 878 καὶ
1645 822 2002 900 κατακλῶμεν

391 905 457 963 τὸ
491 905 715 986 στερῤὸν
743 905 837 965 καὶ
870 905 1332 986 δυσκατέργαστον
1377 909 1578 986 νόημα.
1691 912 1878 970 Καίειν
1911 902 2002 971 οὖν

391 996 464 1054 τὰ
493 1001 719 1054 τοιαῦτα
743 996 852 1076 χρὴ
884 996 1044 1077 πυρὶ,
1065 998 1307 1057 τουτέστι
1328 1003 1452 1080 ,τῷ
1483 999 1762 1078 Πνεόματι
1801 1001 2003 1060 διδόναι

399 1085 468 1144 τὰ
508 1089 734 1144 τοιαῦτα
817 1087 1114 1164 δυσνόητα,
1181 1089 1249 1146 δι’
1307 1079 1366 1147 οὗ
1422 1079 1838 1169 κατεργάζονται
1910 1092 2002 1151 καὶ

403 1175 770 1250 λεπτύνονται,
799 1179 870 1243 ὡς
910 1176 1091 1237 πάντα
1121 1179 1432 1260 ἕρευνῶντος
1455 1225 1472 1255 ,
1502 1180 1596 1239 καὶ
1627 1179 1694 1239 τὰ
1734 1182 1874 1262 βάθη
1905 1187 1997 1242 τοῦ

411 1269 572 1326 Θεοῦ.

486 1382 514 1407 ι
545 1356 702 1416 Μετᾶ
727 1361 896 1416 ταῦτα
927 1356 1174 1437 ἠρώτησε
1202 1359 1290 1419 τὸν
1323 1359 1562 1422 Πιλάτον
1593 1359 1794 1442 Ἰωσὴφ
1824 1363 1852 1420 ὅ
1895 1361 2000 1420 ἀπὸ

405 1445 794 1527 Ἁριμαθαίας,
843 1445 914 1507 ὢν
965 1447 1205 1525 μαθητὴς
1253 1455 1346 1510 τοῦ
1388 1451 1604 1525 Ἰησοῦ,
1637 1451 2000 1533 κεκρυμμένος

403 1537 458 1594 δὲ
501 1536 592 1594 διὰ
626 1538 713 1596 τὸν
761 1537 920 1618 φόϐον
969 1543 1076 1598 τῶν
1109 1540 1412 1614 Ἰουδαίων,
1457 1541 1546 1601 ἵνα
1595 1541 1696 1622 ἄρῃ
1732 1541 1791 1601 τὸ
1840 1545 2000 1617 σῶμα

401 1631 498 1684 τοῦ
536 1625 746 1710 Ἰησοῦ·
773 1607 888 1687 ’καὶ
934 1629 1220 1710 ἐπέτρεψεν
1249 1634 1278 1690 ὁ
1313 1607 1567 1698 Πιλᾶτος.
1634 1607 1644 1622 ⁸
1671 1607 1879 1692 ’Ἦλθεν
1909 1607 1998 1690 οὖν

405 1715 503 1773 καὶ
553 1709 651 1796 ἦρε
683 1717 742 1776 τὸ
791 1722 947 1795 σῶμα
976 1722 1068 1777 τοῦ
1102 1709 1307 1791 Ἰησοῦ.
1414 1711 1587 1781 τΗλθε
1617 1722 1672 1780 δὲ
1702 1721 1796 1781 καὶ
1827 1721 2000 1783 Νικό-

406 1808 612 1881 δημος,
652 1810 683 1865 δ
707 1806 869 1865 ἐλθὼν
915 1807 1046 1889 πρὸς
1085 1810 1176 1868 τὸν
1209 1808 1421 1881 Ἰησοῦν
1451 1811 1640 1880 νυκτὸς
1668 1811 1730 1870 τὸ
1758 1814 1999 1892 πρῶτον,

401 1896 587 1974 φέρων
633 1896 809 1973 μίγμα
847 1896 1085 1981 σμόρνης
1126 1899 1220 1958 καὶ
1271 1899 1433 1969 ἀλόης
1481 1901 1609 1960 ὡσεὶ
1653 1901 1836 1981 λίτρας
1863 1904 2000 1960 ἑκα-

397 1984 514 2045 τόν.
607 1984 848 2046 Ἐλαϐον
893 1977 986 2045 οῦν
1013 1987 1074 2045 τὸ
1105 1991 1265 2064 σῶμα
1304 1997 1397 2049 τοῦ
1425 1989 1637 2068 Ἰησοῦ,
1678 1977 1771 2051 καὶ
1803 1990 1997 2062 ἔδησαν

397 2074 534 2132 αὐτὸ
578 2076 632 2132 ἐν
691 2075 905 2143 ὀθονίοις
941 2075 1080 2152 μετὰ
1128 2081 1234 2136 τῶν
1287 2079 1623 2159 ἀρωμάτων,
1667 2077 1842 2147 καθὼς
1889 2080 2003 2148 ἔθος

389 2164 508 2221 ἐστὶ
547 2173 655 2230 τοίς
686 2163 962 2232 Ἰουδαίοις
990 2167 1341 2247 ἐνταφιάζειν.
1389 2159 1497 2227 ’Ἦν
1540 2167 1595 2228 δὲ
1625 2173 1679 2231 ἐν
1708 2171 1786 2250 τῷ
1815 2169 1996 2250 τόπῳ,

389 2253 527 2312 ὅπου
561 2254 870 2340 ἕσταυρρθη
892 2299 908 2326 ,
958 2260 1158 2328 κῆπος,
1203 2257 1297 2316 καὶ
1339 2261 1393 2318 ἐν
1424 2262 1502 2340 τῷ
1544 2259 1706 2337 κήπῳ
1739 2262 1998 2337 μνημεῖον

391 2342 579 2401 καινὸν
599 2387 615 2414 ,
651 2347 707 2402 ἐν
737 2334 783 2424 ᾧ
811 2343 1021 2403 οὐδέπω
1061 2345 1229 2414 οὐδεὶς
1269 2347 1443 2422 ἐτέθη.
1473 2334 1637 2408 ”Εκεῖ
1664 2334 1754 2408 οὖν
1786 2334 1872 2408 διδι
1901 2348 2000 2421 τὴν

386 2431 743 2511 παρασκευὴν
785 2437 890 2492 τῶν
937 2433 1238 2511 Ἰουδαίων,
1288 2436 1370 2496 ὅτι
1419 2436 1574 2517 ἐγγὺς
1626 2431 1692 2511 ἧν
1745 2439 1806 2499 τὸ
1857 2463 1998 2514 μνη‹-

389 2530 579 2599 μεῖον,
632 2522 832 2594 ἔθηκαν
863 2523 952 2583 τὸν
981 2523 1216 2598 Ἰησοῦν.
1268 2549 1296 2585 ι)
1334 2527 1496 2596 Τίνος
1544 2528 1720 2587 ἕνεκεν
1776 2530 1878 2610 οὐχ
1925 2520 1998 2596 εἷς

384 2615 494 2671 τῶν
557 2613 763 2672 δώδεκα
813 2618 1087 2693 προσῆλθε
1145 2618 1220 2695 τῷ
1286 2617 1514 2698 Πιλάτῳ
1537 2661 1554 2690 ,
1612 2620 1730 2678 ἄλλ’
1775 2619 1834 2677 ἐκ
1889 2621 1996 2676 τῶν

384 2701 762 2777 ἑϐδομήκοντα
808 2700 936 2769 ἴσως
972 2701 1046 2762 ὢν
1095 2707 1123 2762 ὃ
1181 2704 1423 2788 Ἰωσὴφ,
1483 2710 1659 2788 τολμᾷ
1719 2711 1958 2767 τοιοῦτον
1972 2731 1992 2785 ς

387 2793 454 2850 Εἰ
482 2791 587 2870 γὰρ
620 2790 710 2849 διὰ
752 2791 841 2850 τὸν
887 2790 1050 2872 φόϐον
1081 2795 1184 2851 τῶν
1211 2793 1490 2855 Ἰουδαίων
1523 2796 1663 2857 εἴποι
1691 2820 1772 2864 τις
1801 2797 1996 2878 κεκρύ-

387 2887 518 2961 φθαι
551 2880 673 2947 τοὺς
705 2881 948 2968 μαθητῇ
972 2927 991 2960 ,
1041 2883 1134 2943 καὶ
1185 2875 1334 2954 οἶτος
1380 2890 1456 2966 τῷ
1512 2888 1658 2968 αὖτῷ
1711 2875 1996 2967 κατείχετο

386 2970 562 3051 φόϐῳ.
649 2967 842 3032 Ἔστιν
876 2963 966 3030 οὖν
1011 2975 1178 3032 εἰπεῖν
1199 3019 1216 3050 ,
1249 2972 1330 3033 ὅτι
1375 2963 1579 3056 σφόδρα
1611 2963 2022 3054 έπίσημοξῆν,

387 3061 481 3119 καὶ
512 3065 590 3141 τῷ
620 3061 846 3142 Πιλᾶτῳ
876 3060 1138 3142 γνώριμος
1164 3062 1250 3123 διὰ
1284 3064 1345 3123 τὸ
1384 3065 1613 3134 ἔνδοξον.
1697 3062 1866 3126 Ὅθεν
1900 3067 1993 3126 καὶ

385 3151 607 3228 νομίσας
636 3151 930 3222 σϐεσθῆναι
972 3151 1070 3226 τὴν
1099 3153 1290 3234 ὀργὴν,
1340 3156 1413 3222 ὣς
1442 3154 1546 3228 ἤδη
1579 3155 1990 3238 ἐσταυρωμένου

1185 422 1580 480 ENARRATIO
1619 423 1686 480 IN
1723 425 2154 485 EVANGELIUM
2181 425 2480 486 IOANNIS.
2521 455 2592 470 —
2627 427 2778 485 CAP.
2816 429 2943 485 XIX.

1307 547 1481 609 Ὅταν
1536 549 1634 628 μὲν
1685 552 1790 631 γὰρ
1844 555 1990 630 ὑγιῶι

2111 555 2406 623 sentimus,
2434 560 2566 610 tunc
2602 569 2715 611 non
2750 554 3086 613 conterimus
3116 573 3132 613 :
3177 571 3306 614 sana
3345 556 3494 614 enim
3532 572 3719 616 serva-

2114 660 2240 701 mus
2283 643 2493 701 divina.
2537 645 2767 714 Quando
2806 653 2990 702 autem
3036 647 3358 703 torserimus
3400 655 3458 704 et
3494 647 3712 706 haereti-

2112 748 2242 789 cum
2287 748 2517 790 sensum
2563 734 2955 807 acceperimus,
3002 735 3342 792 conterimus
3381 743 3438 791 et
3471 736 3685 793 confrin

2112 823 2296 894 gimus
2331 823 2578 880 solidum
2627 833 2684 880 et
2731 823 3016 881 difﬁcilem
3061 840 3310 881 sensum.
3371 825 3547 896 Igitur
3590 824 3714 883 haec

2111 911 2355 969 difﬁcilia
2397 913 2681 969 intellectu
2727 913 2843 985 igni
2891 913 3161 970 tradenda
3215 922 3372 984 sunt,
3437 914 3544 970 hoc
3597 923 3712 983 est,

2111 1003 2334 1076 Spiritui
2367 1011 2583 1071 sancto,
2616 1018 2715 1074 per
2739 1019 2905 1074 quem
2933 1003 3303 1062 conﬁciuntur
3327 1012 3382 1061 et
3403 1013 3713 1061 extenuan-

2110 1101 2221 1161 tur,
2289 1109 2356 1152 eo
2417 1093 2566 1167 quod
2625 1095 2814 1152 omnia
2869 1103 3173 1166 scrutatur,
3219 1097 3386 1154 etiam
3432 1095 3711 1170 profunda

2113 1185 2210 1241 Dei
2241 1183 2304 1239 ι’.

2180 1369 2356 1425 Vens.
2390 1371 2577 1424 38-42.
2617 1388 2645 1416 α
2690 1365 2941 1425 Posthaac
2980 1373 3168 1424 autem
3217 1367 3432 1440 rogavit
3470 1367 3710 1426 Pilatum

2105 1456 2308 1528 Ioseph
2348 1456 2790 1524 Arimathiensis,
2817 1459 2912 1529 qui
2947 1466 3066 1514 erat
3101 1457 3397 1530 discipulus
3425 1459 3580 1527 Iesu,
3614 1457 3712 1516 sed

2109 1546 2355 1603 occultus
2371 1555 2594 1619 propter
2614 1554 2830 1604 metum
2853 1547 3196 1615 Iudaeorum,
3218 1555 3280 1603 ut
3308 1547 3474 1618 757
3495 1547 3718 1604 tolleret

2109 1651 2310 1708 corpus
2349 1639 2482 1693 Iesu
2514 1655 2528 1692 :
2561 1637 2728 1710 idque
2755 1637 3003 1708 permisit
3028 1637 3250 1693 Pilatus.
3287 1637 3456 1692 Venit
3493 1651 3625 1709 ergo
3654 1644 3714 1694 et

2109 1726 2239 1781 tulit
2279 1741 2481 1798 corpus
2517 1727 2666 1783 Iesu.
2705 1727 2870 1783 Venit
2904 1735 3091 1783 autem
3127 1735 3183 1782 et
3212 1725 3572 1793 Nicodemus,
3618 1727 3711 1798 qui

2109 1823 2330 1870 venerat
2375 1814 2444 1872 ad
2479 1817 2672 1872 Iesum
2694 1823 2860 1872 nocte
2897 1815 3164 1887 primum,
3196 1813 3381 1871 ferens
3407 1815 3709 1871 mixturam

2112 1904 2350 1976 myrrhae
2377 1913 2433 1960 et
2460 1905 2606 1962 aloes
2628 1903 2696 1962 ad
2715 1904 2880 1961 libras
2901 1905 3072 1961 ferme
3091 1912 3336 1961 centum.
3359 1906 3712 1975 Acceperunt

2109 2008 2239 2065 ergo
2278 2009 2478 2065 corpus
2511 1995 2666 2063 Iesu,
2709 2001 2766 2050 et
2802 1994 3165 2050 obvinxerunt
3203 1992 3336 2049 illud
3369 1992 3552 2049 linteis
3579 2007 3711 2050 cum

2105 2083 2464 2150 aromatibus,
2523 2083 2666 2140 sicut
2717 2099 2842 2140 mos
2888 2091 2974 2140 est
3005 2083 3214 2140 Iudaeis
3265 2082 3520 2155 sepelire.
3576 2085 3711 2139 Erat

2105 2180 2290 2229 autem
2327 2174 2380 2228 in
2409 2174 2533 2230 loco
2571 2173 2662 2229 ubi
2685 2173 2979 2230 cruciﬁxus
3007 2181 3094 2229 est
3121 2172 3336 2239 hortus,
3367 2179 3422 2228 et
3457 2172 3516 2228 in
3543 2171 3707 2228 horto

2105 2271 2534 2319 monumentum
2581 2278 2825 2331 novum,
2869 2263 2926 2318 in
2966 2279 3076 2335 quo
3119 2262 3369 2319 nondum
3411 2262 3709 2335 quisquam

2103 2353 2317 2423 positus
2353 2360 2489 2408 erat.
2525 2352 2610 2409 Ibi
2653 2369 2786 2426 ergo
2829 2360 3056 2425 propter
3095 2367 3429 2425 parasceven
3477 2351 3703 2408 Iudaeo-

2105 2457 2257 2510 rum,
2297 2441 2444 2512 quod
2481 2442 2538 2498 in
2580 2442 2889 2515 propinquo
2929 2449 3072 2498 esset
3132 2448 3562 2497 monumentum
3609 2457 3708 2512 po-

2105 2539 2334 2587 suerunt
2377 2534 2588 2588 Iesum.
2634 2554 2660 2580 ao
2708 2533 2894 2601 Quare
2941 2546 3056 2586 non
3102 2546 3249 2587 unus
3296 2546 3364 2587 ex
3405 2529 3704 2586 duodecim

2102 2621 2338 2678 accessit
2363 2621 2433 2677 ad
2461 2621 2720 2689 Pilatum,
2740 2620 2838 2677 sed
2856 2620 3087 2692 Ioseph,
3115 2619 3208 2692 qui
3229 2619 3370 2676 forte
3398 2634 3464 2676 ex
3489 2621 3707 2691 septua-

2102 2711 2254 2784 ginta
2287 2719 2426 2780 erat,
2463 2711 2630 2768 audet
2662 2711 2808 2768 hoc?
2835 2713 2979 2767 Nam
3025 2711 3075 2766 si
3105 2717 3328 2782 propter
3363 2718 3579 2766 metum
3609 2711 3708 2766 Iu-

2102 2801 2356 2858 daeorum
2407 2800 2607 2857 dixerit
2648 2802 2770 2874 quis
2815 2799 3100 2857 delituisse
3143 2799 3461 2871 discipulos,
3512 2807 3568 2855 et
3618 2798 3709 2856 hic

2103 2891 2305 2948 eodem
2349 2899 2638 2964 correptus
2686 2889 2870 2947 fuerat
2907 2891 3130 2946 timore.
3187 2889 3498 2945 Dicendum
3540 2888 3709 2961 igitur

2101 2981 2254 3054 quod
2292 2979 2385 3037 hic
2417 2980 2574 3037 valde
2608 2980 2810 3037 nobilis
2840 2979 3029 3050 fuerit,
3059 2988 3113 3036 et
3143 2980 3320 3036 Pilato
3361 2987 3548 3047 notus,
3577 2978 3706 3050 quia

2100 3071 2306 3128 nobilis
2333 3080 2468 3128 erat.
2491 3071 2657 3129 Unde
2681 3087 2813 3128 cum
2839 3071 3207 3127 existimasset
3229 3069 3553 3126 exstinctam
3584 3083 3706 3125 esse

2099 3161 2426 3218 Iudaeorum
2456 3161 2595 3218 iram
2633 3177 2698 3218 eo
2723 3160 2875 3235 quod
2905 3159 3250 3217 adversarius
3278 3159 3384 3215 illis
3414 3158 3704 3214 cruciﬁxus

379 3248 471 3300 τοῦ
498 3241 739 3300 ἐναντίου
783 3243 991 3315 αὐτοῖς,
1041 3243 1177 3319 μετὰ
1208 3243 1388 3311 ἀδείας
1433 3245 1718 3324 πρόσεισι,
1763 3247 1856 3306 καὶ
1886 3270 1986 3306 πο-

2099 3267 2247 3308 nunc
2281 3260 2447 3321 esset,
2487 3251 2694 3324 absque
2739 3267 2939 3324 pavore
2967 3249 3196 3317 accedit,
3238 3257 3295 3305 et
3325 3256 3704 3319 sumptuosam

378 3333 574 3405 λυτελῆ
617 3338 856 3392 ποιεῖται
905 3331 1001 3402 τὴν
1046 3334 1220 3414 ταφὴν
1250 3333 1342 3393 σὺν
1371 3338 1450 3417 τῷ
1488 3336 1811 3418 Νικοδήμῳ,
1842 3335 1988 3397 οὐδὲν

377 3423 477 3498 μὲν
507 3427 650 3480 θεῖον
690 3421 817 3500 περὶ
863 3424 1026 3483 αὐτοῦ
1074 3424 1459 3504 φανταζόμενοι
1508 3427 1832 3508 ἀμφότεροι,
1869 3428 1987 3487 ἀλλ’

378 3515 453 3577 ὣς
521 3512 645 3590 περὶ
697 3511 978 3590 ἀνθρώπου
1035 3515 1198 3592 ψιλοῦ
1266 3515 1630 3594 διακείμενοι,
1717 3518 1832 3576 ἐπεὶ
1896 3516 1986 3577 καὶ

383 3605 621 3658 τοιαῦτα
652 3601 889 3680 φέρουσιν
923 3601 1218 3682 ἀρώματα,
1267 3603 1302 3663 ἃ
1334 3605 1572 3681 μάλιστα
1616 3606 1677 3664 τὸ
1700 3611 1860 3683 σῶμα
1891 3606 1990 3666 πέ-

389 3710 566 3777 φυκεν,
606 3691 816 3748 ἐπιπολὺ
849 3693 1152 3770 διατηρεῖν,
1195 3692 1287 3751 καὶ
1328 3693 1402 3772 μὴ
1442 3699 1738 3777 συγχωρεῖν
1781 3695 1989 3775 ταχέως

392 3776 653 3836 ἐνδιδόναι
772 3787 970 3863 φθορᾷ·
1011 3781 1144 3864 ὅπερ
1190 3783 1394 3843 ἐδείκνυ
1426 3785 1615 3853 αὐτοὺς
1637 3776 1642 3777 ⁷
1665 3786 1814 3845 οὐδὲν
1847 3785 1987 3864 μέγα

390 3869 806 3948 φανταζομένους
842 3871 966 3951 περὶ
1009 3873 1194 3932 αὐτοῦ.
1310 3873 1472 3948 Πλὴν
1529 3872 1674 3951 ὅμως
1701 3875 1798 3949 τὴν
1839 3878 1987 3958 φιλο-

386 3958 632 4036 στοργίαν
676 3959 1062 4020 ἐνδείκνυνται·
1108 3964 1168 4021 οὗ
1209 3961 1313 4044 γὰρ
1363 3967 1433 4030 ὡς
1487 3965 1780 4024 κατάδικον
1827 3968 1984 4025 ἐντα-

380 4047 673 4126 φιάζουσιν,
708 4051 849 4108 ἀλλὰ
891 4053 1226 4121 πολυτελῶς,
1269 4057 1340 4118 ὡς
1371 4052 1487 4120 ἔθος
1514 4062 1624 4122 τοῖς
1665 4054 1976 4120 Ἰουδαίοις.

376 4136 534 4198 Ἐπεὶ
583 4140 643 4198 δὲ
689 4139 796 4198 ὑπὸ
840 4145 933 4198 τοῦ
980 4146 1166 4220 καιροῦ
1216 4142 1517 4224 συνείχοντο
1571 4143 1828 4224 (ἐννοίτης
1881 4146 1978 4222 μὲν

369 4228 472 4306 γὰρ
516 4227 667 4305 ὥρας
717 4228 946 4308 ἐγεγόνει
991 4235 1022 4302 ἡ
1077 4233 1332 4304 τελευτή*
1361 4222 1503 4293 εἶτα
1553 4222 1608 4291 ἓν
1659 4239 1736 4315 τῷ
1787 4236 1984 4313 μεταξὺ

373 4322 449 4398 τῷ
500 4319 738 4401 ngare,»
783 4317 1147 4399 προσιόντων,
1190 4323 1280 4380 καὶ
1325 4322 1655 4383 καθελόντων
1703 4329 1764 4382 τὸ
1795 4329 1981 4401 σῶμα,

375 4407 514 4474 εἰκὸς
561 4399 629 4479 ἦν
685 4409 917 4489 ἑσπέραν
946 4409 1384 4491 καταλαϐέσθαι,
1416 4415 1468 4472 ἐν
1596 4413 1742 4490 θέμις
1793 4399 1888 4474 οὐκ
1918 4407 1982 4487 ἦν

373 4497 716 4576 ἐργάσασθαι
771 4500 1091 4578 μνημεῖον),
1119 4500 1352 4561 τιθέασιν
1408 4501 1567 4562 αὐτὸν
1623 4505 1697 4571 εἷς
1731 4503 1792 4562 τὸ
1844 4507 1984 4578 πλη-

2100 3340 2230 3398 facit
2259 3342 2602 3414 sepulturam
2630 3357 2757 3397 cum
2793 3339 3120 3398 Nicodemo.
3168 3338 3316 3395 Nihil
3349 3337 3594 3394 divinum
3634 3335 3704 3394 de

2098 3431 2193 3488 illo
2213 3432 2379 3488 ambo
2404 3431 2736 3497 sentiebant,
2754 3431 2851 3486 sed
2873 3429 3235 3486 affectuerant
3263 3436 3327 3485 ut
3345 3443 3474 3501 erga
3497 3443 3701 3500 purum

2098 3521 2387 3578 hominem
2431 3540 2446 3578 :
2477 3521 2603 3593 quia
2633 3521 2760 3577 talia
2801 3519 3108 3576 efferebant
3146 3527 3416 3584 aromata,
3446 3532 3570 3590 quae
3599 3533 3700 3589 po-

2095 3611 2649 3683 tissimum’possent
2688 3625 2919 3681 corpora
2963 3608 3219 3665 diuturna
3259 3622 3606 3674 conservare,
3644 3615 3702 3662 et

2096 3699 2348 3755 cohibere
2378 3715 2448 3754 ne
2496 3698 2681 3754 statim
2729 3705 3216 3770 corrumperentur
3259 3715 3272 3753 :
3315 3695 3466 3768 quod
3509 3704 3696 3751 osten-

2095 3788 2176 3844 dit
2211 3804 2306 3845 eos
2347 3788 2530 3844 adhuc
2569 3787 2705 3843 nihil
2751 3802 3016 3860 magnum
3059 3786 3128 3842 de
3175 3800 3242 3842 eo
3271 3786 3564 3857 cogitasse,
3603 3799 3701 3840 ve-

2095 3887 2410 3934 rumtamen
2447 3893 2698 3934 amorem
2725 3892 2889 3932 suum
2933 3875 3232 3932 declarant.
3276 3877 3403 3931 Non
3439 3873 3586 3930 enim
3624 3887 3709 3929 se-

2096 3969 2310 4042 peliunt
2359 3975 2422 4024 ut
2457 3966 2909 4032 condemnatum,
2950 3964 3047 4022 sed
3083 3973 3431 4038 sumptuose,
3474 3971 3534 4020 ut
3570 3977 3696 4019 mos

2094 4066 2177 4115 est
2195 4057 2419 4114 Iudaeis.
2448 4058 2726 4131 Quoniam
2755 4065 2942 4112 autem
2967 4064 3218 4127 tempore
3243 4053 3698 4126 impediebantur

2094 4149 2158 4215 (si
2187 4148 2409 4220 quidem
2450 4147 2582 4203 hora
2617 4161 2760 4202 nona
2786 4144 2923 4201 facta
2947 4153 3062 4202 erat
3097 4160 3250 4202 mors
3286 4163 3299 4199 :
3333 4143 3532 4201 deinde
3561 4158 3692 4199 cum

2092 4237 2146 4293 in
2169 4237 2352 4293 medio
2379 4245 2631 4310 tempore
2657 4236 3014 4292 accessissent
3040 4233 3113 4290 ad
3141 4235 3382 4290 Pilatum
3413 4243 3471 4290 et
3493 4247 3694 4304 corpus

2090 4328 2362 4396 tulissent,
2401 4327 2691 4383 verisimile
2733 4334 2852 4382 erat
2891 4340 3175 4396 vesperam
3219 4325 3510 4393 ingruisse,
3563 4337 3693 4380 cum

2091 4432 2204 4473 non
2225 4417 2421 4473 licebat
2439 4425 2718 4473 exstruere
2748 4414 3228 4486 monumentum),
3251 4421 3466 4486 ponunt
3487 4428 3614 4468 eum
3641 4412 3698 4469 in

2090 4507 2329 4563 vicinum
2376 4513 2828 4563 monumentum.
2874 4528 2904 4554 σι
2954 4508 3090 4561 Erat
3129 4504 3280 4560 enim
3325 4503 3385 4558 in
3431 4502 3554 4558 loco
3601 4501 3697 4558 ubi

372 4588 486 4644 σίον
523 4588 812 4662 μνημεῖον.
865 4610 896 4646 ιι
919 4579 1033 4649 Ἦν
1063 4589 1164 4670 γὰρ
1193 4593 1247 4649 ἐν
1286 4595 1364 4672 τῷ
1411 4591 1593 4672 τόπῳ,
1625 4593 1757 4652 ὅπου
1789 4595 1982 4654 ἐσταυ-

2099 4596 2385 4654 cruciﬁxus
2427 4605 2534 4662 est,
2596 4595 2816 4665 hortus,
2863 4603 2920 4652 et
2957 4595 3014 4650 in
3057 4594 3220 4649 horto
3261 4598 3694 4648 monumentum

376 4677 555 4754 ρὼθη,
598 4680 808 4749 κῆπος,
857 4679 948 4736 καὶ
1000 4681 1054 4737 ἐν
1087 4684 1162 4760 τῷ
1209 4680 1369 4762 κήπῳ
1407 4683 1667 4758 μνημεῖον
1714 4683 1918 4746 καινόν.
1955 4713 1981 4738 ι»

376 4768 764 4841 Οἰκονομεῖται
814 4765 871 4825 δὲ
919 4759 1149 4842 πλησίον
1199 4759 1352 4830 εἶναι-
1380 4772 1443 4830 τὸ
1499 4780 1794 4849 μνημεῖον,
1839 4772 1979 4835 ὥστε

374 4854 466 4914 καὶ
540 4854 666 4921 τοὺς
735 4858 976 4932 μαθητὰς
1044 4858 1298 4918 δύνασθαι
1372 4860 1803 4941 παραγενέσθαι,
1886 4864 1981 4924 καὶ

372 4943 567 5010 θεατὰς
613 4943 708 5003 καὶ
768 4945 1046 5027 μάρτυρας
1098 4951 1205 5007 τῶν
1270 4940 1568 5030 γινομνων
1619 4940 1788 5026 εἶναι,
1839 4952 1978 5012 ἀλλὰ

370 5033 467 5093 καὶ
517 5034 856 5114 στρατιώτας
908 5038 1285 5110 ἀποσταλῆναι
1314 5042 1388 5107 εἷς
1434 5039 1711 5122 φυλακὴν,
1762 5043 1855 5102 καὶ
1903 5042 1978 5120 μὴ

367 5134 524 5204 σχεῖν
574 5123 761 5203 χώραν
789 5126 882 5184 τὸν
937 5125 1061 5208 περὶ
1099 5131 1197 5200 τῆς
1244 5131 1447 5201 κλοπῆς
1490 5128 1670 5208 λόγον.
1732 5127 1979 5190 Ἀπαντα

363 5217 464 5272 οὐκ
500 5212 565 5272 ἂν
596 5213 736 5273 οὕτω
764 5214 1108 5297 προέϐησαν,
1148 5219 1193 5276 εἶ
1239 5219 1426 5300 πόρῤω
1456 5219 1741 5279 ἐτέθαπτο.
1791 5248 1815 5272 κ
1845 5223 1980 5280 Και-

364 5304 450 5362 νὸν
488 5303 545 5362 δὲ
594 5304 656 5362 τὸ
687 5309 995 5383 μνημεῖον,
1049 5306 1104 5364 ἐν
1148 5299 1192 5386 ᾧ
1236 5307 1448 5367 οὐδέπω
1497 5307 1666 5376 οὐδεὶς
1719 5310 1908 5386 ἐτέθη,
1943 5333 1973 5370 ι

356 5393 446 5451 ⁴ἵνα
501 5392 577 5470 μὴ
623 5399 1008 5478 συκοφαντηθῇ
1058 5399 1092 5465 ἡ
1143 5395 1458 5470 ἀνάστασις,
1506 5400 1579 5466 ὥς
1628 5397 1791 5459 ἄλλου
1837 5403 1968 5458 ἀνα-

364 5485 617 5562 στάντος,
647 5487 740 5546 καὶ
769 5486 894 5568 οὐχὶ
928 5490 1026 5544 τοῦ
1059 5483 1263 5554 Ἰησοῦ.
1302 5488 1408 5548 Καὶ
1447 5487 1620 5555 ἄλλως
1649 5488 1705 5546 δέ
1731 5508 1746 5522 ⁸
1775 5516 1800 5542 ι
1837 5492 1972 5550 Και-

362 5574 447 5631 νὸν
475 5575 535 5633 τὸ
563 5587 858 5654 μνημεῖον,
907 5599 942 5634 ι
986 5573 1328 5652 συμϐολικῶς
1371 5577 1562 5638 τούτου
1608 5577 1976 5658 δηλουμένου,

429 5753 471 5787 ¹⁹
498 5756 519 5810 l
543 5759 669 5827 Cor,
699 5773 768 5830 ιι,
803 5761 900 5817 ιο.

2092 4703 2318 4744 novum.
2374 4709 2401 4736 ιι
2459 4686 2728 4760 Singulari
2780 4693 2968 4741 autem
3022 4682 3427 4755 dispensatione
3487 4679 3695 4736 factum

2092 4785 2198 4844 est,
2239 4785 2303 4832 ut
2331 4776 2391 4832 in
2429 4776 2744 4849 propinquo
2773 4783 2918 4832 esset
2944 4780 3399 4840 monumentum,
3440 4779 3504 4826 ut
3531 4770 3698 4826 disci-

2090 4871 2200 4944 puli
2240 4878 2464 4941 possent
2501 4869 2714 4936 adesse,
2761 4878 2815 4926 et
2856 4877 3195 4941 spectatores
3224 4883 3290 4923 ac
3328 4874 3494 4923 testes
3521 4863 3702 4921 facto-

2089 4977 2213 5017 rum
2244 4961 2382 5029 ﬁeri,
2416 4969 2474 5016 et
2501 4959 2710 5016 milites
2740 4959 2887 5014 mitti
2914 4965 3140 5031 possent
3166 4956 3239 5013 ad
3267 4955 3603 5021 custodiam,
3635 4961 3692 5010 et

2090 5060 2154 5108 ut
2190 5058 2430 5106 cessaret
2471 5050 2660 5117 etiam,
2704 5057 2926 5121 pr0pter
2966 5050 3172 5115 locum,
3221 5045 3356 5102 furti
3398 5045 3639 5116 suspicio
3675 5063 3690 5099 :

2087 5155 2211 5213 quae
2250 5140 2437 5196 omnia
2467 5156 2581 5195 non
2626 5139 3000 5212 contigissent,
3050 5137 3099 5194 si
3127 5137 3315 5208 procul
3360 5134 3557 5190 fuisset
3599 5149 3692 5189 se-

2089 5231 2294 5304 pultus.
2349 5253 2375 5279 α
2427 5231 2648 5286 Novum
2677 5238 2864 5285 autem
2911 5235 3033 5284 erat
3077 5224 3413 5297 sepulcrum,
3467 5223 3521 5278 in
3574 5238 3686 5296 quo

2089 5319 2276 5375 nullus
2320 5318 2502 5375 adhuc
2543 5327 2658 5376 erat
2687 5319 2948 5392 positus:
2997 5337 3025 5368 »
3077 5323 3140 5371 ut
3185 5329 3298 5370 non
3329 5312 3694 5369 calumnietur

2081 5411 2202 5482 quis
2223 5410 2706 5478 resurrectionem,
2737 5407 2886 5480 quod
2915 5408 3056 5462 alius
3075 5403 3458 5470 resurrexerit,
3490 5411 3546 5459 et
3572 5419 3690 5460 non

2081 5501 2260 5555 Iesus.
2298 5501 2369 5554 Et
2396 5500 2557 5556 aliter
2589 5514 2808 5572 quoque
2839 5516 2854 5555 :
2889 5520 2914 5545 οι
2946 5500 3166 5554 Novum
3195 5501 3623 5550 monumentum
3655 5516 3682 5543 ι

2083 5588 2334 5662 symbolo
2359 5589 2606 5663 quodam
2637 5587 2958 5644 manifestat
2983 5585 3229 5643 futuram
3255 5584 3560 5641 novitatem
3594 5599 3696 5656 per
