4128 6458
422 447 526 500 287

1437 401 1954 494 THEOPHYLACTI
1993 434 2350 492 BULGARUE
2387 433 2708 490 ARCHIEP.

3626 432 3739 486 288

419 567 761 640 sepulturam
779 562 1013 622 Domini
1031 570 1223 619 contra
1252 571 1496 618 mortem
1519 562 2018 634 etcorruptionem,

2136 559 2214 620 ὅτι
2244 559 2559 636 καινοτομία
2606 557 2892 636 γενήσεται
2921 555 3008 615 διὰ
3057 561 3150 627 τῆς
3194 561 3365 637 ταφῆς
3395 559 3490 614 τοῦ
3535 554 3742 635 Κυρίου

424 666 478 713 et
507 655 657 728 quod
680 653 980 710 innovandi
1011 653 1179 707 simus
1208 667 1402 707 omnes
1433 651 1488 706 in
1520 652 1634 708 illo.
1665 652 1808 707 Vide
1835 660 2020 707 autem

423 755 480 802 et
503 745 721 802 divitias
746 742 1085 816 paupertatis
1108 741 1328 797 Domini
1355 749 1577 812 propter
1601 757 1718 798 nos.
1752 741 1856 809 Qui
1879 742 2022 797 enim

425 851 538 892 non
567 833 766 890 habuit
791 833 1021 889 domum
1051 831 1107 886 in
1137 831 1269 895 vita,
1298 846 1478 902 neque
1509 840 1633 902 post
1671 840 1912 887 mortem
1942 847 2022 886 se-

426 925 678 996 pulcrum
705 923 888 989 habet,
918 920 1016 977 sed
1054 921 1113 976 in
1142 920 1318 976 alieno
1347 919 1658 991 deponitur,
1688 930 1743 976 et
1771 937 1898 976 cum
1923 937 2024 975 uu-

424 1013 533 1070 dus
555 1021 720 1079 esset,
750 1028 780 1067 a
805 1010 1009 1082 Joseph
1037 1011 1280 1066 vestitur.
1323 1012 1419 1065 Est
1439 1018 1492 1065 et
1516 1025 1662 1065 nunc
1685 1012 1717 1064 J
1723 1025 1846 1066 esus
1871 1025 2023 1065 mor-

423 1113 575 1172 tuus,
618 1118 744 1159 cum
786 1101 1053 1158 occiditur
1083 1099 1153 1156 ab
1207 1099 1383 1156 avaris
1427 1108 1483 1155 et
1528 1099 1805 1168 violentis,
1861 1100 1942 1154 vel
1994 1115 2024 1154 a

424 1192 571 1249 fame
599 1192 704 1247 hoc
732 1191 934 1263 patitur
963 1209 976 1245 :
1004 1189 1099 1246 sed
1119 1197 1177 1244 et
1202 1189 1386 1245 nudus
1407 1188 1576 1260 758
1604 1198 1687 1245 est
1713 1208 1726 1244 :
1762 1205 2024 1261 quaecun-

425 1297 532 1355 que
561 1281 708 1338 enim
739 1295 948 1351 pauper
991 1279 1218 1350 patitur,
1250 1279 1501 1334 Christus
1538 1278 1764 1350 patitur.
1799 1279 2026 1334 Imitare

425 1381 482 1428 et
507 1379 568 1427 tu
600 1371 747 1426 hunc
771 1368 1003 1440 Joseph,
1027 1367 1170 1424 adde
1193 1366 1401 1439 aliquid
1427 1368 1573 1423 bono
1603 1367 1836 1439 (Ioseph
1874 1369 2025 1423 enim

424 1460 822 1532 interpretatur
863 1458 1092 1529 additio)
1123 1464 1176 1512 et
1205 1456 1512 1514 nuditatem
1541 1465 1666 1528 tege
1710 1457 1936 1525 Christi,
1969 1456 2026 1514 id

423 1559 507 1606 est
531 1548 804 1621 pauperis.
844 1549 968 1604 Hoc
989 1556 1177 1603 autem
1198 1544 1280 1603 fac
1303 1563 1418 1603 non
1437 1547 1631 1613 semel,
1661 1554 1716 1602 et
1740 1547 1798 1601 in
1823 1563 2028 1602 monu-

425 1647 616 1695 mento
645 1653 789 1710 pone
818 1637 1044 1702 animae,
1093 1644 1149 1692 et
1177 1652 1396 1707 semper
1439 1651 1652 1691 memor
1683 1643 1802 1692 esto
1831 1636 2026 1692 talium

424 1743 683 1800 operum,
710 1727 1007 1798 cogitaque
1036 1733 1092 1782 et
1119 1742 1271 1782 cura.
1309 1725 1563 1782 Admisce
1588 1734 1772 1781 autem
1799 1733 1855 1781 et
1884 1741 2030 1798 myr-

422 1817 581 1873 rham
609 1825 665 1872 et
691 1818 873 1873 aloen.
905 1820 1114 1872 Amara
1144 1823 1200 1871 et
1226 1814 1509 1871 mordaeia
1549 1815 1737 1871 saeculi
1764 1815 1908 1870 illius
1931 1815 2030 1886 ju-

2133 649 2276 708 κατὰ
2315 655 2409 708 τοῦ
2440 647 2667 707 θανάτου
2703 646 2794 705 καὶ
2834 649 2930 717 τῆς
2979 650 3202 726 φθορᾶς,
3255 646 3346 705 καὶ
3395 645 3743 716 καινισθησό-

2135 745 2270 815 μεθα
2300 738 2490 805 πάντες
2520 739 2572 795 ἐν
2604 739 2770 816 αὐτῷ.
2845 734 2992 814 ⁰Ορα
3026 734 3082 793 δέ
3126 759 3216 810 μοι
3250 737 3342 794 καὶ
3385 734 3474 793 τὸν
3505 737 3742 795 πλοῦτον

2132 833 2226 900 τῆς
2256 834 2346 886 τοῦ
2385 827 2579 906 Κυρίου
2622 828 2691 884 δι’
2727 830 2872 901 ἡμᾶς
2913 824 3208 904 πτωχείας.
3246 823 3312 882 Ὁ
3349 823 3452 902 γὰρ
3489 823 3564 900 μὴ
3597 823 3745 902 ἔχων

2133 916 2305 975 οἷκίαν
2353 919 2408 974 ἐν
2440 921 2506 995 τῇ
2557 919 2694 994 ζωῇ,
2745 913 2864 972 οὐδὲ
2907 912 3044 990 μετὰ
3095 913 3318 972 θάνατον
3355 917 3545 991 μνῆμα
3579 913 3692 992 ἔχει
3719 959 3741 992 ,

2134 1004 2251 1064 ἀλλ’
2309 1008 2360 1063 ἐν
2433 1003 2560 1084 ξένῳ
2618 1003 2993 1062 κατατίθεται·
3047 1003 3140 1062 xui
3207 1003 3404 1081 γυμνὸς
3459 1000 3572 1075 ὢν,
3633 1002 3747 1059 ὑπὸ

2133 1093 2335 1174 Ἰωσὴφ
2386 1094 2811 1174 περιστέλλεται.
2861 1087 3024 1152 Ἔστι
3069 1091 3159 1150 καὶ
3200 1097 3288 1150 νῦν
3337 1095 3365 1150 6
3405 1092 3612 1165 Ἰησοῦς
3654 1115 3751 1150 νε-

2134 1183 2283 1264 κρὸς,
2327 1183 2428 1243 ὑπὸ
2479 1186 2583 1240 τῶν
2636 1180 3032 1261 ἐπηρεαζόντων
3062 1180 3097 1252 ἢ
3139 1181 3599 1241 πλεονεκτούντων
3655 1204 3749 1239 νε-

2133 1272 2455 1352 κρούμενος,
2499 1271 2665 1342 ἢῦπὸ
2699 1274 2858 1347 λιμοῦ
2901 1271 3062 1330 ταύτὸ
3105 1271 3353 1350 πάσχων.
3448 1270 3609 1331 Ἀλλὰ
3642 1271 3750 1328 καὶ

2135 1363 2352 1440 γυμνός.
2393 1360 2545 1421 ⁴⁷Οσα
2580 1361 2680 1440 γὰρ
2713 1365 2739 1420 6
2769 1362 2933 1432 πένης
2963 1359 3196 1440 πάσχει,
3239 1360 3470 1440 Χριστὸς
3503 1360 3737 1439 πάσχει.

2137 1451 2392 1528 Μίμησαι
2441 1450 2533 1508 xui
2580 1449 2645 1508 σὺ
2675 1457 2764 1508 νῦν
2799 1449 2888 1508 τὸν
2934 1449 3157 1531 Ἰωσήφ⁶
3188 1449 3413 1528 πρόσθες
3463 1453 3539 1529 τῷ
3585 1451 3747 1526 καλῷ

2138 1541 2380 1621 (Ἰωσὴφ
2413 1539 2514 1620 γὰρ
2565 1568 2589 1590 α
2616 1539 2897 1618 πρόσθεσις
2943 1563 2970 1597 u
3033 1540 3445 1618 ἑρμηνεύεται),
3499 1538 3591 1597 xui
3634 1537 3743 1608 τὴν

2135 1629 2405 1708 γύμνωσιν
2434 1629 2763 1708 περίστειλον
2799 1633 2891 1686 τοῦ
2923 1631 3178 1707 Χριστοῦ,
3208 1628 3325 1700 ἤτοι
3361 1634 3454 1686 τοῦ
3488 1627 3744 1699 πένητος,

2137 1721 2326 1779 Ταῦτα
2359 1720 2412 1776 δὲ
2457 1717 2714 1792 ποίησον,
2768 1717 2842 1795 μὴ
2881 1716 3058 1790 ἅπαξ,
3097 1720 3216 1775 ἀλλ’
3267 1720 3319 1776 ἐν
3364 1721 3442 1798 τῷ
3490 1716 3748 1795 μνημείῳ

2141 1807 2222 1875 θὲς
2253 1813 2346 1879 τῆς
2366 1811 2556 1888 ψυχῆς,
2594 1807 2686 1865 xui
2715 1807 2796 1865 ἀεὶ
2831 1806 3159 1884 μνημόνευε,
3186 1806 3277 1865 καὶ
3303 1807 3380 1864 ἀεὶ
3400 1806 3629 1883 λογίζου,
3649 1805 3752 1863 καὶ

422 1905 563 1963 dicia
611 1906 800 1962 animo
838 1920 1102 1976 reponere
1132 1912 1368 1977 oportet,
1405 1913 1457 1961 et
1489 1920 1679 1960 vocem
1721 1903 1870 1960 illam
1899 1919 2024 1976 quae

2136 1897 2367 1978 φρόντιζε
2412 1903 2518 1956 τῶν
2566 1896 2819 1955 τοιούτων
2865 1896 3052 1975 ἔργων.
3133 1895 3487 1978 Παραμίγνυε
3537 1894 3590 1953 δὲ
3643 1894 3747 1952 καὶ

421 1993 745 2051 maledictos
783 2003 997 2062 avocat,
1038 2001 1094 2048 et
1137 1993 1194 2048 in
1223 1992 1406 2063 ignem
1437 1993 1607 2049 mittit
1634 1992 2020 2048 immisericor-

418 2083 538 2150 des,
571 2099 680 2154 quo
709 2083 845 2138 nihil
875 2081 1122 2138 amarius
1149 2090 1300 2152 puto.

2128 1985 2364 2066 σμύρναν
2409 1988 2501 2044 xui
2533 1985 2718 2056 ἇλόην.
2748 1984 2839 2043 Τὰ
2871 1983 3039 2064 πικρὰ
3075 1985 3178 2063 γὰρ
3209 1985 3299 2044 xui
3333 1984 3594 2066 στύφοντα
3628 1988 3729 2040 τοῦ

2128 2076 2298 2134 ἐκεῖσε
2345 2078 2532 2140 αἰῶνος
2586 2073 2906 2154 δικαστήρια
2942 2078 3279 2150 ἐνθυμεῖσθαι
3320 2074 3464 2154 χρὴ,
3516 2071 3605 2130 xui
3632 2071 3740 2141 τὴν

424 2164 602 2244 φωνὴν
659 2163 861 2234 ἐκείνην
912 2162 1008 2234 τὴν
1057 2162 1463 2241 κατηραμένους
1509 2164 1920 2240 ἀποκαλοῦσαν,
1971 2160 2064 2220 xui
2121 2167 2194 2232 εἷς
2241 2171 2350 2245 πῦρ
2395 2162 2822 2242 ἀποπέμπουσαν
2874 2162 2996 2231 τοὺς
3042 2165 3436 2240 ἀνελεήμονας,
3483 2160 3546 2235 ἧς
3588 2161 3749 2220 οὐδὲν

423 2243 734 2334 πικρότερον
764 2243 937 2330 οἶμαι.

1013 2387 1254 2443 CAPUT
1291 2388 1425 2442 XX.

420 2528 496 2581 De
552 2526 941 2580 resurrectione
993 2522 1216 2580 Christi.
1273 2526 1349 2579 De
1399 2524 1740 2593 apparitione
1789 2521 2018 2586 Christi,

485 2600 725 2668 primum
757 2597 950 2651 Maria:
976 2595 1338 2665 Magdalenw,
1366 2595 1563 2650 deinde
1585 2596 1792 2650 cateris
1817 2600 2022 2665 aposto-

494 2671 564 2724 lis
591 2669 944 2741 congregatis.

491 2787 648 2840 Vsns
671 2789 812 2840 .1-4.
841 2805 868 2832 ι
888 2784 1018 2839 Una
1041 2797 1170 2838 vero
1190 2781 1562 2839 Sabbatorum
1588 2781 1766 2838 Maria
1791 2781 2021 2854 Madga-

2715 2389 3001 2448 ΚΕΦΑᾹ.
3052 2389 3144 2448 Κ’.

2133 2533 2248 2596 Περὶ
2293 2537 2378 2588 τῆς
2413 2531 2728 2585 ἀναστάσεως
2765 2536 2853 2580 τοῦ
2884 2533 3113 2594 Χριστοῦ.
3164 2531 3275 2594 Περὶ
3305 2535 3388 2588 τῆς
3418 2529 3749 2590 φανερώσεως

2194 2608 2279 2651 τοῦ
2326 2606 2566 2664 Χριστοῦ,
2621 2605 2811 2666 πρῶτον
2857 2603 2941 2664 μὲν
2985 2607 3043 2664 τῇ
3094 2603 3261 2668 Μαρίᾳ
3301 2607 3358 2664 τῇ
3403 2601 3742 2664 Μαγδαληνῇ,

2194 2675 2362 2724 ἔπειτα
2385 2675 2436 2722 δὲ
2464 2680 2562 2729 τοῖς
2599 2677 2838 2735 μαθηταῖς
2863 2676 3200 2737 συνηγμέε-οις.

2209 2785 2294 2859 Τῇ
2340 2781 2395 2839 δὲ
2445 2791 2542 2861 μιᾷ
2572 2783 2676 2840 τῶν
2714 2779 3019 2841 Σαϐϐάτων
3048 2781 3263 2862 ἔρχεται
3309 2779 3503 2860 Μαρία
3535 2783 3568 2850 ἡ
3604 2783 3742 2839 Μα-

421 2875 544 2930 lene
568 2873 716 2928 venit
740 2888 926 2938 mane,
953 2887 1080 2927 cum
1106 2870 1286 2927 adhuc
1306 2871 1547 2928 tenebrae
1567 2879 1772 2940 essent,
1804 2870 1876 2927 ad
1905 2888 2024 2927 mo-

2136 2870 2366 2951 γδαληνὴ
2403 2869 2574 2951 πρωῒ,
2607 2870 2819 2938 σκοτίας
2871 2869 2949 2929 ἔτι
2995 2869 3184 2945 οὔσης,
3216 2873 3287 2937 εἷς
3331 2869 3392 2928 τὸ
3432 2872 3736 2945 μνημεῖον,

421 2971 772 3029 numentum,
821 2961 1072 3033 videtque
1115 2960 1355 3032 lapidem
1409 2960 1690 3016 sublatum
1737 2976 1768 3016 a
1819 2976 2024 3017 monu-

421 3060 633 3108 mento.
680 3050 867 3108 Currit
895 3067 1024 3123 ergo
1059 3059 1115 3106 et
1155 3050 1303 3104 venit
1332 3048 1401 3105 ad
1443 3050 1728 3105 Simonem
1774 3053 2022 3120 Petrum,

420 3149 477 3198 et
501 3139 570 3196 ad
598 3139 831 3195 alterum
862 3138 1019 3193 illum
1045 3138 1378 3209 discipulum
1409 3154 1575 3209 quem
1603 3138 1827 3194 amabat
1845 3140 2020 3206 Jesus,

2130 2961 2221 3018 xui
2276 2959 2462 3039 βλέπει
2507 2960 2596 3017 τὸν
2662 2959 2805 3017 λίθον
2859 2961 3085 3039 ἠρμένον
3139 2959 3246 3017 ἀπὸ
3294 2964 3386 3017 τοῦ
3436 2958 3731 3034 μνημείου.

2131 3049 2332 3130 Τρέχει
2357 3041 2484 3120 οὖν,
2525 3047 2617 3107 xui
2654 3047 2873 3128 ἔρχεται
2921 3049 3050 3125 πρὸς
3099 3048 3321 3125 Σίμωνα
3375 3049 3613 3126 Πέτρον,
3651 3047 3752 3105 xui

2132 3138 2261 3217 πρὸς
2293 3138 2380 3197 τὸν
2429 3139 2589 3197 ἄλλον
2625 3141 2904 3214 μαθητὴν,
2960 3137 3017 3197 ὃν
3062 3138 3228 3219 ἐφίλει
3281 3143 3308 3198 6
3357 3137 3596 3212 Ἰησοῦς,
3642 3137 3741 3195 xui

419 3239 476 3285 et
500 3229 634 3285 dicit
660 3229 770 3284 illis
802 3249 814 3284 :
847 3227 1197 3284 Sustulerunt
1240 3227 1543 3283 Dominum
1574 3243 1604 3282 a
1635 3238 2017 3299 monumento,

2136 3229 2279 3308 λέγει
2302 3231 2502 3295 αὐτοῖς’
2531 3219 2712 3306 τΗραν
2745 3228 2832 3286 τὸν
2860 3228 3056 3308 Κύριον
3090 3231 3148 3287 ἐκ
3182 3233 3270 3287 τοῦ
3314 3228 3578 3308 μνημείου
3602 3273 3616 3300 ,
3642 3227 3743 3284 xui

423 3327 479 3377 et
507 3319 786 3374 nescimus
823 3316 916 3372 ubi
945 3326 1250 3388 posuerunt
1285 3332 1432 3372 eum.
1460 3317 1607 3372 Exiit
1635 3333 1766 3389 ergo
1812 3321 2024 3388 Petrus,

423 3417 482 3466 et
507 3409 592 3464 ille
616 3407 751 3463 alius
773 3407 1094 3478 discipulus,
1121 3416 1176 3462 et
1197 3416 1458 3462 venerunt
1479 3406 1550 3462 ad
1576 3417 2020 3464 monumentum.

423 3498 732 3556 Currebant
767 3505 953 3552 autem
995 3496 1106 3552 duo
1149 3496 1335 3564 simul,
1368 3505 1423 3552 et
1451 3497 1538 3552 ille
1568 3496 1702 3553 alius
1730 3497 2028 3570 discipulus

423 3587 780 3661 praecucurrit
825 3586 986 3642 citius
1031 3588 1213 3652 Petro,
1255 3586 1508 3658 venitque
1539 3587 1686 3658 prior
1713 3585 1782 3642 ad
1824 3603 2027 3643 monu-

424 3686 695 3732 mentum.
735 3699 758 3724 ι
794 3677 979 3732 Unam
1025 3675 1396 3731 Sabbatorum
1444 3677 1703 3731 nominat
1730 3691 1896 3748 quam
1927 3693 2030 3732 nos

421 3766 777 3823 Dominicam
803 3781 1082 3821 vocamus.
1110 3767 1252 3820 Nam
1274 3764 1508 3820 Sabbata
1529 3765 1646 3820 dies
1669 3765 2030 3823 hebdomadac

421 3857 718 3912 nominant
751 3874 765 3912 :
816 3871 983 3912 unam
1020 3864 1207 3911 autem
1240 3852 1452 3912 dierum
1491 3854 1733 3922 Sabbati,
1767 3855 2026 3927 primam.

423 3947 646 4001 Etenim
693 3961 878 4001 revera
921 3945 1038 4001 dies
1067 3959 1260 4000 omnes
1303 3959 1410 4000 una
1449 3951 1581 3999 sunt
1614 3961 1627 3998 :
1677 3960 1819 4015 saepe
1848 3955 2030 4001 autem

421 4050 548 4091 cum
601 4034 866 4106 accipitur
909 4050 1038 4101 una,
1101 4041 1156 4089 et
1201 4032 1571 4104 componitur,
1627 4033 1833 4089 multas
1880 4034 2025 4090 facit.

423 4124 548 4179 Una
583 4122 765 4192 itaque
794 4130 879 4176 est
923 4121 1100 4193 prima
1133 4139 1148 4176 :
1189 4121 1271 4176 bis
1312 4131 1497 4176 autem
1527 4121 1571 4176 si
1615 4122 1931 4193 accipiatur,
1974 4126 2033 4180 iit

421 4211 661 4268 secunda
702 4231 713 4266 :
747 4218 802 4266 et
829 4211 1009 4278 tertio,
1051 4210 1210 4266 tertia
1251 4231 1264 4267 :
1299 4219 1353 4266 et
1388 4211 1664 4283 deinceps.
1696 4213 1891 4268 Futuri
1929 4230 2032 4269 au-

421 4310 538 4359 tem
569 4302 754 4358 saeculi
781 4311 944 4374 typus
988 4309 1072 4357 est
1113 4301 1232 4358 dies
1265 4301 1387 4370 iste,
1417 4302 1565 4374 quod
1595 4303 1860 4359 saeculum
1891 4321 2033 4360 unus

422 4391 543 4448 dies
585 4399 686 4460 est,
733 4406 1020 4463 nunquam
1052 4398 1217 4446 nocte
1247 4389 1516 4446 dissectus
1547 4400 1642 4446 aut
1687 4392 2030 4450 dimidiatus.

2129 3320 2226 3378 οὐκ
2255 3318 2504 3392 οἴδαμεν,
2536 3325 2636 3376 ποῦ
2677 3316 2870 3388 ἔθηκαν
2904 3319 3088 3379 αὐτόν.
3121 3317 3378 3388 Ἐξῆλθεν
3423 3307 3512 3374 οῦν
3551 3321 3578 3375 6
3623 3314 3742 3374 Πέ-

2132 3431 2282 3487 τρος,
2307 3407 2398 3464 xui
2425 3410 2450 3464 6
2483 3407 2640 3474 ἄλλος
2681 3407 2954 3482 μαθητὴς,
2984 3407 3074 3466 καὶ
3118 3407 3348 3487 ἤρχοντο
3381 3409 3451 3472 εἷς
3497 3406 3558 3464 τὸ
3590 3430 3730 3482 μνη-

2136 3501 2307 3574 μεῖον.
2339 3495 2601 3576 Ἔτρεχον
2639 3494 2692 3554 δὲ
2723 3499 2770 3556 οἱ
2803 3495 2893 3554 δύο
2919 3501 3085 3574 ὁμοῦ,
3118 3497 3208 3554 xui
3241 3501 3266 3554 6
3313 3495 3472 3563 ἄλλος
3501 3494 3752 3571 μαθητὴς

2134 3588 2435 3666 προέδραμε
2468 3587 2653 3665 τάχιον
2703 3591 2793 3644 τοῦ
2838 3586 3046 3664 Πέτρου
3072 3633 3086 3657 ,
3138 3585 3229 3644 καὶ
3271 3577 3399 3656 ἦλθε
3428 3587 3636 3664 πρῶτος
3671 3586 3750 3652 εἷς

2136 3676 2195 3734 τὸ
2227 3679 2504 3753 μνημεῖον.
2553 3698 2580 3731 ›)
2627 3675 2772 3734 Μίαν
2807 3679 2910 3733 τῶν
2959 3673 3263 3734 Σαϐϐάτων
3306 3673 3402 3746 τὴν
3445 3673 3573 3752 παρ’
3605 3677 3745 3752 ἡμῖν

2137 3771 2227 3823 νῦν
2279 3763 2556 3842 Κυριακὴν
2589 3763 2858 3842 ὀνομάζει.
2949 3764 3214 3824 Σάϐϐατα
3254 3762 3348 3841 μὲν
3381 3762 3485 3842 γὰρ
3514 3761 3608 3828 τὰς
3649 3767 3751 3833 τῆς

2141 3854 2434 3931 ἑϐδομάδος
2481 3852 2686 3933 ἡμέρας
2740 3852 3082 3930 ὀνομάζουσι·
3146 3853 3272 3931 μίαν
3324 3850 3377 3911 δὲ
3432 3856 3535 3910 τῶν
3587 3851 3749 3912 Σαϐ-

2140 3943 2316 4002 ϐάτων
2336 3987 2353 4015 ,
2388 3946 2604 4023 ἡμερῶν
2637 3941 2732 4013 τὴν
2765 3943 3002 4019 πρώτην·
3033 3942 3125 4000 xui
3155 3942 3256 4022 γὰρ
3282 3942 3445 4009 ὄντως
3478 3950 3651 3999 πᾶσαι
3684 3943 3748 3998 αἱ

2138 4031 2336 4111 ἡμέραι
2370 4031 2468 4108 μία
2520 4032 2642 4093 εἶσί.
2739 4032 3009 4098 Πολλάκις
3058 4029 3112 4090 δὲ
3151 4031 3538 4108 λαμϐανομένη
3568 4033 3601 4099 ἡ
3639 4031 3745 4107 μία

2137 4123 2229 4180 καὶ
2263 4118 2606 4195 συντιθεμένη
2655 4119 2750 4189 τὰς
2779 4119 2982 4188 πολλὰς
3027 4125 3185 4178 ποιεῖ.
3245 4120 3365 4180 Μία
3406 4111 3494 4179 οὖν
3538 4121 3676 4176 ἐστιν
3708 4124 3747 4191 ἡ

2139 4209 2327 4290 πρώτη
2359 4208 2535 4290 ἡμέρα
2559 4254 2574 4281 ,
2611 4209 2685 4276 δὶς
2713 4208 2767 4267 δὲ
2791 4209 3175 4288 λαμϐανομένη
3199 4256 3214 4282 ,
3243 4210 3446 4288 γίνεται
3484 4209 3700 4287 δευτέρα
3726 4254 3746 4284 ,

2138 4299 2227 4358 xui
2271 4298 2378 4379 τρὶς
2409 4298 2593 4378 τρίτη,
2636 4298 2728 4357 καὶ
2774 4299 2979 4380 ἐφεξῆς.
3075 4299 3181 4359 Καὶ
3227 4304 3318 4357 τοῦ
3367 4299 3654 4373 μέλλοντος
3689 4298 3748 4355 δὲ

2140 4391 2324 4454 αἰῶνος
2356 4387 2517 4454 τύπος
2566 4388 2707 4446 ἐστὶν
2759 4393 2791 4460 ἡ
2833 4388 3052 4460 τοιαύτη
3095 4388 3310 4467 ἡμέρα,
3361 4387 3416 4454 ὃς
3469 4386 3596 4445 αἰὼν
3643 4389 3748 4461 μία

422 4483 576 4537 Deus
605 4480 758 4536 enim
783 4481 863 4536 sol
896 4489 975 4535 est
1003 4481 1142 4551 ejus,
1170 4479 1264 4552 qui
1289 4496 1577 4552 nunquam
1604 4482 1826 4537 occidit.
1855 4483 2026 4555 Igitur

2142 4478 2317 4557 ἡμέρα
2369 4478 2508 4537 ἐστὶν
2537 4523 2552 4550 ,
2603 4477 2850 4536 οὐδέποτε
2896 4478 3046 4536 νυκτὶ
3089 4475 3547 4553 διακοπτομένηῆ
3585 4497 3751 4551 μεσο-

422 4569 894 4644 quemadmodum
935 4569 989 4624 in
1038 4569 1144 4625 hoc
1171 4571 1477 4625 resurrexit
1506 4571 1800 4637 Dominus,
1834 4588 2028 4628 corru-

423 4661 610 4732 ptibile
635 4676 798 4716 suum
827 4675 1026 4730 corpus
1065 4659 1478 4731 incorruptibile
1508 4660 1774 4732 recipiens
1803 4680 1816 4716 :
1859 4662 1935 4718 ita
1976 4671 2032 4718 et

421 4767 525 4806 nos
566 4751 621 4805 in
667 4749 855 4805 futuro
899 4748 1102 4805 saeculo
1155 4749 1627 4820 incorruptionem
1673 4751 2025 4822 recipiemus.

423 4841 590 4894 Venit
628 4840 796 4909 igitur
825 4839 878 4893 in
910 4861 936 4888 ι
974 4839 1078 4894 hac
1122 4855 1230 4894 una
1287 4861 1310 4888 ιι
1355 4838 1459 4894 hoc
1495 4849 1601 4909 est,
1629 4839 1812 4910 prima
1848 4860 1875 4892 (ι
1903 4841 2034 4896 Sab-

423 4929 703 4995 batorum,
737 4949 766 4981 »
800 4929 905 4984 hoc
925 4935 1028 4996 est,
1059 4929 1277 4984 dierum
1307 4928 1533 4984 Sabbati
1565 4938 1619 4985 et
1643 4929 2029 5000 hebdomadas,

431 5039 458 5070 «
499 5017 671 5074 Maria
701 5018 1041 5090 Magdalene.
1080 5041 1104 5067 ι
1130 5021 1274 5075 Nam
1304 5019 1605 5075 Sabbatum
1633 5019 1858 5092 quidem
1891 5037 2030 5091 pra:-

421 5107 664 5174 terierat,
693 5116 750 5163 et
781 5123 896 5162 non
926 5108 1068 5163 ultra
1099 5124 1130 5163 a
1169 5108 1284 5179 lege
1314 5107 1710 5178 prohibebatur
1749 5127 1763 5164 :
1791 5117 1846 5165 et
1875 5110 2027 5179 abiit,

419 5213 450 5253 a
481 5197 600 5253 loco
627 5196 810 5253 volens
840 5197 1279 5253 consolationem
1308 5198 1609 5269 quamdam
1649 5199 1894 5254 invenire
1930 5218 1941 5254 :
1972 5209 2029 5255 et

424 5303 552 5344 cum
572 5310 596 5336 ει
611 5288 834 5343 vidisset
847 5286 1085 5360 lapidem
1100 5287 1396 5356 sublatum,
1420 5310 1443 5335 υ
1464 5303 1660 5360 magna
1677 5288 2030 5344 festinatione

423 5377 571 5431 venit
623 5375 693 5432 ad
749 5381 976 5433 Petrum
1034 5400 1060 5425 υ
1105 5385 1161 5433 et
1210 5378 1505 5432 Joannem.
1563 5380 1704 5433 Nam
1752 5379 2029 5434 Dominus

423 5465 645 5538 quidem
676 5473 1007 5533 surrexerat,
1038 5465 1217 5538 lapide
1259 5467 1608 5539 supraposito
1645 5475 1702 5522 et
1736 5466 2028 5538 obsignato

426 5554 697 5624 sepulcro.
741 5555 881 5626 Quia
926 5564 1113 5611 autem
1169 5564 1227 5612 et
1271 5563 1436 5611 testes
1471 5555 1740 5628 quosdam
1776 5573 2026 5612 resurre-

424 5642 622 5698 ctionis
650 5658 768 5699 esse
809 5644 1118 5715 oportebat,
1157 5653 1211 5701 et
1240 5645 1294 5700 in
1320 5647 1636 5717 sepulcrum
1667 5645 1893 5719 ingredi,
1925 5647 2026 5703 tol-

426 5730 557 5787 litur
579 5731 714 5803 lapis
735 5731 802 5788 ab
821 5733 1035 5804 angelo.
1065 5733 1241 5791 Maria
1265 5743 1457 5792 autem
1481 5733 1621 5792 nihil
1643 5735 1824 5794 adhuc
1851 5735 1920 5793 de
1942 5752 2024 5793 re-

2142 4566 2471 4644 λαϐουμένη.
2509 4564 2579 4626 (Ο
2609 4566 2747 4633 Θεὸς
2777 4566 2879 4645 γὰρ
2917 4566 3064 4638 ἥλιος
3095 4571 3250 4626 αὐτοῦ
3281 4569 3426 4645 ἐστι,
3469 4566 3747 4642 μηδέποτε

2141 4656 2410 4733 δυόμενος.
2498 4656 2714 4736 ⁰Ωσπερ
2747 4647 2836 4713 οῦν
2874 4660 2925 4716 ἐν
2968 4655 3140 4736 ταύτῃ
3191 4654 3386 4728 ἀνέστη
3434 4659 3461 4712 6
3514 4653 3747 4735 Κύριος,

2143 4747 2470 4827 ἄφθαρτίσας
2526 4745 2586 4804 τὸ
2653 4747 2884 4827 φθαρτὸν
2944 4751 3104 4805 αὑτοῦ
3170 4749 3369 4823 σῶμαο
3444 4743 3582 4802 οὕτω
3652 4745 3753 4802 xui

2139 4837 2294 4913 ἡμεῖς
2333 4839 2384 4894 ἐν
2414 4839 2488 4915 τῷ
2538 4837 2689 4892 αἰῶνι
2732 4840 2808 4912 τῷ
2841 4835 3088 4910 μέλλοντι
3133 4836 3228 4906 τὴν
3271 4833 3569 4914 ἀφθαρσίαν
3602 4835 3748 4891 ἆπο-

2139 4925 2442 5006 ληψόμεθα.
2485 4922 2750 5005 Ἔρχεται
2791 4915 2877 4984 οῦν
2913 4927 2966 4982 ἐν
2999 4924 3167 5002 ταύτῃ
3197 4949 3226 4979 ι(
3259 4927 3324 5003 τῇ
3355 4932 3488 5002 μιᾷ,
3525 4950 3548 4974 υ
3590 4945 3751 4980 τουτ-

2141 5013 2280 5087 έστι,
2306 5013 2492 5094 πρώτῃ
2527 5042 2547 5064 ιι
2576 5018 2679 5071 τῶν
2712 5013 3046 5088 Σαϐϐάτων,
3070 5041 3091 5064 υ
3116 5013 3146 5070 6'
3169 5017 3305 5087 ἐστι,
3339 5017 3442 5072 τῶν
3469 5016 3561 5070 τοῦ
3593 5011 3747 5070 Σαϐ-

2141 5103 2301 5161 ϐάτου
2342 5103 2432 5162 xui
2482 5107 2577 5175 τῆς
2609 5102 2903 5179 ἑϐδομάδος
2933 5107 3176 5183 ἡμερῶν,
3229 5131 3252 5156 α
3288 5104 3504 5182 ἔρχεται
3556 5102 3751 5182 Μαρία

2138 5197 2170 5265 ἡ
2200 5193 2558 5272 Μαγδαληνή.
2602 5221 2625 5245 υ
2717 5191 2878 5252 Ἐπεὶ
2907 5192 3009 5272 γὰρ
3049 5194 3110 5251 τὸ
3143 5191 3434 5255 Σάϐϐατον
3465 5191 3744 5270 παρῆλθε,

2136 5283 2229 5340 καὶ
2261 5285 2355 5339 οὐκ
2393 5280 2469 5340 ἔτι
2499 5280 2681 5340 λοιπὸν
2729 5283 2990 5341 ἐκωλύετο
3020 5282 3126 5340 ἀπὸ
3159 5287 3246 5341 τοῦ
3292 5281 3491 5358 νόμου,
3530 5278 3750 5338 ἄπεισιν

2139 5372 2243 5430 ἀπὸ
2275 5377 2365 5430 τοῦ
2410 5370 2604 5441 τόπου“,
2636 5371 2982 5450 παραμυθίαν
3032 5370 3152 5430 τινὰ
3192 5369 3492 5450 βουλομένη
3524 5372 3696 5446 εὑρεῖν
3725 5390 3742 5404 ’

2131 5461 2224 5518 xui
2269 5462 2450 5520 ἰδοῦσα
2485 5489 2510 5514 α
2542 5460 2632 5519 τὸν
2680 5460 2823 5519 λίθον
2869 5461 3130 5538 ἠρμένον,
3165 5488 3187 5513 ι)
3233 5460 3370 5537 μετὰ
3415 5459 3616 5516 πολλοῦ
3645 5465 3746 5517 τοῦ

2135 5550 2330 5629 τάχους
2383 5548 2662 5630 «ἔρχεται
2703 5549 2831 5629 πρὸς
2881 5551 2968 5607 τὸν
3012 5549 3220 5628 Πέτρον
3251 5578 3276 5601 ι
3323 5547 3415 5607 xui
3460 5546 3741 5618 Ἰωάννην.

2133 5639 2356 5710 Ἀνέστη
2413 5638 2510 5716 μὲν
2563 5639 2665 5718 γὰρ
2710 5643 2736 5698 ὃ
2790 5639 3026 5721 Κύριος,
3057 5645 3149 5697 τοῦ
3197 5639 3346 5697 λίθου
3400 5635 3745 5712 ἐπικειμένου

2134 5729 2225 5788 xui
2252 5731 2358 5787 τῶν
2385 5728 2691 5809 σφραγίδων
2724 5730 2916 5789 οὐσῶν.
2949 5729 3109 5792 Ἐπεὶ
3130 5729 3183 5789 δὲ
3208 5727 3316 5789 ἔδει
3349 5728 3438 5788 xui
3469 5726 3750 5806 μάρτυρας
