4128 6436
349 433 460 488 289

1155 426 1548 491 ENARRATIO
1586 434 1654 490 IN
1691 427 2129 492 EVANGELIUM
2164 427 2470 494 JOANNIS.
2509 467 2578 479 —
2607 437 2756 495 CAP.
2800 440 2904 494 ΧΧ.

3574 439 3682 498 290

362 561 462 628 τῆς
510 554 853 624 ἀναστάσεως
905 555 1150 636 γενέσθαι
1201 559 1376 631 τινὰς,
1414 559 1507 618 καὶ
1551 560 1638 619 ἐπὶ
1684 561 1774 620 τὸν
1805 561 1962 642 τάφον

2082 563 2420 620 surrectione
2465 563 2664 633 sciens,
2711 563 2921 620 furtum
2960 570 3015 620 et
3055 563 3472 622 translationem
3526 575 3685 623 vocat

351 649 645 724 εἰσελθεῖν,
666 645 882 726 αἴρεται
911 651 941 705 6
972 647 1110 715 λίθος
1140 647 1242 706 ὑπὸ
1272 656 1362 708 τοῦ
1385 651 1628 728 ἀγγέλου.
1658 649 1728 711 Ἡ
1753 650 1807 710 δὲ
1839 654 1967 712 Μα-

362 737 454 817 ρία
487 736 636 795 οὐδὲν
664 736 878 795 οὐδέπω
909 738 1034 817 περὶ
1078 736 1415 806 ἀναστάσεως
1444 739 1776 818 γινώσκουσα
1798 786 1814 813 ,
1845 743 1972 799 κλο-

349 826 497 900 πὴν,
529 826 623 884 καὶ
654 825 943 902 μετάθεσιν
974 827 1219 903 ὀνομάζει
1257 831 1318 886 τὸ
1347 837 1596 908 πρᾶγμα.
1667 830 1764 890 Διὸ
1797 829 1889 888 καὶ
1921 832 1970 888 οἱ

354 916 602 993 μαθηταὶ
675 914 992 996 ἐφίστανται
1048 921 1124 998 τῷ
1195 919 1475 999 μνημείῳ,
1572 923 1665 977 καὶ
1719 925 1966 999 θεωροῦσι

356 1032 384 1060 σ
415 1006 485 1064 τὰ
518 1005 695 1065 ὀθόνια
741 1005 964 1084 κείμενα
1011 1006 1186 1084 μόνα,
1236 1029 1264 1064 ι
1319 1005 1448 1086 ὅπερ
1499 998 1564 1080 ἧν
1628 1009 1970 1076 ἀναστάσεως

359 1096 528 1162 ὄντως
566 1095 629 1154 16
670 1099 913 1173 σημεῖον.
971 1095 1114 1157 Οὔτε
1163 1095 1265 1177 γὰρ
1310 1099 1354 1156 εἰ
1405 1099 1698 1175 μετέθηκάν
1729 1122 1864 1166 τινες
1913 1100 1972 1159 τὸ

363 1189 554 1262 σῶμα,
603 1185 920 1264 ἐγύμνωσαν
953 1185 1020 1244 ἂν
1053 1186 1201 1244 αὐτό·
1233 1184 1351 1246 οὔτε
1379 1189 1424 1246 εἰ
1451 1186 1682 1268 ἔκλεψαν
1705 1234 1722 1266 ,
1773 1188 1968 1269 ἐφρόν-

370 1297 518 1333 τισαν
548 1274 611 1332 ἂν
664 1280 760 1334 τοῦ
800 1302 824 1329 α
858 1276 918 1335 τὸ
947 1275 1224 1356 σουδάριον
1261 1300 1288 1332 »
1340 1276 1633 1351 ἐντυλίξαι,
1669 1278 1763 1337 καὶ
1802 1284 1970 1337 θεῖναι

370 1389 400 1419 ι
433 1362 600 1443 χωρὶς
641 1368 712 1430 εἰς
753 1361 847 1423 ἕνα
877 1365 1058 1424 τόπονο
1093 1389 1120 1423 »
1158 1367 1279 1424 ἀλλ’
1311 1366 1496 1434 ἅπλῶς
1533 1371 1602 1434 ὡς
1642 1357 1818 1447 εἶχεν,
1847 1370 1969 1427 ἔλα-

356 1455 453 1513 ϐον
498 1454 563 1512 ἂν
595 1455 872 1537 τὸμσῶμα.
913 1455 1021 1515 Καὶ
1055 1455 1142 1514 διὰ
1172 1462 1329 1516 τοῦτο
1368 1457 1657 1537 προλαϐὼν
1691 1462 1718 1516 ὃ
1745 1460 1967 1537 εὐαγγεο

353 1544 580 1636 λιστὴς,
641 1534 785 1602 εἶπεν
812 1591 824 1611 ,
858 1545 939 1604 ὅτι
988 1545 1196 1625 σμύρνῃ
1231 1534 1495 1628 συνετάφη
1529 1549 1736 1625 πολλῇ,
1781 1548 1815 1620 ἣ
1857 1534 1971 1628 ⁷οὐχ

359 1633 528 1704 ἦττον
576 1633 834 1708 μολίϐδου
883 1636 1152 1715 συγκολλᾷ
1198 1637 1275 1712 τῷ
1306 1634 1519 1712 σώματι
1561 1637 1627 1694 τὰ
1657 1635 1851 1695 ὀθόνιαο
1882 1637 1970 1696 ἵνα

357 1721 490 1780 ὅταν
549 1721 893 1799 ἀκούσωμεν,
925 1723 1008 1783 ὅτι
1053 1723 1115 1782 τὸ
1162 1725 1437 1802 σουδάριον
1488 1725 1658 1785 ἔκειτο
1691 1727 1834 1806 ἰδίᾳ,
1892 1727 1966 1804 μὴ

358 1811 734 1892 ἆνασχώμεθα
783 1815 886 1896 τῷν
948 1813 1248 1890 λεγόντων,
1305 1813 1386 1873 ὅτι
1443 1815 1674 1887 ἐκλάπη.
1729 1819 1810 1876 Οὐ
1867 1817 1969 1896 γὰρ

2080 652 2228 724 quod
2265 654 2567 727 contigerat
2590 653 2661 710 de
2685 669 2768 710 eo.
2801 657 2871 710 Et
2899 653 3153 726 discipuli
3185 655 3447 711 assistunt
3481 671 3681 712 monu-

2084 752 2292 812 mento,
2335 753 2391 800 et
2432 743 2617 800 vident
2663 767 2688 793 ι
2735 743 2900 800 lintea
2944 746 3060 801 sola
3100 745 3300 816 posita,
3339 768 3367 794 «ι
3409 744 3579 817 759
3626 744 3682 801 id

2080 832 2229 905 quod
2257 848 2399 890 verae
2445 834 2661 906 signum
2691 842 2811 890 erat
2839 834 3277 891 resurrectionis.
3308 835 3502 905 Neque
3531 833 3684 889 enim

2080 922 2124 978 si
2168 923 2574 978 transtulissent
2613 923 2841 995 quidam
2887 939 3108 995 corpus,
3155 923 3460 980 nudassent
3496 921 3628 980 illud
3664 940 3678 978 :

2080 1027 2259 1084 neque
2293 1012 2341 1068 si
2367 1011 2526 1068 furati
2555 1021 2758 1078 essent,
2785 1029 2977 1069 curam
3011 1013 3331 1070 habuissent
3361 1008 3681 1084 deponendi

2084 1123 2111 1151 ι
2150 1101 2375 1170 sudarii,
2407 1125 2432 1150 υ
2461 1102 2772 1158 involvendi
2793 1111 2845 1158 et
2868 1103 3102 1175 ponendi
3129 1127 3154 1152 ι(
3180 1102 3414 1158 seorsim
3435 1102 3492 1157 in
3511 1116 3684 1157 unum

2077 1191 2282 1260 locum,
2308 1214 2334 1240 ν
2363 1191 2460 1248 sed
2484 1191 2806 1264 simpliciter
2828 1193 2968 1248 sicut
2986 1191 3314 1265 potuissent,
3341 1192 3683 1263 accepissent

2079 1297 2300 1354 corpus.
2334 1285 2564 1352 Propter
2609 1281 2716 1337 hoc
2761 1281 2929 1338 etiam
2979 1282 3311 1354 evangelista
3347 1281 3496 1352 prius
3540 1278 3680 1336 dixit

2081 1370 2229 1442 quod
2256 1387 2384 1426 cum
2422 1371 2597 1427 multa
2627 1371 2852 1444 myrrha
2885 1371 3163 1444 sepultum
3195 1371 3382 1439 fuerit,
3414 1385 3538 1443 qua:
3565 1385 3679 1426 non

2079 1461 2264 1517 minus
2279 1461 2548 1518 bitumine
2569 1461 2732 1518 lintea
2754 1462 2970 1534 corpori
2988 1461 3270 1517 adhaerere
3282 1459 3410 1516 facit
3435 1479 3449 1517 :
3472 1469 3532 1516 ut
3549 1475 3680 1516 cum

2078 1551 2415 1606 audierimus
2441 1549 2595 1623 quod
2613 1551 2831 1608 sudaria
2859 1551 3092 1607 seorsim
3122 1551 3227 1607 illic
3251 1550 3455 1606 fuerint
3482 1550 3679 1622 posita,

2078 1656 2150 1695 ne
2190 1641 2480 1696 credamus
2525 1639 2831 1696 dicentibus
2873 1639 3021 1712 quod
3055 1640 3251 1696 furtim
3281 1640 3356 1696 sit
3397 1640 3614 1696 ablatus
3664 1659 3678 1696 :

2077 1745 2253 1801 neque
2279 1730 2427 1785 enim
2451 1729 2524 1785 ita
2551 1729 2813 1802 insipiens
2844 1729 3036 1786 fuisset
3066 1729 3169 1798 fur,
3199 1729 3346 1802 quod
3366 1730 3417 1784 in
3440 1745 3558 1785 rem
3585 1744 3680 1786 su-

2079 1834 2402 1890 pervacuam
2423 1827 2645 1875 tantam
2667 1817 3052 1890 insumpsisset
3066 1833 3256 1874 curam
3282 1826 3338 1874 et
3358 1827 3592 1890 tempus,
3626 1827 3682 1875 et

359 1901 535 1968 οὕτως
569 1901 788 1975 ἀνόητος
817 1895 881 1974 ἦν
913 1905 940 1960 6
988 1903 1270 1981 κλέπτων,
1313 1907 1386 1971 ὥς
1439 1905 1561 1984 περὶ
1603 1915 1830 1985 πρᾶγμα
1869 1895 1962 1965 11s-

2078 1923 2190 1964 non
2213 1907 2406 1965 fuisset
2418 1908 2740 1980 suspicatus,
2763 1907 2912 1980 quod
2933 1907 3067 1963 dum
3087 1908 3146 1962 in
3173 1906 3260 1962 his
3284 1913 3429 1963 esset
3450 1923 3680 1980 occupa-

361 1991 548 2070 ριττὸν
602 1996 850 2051 τοσοῦτον
903 1993 1208 2052 ἀναλίσκειν
1247 1991 1476 2076 χρόνον,
1541 1995 1635 2054 καὶ
1697 1994 1965 2069 τοσαύτην

359 2081 606 2153 σπουδὴν
659 2081 1084 2156 ἐπιδείκνυσθαι,
1137 2083 1229 2141 καὶ
1283 2083 1359 2162 μὴ
1407 2087 1743 2163 ὑφορᾶσθαι,
1792 2084 1872 2144 ὅτι
1913 2089 1965 2146 ἐν

355 2168 470 2250 ὅσῳ
525 2172 846 2255 ἀσχολεῖται
870 2171 992 2250 περὶ
1044 2176 1230 2250 τοῦτο,
1264 2171 1390 2241 ἴσως
1435 2173 1746 2255 κατάφωρος
1803 2175 1966 2254 γενή-

356 2283 532 2342 σεται.
590 2260 733 2341 Ποία
785 2251 873 2342 οὖν
909 2261 1025 2342 ὥρα
1072 2262 1282 2338 γέγονεν
1326 2266 1358 2334 ἡ
1412 2262 1740 2336 ἀνάστασις,
1799 2265 1966 2334 οὐδεὶς

356 2338 524 2408 οἶδεν·
557 2347 740 2428 ὥσπερ
771 2341 862 2408 οὖν
894 2352 984 2408 καὶ
1020 2355 1048 2410 6
1089 2355 1184 2424 τῆς
1219 2351 1466 2430 δευτέρας
1513 2353 1807 2432 παρουσίας
1837 2377 1960 2412 και-

357 2437 445 2516 ρὸς
491 2438 711 2511 ἄδηλος.
749 2442 818 2500 Εἰ
865 2439 920 2498 δὲ
965 2443 992 2498 6
1027 2439 1123 2516 μὲν
1174 2445 1447 2508 Ματθαῖος
1491 2442 1718 2522 ἑσπέρας
1752 2443 1966 2523 βαθείας

354 2527 502 2606 λέγει
537 2527 626 2586 τὸν
677 2528 896 2603 σεισμὸν
947 2529 1250 2608 γεγονέναι,
1298 2535 1327 2590 6
1371 2528 1426 2590 δὲ
1469 2530 1766 2602 Ἰωάννης,
1826 2529 1968 2614 πρωῒ

354 2620 577 2685 σκοτίας
639 2617 718 2678 ἔτι
768 2616 929 2692 οὔσης
981 2619 1079 2692 τὴν
1141 2622 1358 2699 Μαρίαν
1421 2620 1481 2680 τὸ
1533 2621 1678 2681 λίθον
1734 2624 1963 2702 ἠρμένον

352 2711 612 2768 ἐλθοῦσαν
649 2710 811 2786 ἰδεῖν,
842 2711 938 2768 οὔκ
986 2709 1101 2768 ἔστι
1143 2710 1425 2792 διαφωνία.
1467 2714 1691 2789 Πρῶτον
1724 2710 1820 2790 μὲν
1862 2714 1964 2795 γὰρ

351 2797 510 2890 ἷοῧτό
542 2822 758 2890 φαμεν,
794 2798 894 2890 ,δτι
936 2799 1086 2880 παρὰ
1121 2800 1218 2878 μὲν
1277 2803 1351 2881 τῷ
1398 2801 1665 2882 Ματθαίῳ
1719 2813 1965 2881 γυναῖκες

353 2888 517 2959 ἦλθον
556 2889 658 2969 ὀψὲ
688 2888 993 2948 Σαϐϐάτων
1011 2935 1028 2966 ,
1062 2890 1209 2970 παρὰ
1233 2890 1288 2949 δὲ
1318 2893 1396 2972 τῷ
1421 2890 1648 2971 Ἰωάννῃ
1669 2937 1687 2966 ,
1721 2898 1972 2971 γυναῖκες

353 2979 413 3036 οὗ
455 2977 882 3054 μνημονεύονται
926 2983 1017 3036 νῦν
1053 2979 1333 3061 (περιττὸν
1365 2979 1468 3060 γὰρ
1507 2972 1572 3053 ἦν
1599 3025 1616 3059 ,
1654 2989 1746 3042 τοῦ
1799 2983 1960 3042 Ματ-

353 3067 503 3126 θαίου
539 3067 776 3134 εἰπόντος
804 3073 987 3140 τοῦτο,
1032 3068 1126 3127 καὶ
1172 3070 1261 3128 τὸν
1308 3069 1563 3143 Ἰωάννην
1612 3071 1674 3130 τὸ
1708 3072 1836 3131 αὐτὸ
1878 3075 1966 3131 λέ-

352 3160 533 3236 γειν,)
565 3156 707 3216 ἀλλὰ
735 3186 761 3209 ιι
797 3157 988 3238 Μαρία
1021 3161 1055 3230 ἡ
1098 3159 1435 3237 Μαγδαληνὴ
1467 3159 1683 3241 ἔρχεται
1732 3157 1894 3242 πρωί.
1923 3185 1953 3221 ›)

2074 2005 2186 2066 tus,
2220 1997 2449 2054 fortasse
2487 1998 2544 2054 in
2580 1995 2734 2054 furto
2780 1996 3308 2069 deprehenderetur.
3358 1997 3532 2068 Igitur
3570 2012 3680 2068 qua

2075 2087 2208 2144 hora
2236 2087 2459 2160 quidem
2487 2087 2650 2144 fuerit
2680 2087 3034 2156 resurrectio,
3079 2087 3264 2143 nullus
3298 2087 3421 2154 scit,
3453 2087 3598 2144 sicut
3624 2094 3683 2142 et

2073 2184 2299 2248 tempus
2325 2176 2551 2234 secundi
2578 2176 2844 2234 adventus
2872 2177 3163 2234 incertum.
3196 2177 3460 2249 Quamvis
3494 2185 3682 2233 autem

2074 2266 2372 2324 Matthaeus
2395 2266 2544 2323 dicat
2571 2265 2853 2340 profundo
2878 2282 3103 2339 vespere
3129 2265 3340 2324 factum
3369 2281 3486 2322 esse
3515 2274 3681 2324 terra:

2075 2364 2314 2423 motum,
2353 2358 2593 2412 Joannes
2621 2364 2807 2413 autem
2849 2371 3012 2412 mane
3046 2380 3072 2405 σι
3117 2371 3244 2412 cum
3275 2365 3460 2412 essent
3495 2355 3678 2412 adhuc

2075 2445 2341 2514 tenebrae,
2376 2468 2401 2494 υ
2431 2445 2671 2502 Mariam
2701 2445 2934 2513 venisse,
2965 2453 3019 2501 et
3041 2445 3240 2502 vidisse
3275 2453 3566 2501 remotum
3599 2447 3678 2501 la-

2075 2535 2292 2607 pidem:
2321 2550 2430 2591 non
2453 2543 2536 2591 est
2555 2534 2856 2591 diversitas.
2881 2537 3025 2590 Nam
3053 2535 3293 2606 primum
3315 2534 3544 2606 quidem
3570 2534 3677 2590 hoc

2073 2624 2328 2693 dicimus,
2358 2623 2506 2696 quod
2521 2623 2663 2696 apud
2697 2623 3022 2680 Matthaeum
3051 2623 3278 2695 quidem
3300 2624 3559 2679 mulieres
3591 2639 3678 2679 ve-

2074 2723 2276 2771 nerunt
2303 2729 2526 2786 vespere
2555 2713 2920 2770 Sabbatorum
2953 2730 2967 2767 :
3000 2713 3144 2785 apud
3173 2717 3444 2770 Joannem
3489 2722 3676 2769 autem

2074 2804 2331 2860 mulieres
2363 2820 2508 2860 nunc
2549 2819 2663 2859 non
2701 2811 3098 2859 memorantur.
3129 2803 3481 2876 Superfluum
3531 2802 3675 2858 enim

2073 2893 2291 2962 fuisset,
2313 2909 2444 2950 cum
2467 2893 2764 2950 Matthaeus
2785 2893 2889 2950 hoc
2918 2893 3069 2964 prius
3087 2892 3330 2960 dixisset,
3357 2901 3417 2949 ut
3434 2894 3678 2950 Joannes

2073 2983 2273 3041 eadem
2294 2984 2522 3041 diceret.
2541 2983 2649 3041 Sed
2678 3005 2704 3032 ι
2728 2984 2901 3041 Maria
2920 2984 3243 3056 Magdalene
3262 2983 3407 3039 venit
3429 2999 3612 3039 mane.
3646 3006 3672 3033 ιο

2073 3073 2236 3129 Multi
2281 3075 2426 3130 enim
2460 3073 2684 3131 fuerunt
2711 3075 2981 3131 adventus
3017 3074 3085 3130 ad
3114 3073 3430 3146 sepulcrum
3477 3093 3490 3128 :
3526 3073 3677 3128 venit

2073 3163 2221 3220 enim
2252 3163 2526 3222 interdum
2556 3181 2684 3222 cum
2727 3165 2847 3221 aliis
2887 3164 3230 3232 mulieribus,
3259 3163 3540 3219 interdum
3571 3179 3670 3218 au-

350 3234 610 3327 Διάιροροι
659 3247 767 3326 γὰρ
824 3234 1068 3326 αἶ’πρὸς
1118 3249 1178 3308 τὸ
1209 3234 1466 3326 μνημεῖον
1499 3234 1789 3323 έλεύσεις,
1833 3253 1960 3311 ποτὲ

2075 3261 2191 3310 tem
2220 3254 2358 3310 sola.
2390 3254 2556 3312 Unde
2599 3255 2946 3327 evangelista:
2975 3254 3153 3311 varias
3198 3253 3534 3309 visitationes
3575 3268 3670 3324 po-

349 3337 445 3410 μὲν
497 3335 640 3414 μετὰ
676 3341 783 3394 τῶν
827 3338 1030 3396 λοιπῶν
1081 3342 1345 3416 γυναικῶν
1405 3343 1498 3411 τῆς
1543 3339 1760 3419 Μαρίας
1807 3345 1958 3422 ἐρχο-

347 3426 541 3502 μένης,
583 3426 715 3485 ποτὲ
759 3425 814 3485 δὲ
849 3427 1014 3504 μόνης
1051 3430 1232 3500 αὐτῆς.
1274 3427 1443 3488 ⁴⁷Οθεν
1493 3431 1542 3487 οἱ
1585 3431 1960 3508 εὖαγγελισταὶ

345 3515 442 3582 τὰς
491 3517 775 3596 διαφόρους
827 3517 1102 3589 ἐλεύσεις,
1148 3517 1306 3586 ἄλλος
1338 3518 1507 3592 ἄλλην
1557 3519 1832 3599 λέγοντες,
1874 3522 1962 3581 δο-

348 3611 516 3662 κοῦσι
564 3607 857 3684 δνιῖρωνεῖν.
917 3609 1141 3686 Πρῶτον
1192 3606 1289 3681 μὲν
1340 3599 1431 3667 οὖν
1479 3613 1638 3668 τοῦτο
1696 3610 1956 3689 λέγομεν,

355 3693 442 3751 ὅτι
497 3694 666 3762 ἄλλην
715 3695 916 3755 ἔλευσιν
973 3697 1116 3776 λέγει
1170 3697 1448 3764 Ματθαῖος
1499 3702 1806 3777 γυναικῶν,
1868 3701 1961 3760 καὶ

363 3783 534 3854 ἄλλην
604 3782 889 3861 Ἰωάννης,
943 3795 1070 3862 μιᾶς
1119 3786 1367 3864 γυναικὸς
1422 3791 1517 3859 τῆς
1570 3789 1956 3867 Μαγδαληνῆς.

359 3870 593 3931 Ἔπειτα
643 3873 738 3952 τὸ,
793 3903 816 3928 α
846 3875 1078 3954 ἑσπέρας
1133 3875 1384 3955 βαθείας,
1417 3905 1441 3930 ι
1483 3877 1576 3936 καὶ
1623 3877 1767 3952 τὸ,«
1817 3876 1960 3960 πρωῒ

361 3961 570 4026 σκοτίας
614 3962 692 4020 ἔτι
733 3962 928 4036 οὔσης,
987 3991 1012 4016 ιι
1053 3964 1184 4044 ὅπερ
1229 3965 1404 4047 ἔτερος
1462 3967 1647 4050 λέγει,
1701 3994 1726 4021 cc
1771 3967 1958 4050 ὄρθρου

358 4052 572 4129 βαθέος,
610 4075 640 4106 ι
677 4056 752 4120 εἰς
797 4053 964 4112 ταύτὸ
1018 4053 1290 4135 φέρουσιν⁶
1341 4054 1483 4116 ὥστε
1532 4047 1670 4116 εἶναι
1724 4047 1959 4135 μεσονύ-

349 4165 492 4200 κτιον
545 4142 758 4210 πάντας
789 4143 1006 4210 τούτους
1052 4143 1172 4211 τοὺς
1216 4142 1449 4226 καιρούς.
1505 4149 1569 4206 Εἰ
1619 4145 1672 4204 δὲ
1721 4150 1954 4230 ἐρωτᾷς,

344 4234 459 4297 πῶς
487 4234 596 4288 τῶν
630 4232 880 4309 φυλάκων
910 4233 1380 4313 παρακαθημένων
1426 4234 1677 4307 Ἰωάννης
1709 4237 1801 4295 καὶ
1836 4239 1956 4298 Πέ-

343 4343 466 4397 τρος
508 4320 831 4399 εἷσήρχοντο
878 4325 952 4391 εἷς
998 4324 1060 4382 τὸ
1097 4327 1386 4400 μνημεῖον,
1439 4324 1532 4383 καὶ
1583 4327 1638 4384 αἱ
1686 4335 1951 4404 γυναῖκες’

347 4409 551 4475 ἇπλοῧς
585 4413 614 4467 6
648 4411 829 4488 λόγος,
861 4411 943 4470 ὅτι
976 4412 1302 4482 ἀναστάντος
1325 4418 1416 4474 τοῦ
1468 4415 1705 4494 Κυρίου,
1736 4417 1828 4475 καὶ
1859 4419 1954 4477 σὺν

2071 3352 2320 3412 suerunt,
2351 3345 2598 3417 aliusque
2624 3345 2786 3401 aliam
2818 3344 3064 3401 dicentes
3089 3343 3343 3400 videntur
3368 3342 3668 3399 dissonare.

2070 3436 2211 3490 Nam
2241 3434 2486 3506 primum
2519 3433 2742 3506 quidem
2771 3433 3005 3491 dicimus
3029 3433 3181 3505 quod
3204 3433 3370 3489 aliam
3399 3432 3667 3488 visitatio-

2068 3538 2198 3578 nem
2245 3523 2388 3579 dicat
2415 3523 2712 3580 Matthaaus
2763 3523 3080 3590 mulierum,
3127 3531 3184 3578 et
3224 3523 3391 3578 aliam
3426 3524 3669 3577 Joannes

2069 3613 2233 3668 unius
2275 3611 2524 3668 mulieris
2573 3612 2937 3684 Magdalenes.
2994 3611 3212 3668 Deinde
3267 3610 3544 3682 profundo
3575 3626 3675 3666 ve-

2068 3716 2249 3774 spere,
2296 3709 2351 3757 et
2381 3724 2406 3750 ιι
2440 3717 2604 3757 mane
2641 3717 2766 3757 cum
2795 3701 2977 3757 adhuc
3005 3709 3193 3758 essent
3241 3700 3505 3767 tenebrae,
3538 3723 3562 3747 ν
3617 3697 3672 3754 id

2068 3789 2222 3861 quod
2240 3789 2383 3846 alius
2406 3789 2560 3858 dicit,
2590 3813 2615 3839 κ
2651 3788 2926 3862 profundo
2945 3789 3206 3857 diluculo,
3240 3811 3265 3836 ν
3290 3789 3346 3844 in
3372 3787 3518 3843 idem
3548 3795 3669 3842 ten-

2067 3879 2206 3936 dunt
2237 3899 2251 3935 :
2283 3881 2409 3952 quia
2433 3881 2618 3936 omnia
2645 3880 2734 3936 illa
2761 3888 3012 3950 tempora
3038 3877 3259 3935 fuerunt
3289 3877 3536 3932 medium
3563 3891 3667 3932 no-

2068 3971 2188 4026 ctis.
2216 3970 2296 4027 Sit
2322 3978 2509 4025 autem
2541 3985 2699 4042 rogas
2724 3968 3006 4042 quomodo
3034 3967 3403 4024 assidentibus
3427 3965 3678 4022 custodi-

2066 4059 2169 4116 bus
2197 4063 2441 4116 Joannes
2477 4067 2531 4115 et
2558 4061 2752 4116 Petrus
2787 4057 3116 4115 accesserint
3149 4057 3220 4113 ad
3263 4057 3579 4128 sepulcrum
3609 4063 3668 4110 et

2066 4150 2328 4206 mulieres
2359 4171 2372 4206 :
2407 4158 2467 4206 ut
2492 4149 2816 4221 simpliciter
2843 4149 3043 4215 dicam,
3075 4163 3208 4203 mox
3237 4155 3298 4203 ut
3326 4144 3664 4203 resurrexis-

2066 4247 2152 4296 set
2202 4240 2492 4309 Dominus,
2552 4247 2608 4295 et
2649 4238 2910 4295 astitisset
2963 4238 3186 4311 angelus
3234 4237 3487 4310 sepulcro
3537 4249 3666 4291 cum

2065 4337 2411 4396 terraemotu,
2442 4327 2702 4385 custodes
2739 4328 2976 4394 iverunt,
3005 4335 3070 4383 ut
3114 4327 3435 4382 nuntiarent
3482 4325 3675 4385 Phari-

2065 4420 2208 4487 saeis,
2240 4427 2294 4475 et
2338 4418 2411 4474 ita
2439 4419 2687 4490 sepulcro
2725 4433 2758 4474 a
2800 4416 3094 4473 custodum
3142 4417 3401 4489 praesidio
3447 4419 3666 4489 relicto,

343 4501 421 4578 τῷ
453 4501 667 4578 σεισμῷ
697 4506 786 4558 τοῦ
819 4501 1042 4580 ἀγγέλου
1085 4505 1163 4583 τῷ
1191 4503 1345 4584 τάφῳ
1372 4504 1721 4578 ἐπιστάντος,
1767 4508 1815 4563 οἱ
1847 4507 1954 4587 φύ-

2073 4508 2380 4563 libertatem
2409 4506 2706 4563 accedendi
2737 4505 3048 4562 habuerunt
3075 4505 3349 4576 discipuli.

343 4589 510 4653 λακες
559 4591 802 4660 ἀπῆλθον
855 4591 1282 4669 ἀπαγγέλλοντες
1332 4601 1440 4660 τοῖς
1500 4594 1857 4674 Φαρισαίοις,
1912 4600 2004 4660 καὶ
2036 4600 2176 4660 οὕτω
2222 4602 2316 4658 τοῦ
2371 4597 2646 4676 μνήματος
2695 4595 3097 4675 ἀπαλλαγέντος
3149 4599 3244 4668 τῆς
3276 4600 3663 4675 στρατιωτικῆς

346 4685 618 4758 φρουρᾶς,
654 4678 834 4738 ἄδειαν
867 4679 1024 4759 ἔσχον
1065 4684 1113 4740 οἳ
1146 4683 1381 4758 μαθηταὶ
1413 4683 1824 4764 προσέρχεσθαι.

430 4795 456 4819 ιι
500 4767 612 4825 Καὶ
655 4769 1014 4850 παρακύψας,
1054 4769 1240 4849 βλέπει
1273 4771 1494 4847 κείμενα
1539 4772 1607 4831 τὰ
1657 4773 1854 4834 ὀθόνιαο
1896 4779 1956 4836 οὐ

353 4853 537 4928 μέντοι
586 4858 849 4928 εἰσῆλθεν.
891 4854 1159 4938 Ἔρχεται
1199 4850 1288 4919 οὖν
1339 4862 1528 4939 Σίμων
1573 4861 1778 4942 Πέτρος
1827 4866 1956 4926 ἀκο-

348 4945 557 5002 λουθῶν
609 4947 794 5025 αὐτῷ,
847 4949 938 5006 καὶ
988 4949 1228 5020 εἰσῆλθεν
1291 4954 1364 5019 εἰς
1405 4950 1464 5008 τὸ
1512 4960 1806 5029 μνημεῖον,
1868 4955 1958 5014 καὶ

345 5037 537 5122 θεωρεῖ
570 5032 639 5091 τὰ
673 5035 850 5094 ὀθόνια
881 5036 1101 5115 κείμενα
1137 5037 1307 5115 μόνα,
1348 5039 1443 5098 καὶ
1483 5039 1544 5098 τὸ
1590 5041 1894 5122 σουδάριον,
1930 5042 1961 5103 8

340 5113 409 5194 ἧν
444 5121 536 5180 ἐπὶ
563 5127 656 5193 τῆς
686 5127 922 5206 κεφαλῆς
957 5129 1152 5200 αὐτοῦ,
1193 5130 1252 5186 οὐ
1284 5129 1420 5206 μετὰ
1451 5133 1554 5187 τῶν
1598 5131 1814 5190 ὀθονίων
1847 5131 1960 5192 κείο

342 5234 543 5287 μενον,
581 5211 754 5296 μάλλὰ
808 5215 973 5296 χωρὶς
1026 5218 1454 5295 ἐντετυλιγμένον
1511 5220 1582 5284 εἷς
1624 5223 1715 5278 ἕνα
1770 5222 1954 5282 τόπον.

341 5303 492 5362 Τότε
550 5292 644 5360 οἷν
692 5292 908 5376 εἷήλθε
965 5304 1060 5364 καὶ
1113 5309 1141 5364 6
1194 5292 1351 5374 ἄλλος
1413 5307 1656 5384 μαθητὴς
1711 5313 1738 5369 6
1794 5310 1961 5369 ἐλθὼν

339 5395 555 5469 πρῶτος
586 5395 659 5459 εἰς
687 5392 749 5451 τὸ
781 5402 1042 5472 μνημεῖον
1062 5439 1079 5468 ,
1113 5395 1204 5454 καὶ
1233 5395 1312 5454 ἴδε
1337 5397 1426 5456 καὶ
1463 5398 1797 5458 ἐπίστευσεν.
1835 5403 1954 5460 Οὖ-

347 5480 497 5539 δέπω
538 5480 646 5561 γὰρ
675 5481 896 5561 ᾔδεισαν
926 5484 1026 5556 τὴν
1064 5485 1317 5566 Γραφὴν,
1357 5485 1439 5546 ὅτι
1476 5489 1554 5545 δεῖ
1590 5489 1746 5546 αὐτὸν
1775 5492 1835 5548 ἐκ
1870 5513 1960 5548 νε-

346 5573 490 5647 κρῶν
527 5573 846 5648 ἀναστῆναι.
914 5573 1178 5643 Ἇπῆλθον
1222 5566 1309 5634 οὖν
1354 5577 1516 5634 πάλιν
1565 5578 1696 5656 πρὸς
1745 5576 1962 5645 ἑαυτοὺς

347 5662 395 5717 οἱ
445 5664 698 5734 μαθηταί.
751 5664 954 5743 Μαρία
1011 5663 1067 5744 δὲ
1127 5665 1362 5736 εἱστήκει
1411 5665 1542 5744 πρὸς
1581 5667 1643 5726 16
1701 5667 1958 5744 μνημεῖον

349 5749 594 5814 κλαίουσα
647 5755 773 5827 ἔξω.
862 5752 966 5820 Ὡς
1011 5743 1102 5812 οὖν
1152 5752 1367 5833 ἔκλαιε,
1420 5753 1727 5836 παρέκυψεν
1779 5759 1850 5824 εἷς
1902 5755 1961 5814 16

2139 4783 2318 4836 Vens.
2361 4783 2512 4835 5-13.
2555 4798 2579 4825 α
2614 4778 2841 4832 Etcum
2866 4791 2924 4832 se
2952 4774 3289 4843 inclinasset,
3321 4774 3453 4832 vidit
3489 4776 3664 4848 posita

2068 4868 2410 4936 linteamina,
2455 4883 2568 4924 non
2594 4875 2782 4923 tamen
2824 4868 3061 4922 intravit.
3094 4866 3257 4922 Venit
3301 4883 3431 4940 ergo
3474 4868 3668 4924 Simon

2067 4962 2264 5015 Petrus
2313 4973 2549 5029 sequens
2576 4973 2724 5024 eum,
2755 4965 2811 5013 et
2839 4957 3083 5013 introivit
3123 4957 3182 5013 in
3210 4967 3668 5014 monumentum.

2070 5051 2143 5104 Et
2169 5047 2318 5104 videt
2346 5047 2662 5103 linteamina
2692 5045 2891 5118 posita,
2918 5055 2975 5102 et
2999 5046 3283 5103 sudarium
3311 5045 3460 5118 quod
3489 5045 3672 5101 fuerat

2071 5153 2236 5210 super
2264 5144 2430 5209 caput
2464 5137 2607 5209 ejus,
2631 5152 2744 5192 non
2769 5151 2896 5193 cum
2939 5134 3354 5192 linteaminibus
3397 5134 3664 5206 positum,

2069 5227 2166 5284 sed
2186 5226 2480 5299 separatim
2504 5226 2817 5283 involutum
2838 5225 2893 5280 in
2919 5241 3092 5282 unum
3115 5226 3324 5280 locum.
3351 5226 3510 5279 Tunc
3533 5239 3668 5295 ergo

2070 5317 2321 5373 introivit
2365 5325 2422 5372 et
2457 5315 2546 5372 ille
2597 5315 2736 5371 alius
2771 5313 3073 5386 discipulus
3111 5313 3204 5386 qui
3253 5320 3475 5368 venerat
3516 5313 3670 5384 prior

2071 5407 2140 5462 ad
2196 5412 2650 5473 monumentum,
2697 5403 2944 5475 viditque
2999 5410 3057 5459 et
3101 5400 3354 5458 credidit.
3405 5400 3671 5458 Nondum

2073 5497 2225 5552 enim
2252 5504 2521 5552 noverant
2564 5494 2925 5565 Scripturam,
2973 5491 3121 5565 quod
3162 5490 3494 5564 oportuisset
3543 5507 3672 5549 eum

2072 5601 2102 5641 a
2135 5585 2370 5641 mortuis
2409 5599 2717 5656 resurgere.
2749 5581 3020 5638 Abierunt
3047 5598 3176 5653 ergo
3204 5597 3394 5638 rursus
3425 5581 3675 5654 discipu-

2074 5675 2114 5729 li
2139 5674 2209 5731 ad
2236 5674 2577 5746 semetipsos.
2603 5671 2780 5728 Maria
2806 5679 2993 5728 autem
3021 5671 3203 5728 stabat
3229 5671 3295 5727 ad
3336 5687 3671 5728 monumen-

2073 5772 2194 5820 tum
2247 5764 2418 5835 760
2472 5761 2626 5830 foris,
2677 5761 2914 5834 plorans.
2969 5763 3114 5818 Dum
3168 5777 3297 5834 ergo
3359 5761 3535 5831 fleret,
3593 5759 3674 5817 in-
