4128 6434
495 429 593 483 291

1511 418 2031 477 THEOPHYLACTI
2069 418 2431 478 BULGARLE
2467 421 2784 478 ARCHIEP.

3694 422 3799 477 292

489 549 706 606 clinavit
732 564 791 606 se
817 549 879 605 in
917 553 1368 616 monumentum,
1399 554 1459 604 et
1501 545 1654 602 videt
1687 546 1828 603 duos
1865 545 2089 619 angelos

2206 549 2478 624 μνημεῖον
2512 548 2602 608 καὶ
2635 549 2825 628 θεωρεῖ
2863 543 2956 607 δύο
2996 543 3253 625 ἀγγέλους
3296 547 3350 606 ἐν
3399 547 3641 622 λευκοῖς,
3673 551 3803 604 καθ·-

487 640 717 697 amictos
761 639 923 707 albis,
966 637 1220 696 sedentes
1249 654 1428 695 unum
1455 636 1526 694 ad
1554 645 1719 708 caput
1767 645 1824 692 et
1849 637 2090 693 alterum

494 729 564 787 ad
592 728 760 802 pedes
787 727 898 785 illic
925 727 1017 784 ubi
1046 737 1341 800 posuerant
1385 743 1587 800 corpus
1613 728 1762 783 Jesu.
1795 725 2000 782 Dicunt
2044 726 2092 783 ei

493 818 572 875 illi
623 837 637 874 :
686 818 904 889 Mulier,
935 817 1069 891 quid
1110 818 1330 890 ploras?
1367 817 1510 874 Dicit
1553 816 1629 873 eis
1676 834 1691 872 :
1737 816 2093 872 Sustulcrunt

495 909 802 965 Dominum
847 923 1059 976 meum,
1089 916 1146 964 et
1184 907 1372 964 nescio
1399 907 1491 963 ubi
1523 914 1824 978 posuerunt
1865 922 2012 962 eum.
2062 928 2087 954 ι

495 997 638 1055 Vide
667 997 756 1054 hic
781 1013 946 1070 quam
977 998 1188 1054 alienus
1211 1014 1246 1054 a
1287 997 1427 1053 fastu
1466 997 1540 1052 sit
1575 995 1925 1068 evangelista,
1956 1010 2094 1066 quo-

496 1086 667 1144 modo
694 1095 922 1143 testetur
949 1086 1290 1160 diligentiam
1335 1086 1478 1142 Petri
1507 1085 1565 1140 in
1593 1084 1912 1141 scrutando.
1950 1086 2096 1140 Nam

495 1191 626 1233 cum
651 1177 766 1249 ipse
791 1177 1162 1248 praevenisset,
1181 1185 1236 1231 et
1262 1175 1486 1233 vidisset
1515 1198 1541 1224 α
1569 1175 1812 1248 jacentia
1842 1173 2031 1239 lintea,
2067 1195 2093 1222 ιι

497 1282 615 1322 non
665 1266 809 1322 ultra
866 1266 1080 1323 curiose
1117 1267 1338 1338 qumrit,
1401 1265 1501 1322 sed
1543 1271 1824 1337 exspectat
1869 1263 2027 1319 illum
2080 1282 2095 1320 :

498 1358 692 1412 Petrus
754 1363 941 1412 autem
999 1355 1434 1412 ferventissimus
1483 1355 1850 1425 introgressus
1909 1351 2095 1409 omnia

498 1443 795 1518 diligenter
838 1446 1166 1517 exploravit,
1197 1455 1330 1501 tunc
1364 1445 1452 1501 hic
1481 1453 1604 1518 post
1631 1444 1789 1500 illum
1817 1443 2094 1516 ingressus

506 1553 534 1587 ‹‹
552 1535 686 1590 vidit
705 1554 732 1588 η
756 1536 1077 1607 sepulcralia
1097 1536 1398 1606 separatim
1421 1535 1618 1607 posita,
1638 1555 1667 1585 ‹‹
1689 1550 1753 1589 ac
1771 1531 2008 1588 credidit
2031 1552 2042 1586 :
2067 1552 2094 1582 »

498 1638 610 1679 non
637 1623 790 1696 quod
809 1623 1136 1679 surrexisset
1161 1623 1454 1690 Dominus,
1483 1621 1581 1678 sed
1608 1621 1757 1694 quod
1777 1621 1926 1677 furto
1954 1619 2101 1676 abla-

500 1723 588 1771 tus
624 1723 783 1772 esset.
834 1715 1080 1772 Credidit
1125 1716 1269 1772 enim
1299 1716 1484 1772 Maria:
1514 1714 1746 1784 dicenti,
1798 1738 1823 1764 ‹‹
1854 1714 2099 1771 Sustule-

497 1813 626 1860 runt
668 1805 996 1861 Dominum.
1027 1825 1055 1859 ››
1092 1807 1272 1875 Quare
1300 1814 1490 1862 autem
1536 1804 1767 1861 credidit
1808 1804 2004 1861 Maria
2042 1810 2095 1858 et

2203 637 2510 716 εζομένους,
2566 638 2657 698 ἕνα
2687 637 2818 719 πρὸς
2860 640 2928 716 τῇ
2961 638 3202 718 κεφαλῇ,
3250 634 3342 694 καὶ
3372 635 3466 694 ἕνα
3519 634 3648 717 πρὸς
3695 643 3803 702 τοῖς

2201 731 2392 801 ποσὶν,
2424 729 2557 788 ὅπου
2600 729 2772 788 ἔκειτο
2801 727 2861 786 τὸ
2905 731 3064 805 σῶμα
3113 731 3209 786 τοῦ
3236 724 3435 798 Ἰησοῦ.
3472 726 3578 786 Καὶ
3612 725 3803 804 λέγου-

2205 841 2290 876 σιν
2338 821 2472 900 αὐτῇ
2513 821 2725 878 ἐκεῖνοι·
2760 816 2957 890 Γύναι,
3003 816 3056 875 τί
3103 814 3342 887 κλαίεις;
3394 814 3554 896 Λέγει
3602 816 3802 881 αὐτοῖς’

2203 906 2335 968 Ὀτι
2363 897 2500 989 ἦραν
2541 908 2629 966 τὸν
2665 907 2860 986 Κύριόν
2894 931 3026 984 μου,
3059 905 3150 964 καὶ
3181 907 3277 964 οὐκ
3305 897 3424 963 οἶδα
3458 910 3564 963 ποῦ
3601 904 3804 976 ἔθηκαν

2203 997 2385 1059 αὐτόν.
2420 1022 2451 1053 )›
2489 996 2692 1057 Σκόπει
2744 1020 2832 1072 μοι
2885 996 2944 1056 τὸ
2993 1001 3084 1054 τοῦ
3139 996 3514 1073 εὐαγγελιστοῦ
3565 993 3802 1074 ἄτυφον,

2200 1089 2313 1154 πῶς
2344 1086 2440 1158 τὴν
2471 1086 2752 1165 ἀκρίϐειαν
2796 1089 2892 1156 τῆς
2924 1085 3137 1165 ἐρεύνης
3183 1087 3258 1164 τῷ
3293 1083 3488 1165 Πέτρῳ
3515 1106 3807 1161 προσμαρ-

2201 1186 2364 1258 τυρεῖ.
2419 1177 2748 1258 Προφθάσας
2801 1173 2906 1256 γὰρ
2955 1174 3136 1248 αὐτὸς,
3163 1174 3253 1232 καὶ
3287 1173 3412 1233 ἰδὼν
3465 1195 3496 1232 α
3521 1173 3590 1232 τὰ
3624 1173 3808 1232 ὀθόνια

2202 1266 2456 1346 κείμενα,
2488 1293 2512 1320 »ι
2542 1266 2690 1326 οὐδὲν
2729 1267 2891 1326 πλέον
2950 1268 3430 1344 πολυπραγμονεῖ,
3489 1263 3628 1322 ἀλλὰ
3677 1265 3812 1322 ἀνα-

2206 1358 2353 1436 μένει
2392 1361 2609 1418 ἐκεῖνον.
2664 1356 2871 1436 Πέτρος
2902 1354 2956 1414 δὲ
3002 1359 3029 1413 6
3069 1355 3390 1435 θερμότατος
3425 1352 3680 1431 ἐνδοτέρω
3706 1378 3809 1430 γε-

2203 1446 2446 1524 νόμενος,
2515 1446 2730 1506 ἅπαντα
2775 1444 3154 1506 κατώπτευσεν
3215 1444 3485 1524 ἀκριϐῶς,
3545 1444 3637 1503 καὶ
3688 1445 3811 1502 τότε

2206 1527 2350 1604 οὗτος
2391 1538 2506 1614 μετ’
2561 1538 2758 1595 ἐκεῖνον
2809 1532 3103 1610 εἰσελθὼν,
3167 1555 3195 1591 ι(
3243 1522 3350 1592 εἶδε
3388 1556 3416 1591 »
3470 1531 3541 1592 τὰ
3584 1532 3812 1611 ἐντάφια

2205 1625 2534 1707 διῃρημένους
2583 1624 2840 1702 κείμενα,
2905 1652 2932 1678 α
2966 1624 3059 1682 καὶ
3109 1623 3453 1696 ἐπίστευσεν,
3489 1651 3512 1676 ι
3575 1626 3674 1702 οὐχ
3722 1621 3811 1680 ὅτι

2207 1715 2403 1790 ἀνέστη
2434 1719 2461 1773 ὃ
2509 1714 2732 1796 Κύριος,
2776 1713 2892 1773 ἀλλ’
2938 1712 3019 1772 ὅτι
3049 1713 3281 1786 ἐκλάπη.
3333 1711 3652 1796 Ἐπίστευσε
3701 1711 3813 1791 γὰρ

2207 1810 2283 1885 τῷ
2333 1810 2427 1878 τῆς
2487 1794 2709 1885 Μαρίας
2761 1805 2902 1885 λόγῳ
2963 1802 3230 1874 εἰπούσης·
3275 1831 3301 1856 ιι
3354 1801 3488 1863 εὈτι
3527 1794 3662 1881 ἦραν
3713 1801 3810 1860 τὸν

499 1910 612 1950 non
653 1894 907 1966 cogitavit
961 1893 1112 1966 quod
1151 1894 1514 1951 surrexisset?
1573 1913 1602 1949 ι(
1645 1893 1910 1951 Nondum
1952 1892 2098 1948 enim

2211 1895 2425 1973 Κύριον.
2453 1923 2479 1949 ιο
2533 1894 2636 1953 Διὰ
2668 1895 2720 1953 τί
2757 1894 3036 1953 ἐπίστευσε
3065 1897 3130 1972 τῇ
3165 1892 3352 1972 Μαρίᾳ
3374 1939 3388 1964 ,
3424 1891 3518 1952 καὶ
3549 1893 3644 1950 οὐκ
3671 1892 3809 1949 ἐλο-

497 1985 768 2039 sciverant
791 1983 1155 2056 Scripturam,
1171 1983 1320 2054 quod
1345 1982 1638 2054 oportebat
1664 1998 1796 2038 eum
1814 1998 1844 2037 a
1865 1981 2100 2037 mortuis

496 2089 804 2145 resurgere,
838 2097 864 2122 ιι
896 2082 953 2129 et
974 2082 1259 2145 propterea
1289 2071 1641 2128 crediderunt
1679 2071 1892 2140 Mariae,
1921 2071 2096 2142 suspi-

495 2170 799 2234 canturque
841 2161 1052 2218 furtum
1096 2170 1153 2218 et
1188 2161 1542 2218 ablatiouem.
1574 2159 1749 2232 Igitur
1789 2160 1842 2216 hi
1873 2160 2097 2233 quidem

502 2275 528 2302 α
568 2251 820 2308 abierunt
850 2250 921 2308 ad
959 2252 1190 2322 seipsos,
1231 2271 1260 2305 »
1292 2250 1348 2307 id
1375 2259 1459 2308 est
1486 2267 1581 2323 per
1609 2251 1840 2322 seipsos,
1874 2259 1930 2306 et
1958 2250 2096 2306 nihil

501 2341 642 2398 ultra
700 2341 975 2398 curiosius
1019 2341 1381 2414 inquirentes.
1449 2344 1523 2396 At
1585 2340 1758 2396 Maria
1817 2340 2098 2412 (muliebre

500 2432 648 2487 enim
695 2447 870 2504 genus
919 2430 1304 2488 affectionibus
1349 2431 1521 2503 magis
1578 2430 1880 2486 obnoxium
1926 2438 1981 2486 et
2029 2429 2094 2486 ad

499 2519 767 2593 lacrymas
833 2525 1189 2594 propensum)
1257 2531 1388 2578 ante
1455 2521 1769 2591 sepulcrum
1842 2528 1974 2588 stat,
2045 2529 2099 2576 et

501 2611 693 2682 plorat.
735 2611 875 2683 Quia
915 2612 1062 2668 enim
1100 2627 1216 2668 non
1257 2610 1495 2667 habebat
1521 2613 1735 2677 Jesum,
1780 2610 1864 2666 vel
1912 2610 2098 2666 locum

499 2699 694 2756 videns
732 2701 787 2756 in
827 2717 939 2773 quo
974 2700 1156 2756 fuerat
1192 2701 1434 2772 positum
1476 2699 1834 2757 desiderabile
1873 2715 2094 2772 corpus,

501 2804 566 2845 ex
608 2789 715 2845 hoc
758 2791 877 2845 solo
913 2790 1346 2846 consolationem
1393 2790 1600 2846 invenit
1641 2808 1656 2845 :
1703 2789 1852 2846 unde
1899 2797 1954 2845 et
1984 2805 2099 2846 ma-

497 2877 681 2950 jorem
745 2887 990 2935 meretur
1056 2880 1326 2935 visionem
1395 2895 1564 2951 quam
1624 2878 1890 2952 discipuli.
1962 2882 2098 2950 Quae

498 2967 646 3023 enim
677 2967 749 3024 illi
779 2983 891 3024 non
919 2966 1196 3037 viderunt,
1219 2984 1280 3024 ea
1325 2967 1445 3024 hinc
1478 2968 1785 3040 conspicata
1815 2979 1919 3037 est,
1957 2969 2098 3026 duos

498 3058 722 3128 angelos
775 3081 801 3106 ιν
856 3057 1100 3129 inquam.
1130 3057 1392 3114 Maxima:
1433 3066 1615 3113 autem
1653 3057 2008 3113 consolationi
2049 3059 2098 3114 ei

2208 1985 2428 2064 γίσατο,
2480 1983 2561 2042 ὅτι
2595 1983 2824 2057 ἀνέστη;
2871 2011 2894 2035 (ι
2937 1981 3108 2044 Οὔπω
3139 1981 3241 2063 γὰρ
3283 1982 3507 2064 ᾔδεισαν
3539 1979 3635 2052 τὴν
3671 1983 3815 2058 Γρα-

2208 2075 2346 2156 φὴν,
2386 2075 2464 2133 ὅτι
2497 2077 2578 2134 δεῖ
2619 2074 2776 2133 αὐτὸν
2819 2075 2876 2132 ἐκ
2910 2075 3110 2152 νεκρῶν
3159 2075 3486 2145 ἀναστῆναι,
3520 2093 3548 2129 n
3591 2070 3685 2129 καὶ
3716 2070 3812 2130 διὰ

2207 2169 2363 2223 τοῦτο
2391 2163 2704 2224 ἐπίστευσαν
2737 2168 2804 2242 τῇ
2848 2161 3065 2243 Μαρίᾳ,
3113 2160 3318 2234 κλοπὴν
3377 2161 3468 2243 καὶ
3520 2159 3811 2238 μετάθεσιν

2206 2262 2298 2314 τοῦ
2329 2254 2573 2330 σώματος
2604 2252 3002 2332 ὕποπτευούσῃ.
3036 2243 3205 2312 Οὗτοι
3249 2251 3345 2329 μὲν
3377 2242 3468 2311 οἷν
3508 2277 3532 2304 α
3570 2253 3813 2320 ἀπῆλθον

2209 2343 2338 2423 πρὸς
2372 2343 2593 2416 αὖτοὺς,
2627 2371 2650 2395 ιο
2681 2343 2952 2415 τουτέστι,
2997 2343 3116 2400 καθ’
3161 2341 3410 2413 ἑαυτοὺς,
3459 2339 3606 2399 οὐδὲν
3637 2339 3804 2397 πλέον

2207 2434 2702 2514 περιεργασάμενοι.
2759 2432 2943 2512 Μαρία
2992 2431 3046 2490 δὲ
3101 2430 3196 2512 (τὸ
3248 2431 3352 2510 γὰρ
3381 2438 3680 2509 γυναικεῖον
3715 2427 3816 2505 γέ·-

2207 2547 2290 2590 νος
2339 2521 2625 2603 περιπαθὲς
2679 2521 2770 2581 καὶ
2834 2521 3159 2602 φιλόδακρυ)
3217 2521 3345 2603 προ-ς
3420 2519 3481 2578 τὸ
3549 2522 3816 2595 μνημεῖον

2204 2612 2422 2672 ἵσταται
2467 2612 2558 2670 καὶ
2600 2611 2795 2672 κλαίει,
2835 2610 2989 2669 Ἐπεὶ
3021 2612 3124 2692 γὰρ
3155 2613 3248 2669 οὐκ
3278 2599 3390 2690 εἶχε
3429 2608 3520 2668 τὸν
3552 2609 3769 2680 Ἰησοῦν
3791 2651 3812 2682 ,

2208 2703 2293 2761 τὸν
2343 2704 2502 2762 τόπον
2568 2700 2751 2781 βλέπει
2801 2701 2925 2759 ἔνθα
2981 2700 3042 2758 τὸ
3094 2700 3418 2778 ποθούμενον
3460 2702 3620 2776 σῶμα
3666 2721 3816 2757 κατ-

2210 2792 2401 2865 ετέθη,
2471 2795 2532 2851 ἐκ
2586 2791 2774 2851 τούτου
2834 2789 2994 2867 μόνου
3058 2789 3403 2871 παραμυθίαν
3466 2787 3816 2869 εὖρίσκουσαο

2207 2883 2322 2942 ὅθεν
2371 2879 2463 2940 καὶ
2495 2879 2732 2948 ἀξιοῦται
2766 2881 3002 2956 μείζονος
3042 2879 3341 2958 ὀπτασίας,
3375 2876 3409 2949 ἢ
3458 2880 3506 2938 οἱ
3541 2877 3810 2954 μαθηταί.

2207 2970 2269 3031 Ἃ
2315 2971 2418 3050 γὰρ
2475 2971 2664 3029 ἐκεῖνοι
2723 2973 2818 3028 οὖκ
2878 2958 3053 3042 εἶδον,
3109 2975 3278 3028 ταῦτα
3338 2971 3474 3039 αὐτή
3531 2965 3818 3042 τεθέαται,

2211 3089 2233 3114 κ
2269 3061 2360 3119 δύο
2402 3059 2655 3138 ἀγγέλους
2701 3085 2728 3113 ι
2764 3059 2921 3139 φημί.
2976 3062 3070 3126 Εἷς
3132 3059 3389 3138 μεγίστην
3427 3058 3484 3116 δὲ
3531 3058 3664 3135 αὐτῇ
3701 3080 3818 3114 πα·-

500 3155 617 3203 erat
661 3147 980 3219 angelorum
1039 3156 1386 3219 conspectus,
1459 3155 1514 3202 et
1568 3146 1808 3219 fulgidus
1875 3146 2094 3204 illorum

2208 3148 2469 3230 ραμυθίαν
2516 3156 2550 3223 ἡ
2592 3152 2696 3209 τῶν
2731 3149 2968 3228 ἀγγέλων
3017 3148 3133 3230 ὄψις
3188 3148 3418 3228 ἐγένετο.
3471 3148 3580 3208 Καὶ
3614 3147 3716 3224 γὰρ
3751 3147 3817 3207 τὸ

499 3235 735 3292 habitus.
779 3256 810 3291 α
838 3235 1041 3293 Sedere
1067 3245 1252 3293 autem
1297 3252 1468 3293 unum
1494 3235 1563 3292 ad
1588 3245 1753 3308 caput
1779 3245 1834 3292 et
1858 3237 2093 3294 alterum

499 3325 760 3397 adpedes,
806 3344 838 3380 »
889 3325 1202 3382 manifestat
1245 3326 1396 3398 quod
1442 3326 1617 3382 sciant
1651 3326 1784 3398 quid
1824 3327 2096 3399 amplius,

499 3423 556 3470 et
596 3416 640 3470 si
668 3423 950 3487 rogentur,
983 3431 1142 3488 posse
1179 3414 1399 3472 docere.
1433 3418 1604 3472 Porro
1643 3416 1898 3485 dicendo,
1938 3419 2101 3474 «Cur

500 3505 720 3576 ploras?
742 3528 768 3554 ι
787 3520 984 3577 magna
1004 3505 1390 3578 compassione
1408 3505 1630 3578 plenum
1659 3515 1758 3562 est.
1784 3509 1924 3562 Nam
1946 3516 2008 3563 ut
2028 3523 2096 3564 ne

499 3594 754 3651 turbetur
785 3595 980 3651 mulier
1017 3595 1450 3668 interrogatione
1485 3596 1604 3665 hac,
1633 3597 2098 3668 perturbationem

500 3685 748 3741 mulieris
794 3685 1121 3757 reprimunt,
1167 3694 1454 3742 mansuete
1494 3703 1558 3742 ac
1605 3686 1810 3758 placide
1840 3686 2097 3755 dicendo,

506 3793 533 3826 ‹‹
560 3773 771 3844 Mulier,
801 3775 933 3848 quid
961 3775 1218 3848 ploras?»
1251 3776 1344 3833 Illa
1371 3783 1554 3832 autem
1580 3793 1779 3850 magna
1802 3775 2098 3834 affectione

499 3871 556 3920 et
602 3879 794 3920 amore
827 3863 983 3932 dicit,
1035 3887 1062 3912 α
1095 3864 1450 3921 Sustulerunt
1484 3867 1785 3922 Dominum
1824 3882 2030 3932 meum,
2066 3885 2095 3920 ν

499 3961 892 4025 proptereaque
921 3955 1077 4024 ploro
1119 3971 1132 4010 :
1162 3953 1347 4010 nescio
1377 3955 1530 4009 enim
1571 3971 1683 4026 quo
1727 3956 2102 4011 transtulerint

500 4055 652 4111 eum,
682 4051 741 4098 ut
757 4056 824 4097 eo
843 4041 1044 4098 vadens
1058 4042 1318 4115 inungam
1341 4058 1562 4112 corpus,
1585 4053 1640 4100 et
1661 4045 1742 4099 vel
1764 4044 2102 4100 mediocrem

500 4144 564 4185 ex
603 4145 670 4186 eo
714 4129 1151 4186 consolationem
1190 4130 1488 4186 inveniam.
1533 4134 1615 4188 Tu
1663 4149 1788 4188 vero
1833 4132 1981 4189 disce
2019 4132 2105 4191 hic

503 4218 728 4272 Petrum
779 4217 1086 4287 practicum
1141 4225 1194 4272 et
1250 4216 1540 4287 fervidum,
1597 4220 1869 4274 Joannem
1915 4228 2104 4276 autem

501 4305 990 4378 contemplativum
1033 4314 1089 4362 et
1118 4307 1190 4362 ad
1227 4306 1539 4364 divinorum
1575 4308 1949 4382 cognitionem
1990 4310 2108 4366 ido-

499 4411 689 4450 neum.
741 4395 951 4468 Smpius
995 4395 1163 4467 igitur
1207 4398 1669 4469 contemplativus
1710 4400 2024 4471 cognitione
2053 4407 2108 4456 et

497 4484 717 4556 ingenio
783 4485 1071 4557 praevenit,
1121 4486 1393 4558 practicus
1441 4496 1625 4545 autem
1684 4490 1953 4562 posterior
1998 4497 2102 4558 est,

497 4583 739 4630 attamen
782 4570 1002 4630 fervore
1042 4591 1105 4631 ac
1136 4576 1317 4632 studio
1370 4577 1509 4634 illius
1537 4579 1703 4636 vincit
1739 4595 1996 4636 acumen.
2039 4583 2108 4639 Et

497 4663 645 4719 videt
672 4663 823 4736 prior
845 4663 1090 4720 divinum
1125 4666 1402 4738 quoddam
1437 4669 1764 4740 mysterium
1804 4671 2097 4742 practicus.

498 4755 588 4808 An
618 4767 729 4807 non
759 4753 869 4808 tale
905 4753 1167 4825 quiddam
1207 4757 1483 4829 contingit
1513 4758 1568 4813 in
1608 4759 1937 4832 disciplinis?
1970 4764 2100 4817 Ete-

497 4840 612 4896 nim
634 4857 764 4897 cum
788 4841 901 4898 duo
930 4845 1083 4915 pueri
1107 4853 1254 4914 sunt,
1283 4863 1428 4904 unus
1455 4848 1675 4920 ingenio
1701 4852 1933 4918 acutior,
1963 4853 2102 4908 alter

498 4930 729 4999 tardior,
754 4941 1099 5006 praeoccupat
1126 4935 1217 4991 hic
1243 4951 1344 4993 suo
1372 4939 1557 4996 studio
1576 4939 1919 4997 velocitatem
1945 4949 2103 4997 natu-

497 5036 577 5076 rae
617 5021 858 5078 alterius.
897 5023 1113 5081 Etenim
1143 5025 1197 5081 in
1225 5027 1604 5099 spiritualibus
1632 5046 1777 5101 saepe
1804 5032 2100 5102 practicus,

497 5119 555 5167 et
581 5128 842 5168 sermone
863 5113 1049 5183 idiota,
1081 5131 1244 5172 sensu
1269 5118 1534 5189 quiddam
1561 5120 1850 5176 sublimius
1875 5122 2103 5194 percipit

495 5202 943 5274 contemplativo.
973 5204 1083 5260 Sed
1113 5215 1170 5262 et
1192 5207 1375 5263 omnis
1412 5208 1596 5264 anima
1625 5225 1750 5281 quae
1787 5210 2103 5267 dominatur

493 5289 896 5362 affectionibus,
939 5294 1112 5352 Maria
1163 5295 1384 5353 dicitur.
1436 5301 1670 5370 Purgata
1724 5300 1886 5371 761
1937 5300 2105 5372 igitur

499 5395 596 5450 per
635 5379 994 5439 affectionum
1031 5383 1456 5458 depositionem,
1505 5387 1652 5444 videt
1695 5391 1891 5445 Jesum
1934 5390 2102 5447 simul

498 5470 678 5525 Deum
707 5480 762 5526 et
791 5471 1090 5530 hominem.
1123 5478 1267 5532 Nam
1297 5477 1614 5548 angelorum
1650 5495 1792 5535 unus
1829 5480 1920 5551 qui
1967 5500 1995 5534 ι(
2035 5479 2104 5538 ad

498 5568 661 5629 caput
701 5579 730 5612 ιι
763 5561 935 5630 sedet,
984 5563 1207 5620 deitatis
1232 5567 1548 5637 symbolum
1575 5578 1675 5636 est,
1716 5570 1858 5626 alter
1903 5581 2095 5626 autem

507 5665 534 5698 ι(
569 5646 635 5702 ad
666 5647 832 5731 pedes
859 5669 888 5703 »
913 5650 1299 5710 incarnationis
1332 5657 1514 5725 Verbi,
1545 5675 1672 5731 quae
1702 5669 1785 5716 est
1829 5671 2093 5718 extrema.

2204 3244 2394 3321 σχῆμα
2444 3241 2617 3298 αὐτῶν
2663 3238 2914 3321 φαιδρὸν,
2948 3240 3043 3298 καὶ
3083 3237 3144 3297 τὸ
3193 3243 3456 3309 καθῆσθαι
3490 3236 3546 3296 δὲ
3578 3235 3774 3303 αὐτοὺς
3797 3281 3815 3310 ,

2207 3354 2238 3389 α
2270 3329 2364 3389 ἕνα
2395 3329 2527 3410 πρὸς
2667 3331 2912 3410 κεφαλῇ,
2953 3328 3046 3387 καὶ
3099 3326 3192 3386 ἕνα
3237 3327 3370 3409 πρὸς
3399 3327 3507 3394 τοῖς
3547 3324 3742 3399 ποσὶν,
3775 3347 3808 3384 n

2205 3417 2446 3501 ἐμφαίνει
2496 3417 2684 3486 αὐτοὺς
2730 3417 2934 3485 εἰδότας
2983 3442 3035 3476 τι
3080 3416 3268 3492 πλέον,
3321 3417 3412 3476 καὶ
3456 3417 3546 3476 ἐὰν
3585 3419 3811 3495 ἐρωτη-

2203 3513 2365 3584 θῶσι,
2405 3508 2610 3579 διδάξαι
2658 3507 2996 3584 δυναμένους.
3052 3507 3163 3567 Καὶ
3218 3507 3278 3567 τὸ
3328 3505 3495 3566 εἰπεῖν
3530 3504 3622 3584 δὲ,
3662 3526 3692 3563 (κ
3724 3504 3811 3565 Τί

2203 3598 2436 3673 κλαίεις,
2479 3620 2509 3656 n
2570 3596 2902 3676 συμπαθείας
2952 3599 3156 3669 πολλῆς
3203 3595 3380 3674 γέμει.
3433 3594 3556 3655 Ἵνα
3588 3593 3818 3674 γὰρμὴ

2201 3694 2445 3769 ταραχθῇ
2479 3691 2549 3755 ὡς
2581 3685 2752 3768 γυνὴ,
2802 3687 2890 3746 διὰ
2933 3690 3028 3758 τῆς
3081 3685 3392 3767 ἐρωτήσεως
3447 3684 3652 3758 ταύτης
3703 3708 3821 3742 κοι-

2203 3778 2582 3838 ταστέλλουσιν
2637 3779 2798 3848 αὐτῆς
2845 3776 2940 3848 τὴν
2997 3774 3281 3856 ταραχὴν,
3328 3778 3624 3850 συμπαθῶς
3667 3773 3821 3834 οὕτω

2201 3869 2293 3928 καὶ
2334 3868 2517 3948 πράως
2564 3865 2949 3946 ἐρωτήσαντες·
2995 3893 3020 3920 α
3071 3864 3276 3937 Γύναι,
3306 3865 3360 3924 τί
3405 3865 3637 3940 κλαίειςς
3671 3889 3703 3948 ξ
3740 3863 3820 3925 ι’ίί

2207 3958 2261 4017 δὲ
2293 3945 2602 4037 περιπαθῶς
2644 3954 2761 4033 ἅμα
2813 3956 2907 4016 καὶ
2958 3955 3357 4037 φιλοστόργως,
3415 3982 3438 4007 α
3472 3952 3620 4014 Διότι
3667 3945 3822 4030 ἦραν

2204 4047 2294 4105 τὸν
2347 4045 2542 4127 Κύριόν
2569 4048 2719 4121 ’μου,
2752 4070 2782 4102 ν)
2820 4045 2981 4126 φησὶ,
3026 4045 3114 4104 διὰ
3156 4051 3314 4104 τοῦτο
3365 4042 3556 4103 κλαίω·
3595 4043 3653 4100 οὖ
3705 4042 3822 4124 γὰρ

2208 4127 2327 4196 οῖδα
2379 4141 2482 4193 ποῦ
2532 4134 2831 4212 μετέθηκαν
2883 4134 3075 4210 αὐτὸν,
3121 4133 3210 4194 ἵνα
3259 4138 3431 4194 ἐκεῖσε
3473 4133 3823 4205 ἀπελθοῦσα,

2209 4228 2478 4305 περιχυθῶ
2506 4227 2582 4304 τῷ
2622 4223 2869 4302 σώματι,
2915 4224 3010 4284 καὶ
3058 4223 3407 4303 παραμυθίαν
3457 4221 3669 4304 εὑρήσω
3716 4246 3822 4298 με·

2211 4315 2358 4395 τρίαν
2386 4319 2533 4394 γοῦν.
2575 4312 2655 4374 Σὺ
2688 4312 2746 4371 δέ
2775 4337 2867 4392 μοι
2896 4313 3004 4375 νόει
3035 4315 3243 4394 Πέτρον
3276 4311 3403 4392 μὲν,
3430 4312 3492 4371 τὸ
3519 4312 3823 4392 πρακτικὸν

2211 4405 2304 4464 καὶ
2331 4403 2545 4484 θερμόνο
2605 4403 2864 4478 Ἰωάννην
2912 4403 3006 4480 δὲ,
3041 4403 3101 4462 τὸ
3130 4401 3591 4484 θεωρητικὸνῂκαὶ
3629 4401 3826 4482 εὐφυὲς

2211 4494 2334 4576 περὶ
2377 4483 2472 4565 τὴν
2508 4498 2611 4554 τῶν
2647 4493 2799 4553 θείων
2845 4497 3069 4572 γνῶσιν,
3119 4492 3398 4559 Πολλάκις
3429 4483 3521 4550 οὖν
3565 4491 3825 4576 προλαμ-

2214 4575 2363 4644 ϐάνει
2396 4583 2492 4661 μὲν
2540 4587 2568 4642 6
2608 4585 2924 4664 θεωρητικὸς
2953 4587 3018 4661 τῇ
3066 4582 3258 4661 γνώσει
3312 4581 3406 4640 καὶ
3437 4585 3503 4660 τῇ
3549 4575 3760 4661 εὐφυΐᾳ·
3793 4584 3823 4641 6

2212 4674 2266 4732 δὲ
2314 4671 2605 4752 πρακτικὸς
2651 4676 2898 4754 ὓστερεῐ,
2946 4672 3064 4732 ἀλλ’
3099 4669 3245 4751 ὅμως
3392 4669 3679 4751 θερμότητι
3712 4671 3817 4730 καὶ

2208 4766 2378 4844 πολλῇ
2411 4763 2618 4843 σπουδῇ
2647 4771 2769 4843 νικᾷ
2796 4761 2892 4834 τὴν
2939 4762 3139 4822 ἐκείνου
3170 4761 3400 4834 ὀξύτητα
3421 4804 3438 4834 ,
3481 4759 3576 4818 καὶ
3623 4758 3818 4840 βλέπει

2207 4857 2418 4932 πρῶτος
2474 4853 2612 4912 θεῖόν
2665 4875 2716 4912 τι
2773 4851 3064 4932 μυστήριον
3117 4855 3144 4910 6
3193 4848 3504 4932 πρακτικός.
3557 4846 3635 4909 Ἦ
3688 4849 3821 4930 οὖχὶ

2207 4941 2444 5002 τοιοῦτόν
2489 4965 2542 5000 τι
2570 4941 2663 5002 καὶ
2701 4945 2754 5002 ἐν
2801 4945 2909 5008 τοῖς
2957 4941 3244 5019 μαθήμασι
3286 4939 3523 5019 γίνεται,
3573 4937 3679 4998 Καὶ
3707 4937 3822 5019 γὰρ

2208 5033 2260 5091 ἐν
2293 5031 2499 5099 τούτοις
2545 5030 2638 5090 δύο
2681 5031 2890 5090 παίδων
2921 5030 3120 5107 ὄντων,
3168 5035 3196 5088 6
3234 5029 3555 5111 ἀφυέστερος
3595 5027 3684 5087 καὶ
3715 5028 3822 5106 ἀρ-

2208 5121 2418 5201 γότερος
2448 5120 2819 5200 προλαμϐάνει
2862 5125 2930 5202 τῇ
2985 5122 3190 5202 σπουδῇ
3247 5121 3308 5180 τὸ
3355 5118 3521 5199 τάχος
3580 5121 3674 5187 τῆς
3715 5123 3819 5176 τοῦ

2215 5211 2395 5290 ἑτέρου
2439 5211 2661 5291 φύσεως.
2715 5215 2832 5272 Κάν
2869 5219 2976 5278 τοῖς
3023 5213 3406 5288 πνευματικοῖς
3454 5206 3511 5266 δὲ
3555 5203 3821 5276 πολλάκις

2210 5305 2238 5359 6
2273 5299 2559 5381 πρακτικὸς
2588 5300 2680 5360 καὶ
2729 5298 2940 5373 ἰδιώτης
2968 5304 3045 5379 τῷ
3098 5300 3241 5380 λόγῳ
3262 5346 3278 5376 ,
3312 5296 3491 5375 νόημά
3518 5321 3569 5356 τι
3600 5294 3821 5364 ἐδέξατο

2210 5397 2448 5470 κρεῖττον
2514 5394 2607 5450 τοῦ
2665 5394 3010 5471 θεωρητικοῦ.
3077 5388 3242 5449 Ἀλλὰ
3292 5389 3386 5447 καὶ
3455 5396 3606 5446 πᾶσα
3659 5384 3818 5466 ψυχή

2210 5478 2534 5560 κυριεύσασα
2569 5482 2674 5537 τῶν
2719 5484 2901 5538 παθῶν
2953 5478 3142 5560 Μαρία
3190 5477 3427 5555 λέγεται.
3465 5479 3818 5556 Καθαρθεῐσα

2204 5558 2293 5628 οὖν
2325 5568 2407 5627 διὰ
2448 5572 2542 5639 τῆς
2589 5568 2886 5646 ἀπαθείας,
2934 5572 3031 5648 ὁρᾷ
3059 5558 3179 5627 ντὸν
3223 5567 3434 5640 Ἰησοῦν
3483 5565 3621 5628 Θεὸν
3674 5567 3813 5640 ὁμοῦ

2206 5657 2297 5717 καὶ
2327 5656 2622 5736 ἄνθρωπον.
2655 5661 2726 5718 Οἱ
2765 5658 2866 5739 γὰρ
2900 5659 3133 5738 ἄγγελοι,
3162 5660 3189 5715 6
3223 5657 3320 5734 μὲν
3352 5685 3374 5709 α
3396 5657 3528 5736 πρὸς
3644 5676 3817 5732 κεφα-

499 5731 567 5809 λῇ
603 5755 626 5779 "
659 5729 956 5808 καθήμενος
984 5737 1078 5805 τ’ἤς
1125 5737 1367 5810 θεότητός
1403 5740 1517 5799 ἐστι
1563 5739 1846 5821 σύμϐολον
1895 5747 1924 5804 6
1956 5742 2009 5804 δὲ
2049 5771 2074 5796 ι
2111 5746 2240 5828 πρὸς
2266 5747 2373 5816 τοῖς
2397 5748 2556 5822 ποσὶ,
2586 5775 2610 5802 ι
2643 5753 2738 5821 τ’ἤς
2769 5748 2998 5828 ἐσχάτης
3027 5753 3121 5808 τοῦ
3153 5747 3331 5827 Λόγου
3363 5743 3703 5828 σαρκώσεως.
