4128 6438
336 410 439 465 293

1136 410 1529 470 ENARRATIO
1566 413 1633 471 1N
1674 411 2113 472 EVANGELIUM
2144 415 2442 476 JOANNIS.
2483 447 2556 462 —
2591 419 2740 476 CAP.
2781 419 2886 475 XX.

3571 421 3675 474 294

423 560 453 589 ει
502 532 616 595 Καὶ
672 539 854 595 ταῦτα
909 537 1178 613 εἰποῦσα,
1235 538 1476 620 ἐστράφη
1544 540 1618 608 εἰς
1666 537 1735 598 τὰ
1783 539 1957 600 ὀπίσω

2131 543 2308 600 Vnus.
2367 550 2554 603 14-18.
2587 568 2612 593 α
2642 546 2778 602 Haec
2824 557 2955 600 cum
3008 540 3261 610 dixisset,
3291 555 3551 598 conversa
3593 550 3680 599 est

343 623 432 683 καὶ
479 629 665 703 θεωρεῖ
715 623 810 684 τὸν
866 624 1078 698 Ἰησοῦν
1133 630 1376 702 ἑστῶτα,
1427 628 1522 689 καὶ
1574 631 1668 689 οὐκ
1709 629 1828 710 ᾔδει
1870 629 1954 690 ὅτι

341 713 547 786 Ἰησοῦς
605 715 744 776 ἐστι.
809 713 978 792 Λέγει
1037 717 1174 796 αὐτῇ
1231 721 1260 777 6
1333 716 1564 790 Ἰησοῦς·
1647 721 1844 795 Γύναι,
1903 718 1955 778 τί

343 805 577 875 χλαίειςς
605 803 727 862 τίνα
761 806 970 878 ζητεῖςς
1018 803 1239 879 Ἐκείνη
1280 805 1335 865 δὲ
1382 808 1640 881 δοκοῦσα,
1674 806 1756 867 ὅτι
1787 811 1815 868 6
1856 833 1954 882 κη·

344 893 542 973 πουρός
575 895 688 952 ἐστι
707 941 722 965 ,
752 893 899 971 λέγει
920 897 1092 976 αὐτῷ’
1125 897 1320 976 Κύριε,
1353 899 1400 956 εἰ
1431 896 1495 956 σὺ
1527 896 1833 966 ἐϐάστασας
1861 899 1956 957 αὖ·

343 983 470 1058 τὸν,
499 982 612 1042 εἰπέ
649 1005 773 1060 μοι,
805 990 911 1043 ποῦ
943 983 1136 1056 ἔθηκας
1185 986 1373 1060 αὐτὸν,
1418 984 1571 1062 κάγὼ
1616 988 1777 1047 αὐτὸν
1811 992 1949 1066 ἀρῶ.

348 1072 513 1150 Λέγει
563 1074 702 1153 αὐτῇ
751 1076 780 1131 6
833 1072 1062 1145 Ἰησοῦς·
1116 1075 1324 1155 Μαρία.
1396 1079 1705 1158 Στραφεῖσα
1778 1079 1952 1150 ἐκείνη

348 1162 495 1240 λέγει
540 1165 705 1244 αὐτῷ’
737 1161 1097 1243 ⁸Ραϐουνὶ,ὃ
1143 1164 1391 1246 λέγεται,
1434 1167 1741 1225 διδάσκαλε.
1793 1167 1955 1245 Λέγει

356 1254 548 1332 αὐτῇὸ
596 1251 827 1326 Ἰησοῦς·
881 1253 976 1326 Μή
1009 1278 1112 1329 μου
1163 1252 1356 1316 ἅπτουο
1400 1255 1549 1315 οὔπω
1592 1253 1697 1337 γὰρ
1751 1256 1954 1316 ἀναϐέ-

361 1341 502 1412 ϐηκα
553 1341 684 1420 πρὸς
727 1341 816 1401 τὸν
871 1342 1096 1423 Πατέρα
1127 1367 1249 1421 μου.
1290 1346 1527 1426 Πορεύου
1575 1346 1631 1404 δὲ
1662 1346 1794 1426 πρὸς
1836 1345 1958 1415 τοὺς

350 1429 611 1511 ἀδελφούς
641 1453 777 1507 μου,
811 1431 904 1490 καὶ
947 1432 1064 1492 εἰπὲ
1107 1435 1304 1502 αὐτοῖς’
1356 1433 1654 1496 Ἀναϐαίνω
1693 1435 1826 1516 πρὸς
1866 1437 1956 1496 τὸν

352 1521 580 1600 Πατέρα
614 1543 716 1595 μου
738 1566 756 1596 ,
789 1521 878 1579 καὶ
912 1523 1138 1601 Πατέρα
1169 1526 1320 1601 ὑμῶν
1343 1571 1360 1598 ,
1393 1524 1486 1584 καὶ
1524 1523 1664 1586 Θεόν
1696 1549 1834 1602 μου,
1865 1526 1959 1586 καὶ

352 1612 498 1674 Θεὸν
533 1613 704 1688 ὑμῶν.
747 1609 1014 1691 Ἔρχεται
1055 1612 1245 1693 Μαρία
1279 1618 1312 1686 ἡ
1360 1614 1738 1693 Μαγδαληνὴ,
1781 1617 1961 1694 οἷπαγ⁴

351 1701 638 1787 γέλλουσα.
656 1701 762 1768 τοῖς
786 1707 1076 1776 μαθηταῖς,
1120 1703 1203 1764 ὅτι
1233 1703 1439 1787 ἑώρακε
1481 1704 1569 1764 τὸν
1607 1702 1831 1785 Κύριον,
1867 1707 1960 1765 καὶ

355 1793 535 1848 ταῦτα
587 1779 732 1848 εἶπεν
765 1793 922 1872 αὐτῇ.
972 1817 998 1843 ι
1058 1791 1216 1859 Τίνος
1255 1779 1430 1852 ἕνεκεν
1482 1779 1718 1874 ἐστράφη
1772 1779 1843 1860 εἷς
1894 1793 1963 1853 τὰ

354 1880 539 1938 ὀπίσω
570 1878 798 1959 Μαρίας
842 1881 972 1960 πρὸς
1000 1879 1104 1960 γὰρ
1140 1881 1258 1950 τοὺς
1289 1883 1544 1963 ἀγγέλους
1583 1885 1877 1960 ὁμιλοῦσα,
1911 1884 1962 1943 τί

356 1968 622 2028 πέπονθεν
641 2013 658 2043 ,
699 1967 785 2028 ἵνα
815 1975 1028 2051 στραφῇ
1074 1973 1147 2039 εἰς
1178 1970 1246 2030 τὰ
1293 1971 1493 2032 ὀπίσω’
1540 1971 1760 2033 Ἔοικεν
1788 1964 1876 2032 οὖν
1908 1975 1961 2033 ἐν

357 2057 470 2139 ὅσῳ
513 2057 651 2131 αὕτη
697 2060 803 2127 τοῖς
857 2062 1102 2137 ἀγγᾶοις
1138 2060 1364 2140 ὡμίλει,
1409 2065 1438 2120 6
1492 2062 1702 2134 Ἰησοῦς
1749 2063 1967 2132 ἐπιστὰς

356 2148 582 2208 ὄπισθεν
631 2150 824 2221 αὐτῆς,
861 2149 1123 2221 ἐκπλῆξαι
1167 2150 1393 2227 αότοὺς,
1444 2151 1719 2219 κάκείνους
1767 2157 1965 2213 θεασα-

358 2240 556 2317 μένους
595 2236 686 2296 τὸν
717 2239 1032 2313 Δεσπότην,
1067 2241 1159 2299 καὶ
1199 2245 1275 2320 τῷ
1323 2240 1597 2321 σχήματι,
1632 2240 1725 2301 καὶ
1769 2246 1846 2323 τῷ
1880 2267 1964 2302 κι-

352 2327 728 2411 νήματι,ῌκαὶ
773 2331 849 2410 τῷ
877 2328 1153 2408 βλέμματι
1205 2333 1440 2411 ἐμφῆναι
1491 2331 1717 2403 εὐθέως,
1765 2330 1847 2390 ὅτι
1875 2332 1964 2392 τὸν

355 2417 560 2497 Κύριον
591 2407 767 2493 εἶδον,
819 2419 915 2478 καὶ
963 2424 1122 2478 τοῦτο
1172 2419 1270 2492 τὴν
1303 2425 1536 2500 γυναῖκα
1581 2423 1796 2481 ἰδοῦσαν
1845 2423 1966 2480 ἐπι-

354 2511 662 2588 στραφῆναι
717 2510 788 2575 εἰς
843 2507 912 2567 τὰ
968 2508 1164 2571 ὀπίσω.
1236 2513 1364 2578 Τοῖς
1425 2510 1521 2588 μὲν
1575 2502 1666 2570 οὖν
1723 2513 1967 2590 ἀγγέλοις

355 2597 526 2676 τυχὸν
558 2599 613 2656 ἐν
643 2597 992 2670 ἐκπλήττοντι
1033 2599 1280 2680 σχήματι
1317 2601 1521 2680 ἐφάνη,
1686 2601 1740 2659 δὲ
1770 2601 1966 2684 Μαρία

353 2690 454 2746 οὐκ
484 2687 597 2760 ἔτι,
641 2687 759 2747 ἀλλ’
790 2689 844 2746 ἐν
875 2689 1076 2770 εὐτελεῖ
1108 2690 1199 2749 καὶ
1241 2692 1423 2770 κοινῷ.
1478 2689 1575 2750 Διὸ
1627 2689 1718 2750 καὶ
1766 2715 1967 2764 κηπου-

357 2778 447 2856 ρὶν
493 2775 652 2836 αὐτὸν
698 2777 938 2852 ἐνόμισεν
987 2768 1155 2855 εἶναι,
1205 2785 1296 2838 τοῦ
1345 2768 1524 2852 κήπου
1576 2780 1783 2853 δηλαδὴ
1833 2782 1968 2841 ἐκεί-

360 2889 485 2938 νου,
513 2868 568 2925 ἐν
596 2857 642 2946 ᾧ
680 2867 742 2926 τὸ
787 2875 1048 2944 μνημεῖον
1077 2858 1166 2940 ἧν.
1192 2863 1358 2929 Ὅθεν
1389 2870 1484 2928 καί
1514 2891 1668 2950 φησιο
1704 2895 1730 2923 ιι
1767 2869 1932 2950 Κύριε
1952 2916 1968 2944 ,

360 2956 407 3012 εἰ
438 2954 506 3013 σὺ
549 2957 855 3024 ἐϐάστασας
884 2959 1066 3016 αὐτόν·
1101 2982 1132 3014 n
1167 2956 1436 3018 τουτέστιν
1460 3003 1478 3037 ,
1515 2959 1580 3018 Εἰ
1614 2957 1678 3018 σὺ
1725 2958 1968 3041 ἔκλεψας·

362 3044 457 3103 καὶ
497 3047 558 3104 οὐ
607 3045 751 3123 λέγει
794 3047 884 3105 τὸν
932 3045 1174 3122 Ἰησοῦν,
1201 3047 1342 3117 ἀλλ’,
1396 3073 1422 3102 ι
1455 3046 1650 3121 αὐτὸν,
1685 3076 1710 3101 ι
1740 3050 1813 3116 ὣς
1845 3050 1974 3129 πρὸς

2063 643 2392 705 retrorsum,
2445 644 2500 692 et
2547 635 2696 692 videt
2759 637 2951 691 Jesum
2993 639 3252 700 stantem,
3303 639 3360 688 et
3391 632 3677 690 nesciebat

2066 724 2217 796 quod
2245 727 2407 782 Jesus
2435 732 2598 782 esset.
2633 722 2779 781 Dicit
2817 723 2868 780 ei
2901 725 3059 779 Jesus
3085 740 3100 778 :
3129 721 3348 790 Mulier,
3378 720 3510 793 quid
3557 722 3674 794 plo-

2063 815 2184 870 ras?
2225 818 2407 889 Quem
2435 815 2670 888 quaeris?
2717 813 2814 870 llla
2860 812 3185 870 existimans
3224 811 3375 883 quod
3422 810 3672 867 hortula-

2064 919 2170 960 nus
2192 913 2360 973 esset,
2405 904 2539 961 dicit
2566 904 2616 962 ei
2648 923 2664 958 :
2694 901 2955 970 Domine,
2985 902 3030 958 si
3077 909 3139 957 tu
3186 898 3481 972 aSportasti
3524 914 3675 969 eum,

2064 991 2234 1050 dicito
2263 993 2403 1050 mihi
2431 993 2526 1050 ubi
2577 992 2822 1066 posueris
2863 1008 3012 1058 eum,
3045 1000 3102 1047 et
3129 1006 3230 1062 ego
3272 988 3471 1046 tollam
3522 1003 3674 1044 eum.

2066 1083 2217 1140 Dicit
2244 1083 2291 1140 ei
2315 1085 2475 1140 Jesus
2507 1101 2522 1140 :
2568 1084 2763 1139 Maria.
2796 1085 3071 1139 Conversa
3101 1079 3194 1136 illa
3222 1078 3355 1136 dicit
3397 1077 3450 1134 ei
3478 1094 3492 1134 :
3529 1077 3682 1134 Rab-

2067 1171 2222 1242 boni,
2271 1173 2421 1246 quod
2449 1173 2657 1230 dicitur
2703 1171 2982 1246 magister.
3026 1168 3171 1226 Dicit
3217 1168 3269 1226 ei
3312 1169 3474 1225 Jesus
3508 1185 3523 1224 :
3555 1167 3681 1223 Noli

2068 1277 2164 1318 me
2207 1269 2453 1336 tangere.
2500 1262 2766 1319 Nondum
2819 1261 2969 1317 enim
3039 1258 3264 1316 ascendi
3307 1255 3382 1314 ad
3455 1259 3680 1316 Patrem

2067 1368 2274 1409 meum.
2324 1352 2434 1411 Sed
2496 1355 2634 1409 vade
2679 1351 2749 1408 ad
2788 1351 2994 1408 fratres
3057 1365 3234 1419 meos,
3285 1356 3344 1405 et
3387 1347 3478 1405 dic
3533 1347 3615 1405 eis
3661 1365 3678 1404 :

2068 1441 2322 1498 Ascendo
2364 1440 2436 1498 ad
2463 1445 2682 1498 Patrem
2732 1456 2924 1497 meum
2971 1447 3027 1494 et
3054 1442 3274 1496 Patrem
3323 1445 3591 1506 vestrum,
3623 1443 3682 1493 et

2069 1535 2250 1588 Deum
2279 1548 2469 1588 meum
2503 1539 2557 1587 et
2598 1533 2779 1588 Deum
2837 1537 3105 1586 vestrum.
3138 1527 3304 1586 Venit
3341 1526 3517 1584 Maria
3556 1529 3678 1584 Ma-

2071 1621 2324 1695 gdalene,
2364 1621 2697 1676 annuntians
2725 1618 3005 1690 discipulis
3027 1617 3178 1688 quod
3213 1616 3444 1673 vidisset
3487 1614 3681 1672 Domi-

2071 1726 2230 1779 num,
2275 1719 2332 1767 et
2377 1726 2440 1766 ea
2490 1709 2712 1766 dixisset
2766 1708 2891 1765 sibi.
2954 1730 2981 1756 ι
3031 1709 3215 1778 Quare
3277 1721 3539 1762 conversa
3603 1713 3688 1761 est

2073 1808 2377 1858 retrorsum
2450 1798 2648 1866 Maria,
2711 1814 2841 1854 cum
2895 1797 3214 1869 loqueretur
3261 1811 3391 1852 cum
3444 1793 3683 1868 angelis?

2073 1889 2206 1962 quid
2234 1887 2432 1946 accidit
2458 1888 2509 1944 ei
2537 1887 2686 1959 quod
2709 1903 2978 1943 conversa
3013 1893 3097 1942 est
3135 1887 3477 1941 retrorsum?
3512 1884 3682 1940 Vide-

2070 1987 2163 2035 tur
2206 1977 2390 2052 igitur,
2454 1977 2594 2034 dum
2651 1977 2742 2033 illa
2797 1976 3208 2048 colloqueretur
3262 1989 3393 2029 cum
3454 1972 3680 2044 angelis,

2071 2073 2268 2126 Jesum
2317 2069 2534 2124 stetisse
2589 2076 2714 2140 post
2758 2082 2902 2132 eam,
2945 2075 3000 2122 et
3042 2065 3165 2121 illos
3221 2063 3506 2132 terruisse,
3554 2061 3682 2136 quia

2071 2167 2448 2232 spectaverant
2491 2156 2828 2224 Dominum,
2875 2164 2932 2212 et
2982 2154 3194 2221 habitu,
3255 2163 3313 2210 et
3373 2151 3571 2218 forma,
3629 2159 3686 2208 et

2070 2257 2319 2320 aspectu,
2350 2247 2542 2304 statim
2563 2245 2872 2302 declarasse
2905 2244 3058 2316 quod
3086 2243 3318 2300 viderint
3337 2243 3640 2298 Dominum
3667 2258 3681 2294 :

2071 2354 2312 2410 cumque
2368 2337 2474 2393 hoc
2521 2336 2764 2402 vidisset,
2822 2335 3111 2390 mulierem
3178 2347 3504 2388 conversam
3565 2346 3684 2388 esse

2071 2436 2393 2484 retrorsum.
2421 2427 2566 2481 Nam
2596 2424 2808 2497 angelis
2837 2423 3058 2494 quidem
3086 2422 3144 2478 in
3174 2421 3369 2478 habitu
3405 2419 3546 2476 forte
3573 2435 3683 2492 quo

2072 2517 2315 2574 terrebat
2341 2515 2599 2588 apparuit
2627 2531 2642 2570 :
2684 2513 2876 2570 Mariae
2911 2521 3104 2568 autem
3148 2527 3263 2567 non
3298 2511 3456 2578 item,
3490 2509 3587 2566 sed
3628 2508 3685 2564 in

2073 2605 2311 2678 simplici
2356 2613 2413 2661 et
2466 2603 2772 2660 communi.
2835 2601 2968 2658 Ideo
3007 2609 3063 2658 et
3105 2601 3264 2657 illum
3311 2599 3520 2672 putavit
3567 2613 3688 2654 esse

2075 2695 2458 2763 hortulanum,
2485 2692 2632 2750 horti
2667 2691 2928 2749 videlicet
2960 2691 3108 2746 illius
3135 2690 3196 2745 in
3225 2705 3336 2762 quo
3366 2688 3684 2759 sepulcrum

2075 2794 2192 2843 erat
2221 2803 2236 2842 :
2265 2783 2414 2840 unde
2437 2791 2494 2839 et
2516 2782 2672 2850 dicit,
2703 2805 2730 2830 α
2760 2779 3021 2849 Domine,
3051 2780 3096 2836 si
3126 2778 3418 2850 asportasti
3445 2793 3575 2832 eum
3605 2794 3618 2832 :
3653 2799 3680 2825 ι

2077 2875 2183 2932 hoc
2226 2881 2332 2943 est,
2360 2873 2406 2929 si
2433 2881 2495 2929 tu
2539 2871 2750 2927 furatus
2779 2885 2838 2927 es
2878 2887 2892 2926 :
2943 2877 3000 2924 et
3025 2885 3137 2924 non
3166 2867 3298 2924 dicit
3325 2870 3538 2935 Jesum,
3587 2866 3686 2922 sed

2082 2985 2115 3019 ιι
2161 2980 2290 3021 eum
2338 2987 2365 3014 ι»
2407 2961 2562 3035 quasi
2612 2961 2681 3018 ad
2710 2975 2838 3016 eum
2869 2959 2964 3032 qui
3014 2959 3196 3027 sciret,
3245 2957 3450 3012 faciens
3481 2972 3688 3011 sermo-

2079 3070 2230 3112 nem.
2270 3076 2296 3102 α
2326 3052 2383 3110 Si
2413 3052 2582 3123 igitur
2605 3059 2666 3108 tu
2697 3049 2924 3121 portasti
2963 3073 2988 3099 ιι
3021 3057 3120 3104 aut
3139 3046 3415 3104 abstulisti
3443 3062 3509 3102 ac
3534 3044 3688 3101 fura-

364 3135 543 3194 εἰδότα
571 3136 862 3213 ποιουμένη
906 3133 992 3194 τὸν
1024 3137 1210 3215 λόγον,
1247 3165 1272 3190 ι
1309 3137 1379 3198 Εἰ
1421 3135 1487 3197 σὺ
1522 3135 1695 3196 τοίνυν
1729 3137 1966 3197 ἐϐάστα-

2083 3153 2172 3200 tus
2191 3159 2250 3198 es
2268 3157 2398 3198 eum
2419 3156 2484 3196 ex
2505 3139 2613 3196 hoc
2632 3139 2776 3208 loco,
2806 3161 2833 3188 α
2849 3136 2941 3194 dic
2963 3137 3105 3193 mihi
3127 3152 3238 3210 quo
3269 3135 3503 3208 posuisti
3525 3149 3683 3205 eum,

363 3247 458 3291 σας
479 3270 495 3299 ,
539 3253 562 3276 ι
591 3224 714 3296 ἤτοι
757 3216 922 3304 ῆρας,
970 3225 1063 3284 καὶ
1092 3225 1323 3308 ἔκλεψας
1367 3228 1637 3303 ἐντεῦθεν,
1670 3255 1696 3282 α
1729 3227 1844 3287 εἶπέ
1875 3252 1973 3306 μοι

359 3319 463 3374 ποῦ
518 3313 714 3385 ἔθηκας
763 3314 954 3390 αὐτὸν,
993 3314 1145 3394 κάγὼ
1197 3315 1358 3377 αὐτὸν
1404 3318 1554 3397 ἀρῶ,
1588 3343 1612 3372 »ι
1665 3316 1758 3376 καὶ
1798 3341 1968 3397 μετα-

359 3402 509 3474 θήσω
537 3407 610 3470 εἷς
654 3403 836 3484 ἕτερον
896 3404 1095 3479 τόπον,
1146 3404 1270 3464 ἔνθα
1319 3409 1746 3485 μεγαλοπρεπῶς
1796 3407 1969 3489 ταφή-

361 3517 537 3556 σεται.
586 3492 749 3560 Ἰσως
797 3495 900 3570 γὰρ
950 3493 1192 3575 ἐφοϐεῖτο
1236 3495 1428 3573 μήπως
1476 3498 1523 3554 οἱ
1570 3495 1822 3556 Ἰουδαῖοι
1878 3501 1971 3556 καὶ

358 3586 541 3663 νεκρῷ
594 3587 668 3661 τῷ
717 3581 931 3658 σώματι
983 3585 1448 3665 ἐμπαροινήσωσι,
1515 3583 1609 3644 καὶ
1672 3584 1760 3643 διὰ
1816 3591 1972 3646 τοῦτο

368 3671 630 3731 ἐϐούλετο
704 3675 772 3739 εἰς
839 3671 1019 3753 ἕτερον
1103 3674 1264 3734 τόπον
1330 3674 1602 3752 ἄγνωστον
1665 3679 1971 3751 μεταθεῖναι

370 3768 556 3820 τοῦτο.
605 3762 956 3844 Φιλόστοργος
1001 3763 1099 3840 μὲν
1133 3755 1223 3824 οὖν
1255 3767 1289 3836 ἡ
1331 3762 1521 3844 γνώμη
1555 3768 1650 3838 τῆς
1682 3764 1930 3844 γυναικὸς
1949 3809 1968 3838 ,

376 3852 440 3909 οὐ
470 3849 576 3928 μὴν
625 3852 820 3933 ὑψηλόν
861 3876 915 3911 τι
958 3857 1327 3934 φαντασθῆναι
1358 3853 1647 3931 δυναμένη.
1690 3855 1788 3916 Διὸ
1821 3855 1915 3915 καὶ
1943 3860 1972 3916 6

377 3940 595 4021 Κύριος,
663 3941 780 4001 ἐπεὶ
831 3939 909 4019 μὴ
973 3947 1065 4024 ἀφ’
1123 3946 1316 4016 ἑαυτῆς
1370 3942 1607 4016 ἠδυνήθη
1667 3943 1869 4026 ὖψηλόν
1920 3969 1972 4004 τι

372 4035 594 4104 νοῆσαι,
652 4030 759 4090 ἀπὸ
810 4037 905 4106 τῆς
952 4035 1115 4093 αὐτοῦ
1165 4039 1342 4115 φωνῆς
1395 4033 1638 4114 γνωρίζει
1678 4036 1815 4114 αὐτῇ
1847 4037 1970 4094 ἑαυ-

367 4121 471 4180 τόν.
524 4121 774 4188 Καλέσας
812 4122 917 4202 γὰρ
947 4122 1105 4199 μόνον
1135 4123 1197 4182 τὸ
1239 4123 1413 4201 ὄνομα
1435 4168 1453 4201 ,
1487 4125 1622 4198 αὐτῇ
1651 4125 1848 4202 γνῶσιν
1882 4123 1972 4184 διὰ

362 4209 550 4270 τούτου
596 4209 910 4270 ἐντέθεικεν.
963 4209 1184 4292 Ὠσπερ
1223 4214 1335 4281 τοῖς
1371 4212 1650 4280 Ἰουδαίοις
1696 4213 1829 4274 ποτὲ
1873 4213 1971 4292 μὲν

361 4301 716 4379 ἐγνωρίζετο,
741 4300 869 4362 ποτὲ
913 4299 969 4360 δὲ
1014 4303 1210 4374 ἄδηλος
1241 4293 1306 4376 ῆν
1337 4303 1430 4363 καὶ
1466 4302 1675 4384 παρώνο
1714 4302 1854 4363 οὕτω
1882 4303 1974 4363 καὶ

363 4391 760 4470 φθεγγόμενος,
790 4390 950 4473 ἡνίκα
994 4390 1246 4452 ἐϐούλετο
1270 4438 1289 4471 ,
1335 4391 1457 4452 τότε
1487 4392 1754 4473 γνώριμον
1787 4393 1974 4452 ἑαυτὸν

2078 3244 2134 3320 et
2160 3251 2262 3308 ego
2285 3235 2444 3290 illum
2471 3232 2685 3299 tollam,
2710 3254 2736 3282 ι
2757 3239 2812 3288 et
2828 3228 3165 3287 transferam
3194 3229 3248 3285 in
3269 3228 3458 3284 locum
3487 3227 3682 3294 alium,

2078 3315 2176 3384 ubi
2223 3323 2519 3398 magniﬁce
2566 3321 2881 3395 sepelietur.
2936 3321 3198 3376 Fortasse
3226 3318 3375 3374 enim
3405 3315 3690 3373 metuebat

2078 3434 2150 3474 ne
2201 3417 2349 3474 forte
2377 3415 2552 3472 Judaei
2582 3421 2640 3470 et
2683 3413 2744 3468 in
2773 3419 3062 3469 mortuum
3104 3426 3304 3480 corpus
3343 3407 3688 3472 desatvirent,

2080 3516 2138 3564 et
2191 3515 2479 3579 propterea
2533 3502 2750 3560 volebat
2786 3501 2841 3557 in
2899 3501 3064 3557 alium
3113 3499 3457 3572 incognitum
3505 3498 3689 3554 locum

2082 3612 2215 3654 eum
2243 3593 2560 3652 transferre.
2594 3592 2761 3648 Plena
2802 3590 2953 3647 enim
2985 3588 3346 3646 affectionum
3384 3595 3504 3643 erat
3532 3602 3690 3643 mens

2083 3685 2354 3752 mulieris,
2405 3699 2522 3739 non
2566 3681 2753 3738 valens
2817 3680 3053 3736 sublime
3103 3677 3367 3750 quiddam
3421 3677 3685 3747 cogitare.

2087 3776 2218 3832 ldeo
2245 3782 2301 3830 et
2341 3772 2637 3837 Dominus,
2688 3769 2816 3842 quia
2864 3785 2898 3824 a
2926 3768 3106 3840 seipsa
3155 3766 3390 3822 sublime
3420 3765 3690 3837 quiddam

2085 3864 2391 3936 intelligere
2417 3859 2698 3932 nequibat,
2750 3874 2850 3914 sua
2881 3872 3012 3912 voce
3058 3873 3116 3912 se
3159 3855 3238 3910 illi
3266 3863 3462 3910 notum
3493 3852 3688 3910 reddit.

2085 3956 2227 4012 Cum
2256 3953 2402 4009 enim
2430 3951 2548 4007 solo
2571 3948 2792 4005 nomine
2819 3954 3069 4003 vocasset
3109 3961 3254 4014 eam,
3284 3943 3469 4000 dicens
3515 3965 3542 3992 «ι
3570 3945 3692 3999 Ma-

2084 4047 2190 4113 ria,
2226 4067 2252 4094 ν
2304 4043 2392 4100 sui
2423 4040 2676 4098 notitiam
2725 4037 2800 4094 illi
2831 4037 3122 4093 concessit.
3149 4036 3294 4090 Nam
3321 4035 3465 4090 sicut
3485 4032 3695 4089 Iudaeis

2083 4132 2378 4206 aliquando
2417 4129 2826 4196 innotescebat,
2881 4123 3181 4197 aliquando
3225 4125 3396 4179 etiam
3447 4137 3691 4195 praesens

2082 4222 2398 4295 incognitus
2425 4229 2546 4276 erat
2573 4236 2586 4275 :
2620 4218 2699 4274 ita
2730 4217 2899 4274 etiam
2942 4215 3194 4288 loquens,
3224 4212 3446 4286 quando
3498 4211 3693 4280 voluit,

2086 4315 2330 4387 seipsum
2356 4311 2462 4367 illis
2490 4317 2688 4366 notum
2735 4305 2992 4371 faciebat,
3024 4303 3166 4361 sicut
3194 4314 3250 4360 et
3295 4321 3446 4360 nunc
3470 4301 3694 4375 quando

2086 4404 2281 4473 voluit,
2334 4399 2760 4475 cognoscibilem
2791 4413 2850 4453 se
2897 4395 3028 4452 fecit
3074 4396 3263 4451 Mariae
3316 4410 3412 4465 per
3449 4407 3640 4448 vocem
3676 4408 3691 4447 :

365 4480 558 4576 ἐποίεισ
595 4479 798 4576 Δὥσπερ
838 4471 924 4540 οἷν
956 4481 1050 4540 καὶ
1079 4486 1168 4540 νῦν
1188 4527 1205 4556 ,
1237 4482 1326 4542 ὅτε
1372 4471 1635 4556 ἐϐουλήθη
1660 4527 1677 4555 ,
1734 4481 1854 4542 τότε
1905 4487 1967 4563 τῇ

2088 4493 2181 4566 qui
2211 4471 2379 4548 etiam
2408 4471 2453 4544 si
2480 4490 2696 4545 locutus
2715 4485 2958 4547 dixisset,
2992 4507 3016 4533 ι
3045 4483 3264 4549 Mulier,
3294 4497 3392 4537 cur
3423 4479 3639 4552 ploras?
3663 4501 3690 4528 η

364 4568 562 4650 Μαρία
588 4569 871 4650 ἐγνώρισεν
899 4571 1082 4631 ἑαυτὸν
1126 4572 1214 4632 διὰ
1243 4575 1337 4644 τῆς
1383 4574 1584 4652 φωνῆς.
1638 4571 1798 4634 Ἐπεὶ
1827 4572 1971 4631 πάν-

365 4681 472 4725 τως
529 4657 626 4718 καὶ
684 4658 939 4740 πρότερον
1011 4661 1282 4742 ἐφώνησεν
1340 4664 1498 4742 αὐτῇ·
1559 4687 1584 4715 α
1649 4661 1856 4736 Γύναι,
1923 4660 1977 4721 τί

367 4747 609 4825 κλαίειςς
666 4747 806 4807 Ἀλλ’
852 4751 948 4808 οὖκ
991 4751 1197 4830 ἐπέγνω
1239 4757 1272 4823 ἡ
1299 4749 1452 4830 γυνή’
1499 4753 1559 4810 οὗ
1599 4749 1702 4832 γὰρ
1730 4751 1916 4824 ἤθελεν
1947 4753 1978 4812 6

372 4836 610 4909 Ἰησοῦς.
644 4835 784 4898 Ὅτε
829 4837 885 4898 δὲ
927 4839 1191 4914 ἠθέλησε,
1225 4841 1346 4900 τότε
1399 4839 1488 4900 διὰ
1535 4845 1630 4912 τῆς
1660 4845 1838 4923 φωνῆς
1868 4841 1975 4898 ἐπ-

371 4925 640 5004 εγνώσθη.
685 4954 710 4978 α
739 4928 1053 5008 Στραφεῖσα
1079 4929 1252 5004 ἐκείνη
1271 4975 1286 5004 ,
1317 4927 1462 5006 λέγει
1504 4930 1668 5010 αὐτῷ.
1703 4957 1728 4983 ιι
1755 4930 1827 4990 Τί
1851 4934 1978 4989 τοῦ·

369 5038 470 5089 το;
505 5015 652 5094 Πρὸς
686 5017 845 5076 αὐτὸν
887 5017 1190 5096 διελέγετο,
1237 5018 1334 5078 καὶ
1381 5019 1582 5099 ἔλεγενο
1620 5042 1651 5075 α
1679 5019 1820 5080 Εἰπέ
1849 5043 1974 5096 μοι,

368 5111 474 5166 ποῦ
530 5106 725 5178 ἔθηκας
780 5107 966 5180 αὖτόν;
999 5109 1112 5168 Καὶ
1154 5114 1246 5167 νῦν
1294 5111 1324 5169 6
1365 5108 1746 5188 εὖαγγελιστὴς
1792 5108 1972 5188 λέγει,

363 5193 450 5254 ὅτι
502 5223 528 5248 ι
561 5205 880 5277 στραφεῖσα.
917 5223 941 5250 »
970 5201 1133 5257 Δοκεῖ
1178 5188 1268 5258 οὖν
1317 5197 1455 5276 μετὰ
1503 5199 1564 5257 τὸ
1611 5203 1778 5258 εἰπεῖν
1810 5197 1978 5270 αὐτὴν

364 5285 460 5363 τὸ,
514 5314 540 5340 ι
585 5289 706 5346 Ποῦ
759 5285 982 5360 ἔθηκας;
1027 5289 1485 5368 »ἐπιστραφῆναι
1535 5288 1664 5368 πρὸς
1705 5287 1826 5358 τοὺς
1885 5290 1980 5366 ἀγ·

365 5374 591 5454 τέλους,
620 5375 993 5456 ἐρωτήσουσαν
1025 5376 1170 5456 τάχα
1212 5378 1263 5436 τί
1294 5377 1666 5456 ἐξεπλάγησαν
1685 5423 1700 5451 ,
1741 5370 1860 5436 εἶτα
1891 5377 1978 5438 τὸν

368 5467 611 5546 Χριστὸν
641 5467 943 5526 καλέσαντα
969 5466 1141 5538 αὐτὴν
1168 5511 1186 5540 ,
1212 5466 1414 5538 πλῆξαί
1439 5491 1494 5525 τε
1518 5467 1605 5525 διὰ
1634 5472 1729 5539 τῆς
1762 5471 1937 5548 φωνῆς
1961 5513 1980 5545 ,

370 5558 465 5616 καὶ
513 5557 832 5640 ἐπιστρέψαι
877 5557 1011 5637 πρὸς
1053 5557 1238 5616 ἑαυτὸν
1271 5556 1366 5616 ἀπ’
1396 5559 1648 5630 ἐκείνων,
1692 5559 1785 5616 καὶ
1815 5557 1982 5626 οὕτως

370 5647 732 5727 ἐπιγνοῦσαν,
782 5673 815 5706 α
869 5645 1177 5721 ⁸Ρα6ουνὶ,
1229 5672 1254 5700 ι
1311 5647 1512 5720 εἰπεῖν,
1569 5648 1662 5705 καὶ
1693 5645 1977 5727 βούλεσθαι

372 5736 468 5813 μὲν
497 5741 809 5820 προσελθεῖν
840 5740 990 5818 αὐτῷ
1005 5781 1025 5810 ,
1076 5735 1170 5795 καὶ
1214 5739 1449 5798 συνεῖναι
1494 5737 1640 5816 αὐτῷ
1671 5735 1854 5816 ὥσπερ
1884 5735 1976 5794 καὶ

2081 4598 2196 4640 non
2224 4578 2446 4654 agnovit
2488 4586 2674 4634 tamen
2701 4591 2832 4632 eum
2860 4573 3062 4630 mulier
3094 4591 3108 4629 :
3140 4588 3250 4627 non
3304 4570 3453 4627 enim
3480 4568 3698 4624 volebat

2084 4676 2270 4730 Jesus.
2302 4675 2377 4726 At
2404 4667 2629 4740 quando
2680 4665 2878 4730 voluit,
2930 4671 3065 4719 tunc
3111 4677 3208 4734 per
3237 4675 3426 4716 vocem
3477 4658 3698 4730 agnitus

2086 4761 2215 4820 fuit.
2277 4779 2307 4811 «
2365 4761 2643 4816 Conversa
2719 4755 2920 4812 mulier
2975 4753 3112 4809 dicit
3159 4751 3233 4808 ei.
3269 4772 3299 4802 »
3352 4747 3502 4820 Quid
3554 4747 3697 4804 hoc?

2085 4854 2227 4909 Cum
2256 4850 2377 4922 ipso
2420 4847 2692 4904 collocuta
2720 4853 2827 4914 est,
2871 4851 2930 4900 et
2953 4842 3190 4912 dicebat,
3239 4864 3265 4890 ι
3293 4841 3394 4897 Dic
3421 4839 3562 4896 mihi
3589 4853 3698 4909 quo

2086 4940 2317 5014 posuisti
2376 4937 2539 4995 eum?
2607 4957 2636 4988 ››
2679 4944 2734 4992 et
2786 4950 2936 4990 nunc
2990 4931 3318 5005 evangelista
3366 4930 3502 4988 dicit
3549 4925 3700 4999 quod

2091 5053 2116 5080 α
2146 5043 2428 5086 conversa.
2474 5049 2504 5078 »
2539 5026 2706 5097 762
2749 5023 2979 5080 Videtur
3007 5022 3194 5094 itaque
3222 5019 3370 5093 quod
3404 5027 3697 5090 postquam

2089 5119 2209 5192 ipsa
2238 5117 2418 5186 dixit,
2451 5140 2478 5166 σι
2512 5117 2635 5185 Quo
2681 5113 2910 5187 posuisti
2962 5111 3127 5168 eum?
3158 5135 3182 5161 ι
3229 5123 3548 5165 conversam
3581 5120 3699 5160 esse

2088 5208 2158 5265 ad
2187 5207 2414 5279 angelos
2441 5205 2908 5276 interrogaturam
2949 5200 3181 5257 forsitan
3233 5212 3403 5270 quare
3454 5209 3698 5265 expave-

2089 5296 2217 5353 l'acti
2248 5295 2512 5363 fuissent,
2549 5293 2745 5351 deinde
2774 5298 3025 5348 vocatam
3054 5305 3086 5345 a
3114 5287 3349 5353 Christo,
3392 5283 3700 5357 perculsam

2087 5403 2188 5460 per
2218 5402 2429 5450 vocem,
2461 5393 2517 5441 et
2561 5397 2884 5440 conversam
2929 5380 3000 5436 ad
3031 5379 3189 5434 illum
3234 5376 3467 5443 abistis,
3517 5381 3572 5429 et
3619 5372 3700 5428 ita

2090 5475 2381 5549 agnovisse
2422 5489 2486 5530 ac
2534 5472 2761 5540 dixisse,
2814 5487 2845 5521 α
2886 5465 3146 5525 Rabboni
3192 5481 3211 5522 ε
3277 5487 3326 5524 ο,
3354 5471 3411 5521 et
3458 5462 3702 5520 voluisse

2091 5565 2319 5638 quidem
2369 5563 2632 5620 accedere
2680 5557 2753 5616 ad
2792 5574 2942 5623 eum,
2989 5564 3048 5614 et
3101 5570 3222 5612 esse
3261 5569 3391 5610 cum
3445 5568 3512 5609 eo
3556 5552 3705 5609 sicut

2086 5655 2264 5726 prius,
2336 5660 2393 5711 et
2458 5649 2709 5709 fortassis
2773 5656 2838 5705 ut
2888 5644 3311 5704 desiderabilem
3377 5641 3700 5716 amplexari.

2089 5746 2165 5801 At
2213 5743 2304 5799 ille
2374 5741 2550 5800 erexit
2601 5739 2721 5812 ejus
2807 5743 3078 5807 mentem,
3153 5744 3216 5792 ut
3266 5733 3464 5792 melius
3534 5731 3700 5804 quid-
