4128 6440
452 413 556 468 295
1457 403 1974 466 THEOPHYLAC’I‘I
2012 399 2372 465 BULGARIIE
2407 397 2727 464 ARCHIEP.
3663 407 3772 463 296

453 552 622 609 quam
657 536 726 593 de
753 551 810 592 se
855 535 1107 605 sentiret,
1137 535 1452 608 majorique
1479 535 1778 591 reverentia
1802 535 2060 591 observa-

2140 532 2423 616 ,πρότερον
2448 578 2465 610 ,
2520 531 2613 592 καὶ
2671 530 2834 611 τυχὸν
2896 533 2968 599 ὥς
3015 529 3324 612 ποθουμένῳ
3397 536 3770 613 περιχυθῆναι.

455 635 559 694 ret,
598 626 804 690 dicens,
859 649 884 674 α
935 628 1018 682 Ne
1063 625 1312 697 tetigeris
1361 641 1454 680 me
1502 642 1515 679 :
1570 648 1596 674 ιι
1650 624 1756 680 hoc
1807 634 1907 693 est,
1948 640 2062 680 non

2168 625 2258 682 τὸν
2291 623 2346 682 δὲ
2394 620 2654 701 ἀνάγοντα
2699 624 2862 693 αὐτῆς
2893 620 2988 693 τὴν
3023 621 3294 694 διάνοιαν,
3328 619 3468 680 ὥστε
3525 622 3768 700 κρεῖττόν

457 717 604 772 ultra
646 731 737 770 res
783 730 840 770 se
871 715 1074 770 habent
1103 723 1163 771 ut
1191 715 1348 783 olim,
1378 730 1556 786 neque
1600 714 1854 770 similiter
1885 714 2066 769 vobis-

2168 737 2220 772 τι
2253 713 2373 793 περὶ
2398 714 2558 771 αὐτοῦ
2581 715 2796 783 ἐννοεῖν,
2830 711 2921 768 καὶ
2954 711 3382 792 αἰδεσιμωτέρως
3421 712 3568 793 αὐτῷ
3599 735 3770 791 προσ·

452 822 585 861 cum
619 805 930 861 conversari
962 806 1107 860 volo.
1152 806 1296 860 Nam
1328 804 1582 876 quamvis
1612 819 1714 858 nec
1755 803 1932 859 verbis
1958 803 2064 859 hoc

2169 801 2345 882 ἔχειν,
2387 804 2570 860 εἰπεῖν·
2621 828 2645 856 α
2697 805 2791 882 Μή
2845 825 2947 879 μου
2974 800 3179 877 ἐπέπτου·
3227 828 3249 852 ι
3292 800 3592 874 τουτέστιν,
3648 803 3771 861 Οὖκ

454 894 672 961 dixerit,
704 895 782 950 sic
819 903 1007 950 tamen
1051 894 1397 966 intelligitur.
1445 917 1471 942 α
1519 895 1777 949 Ascendo
1808 894 1961 949 enim
1991 891 2062 947 ad

2171 881 2247 950 ἔτι
2283 895 2334 951 ἐν
2367 901 2475 958 τοῖς
2506 893 2706 968 αὐτοῖς,
2740 881 2816 957 οἶς
2842 891 2932 948 καὶ
2966 889 3173 970 πρώην,
3204 889 3305 950 εἰσὶ
3335 889 3401 949 τὰ
3424 891 3722 970 πράγματα
3746 934 3765 964 ,

453 985 671 1039 Patrem
718 999 926 1052 meum,
959 1006 986 1033 ν
1018 991 1073 1039 et
1101 984 1234 1039 illuc
1283 983 1503 1038 festino.
1539 984 1677 1038 Illuc
1715 982 1863 1038 enim
1909 981 2062 1038 festi-

2167 981 2284 1040 οὐδὲ
2325 980 2518 1057 ὁμοίως
2562 980 2743 1058 μέλλω
2787 989 3020 1061 συνεῖναι
3072 985 3220 1057 ὗμῖν.
3279 983 3348 1040 Εἰ
3401 980 3504 1061 γὰρ
3545 979 3636 1039 καὶ
3690 979 3769 1056 μὴ

453 1075 633 1142 nanti,
667 1081 722 1130 et
765 1091 874 1130 non
902 1075 1016 1146 jam
1065 1075 1174 1130 tale
1213 1073 1439 1129 habenti
1470 1089 1693 1144 corpus,
1736 1072 1895 1144 quale
1925 1071 2062 1126 dum

2166 1081 2276 1138 τοῖς
2327 1073 2530 1152 ῥήμασι
2585 1075 2742 1129 τοῦτο
2795 1059 2976 1145 εἶπεν,
3034 1071 3174 1128 ἀλλά
3234 1094 3296 1146 γε
3346 1070 3488 1128 οὕτω
3537 1078 3763 1132 νοεῖται.

453 1179 804 1220 conversarer
831 1179 958 1219 cum
989 1162 1330 1228 hominibus,
1375 1162 1576 1234 majori
1613 1162 1731 1234 jam
1761 1163 2061 1216 reverentia

2169 1161 2371 1220 Μέλλω
2419 1159 2523 1239 γὰρ
2577 1160 2843 1232 ἀναϐῆναι
2889 1160 3020 1238 πρὸς
3064 1160 3152 1217 τὸν
3205 1160 3425 1240 Πατέρα
3476 1184 3621 1237 μου,
3671 1159 3770 1218 καὶ

455 1267 639 1325 Opera:
667 1252 905 1324 pretium
936 1251 1104 1307 fuerit
1145 1251 1457 1320 attendere,
1503 1259 1559 1306 et
1590 1259 1651 1305 ut
1692 1248 2062 1321 prmstantiori

2167 1253 2275 1310 ἐκεῖ
2333 1249 2568 1309 σπεύδω.
2629 1251 2724 1328 Τῷ
2784 1250 2838 1308 δὲ
2890 1251 3000 1306 ἐκεῖ
3043 1248 3356 1322 σπεύδοντι,
3418 1249 3512 1308 καὶ
3569 1248 3770 1326 μηκέτι

457 1357 626 1414 quam
667 1343 984 1398 communis
1013 1350 1192 1398 tactus
1220 1349 1275 1397 et
1317 1341 1660 1416 colloquium
1689 1349 1744 1395 et
1777 1356 2064 1396 conversa-

2168 1345 2399 1399 τοιοῦτον
2430 1340 2604 1418 ἔχοντι
2649 1342 2807 1412 σῶμα
2827 1384 2843 1411 ,
2873 1330 2978 1397 οἶον
3007 1339 3145 1415 μετὰ
3191 1339 3468 1419 ἀνθρώπου
3501 1339 3769 1414 ἀναστρέ-

453 1430 535 1485 tio
564 1429 721 1487 ferat.
766 1430 907 1486 Vide
933 1439 1120 1487 autem
1165 1438 1430 1502 quantam
1459 1430 1794 1485 sententiam
1824 1428 2064 1484 breviter

2168 1437 2394 1510 φεσθαι,
2440 1426 2822 1507 εὐλαϐέστερον
2856 1430 2932 1486 δεῖ
2965 1427 3277 1508 προσέχειν,
3332 1430 3424 1487 καὶ
3474 1431 3543 1494 ὡς
3587 1428 3767 1508 κρείτ-

459 1523 676 1577 locutus
724 1519 892 1577 fuerit
938 1523 1289 1593 evangelista.
1339 1521 1492 1576 Dixit
1536 1520 1699 1589 enim,
1757 1541 1784 1568 α
1841 1521 1923 1574 Ne
1969 1535 2060 1575 me

2165 1543 2280 1577 τονι
2321 1523 2414 1590 τῆς
2458 1523 2634 1589 κοινῆς
2679 1517 2771 1575 καὶ
2801 1517 3013 1594 ὁμιλίας
3044 1517 3133 1575 καὶ
3164 1517 3336 1598 ἁφῆς,
3370 1517 3489 1591 ἤτοι
3535 1541 3769 1576 συνανα-

459 1618 672 1683 tangas.
725 1633 750 1660 ιο
816 1610 1034 1667 Deinde
1096 1611 1255 1683 quasi
1321 1611 1727 1683 interrogasset
1785 1607 2060 1680 quispiam

2168 1613 2420 1689 στροφῆς.
2460 1605 2609 1687 ⁸Ορα
2641 1607 2724 1678 δὲ,
2773 1608 2934 1667 πόσον
2966 1612 3084 1666 νοῦν
3119 1607 3392 1684 συντόμως
3418 1612 3444 1666 ὁ
3489 1609 3769 1684 εὐαγγελι-

455 1701 673 1773 Quare?
700 1700 903 1772 inquit.
949 1703 1031 1757 Eo
1061 1700 1209 1772 quod
1253 1715 1364 1756 non
1405 1699 1526 1771 jam
1555 1698 1661 1754 tale
1691 1695 1831 1753 mihi
1861 1713 2061 1768 corpus

2168 1687 2643 1778 afﬁqvéiétppacem
2709 1687 2863 1757 ῐΕἷπε
2907 1697 3030 1776 γάρ·
3089 1719 3120 1752 α
3179 1697 3274 1768 Μή
3328 1721 3430 1775 μου
3469 1697 3674 1755 ἅπτου·
3725 1721 3757 1756 ι)

451 1796 554 1856 est,
582 1789 744 1859 quale
786 1805 916 1845 cum
947 1789 1006 1844 in
1035 1797 1183 1846 terra
1214 1805 1481 1858 versarer,
1516 1788 1612 1844 sed
1642 1788 1800 1859 quale
1829 1787 1886 1842 in
1916 1787 2059 1843 cmlo

2169 1779 2281 1847 εἶτα
2309 1787 2492 1865 ὥσπερ
2522 1785 2657 1854 τινὸς
2702 1787 3096 1866 ἐρωτήσαντος·
3144 1787 3338 1860 Διατίς
3388 1787 3572 1859 Διότι,
3604 1787 3789 1867 φησὶῖ

450 1885 505 1932 et
537 1893 777 1934 sursum.
849 1881 920 1934 Et
961 1877 1163 1934 deinde
1206 1879 1360 1950 quasi
1405 1879 1608 1933 iterum
1659 1874 1994 1933 subinferret
2041 1893 2057 1932 :

2138 1953 2139 1960 γ
2171 1880 2266 1940 οὐκ
2310 1879 2386 1937 ἔτι
2417 1880 2652 1935 τοιοῦτον
2702 1874 2854 1974 ἔσται
2903 1898 2993 1953 μοι
3042 1875 3102 1934 τὸ
3132 1880 3323 1953 σῶμα,
3356 1867 3463 1936 οἶον
3505 1880 3570 1954 τῇ
3608 1879 3662 1934 ἐν
3693 1880 3768 1955 γῇ

449 1970 630 2039 Quare
662 1967 827 2040 igitur
868 1984 1017 2023 nunc
1055 1968 1112 2023 in
1144 1977 1287 2024 terra
1325 1967 1594 2032 ambulas,
1640 1967 1683 2022 si
1729 1967 1838 2022 tale
1885 1965 2055 2022 habes

2170 1965 2411 2046 πολιτεία
2461 1966 2649 2023 οἰκεῖον
2699 1952 2865 2037 εἶναι,
2915 1963 3054 2023 ἀλλὰ
3102 1968 3177 2044 τῷ
3247 1966 3456 2044 οὐρανῷ
3505 1964 3597 2023 καὶ
3652 1968 3770 2031 τοῖς

449 2063 682 2128 corpus?
728 2079 755 2106 ι
796 2057 1058 2113 Nondum
1102 2057 1273 2124 enim,
1324 2057 1528 2128 inquit,
1572 2055 1799 2112 ascendi
1849 2054 1920 2110 ad
1949 2057 2047 2110 Pa-

2163 2058 2294 2115 ἀνω.
2352 2047 2485 2114 Εἶτα
2518 2054 2678 2111 πάλιν
2724 2051 2907 2130 ὥσπερ
2951 2054 3439 2131 ἀνθυπενεγκόντος·
3477 2054 3584 2112 Καὶ
3613 2052 3755 2121 τίνος

444 2154 588 2202 trem
633 2161 844 2212 meum,
875 2169 899 2194 ν
945 2161 1268 2203 ascensurus
1309 2155 1497 2202 autem
1553 2160 1700 2201 sum.
1736 2146 1860 2199 Hoc
1907 2143 2054 2198 enim

2164 2145 2334 2204 ἕνεκεν
2359 2143 2544 2204 λοιπὸν
2580 2146 2631 2201 ἐν
2673 2145 2740 2221 γῇ
2782 2152 3091 2222 περιπατεῖς
3125 2150 3360 2202 τοιοῦτον
3391 2143 3530 2221 ἔχων
3565 2147 3765 2222 σῶμας

447 2251 544 2306 per
583 2235 864 2306 sequentia
916 2235 1252 2304 manifestat,
1309 2235 1498 2291 dicens
1548 2253 1562 2290 :
1599 2257 1626 2284 ε
1672 2233 1826 2290 Vade
1869 2238 2054 2288 autem

2167 2258 2195 2292 (ι
2227 2233 2397 2295 Οὔπω
2450 2233 2578 2311 γὰρ,
2629 2233 2827 2313 φησὶν,
2875 2232 3190 2303 ἀναϐέϐηκα
3243 2233 3376 2312 πρὸς
3408 2233 3497 2290 τὸν
3541 2233 3769 2310 Πατέρα

449 2322 518 2379 ad
549 2323 746 2378 fratres
791 2339 968 2391 meos,
1017 2331 1073 2379 et
1125 2323 1212 2380 dic
1260 2325 1357 2393 eis,
1408 2322 1667 2379 Ascendo
1720 2322 1789 2378 ad
1836 2326 2054 2378 Patrem

2166 2349 2296 2403 μου,
2332 2347 2360 2381 »
2397 2323 2581 2400 μέλλω
2611 2322 2667 2381 δὲ
2706 2320 2992 2390 ἀναϐῆναι.
3037 2325 3212 2381 Τοῦτο
3245 2322 3349 2402 γὰρ
3381 2322 3468 2379 διὰ
3499 2325 3604 2380 τῶν
3643 2321 3769 2392 ἑξῆς

446 2428 653 2480 meum,
681 2421 737 2468 et
763 2416 983 2469 Patrem
1019 2423 1268 2470 vestrum
1301 2430 1314 2469 :
1379 2437 1404 2463 ι»
1438 2412 1692 2486 quamvis
1724 2427 1838 2468 non
1867 2412 2054 2467 statim

2163 2415 2342 2486 δηλοῖ,
2397 2410 2596 2469 εἰπών·
2647 2437 2671 2462 α
2729 2409 2966 2490 Πορεύου
3032 2409 3086 2468 δὲ
3145 2410 3275 2491 πρὸς
3336 2409 3453 2477 τοὺς
3506 2412 3771 2492 ἀδελφούς

446 2504 773 2571 ascenderit,
829 2505 925 2561 sed
977 2513 1100 2576 post
1157 2504 1524 2577 quadraginta
1566 2504 1698 2560 dies.
1761 2503 2054 2573 Quomodo

2166 2526 2297 2582 μου,
2335 2501 2428 2560 καὶ
2472 2498 2585 2558 εἰπὲ
2626 2503 2824 2566 αὐτοῖς’
2872 2498 3171 2558 Ἀναϐαίνω
3214 2499 3345 2579 πρὸς
3391 2500 3482 2558 τὸν
3537 2501 3769 2579 Πατέρα

448 2592 611 2665 igitur
659 2593 766 2649 hoc
810 2592 982 2649 dicit?
1037 2595 1281 2650 Mentem
1324 2594 1443 2666 ejus
1497 2593 1708 2666 erigere
1734 2592 1971 2660 volebat,
2003 2599 2056 2647 et

2165 2616 2268 2670 μου
2290 2637 2306 2664 ,
2340 2590 2432 2649 καὶ
2468 2589 2690 2670 Πατέρα
2737 2592 2904 2666 ὑμῶν·
2937 2615 2962 2642 ιι
3012 2589 3188 2648 καίτοι
3217 2591 3313 2648 οὐκ
3345 2589 3494 2656 εὐθὺς
3537 2588 3765 2667 ἔμελλεν

447 2682 778 2754 persuadere
806 2683 954 2754 quod
999 2684 1056 2738 in
1084 2684 1253 2740 ccelos
1281 2684 1406 2751 iret,
1437 2691 1492 2739 et
1535 2699 1630 2756 per
1665 2681 1771 2737 hoc
1800 2682 2054 2737 solatium

2162 2683 2434 2753 ἀνελθεῖν,
2489 2677 2629 2737 ἀλλὰ
2681 2677 2818 2754 μετὰ
2868 2678 3272 2758 τεσσαράκοντα
3330 2679 3561 2757 ἡμέρας.
3637 2682 3771 2747 Πῶς

449 2779 684 2842 caperet.
743 2772 883 2841 Quia
930 2780 1118 2828 autem
1162 2771 1398 2844 dixerat,
1444 2793 1473 2822 «
1515 2771 1732 2838 fratres,
1783 2791 1812 2820 »
1845 2770 2050 2840 subdit,

2160 2762 2248 2830 οῦν
2291 2768 2446 2828 τοῦτό
2489 2792 2683 2848 φησιν;
2719 2767 3043 2840 Ἀναστῆσαι
3093 2767 3411 2848 βουλόμενος
3460 2771 3626 2840 αὐτῆς
3659 2770 3764 2840 τὴν

449 2882 475 2908 α
512 2863 577 2914 Et
602 2863 823 2915 Patrem
854 2868 1117 2916 vestrum.
1151 2882 1179 2916 »
1211 2865 1370 2916 Pater
1395 2859 1545 2916 enim
1577 2869 1630 2916 et
1657 2866 1846 2915 noster
1880 2863 2049 2928 Deus,

2163 2859 2396 2917 διάνοιαν
2421 2905 2438 2933 ,
2479 2856 2573 2916 καὶ
2618 2865 2800 2916 πεῖσαι
2825 2904 2840 2932 ,
2887 2856 2968 2916 ὅτι
3014 2860 3086 2924 εἰς
3127 2856 3377 2937 οὐρανοὺς
3411 2858 3630 2935 ἄπεισι,
3668 2858 3769 2916 καὶ

448 2947 545 3002 sed
592 2947 785 3017 gratia,
837 2947 1067 3003 Domini
1120 2958 1305 3005 autem
1346 2952 1507 3004 Pater
1535 2957 1747 3004 natura.
1779 2949 1868 3004 Sic
1902 2951 2054 3004 Deus

2162 2949 2249 3007 διὰ
2307 2948 2493 3006 τούτου
2571 2946 3084 3027 παραμυθήσασθαι.
3169 2969 3197 3005 α
3259 2947 3542 3028 Ἀδελφούς
3610 2974 3632 3000 ιο
3707 2947 3768 3006 δὲ

447 3050 669 3108 quoque
711 3036 876 3092 modo
903 3036 1120 3094 diverso
1161 3045 1390 3096 :noster
1423 3037 1572 3093 enim
1609 3045 1825 3106 natura,
1853 3037 2054 3094 Christi

2160 3038 2321 3099 εἰπὼν
2346 3081 2363 3109 ,
2391 3036 2577 3113 ἐπάγει
2607 3036 2730 3111 καὶ,
2765 3065 2788 3089 ι
2822 3035 3046 3116 Πατέρα
3077 3039 3252 3114 ὓμῶν.
3287 3063 3311 3089 ιι
3365 3039 3561 3116 Πατὴρ
3592 3035 3696 3116 γὰρ
3737 3043 3768 3097 ὃ

444 3135 632 3182 autem
653 3126 810 3199 juxta
847 3125 1279 3182 humanitatem.
1315 3131 1462 3183 Deus
1505 3126 1655 3182 enim
1685 3127 1804 3199 ejus
1831 3125 1939 3183 fuit
1963 3143 2052 3183 se-

2160 3127 2294 3194 Θεὸς
2326 3128 2418 3186 καὶ
2460 3129 2648 3202 ἡμῶν,
2678 3125 2826 3206 ,ἀλλὰ
2865 3127 3049 3206 χάριτι
3072 3150 3085 3164 ⁸
3116 3131 3210 3185 τοῦ
3241 3127 3294 3186 δὲ
3331 3127 3526 3206 Κυρίου
3563 3126 3763 3205 Πατὴρ

446 3215 693 3272 cundum
748 3215 898 3286 quod
944 3216 1254 3272 humanam
1279 3217 1576 3288 assumpsit
1614 3226 1888 3273 naturam.
1920 3217 2056 3272 Abit

2160 3217 2345 3297 φύσει·
2397 3215 2582 3296 ὥσπερ
2642 3205 2730 3274 οῦν
2781 3218 2874 3274 καὶ
2923 3216 3060 3282 Θεὸς
3109 3215 3411 3291 τοῦμπαλιν
3455 3218 3608 3291 ἡμῶν
3660 3217 3761 3290 μὲν

445 3302 615 3376 igitur
661 3305 861 3373 Maria,
909 3321 1039 3360 cum
1087 3307 1136 3362 ei
1176 3306 1450 3362 Dominus
1497 3305 1572 3361 ita
1616 3306 1762 3378 loqui
1796 3307 2055 3378 dignatus

2161 3307 2314 3387 φύσει
2337 3351 2355 3382 ,
2384 3312 2474 3364 τοῦ
2501 3307 2555 3363 δὲ
2605 3305 2802 3384 Κυρίου
2833 3305 2972 3365 κατὰ
2997 3304 3058 3364 τὸ
3098 3306 3448 3384 ἀνθρώπινον.
3477 3303 3613 3371 Θεὸς
3647 3305 3765 3387 γὰρ

445 3356 608 3376 πη-
917 3356 1039 3360 -_-__
1092 3356 1136 3362 __
1176 3356 1448 3362 ---ω-η
1497 3356 1572 3361 _-_
1617 3356 1761 3378 ην-
1800 3356 2053 3378 __D__---_

445 3401 609 3459 esset,
659 3400 715 3449 et
764 3395 1056 3450 annuntiat
1107 3411 1168 3450 ea
1217 3395 1512 3466 discipulis.
1563 3399 1802 3452 Tantum
1842 3396 2052 3452 bonum

2163 3356 2355 3387 Υ⁷”’7
2396 3356 2471 3364 ’⁷⁷
2503 3356 2555 3363 ’⁷
2605 3356 2800 3384 “'l""
2833 3356 2972 3365 ’““’”“
3009 3356 3056 3364 ⁷⁷
3101 3356 3448 3384 ”’”Γ””“’”⁷”
3487 3356 3612 3371 ν’ντ
3661 3356 3763 3387 iw?

2162 3399 2323 3455 αὐτοῦ
2356 3394 2591 3472 ἐγένετο,
2635 3397 2706 3460 ὡς
2747 3395 2844 3466 τὴν
2896 3395 3230 3472 ἀνθρωπίνην
3282 3395 3437 3475 φύσιν
3471 3395 3763 3474 ἀνειληφό-

449 3491 534 3538 est
562 3484 964 3554 perseverantia
1003 3493 1058 3540 et
1104 3484 1418 3541 assiduitas.
1474 3485 1744 3542 Assiduus
1785 3485 1956 3557 igitur
2001 3495 2056 3542 et

2163 3508 2270 3552 τος.
2316 3483 2552 3545 Ἀπεισιν
2605 3474 2696 3541 οῦν
2748 3484 2938 3564 Μαρία
2974 3484 3221 3544 τοιούτων
3263 3483 3545 3552 ἀξιωθεῖσα
3579 3484 3765 3564 ῥημά-

443 3579 504 3627 tu
552 3572 648 3640 sis,
691 3582 748 3629 et
785 3573 962 3629 disces
1003 3573 1187 3630 forsan
1219 3573 1510 3647 quiddam,
1552 3583 1607 3632 et
1654 3574 2052 3649 discipulorum

2161 3599 2300 3651 των,
2336 3573 2428 3633 καὶ
2459 3571 2787 3652 ἀπαγγέλλει
2820 3581 2990 3633 ταῦτα
3021 3575 3124 3639 τοῖς
3156 3578 3448 3648 μαθηταῖς·
3501 3573 3757 3633 τοσοῦτόν

443 3660 596 3717 verbi
626 3660 848 3719 futurus
879 3679 938 3719 es
978 3663 1194 3720 doctor.

2160 3667 2276 3724 ἐστι
2331 3663 2650 3744 προσεδρεία
2707 3663 2798 3721 καὶ
2857 3662 3114 3744 καρτερία
3173 3663 3358 3724 καλόν.
3423 3662 3767 3741 Προσέδρευε

2160 3747 2248 3814 οὖν
2288 3753 2380 3813 καὶ
2424 3753 2520 3827 σὺ,
2565 3752 2656 3812 καὶ
2683 3752 2899 3831 μαθήσῃ
2925 3776 2976 3810 τι
3011 3753 3152 3833 τάχα
3174 3799 3190 3827 ,
3235 3753 3328 3813 καὶ
3365 3757 3468 3812 τῶν
3501 3755 3766 3831 μαθητῶν

2158 3849 2250 3903 τοῦ
2282 3841 2440 3920 λόγου
2472 3841 2672 3921 γενήσῃ
2704 3842 3045 3910 διδάσκαλος.

511 3933 906 3988 Vnus.19-23.
952 3955 980 3983 «
1022 3936 1166 3991 Cum
1216 3949 1348 4006 ergo
1377 3942 1521 3991 esset
1563 3949 1784 4007 vespera
1812 3936 1904 3992 die
1933 3936 2046 4006 illo,

2238 3959 2262 3987 ι
2295 3931 2477 4004 Οὔσης
2525 3921 2614 3988 οῦν
2667 3930 2820 4011 ὀψίας
2852 3935 2915 4011 τῇ
2962 3929 3140 4012 ἡμέρα
3189 3933 3364 4012 ἐκείνῃ
3507 3939 3606 4012 μιᾷ
3652 3932 3765 3988 τῶν

445 4020 541 4091 qui
590 4029 707 4076 erat
733 4037 877 4078 unus
923 4023 1311 4090 Sabbatorum,
1351 4031 1405 4078 et
1442 4023 1589 4080 fores
1620 4033 1802 4080 essent
1845 4026 2048 4083 clausae

2160 4021 2495 4093 Σαϐϐάτων,
2561 4020 2654 4078 καὶ
2739 4023 2844 4077 τῶν
2904 4024 3073 4098 θυρῶν
3134 4020 3564 4094 κεκλεισμένων,
3624 4017 3767 4078 ὅπου

445 4109 537 4163 ubi
587 4119 745 4164 erant
771 4110 1027 4181 discipuli
1078 4112 1391 4183 congregati
1435 4121 1656 4183 propter
1685 4121 1897 4168 metum
1941 4117 2047 4169 Ju-

2153 4103 2289 4181 ἦσαν
2323 4112 2370 4168 οἱ
2399 4109 2633 4182 μαθηταὶ
2681 4109 3002 4186 συνηγμένοι
3048 4109 3136 4167 διὰ
3163 4111 3249 4168 τὸν
3277 4109 3440 4190 φόϐον
3481 4113 3589 4168 τῶν
3623 4107 3766 4166 Ἰου-

447 4195 718 4262 daeorum,
764 4197 915 4253 venit
956 4201 1139 4267 Jesus,
1184 4199 1445 4270 stetitque
1483 4200 1537 4254 in
1579 4199 1783 4274 medio,
1815 4208 1869 4256 et
1908 4200 2049 4258 dicit

2155 4199 2317 4258 δαίων
2344 4245 2360 4272 ,
2400 4190 2557 4270 ἦλθεν
2587 4203 2614 4257 ὃ
2653 4198 2895 4274 Ἰησοῦς,
2935 4197 3028 4256 καὶ
3064 4198 3190 4270 ἔστη
3239 4201 3311 4266 εἷς
3349 4199 3409 4256 τὸ
3437 4197 3631 4276 μέσον,
3667 4196 3769 4255 καὶ

448 4283 525 4339 eis
559 4301 571 4339 :
604 4287 716 4340 Pax
751 4285 924 4341 vobis.
966 4289 1191 4342 Etcum
1229 4288 1333 4342 hoc
1384 4287 1629 4356 dixisset,
1683 4288 1922 4346 ostendit
1965 4290 2044 4347 eis

2151 4287 2294 4366 λέγει
2333 4291 2527 4353 αὐτοῖς’
2563 4285 2765 4366 Εἰρήνη
2801 4291 2951 4363 ὑμῖν.
2991 4287 3100 4347 Καὶ
3145 4292 3300 4346 τοῦτο
3326 4286 3524 4361 εἰπὼν,
3563 4285 3762 4354 ἔδειξεν

447 4389 650 4429 manus
688 4390 753 4429 ac
781 4374 926 4431 latus
967 4391 1146 4433 suum.
1192 4376 1380 4432 Gavisi
1441 4387 1572 4434 sunt
1599 4393 1728 4450 ergo
1765 4378 2041 4450 discipuli,

2153 4381 2326 4444 αὐτοῖς
2360 4378 2450 4442 τὰς
2478 4384 2660 4457 χεῖρας
2710 4378 2802 4434 καὶ
2860 4379 2956 4448 τὴν
3006 4378 3240 4455 πλευρὰν
3273 4380 3455 4438 αὑτοῦ.
3509 4375 3760 4457 Ἐχάρη-

448 4463 564 4517 viso
619 4464 886 4520 Domino.
937 4464 1084 4520 Dixit
1133 4482 1265 4538 ergo
1312 4465 1390 4521 eis
1433 4466 1636 4522 iterum
1677 4471 1837 4524 Jesus
1887 4471 2078 4545 :Pax_

2169 4491 2266 4525 σαν
2298 4457 2384 4525 οὖν
2417 4470 2464 4526 οἱ
2489 4466 2726 4543 μαθηταὶ
2752 4466 2943 4533 ἰδόντες
2972 4469 3060 4524 τὸν
3096 4465 3315 4545 Κύριον.
3341 4457 3507 4526 Εἶπεν
3542 4455 3629 4523 οὖν
3662 4465 3763 4522 αὖ-

447 4551 622 4608 vobis.
668 4553 818 4608 Sicut
859 4554 1005 4609 misit
1035 4570 1124 4610 me
1162 4537 1343 4622 Pater,
1371 4555 1444 4611 ita
1482 4565 1538 4612 et
1573 4572 1674 4629 ego
1718 4558 1883 4614 mitto
1925 4537 2077 4614 vos.l

2162 4565 2269 4623 τοῖς
2299 4560 2326 4614 ὃ
2358 4556 2564 4629 Ἰησοῦς
2596 4557 2776 4613 πάλιν·
2822 4554 3020 4634 Εἰρήνη
3062 4559 3204 4632 ὑμῖν·
3236 4553 3408 4620 καθὼς
3453 4553 3768 4612 ἀπέσταλκέ

445 4643 568 4697 Hoc
597 4659 725 4698 cum
767 4642 1012 4713 dixisset,
1042 4645 1349 4701 insufﬂavit
1378 4646 1432 4700 in
1457 4661 1571 4715 eos,
1597 4655 1652 4702 et
1698 4647 1843 4703 dixit
1883 4665 1896 4704 :
1935 4654 2051 4704 Ac-

2161 4668 2228 4720 με
2256 4649 2283 4702 ὁ
2324 4644 2519 4724 Πατὴρ
2545 4689 2560 4713 ,
2593 4642 2741 4721 κάγὼ
2774 4643 2977 4719 πέμπω
3008 4648 3168 4720 ὑμᾶς.
3210 4644 3318 4701 Καὶ
3360 4647 3519 4702 τοῦτο
3551 4639 3759 4721 εἰπὼν,

446 4729 605 4801 cipite
661 4732 920 4801 Spiritum
972 4743 1227 4790 sanctum
1277 4751 1777 4809 :quorumcunque
1821 4738 2050 4793 remise-

2160 4732 2480 4814 ἐνεφύσησε,
2514 4733 2605 4790 καὶ
2649 4733 2793 4809 λέγει
2841 4734 3035 4799 αὐτοῖς·
3070 4732 3282 4793 Λάϐετε
3331 4735 3554 4806 Πνεῦμα
3589 4729 3765 4807 ἅγιον·

447 4820 571 4874 ritis
599 4828 840 4890 peccata,
874 4823 1232 4879 remittuntur
1257 4825 1336 4881 eis
1379 4843 1392 4880 :
1427 4842 1878 4899 quorumcunque
1913 4827 2050 4883 reti-

2159 4821 2222 4879 ἄν
2270 4847 2424 4881 τινων
2473 4825 2643 4902 ἀφῆτε
2690 4820 2787 4888 τὰς
2840 4821 3140 4903 ἁμαρτίας,
3173 4823 3417 4900 ἀφίενται
3447 4822 3640 4886 αὐτοῖς·
3694 4819 3764 4877 ἄν

447 4908 694 4978 nueritis,
748 4906 964 4966 retenta
1005 4921 1153 4968 sunt.
1221 4935 1250 4965 »
1311 4915 1477 4986 763
1517 4917 1820 4989 Postquam
1871 4917 2050 4973 Maria

2156 4935 2309 4970 τινων
2331 4916 2583 4992 κρατῆτε,
2611 4909 2990 4990 κεκράτηνται.
3019 4937 3040 4963 υ
3064 4909 3304 4992 Ἐπειδὴ-
3321 4913 3354 4977 ἡ
3380 4909 3566 4988 Μαρία
3589 4906 3770 4986 ἅπήγ-

447 4997 790 5053 anuuntiavit
817 4999 932 5055 haec
970 4999 1277 5073 discipulis,
1320 5004 1613 5061 verisimile
1655 5015 1772 5061 erat
1815 5006 1898 5061 vel
1929 5007 2052 5062 illos

2157 5001 2300 5079 γειλε
2327 4990 2498 5060 ταῦτα
2539 5008 2647 5067 τοῖς
2692 5005 2988 5076 μαθηταῖς,
3027 4999 3166 5065 εἰκὸς
3197 4999 3250 5057 δὲ
3285 4990 3350 5070 ἦν
3379 4996 3414 5069 ἢ
3461 4999 3765 5068 ἀπιστῆσαι

445 5102 558 5142 non
594 5086 890 5144 credidisse
918 5089 997 5156 ei;
1037 5090 1120 5146 vel
1157 5092 1202 5147 si
1229 5092 1601 5163 crediderunt,
1631 5094 1868 5150 doluisse
1896 5094 2048 5167 quod

2155 5089 2369 5158 τούτους
2401 5091 2536 5170 αὐτῇ
2581 5088 2616 5160 ἢ
2666 5088 3057 5156 πιστεύσαντας
3088 5091 3351 5167 ἀλγῆσαι,
3394 5085 3476 5146 ὅτι
3510 5086 3586 5165 μὴ
3617 5110 3764 5146 κατ-

444 5175 550 5247 ipsi
582 5191 695 5231 non
729 5175 933 5233 fuerint
961 5178 1132 5234 habiti
1158 5179 1305 5252 digni
1336 5190 1400 5237 ut
1429 5199 1554 5238 eum
1595 5182 1880 5240 viderent:
1921 5184 2046 5240 ideo

2153 5178 2454 5251 ηξιώθησαν
2505 5179 2654 5238 αὐτοὶ
2683 5184 2774 5237 τοῦ
2819 5180 2944 5238 ἰδεῖν
2991 5178 3181 5252 αὐτὸν,
3231 5178 3320 5236 διὰ
3362 5181 3518 5235 τοῦτο
3555 5180 3622 5256 τῇ
3646 5176 3765 5234 αὖ-

444 5263 538 5319 illo
583 5265 668 5321 die
705 5267 784 5322 eis
827 5267 1035 5323 assistit
1083 5269 1421 5340 sitientibus,
1473 5280 1760 5343 propterea
1801 5273 1952 5345 quod
2015 5289 2048 5330 a

2155 5273 2220 5348 τῇ
2253 5267 2430 5350 ἡμέρᾳ
2456 5270 2630 5334 αὐτοῖς
2669 5268 2949 5348 ἐφίσταται
2980 5269 3172 5348 διψῶσι
3215 5266 3341 5344 μὲν,
3374 5267 3435 5325 ἐκ
3467 5269 3560 5325 τοῦ
3589 5267 3761 5324 ἀκοῦ-

446 5353 674 5410 muliere
715 5355 1036 5412 audiverant
1075 5373 1202 5413 eum
1246 5361 1627 5417 resurrexisse.
1680 5362 1819 5430 Quia
1864 5371 2049 5418 autem

2157 5381 2249 5416 σαι
2281 5359 2429 5436 παρὰ
2458 5363 2551 5429 τῆς
2581 5357 2859 5435 γυναικὸς,
2909 5357 2990 5416 ὅτι
3035 5355 3266 5430 ἀνέστη,
3313 5354 3655 5437 φοϐουμένοις
3701 5355 3759 5414 δὲ

446 5441 714 5498 timebant
755 5445 1000 5516 Judmos,
1045 5447 1170 5503 ideo
1204 5449 1380 5521 magis
1441 5450 1621 5506 videre
1645 5451 2049 5520 desiderabant,

2156 5447 2276 5515 τοὺς
2320 5447 2641 5516 Ἰουδαίους,
2689 5447 2782 5506 καὶ
2823 5446 2909 5506 διὰ
2956 5450 3112 5506 τοῦτο
3146 5449 3374 5505 ποθοῦσι
3422 5444 3582 5505 πλέον
3626 5444 3759 5503 ἰδεῖν

448 5545 571 5602 quae
619 5533 732 5586 sola
783 5535 912 5604 ipsis
956 5544 1073 5590 erat
1101 5538 1426 5594 consolatio.
1473 5540 1700 5596 Assistit
1745 5541 1911 5613 igitur
1960 5558 2048 5598 ve-

2159 5538 2254 5606 τὴν
2314 5535 2479 5614 μόνην
2537 5538 2714 5604 αὐτοῖς
2772 5536 3140 5615 παραμυθίαν.
3281 5534 3608 5615 Ἐφίσταται
3666 5526 3760 5592 οὖν

445 5617 607 5689 speri.
659 5622 1000 5691 Exspectavit
1025 5626 1176 5681 enim
1214 5627 1391 5684 donec
1431 5644 1624 5687 omnes
1647 5646 2052 5704 congregaren-

2160 5627 2386 5705 ἑσπέρας
2441 5625 2536 5703 μὲν
2597 5625 2850 5704 (ἀνέμενε
2902 5625 3007 5706 γὰρ
3055 5625 3195 5684 ὥστε
3253 5624 3495 5692 ἅπαντας
3556 5624 3757 5683 συλλε-

451 5715 560 5762 tur.
622 5730 649 5757 ‹‹
681 5709 915 5780 ,Οιειιιδω
963 5722 1148 5770 autem
1199 5725 1357 5773 erant
1381 5717 1566 5790 ﬂores,
1619 5742 1647 5771 »
1701 5729 1766 5777 ut
1799 5721 2056 5779 ostendat

2162 5715 2375 5795 γῆναι),
2431 5741 2458 5771 ι
2489 5715 2877 5794 κεκλεισμένων
2922 5714 2976 5775 δὲ
3021 5719 3128 5797 τῶν
3160 5718 3329 5796 θυρῶν
3352 5760 3371 5796 ,
3409 5741 3434 5769 ι
3460 5713 3550 5774 ἵνα
3573 5711 3716 5792 δείξῃ
3736 5758 3752 5789 ,
