4128 6490
369 375 473 429 297

1164 369 1554 433 ENARRATIO
1592 376 1659 432 IN
1699 368 2131 433 EVANGELIUM
2166 371 2461 433 JOANNIS.
2501 406 2568 418 —
2609 374 2757 434 CAP.
2802 379 2906 434 XX.

3580 380 3690 438 298

368 499 455 560 ὅτι
483 496 651 567 οὕτως
678 497 926 579 civici-111‘,
956 501 1046 562 καὶ
1092 505 1182 560 τοῦ
1222 501 1371 561 λίθου
1413 500 1744 580 ἐπικειμένου
1773 505 1849 583 τῷ
1880 503 1973 562 τά-

2105 501 2236 575 ῃιοὰ
2274 502 2348 558 ita
2392 503 2628 559 surrexit
2672 504 3017 577 supraposito
3060 504 3238 577 lapide
3287 523 3455 582 super
3504 509 3695 580 sepul-

370 613 485 672 φῳ.
517 591 645 657 Πῶς
680 588 738 649 δὲ
768 592 1068 672 φάντασμα
1117 589 1274 650 αὐτὸν
1313 592 1409 650 οὐκ
1452 589 1738 669 ἐνόμισαν,
1771 593 1980 668 θαυμά-

374 703 520 740 σειεν
552 679 615 738 ἄν
643 703 743 747 τις.
794 683 1057 744 Μάλιστα
1106 679 1202 758 μὲν
1244 673 1335 739 οὖν
1386 684 1421 754 ἡ
1473 679 1605 759 γυνὴ
1634 682 1982 761 προλαϐοῦσα

368 769 589 842 πολλὴν
616 769 714 841 τὴν
736 771 919 833 πίστιν
959 770 1278 853 εἰργάσατο,
1308 769 1487 837 ἄλλως
1516 770 1571 829 δὲ
1594 818 1611 848 ,
1642 770 1734 830 καὶ
1780 771 1982 853 ἥμερον

370 860 558 926 αὐτοῖς
589 859 687 933 τὴν
716 860 836 942 ὄψιν
880 861 1109 934 ἔδειξεν,
1155 858 1273 938 ἅμα
1318 859 1373 919 δὲ
1418 860 1508 919 καὶ
1540 860 1626 919 διὰ
1670 864 1765 934 τῆς
1808 867 1984 943 φωνῆς

372 950 640 1030 ἕπράῦνεν
687 952 860 1011 αὐτῶν
912 951 1010 1025 τὴν
1063 949 1298 1012 διάνοιαν
1358 950 1762 1030 κυμαίνουσαν,
1819 952 1981 1011 εἰπὼν

372 1039 473 1114 τὸ,
536 1066 565 1094 ει
614 1040 818 1120 Εἰρήνη
875 1045 1018 1120 ὓμῖνο
1072 1068 1097 1093 ιι
1155 1038 1415 1100 τουτέστι·
1477 1040 1574 1112 Μὴ
1641 1041 1980 1121 θορυϐεῖσθε·

378 1129 498 1208 ἅμα
531 1129 624 1204 δὲ,
670 1131 1068 1211 ἀναμιμνήσκει
1122 1128 1313 1198 αὐτοὺς
1357 1129 1450 1189 καὶ
1497 1134 1589 1189 τοῦ
1638 1131 1903 1212 ῥήματος,
1954 1131 1983 1191 ὃ

380 1220 487 1289 πρὸ
513 1225 610 1281 τοῦ
642 1227 871 1303 σταυροῦ
921 1214 1067 1280 εἶπεν
1116 1221 1314 1287 αὐτοῖς·
1364 1248 1390 1273 α
1426 1220 1660 1301 Εἰρήνην
1713 1219 1808 1292 τὴν
1849 1221 1982 1299 ἐμὴν

387 1309 578 1388 δίδωμι
609 1314 758 1390 ὑμῖν·
807 1340 832 1365 ιι
862 1311 1179 1393 Ἐχάρησαν
1224 1309 1279 1369 δὲ
1326 1309 1522 1379 ἰδόντες
1568 1310 1656 1371 τὸν
1709 1311 1924 1391 Κύριον.
1958 1336 1983 1365 ι

384 1400 497 1461 Καὶ
524 1398 632 1481 γὰρ
675 1399 769 1460 καὶ
823 1406 982 1461 τοῦτο
1039 1403 1267 1483 προεῖπε
1315 1401 1419 1481 πρὸ
1462 1404 1554 1459 τοῦ
1590 1405 1864 1482 σταυροῦ,
1903 1401 1984 1461 ὅτι

376 1517 403 1544 ι
434 1489 692 1571 Ὀψομαι
740 1495 914 1570 ὑμᾶς,
950 1491 1041 1551 καὶ
1071 1488 1372 1571 χαρήσεται
1421 1493 1571 1568 ὑμῶν
1627 1495 1662 1563 ἡ
1712 1491 1928 1571 καρδία.
1960 1520 1983 1544 ι

374 1570 609 1652 Ἐπειδὴ
641 1580 695 1642 δὲ
725 1580 853 1662 πρὸς
898 1570 1193 1647 Ἰουδαίους
1242 1579 1478 1658 πόλεμον
1509 1570 1653 1661 εἶχον
1685 1570 1981 1655 ἄσπονδον,

376 1670 545 1729 πάλιν
577 1672 754 1752 αὐτοῖς
782 1694 913 1752 φησι
955 1670 1045 1745 τὸ,
1079 1699 1101 1724 ι
1144 1671 1374 1752 Εἰρήνη.
1408 1697 1431 1723 η
1479 1668 1698 1751 θΩσπερ
1721 1670 1824 1751 γὰρ
1869 1681 1986 1740 ταῖς

372 1759 619 1839 γυναιξὶν
664 1750 814 1836 εἶπε,
852 1789 878 1815 ι
918 1760 1184 1842 Χαίρετε,
1216 1750 1243 1813 ὲ.
1298 1760 1431 1821 διότι
1466 1763 1519 1820 ἐν
1568 1750 1762 1829 λύπαις
1800 1750 1876 1837 ἦν
1924 1760 1986 1821 τὸ

2089 610 2266 651 crum.
2305 593 2597 667 Quomodo
2624 602 2814 650 autem
2843 611 2958 651 non
2987 598 3296 668 putaverint
3326 601 3483 657 illum
3511 601 3689 674 phan-

2088 694 2284 752 tasma,
2333 685 2690 741 admirabitur
2718 685 3009 758 quispiam.
3060 689 3261 745 Mulier
3306 690 3460 762 prius
3490 707 3690 764 magna

2089 792 2184 833 eos
2214 775 2322 832 ﬁde
2342 776 2610 842 firmarat,
2638 785 2695 832 et
2722 784 2986 848 praeterea
3013 788 3361 835 mansuetam
3388 780 3467 835 eis
3494 779 3693 837 faciem

2089 866 2357 936 exhibuit,
2388 874 2443 922 et
2470 882 2603 922 voce
2640 865 3060 924 ﬂuctuabundas
3100 884 3295 926 eorum
3323 879 3537 928 mentes
3574 871 3695 943 pla-

2089 957 2247 1015 cavit.
2282 958 2422 1014 Cum
2450 965 2636 1013 autem
2678 955 2925 1027 dixisset,
2958 979 2987 1009 ‹‹
3014 961 3128 1015 Pax
3166 959 3347 1031 vobis,
3390 982 3419 1012 »
3461 960 3567 1017 hoc
3590 971 3692 1032 est,

2090 1048 2167 1102 Ne
2198 1046 2494 1104 turbemini
2543 1064 2557 1103 :
2590 1061 2866 1104 memores
2905 1063 3000 1104 eos
3042 1046 3172 1105 fecit
3212 1048 3366 1106 verbi
3389 1048 3538 1122 quod
3565 1059 3694 1108 ante

2092 1151 2315 1192 crucem
2360 1134 2575 1192 dixerat
2617 1135 2697 1192 eis
2731 1152 2744 1190 :
2789 1155 2819 1185 ‹‹
2866 1137 3065 1193 Pacem
3107 1154 3293 1195 meam
3338 1139 3410 1196 do
3442 1140 3595 1198 vobis
3622 1141 3690 1198 ²⁰.

2095 1243 2125 1277 «
2163 1224 2344 1281 Gavisi
2368 1233 2555 1281 autem
2588 1234 2723 1282 sunt
2750 1225 2864 1283 viso
2893 1227 3159 1285 Domino.
3194 1250 3223 1279 ››
3248 1230 3318 1285 Et
3345 1229 3450 1285 hoc
3475 1245 3695 1303 quoque

2090 1313 2416 1386 praedixerat
2452 1313 2534 1370 eis
2577 1322 2706 1371 ante
2746 1331 2990 1386 crucem,
3038 1316 3230 1374 dicens
3288 1330 3359 1387 ³³,
3404 1340 3432 1367 σι
3482 1319 3695 1377 Videbo

2091 1419 2229 1472 vos,~
2249 1411 2306 1460 et
2331 1403 2591 1477 gaudebit
2638 1420 2735 1461 cor
2766 1414 3029 1465 vestrum.
3076 1428 3107 1459 »
3162 1406 3304 1480 Quia
3347 1417 3536 1466 autem
3564 1424 3696 1467 cum

2092 1493 2303 1551 Iudaeis
2363 1493 2707 1567 implacabile
2751 1496 3014 1568 gerebant
3078 1496 3307 1567 bellum,
3350 1497 3556 1555 iterum
3620 1499 3697 1556 eis

2092 1583 2245 1652 dicit,
2275 1606 2304 1635 «
2328 1588 2459 1641 Pax.
2494 1607 2521 1634 υ
2575 1584 2726 1641 Sicut
2752 1586 2902 1642 enim
2936 1587 3267 1644 mulieribus
3291 1586 3449 1655 dixit,
3475 1592 3519 1657 ζα
3549 1589 3696 1646 Gau-

2093 1670 2239 1740 dete,
2273 1695 2298 1720 n
2331 1687 2398 1729 eo
2439 1675 2587 1746 quod
2618 1675 2675 1731 in
2703 1677 2853 1732 luctu
2881 1679 3044 1732 erant
3075 1692 3088 1730 :
3123 1675 3200 1730 ita
3228 1673 3334 1729 illis
3364 1690 3556 1747 pacem
3598 1674 3697 1732 dat

2094 1771 2322 1834 propter
2343 1764 2553 1822 bellum
2583 1765 2739 1839 quod
2763 1782 2898 1823 cum
2925 1765 3132 1822 Iudaeis
3172 1765 3451 1823 habebant
3478 1782 3695 1837 omnes,

373 1849 546 1927 γένος
589 1848 731 1910 οὕτω
758 1849 962 1919 τούτοις
1008 1849 1351 1932 τὴνγεῖρήνην
1406 1850 1591 1910 δίδωσι
1639 1850 1726 1909 διὰ
1755 1852 1846 1912 τὸν
1877 1851 1982 1911 πό-

2105 1863 2154 1913 et
2196 1854 2437 1913 habituri
2468 1866 2645 1914 erant.
2677 1860 2932 1930 Congrue
2974 1857 3141 1928 igitur
3181 1857 3289 1913 illis
3318 1858 3604 1930 gaudium,
3636 1866 3701 1914 ut

375 1942 581 2016 λεμον,
617 1941 675 1999 δν
704 1940 833 2023 πρὸς
863 1939 1052 2023 αὐτοὺς
1078 1930 1222 2021 εἶχον
1248 1940 1341 1999 καὶ
1377 1945 1529 2022 σχεῖν
1573 1940 1801 2017 ἔμελλον
1842 1941 1985 2000 πάν-

376 2054 489 2097 τες.
544 2022 914 2104 Καταλλήλως
944 2022 1034 2090 οὖν
1078 2029 1349 2099 κάκείναις
1392 2030 1488 2108 μὲν
1527 2029 1625 2103 τὸ,
1661 2056 1686 2083 α
1727 2033 1919 2110 Χαῖρε
1951 2052 1982 2089 ι)

380 2124 435 2182 ἐν
460 2119 569 2201 γὰρ
599 2118 793 2189 λύπαις
836 2120 1033 2182 τίκτειν
1076 2121 1478 2201 κατηράθησαψ
1524 2121 1633 2189 τοῖς
1680 2120 1736 2180 δὲ
1767 2122 1990 2203 ἀνδράσι

376 2210 443 2270 τὸ
476 2211 768 2291 εψνεύειν
787 2258 804 2288 ,
833 2208 922 2270 διὰ
959 2210 1079 2277 τοὺς
1121 2211 1389 2288 πολέμους
1416 2210 1534 2278 τοὺς
1564 2213 1723 2270 ἕνεκα
1752 2217 1843 2271 τοῦ
1889 2235 1989 2283 κη-

380 2300 680 2380 ρύγματος.
730 2298 877 2379 Ἅμα
927 2299 983 2359 δὲ
1037 2300 1282 2381 ἐμφαίνει
1334 2301 1431 2360 καὶ
1477 2300 1546 2360 τὰ
1594 2302 1991 2382 κατορθώματα

379 2395 474 2449 τοῦ
508 2396 761 2471 σταυροῦο
795 2394 969 2450 ταῦτα
1000 2388 1056 2449 δὲ
1098 2383 1164 2463 ἦν
1198 2396 1232 2465 ἡ
1265 2390 1471 2472 εἰρήνη.
1501 2389 1599 2451 Διό
1627 2391 1754 2470 καὶ,
1786 2390 1946 2453 Ἐπεὶ
1971 2436 1987 2469 ,

379 2482 555 2561 φησὶ,
588 2479 676 2540 διὰ
723 2485 815 2540 τοῦ
862 2485 1094 2561 σταυροῦ
1130 2479 1313 2562 εἰρήνη
1361 2480 1744 2562 κατώρθωται,
1794 2481 1992 2559 πέμπω

381 2573 528 2645 ὑμᾶς
558 2570 649 2629 ἐπὶ
686 2572 748 2631 τὸ
787 2570 1062 2653 κήρυγμα.
1114 2570 1615 2651 Παραμυθούμενος
1662 2570 1717 2630 δὲ
1765 2570 1990 2644 αὐτοὺς,

382 2659 479 2720 καὶ
527 2661 993 2742 παραθαρρύνων,
1036 2659 1186 2741 φησί’
1236 2687 1260 2714 κ
1294 2659 1489 2729 Καθὼς
1529 2659 1836 2721 ἀπέσταλκέ
1867 2684 1932 2738 με
1963 2663 1993 2720 ὁ

386 2748 614 2830 Πατὴρ,
673 2749 824 2830 καγὼ
880 2748 1078 2825 πέμπω
1130 2752 1286 2828 ὑμᾶς.
1344 2777 1371 2803 ν
1436 2750 1519 2812 Τὸ
1567 2750 1670 2829 γὰρ
1731 2749 1880 2830 ἔργον
1931 2750 1993 2810 τὸ

381 2839 548 2915 ἐμὸν,
596 2839 794 2921 φησὶν,
850 2834 1211 2918 ἀναδέχεσθε,
1240 2838 1380 2899 ὥστε
1427 2838 1819 2923 θαῤῥεῖτεηότι
1870 2863 1994 2899 συν-

382 2931 578 3007 ἔσομαι
607 2919 761 3005 ὗμῐν.
805 2928 957 3010 ⁶ορα
1004 2928 1058 2987 δὲ
1084 2929 1184 3004 τὴν
1226 2919 1542 2990 αὐθεντίανο-
1570 2931 1667 2989 οὐκ
1698 2919 1843 2989 εἶπεν
1862 2975 1880 3003 ,
1913 2929 1993 2989 ὅτι

384 3018 775 3099 Παρακαλέσω
824 3020 917 3080 τὸν
967 3020 1191 3102 Πατέρα
1239 3044 1374 3099 μου,
1426 3019 1518 3079 καὶ
1570 3018 1774 3102 πέμψει
1819 3023 1990 3098 ὑμᾶς,

383 3111 527 3184 ἀλλ’,
556 3136 583 3166 ι
619 3108 767 3189 Ἐγὼ
811 3110 1017 3187 πέμπω
1066 3113 1229 3187 ὑμᾶς.
1269 3138 1292 3163 υ
1341 3110 1599 3193 Ἐμφυσᾷ
1650 3108 1743 3183 δὲ,
1792 3110 1885 3169 καὶ
1917 3110 1995 3168 δίο

2102 1948 2501 2016 moerentibus,
2532 1957 2587 2005 et
2630 1948 2938 2006 maledictis
2967 1948 3103 2004 olim
3146 1948 3291 2005 utin
3321 1948 3548 2005 tristitia
3600 1965 3701 2021 pa-

2102 2038 2250 2094 riant
2299 2057 2313 2093 :
2369 2038 2497 2094 viris
2541 2046 2726 2095 autem
2778 2054 2974 2110 pacem
3020 2037 3155 2094 dicit
3206 2046 3428 2110 propter
3456 2038 3703 2110 pericula

2102 2127 2537 2200 praedicationis.
2568 2129 2803 2185 Interim
2834 2136 2889 2184 et
2917 2127 3094 2185 crucis
3116 2127 3264 2184 bona
3293 2128 3558 2197 declarat,
3579 2143 3705 2200 qua

2101 2218 2251 2290 pacis
2278 2227 2429 2274 sunt.
2460 2218 2593 2275 Ideo
2625 2219 2756 2291 quia
2786 2233 2883 2290 per
2931 2233 3172 2287 erucem,
3207 2217 3406 2291 inquit,
3456 2233 3561 2290 pax
3606 2216 3696 2274 fa-

2102 2317 2207 2378 cta,
2241 2309 2405 2365 mitto
2433 2324 2531 2365 vos
2572 2308 2640 2364 ad
2668 2307 3138 2380 praedicationem.
3185 2307 3492 2365 Consolans
3516 2316 3705 2364 autem

2104 2413 2201 2454 eos
2225 2408 2283 2454 et
2308 2397 2586 2465 animans,
2614 2398 2818 2471 inquit,
2851 2418 2881 2448 «
2914 2397 3073 2453 Sicut
3108 2397 3261 2453 misit
3289 2413 3379 2454 me
3407 2399 3595 2465 Pater,
3627 2397 3705 2454 ita

2104 2494 2160 2543 et
2202 2503 2305 2559 ego
2345 2489 2512 2543 mitto
2537 2503 2654 2543 vos.
2689 2510 2715 2537 υ
2764 2490 2959 2543 Meum
2983 2501 3143 2563 opus,
3193 2486 3397 2559 inquit,
3429 2486 3705 2559 suscipite,

2103 2586 2160 2633 et
2179 2576 2440 2633 conﬁdite
2465 2576 2617 2651 quod
2641 2576 2928 2633 vobiscum
2952 2575 3059 2632 sim
3089 2574 3324 2632 futurus.
3353 2575 3494 2632 Vide
3517 2585 3707 2632 autem

2103 2674 2159 2723 et
2176 2667 2579 2723 auctoritatem.
2599 2669 2722 2722 Non
2742 2666 2903 2735 dixit,
2925 2665 3237 2723 Obsecrabo
3254 2667 3475 2721 Patrem
3496 2681 3709 2732 meum,

2104 2765 2160 2813 et
2192 2756 2377 2813 mittet
2402 2771 2536 2813 vos:
2568 2755 2691 2824 sed,
2739 2779 2765 2805 α
2809 2755 2969 2812 Mitto
3010 2772 3124 2812 vos.
3158 2778 3185 2805 ιο
3212 2754 3471 2811 Insuﬂlat
3497 2763 3706 2823 autem,

2105 2855 2161 2903 et
2194 2846 2291 2903 dat
2326 2846 2402 2903 eis
2422 2845 2683 2918 Spiritum
2707 2854 2984 2914 sanctum,
3011 2861 3129 2901 non
3162 2843 3467 2917 perfectum
3495 2844 3708 2901 donum

2107 2936 2344 3008 Spiritus
2370 2936 2543 2992 sancti
2568 2952 2719 2993 nunc
2753 2936 2834 2992 eis
2862 2936 3112 2992 tribuens
3142 2934 3269 3002 (hoc
3297 2934 3447 2991 enim
3473 2934 3529 2990 in
3557 2937 3710 2991 Pen-

2102 3035 2313 3083 tecoste
2341 3026 2569 3083 daturus
2599 3030 2760 3094 erat),
2791 3024 2891 3082 sed
2930 3025 3001 3082 ad
3029 3024 3443 3097 susceptionem
3469 3024 3706 3096 Spiritus

2106 3117 2333 3175 idoneos
2363 3131 2457 3173 eos
2502 3116 2759 3173 reddens.
2796 3136 2825 3165 ‹‹
2855 3115 3127 3187 Accipite,
3181 3114 3383 3187 inquit,
3433 3114 3706 3186 Spiritum

384 3199 551 3259 δωσιν
599 3200 781 3267 αὐτοῖς
818 3202 1048 3280 Πνεῦμα
1081 3198 1266 3280 ἅγιον,
1313 3203 1372 3260 οὗ
1403 3199 1500 3272 τὴν
1547 3199 1755 3260 τελείαν
1795 3200 1995 3281 δωρεὰν

2105 3216 2358 3266 sanctum
2387 3224 2402 3263 :
2438 3230 2465 3256 ι
2497 3205 2605 3263 hoc
2633 3213 2736 3275 est,
2769 3209 2959 3262 Estote
2981 3204 3173 3262 idonei
3200 3203 3270 3262 ad
3299 3203 3708 3276 suscipiendum

379 3294 477 3348 τοῦ
507 3289 664 3366 ἆγίου
692 3289 1012 3368 Πνεῦματος
1042 3294 1134 3349 νῦν
1186 3294 1363 3358 αὐτοῖς
1393 3290 1571 3367 νέμων
1602 3288 1847 3373 (ταύτην
1894 3290 1997 3371 γὰρ

380 3380 437 3438 ἓν
601 3382 964 3461 Πεντηκοστῇ
1013 3379 1232 3458 ἔμελλεν
1266 3381 1484 3460 δοῦναι)
1534 3379 1674 3440 ἀλλὰ
1702 3379 1833 3462 πρὸς
1864 3383 1997 3439 ὕπο-

378 3468 548 3550 δοχήν
577 3476 674 3528 τοῦ
714 3467 1037 3547 Πνεύματος
1082 3469 1414 3544 ἐπιτηδείους
1461 3469 1650 3538 αὐτοὺς
1682 3473 1868 3531 ποιῶν.
1918 3469 2000 3531 Τὸ

378 3557 526 3637 γὰρ,
569 3581 603 3616 ιι
632 3559 846 3620 Λάϐετε
899 3563 1129 3638 Πνεῦμα
1174 3560 1360 3638 ἅγιον,
1391 3585 1418 3613 ι
1454 3559 1575 3619 ἀντὶ
1621 3564 1749 3633 τοῦ,
1784 3559 1999 3620 Γίνεσθε

385 3646 685 3716 ἐπιτήδειοι
715 3650 842 3729 πρὸς
870 3650 933 3709 τὸ
980 3648 1169 3709 λαϐεῖν
1209 3653 1461 3728 Πνεῦμα.
1502 3648 1668 3710 Ἐστι
1700 3649 1757 3708 δὲ
1794 3651 1994 3724 εἰπεῖν,

390 3734 483 3794 ὅτι
535 3733 767 3803 ἐξουσίαν
806 3738 927 3797 τινὰ
992 3740 1086 3799 καὶ
1133 3739 1290 3821 χάριν
1343 3738 1716 3818 πνευματικὴν
1774 3740 1999 3799 δέδωκεν

398 3824 613 3898 αὐτοῖς,
685 3826 783 3908 οὔχ
830 3826 973 3889 ὥστε
1020 3828 1240 3911 νεκροὺς
1319 3830 1543 3911 ἐγείρειν
1608 3829 1701 3889 καὶ⁵
1753 3829 2002 3906 δυνάμεις

398 3917 607 3993 ποιεῖν,
640 3917 757 3975 ἀλλ’
799 3915 941 3978 ὥστε
990 3918 1204 4001 ἀφιέναι
1236 3919 1306 3979 τὰ
1333 3918 1730 3999 ἁμαρτήματα.
1780 3920 1877 3981 Διὸ
1908 3919 2000 3980 καὶ

399 4004 683 4085 ἐξήγαγεν·
716 4033 743 4059 ι
770 4006 868 4068 ’Ἂν
912 4032 1069 4068 τινων
1117 4011 1287 4090 ἀφῆτε
1328 4009 1423 4077 τὰς
1455 4009 1778 4092 Δξὶμαρτίας,
1814 4013 2001 4092 ἀφίεν-

393 4118 480 4155 ται
509 4096 707 4164 αὐτοῖς⁸
735 4118 767 4156 ι
800 4099 1005 4168 δεικνὺς
1034 4097 1117 4158 ὅτι
1158 4088 1316 4160 τοῦτο
1344 4099 1405 4159 τὸ
1435 4088 1570 4168 εἶδος
1598 4088 1714 4158 τῶν
1750 4088 1997 4178 πνευμα-

389 4188 550 4245 τικῶν
600 4187 964 4267 χαρισμάτων
1001 4193 1181 4258 αὐτοῖς
1231 4188 1465 4264 δέδωκε,
1518 4189 1580 4248 τὸ
1627 4193 1721 4263 τῆς
1764 4190 2003 4273 ἀφέσεως

385 4277 492 4335 τῶν
521 4275 832 4357 ἇε.ο.αρτιι“ἶἰν⁸
858 4278 996 4356 μετὰ
1025 4278 1082 4338 δὲ
1108 4278 1209 4352 τὴν
1240 4279 1509 4362 ἀνάληψιν
1528 4324 1547 4358 ,
1581 4280 1710 4340 αὖτὸ
1737 4282 1799 4340 τὸ
1830 4282 2002 4340 Πνεῦ-

388 4390 468 4444 ,ια
496 4366 761 4425 κατελθὸν
784 4411 803 4440 ,
833 4368 927 4428 καὶ
955 4372 1063 4428 τῶν
1097 4370 1334 4448 σημείων
1360 4369 1456 4430 καὶ
1484 4368 1685 4436 παντὸς
1716 4371 1881 4430 ἄλλου
1910 4394 2006 4451 χα-

2107 3298 2394 3370 Spiritum.
2463 3295 2775 3353 Dicendum
2829 3303 3021 3352 autem
3073 3294 3222 3368 quod
3273 3302 3330 3352 et
3379 3299 3714 3367 potestatem

2108 3386 2411 3461 quamdam
2447 3394 2505 3443 et
2550 3385 2763 3443 donum
2806 3385 3086 3458 spirituale
3141 3384 3294 3442 dedit
3350 3385 3448 3455 eis,
3503 3400 3620 3441 non
3653 3391 3717 3440 ut

2110 3487 2364 3534 mortuos
2394 3475 2685 3543 suseitent,
2736 3483 2791 3531 et
2835 3476 3071 3532 virtutes
3097 3473 3326 3544 faciant,
3371 3474 3467 3531 sed
3512 3482 3576 3531 ut
3622 3489 3715 3531 re-

2108 3566 2333 3623 mittant
2370 3574 2610 3638 peccata.
2644 3564 2779 3622 Ideo
2808 3572 2864 3621 et
2899 3563 3112 3634 subdit,
3148 3586 3178 3616 «
3209 3568 3460 3638 Quorum
3487 3563 3718 3621 remise-

2108 3655 2231 3712 ritis
2282 3663 2525 3728 peccata,
2581 3654 2936 3711 remittentur
2979 3654 3075 3724 eis,
3137 3678 3164 3704 ιο
3215 3652 3523 3711 ostendens
3567 3652 3719 3726 quod

2109 3760 2279 3819 genus
2329 3743 2699 3817 spiritualium
2750 3742 3031 3800 donorum
3082 3743 3160 3799 eis
3229 3742 3459 3813 dederit,
3515 3742 3718 3798 remis-

2107 3835 2323 3891 sionem
2371 3832 2622 3889 videlicet
2670 3840 3049 3904 peccatorum.
3094 3834 3229 3888 Post
3277 3830 3713 3901 assumptionem

2110 3932 2301 3982 autem
2337 3923 2455 3997 ipse
2490 3922 2726 3996 Spiritus
2753 3938 2886 3979 cum
2912 3920 3305 3988 descendisset,
3335 3929 3393 3978 et
3423 3918 3718 3994 signorum

2111 4023 2165 4071 et
2205 4015 2443 4071 aliorum
2475 4013 2877 4071 charismatum
2909 4012 3174 4068 virtutem
3214 4012 3297 4068 eis
3337 4011 3563 4083 largitus
3609 4017 3713 4066 est.

2112 4105 2291 4177 Digna
2321 4111 2509 4161 autem
2536 4102 2794 4175 quaestio,
2841 4117 3011 4175 quare
3051 4117 3166 4157 non
3208 4100 3265 4156 in
3290 4100 3518 4157 Galilaea
3546 4097 3719 4155 disci-

2114 4194 2252 4266 pulis
2296 4201 2546 4267 apparet,
2593 4191 2694 4249 sed
2725 4192 2783 4248 in
2810 4191 3182 4260 Hierusalem,
3231 4205 3363 4247 cum
3415 4191 3637 4245 Marcus
3664 4197 3722 4246 et

2113 4282 2415 4340 Matthaeus
2441 4283 2630 4340 dicant
2659 4281 2981 4356 promisisse
3017 4296 3148 4338 eum
3178 4280 3284 4337 illis
3319 4295 3378 4335 se
3416 4277 3717 4335 videndum

2112 4373 2167 4429 in
2195 4373 2422 4431 Galilzea
2443 4372 2509 4428 ³³.
2534 4371 2827 4441 Quomodo
2852 4387 2982 4444 ergo
3009 4371 3070 4427 in
3094 4370 3438 4427 Hierusalem
3458 4370 3718 4440 apparet?

388 4456 657 4532 ρίσματος
742 4455 839 4525 τὰς
924 4458 1178 4538 δυνάμεις
1254 4461 1434 4527 αὗτοῖς
1515 4461 1995 4540 ἐπεδαψιλεύσατο.

2110 4463 2317 4519 Dicunt
2345 4460 2512 4535 igitur
2554 4460 2800 4535 quidam,
2839 4459 2991 4534 Quid
3032 4460 3174 4516 hoc?
3222 4461 3351 4515 Non
3379 4457 3526 4514 enim
3556 4456 3717 4524 dixit,

384 4542 565 4614 Ἄξιον
589 4544 650 4604 δὲ
674 4548 929 4623 ζητῆσαι,
953 4547 1089 4615 τίνος
1110 4548 1288 4609 ἕνεκεν
1309 4550 1406 4608 οὐκ
1430 4550 1485 4607 ἐν
1509 4552 1577 4628 τῇ
1608 4549 1877 4629 Γαλιλαίᾳ
1897 4550 2004 4617 τοῖς

387 4637 665 4708 μαθηταῖς
703 4636 1071 4716 ἐπιφαίνεται,
1092 4638 1215 4697 ἀλλ’
1238 4641 1291 4698 ἐν
1415 4637 1799 4719 Ἰερουσαλήμ·
1829 4641 2005 4698 καίτοι

388 4727 420 4782 ὃ
440 4727 726 4792 Ματθαῗος
750 4725 847 4783 καὶ
875 4729 905 4784 ὁ
935 4726 1160 4805 Μάρκος
1185 4729 1523 4808 ὑποσχέσθαι
1552 4727 1711 4788 αὐτὸν
1749 4732 1923 4795 αὐτοῖς
1954 4730 2006 4786 ἐν

396 4813 673 4894 Γαλιλαίᾳ
726 4813 1053 4898 ὀφθήσεσθαί
1098 4840 1249 4898 φασιο
1287 4822 1402 4885 πῶς
1430 4808 1521 4877 οὖν
1563 4820 1616 4877 ἐν
1653 4816 2009 4898 Ἰερουσαλὴμ

393 4901 682 4987 petiverat;
707 4904 892 4964 (Dao‘tv
914 4895 1004 4965 οῦν
1033 4895 1171 4975 τινες
1191 4953 1207 4980 ,
1236 4906 1317 4966 ὅτι
1354 4906 1463 4969 Καὶ
1492 4906 1545 4967 τί
1573 4895 1772 4980 τοῦτο-ς
1801 4909 1884 4968 Οὐ
1904 4905 2009 4987 γὰρ

392 4983 544 5078 εἶπεν
568 5038 587 5064 ,
645 4995 731 5051 δτι
783 4992 883 5055 Ἔν
931 4996 1198 5077 Γαλιλαία
1257 4995 1417 5075 μόνον
1480 4996 1789 5078 ὀφθήσομαι
1844 4983 2009 5072 ὓμῗντ,

396 5076 456 5134 ἰν
509 5081 591 5167 *δὲ
647 5080 1010 5164 Ἰερουσαλὴμ
1091 5076 1187 5146 οὐκ
1253 5076 1573 5167 ὀρθήσομάι.
1646 5088 1787 5147 ὥστε
1863 5090 2012 5167 φιλο-

391 5164 581 5258 ξιμίας
625 5179 780 5234 τοῦτο
824 5176 1088 5249 πλοῦτος,
1120 5177 1179 5235 οὗ
1224 5164 1463 5258 ψεύδους
1488 5175 1604 5257 ἔχει
1656 5164 2009 5258 κατηγορίαν.

397 5253 645 5318 Ἔπειτα
693 5261 757 5322 τὸ
809 5264 1034 5347 ὄψεσθαι
1086 5265 1244 5325 αὐτὸν
1297 5270 1350 5327 ἐν
1411 5266 1684 5349 Γαλιλαία
1724 5276 1834 5336 τοῖς
1880 5275 2015 5325 πᾶσι

406 5347 717 5436 Novak,
768 5355 891 5436 οὐχὶ
947 5356 1055 5423 τοῖς
1100 5355 1330 5430 δώδεκα,
1378 5356 1521 5415 ἀλλὰ
1573 5347 1676 5416 καὶ.
1712 5365 1820 5424 τοῖς
1860 5355 2017 5415 ἑϐδο-

407 5431 677 5527 μήκονῖξ
732 5431 1108 5527 ῠτεέᾴνεῖται,
1166 5448 1217 5505 ἐν
1285 5445 1650 5527 Ἰερουσαλὴμ
1725 5445 1781 5505 δὲ
1838 5446 2018 5524 μόνοις

405 5531 520 5591 τοῖς
578 5522 785 5585 δώδεκα
838 5523 1022 5608 ὤφθη.
1079 5536 1320 5605 Οὖόσμία
1370 5522 1464 5596 οῦν
1516 5522 1782 5617 διαφωνία
1839 5522 2021 5596 Ῠέντεῦ-

2114 4551 2283 4624 764
2303 4554 2367 4607 In
2391 4552 2622 4609 Galilaea
2650 4551 2917 4608 duntaxat
2939 4550 3133 4607 videbo
3152 4564 3272 4618 vos,
3297 4548 3354 4603 in
3380 4545 3719 4602 Hierusalem

2114 4650 2302 4699 autem
2328 4657 2441 4698 non
2478 4640 2674 4698 videbo
2716 4658 2730 4696 :
2774 4649 2830 4697 et
2850 4640 2927 4697 ita
2967 4639 3205 4712 amplius
3239 4645 3483 4710 apparet,
3512 4642 3570 4692 et
3604 4651 3719 4691 non

2115 4732 2484 4789 mendacium.
2520 4730 2739 4787 Deinde
2765 4746 2897 4787 eum
2950 4728 3249 4787 videndum
3279 4743 3339 4784 se
3385 4727 3443 4782 in
3490 4724 3721 4784 Galilaea

2115 4821 2185 4879 ab
2214 4820 2470 4878 omnibus
2497 4819 2809 4894 discipulis,
2851 4828 2907 4877 et
2934 4835 3050 4876 non
3094 4835 3125 4875 a
3153 4816 3451 4875 duodecim
3477 4823 3720 4884 tantum,

2116 4911 2215 4969 sed
2265 4919 2322 4968 et
2347 4926 2378 4967 a
2404 4910 2752 4983 septuaginta
2794 4909 3092 4983 promittit,
3139 4907 3197 4964 in
3242 4907 3590 4964 Hierusalem
3622 4922 3722 4961 au-

2117 5009 2234 5058 tem
2280 5000 2413 5057 solis
2457 4999 2757 5057 duodecim
2819 5000 2967 5057 visus
3004 4998 3129 5055 fuit.
3202 4997 3368 5055 Nulla
3413 4997 3580 5069 igitur
3634 4994 3725 5050 hic

2118 5090 2429 5148 diversitas.
2455 5090 2619 5146 Visus
2641 5089 2787 5145 enim
2822 5096 2908 5146 est
2928 5088 3000 5146 ab
3036 5087 3298 5146 omnibus
3325 5087 3384 5141 in
3412 5084 3664 5152 Galilma,
3693 5099 3728 5141 a

2119 5179 2418 5237 duodecim
2459 5189 2647 5236 autem
2688 5181 2745 5235 in
2793 5178 3139 5236 Hierusalem
3192 5191 3368 5232 :nam
3416 5175 3598 5247 plures
3640 5172 3726 5229 vi-

2121 5270 2304 5326 siones
2331 5268 2594 5332 fuerunt:
2634 5268 2778 5326 unde
2817 5269 2907 5324 alii
2942 5268 3060 5338 has,
3091 5267 3181 5324 alii
3222 5265 3342 5321 illas
3368 5263 3725 5335 scripserunt.

2123 5360 2394 5417 Fortassis
2439 5369 2628 5416 autem
2684 5360 2754 5416 de
2825 5357 3024 5415 eadem
3098 5355 3333 5412 materia
3385 5351 3732 5409 tradentibus

2130 5448 2349 5507 duobus
2390 5449 2758 5522 evangelistis,
2806 5447 3004 5520 implet
3046 5460 3174 5519 qua:
3211 5460 3242 5500 a
3289 5444 3468 5517 priore
3515 5441 3734 5499 concise

2130 5539 2278 5595 dicta
2346 5545 2498 5605 sunt,
2566 5536 2857 5611 posterior.
2925 5536 3066 5593 Vide
3111 5535 3339 5605 insuper
3384 5531 3736 5592 sacerdotum

474 5695 703 5760 “Joan.
738 5712 880 5765 x1v,
913 5701 1015 5752 27.
1096 5694 1139 5728 ¹¹
1162 5697 1314 5754 Ioan.
1348 5715 1481 5772 xvr,
1515 5707 1604 5759 22.
1684 5703 1731 5739 "
1759 5705 1957 5763 Matth.
1985 5719 2159 5773 xxvr,
2191 5710 2291 5774 32;
2323 5705 2500 5771 Marc,
2529 5715 2660 5758 xlv.
2692 5704 2778 5753 28.

597 5796 846 5853 PATBOL.
889 5787 1012 5846 Gn.
1058 5783 1276 5843 CXXIV.

3392 5788 3457 5840 iO
