  <div class='ocr_page' id='page_1' title='image "/cluster/home/n/w/nwhite01/storage/ocr_20150623/124:no.2/coo.31924054870294/157.png"; bbox 0 0 4128 6436; ppageno 0'>
   <div class='ocr_carea' id='block_1_1' title="bbox 452 317 3766 388">
    <p class='ocr_par' dir='ltr' id='par_1_1' title="bbox 452 317 3766 388">
     <span class='ocr_line' id='line_1_1' title="bbox 452 317 3766 388; baseline 0.004 -13"><span class='ocrx_word' id='word_1_1' title='bbox 452 322 560 376; x_wconf 87' lang='lat'><strong>299</strong></span> <span class='ocrx_word' id='word_1_2' title='bbox 1454 317 1969 378; x_wconf 84' lang='lat' dir='ltr'><strong>THEOPHYLACTI</strong></span> <span class='ocrx_word' id='word_1_3' title='bbox 2005 322 2370 386; x_wconf 72' lang='lat' dir='ltr'><strong>BULGARUE</strong></span> <span class='ocrx_word' id='word_1_4' title='bbox 2405 330 2724 388; x_wconf 81' lang='lat' dir='ltr'><strong>ARCHIEP.</strong></span> <span class='ocrx_word' id='word_1_5' title='bbox 3658 331 3766 387; x_wconf 84' lang='lat'><strong>300</strong></span> 
     </span>
    </p>
   </div>
   <div class='ocr_carea' id='block_1_2' title="bbox 451 442 2054 537">
    <p class='ocr_par' dir='ltr' id='par_1_2' title="bbox 451 442 2053 517">
     <span class='ocr_line' id='line_1_2' title="bbox 451 442 2053 517; baseline 0.003 -17"><span class='ocrx_word' id='word_1_6' title='bbox 451 444 797 517; x_wconf 86' lang='lat' dir='ltr'><strong>dignitatem,</strong></span> <span class='ocrx_word' id='word_1_7' title='bbox 827 443 973 515; x_wconf 91' lang='lat' dir='ltr'><strong>quod</strong></span> <span class='ocrx_word' id='word_1_8' title='bbox 998 442 1183 501; x_wconf 84' lang='lat' dir='ltr'><strong>divina</strong></span> <span class='ocrx_word' id='word_1_9' title='bbox 1217 442 1306 501; x_wconf 85' lang='lat' dir='ltr'><strong>sit.</strong></span> <span class='ocrx_word' id='word_1_10' title='bbox 1344 443 1446 501; x_wconf 85' lang='lat' dir='ltr'><strong>Dei</strong></span> <span class='ocrx_word' id='word_1_11' title='bbox 1474 445 1622 502; x_wconf 90' lang='lat' dir='ltr'><strong>enim</strong></span> <span class='ocrx_word' id='word_1_12' title='bbox 1663 455 1747 504; x_wconf 89' lang='lat' dir='ltr'><strong>est</strong></span> <span class='ocrx_word' id='word_1_13' title='bbox 1769 446 2053 505; x_wconf 82' lang='lat' dir='ltr'><strong>remittere</strong></span> 
     </span>
    </p>
   </div>
   <div class='ocr_carea' id='block_1_3' title="bbox 2166 442 3769 537">
    <p class='ocr_par' dir='ltr' id='par_1_3' title="bbox 2166 453 3769 537">
     <span class='ocr_line' id='line_1_3' title="bbox 2166 453 3769 537; baseline 0.002 -26"><span class='ocrx_word' id='word_1_14' title='bbox 2166 456 2274 516; x_wconf 90' lang='grc' dir='ltr'>θεν.</span> <span class='ocrx_word' id='word_1_15' title='bbox 2342 458 2491 517; x_wconf 82' lang='grc' dir='ltr'>Πᾶσι</span> <span class='ocrx_word' id='word_1_16' title='bbox 2546 457 2642 533; x_wconf 84' lang='grc' dir='ltr'>μὲν</span> <span class='ocrx_word' id='word_1_17' title='bbox 2697 455 2800 537; x_wconf 74' lang='grc' dir='ltr'><strong>γὰρ</strong></span> <span class='ocrx_word' id='word_1_18' title='bbox 2865 457 2919 517; x_wconf 83' lang='grc' dir='ltr'><strong>ἐν</strong></span> <span class='ocrx_word' id='word_1_19' title='bbox 2985 454 3254 535; x_wconf 75' lang='grc' dir='ltr'><strong>Γαλιλαίᾳ</strong></span> <span class='ocrx_word' id='word_1_20' title='bbox 3305 454 3491 537; x_wconf 80' lang='grc' dir='ltr'>ὤφθη,</span> <span class='ocrx_word' id='word_1_21' title='bbox 3540 462 3652 523; x_wconf 83' lang='grc' dir='ltr'>τοῖς</span> <span class='ocrx_word' id='word_1_22' title='bbox 3708 453 3769 515; x_wconf 80' lang='grc' dir='ltr'>δὲ</span> 
     </span>
    </p>
   </div>
   <div class='ocr_carea' id='block_1_4' title="bbox 450 533 2054 628">
    <p class='ocr_par' dir='ltr' id='par_1_4' title="bbox 450 533 2050 607">
     <span class='ocr_line' id='line_1_4' title="bbox 450 533 2050 607; baseline 0.003 -18"><span class='ocrx_word' id='word_1_23' title='bbox 450 541 693 606; x_wconf 86' lang='lat' dir='ltr'><strong>peccata.</strong></span> <span class='ocrx_word' id='word_1_24' title='bbox 739 533 828 590; x_wconf 86' lang='lat' dir='ltr'><strong>Sic</strong></span> <span class='ocrx_word' id='word_1_25' title='bbox 877 533 1045 607; x_wconf 83' lang='lat' dir='ltr'><strong>igitur</strong></span> <span class='ocrx_word' id='word_1_26' title='bbox 1089 534 1163 590; x_wconf 90' lang='lat' dir='ltr'><strong>illi</strong></span> <span class='ocrx_word' id='word_1_27' title='bbox 1214 533 1527 592; x_wconf 88' lang='lat' dir='ltr'><strong>honorandi</strong></span> <span class='ocrx_word' id='word_1_28' title='bbox 1589 545 1721 593; x_wconf 92' lang='lat' dir='ltr'><strong>sunt</strong></span> <span class='ocrx_word' id='word_1_29' title='bbox 1769 544 1831 593; x_wconf 88' lang='lat' dir='ltr'><strong>ut</strong></span> <span class='ocrx_word' id='word_1_30' title='bbox 1877 540 2050 595; x_wconf 90' lang='lat' dir='ltr'><strong>Deus.</strong></span> 
     </span>
    </p>
   </div>
   <div class='ocr_carea' id='block_1_5' title="bbox 2166 533 3766 628">
    <p class='ocr_par' dir='ltr' id='par_1_5' title="bbox 2166 533 3766 628">
     <span class='ocr_line' id='line_1_5' title="bbox 2166 533 3766 628; baseline 0.003 -27"><span class='ocrx_word' id='word_1_31' title='bbox 2166 543 2369 604; x_wconf 85' lang='grc' dir='ltr'>δώδεκα</span> <span class='ocrx_word' id='word_1_32' title='bbox 2418 550 2473 607; x_wconf 81' lang='grc' dir='ltr'><strong>ἐν</strong></span> <span class='ocrx_word' id='word_1_33' title='bbox 2524 533 2909 628; x_wconf 79' lang='grc' dir='ltr'>Ἰερουσαλήμ.</span> <span class='ocrx_word' id='word_1_34' title='bbox 2969 533 3243 607; x_wconf 80' lang='grc' dir='ltr'>Πλειόνων</span> <span class='ocrx_word' id='word_1_35' title='bbox 3303 533 3410 627; x_wconf 61' lang='grc' dir='ltr'><strong>γάρ</strong></span> <span class='ocrx_word' id='word_1_36' title='bbox 3464 545 3766 623; x_wconf 79' lang='grc' dir='ltr'>γενομένων</span> 
     </span>
    </p>
   </div>
   <div class='ocr_carea' id='block_1_6' title="bbox 451 622 2054 717">
    <p class='ocr_par' dir='ltr' id='par_1_6' title="bbox 451 622 2053 699">
     <span class='ocr_line' id='line_1_6' title="bbox 451 622 2053 699; baseline 0.002 -19"><span class='ocrx_word' id='word_1_37' title='bbox 451 626 598 681; x_wconf 87' lang='lat' dir='ltr'><strong>Nam</strong></span> <span class='ocrx_word' id='word_1_38' title='bbox 639 624 891 697; x_wconf 84' lang='lat' dir='ltr'><strong>quamvis</strong></span> <span class='ocrx_word' id='word_1_39' title='bbox 920 622 1135 699; x_wconf 85' lang='lat' dir='ltr'><strong>indigni</strong></span> <span class='ocrx_word' id='word_1_40' title='bbox 1178 624 1315 696; x_wconf 89' lang='lat' dir='ltr'><strong>sint,</strong></span> <span class='ocrx_word' id='word_1_41' title='bbox 1361 625 1490 698; x_wconf 91' lang='lat' dir='ltr'><strong>quid</strong></span> <span class='ocrx_word' id='word_1_42' title='bbox 1532 625 1675 683; x_wconf 82' lang='lat' dir='ltr'><strong>hoc?</strong></span> <span class='ocrx_word' id='word_1_43' title='bbox 1721 627 2053 684; x_wconf 88' lang='lat' dir='ltr'><strong>Divinorum</strong></span> 
     </span>
    </p>
   </div>
   <div class='ocr_carea' id='block_1_7' title="bbox 2166 622 3767 717">
    <p class='ocr_par' dir='ltr' id='par_1_7' title="bbox 2166 622 3767 717">
     <span class='ocr_line' id='line_1_7' title="bbox 2166 622 3767 717; baseline 0.004 -26"><span class='ocrx_word' id='word_1_44' title='bbox 2166 634 2461 710; x_wconf 79' lang='grc' dir='ltr'>ὀπτασιῶν,</span> <span class='ocrx_word' id='word_1_45' title='bbox 2494 638 2544 695; x_wconf 78' lang='grc' dir='ltr'>οἳ</span> <span class='ocrx_word' id='word_1_46' title='bbox 2588 622 2685 715; x_wconf 79' lang='grc' dir='ltr'>μὲν</span> <span class='ocrx_word' id='word_1_47' title='bbox 2726 622 2925 712; x_wconf 82' lang='grc' dir='ltr'>τάσδε,</span> <span class='ocrx_word' id='word_1_48' title='bbox 2971 638 3021 697; x_wconf 78' lang='grc' dir='ltr'>οἱ</span> <span class='ocrx_word' id='word_1_49' title='bbox 3072 634 3129 696; x_wconf 82' lang='grc' dir='ltr'>δὲ</span> <span class='ocrx_word' id='word_1_50' title='bbox 3170 622 3336 695; x_wconf 82' lang='grc' dir='ltr'>τάσδε</span> <span class='ocrx_word' id='word_1_51' title='bbox 3375 622 3767 717; x_wconf 70' lang='grc' dir='ltr'>ἆνεγράψαντο.</span> 
     </span>
    </p>
   </div>
   <div class='ocr_carea' id='block_1_8' title="bbox 450 712 2054 807">
    <p class='ocr_par' dir='ltr' id='par_1_8' title="bbox 450 712 2050 790">
     <span class='ocr_line' id='line_1_8' title="bbox 450 712 2050 790; baseline 0.004 -22"><span class='ocrx_word' id='word_1_52' title='bbox 450 712 731 769; x_wconf 90' lang='lat' dir='ltr'><strong>donorum</strong></span> <span class='ocrx_word' id='word_1_53' title='bbox 756 713 1001 770; x_wconf 86' lang='lat' dir='ltr'><strong>ministri</strong></span> <span class='ocrx_word' id='word_1_54' title='bbox 1042 723 1189 783; x_wconf 91' lang='lat' dir='ltr'><strong>sunt,</strong></span> <span class='ocrx_word' id='word_1_55' title='bbox 1235 723 1290 772; x_wconf 89' lang='lat' dir='ltr'><strong>et</strong></span> <span class='ocrx_word' id='word_1_56' title='bbox 1316 716 1491 788; x_wconf 88' lang='lat' dir='ltr'><strong>gratia</strong></span> <span class='ocrx_word' id='word_1_57' title='bbox 1519 724 1778 789; x_wconf 84' lang='lat' dir='ltr'><strong>operatur</strong></span> <span class='ocrx_word' id='word_1_58' title='bbox 1805 733 1904 790; x_wconf 91' lang='lat' dir='ltr'><strong>per</strong></span> <span class='ocrx_word' id='word_1_59' title='bbox 1935 733 2050 789; x_wconf 90' lang='lat' dir='ltr'><strong>eos,</strong></span> 
     </span>
    </p>
   </div>
   <div class='ocr_carea' id='block_1_9' title="bbox 2166 712 3772 807">
    <p class='ocr_par' dir='ltr' id='par_1_9' title="bbox 2166 712 3772 807">
     <span class='ocr_line' id='line_1_9' title="bbox 2166 712 3772 807; baseline 0 -24"><span class='ocrx_word' id='word_1_60' title='bbox 2166 717 2326 784; x_wconf 80' lang='grc' dir='ltr'>Ἐστι</span> <span class='ocrx_word' id='word_1_61' title='bbox 2358 728 2404 785; x_wconf 87' lang='grc' dir='ltr'>δ’</span> <span class='ocrx_word' id='word_1_62' title='bbox 2441 726 2528 786; x_wconf 77' lang='grc' dir='ltr'><strong>ὅτε</strong></span> <span class='ocrx_word' id='word_1_63' title='bbox 2559 712 2652 787; x_wconf 77' lang='grc' dir='ltr'><strong>καὶ</strong></span> <span class='ocrx_word' id='word_1_64' title='bbox 2684 726 2808 807; x_wconf 74' lang='grc' dir='ltr'>περὶ</span> <span class='ocrx_word' id='word_1_65' title='bbox 2850 731 2945 788; x_wconf 79' lang='grc' dir='ltr'><strong>τοῦ</strong></span> <span class='ocrx_word' id='word_1_66' title='bbox 2999 726 3165 786; x_wconf 76' lang='grc' dir='ltr'>αὐτοῦ</span> <span class='ocrx_word' id='word_1_67' title='bbox 3193 712 3492 807; x_wconf 79' lang='grc' dir='ltr'>κεφαλαίου</span> <span class='ocrx_word' id='word_1_68' title='bbox 3511 712 3624 786; x_wconf 71' lang='grc' dir='ltr'><strong>δύο</strong></span> <span class='ocrx_word' id='word_1_69' title='bbox 3653 727 3772 785; x_wconf 88' lang='grc' dir='ltr'>δια-</span> 
     </span>
    </p>
   </div>
   <div class='ocr_carea' id='block_1_10' title="bbox 450 808 2054 896">
    <p class='ocr_par' dir='ltr' id='par_1_10' title="bbox 450 808 2054 882">
     <span class='ocr_line' id='line_1_10' title="bbox 450 808 2054 882; baseline 0.004 -19"><span class='ocrx_word' id='word_1_70' title='bbox 450 808 593 864; x_wconf 90' lang='lat' dir='ltr'><strong>sicut</strong></span> <span class='ocrx_word' id='word_1_71' title='bbox 642 817 698 865; x_wconf 89' lang='lat' dir='ltr'><strong>et</strong></span> <span class='ocrx_word' id='word_1_72' title='bbox 741 824 839 882; x_wconf 90' lang='lat' dir='ltr'><strong>per</strong></span> <span class='ocrx_word' id='word_1_73' title='bbox 882 808 1096 866; x_wconf 86' lang='lat' dir='ltr'><strong>asinam</strong></span> <span class='ocrx_word' id='word_1_74' title='bbox 1141 810 1364 867; x_wconf 89' lang='lat' dir='ltr'><strong>Balaam</strong></span> <span class='ocrx_word' id='word_1_75' title='bbox 1414 813 1631 869; x_wconf 89' lang='lat' dir='ltr'><strong>locutus</strong></span> <span class='ocrx_word' id='word_1_76' title='bbox 1678 822 1763 871; x_wconf 90' lang='lat' dir='ltr'><strong>est</strong></span> <span class='ocrx_word' id='word_1_77' title='bbox 1803 813 1849 848; x_wconf 85' lang='grc'><strong>²³</strong></span> <span class='ocrx_word' id='word_1_78' title='bbox 1894 829 2054 871; x_wconf 90' lang='lat' dir='ltr'><strong>:non</strong></span> 
     </span>
    </p>
   </div>
   <div class='ocr_carea' id='block_1_11' title="bbox 2166 808 3774 896">
    <p class='ocr_par' dir='ltr' id='par_1_11' title="bbox 2166 813 3774 896">
     <span class='ocr_line' id='line_1_11' title="bbox 2166 813 3774 896; baseline 0.004 -26"><span class='ocrx_word' id='word_1_79' title='bbox 2166 813 2530 890; x_wconf 87' lang='grc' dir='ltr'>λαμϐάνοντες</span> <span class='ocrx_word' id='word_1_80' title='bbox 2580 816 2986 896; x_wconf 81' lang='grc' dir='ltr'>εὖαγγελισταὶ,</span> <span class='ocrx_word' id='word_1_81' title='bbox 3055 817 3355 895; x_wconf 74' lang='grc' dir='ltr'><strong>ἀναπληροῖ</strong></span> <span class='ocrx_word' id='word_1_82' title='bbox 3402 813 3473 875; x_wconf 76' lang='grc' dir='ltr'><strong>τὰ</strong></span> <span class='ocrx_word' id='word_1_83' title='bbox 3518 813 3623 876; x_wconf 77' lang='grc' dir='ltr'>ὑπὸ</span> <span class='ocrx_word' id='word_1_84' title='bbox 3677 822 3774 877; x_wconf 72' lang='grc' dir='ltr'><strong>τοῦ</strong></span> 
     </span>
    </p>
   </div>
   <div class='ocr_carea' id='block_1_12' title="bbox 449 897 2054 986">
    <p class='ocr_par' dir='ltr' id='par_1_12' title="bbox 449 897 2054 976">
     <span class='ocr_line' id='line_1_12' title="bbox 449 897 2054 976; baseline 0.004 -23"><span class='ocrx_word' id='word_1_85' title='bbox 449 899 597 954; x_wconf 89' lang='lat' dir='ltr'><strong>enim</strong></span> <span class='ocrx_word' id='word_1_86' title='bbox 625 897 926 971; x_wconf 81' lang='lat' dir='ltr'><strong>indignitas</strong></span> <span class='ocrx_word' id='word_1_87' title='bbox 952 908 1138 956; x_wconf 86' lang='lat' dir='ltr'><strong>nostra</strong></span> <span class='ocrx_word' id='word_1_88' title='bbox 1175 898 1408 971; x_wconf 85' lang='lat' dir='ltr'><strong>gratiam</strong></span> <span class='ocrx_word' id='word_1_89' title='bbox 1450 902 1744 975; x_wconf 85' lang='lat' dir='ltr'><strong>prohibet;</strong></span> <span class='ocrx_word' id='word_1_90' title='bbox 1774 911 1939 976; x_wconf 90' lang='lat' dir='ltr'><strong>atque</strong></span> <span class='ocrx_word' id='word_1_91' title='bbox 1982 902 2054 960; x_wconf 90' lang='lat' dir='ltr'><strong>ita</strong></span> 
     </span>
    </p>
   </div>
   <div class='ocr_carea' id='block_1_13' title="bbox 2166 897 3771 986">
    <p class='ocr_par' dir='ltr' id='par_1_13' title="bbox 2166 901 3771 986">
     <span class='ocr_line' id='line_1_13' title="bbox 2166 901 3771 986; baseline 0.003 -28"><span class='ocrx_word' id='word_1_92' title='bbox 2166 901 2378 982; x_wconf 85' lang='grc' dir='ltr'>πρώτου</span> <span class='ocrx_word' id='word_1_93' title='bbox 2411 906 2669 986; x_wconf 79' lang='grc' dir='ltr'><strong>λεχθέντα</strong></span> <span class='ocrx_word' id='word_1_94' title='bbox 2717 908 2838 965; x_wconf 87' lang='grc' dir='ltr'>κατ’</span> <span class='ocrx_word' id='word_1_95' title='bbox 2886 904 3121 986; x_wconf 76' lang='grc' dir='ltr'><strong>ἔλλειψιν</strong></span> <span class='ocrx_word' id='word_1_96' title='bbox 3167 907 3196 964; x_wconf 82' lang='grc' dir='ltr'><strong>δ</strong></span> <span class='ocrx_word' id='word_1_97' title='bbox 3243 902 3508 986; x_wconf 86' lang='grc' dir='ltr'>δεύτερος.</span> <span class='ocrx_word' id='word_1_98' title='bbox 3563 903 3771 965; x_wconf 82' lang='grc' dir='ltr'>Σκόπει</span> 
     </span>
    </p>
   </div>
   <div class='ocr_carea' id='block_1_14' title="bbox 451 987 2054 1076">
    <p class='ocr_par' dir='ltr' id='par_1_14' title="bbox 451 987 2054 1066">
     <span class='ocr_line' id='line_1_14' title="bbox 451 987 2054 1066; baseline 0.002 -21"><span class='ocrx_word' id='word_1_99' title='bbox 451 987 583 1061; x_wconf 88' lang='lat' dir='ltr'><strong>quia</strong></span> <span class='ocrx_word' id='word_1_100' title='bbox 622 1004 721 1062; x_wconf 90' lang='lat' dir='ltr'><strong>per</strong></span> <span class='ocrx_word' id='word_1_101' title='bbox 742 988 1052 1047; x_wconf 85' lang='lat' dir='ltr'><strong>sacerdotes</strong></span> <span class='ocrx_word' id='word_1_102' title='bbox 1079 991 1253 1064; x_wconf 83' lang='lat' dir='ltr'><strong>gratia</strong></span> <span class='ocrx_word' id='word_1_103' title='bbox 1295 991 1698 1066; x_wconf 84' lang='lat' dir='ltr'><strong>suppeditatur,</strong></span> <span class='ocrx_word' id='word_1_104' title='bbox 1747 991 2054 1051; x_wconf 88' lang='lat' dir='ltr'><strong>honorandi</strong></span> 
     </span>
    </p>
   </div>
   <div class='ocr_carea' id='block_1_15' title="bbox 2166 987 3773 1076">
    <p class='ocr_par' dir='ltr' id='par_1_15' title="bbox 2167 989 3773 1076">
     <span class='ocr_line' id='line_1_15' title="bbox 2167 989 3773 1076; baseline 0.003 -28"><span class='ocrx_word' id='word_1_105' title='bbox 2167 989 2223 1050; x_wconf 86' lang='grc' dir='ltr'>δέ</span> <span class='ocrx_word' id='word_1_106' title='bbox 2246 1017 2336 1071; x_wconf 91' lang='grc' dir='ltr'><strong>μοι</strong></span> <span class='ocrx_word' id='word_1_107' title='bbox 2365 998 2469 1054; x_wconf 88' lang='grc' dir='ltr'><strong>τῶν</strong></span> <span class='ocrx_word' id='word_1_108' title='bbox 2495 994 2683 1073; x_wconf 78' lang='grc' dir='ltr'><strong>ἱερέων</strong></span> <span class='ocrx_word' id='word_1_109' title='bbox 2703 997 2802 1068; x_wconf 79' lang='grc' dir='ltr'>τὴν</span> <span class='ocrx_word' id='word_1_110' title='bbox 2834 992 2981 1064; x_wconf 82' lang='grc' dir='ltr'>ἀξίαν</span> <span class='ocrx_word' id='word_1_111' title='bbox 3001 1041 3016 1069; x_wconf 92' lang='grc'><strong>,</strong></span> <span class='ocrx_word' id='word_1_112' title='bbox 3046 990 3128 1053; x_wconf 76' lang='grc' dir='ltr'><strong>ὅτι</strong></span> <span class='ocrx_word' id='word_1_113' title='bbox 3152 993 3269 1054; x_wconf 89' lang='grc' dir='ltr'>θεία</span> <span class='ocrx_word' id='word_1_114' title='bbox 3301 994 3443 1054; x_wconf 76' lang='grc' dir='ltr'>ἐστί·</span> <span class='ocrx_word' id='word_1_115' title='bbox 3470 996 3613 1056; x_wconf 77' lang='grc' dir='ltr'>Θεοῦ</span> <span class='ocrx_word' id='word_1_116' title='bbox 3644 994 3773 1076; x_wconf 77' lang='grc' dir='ltr'>γὰρ,</span> 
     </span>
    </p>
   </div>
   <div class='ocr_carea' id='block_1_16' title="bbox 452 1079 3774 1165">
    <p class='ocr_par' dir='ltr' id='par_1_16' title="bbox 452 1079 3774 1165">
     <span class='ocr_line' id='line_1_16' title="bbox 452 1079 3774 1165; baseline 0.003 -30"><span class='ocrx_word' id='word_1_117' title='bbox 452 1086 605 1136; x_wconf 90' lang='lat' dir='ltr'><strong>sunt.</strong></span> <span class='ocrx_word' id='word_1_118' title='bbox 1230 1161 1262 1165; x_wconf 37' lang='lat' dir='ltr'><strong>ﬂ</strong></span> <span class='ocrx_word' id='word_1_119' title='bbox 2164 1079 2226 1139; x_wconf 84' lang='grc' dir='ltr'>τὸ</span> <span class='ocrx_word' id='word_1_120' title='bbox 2275 1086 2487 1165; x_wconf 82' lang='grc' dir='ltr'>ἀφιέναι</span> <span class='ocrx_word' id='word_1_121' title='bbox 2542 1084 2830 1165; x_wconf 77' lang='grc' dir='ltr'>ἁμαρτίας.</span> <span class='ocrx_word' id='word_1_122' title='bbox 2891 1083 3084 1153; x_wconf 75' lang='grc' dir='ltr'>Οὕτως</span> <span class='ocrx_word' id='word_1_123' title='bbox 3135 1082 3326 1152; x_wconf 80' lang='grc' dir='ltr'>αὖτοὺς</span> <span class='ocrx_word' id='word_1_124' title='bbox 3383 1083 3638 1163; x_wconf 77' lang='grc' dir='ltr'>τιμητέον</span> <span class='ocrx_word' id='word_1_125' title='bbox 3697 1087 3774 1152; x_wconf 82' lang='grc' dir='ltr'>ὥς</span> 
     </span>
    </p>
   </div>
   <div class='ocr_carea' id='block_1_17' title="bbox 451 1161 3775 1257">
    <p class='ocr_par' dir='ltr' id='par_1_17' title="bbox 451 1161 3775 1257">
     <span class='ocr_line' id='line_1_17' title="bbox 451 1161 3775 1257; baseline 0 -23"><span class='ocrx_word' id='word_1_126' title='bbox 451 1171 615 1234; x_wconf 87' lang='grc' dir='ltr'>Θεόν.</span> <span class='ocrx_word' id='word_1_127' title='bbox 670 1171 789 1233; x_wconf 78' lang='grc' dir='ltr'><strong>Κᾶν</strong></span> <span class='ocrx_word' id='word_1_128' title='bbox 836 1170 940 1254; x_wconf 76' lang='grc' dir='ltr'><strong>γὰρ</strong></span> <span class='ocrx_word' id='word_1_129' title='bbox 972 1170 1173 1257; x_wconf 69' lang='grc' dir='ltr'>άνάξιοι</span> <span class='ocrx_word' id='word_1_130' title='bbox 1222 1161 1350 1247; x_wconf 69' lang='grc' dir='ltr'>ὦσι,</span> <span class='ocrx_word' id='word_1_131' title='bbox 1395 1173 1448 1233; x_wconf 86' lang='grc' dir='ltr'><strong>τί</strong></span> <span class='ocrx_word' id='word_1_132' title='bbox 1492 1179 1676 1251; x_wconf 79' lang='grc' dir='ltr'>τοῦτο;</span> <span class='ocrx_word' id='word_1_133' title='bbox 1724 1177 1852 1256; x_wconf 80' lang='grc' dir='ltr'>Τῶν</span> <span class='ocrx_word' id='word_1_134' title='bbox 1890 1173 2042 1234; x_wconf 81' lang='grc' dir='ltr'>θείων</span> <span class='ocrx_word' id='word_1_135' title='bbox 2091 1161 2448 1251; x_wconf 85' lang='grc' dir='ltr'>χαρισμάτων</span> <span class='ocrx_word' id='word_1_136' title='bbox 2507 1161 2609 1235; x_wconf 77' lang='lat' dir='ltr'><strong>eici</strong></span> <span class='ocrx_word' id='word_1_137' title='bbox 2660 1161 2924 1251; x_wconf 85' lang='grc' dir='ltr'>διάκονοι,</span> <span class='ocrx_word' id='word_1_138' title='bbox 2998 1174 3093 1236; x_wconf 89' lang='lat' dir='ltr'><strong>xui</strong></span> <span class='ocrx_word' id='word_1_139' title='bbox 3135 1177 3171 1248; x_wconf 87' lang='grc' dir='ltr'>ἡ</span> <span class='ocrx_word' id='word_1_140' title='bbox 3223 1173 3379 1256; x_wconf 86' lang='grc' dir='ltr'>χάρις</span> <span class='ocrx_word' id='word_1_141' title='bbox 3443 1161 3645 1257; x_wconf 58' lang='grc' dir='ltr'>ἓνεργεῗ</span> <span class='ocrx_word' id='word_1_142' title='bbox 3703 1173 3775 1235; x_wconf 84' lang='grc' dir='ltr'><strong>δι’</strong></span> 
     </span>
    </p>
   </div>
   <div class='ocr_carea' id='block_1_18' title="bbox 455 1253 3773 1349">
    <p class='ocr_par' dir='ltr' id='par_1_18' title="bbox 455 1253 3773 1349">
     <span class='ocr_line' id='line_1_18' title="bbox 455 1253 3773 1349; baseline 0.001 -28"><span class='ocrx_word' id='word_1_143' title='bbox 455 1263 663 1337; x_wconf 80' lang='grc' dir='ltr'>αὗτῶν,</span> <span class='ocrx_word' id='word_1_144' title='bbox 730 1253 922 1342; x_wconf 83' lang='grc' dir='ltr'>ὥσπερ</span> <span class='ocrx_word' id='word_1_145' title='bbox 961 1253 1050 1322; x_wconf 64' lang='grc' dir='ltr'><strong>οὖν</strong></span> <span class='ocrx_word' id='word_1_146' title='bbox 1102 1263 1195 1322; x_wconf 89' lang='lat' dir='ltr'><strong>xui</strong></span> <span class='ocrx_word' id='word_1_147' title='bbox 1253 1263 1341 1322; x_wconf 82' lang='grc' dir='ltr'><strong>διὰ</strong></span> <span class='ocrx_word' id='word_1_148' title='bbox 1391 1269 1484 1338; x_wconf 77' lang='grc' dir='ltr'><strong>τῆς</strong></span> <span class='ocrx_word' id='word_1_149' title='bbox 1528 1265 1649 1325; x_wconf 83' lang='grc' dir='ltr'>ὄνου</span> <span class='ocrx_word' id='word_1_150' title='bbox 1714 1253 1807 1325; x_wconf 61' lang='grc' dir='ltr'>τοῖί</span> <span class='ocrx_word' id='word_1_151' title='bbox 1874 1260 2113 1338; x_wconf 79' lang='grc' dir='ltr'>Βαλαὰμ</span> <span class='ocrx_word' id='word_1_152' title='bbox 2173 1264 2453 1339; x_wconf 79' lang='grc' dir='ltr'>ἐλάλησεν·</span> <span class='ocrx_word' id='word_1_153' title='bbox 2528 1265 2717 1327; x_wconf 83' lang='grc' dir='ltr'>οὔκουν</span> <span class='ocrx_word' id='word_1_154' title='bbox 2777 1270 2812 1339; x_wconf 75' lang='grc' dir='ltr'>ἦ</span> <span class='ocrx_word' id='word_1_155' title='bbox 2894 1264 3171 1339; x_wconf 81' lang='grc' dir='ltr'>ἀναξιότης</span> <span class='ocrx_word' id='word_1_156' title='bbox 3224 1253 3384 1344; x_wconf 58' lang='grc' dir='ltr'>ημῶν</span> <span class='ocrx_word' id='word_1_157' title='bbox 3441 1253 3542 1339; x_wconf 77' lang='grc' dir='ltr'><strong>τὴν</strong></span> <span class='ocrx_word' id='word_1_158' title='bbox 3575 1253 3773 1349; x_wconf 26' lang='grc' dir='ltr'>*χάριν</span> 
     </span>
    </p>
   </div>
   <div class='ocr_carea' id='block_1_19' title="bbox 453 1351 2570 1437">
    <p class='ocr_par' dir='ltr' id='par_1_19' title="bbox 453 1351 2570 1437">
     <span class='ocr_line' id='line_1_19' title="bbox 453 1351 2570 1437; baseline 0.002 -25"><span class='ocrx_word' id='word_1_159' title='bbox 453 1353 666 1413; x_wconf 82' lang='grc' dir='ltr'>κωλύει.</span> <span class='ocrx_word' id='word_1_160' title='bbox 708 1351 885 1412; x_wconf 57' lang='grc' dir='ltr'>τὨστε</span> <span class='ocrx_word' id='word_1_161' title='bbox 918 1352 1032 1412; x_wconf 78' lang='grc' dir='ltr'>ἐπεὶ</span> <span class='ocrx_word' id='word_1_162' title='bbox 1078 1354 1144 1410; x_wconf 88' lang='grc' dir='ltr'><strong>δι’</strong></span> <span class='ocrx_word' id='word_1_163' title='bbox 1196 1352 1382 1433; x_wconf 75' lang='grc' dir='ltr'>ἱερέων</span> <span class='ocrx_word' id='word_1_164' title='bbox 1414 1359 1448 1427; x_wconf 83' lang='grc' dir='ltr'>ἡ</span> <span class='ocrx_word' id='word_1_165' title='bbox 1491 1354 1651 1437; x_wconf 83' lang='grc' dir='ltr'>χάρις</span> <span class='ocrx_word' id='word_1_166' title='bbox 1703 1363 2047 1437; x_wconf 85' lang='grc' dir='ltr'>χορηγεῖται,</span> <span class='ocrx_word' id='word_1_167' title='bbox 2076 1353 2327 1428; x_wconf 86' lang='grc' dir='ltr'>τιμητέον</span> <span class='ocrx_word' id='word_1_168' title='bbox 2358 1355 2570 1426; x_wconf 76' lang='grc' dir='ltr'>αὐτούς.</span> 
     </span>
    </p>
   </div>
   <div class='ocr_carea' id='block_1_20' title="bbox 527 1451 2053 1522">
    <p class='ocr_par' dir='ltr' id='par_1_20' title="bbox 527 1451 2053 1522">
     <span class='ocr_line' id='line_1_20' title="bbox 527 1451 2053 1522; baseline 0.001 -15"><span class='ocrx_word' id='word_1_169' title='bbox 527 1452 706 1509; x_wconf 74' lang='lat' dir='ltr'><strong>Vsus.</strong></span> <span class='ocrx_word' id='word_1_170' title='bbox 732 1457 920 1508; x_wconf 83' lang='lat'><strong>24-29.</strong></span> <span class='ocrx_word' id='word_1_171' title='bbox 955 1473 981 1500; x_wconf 77' lang='grc' dir='ltr'><strong>α</strong></span> <span class='ocrx_word' id='word_1_172' title='bbox 1012 1451 1261 1508; x_wconf 89' lang='lat' dir='ltr'><strong>Thomas</strong></span> <span class='ocrx_word' id='word_1_173' title='bbox 1280 1462 1463 1509; x_wconf 88' lang='lat' dir='ltr'><strong>autem</strong></span> <span class='ocrx_word' id='word_1_174' title='bbox 1486 1471 1629 1510; x_wconf 89' lang='lat' dir='ltr'><strong>unus</strong></span> <span class='ocrx_word' id='word_1_175' title='bbox 1654 1454 1722 1510; x_wconf 91' lang='lat' dir='ltr'><strong>de</strong></span> <span class='ocrx_word' id='word_1_176' title='bbox 1745 1453 2053 1522; x_wconf 86' lang='lat' dir='ltr'><strong>duodecim,</strong></span> 
     </span>
    </p>
   </div>
   <div class='ocr_carea' id='block_1_21' title="bbox 456 1540 2060 1616">
    <p class='ocr_par' dir='ltr' id='par_1_21' title="bbox 456 1540 2060 1616">
     <span class='ocr_line' id='line_1_21' title="bbox 456 1540 2060 1616; baseline 0.001 -18"><span class='ocrx_word' id='word_1_177' title='bbox 456 1540 549 1614; x_wconf 90' lang='lat' dir='ltr'><strong>qui</strong></span> <span class='ocrx_word' id='word_1_178' title='bbox 569 1540 767 1598; x_wconf 89' lang='lat' dir='ltr'><strong>dicitur</strong></span> <span class='ocrx_word' id='word_1_179' title='bbox 795 1540 1087 1615; x_wconf 87' lang='lat' dir='ltr'><strong>Didymus,</strong></span> <span class='ocrx_word' id='word_1_180' title='bbox 1121 1558 1235 1597; x_wconf 92' lang='lat' dir='ltr'><strong>non</strong></span> <span class='ocrx_word' id='word_1_181' title='bbox 1263 1552 1529 1600; x_wconf 88' lang='lat' dir='ltr'><strong>eratcum</strong></span> <span class='ocrx_word' id='word_1_182' title='bbox 1553 1544 1630 1601; x_wconf 89' lang='lat' dir='ltr'><strong>eis</strong></span> <span class='ocrx_word' id='word_1_183' title='bbox 1650 1543 1874 1616; x_wconf 85' lang='lat' dir='ltr'><strong>quando</strong></span> <span class='ocrx_word' id='word_1_184' title='bbox 1909 1544 2060 1600; x_wconf 88' lang='lat' dir='ltr'><strong>venit</strong></span> 
     </span>
    </p>
   </div>
   <div class='ocr_carea' id='block_1_22' title="bbox 453 1630 1751 1707">
    <p class='ocr_par' dir='ltr' id='par_1_22' title="bbox 453 1630 1751 1707">
     <span class='ocr_line' id='line_1_22' title="bbox 453 1630 1751 1707; baseline 0.003 -21"><span class='ocrx_word' id='word_1_185' title='bbox 453 1630 634 1688; x_wconf 90' lang='lat' dir='ltr'><strong>Jesus.</strong></span> <span class='ocrx_word' id='word_1_186' title='bbox 698 1631 973 1688; x_wconf 82' lang='lat' dir='ltr'><strong>Dixerunt</strong></span> <span class='ocrx_word' id='word_1_187' title='bbox 1017 1648 1147 1705; x_wconf 89' lang='lat' dir='ltr'><strong>ergo</strong></span> <span class='ocrx_word' id='word_1_188' title='bbox 1197 1633 1247 1689; x_wconf 93' lang='lat' dir='ltr'><strong>ei</strong></span> <span class='ocrx_word' id='word_1_189' title='bbox 1295 1633 1382 1689; x_wconf 88' lang='lat' dir='ltr'><strong>alii</strong></span> <span class='ocrx_word' id='word_1_190' title='bbox 1432 1632 1684 1707; x_wconf 89' lang='lat' dir='ltr'><strong>discipuli</strong></span> <span class='ocrx_word' id='word_1_191' title='bbox 1737 1652 1751 1690; x_wconf 90' lang='lat'><strong>:</strong></span> 
     </span>
    </p>
   </div>
   <div class='ocr_carea' id='block_1_23' title="bbox 451 1720 2061 1781">
    <p class='ocr_par' dir='ltr' id='par_1_23' title="bbox 451 1720 2061 1781">
     <span class='ocr_line' id='line_1_23' title="bbox 451 1720 2061 1781; baseline 0.002 -5"><span class='ocrx_word' id='word_1_192' title='bbox 451 1721 779 1777; x_wconf 90' lang='lat' dir='ltr'><strong>Dominum.</strong></span> <span class='ocrx_word' id='word_1_193' title='bbox 802 1720 903 1778; x_wconf 91' lang='lat' dir='ltr'><strong>Ille</strong></span> <span class='ocrx_word' id='word_1_194' title='bbox 924 1731 1108 1778; x_wconf 90' lang='lat' dir='ltr'><strong>autem</strong></span> <span class='ocrx_word' id='word_1_195' title='bbox 1128 1723 1270 1779; x_wconf 82' lang='lat' dir='ltr'><strong>dixit</strong></span> <span class='ocrx_word' id='word_1_196' title='bbox 1292 1724 1370 1780; x_wconf 91' lang='lat' dir='ltr'><strong>eis</strong></span> <span class='ocrx_word' id='word_1_197' title='bbox 1397 1741 1410 1779; x_wconf 90' lang='lat'><strong>:</strong></span> <span class='ocrx_word' id='word_1_198' title='bbox 1439 1724 1555 1781; x_wconf 88' lang='lat' dir='ltr'><strong>Nisi</strong></span> <span class='ocrx_word' id='word_1_199' title='bbox 1585 1723 1769 1780; x_wconf 92' lang='lat' dir='ltr'><strong>videro</strong></span> <span class='ocrx_word' id='word_1_200' title='bbox 1799 1723 1859 1779; x_wconf 89' lang='lat' dir='ltr'><strong>in</strong></span> <span class='ocrx_word' id='word_1_201' title='bbox 1878 1723 2061 1780; x_wconf 88' lang='lat' dir='ltr'><strong>mani-</strong></span> 
     </span>
    </p>
   </div>
   <div class='ocr_carea' id='block_1_24' title="bbox 453 1811 2058 1887">
    <p class='ocr_par' dir='ltr' id='par_1_24' title="bbox 453 1811 2058 1887">
     <span class='ocr_line' id='line_1_24' title="bbox 453 1811 2058 1887; baseline 0.001 -20"><span class='ocrx_word' id='word_1_202' title='bbox 453 1811 553 1867; x_wconf 90' lang='lat' dir='ltr'><strong>bus</strong></span> <span class='ocrx_word' id='word_1_203' title='bbox 568 1811 686 1883; x_wconf 86' lang='lat' dir='ltr'><strong>ejus</strong></span> <span class='ocrx_word' id='word_1_204' title='bbox 700 1811 994 1883; x_wconf 85' lang='lat' dir='ltr'><strong>vestigium</strong></span> <span class='ocrx_word' id='word_1_205' title='bbox 1009 1812 1314 1883; x_wconf 86' lang='lat' dir='ltr'><strong>clavorum,</strong></span> <span class='ocrx_word' id='word_1_206' title='bbox 1333 1822 1388 1870; x_wconf 89' lang='lat' dir='ltr'><strong>et</strong></span> <span class='ocrx_word' id='word_1_207' title='bbox 1401 1814 1602 1870; x_wconf 90' lang='lat' dir='ltr'><strong>misero</strong></span> <span class='ocrx_word' id='word_1_208' title='bbox 1618 1813 1851 1887; x_wconf 85' lang='lat' dir='ltr'><strong>digitum</strong></span> <span class='ocrx_word' id='word_1_209' title='bbox 1866 1828 2058 1870; x_wconf 88' lang='lat' dir='ltr'><strong>meum</strong></span> 
     </span>
    </p>
   </div>
   <div class='ocr_carea' id='block_1_25' title="bbox 450 1897 2060 1972">
    <p class='ocr_par' dir='ltr' id='par_1_25' title="bbox 450 1897 2060 1972">
     <span class='ocr_line' id='line_1_25' title="bbox 450 1897 2060 1972; baseline 0.004 -19"><span class='ocrx_word' id='word_1_210' title='bbox 450 1897 507 1953; x_wconf 92' lang='lat' dir='ltr'><strong>in</strong></span> <span class='ocrx_word' id='word_1_211' title='bbox 531 1897 811 1972; x_wconf 86' lang='lat' dir='ltr'><strong>vestigium</strong></span> <span class='ocrx_word' id='word_1_212' title='bbox 833 1898 1137 1966; x_wconf 88' lang='lat' dir='ltr'><strong>clavorum,</strong></span> <span class='ocrx_word' id='word_1_213' title='bbox 1151 1910 1207 1958; x_wconf 91' lang='lat' dir='ltr'><strong>et</strong></span> <span class='ocrx_word' id='word_1_214' title='bbox 1223 1902 1429 1959; x_wconf 89' lang='lat' dir='ltr'><strong>misero</strong></span> <span class='ocrx_word' id='word_1_215' title='bbox 1444 1918 1675 1959; x_wconf 89' lang='lat' dir='ltr'><strong>manum</strong></span> <span class='ocrx_word' id='word_1_216' title='bbox 1698 1918 1879 1959; x_wconf 89' lang='lat' dir='ltr'><strong>meam</strong></span> <span class='ocrx_word' id='word_1_217' title='bbox 1899 1903 1960 1958; x_wconf 93' lang='lat' dir='ltr'><strong>in</strong></span> <span class='ocrx_word' id='word_1_218' title='bbox 1980 1902 2060 1959; x_wconf 90' lang='lat' dir='ltr'><strong>la-</strong></span> 
     </span>
    </p>
   </div>
   <div class='ocr_carea' id='block_1_26' title="bbox 448 1988 2061 2063">
    <p class='ocr_par' dir='ltr' id='par_1_26' title="bbox 448 1988 2061 2063">
     <span class='ocr_line' id='line_1_26' title="bbox 448 1988 2061 2063; baseline 0.004 -22"><span class='ocrx_word' id='word_1_219' title='bbox 448 1994 538 2044; x_wconf 89' lang='lat' dir='ltr'><strong>tus</strong></span> <span class='ocrx_word' id='word_1_220' title='bbox 562 1988 704 2062; x_wconf 87' lang='lat' dir='ltr'><strong>ejus,</strong></span> <span class='ocrx_word' id='word_1_221' title='bbox 728 2004 843 2045; x_wconf 91' lang='lat' dir='ltr'><strong>non</strong></span> <span class='ocrx_word' id='word_1_222' title='bbox 866 1989 1108 2047; x_wconf 90' lang='lat' dir='ltr'><strong>credam.</strong></span> <span class='ocrx_word' id='word_1_223' title='bbox 1137 1993 1209 2046; x_wconf 89' lang='lat' dir='ltr'><strong>Et</strong></span> <span class='ocrx_word' id='word_1_224' title='bbox 1232 1999 1357 2063; x_wconf 92' lang='lat' dir='ltr'><strong>post</strong></span> <span class='ocrx_word' id='word_1_225' title='bbox 1386 1990 1501 2047; x_wconf 90' lang='lat' dir='ltr'><strong>dies</strong></span> <span class='ocrx_word' id='word_1_226' title='bbox 1527 2001 1652 2048; x_wconf 94' lang='lat' dir='ltr'><strong>octo</strong></span> <span class='ocrx_word' id='word_1_227' title='bbox 1673 1991 1878 2048; x_wconf 88' lang='lat' dir='ltr'><strong>iterum</strong></span> <span class='ocrx_word' id='word_1_228' title='bbox 1899 1999 2061 2049; x_wconf 88' lang='lat' dir='ltr'><strong>erant</strong></span> 
     </span>
    </p>
   </div>
   <div class='ocr_carea' id='block_1_27' title="bbox 449 2075 2058 2154">
    <p class='ocr_par' dir='ltr' id='par_1_27' title="bbox 449 2075 2058 2154">
     <span class='ocr_line' id='line_1_27' title="bbox 449 2075 2058 2154; baseline 0.003 -21"><span class='ocrx_word' id='word_1_229' title='bbox 449 2075 702 2151; x_wconf 90' lang='lat' dir='ltr'><strong>discipuli</strong></span> <span class='ocrx_word' id='word_1_230' title='bbox 730 2079 850 2152; x_wconf 84' lang='lat' dir='ltr'><strong>ejus</strong></span> <span class='ocrx_word' id='word_1_231' title='bbox 874 2080 1045 2149; x_wconf 89' lang='lat' dir='ltr'><strong>intus,</strong></span> <span class='ocrx_word' id='word_1_232' title='bbox 1076 2087 1130 2137; x_wconf 90' lang='lat' dir='ltr'><strong>et</strong></span> <span class='ocrx_word' id='word_1_233' title='bbox 1152 2080 1402 2138; x_wconf 88' lang='lat' dir='ltr'><strong>Thomas</strong></span> <span class='ocrx_word' id='word_1_234' title='bbox 1428 2096 1558 2138; x_wconf 91' lang='lat' dir='ltr'><strong>cum</strong></span> <span class='ocrx_word' id='word_1_235' title='bbox 1589 2082 1670 2138; x_wconf 91' lang='lat' dir='ltr'><strong>eis</strong></span> <span class='ocrx_word' id='word_1_236' title='bbox 1701 2098 1714 2137; x_wconf 90' lang='lat'><strong>:</strong></span> <span class='ocrx_word' id='word_1_237' title='bbox 1748 2081 1897 2138; x_wconf 91' lang='lat' dir='ltr'><strong>venit</strong></span> <span class='ocrx_word' id='word_1_238' title='bbox 1924 2096 2058 2154; x_wconf 91' lang='lat' dir='ltr'><strong>ergo</strong></span> 
     </span>
    </p>
   </div>
   <div class='ocr_carea' id='block_1_28' title="bbox 450 2168 2058 2242">
    <p class='ocr_par' dir='ltr' id='par_1_28' title="bbox 450 2168 2058 2242">
     <span class='ocr_line' id='line_1_28' title="bbox 450 2168 2058 2242; baseline 0.002 -19"><span class='ocrx_word' id='word_1_239' title='bbox 450 2169 628 2234; x_wconf 75' lang='lat' dir='ltr'><strong>Iesus,</strong></span> <span class='ocrx_word' id='word_1_240' title='bbox 662 2168 851 2242; x_wconf 91' lang='lat' dir='ltr'><strong>januis</strong></span> <span class='ocrx_word' id='word_1_241' title='bbox 883 2170 1105 2237; x_wconf 88' lang='lat' dir='ltr'><strong>clausis,</strong></span> <span class='ocrx_word' id='word_1_242' title='bbox 1137 2178 1194 2227; x_wconf 89' lang='lat' dir='ltr'><strong>et</strong></span> <span class='ocrx_word' id='word_1_243' title='bbox 1224 2172 1380 2228; x_wconf 88' lang='lat' dir='ltr'><strong>stetit</strong></span> <span class='ocrx_word' id='word_1_244' title='bbox 1419 2171 1475 2227; x_wconf 91' lang='lat' dir='ltr'><strong>in</strong></span> <span class='ocrx_word' id='word_1_245' title='bbox 1512 2171 1697 2228; x_wconf 90' lang='lat' dir='ltr'><strong>medio</strong></span> <span class='ocrx_word' id='word_1_246' title='bbox 1728 2172 1970 2242; x_wconf 88' lang='lat' dir='ltr'><strong>illorum,</strong></span> <span class='ocrx_word' id='word_1_247' title='bbox 2004 2180 2058 2228; x_wconf 94' lang='lat' dir='ltr'><strong>et</strong></span> 
     </span>
    </p>
   </div>
   <div class='ocr_carea' id='block_1_29' title="bbox 451 2256 2056 2334">
    <p class='ocr_par' dir='ltr' id='par_1_29' title="bbox 451 2256 2056 2334">
     <span class='ocr_line' id='line_1_29' title="bbox 451 2256 2056 2334; baseline 0.003 -22"><span class='ocrx_word' id='word_1_248' title='bbox 451 2256 590 2313; x_wconf 84' lang='lat' dir='ltr'><strong>dixit</strong></span> <span class='ocrx_word' id='word_1_249' title='bbox 612 2276 625 2314; x_wconf 90' lang='lat'><strong>:</strong></span> <span class='ocrx_word' id='word_1_250' title='bbox 652 2262 761 2315; x_wconf 86' lang='lat' dir='ltr'><strong>Pax</strong></span> <span class='ocrx_word' id='word_1_251' title='bbox 782 2260 958 2317; x_wconf 90' lang='lat' dir='ltr'><strong>vobis.</strong></span> <span class='ocrx_word' id='word_1_252' title='bbox 986 2260 1196 2317; x_wconf 90' lang='lat' dir='ltr'><strong>Deinde</strong></span> <span class='ocrx_word' id='word_1_253' title='bbox 1214 2260 1345 2317; x_wconf 91' lang='lat' dir='ltr'><strong>dicit</strong></span> <span class='ocrx_word' id='word_1_254' title='bbox 1363 2261 1597 2319; x_wconf 74' lang='lat' dir='ltr'><strong>Thomas</strong></span> <span class='ocrx_word' id='word_1_255' title='bbox 1622 2279 1636 2318; x_wconf 90' lang='lat'><strong>:</strong></span> <span class='ocrx_word' id='word_1_256' title='bbox 1661 2260 1809 2318; x_wconf 88' lang='lat' dir='ltr'><strong>lnfer</strong></span> <span class='ocrx_word' id='word_1_257' title='bbox 1821 2261 2056 2334; x_wconf 88' lang='lat' dir='ltr'><strong>digitum</strong></span> 
     </span>
    </p>
   </div>
   <div class='ocr_carea' id='block_1_30' title="bbox 449 2349 2054 2421">
    <p class='ocr_par' dir='ltr' id='par_1_30' title="bbox 449 2349 2054 2421">
     <span class='ocr_line' id='line_1_30' title="bbox 449 2349 2054 2421; baseline 0.002 -17"><span class='ocrx_word' id='word_1_258' title='bbox 449 2356 608 2407; x_wconf 89' lang='lat' dir='ltr'><strong>tuum</strong></span> <span class='ocrx_word' id='word_1_259' title='bbox 639 2349 770 2421; x_wconf 89' lang='lat' dir='ltr'><strong>huc,</strong></span> <span class='ocrx_word' id='word_1_260' title='bbox 801 2358 857 2407; x_wconf 91' lang='lat' dir='ltr'><strong>et</strong></span> <span class='ocrx_word' id='word_1_261' title='bbox 885 2349 1003 2408; x_wconf 91' lang='lat' dir='ltr'><strong>vide</strong></span> <span class='ocrx_word' id='word_1_262' title='bbox 1030 2367 1230 2409; x_wconf 88' lang='lat' dir='ltr'><strong>manus</strong></span> <span class='ocrx_word' id='word_1_263' title='bbox 1269 2368 1442 2421; x_wconf 86' lang='lat' dir='ltr'><strong>meas,</strong></span> <span class='ocrx_word' id='word_1_264' title='bbox 1475 2359 1530 2408; x_wconf 90' lang='lat' dir='ltr'><strong>et</strong></span> <span class='ocrx_word' id='word_1_265' title='bbox 1561 2350 1796 2409; x_wconf 91' lang='lat' dir='ltr'><strong>admove</strong></span> <span class='ocrx_word' id='word_1_266' title='bbox 1824 2367 2054 2408; x_wconf 89' lang='lat' dir='ltr'><strong>manum</strong></span> 
     </span>
    </p>
   </div>
   <div class='ocr_carea' id='block_1_31' title="bbox 450 2440 2056 2512">
    <p class='ocr_par' dir='ltr' id='par_1_31' title="bbox 450 2440 2056 2512">
     <span class='ocr_line' id='line_1_31' title="bbox 450 2440 2056 2512; baseline 0.004 -19"><span class='ocrx_word' id='word_1_267' title='bbox 450 2445 628 2511; x_wconf 91' lang='lat' dir='ltr'><strong>tuam,</strong></span> <span class='ocrx_word' id='word_1_268' title='bbox 657 2448 714 2496; x_wconf 94' lang='lat' dir='ltr'><strong>et</strong></span> <span class='ocrx_word' id='word_1_269' title='bbox 742 2440 984 2496; x_wconf 87' lang='lat' dir='ltr'><strong>immitte</strong></span> <span class='ocrx_word' id='word_1_270' title='bbox 1010 2440 1069 2498; x_wconf 91' lang='lat' dir='ltr'><strong>in</strong></span> <span class='ocrx_word' id='word_1_271' title='bbox 1097 2441 1238 2498; x_wconf 92' lang='lat' dir='ltr'><strong>latus</strong></span> <span class='ocrx_word' id='word_1_272' title='bbox 1258 2458 1470 2512; x_wconf 91' lang='lat' dir='ltr'><strong>meum,</strong></span> <span class='ocrx_word' id='word_1_273' title='bbox 1520 2450 1575 2499; x_wconf 90' lang='lat' dir='ltr'><strong>et</strong></span> <span class='ocrx_word' id='word_1_274' title='bbox 1596 2441 1710 2498; x_wconf 91' lang='lat' dir='ltr'><strong>noli</strong></span> <span class='ocrx_word' id='word_1_275' title='bbox 1737 2456 1859 2499; x_wconf 90' lang='lat' dir='ltr'><strong>esse</strong></span> <span class='ocrx_word' id='word_1_276' title='bbox 1883 2440 2056 2499; x_wconf 88' lang='lat' dir='ltr'><strong>incre-</strong></span> 
     </span>
    </p>
   </div>
   <div class='ocr_carea' id='block_1_32' title="bbox 448 2529 2052 2605">
    <p class='ocr_par' dir='ltr' id='par_1_32' title="bbox 448 2529 2052 2605">
     <span class='ocr_line' id='line_1_32' title="bbox 448 2529 2052 2605; baseline 0.002 -19"><span class='ocrx_word' id='word_1_277' title='bbox 448 2529 635 2601; x_wconf 91' lang='lat' dir='ltr'><strong>dulus,</strong></span> <span class='ocrx_word' id='word_1_278' title='bbox 682 2530 778 2588; x_wconf 88' lang='lat' dir='ltr'><strong>sed</strong></span> <span class='ocrx_word' id='word_1_279' title='bbox 824 2531 1074 2589; x_wconf 88' lang='lat' dir='ltr'><strong>credens.</strong></span> <span class='ocrx_word' id='word_1_280' title='bbox 1125 2532 1433 2605; x_wconf 79' lang='lat' dir='ltr'><strong>Respondit</strong></span> <span class='ocrx_word' id='word_1_281' title='bbox 1469 2532 1737 2603; x_wconf 88' lang='lat' dir='ltr'><strong>Thomas,</strong></span> <span class='ocrx_word' id='word_1_282' title='bbox 1767 2542 1826 2591; x_wconf 90' lang='lat' dir='ltr'><strong>et</strong></span> <span class='ocrx_word' id='word_1_283' title='bbox 1869 2532 2052 2591; x_wconf 82' lang='lat' dir='ltr'><strong>dixit:</strong></span> 
     </span>
    </p>
   </div>
   <div class='ocr_carea' id='block_1_33' title="bbox 448 2620 2054 2694">
    <p class='ocr_par' dir='ltr' id='par_1_33' title="bbox 448 2620 2054 2694">
     <span class='ocr_line' id='line_1_33' title="bbox 448 2620 2054 2694; baseline 0.002 -18"><span class='ocrx_word' id='word_1_284' title='bbox 448 2620 715 2679; x_wconf 89' lang='lat' dir='ltr'><strong>Dominus</strong></span> <span class='ocrx_word' id='word_1_285' title='bbox 739 2637 895 2679; x_wconf 89' lang='lat' dir='ltr'><strong>meus</strong></span> <span class='ocrx_word' id='word_1_286' title='bbox 927 2631 982 2679; x_wconf 88' lang='lat' dir='ltr'><strong>et</strong></span> <span class='ocrx_word' id='word_1_287' title='bbox 1017 2628 1173 2681; x_wconf 89' lang='lat' dir='ltr'><strong>Deus</strong></span> <span class='ocrx_word' id='word_1_288' title='bbox 1203 2639 1381 2681; x_wconf 92' lang='lat' dir='ltr'><strong>meus.</strong></span> <span class='ocrx_word' id='word_1_289' title='bbox 1408 2622 1562 2679; x_wconf 83' lang='lat' dir='ltr'><strong>Dixit</strong></span> <span class='ocrx_word' id='word_1_290' title='bbox 1590 2623 1643 2680; x_wconf 89' lang='lat' dir='ltr'><strong>ei</strong></span> <span class='ocrx_word' id='word_1_291' title='bbox 1667 2626 1833 2681; x_wconf 79' lang='lat' dir='ltr'><strong>Iesus</strong></span> <span class='ocrx_word' id='word_1_292' title='bbox 1864 2641 1879 2679; x_wconf 88' lang='lat'><strong>:</strong></span> <span class='ocrx_word' id='word_1_293' title='bbox 1912 2622 2054 2694; x_wconf 87' lang='lat' dir='ltr'><strong>Quia</strong></span> 
     </span>
    </p>
   </div>
   <div class='ocr_carea' id='block_1_34' title="bbox 445 2711 2055 2787">
    <p class='ocr_par' dir='ltr' id='par_1_34' title="bbox 445 2711 2055 2787">
     <span class='ocr_line' id='line_1_34' title="bbox 445 2711 2055 2787; baseline 0.003 -21"><span class='ocrx_word' id='word_1_294' title='bbox 445 2711 620 2768; x_wconf 89' lang='lat' dir='ltr'><strong>vidisti</strong></span> <span class='ocrx_word' id='word_1_295' title='bbox 662 2728 777 2781; x_wconf 91' lang='lat' dir='ltr'><strong>me,</strong></span> <span class='ocrx_word' id='word_1_296' title='bbox 826 2712 1065 2783; x_wconf 86' lang='lat' dir='ltr'><strong>Thema,</strong></span> <span class='ocrx_word' id='word_1_297' title='bbox 1094 2713 1368 2771; x_wconf 89' lang='lat' dir='ltr'><strong>credidisti</strong></span> <span class='ocrx_word' id='word_1_298' title='bbox 1400 2732 1414 2771; x_wconf 89' lang='lat'>:</span> <span class='ocrx_word' id='word_1_299' title='bbox 1460 2714 1604 2770; x_wconf 90' lang='lat' dir='ltr'><strong>beati</strong></span> <span class='ocrx_word' id='word_1_300' title='bbox 1630 2714 1724 2787; x_wconf 92' lang='lat' dir='ltr'><strong>qui</strong></span> <span class='ocrx_word' id='word_1_301' title='bbox 1768 2730 1879 2771; x_wconf 90' lang='lat' dir='ltr'><strong>non</strong></span> <span class='ocrx_word' id='word_1_302' title='bbox 1903 2713 2055 2771; x_wconf 88' lang='lat' dir='ltr'><strong>vide-</strong></span> 
     </span>
    </p>
   </div>
   <div class='ocr_carea' id='block_1_35' title="bbox 447 2802 2053 2870">
    <p class='ocr_par' dir='ltr' id='par_1_35' title="bbox 447 2802 2053 2870">
     <span class='ocr_line' id='line_1_35' title="bbox 447 2802 2053 2870; baseline 0.002 -12"><span class='ocrx_word' id='word_1_303' title='bbox 447 2809 598 2870; x_wconf 91' lang='lat' dir='ltr'><strong>runt,</strong></span> <span class='ocrx_word' id='word_1_304' title='bbox 655 2809 710 2857; x_wconf 90' lang='lat' dir='ltr'><strong>et</strong></span> <span class='ocrx_word' id='word_1_305' title='bbox 766 2802 1135 2859; x_wconf 89' lang='lat' dir='ltr'><strong>crediderunt.</strong></span> <span class='ocrx_word' id='word_1_306' title='bbox 1194 2827 1220 2853; x_wconf 69' lang='grc' dir='ltr'><strong>υ</strong></span> <span class='ocrx_word' id='word_1_307' title='bbox 1266 2806 1394 2860; x_wconf 83' lang='lat' dir='ltr'><strong>Non</strong></span> <span class='ocrx_word' id='word_1_308' title='bbox 1460 2812 1583 2861; x_wconf 88' lang='lat' dir='ltr'><strong>erat</strong></span> <span class='ocrx_word' id='word_1_309' title='bbox 1633 2803 1880 2861; x_wconf 86' lang='lat' dir='ltr'><strong>Thomas</strong></span> <span class='ocrx_word' id='word_1_310' title='bbox 1922 2819 2053 2861; x_wconf 90' lang='lat' dir='ltr'><strong>cum</strong></span> 
     </span>
    </p>
   </div>
   <div class='ocr_carea' id='block_1_36' title="bbox 446 2889 2055 2965">
    <p class='ocr_par' dir='ltr' id='par_1_36' title="bbox 446 2889 2055 2965">
     <span class='ocr_line' id='line_1_36' title="bbox 446 2889 2055 2965; baseline 0.001 -18"><span class='ocrx_word' id='word_1_311' title='bbox 446 2889 723 2963; x_wconf 88' lang='lat' dir='ltr'><strong>discipulis</strong></span> <span class='ocrx_word' id='word_1_312' title='bbox 772 2908 787 2947; x_wconf 87' lang='lat'><strong>:</strong></span> <span class='ocrx_word' id='word_1_313' title='bbox 834 2891 1138 2949; x_wconf 88' lang='lat' dir='ltr'><strong>verisimile</strong></span> <span class='ocrx_word' id='word_1_314' title='bbox 1188 2893 1336 2950; x_wconf 90' lang='lat' dir='ltr'><strong>enim</strong></span> <span class='ocrx_word' id='word_1_315' title='bbox 1384 2892 1543 2949; x_wconf 91' lang='lat' dir='ltr'><strong>illum</strong></span> <span class='ocrx_word' id='word_1_316' title='bbox 1600 2908 1668 2949; x_wconf 85' lang='lat' dir='ltr'><strong>ex</strong></span> <span class='ocrx_word' id='word_1_317' title='bbox 1718 2893 2055 2965; x_wconf 89' lang='lat' dir='ltr'><strong>dispersione</strong></span> 
     </span>
    </p>
   </div>
   <div class='ocr_carea' id='block_1_37' title="bbox 2251 1436 3772 1525">
    <p class='ocr_par' dir='ltr' id='par_1_37' title="bbox 2251 1436 3772 1525">
     <span class='ocr_line' id='line_1_37' title="bbox 2251 1436 3772 1525; baseline 0 -18"><span class='ocrx_word' id='word_1_318' title='bbox 2251 1473 2274 1498; x_wconf 76' lang='grc' dir='ltr'><strong>α</strong></span> <span class='ocrx_word' id='word_1_319' title='bbox 2313 1448 2524 1524; x_wconf 82' lang='grc' dir='ltr'>Θωμᾶς</span> <span class='ocrx_word' id='word_1_320' title='bbox 2554 1445 2609 1505; x_wconf 86' lang='grc' dir='ltr'>δὲ</span> <span class='ocrx_word' id='word_1_321' title='bbox 2635 1436 2710 1514; x_wconf 76' lang='grc' dir='ltr'>εἷς</span> <span class='ocrx_word' id='word_1_322' title='bbox 2734 1446 2795 1505; x_wconf 83' lang='grc' dir='ltr'><strong>ἐκ</strong></span> <span class='ocrx_word' id='word_1_323' title='bbox 2822 1447 2928 1505; x_wconf 89' lang='grc' dir='ltr'><strong>τῶν</strong></span> <span class='ocrx_word' id='word_1_324' title='bbox 2958 1444 3197 1521; x_wconf 85' lang='grc' dir='ltr'>δώδεκα,</span> <span class='ocrx_word' id='word_1_325' title='bbox 3225 1447 3255 1505; x_wconf 82' lang='grc' dir='ltr'>ὁ</span> <span class='ocrx_word' id='word_1_326' title='bbox 3292 1443 3576 1525; x_wconf 88' lang='grc' dir='ltr'>λεγόμενος</span> <span class='ocrx_word' id='word_1_327' title='bbox 3605 1445 3772 1508; x_wconf 89' lang='grc' dir='ltr'>Δίδυ-</span> 
     </span>
    </p>
   </div>
   <div class='ocr_carea' id='block_1_38' title="bbox 2169 1526 3775 1614">
    <p class='ocr_par' dir='ltr' id='par_1_38' title="bbox 2169 1526 3775 1614">
     <span class='ocr_line' id='line_1_38' title="bbox 2169 1526 3775 1614; baseline 0.001 -20"><span class='ocrx_word' id='word_1_328' title='bbox 2169 1557 2295 1611; x_wconf 83' lang='grc' dir='ltr'>μος,</span> <span class='ocrx_word' id='word_1_329' title='bbox 2330 1537 2427 1595; x_wconf 83' lang='grc' dir='ltr'><strong>οὐκ</strong></span> <span class='ocrx_word' id='word_1_330' title='bbox 2461 1528 2525 1610; x_wconf 68' lang='grc' dir='ltr'><strong>ἦν</strong></span> <span class='ocrx_word' id='word_1_331' title='bbox 2572 1538 2691 1614; x_wconf 87' lang='grc' dir='ltr'>μετ’</span> <span class='ocrx_word' id='word_1_332' title='bbox 2719 1538 2891 1594; x_wconf 82' lang='grc' dir='ltr'>αὐτῶν</span> <span class='ocrx_word' id='word_1_333' title='bbox 2911 1580 2929 1614; x_wconf 84' lang='lat'><strong>,</strong></span> <span class='ocrx_word' id='word_1_334' title='bbox 2963 1534 3053 1594; x_wconf 77' lang='grc' dir='ltr'><strong>ὅτε</strong></span> <span class='ocrx_word' id='word_1_335' title='bbox 3083 1526 3244 1608; x_wconf 71' lang='grc' dir='ltr'>ἦλθεν</span> <span class='ocrx_word' id='word_1_336' title='bbox 3276 1539 3304 1594; x_wconf 80' lang='grc' dir='ltr'><strong>ὃ</strong></span> <span class='ocrx_word' id='word_1_337' title='bbox 3334 1533 3562 1609; x_wconf 76' lang='grc' dir='ltr'>Ἰησοῦς.</span> <span class='ocrx_word' id='word_1_338' title='bbox 3605 1535 3775 1598; x_wconf 83' lang='grc' dir='ltr'>Ἐλε-</span> 
     </span>
    </p>
   </div>
   <div class='ocr_carea' id='block_1_39' title="bbox 1805 1615 3776 1725">
    <p class='ocr_par' dir='ltr' id='par_1_39' title="bbox 1805 1615 3776 1725">
     <span class='ocr_line' id='line_1_39' title="bbox 1805 1615 3776 1725; baseline -0.002 -35"><span class='ocrx_word' id='word_1_339' title='bbox 1805 1633 2059 1690; x_wconf 83' lang='lat' dir='ltr'><strong>Vidimus</strong></span> <span class='ocrx_word' id='word_1_340' title='bbox 2089 1662 2138 1725; x_wconf 85' lang='lat' dir='ltr'><strong>B</strong></span> <span class='ocrx_word' id='word_1_341' title='bbox 2166 1647 2256 1725; x_wconf 71' lang='grc' dir='ltr'><strong>γον</strong></span> <span class='ocrx_word' id='word_1_342' title='bbox 2304 1615 2395 1685; x_wconf 62' lang='grc' dir='ltr'><strong>οὖν</strong></span> <span class='ocrx_word' id='word_1_343' title='bbox 2439 1628 2601 1725; x_wconf 43' lang='grc' dir='ltr'>,αὐτῶ</span> <span class='ocrx_word' id='word_1_344' title='bbox 2643 1628 2704 1725; x_wconf 53' lang='grc' dir='ltr'>οἱ</span> <span class='ocrx_word' id='word_1_345' title='bbox 2744 1624 2905 1725; x_wconf 60' lang='grc' dir='ltr'>ἄλλοι</span> <span class='ocrx_word' id='word_1_346' title='bbox 2944 1624 3212 1725; x_wconf 59' lang='grc' dir='ltr'>μαθηταί·</span> <span class='ocrx_word' id='word_1_347' title='bbox 3262 1623 3624 1725; x_wconf 54' lang='grc' dir='ltr'>Ἑωράκαμεν</span> <span class='ocrx_word' id='word_1_348' title='bbox 3678 1625 3776 1686; x_wconf 81' lang='grc' dir='ltr'><strong>τὸν</strong></span> 
     </span>
    </p>
   </div>
   <div class='ocr_carea' id='block_1_40' title="bbox 2167 1704 3776 1795">
    <p class='ocr_par' dir='ltr' id='par_1_40' title="bbox 2167 1704 3776 1795">
     <span class='ocr_line' id='line_1_40' title="bbox 2167 1704 3776 1795; baseline 0 -20"><span class='ocrx_word' id='word_1_349' title='bbox 2167 1713 2388 1795; x_wconf 85' lang='grc' dir='ltr'>Κύριον.</span> <span class='ocrx_word' id='word_1_350' title='bbox 2439 1715 2510 1775; x_wconf 87' lang='grc' dir='ltr'><strong>Ὃ</strong></span> <span class='ocrx_word' id='word_1_351' title='bbox 2555 1704 2611 1774; x_wconf 84' lang='grc' dir='ltr'>δὲ</span> <span class='ocrx_word' id='word_1_352' title='bbox 2657 1704 2802 1774; x_wconf 66' lang='grc' dir='ltr'>εἶπεν</span> <span class='ocrx_word' id='word_1_353' title='bbox 2846 1717 3024 1782; x_wconf 77' lang='grc' dir='ltr'>αὐτοῖς</span> <span class='ocrx_word' id='word_1_354' title='bbox 3048 1738 3063 1752; x_wconf 90' lang='grc'><strong>·</strong></span> <span class='ocrx_word' id='word_1_355' title='bbox 3111 1713 3246 1776; x_wconf 80' lang='lat' dir='ltr'><strong>’an</strong></span> <span class='ocrx_word' id='word_1_356' title='bbox 3290 1704 3510 1792; x_wconf 40' lang='lat' dir='ltr'><strong>uuida)</strong></span> <span class='ocrx_word' id='word_1_357' title='bbox 3556 1718 3611 1775; x_wconf 72' lang='grc' dir='ltr'>ἕν</span> <span class='ocrx_word' id='word_1_358' title='bbox 3652 1725 3776 1785; x_wconf 85' lang='grc' dir='ltr'>ταῖς</span> 
     </span>
    </p>
   </div>
   <div class='ocr_carea' id='block_1_41' title="bbox 2163 1803 3777 1886">
    <p class='ocr_par' dir='ltr' id='par_1_41' title="bbox 2163 1803 3777 1886">
     <span class='ocr_line' id='line_1_41' title="bbox 2163 1803 3777 1886; baseline 0.001 -23"><span class='ocrx_word' id='word_1_359' title='bbox 2163 1803 2350 1885; x_wconf 78' lang='grc' dir='ltr'>χερσὶν</span> <span class='ocrx_word' id='word_1_360' title='bbox 2406 1806 2566 1864; x_wconf 75' lang='grc' dir='ltr'>αὐτοῦ</span> <span class='ocrx_word' id='word_1_361' title='bbox 2618 1804 2707 1865; x_wconf 82' lang='grc' dir='ltr'><strong>τὸν</strong></span> <span class='ocrx_word' id='word_1_362' title='bbox 2748 1803 2915 1864; x_wconf 87' lang='grc' dir='ltr'>τύπον</span> <span class='ocrx_word' id='word_1_363' title='bbox 2967 1807 3072 1864; x_wconf 87' lang='grc' dir='ltr'><strong>τῶν</strong></span> <span class='ocrx_word' id='word_1_364' title='bbox 3123 1803 3307 1879; x_wconf 74' lang='grc' dir='ltr'>ἥλων,</span> <span class='ocrx_word' id='word_1_365' title='bbox 3359 1804 3452 1865; x_wconf 95' lang='lat' dir='ltr'><strong>xui</strong></span> <span class='ocrx_word' id='word_1_366' title='bbox 3498 1805 3650 1886; x_wconf 87' lang='grc' dir='ltr'>βάλω</span> <span class='ocrx_word' id='word_1_367' title='bbox 3679 1808 3777 1865; x_wconf 85' lang='grc' dir='ltr'><strong>τὸν</strong></span> 
     </span>
    </p>
   </div>
   <div class='ocr_carea' id='block_1_42' title="bbox 2165 1893 3779 1976">
    <p class='ocr_par' dir='ltr' id='par_1_42' title="bbox 2165 1893 3779 1976">
     <span class='ocr_line' id='line_1_42' title="bbox 2165 1893 3779 1976; baseline 0.001 -23"><span class='ocrx_word' id='word_1_368' title='bbox 2165 1893 2424 1955; x_wconf 84' lang='grc' dir='ltr'>δάκτυλόν</span> <span class='ocrx_word' id='word_1_369' title='bbox 2475 1918 2577 1973; x_wconf 88' lang='grc' dir='ltr'><strong>μου</strong></span> <span class='ocrx_word' id='word_1_370' title='bbox 2628 1899 2703 1963; x_wconf 85' lang='grc' dir='ltr'>εἷς</span> <span class='ocrx_word' id='word_1_371' title='bbox 2730 1893 2821 1953; x_wconf 80' lang='grc' dir='ltr'><strong>τὸν</strong></span> <span class='ocrx_word' id='word_1_372' title='bbox 2870 1894 3037 1954; x_wconf 90' lang='grc' dir='ltr'>τύπον</span> <span class='ocrx_word' id='word_1_373' title='bbox 3088 1897 3197 1954; x_wconf 90' lang='grc' dir='ltr'><strong>τῶν</strong></span> <span class='ocrx_word' id='word_1_374' title='bbox 3254 1894 3436 1971; x_wconf 79' lang='grc' dir='ltr'>ἥλων,</span> <span class='ocrx_word' id='word_1_375' title='bbox 3474 1894 3569 1954; x_wconf 87' lang='lat' dir='ltr'><strong>xui</strong></span> <span class='ocrx_word' id='word_1_376' title='bbox 3620 1896 3779 1976; x_wconf 85' lang='grc' dir='ltr'>βάλω</span> 
     </span>
    </p>
   </div>
   <div class='ocr_carea' id='block_1_43' title="bbox 2164 1982 3779 2067">
    <p class='ocr_par' dir='ltr' id='par_1_43' title="bbox 2164 1982 3779 2067">
     <span class='ocr_line' id='line_1_43' title="bbox 2164 1982 3779 2067; baseline 0.001 -25"><span class='ocrx_word' id='word_1_377' title='bbox 2164 1982 2260 2056; x_wconf 80' lang='grc' dir='ltr'><strong>τὴν</strong></span> <span class='ocrx_word' id='word_1_378' title='bbox 2305 1983 2462 2067; x_wconf 83' lang='grc' dir='ltr'>χεῖρά</span> <span class='ocrx_word' id='word_1_379' title='bbox 2508 2008 2610 2065; x_wconf 91' lang='grc' dir='ltr'><strong>μου</strong></span> <span class='ocrx_word' id='word_1_380' title='bbox 2660 1985 2731 2051; x_wconf 77' lang='grc' dir='ltr'>εἷς</span> <span class='ocrx_word' id='word_1_381' title='bbox 2771 1982 2866 2056; x_wconf 81' lang='grc' dir='ltr'><strong>τὴν</strong></span> <span class='ocrx_word' id='word_1_382' title='bbox 2920 1983 3157 2065; x_wconf 82' lang='grc' dir='ltr'>πλευρὰν</span> <span class='ocrx_word' id='word_1_383' title='bbox 3208 1985 3417 2067; x_wconf 77' lang='grc' dir='ltr'>αὐτοῦ,</span> <span class='ocrx_word' id='word_1_384' title='bbox 3447 1986 3507 2044; x_wconf 84' lang='grc' dir='ltr'>οὗ</span> <span class='ocrx_word' id='word_1_385' title='bbox 3556 1982 3631 2058; x_wconf 84' lang='grc' dir='ltr'><strong>μὴ</strong></span> <span class='ocrx_word' id='word_1_386' title='bbox 3680 2009 3779 2045; x_wconf 85' lang='grc' dir='ltr'>πι-</span> 
     </span>
    </p>
   </div>
   <div class='ocr_carea' id='block_1_44' title="bbox 2166 2066 3779 2154">
    <p class='ocr_par' dir='ltr' id='par_1_44' title="bbox 2166 2066 3779 2154">
     <span class='ocr_line' id='line_1_44' title="bbox 2166 2066 3779 2154; baseline 0.002 -20"><span class='ocrx_word' id='word_1_387' title='bbox 2166 2066 2408 2136; x_wconf 65' lang='grc' dir='ltr'>στεύσω.</span> <span class='ocrx_word' id='word_1_388' title='bbox 2433 2074 2544 2135; x_wconf 82' lang='grc' dir='ltr'><strong>Καὶ</strong></span> <span class='ocrx_word' id='word_1_389' title='bbox 2594 2073 2709 2153; x_wconf 88' lang='grc' dir='ltr'>μεθ’</span> <span class='ocrx_word' id='word_1_390' title='bbox 2738 2073 2945 2154; x_wconf 81' lang='grc' dir='ltr'>ἡμέρας</span> <span class='ocrx_word' id='word_1_391' title='bbox 2995 2072 3136 2135; x_wconf 83' lang='grc' dir='ltr'>ὀκτὼ</span> <span class='ocrx_word' id='word_1_392' title='bbox 3186 2074 3352 2135; x_wconf 91' lang='grc' dir='ltr'>πάλιν</span> <span class='ocrx_word' id='word_1_393' title='bbox 3401 2066 3541 2150; x_wconf 72' lang='grc' dir='ltr'>ἦσαν</span> <span class='ocrx_word' id='word_1_394' title='bbox 3584 2075 3691 2137; x_wconf 74' lang='grc' dir='ltr'>ἔσω</span> <span class='ocrx_word' id='word_1_395' title='bbox 3718 2080 3779 2137; x_wconf 77' lang='grc' dir='ltr'>οἱ</span> 
     </span>
    </p>
   </div>
   <div class='ocr_carea' id='block_1_45' title="bbox 2167 2162 3778 2247">
    <p class='ocr_par' dir='ltr' id='par_1_45' title="bbox 2167 2162 3778 2247">
     <span class='ocr_line' id='line_1_45' title="bbox 2167 2162 3778 2247; baseline 0.002 -24"><span class='ocrx_word' id='word_1_396' title='bbox 2167 2167 2405 2242; x_wconf 65' lang='grc' dir='ltr'><strong>μαθηταὶ⁸</strong></span> <span class='ocrx_word' id='word_1_397' title='bbox 2445 2166 2645 2238; x_wconf 73' lang='grc' dir='ltr'>αὐτοῦ,</span> <span class='ocrx_word' id='word_1_398' title='bbox 2685 2163 2779 2224; x_wconf 91' lang='lat' dir='ltr'><strong>xui</strong></span> <span class='ocrx_word' id='word_1_399' title='bbox 2810 2166 3020 2243; x_wconf 77' lang='grc' dir='ltr'>Θωμᾶς</span> <span class='ocrx_word' id='word_1_400' title='bbox 3060 2168 3177 2243; x_wconf 83' lang='grc' dir='ltr'>μετ’</span> <span class='ocrx_word' id='word_1_401' title='bbox 3209 2167 3411 2227; x_wconf 78' lang='grc' dir='ltr'>αὐτῶν.</span> <span class='ocrx_word' id='word_1_402' title='bbox 3444 2162 3713 2247; x_wconf 86' lang='grc' dir='ltr'>Ἔρχεται</span> <span class='ocrx_word' id='word_1_403' title='bbox 3741 2171 3778 2227; x_wconf 84' lang='grc' dir='ltr'>ὁ</span> 
     </span>
    </p>
   </div>
   <div class='ocr_carea' id='block_1_46' title="bbox 2166 2253 3781 2335">
    <p class='ocr_par' dir='ltr' id='par_1_46' title="bbox 2166 2253 3781 2335">
     <span class='ocr_line' id='line_1_46' title="bbox 2166 2253 3781 2335; baseline 0 -19"><span class='ocrx_word' id='word_1_404' title='bbox 2166 2253 2371 2329; x_wconf 78' lang='grc' dir='ltr'>Ἰησοῦς</span> <span class='ocrx_word' id='word_1_405' title='bbox 2417 2258 2525 2315; x_wconf 88' lang='grc' dir='ltr'><strong>τῶν</strong></span> <span class='ocrx_word' id='word_1_406' title='bbox 2558 2256 2748 2335; x_wconf 5' lang='grc' dir='ltr'>,θυρῶν</span> <span class='ocrx_word' id='word_1_407' title='bbox 2789 2255 3218 2333; x_wconf 80' lang='grc' dir='ltr'>κεκλεισμένων,</span> <span class='ocrx_word' id='word_1_408' title='bbox 3265 2255 3359 2314; x_wconf 91' lang='lat' dir='ltr'><strong>xui</strong></span> <span class='ocrx_word' id='word_1_409' title='bbox 3410 2254 3543 2330; x_wconf 83' lang='grc' dir='ltr'><strong>ἔστη</strong></span> <span class='ocrx_word' id='word_1_410' title='bbox 3592 2258 3665 2324; x_wconf 79' lang='grc' dir='ltr'><strong>εἰς</strong></span> <span class='ocrx_word' id='word_1_411' title='bbox 3708 2255 3781 2316; x_wconf 76' lang='grc' dir='ltr'>τὸ</span> 
     </span>
    </p>
   </div>
   <div class='ocr_carea' id='block_1_47' title="bbox 2166 2333 3784 2427">
    <p class='ocr_par' dir='ltr' id='par_1_47' title="bbox 2166 2333 3784 2427">
     <span class='ocr_line' id='line_1_47' title="bbox 2166 2333 3784 2427; baseline 0.004 -25"><span class='ocrx_word' id='word_1_412' title='bbox 2166 2347 2330 2422; x_wconf 82' lang='grc' dir='ltr'>μέσον</span> <span class='ocrx_word' id='word_1_413' title='bbox 2351 2389 2369 2424; x_wconf 89' lang='grc'><strong>,</strong></span> <span class='ocrx_word' id='word_1_414' title='bbox 2395 2344 2489 2405; x_wconf 88' lang='lat' dir='ltr'><strong>xui</strong></span> <span class='ocrx_word' id='word_1_415' title='bbox 2532 2333 2699 2404; x_wconf 67' lang='grc' dir='ltr'>εἶπεν·</span> <span class='ocrx_word' id='word_1_416' title='bbox 2728 2344 2936 2424; x_wconf 76' lang='grc' dir='ltr'>Εἰρήνη</span> <span class='ocrx_word' id='word_1_417' title='bbox 2988 2348 3132 2427; x_wconf 58' lang='grc' dir='ltr'>ὗμῖν.</span> <span class='ocrx_word' id='word_1_418' title='bbox 3180 2335 3319 2406; x_wconf 70' lang='grc' dir='ltr'>Εἶτα</span> <span class='ocrx_word' id='word_1_419' title='bbox 3352 2344 3497 2423; x_wconf 82' lang='grc' dir='ltr'>λέγει</span> <span class='ocrx_word' id='word_1_420' title='bbox 3525 2346 3603 2427; x_wconf 76' lang='grc' dir='ltr'><strong>τῷ</strong></span> <span class='ocrx_word' id='word_1_421' title='bbox 3650 2350 3784 2408; x_wconf 83' lang='grc' dir='ltr'>Θω-</span> 
     </span>
    </p>
   </div>
   <div class='ocr_carea' id='block_1_48' title="bbox 2164 2426 3778 2517">
    <p class='ocr_par' dir='ltr' id='par_1_48' title="bbox 2164 2426 3778 2517">
     <span class='ocr_line' id='line_1_48' title="bbox 2164 2426 3778 2517; baseline -0.001 -21"><span class='ocrx_word' id='word_1_422' title='bbox 2164 2443 2264 2516; x_wconf 75' lang='grc' dir='ltr'>μᾷ*</span> <span class='ocrx_word' id='word_1_423' title='bbox 2318 2434 2467 2517; x_wconf 87' lang='grc' dir='ltr'>Φέρε</span> <span class='ocrx_word' id='word_1_424' title='bbox 2494 2436 2580 2495; x_wconf 80' lang='grc' dir='ltr'><strong>τὸν</strong></span> <span class='ocrx_word' id='word_1_425' title='bbox 2611 2433 2871 2496; x_wconf 84' lang='grc' dir='ltr'>δάκτυλόν</span> <span class='ocrx_word' id='word_1_426' title='bbox 2918 2459 3016 2496; x_wconf 90' lang='grc' dir='ltr'><strong>σου</strong></span> <span class='ocrx_word' id='word_1_427' title='bbox 3048 2426 3189 2507; x_wconf 66' lang='grc' dir='ltr'>ὧδε,</span> <span class='ocrx_word' id='word_1_428' title='bbox 3225 2434 3319 2495; x_wconf 89' lang='lat' dir='ltr'><strong>xui</strong></span> <span class='ocrx_word' id='word_1_429' title='bbox 3350 2433 3429 2496; x_wconf 85' lang='grc' dir='ltr'><strong>ἴδε</strong></span> <span class='ocrx_word' id='word_1_430' title='bbox 3459 2434 3554 2503; x_wconf 74' lang='grc' dir='ltr'><strong>τὰς</strong></span> <span class='ocrx_word' id='word_1_431' title='bbox 3576 2426 3778 2515; x_wconf 15' lang='grc' dir='ltr'>ίχεῖράς</span> 
     </span>
    </p>
   </div>
   <div class='ocr_carea' id='block_1_49' title="bbox 2164 2523 3782 2608">
    <p class='ocr_par' dir='ltr' id='par_1_49' title="bbox 2164 2523 3782 2608">
     <span class='ocr_line' id='line_1_49' title="bbox 2164 2523 3782 2608; baseline 0.001 -25"><span class='ocrx_word' id='word_1_432' title='bbox 2164 2547 2266 2603; x_wconf 90' lang='grc' dir='ltr'><strong>μου</strong></span> <span class='ocrx_word' id='word_1_433' title='bbox 2285 2569 2303 2600; x_wconf 94' lang='grc'><strong>,</strong></span> <span class='ocrx_word' id='word_1_434' title='bbox 2337 2525 2431 2585; x_wconf 88' lang='lat' dir='ltr'><strong>xui</strong></span> <span class='ocrx_word' id='word_1_435' title='bbox 2463 2525 2590 2608; x_wconf 80' lang='grc' dir='ltr'>φέρε</span> <span class='ocrx_word' id='word_1_436' title='bbox 2614 2524 2711 2597; x_wconf 82' lang='grc' dir='ltr'><strong>τὴν</strong></span> <span class='ocrx_word' id='word_1_437' title='bbox 2741 2524 2899 2605; x_wconf 80' lang='grc' dir='ltr'>χεῖρά</span> <span class='ocrx_word' id='word_1_438' title='bbox 2932 2548 3058 2601; x_wconf 91' lang='grc' dir='ltr'>σου,</span> <span class='ocrx_word' id='word_1_439' title='bbox 3088 2524 3181 2585; x_wconf 91' lang='lat' dir='ltr'><strong>xui</strong></span> <span class='ocrx_word' id='word_1_440' title='bbox 3214 2524 3349 2605; x_wconf 82' lang='grc' dir='ltr'>βάλε</span> <span class='ocrx_word' id='word_1_441' title='bbox 3375 2529 3450 2593; x_wconf 82' lang='grc' dir='ltr'>εἷς</span> <span class='ocrx_word' id='word_1_442' title='bbox 3480 2523 3579 2597; x_wconf 77' lang='grc' dir='ltr'><strong>τὴν</strong></span> <span class='ocrx_word' id='word_1_443' title='bbox 3609 2526 3782 2585; x_wconf 84' lang='grc' dir='ltr'>πλευ-</span> 
     </span>
    </p>
   </div>
   <div class='ocr_carea' id='block_1_50' title="bbox 2164 2613 3783 2695">
    <p class='ocr_par' dir='ltr' id='par_1_50' title="bbox 2164 2613 3783 2695">
     <span class='ocr_line' id='line_1_50' title="bbox 2164 2613 3783 2695; baseline 0.001 -22"><span class='ocrx_word' id='word_1_444' title='bbox 2164 2616 2260 2695; x_wconf 91' lang='grc' dir='ltr'><strong>ράν</strong></span> <span class='ocrx_word' id='word_1_445' title='bbox 2305 2639 2441 2693; x_wconf 88' lang='grc' dir='ltr'>μου,</span> <span class='ocrx_word' id='word_1_446' title='bbox 2490 2615 2585 2675; x_wconf 82' lang='grc' dir='ltr'><strong>καὶ</strong></span> <span class='ocrx_word' id='word_1_447' title='bbox 2617 2613 2693 2693; x_wconf 84' lang='grc' dir='ltr'>μὴ</span> <span class='ocrx_word' id='word_1_448' title='bbox 2735 2613 2883 2695; x_wconf 86' lang='grc' dir='ltr'>γίνου</span> <span class='ocrx_word' id='word_1_449' title='bbox 2926 2614 3149 2683; x_wconf 84' lang='grc' dir='ltr'>ἄπιστος</span> <span class='ocrx_word' id='word_1_450' title='bbox 3175 2660 3193 2695; x_wconf 87' lang='grc'><strong>,</strong></span> <span class='ocrx_word' id='word_1_451' title='bbox 3241 2614 3383 2675; x_wconf 79' lang='grc' dir='ltr'>ἀλλὰ</span> <span class='ocrx_word' id='word_1_452' title='bbox 3410 2614 3615 2683; x_wconf 86' lang='grc' dir='ltr'>πιστός.</span> <span class='ocrx_word' id='word_1_453' title='bbox 3648 2614 3783 2676; x_wconf 81' lang='grc' dir='ltr'><strong>Ἅπ-</strong></span> 
     </span>
    </p>
   </div>
   <div class='ocr_carea' id='block_1_51' title="bbox 2160 2694 3781 2787">
    <p class='ocr_par' dir='ltr' id='par_1_51' title="bbox 2160 2694 3781 2787">
     <span class='ocr_line' id='line_1_51' title="bbox 2160 2694 3781 2787; baseline 0.001 -24"><span class='ocrx_word' id='word_1_454' title='bbox 2160 2694 2344 2787; x_wconf 85' lang='grc' dir='ltr'>εκρίθη</span> <span class='ocrx_word' id='word_1_455' title='bbox 2373 2706 2615 2782; x_wconf 81' lang='grc' dir='ltr'>Θωμᾶς,</span> <span class='ocrx_word' id='word_1_456' title='bbox 2635 2704 2728 2765; x_wconf 90' lang='lat' dir='ltr'><strong>xui</strong></span> <span class='ocrx_word' id='word_1_457' title='bbox 2754 2694 2920 2764; x_wconf 76' lang='grc' dir='ltr'>εἶπενο</span> <span class='ocrx_word' id='word_1_458' title='bbox 2950 2706 3022 2768; x_wconf 86' lang='grc' dir='ltr'><strong>Ὀ</strong></span> <span class='ocrx_word' id='word_1_459' title='bbox 3053 2694 3251 2787; x_wconf 82' lang='grc' dir='ltr'>Κύριός</span> <span class='ocrx_word' id='word_1_460' title='bbox 3282 2728 3417 2781; x_wconf 89' lang='grc' dir='ltr'>μου,</span> <span class='ocrx_word' id='word_1_461' title='bbox 3449 2704 3544 2765; x_wconf 86' lang='lat' dir='ltr'><strong>xui</strong></span> <span class='ocrx_word' id='word_1_462' title='bbox 3574 2709 3603 2764; x_wconf 85' lang='grc' dir='ltr'>ὁ</span> <span class='ocrx_word' id='word_1_463' title='bbox 3630 2705 3781 2777; x_wconf 82' lang='grc' dir='ltr'>Θεός</span> 
     </span>
    </p>
   </div>
   <div class='ocr_carea' id='block_1_52' title="bbox 2164 2794 3773 2879">
    <p class='ocr_par' dir='ltr' id='par_1_52' title="bbox 2164 2794 3773 2879">
     <span class='ocr_line' id='line_1_52' title="bbox 2164 2794 3773 2879; baseline 0.001 -25"><span class='ocrx_word' id='word_1_464' title='bbox 2164 2818 2290 2874; x_wconf 90' lang='grc' dir='ltr'>μου.</span> <span class='ocrx_word' id='word_1_465' title='bbox 2323 2796 2483 2878; x_wconf 81' lang='grc' dir='ltr'>Λέγει</span> <span class='ocrx_word' id='word_1_466' title='bbox 2523 2797 2669 2877; x_wconf 79' lang='grc' dir='ltr'>αὐτῷ</span> <span class='ocrx_word' id='word_1_467' title='bbox 2714 2798 2742 2854; x_wconf 85' lang='grc' dir='ltr'>ὃ</span> <span class='ocrx_word' id='word_1_468' title='bbox 2786 2794 3020 2870; x_wconf 72' lang='grc' dir='ltr'>Ἰησοῦςο</span> <span class='ocrx_word' id='word_1_469' title='bbox 3072 2795 3210 2856; x_wconf 86' lang='grc' dir='ltr'>Ὅτι</span> <span class='ocrx_word' id='word_1_470' title='bbox 3250 2794 3494 2879; x_wconf 75' lang='grc' dir='ltr'>ἑώρακάς</span> <span class='ocrx_word' id='word_1_471' title='bbox 3539 2819 3641 2875; x_wconf 85' lang='grc' dir='ltr'><strong>με,</strong></span> <span class='ocrx_word' id='word_1_472' title='bbox 3665 2818 3773 2855; x_wconf 82' lang='grc' dir='ltr'>πε-</span> 
     </span>
    </p>
   </div>
   <div class='ocr_carea' id='block_1_53' title="bbox 2161 2884 3776 2968">
    <p class='ocr_par' dir='ltr' id='par_1_53' title="bbox 2161 2884 3776 2968">
     <span class='ocr_line' id='line_1_53' title="bbox 2161 2884 3776 2968; baseline 0.001 -24"><span class='ocrx_word' id='word_1_473' title='bbox 2161 2887 2470 2954; x_wconf 85' lang='grc' dir='ltr'>πίστευκας·</span> <span class='ocrx_word' id='word_1_474' title='bbox 2501 2885 2760 2968; x_wconf 87' lang='grc' dir='ltr'>μακάριοι</span> <span class='ocrx_word' id='word_1_475' title='bbox 2811 2887 2861 2944; x_wconf 75' lang='grc' dir='ltr'>οἱ</span> <span class='ocrx_word' id='word_1_476' title='bbox 2908 2884 2985 2964; x_wconf 86' lang='grc' dir='ltr'><strong>μὴ</strong></span> <span class='ocrx_word' id='word_1_477' title='bbox 3019 2885 3215 2954; x_wconf 79' lang='grc' dir='ltr'>ἰδόντες</span> <span class='ocrx_word' id='word_1_478' title='bbox 3238 2930 3257 2962; x_wconf 91' lang='grc'><strong>,</strong></span> <span class='ocrx_word' id='word_1_479' title='bbox 3308 2885 3402 2945; x_wconf 80' lang='grc' dir='ltr'><strong>καὶ</strong></span> <span class='ocrx_word' id='word_1_480' title='bbox 3445 2884 3776 2947; x_wconf 87' lang='grc' dir='ltr'>πιστεύσαν-</span> 
     </span>
    </p>
   </div>
   <div class='ocr_carea' id='block_1_54' title="bbox 444 2968 2054 3083">
    <p class='ocr_par' dir='ltr' id='par_1_54' title="bbox 444 2979 2053 3057">
     <span class='ocr_line' id='line_1_54' title="bbox 444 2979 2053 3057; baseline 0.001 -20"><span class='ocrx_word' id='word_1_481' title='bbox 444 2979 697 3038; x_wconf 89' lang='lat' dir='ltr'><strong>nondum</strong></span> <span class='ocrx_word' id='word_1_482' title='bbox 725 2979 894 3038; x_wconf 87' lang='lat' dir='ltr'><strong>fuisse</strong></span> <span class='ocrx_word' id='word_1_483' title='bbox 922 2991 1340 3057; x_wconf 86' lang='lat' dir='ltr'><strong>congregatum.</strong></span> <span class='ocrx_word' id='word_1_484' title='bbox 1369 2982 1517 3053; x_wconf 86' lang='lat' dir='ltr'><strong>Quid</strong></span> <span class='ocrx_word' id='word_1_485' title='bbox 1541 2991 1724 3039; x_wconf 91' lang='lat' dir='ltr'><strong>autem</strong></span> <span class='ocrx_word' id='word_1_486' title='bbox 1755 2990 1863 3051; x_wconf 90' lang='lat' dir='ltr'><strong>est,</strong></span> <span class='ocrx_word' id='word_1_487' title='bbox 1897 3006 1922 3031; x_wconf 79' lang='grc' dir='ltr'><strong>ιι</strong></span> <span class='ocrx_word' id='word_1_488' title='bbox 1948 2982 2053 3055; x_wconf 88' lang='lat' dir='ltr'><strong>Qui</strong></span> 
     </span>
    </p>
   </div>
   <div class='ocr_carea' id='block_1_55' title="bbox 2166 2968 3776 3083">
    <p class='ocr_par' dir='ltr' id='par_1_55' title="bbox 2166 2968 3776 3083">
     <span class='ocr_line' id='line_1_55' title="bbox 2166 2968 3776 3083; baseline 0.001 -49"><span class='ocrx_word' id='word_1_489' title='bbox 2166 2999 2273 3083; x_wconf 70' lang='grc' dir='ltr'>τες.</span> <span class='ocrx_word' id='word_1_490' title='bbox 2309 3003 2332 3030; x_wconf 71' lang='grc' dir='ltr'><strong><em>ι</em></strong></span> <span class='ocrx_word' id='word_1_491' title='bbox 2386 2978 2506 3037; x_wconf 82' lang='grc' dir='ltr'>Οὔκ</span> <span class='ocrx_word' id='word_1_492' title='bbox 2551 2968 2616 3049; x_wconf 77' lang='grc' dir='ltr'><strong>ἧν</strong></span> <span class='ocrx_word' id='word_1_493' title='bbox 2646 2978 2676 3034; x_wconf 82' lang='grc' dir='ltr'>ὁ</span> <span class='ocrx_word' id='word_1_494' title='bbox 2710 2976 2921 3055; x_wconf 78' lang='grc' dir='ltr'>Θωμᾶς</span> <span class='ocrx_word' id='word_1_495' title='bbox 2968 2977 3108 3054; x_wconf 82' lang='grc' dir='ltr'>μετὰ</span> <span class='ocrx_word' id='word_1_496' title='bbox 3136 2980 3248 3083; x_wconf 63' lang='grc' dir='ltr'><strong>τῶν</strong></span> <span class='ocrx_word' id='word_1_497' title='bbox 3298 2979 3575 3055; x_wconf 88' lang='grc' dir='ltr'>μαθητῶν’</span> <span class='ocrx_word' id='word_1_498' title='bbox 3627 2975 3776 3045; x_wconf 78' lang='grc' dir='ltr'>εἰκὸς</span> 
     </span>
    </p>
   </div>
   <div class='ocr_carea' id='block_1_56' title="bbox 444 3070 2044 3145">
    <p class='ocr_par' dir='ltr' id='par_1_56' title="bbox 444 3070 2044 3145">
     <span class='ocr_line' id='line_1_56' title="bbox 444 3070 2044 3145; baseline 0.001 -17"><span class='ocrx_word' id='word_1_499' title='bbox 444 3070 643 3128; x_wconf 90' lang='lat' dir='ltr'><strong>dicitur</strong></span> <span class='ocrx_word' id='word_1_500' title='bbox 660 3070 970 3145; x_wconf 80' lang='lat' dir='ltr'><strong>Didymus?</strong></span> <span class='ocrx_word' id='word_1_501' title='bbox 985 3096 1010 3121; x_wconf 76' lang='grc' dir='ltr'><strong>υ</strong></span> <span class='ocrx_word' id='word_1_502' title='bbox 1025 3073 1414 3145; x_wconf 88' lang='lat' dir='ltr'><strong>Interpretatio</strong></span> <span class='ocrx_word' id='word_1_503' title='bbox 1431 3082 1515 3129; x_wconf 92' lang='lat' dir='ltr'><strong>est</strong></span> <span class='ocrx_word' id='word_1_504' title='bbox 1528 3072 1770 3130; x_wconf 88' lang='lat' dir='ltr'><strong>nominis</strong></span> <span class='ocrx_word' id='word_1_505' title='bbox 1782 3073 2044 3130; x_wconf 91' lang='lat' dir='ltr'><strong>Thomas.</strong></span> 
     </span>
    </p>
   </div>
   <div class='ocr_carea' id='block_1_57' title="bbox 447 3160 2050 3237">
    <p class='ocr_par' dir='ltr' id='par_1_57' title="bbox 447 3160 2050 3237">
     <span class='ocr_line' id='line_1_57' title="bbox 447 3160 2050 3237; baseline 0.001 -20"><span class='ocrx_word' id='word_1_506' title='bbox 447 3160 936 3234; x_wconf 88' lang='lat' dir='ltr'><strong>Quemadmodum</strong></span> <span class='ocrx_word' id='word_1_507' title='bbox 957 3162 1109 3218; x_wconf 91' lang='lat' dir='ltr'><strong>enim</strong></span> <span class='ocrx_word' id='word_1_508' title='bbox 1127 3161 1344 3235; x_wconf 88' lang='lat' dir='ltr'><strong>Cephas</strong></span> <span class='ocrx_word' id='word_1_509' title='bbox 1362 3162 1787 3237; x_wconf 87' lang='lat' dir='ltr'><strong>interpretamur</strong></span> <span class='ocrx_word' id='word_1_510' title='bbox 1806 3165 2050 3230; x_wconf 81' lang='lat' dir='ltr'><strong>Petrum,</strong></span> 
     </span>
    </p>
   </div>
   <div class='ocr_carea' id='block_1_58' title="bbox 443 3250 2050 3326">
    <p class='ocr_par' dir='ltr' id='par_1_58' title="bbox 443 3250 2050 3326">
     <span class='ocr_line' id='line_1_58' title="bbox 443 3250 2050 3326; baseline 0.002 -19"><span class='ocrx_word' id='word_1_511' title='bbox 443 3250 524 3308; x_wconf 87' lang='lat' dir='ltr'><strong>sic</strong></span> <span class='ocrx_word' id='word_1_512' title='bbox 572 3258 630 3309; x_wconf 92' lang='lat' dir='ltr'><strong>et</strong></span> <span class='ocrx_word' id='word_1_513' title='bbox 677 3250 920 3309; x_wconf 92' lang='lat' dir='ltr'><strong>Thomas</strong></span> <span class='ocrx_word' id='word_1_514' title='bbox 968 3251 1194 3321; x_wconf 89' lang='lat' dir='ltr'><strong>dicitur,</strong></span> <span class='ocrx_word' id='word_1_515' title='bbox 1250 3252 1359 3310; x_wconf 91' lang='lat' dir='ltr'><strong>hoc</strong></span> <span class='ocrx_word' id='word_1_516' title='bbox 1408 3260 1513 3324; x_wconf 89' lang='lat' dir='ltr'><strong>est,</strong></span> <span class='ocrx_word' id='word_1_517' title='bbox 1563 3253 1610 3310; x_wconf 92' lang='lat' dir='ltr'><strong>si</strong></span> <span class='ocrx_word' id='word_1_518' title='bbox 1658 3253 2050 3326; x_wconf 90' lang='lat' dir='ltr'><strong>interpreteris,</strong></span> 
     </span>
    </p>
   </div>
   <div class='ocr_carea' id='block_1_59' title="bbox 442 3343 2048 3416">
    <p class='ocr_par' dir='ltr' id='par_1_59' title="bbox 442 3343 2048 3416">
     <span class='ocr_line' id='line_1_59' title="bbox 442 3343 2048 3416; baseline 0.002 -19"><span class='ocrx_word' id='word_1_519' title='bbox 442 3348 606 3397; x_wconf 89' lang='lat' dir='ltr'><strong>sonat</strong></span> <span class='ocrx_word' id='word_1_520' title='bbox 632 3343 901 3413; x_wconf 76' lang='lat' dir='ltr'><strong>Didymus</strong></span> <span class='ocrx_word' id='word_1_521' title='bbox 946 3360 964 3395; x_wconf 90' lang='lat'><strong><em>:</em></strong></span> <span class='ocrx_word' id='word_1_522' title='bbox 1011 3343 1212 3400; x_wconf 89' lang='lat' dir='ltr'><strong>Merito</strong></span> <span class='ocrx_word' id='word_1_523' title='bbox 1257 3352 1449 3400; x_wconf 88' lang='lat' dir='ltr'><strong>autem</strong></span> <span class='ocrx_word' id='word_1_524' title='bbox 1497 3343 1747 3400; x_wconf 89' lang='lat' dir='ltr'><strong>meminit</strong></span> <span class='ocrx_word' id='word_1_525' title='bbox 1776 3343 2048 3416; x_wconf 89' lang='lat' dir='ltr'><strong>interpre-</strong></span> 
     </span>
    </p>
   </div>
   <div class='ocr_carea' id='block_1_60' title="bbox 442 3430 2055 3506">
    <p class='ocr_par' dir='ltr' id='par_1_60' title="bbox 442 3430 2055 3506">
     <span class='ocr_line' id='line_1_60' title="bbox 442 3430 2055 3506; baseline 0.001 -19"><span class='ocrx_word' id='word_1_526' title='bbox 442 3430 665 3488; x_wconf 90' lang='lat' dir='ltr'><strong>tationis</strong></span> <span class='ocrx_word' id='word_1_527' title='bbox 687 3431 807 3504; x_wconf 89' lang='lat' dir='ltr'><strong>ejus</strong></span> <span class='ocrx_word' id='word_1_528' title='bbox 830 3431 1093 3501; x_wconf 90' lang='lat' dir='ltr'><strong>nominis,</strong></span> <span class='ocrx_word' id='word_1_529' title='bbox 1124 3441 1188 3489; x_wconf 92' lang='lat' dir='ltr'><strong>ut</strong></span> <span class='ocrx_word' id='word_1_530' title='bbox 1215 3433 1476 3490; x_wconf 90' lang='lat' dir='ltr'><strong>ostendat</strong></span> <span class='ocrx_word' id='word_1_531' title='bbox 1511 3432 1676 3490; x_wconf 91' lang='lat' dir='ltr'><strong>nobis</strong></span> <span class='ocrx_word' id='word_1_532' title='bbox 1705 3433 1855 3506; x_wconf 89' lang='lat' dir='ltr'><strong>quod</strong></span> <span class='ocrx_word' id='word_1_533' title='bbox 1885 3432 2055 3489; x_wconf 90' lang='lat' dir='ltr'><strong>dubi-</strong></span> 
     </span>
    </p>
   </div>
   <div class='ocr_carea' id='block_1_61' title="bbox 441 3522 2058 3596">
    <p class='ocr_par' dir='ltr' id='par_1_61' title="bbox 441 3522 2058 3596">
     <span class='ocr_line' id='line_1_61' title="bbox 441 3522 2058 3596; baseline 0 -19"><span class='ocrx_word' id='word_1_534' title='bbox 441 3528 589 3578; x_wconf 89' lang='lat' dir='ltr'><strong>tator</strong></span> <span class='ocrx_word' id='word_1_535' title='bbox 628 3522 854 3595; x_wconf 86' lang='lat' dir='ltr'><strong>quidam</strong></span> <span class='ocrx_word' id='word_1_536' title='bbox 878 3522 967 3592; x_wconf 92' lang='lat' dir='ltr'><strong>sit,</strong></span> <span class='ocrx_word' id='word_1_537' title='bbox 1009 3531 1064 3579; x_wconf 90' lang='lat' dir='ltr'><strong>et</strong></span> <span class='ocrx_word' id='word_1_538' title='bbox 1102 3523 1158 3580; x_wconf 91' lang='lat' dir='ltr'><strong>id</strong></span> <span class='ocrx_word' id='word_1_539' title='bbox 1183 3523 1302 3579; x_wconf 90' lang='lat' dir='ltr'><strong>vitii</strong></span> <span class='ocrx_word' id='word_1_540' title='bbox 1330 3540 1361 3580; x_wconf 89' lang='lat' dir='ltr'><strong>a</strong></span> <span class='ocrx_word' id='word_1_541' title='bbox 1391 3523 1658 3596; x_wconf 88' lang='lat' dir='ltr'><strong>principio</strong></span> <span class='ocrx_word' id='word_1_542' title='bbox 1692 3523 1966 3593; x_wconf 90' lang='lat' dir='ltr'><strong>habuerit,</strong></span> <span class='ocrx_word' id='word_1_543' title='bbox 1994 3529 2058 3579; x_wconf 93' lang='lat' dir='ltr'><strong>ut</strong></span> 
     </span>
    </p>
   </div>
   <div class='ocr_carea' id='block_1_62' title="bbox 443 3612 2058 3686">
    <p class='ocr_par' dir='ltr' id='par_1_62' title="bbox 443 3612 2058 3686">
     <span class='ocr_line' id='line_1_62' title="bbox 443 3612 2058 3686; baseline 0.001 -18"><span class='ocrx_word' id='word_1_544' title='bbox 443 3620 498 3668; x_wconf 90' lang='lat' dir='ltr'><strong>et</strong></span> <span class='ocrx_word' id='word_1_545' title='bbox 527 3627 736 3669; x_wconf 90' lang='lat' dir='ltr'><strong>nomen</strong></span> <span class='ocrx_word' id='word_1_546' title='bbox 782 3612 1003 3670; x_wconf 87' lang='lat' dir='ltr'><strong>indicat.</strong></span> <span class='ocrx_word' id='word_1_547' title='bbox 1034 3612 1361 3670; x_wconf 89' lang='lat' dir='ltr'><strong>Dicentibus</strong></span> <span class='ocrx_word' id='word_1_548' title='bbox 1402 3621 1587 3670; x_wconf 91' lang='lat' dir='ltr'><strong>autem</strong></span> <span class='ocrx_word' id='word_1_549' title='bbox 1625 3613 1742 3671; x_wconf 91' lang='lat' dir='ltr'><strong>aliis</strong></span> <span class='ocrx_word' id='word_1_550' title='bbox 1773 3612 2058 3686; x_wconf 88' lang='lat' dir='ltr'><strong>discipulis</strong></span> 
     </span>
    </p>
   </div>
   <div class='ocr_carea' id='block_1_63' title="bbox 442 3700 2056 3772">
    <p class='ocr_par' dir='ltr' id='par_1_63' title="bbox 442 3700 2056 3772">
     <span class='ocr_line' id='line_1_63' title="bbox 442 3700 2056 3772; baseline 0 -15"><span class='ocrx_word' id='word_1_551' title='bbox 442 3700 512 3758; x_wconf 88' lang='lat' dir='ltr'><strong>de</strong></span> <span class='ocrx_word' id='word_1_552' title='bbox 534 3703 800 3772; x_wconf 90' lang='lat' dir='ltr'><strong>Domino,</strong></span> <span class='ocrx_word' id='word_1_553' title='bbox 832 3718 947 3759; x_wconf 91' lang='lat' dir='ltr'><strong>non</strong></span> <span class='ocrx_word' id='word_1_554' title='bbox 976 3701 1157 3760; x_wconf 88' lang='lat' dir='ltr'><strong>credit</strong></span> <span class='ocrx_word' id='word_1_555' title='bbox 1196 3721 1211 3759; x_wconf 89' lang='lat'><strong>:</strong></span> <span class='ocrx_word' id='word_1_556' title='bbox 1245 3719 1360 3760; x_wconf 92' lang='lat' dir='ltr'><strong>non</strong></span> <span class='ocrx_word' id='word_1_557' title='bbox 1390 3703 1517 3760; x_wconf 88' lang='lat' dir='ltr'><strong>illos</strong></span> <span class='ocrx_word' id='word_1_558' title='bbox 1545 3703 1837 3760; x_wconf 90' lang='lat' dir='ltr'><strong>mendaces</strong></span> <span class='ocrx_word' id='word_1_559' title='bbox 1861 3703 2056 3759; x_wconf 84' lang='lat' dir='ltr'><strong>existi-</strong></span> 
     </span>
    </p>
   </div>
   <div class='ocr_carea' id='block_1_64' title="bbox 439 3791 2055 3866">
    <p class='ocr_par' dir='ltr' id='par_1_64' title="bbox 439 3791 2055 3866">
     <span class='ocr_line' id='line_1_64' title="bbox 439 3791 2055 3866; baseline 0.002 -20"><span class='ocrx_word' id='word_1_560' title='bbox 439 3806 618 3859; x_wconf 87' lang='lat' dir='ltr'><strong>mans,</strong></span> <span class='ocrx_word' id='word_1_561' title='bbox 662 3791 758 3850; x_wconf 90' lang='lat' dir='ltr'><strong>sed</strong></span> <span class='ocrx_word' id='word_1_562' title='bbox 807 3792 1270 3850; x_wconf 87' lang='lat' dir='ltr'><strong>resurrectionem</strong></span> <span class='ocrx_word' id='word_1_563' title='bbox 1321 3792 1728 3866; x_wconf 90' lang='lat' dir='ltr'><strong>impossibilem</strong></span> <span class='ocrx_word' id='word_1_564' title='bbox 1781 3798 1984 3865; x_wconf 78' lang='lat' dir='ltr'><strong>putans</strong></span> <span class='ocrx_word' id='word_1_565' title='bbox 2041 3809 2055 3849; x_wconf 93' lang='lat'><strong>:</strong></span> 
     </span>
    </p>
   </div>
   <div class='ocr_carea' id='block_1_65' title="bbox 441 3880 2051 3955">
    <p class='ocr_par' dir='ltr' id='par_1_65' title="bbox 441 3880 2051 3955">
     <span class='ocr_line' id='line_1_65' title="bbox 441 3880 2051 3955; baseline 0.001 -19"><span class='ocrx_word' id='word_1_566' title='bbox 441 3880 565 3938; x_wconf 91' lang='lat' dir='ltr'><strong>ideo</strong></span> <span class='ocrx_word' id='word_1_567' title='bbox 595 3890 650 3937; x_wconf 90' lang='lat' dir='ltr'><strong>et</strong></span> <span class='ocrx_word' id='word_1_568' title='bbox 698 3885 974 3953; x_wconf 87' lang='lat' dir='ltr'><strong>arguitur,</strong></span> <span class='ocrx_word' id='word_1_569' title='bbox 1025 3891 1089 3940; x_wconf 91' lang='lat' dir='ltr'><strong>ut</strong></span> <span class='ocrx_word' id='word_1_570' title='bbox 1134 3899 1300 3955; x_wconf 90' lang='lat' dir='ltr'><strong>supra</strong></span> <span class='ocrx_word' id='word_1_571' title='bbox 1329 3883 1565 3940; x_wconf 90' lang='lat' dir='ltr'><strong>modum</strong></span> <span class='ocrx_word' id='word_1_572' title='bbox 1595 3883 1872 3940; x_wconf 87' lang='lat' dir='ltr'><strong>curiosus.</strong></span> <span class='ocrx_word' id='word_1_573' title='bbox 1909 3885 2051 3940; x_wconf 87' lang='lat' dir='ltr'><strong>Nam</strong></span> 
     </span>
    </p>
   </div>
   <div class='ocr_carea' id='block_1_66' title="bbox 440 3969 2058 4043">
    <p class='ocr_par' dir='ltr' id='par_1_66' title="bbox 440 3969 2058 4043">
     <span class='ocr_line' id='line_1_66' title="bbox 440 3969 2058 4043; baseline 0.001 -16"><span class='ocrx_word' id='word_1_574' title='bbox 440 3971 914 4043; x_wconf 86' lang='lat' dir='ltr'><strong>quemadmodum</strong></span> <span class='ocrx_word' id='word_1_575' title='bbox 941 3972 1097 4028; x_wconf 82' lang='lat' dir='ltr'><strong>facile</strong></span> <span class='ocrx_word' id='word_1_576' title='bbox 1112 3971 1358 4043; x_wconf 87' lang='lat' dir='ltr'><strong>credere,</strong></span> <span class='ocrx_word' id='word_1_577' title='bbox 1387 3972 1618 4029; x_wconf 88' lang='lat' dir='ltr'><strong>levitatis</strong></span> <span class='ocrx_word' id='word_1_578' title='bbox 1637 3980 1720 4030; x_wconf 87' lang='lat' dir='ltr'><strong>est</strong></span> <span class='ocrx_word' id='word_1_579' title='bbox 1759 3989 1774 4028; x_wconf 90' lang='lat'><strong>:</strong></span> <span class='ocrx_word' id='word_1_580' title='bbox 1802 3973 1880 4029; x_wconf 92' lang='lat' dir='ltr'><strong>ita</strong></span> <span class='ocrx_word' id='word_1_581' title='bbox 1902 3969 2058 4028; x_wconf 89' lang='lat' dir='ltr'><strong>valde</strong></span> 
     </span>
    </p>
   </div>
   <div class='ocr_carea' id='block_1_67' title="bbox 439 4059 2056 4128">
    <p class='ocr_par' dir='ltr' id='par_1_67' title="bbox 439 4059 2056 4128">
     <span class='ocr_line' id='line_1_67' title="bbox 439 4059 2056 4128; baseline 0.001 -12"><span class='ocrx_word' id='word_1_582' title='bbox 439 4059 732 4128; x_wconf 88' lang='lat' dir='ltr'><strong>obluctari,</strong></span> <span class='ocrx_word' id='word_1_583' title='bbox 790 4060 1114 4118; x_wconf 88' lang='lat' dir='ltr'><strong>rusticitatis</strong></span> <span class='ocrx_word' id='word_1_584' title='bbox 1170 4070 1257 4118; x_wconf 90' lang='lat' dir='ltr'><strong>est</strong></span> <span class='ocrx_word' id='word_1_585' title='bbox 1322 4062 1654 4119; x_wconf 85' lang='lat' dir='ltr'><strong>crassitubo.</strong></span> <span class='ocrx_word' id='word_1_586' title='bbox 1711 4061 1847 4119; x_wconf 88' lang='lat' dir='ltr'><strong>Vide</strong></span> <span class='ocrx_word' id='word_1_587' title='bbox 1903 4061 2056 4118; x_wconf 90' lang='lat' dir='ltr'><strong>enim</strong></span> 
     </span>
    </p>
   </div>
   <div class='ocr_carea' id='block_1_68' title="bbox 442 4149 2040 4223">
    <p class='ocr_par' dir='ltr' id='par_1_68' title="bbox 442 4149 2040 4223">
     <span class='ocr_line' id='line_1_68' title="bbox 442 4149 2040 4223; baseline 0.001 -18"><span class='ocrx_word' id='word_1_588' title='bbox 442 4149 726 4223; x_wconf 88' lang='lat' dir='ltr'><strong>quomodo</strong></span> <span class='ocrx_word' id='word_1_589' title='bbox 770 4166 950 4223; x_wconf 92' lang='lat' dir='ltr'><strong>neque</strong></span> <span class='ocrx_word' id='word_1_590' title='bbox 994 4151 1170 4207; x_wconf 90' lang='lat' dir='ltr'><strong>oculis</strong></span> <span class='ocrx_word' id='word_1_591' title='bbox 1222 4150 1442 4209; x_wconf 89' lang='lat' dir='ltr'><strong>dicebat</strong></span> <span class='ocrx_word' id='word_1_592' title='bbox 1480 4167 1539 4209; x_wconf 87' lang='lat' dir='ltr'><strong>se</strong></span> <span class='ocrx_word' id='word_1_593' title='bbox 1568 4150 1812 4221; x_wconf 86' lang='lat' dir='ltr'><strong>credere,</strong></span> <span class='ocrx_word' id='word_1_594' title='bbox 1845 4150 1942 4208; x_wconf 88' lang='lat' dir='ltr'><strong>sed</strong></span> <span class='ocrx_word' id='word_1_595' title='bbox 1984 4158 2040 4207; x_wconf 91' lang='lat' dir='ltr'><strong>et</strong></span> 
     </span>
    </p>
   </div>
   <div class='ocr_carea' id='block_1_69' title="bbox 2163 3064 3771 3148">
    <p class='ocr_par' dir='ltr' id='par_1_69' title="bbox 2163 3064 3771 3148">
     <span class='ocr_line' id='line_1_69' title="bbox 2163 3064 3771 3148; baseline 0.001 -24"><span class='ocrx_word' id='word_1_596' title='bbox 2163 3064 2267 3146; x_wconf 80' lang='grc' dir='ltr'><strong>γὰρ</strong></span> <span class='ocrx_word' id='word_1_597' title='bbox 2297 3065 2453 3127; x_wconf 76' lang='grc' dir='ltr'>αὐτὸν</span> <span class='ocrx_word' id='word_1_598' title='bbox 2502 3069 2563 3127; x_wconf 76' lang='grc' dir='ltr'>ἐκ</span> <span class='ocrx_word' id='word_1_599' title='bbox 2604 3070 2699 3139; x_wconf 83' lang='grc' dir='ltr'><strong>τῆς</strong></span> <span class='ocrx_word' id='word_1_600' title='bbox 2740 3067 3039 3147; x_wconf 83' lang='grc' dir='ltr'>διασπορᾶς</span> <span class='ocrx_word' id='word_1_601' title='bbox 3094 3066 3262 3145; x_wconf 83' lang='grc' dir='ltr'>μήπω</span> <span class='ocrx_word' id='word_1_602' title='bbox 3310 3068 3771 3148; x_wconf 75' lang='grc' dir='ltr'>ἐπισυναχθῆναι.</span> 
     </span>
    </p>
   </div>
   <div class='ocr_carea' id='block_1_70' title="bbox 2160 3153 3775 3237">
    <p class='ocr_par' dir='ltr' id='par_1_70' title="bbox 2160 3153 3775 3237">
     <span class='ocr_line' id='line_1_70' title="bbox 2160 3153 3775 3237; baseline -0.001 -20"><span class='ocrx_word' id='word_1_603' title='bbox 2160 3155 2234 3217; x_wconf 90' lang='grc' dir='ltr'>Τί</span> <span class='ocrx_word' id='word_1_604' title='bbox 2254 3154 2312 3215; x_wconf 85' lang='grc' dir='ltr'>δέ</span> <span class='ocrx_word' id='word_1_605' title='bbox 2330 3158 2495 3231; x_wconf 84' lang='grc' dir='ltr'>ἐστιν,</span> <span class='ocrx_word' id='word_1_606' title='bbox 2521 3183 2545 3210; x_wconf 78' lang='grc' dir='ltr'><strong>α</strong></span> <span class='ocrx_word' id='word_1_607' title='bbox 2566 3153 2637 3217; x_wconf 86' lang='grc' dir='ltr'><strong>Ὅ</strong></span> <span class='ocrx_word' id='word_1_608' title='bbox 2661 3154 2943 3235; x_wconf 85' lang='grc' dir='ltr'>λεγόμενος</span> <span class='ocrx_word' id='word_1_609' title='bbox 2961 3156 3194 3236; x_wconf 85' lang='grc' dir='ltr'>Δίδυμος</span> <span class='ocrx_word' id='word_1_610' title='bbox 3211 3182 3229 3233; x_wconf 84' lang='grc'><strong>;</strong></span> <span class='ocrx_word' id='word_1_611' title='bbox 3248 3186 3272 3212; x_wconf 74' lang='grc' dir='ltr'><strong><em>ι</em></strong></span> <span class='ocrx_word' id='word_1_612' title='bbox 3302 3158 3481 3218; x_wconf 77' lang='grc' dir='ltr'>Τοῦτο</span> <span class='ocrx_word' id='word_1_613' title='bbox 3508 3155 3775 3237; x_wconf 71' lang='grc' dir='ltr'>ἑρμηνεία</span> 
     </span>
    </p>
   </div>
   <div class='ocr_carea' id='block_1_71' title="bbox 2160 3242 3774 3330">
    <p class='ocr_par' dir='ltr' id='par_1_71' title="bbox 2160 3242 3774 3330">
     <span class='ocr_line' id='line_1_71' title="bbox 2160 3242 3774 3330; baseline 0.001 -26"><span class='ocrx_word' id='word_1_614' title='bbox 2160 3245 2274 3305; x_wconf 81' lang='grc' dir='ltr'>ἐστὶ</span> <span class='ocrx_word' id='word_1_615' title='bbox 2303 3250 2435 3320; x_wconf 77' lang='grc' dir='ltr'>τοῦ,</span> <span class='ocrx_word' id='word_1_616' title='bbox 2492 3274 2519 3301; x_wconf 76' lang='grc' dir='ltr'>σι</span> <span class='ocrx_word' id='word_1_617' title='bbox 2548 3248 2781 3325; x_wconf 81' lang='grc' dir='ltr'>Θωμᾶς.</span> <span class='ocrx_word' id='word_1_618' title='bbox 2839 3242 3115 3329; x_wconf 62' lang='grc' dir='ltr'>»θοσπερ</span> <span class='ocrx_word' id='word_1_619' title='bbox 3158 3245 3264 3330; x_wconf 75' lang='grc' dir='ltr'><strong>γὰρ</strong></span> <span class='ocrx_word' id='word_1_620' title='bbox 3320 3245 3381 3306; x_wconf 82' lang='grc' dir='ltr'>τὸ</span> <span class='ocrx_word' id='word_1_621' title='bbox 3436 3248 3625 3323; x_wconf 78' lang='grc' dir='ltr'>Κηφᾶς</span> <span class='ocrx_word' id='word_1_622' title='bbox 3675 3247 3774 3327; x_wconf 76' lang='grc' dir='ltr'><strong>ἑρ-</strong></span> 
     </span>
    </p>
   </div>
   <div class='ocr_carea' id='block_1_72' title="bbox 2162 3335 3775 3416">
    <p class='ocr_par' dir='ltr' id='par_1_72' title="bbox 2162 3335 3775 3416">
     <span class='ocr_line' id='line_1_72' title="bbox 2162 3335 3775 3416; baseline 0.001 -22"><span class='ocrx_word' id='word_1_623' title='bbox 2162 3335 2453 3414; x_wconf 88' lang='grc' dir='ltr'>μηνεύεται</span> <span class='ocrx_word' id='word_1_624' title='bbox 2502 3337 2790 3416; x_wconf 84' lang='grc' dir='ltr'>Πέτρος,</span> <span class='ocrx_word' id='word_1_625' title='bbox 2849 3335 2990 3397; x_wconf 73' lang='grc' dir='ltr'>οὕτω</span> <span class='ocrx_word' id='word_1_626' title='bbox 3021 3337 3115 3398; x_wconf 89' lang='lat' dir='ltr'><strong>xui</strong></span> <span class='ocrx_word' id='word_1_627' title='bbox 3164 3337 3226 3397; x_wconf 80' lang='grc' dir='ltr'><strong>τὸ</strong></span> <span class='ocrx_word' id='word_1_628' title='bbox 3273 3337 3483 3415; x_wconf 79' lang='grc' dir='ltr'>Θωμᾶς</span> <span class='ocrx_word' id='word_1_629' title='bbox 3516 3335 3775 3416; x_wconf 77' lang='grc' dir='ltr'>λέγεται,</span> 
     </span>
    </p>
   </div>
   <div class='ocr_carea' id='block_1_73' title="bbox 2162 3424 3777 3507">
    <p class='ocr_par' dir='ltr' id='par_1_73' title="bbox 2162 3424 3777 3507">
     <span class='ocr_line' id='line_1_73' title="bbox 2162 3424 3777 3507; baseline 0 -23"><span class='ocrx_word' id='word_1_630' title='bbox 2162 3425 2466 3501; x_wconf 86' lang='grc' dir='ltr'>τουτέστιν,</span> <span class='ocrx_word' id='word_1_631' title='bbox 2551 3425 2905 3506; x_wconf 73' lang='grc' dir='ltr'>ἑρμηνεύεται</span> <span class='ocrx_word' id='word_1_632' title='bbox 2994 3426 3317 3507; x_wconf 85' lang='grc' dir='ltr'>Δίδυμος.</span> <span class='ocrx_word' id='word_1_633' title='bbox 3397 3424 3637 3494; x_wconf 80' lang='grc' dir='ltr'>Εἰκότως</span> <span class='ocrx_word' id='word_1_634' title='bbox 3710 3425 3777 3484; x_wconf 84' lang='grc' dir='ltr'>δὲ</span> 
     </span>
    </p>
   </div>
   <div class='ocr_carea' id='block_1_74' title="bbox 2165 3512 3779 3597">
    <p class='ocr_par' dir='ltr' id='par_1_74' title="bbox 2165 3512 3779 3597">
     <span class='ocr_line' id='line_1_74' title="bbox 2165 3512 3779 3597; baseline -0.001 -24"><span class='ocrx_word' id='word_1_635' title='bbox 2165 3514 2489 3594; x_wconf 85' lang='grc' dir='ltr'>μνημονεύει</span> <span class='ocrx_word' id='word_1_636' title='bbox 2535 3521 2630 3590; x_wconf 78' lang='grc' dir='ltr'><strong>τῆς</strong></span> <span class='ocrx_word' id='word_1_637' title='bbox 2659 3515 2942 3597; x_wconf 80' lang='grc' dir='ltr'>ἑρμηνείας</span> <span class='ocrx_word' id='word_1_638' title='bbox 2984 3513 3186 3589; x_wconf 87' lang='grc' dir='ltr'>ταύτης</span> <span class='ocrx_word' id='word_1_639' title='bbox 3226 3520 3323 3577; x_wconf 75' lang='grc' dir='ltr'><strong>τοῦ</strong></span> <span class='ocrx_word' id='word_1_640' title='bbox 3353 3516 3637 3592; x_wconf 85' lang='grc' dir='ltr'>ὀνόματος,</span> <span class='ocrx_word' id='word_1_641' title='bbox 3679 3512 3779 3572; x_wconf 76' lang='grc' dir='ltr'><strong>ἵνα</strong></span> 
     </span>
    </p>
   </div>
   <div class='ocr_carea' id='block_1_75' title="bbox 2167 3598 3775 3686">
    <p class='ocr_par' dir='ltr' id='par_1_75' title="bbox 2167 3598 3775 3686">
     <span class='ocr_line' id='line_1_75' title="bbox 2167 3598 3775 3686; baseline -0.001 -22"><span class='ocrx_word' id='word_1_642' title='bbox 2167 3605 2308 3686; x_wconf 84' lang='grc' dir='ltr'>δείξῃ</span> <span class='ocrx_word' id='word_1_643' title='bbox 2338 3611 2469 3682; x_wconf 85' lang='grc' dir='ltr'>ἡμῖν</span> <span class='ocrx_word' id='word_1_644' title='bbox 2492 3650 2509 3680; x_wconf 94' lang='grc'><strong>,</strong></span> <span class='ocrx_word' id='word_1_645' title='bbox 2541 3604 2623 3665; x_wconf 77' lang='grc' dir='ltr'>ὅτι</span> <span class='ocrx_word' id='word_1_646' title='bbox 2664 3605 3005 3674; x_wconf 85' lang='grc' dir='ltr'>διστακτικός</span> <span class='ocrx_word' id='word_1_647' title='bbox 3040 3630 3120 3676; x_wconf 89' lang='grc' dir='ltr'><strong>τις</strong></span> <span class='ocrx_word' id='word_1_648' title='bbox 3162 3598 3265 3685; x_wconf 66' lang='grc' dir='ltr'><strong>ἦν,</strong></span> <span class='ocrx_word' id='word_1_649' title='bbox 3295 3605 3388 3666; x_wconf 89' lang='lat' dir='ltr'><strong>xui</strong></span> <span class='ocrx_word' id='word_1_650' title='bbox 3427 3604 3627 3665; x_wconf 85' lang='grc' dir='ltr'>ἄνωθεν</span> <span class='ocrx_word' id='word_1_651' title='bbox 3670 3601 3775 3663; x_wconf 87' lang='lat' dir='ltr'><strong>xui</strong></span> 
     </span>
    </p>
   </div>
   <div class='ocr_carea' id='block_1_76' title="bbox 2167 3686 3778 3777">
    <p class='ocr_par' dir='ltr' id='par_1_76' title="bbox 2167 3686 3778 3777">
     <span class='ocr_line' id='line_1_76' title="bbox 2167 3686 3778 3777; baseline -0.001 -22"><span class='ocrx_word' id='word_1_652' title='bbox 2167 3698 2261 3755; x_wconf 76' lang='grc' dir='ltr'>ἀπ’</span> <span class='ocrx_word' id='word_1_653' title='bbox 2297 3698 2465 3777; x_wconf 77' lang='grc' dir='ltr'>ἀρχῆς</span> <span class='ocrx_word' id='word_1_654' title='bbox 2510 3699 2746 3756; x_wconf 81' lang='grc' dir='ltr'>τοιοῦτον</span> <span class='ocrx_word' id='word_1_655' title='bbox 2794 3686 2908 3776; x_wconf 67' lang='grc' dir='ltr'>εἶχε</span> <span class='ocrx_word' id='word_1_656' title='bbox 2945 3694 3034 3755; x_wconf 82' lang='grc' dir='ltr'><strong>τὸν</strong></span> <span class='ocrx_word' id='word_1_657' title='bbox 3083 3694 3280 3777; x_wconf 86' lang='grc' dir='ltr'>τρόπον</span> <span class='ocrx_word' id='word_1_658' title='bbox 3299 3741 3316 3772; x_wconf 85' lang='grc'><strong>,</strong></span> <span class='ocrx_word' id='word_1_659' title='bbox 3363 3697 3435 3762; x_wconf 81' lang='grc' dir='ltr'>ὥς</span> <span class='ocrx_word' id='word_1_660' title='bbox 3478 3695 3632 3766; x_wconf 90' lang='grc' dir='ltr'><strong>δηλοῖ</strong></span> <span class='ocrx_word' id='word_1_661' title='bbox 3672 3691 3778 3753; x_wconf 84' lang='lat' dir='ltr'><strong>xui</strong></span> 
     </span>
    </p>
   </div>
   <div class='ocr_carea' id='block_1_77' title="bbox 2168 3783 3778 3865">
    <p class='ocr_par' dir='ltr' id='par_1_77' title="bbox 2168 3783 3778 3865">
     <span class='ocr_line' id='line_1_77' title="bbox 2168 3783 3778 3865; baseline -0.001 -20"><span class='ocrx_word' id='word_1_662' title='bbox 2168 3785 2428 3863; x_wconf 79' lang='grc' dir='ltr'>τοῦνομα.</span> <span class='ocrx_word' id='word_1_663' title='bbox 2475 3785 2710 3865; x_wconf 83' lang='grc' dir='ltr'>Λέγουσι</span> <span class='ocrx_word' id='word_1_664' title='bbox 2742 3784 2799 3845; x_wconf 86' lang='grc' dir='ltr'>δὲ</span> <span class='ocrx_word' id='word_1_665' title='bbox 2842 3795 2948 3855; x_wconf 86' lang='grc' dir='ltr'>τοῖς</span> <span class='ocrx_word' id='word_1_666' title='bbox 2978 3785 3159 3854; x_wconf 82' lang='grc' dir='ltr'>ἄλλοις</span> <span class='ocrx_word' id='word_1_667' title='bbox 3193 3791 3461 3864; x_wconf 84' lang='grc' dir='ltr'>μαθηταῖς</span> <span class='ocrx_word' id='word_1_668' title='bbox 3506 3783 3630 3864; x_wconf 72' lang='grc' dir='ltr'>περὶ</span> <span class='ocrx_word' id='word_1_669' title='bbox 3674 3788 3778 3844; x_wconf 78' lang='grc' dir='ltr'><strong>τοῦ</strong></span> 
     </span>
    </p>
   </div>
   <div class='ocr_carea' id='block_1_78' title="bbox 2170 3873 3776 3957">
    <p class='ocr_par' dir='ltr' id='par_1_78' title="bbox 2170 3873 3776 3957">
     <span class='ocr_line' id='line_1_78' title="bbox 2170 3873 3776 3957; baseline -0.003 -21"><span class='ocrx_word' id='word_1_670' title='bbox 2170 3875 2370 3956; x_wconf 82' lang='grc' dir='ltr'>Κυρίου</span> <span class='ocrx_word' id='word_1_671' title='bbox 2406 3877 2654 3951; x_wconf 82' lang='grc' dir='ltr'>ἠπίστει,</span> <span class='ocrx_word' id='word_1_672' title='bbox 2682 3877 2785 3956; x_wconf 83' lang='grc' dir='ltr'>οὐχ</span> <span class='ocrx_word' id='word_1_673' title='bbox 2822 3877 2893 3944; x_wconf 82' lang='grc' dir='ltr'>ὣς</span> <span class='ocrx_word' id='word_1_674' title='bbox 2939 3876 3147 3957; x_wconf 75' lang='grc' dir='ltr'>ψευδεῖς</span> <span class='ocrx_word' id='word_1_675' title='bbox 3192 3875 3382 3943; x_wconf 81' lang='grc' dir='ltr'>αὖτοὺς</span> <span class='ocrx_word' id='word_1_676' title='bbox 3434 3873 3727 3957; x_wconf 58' lang='grc' dir='ltr'>ἡγούμενος</span> <span class='ocrx_word' id='word_1_677' title='bbox 3753 3919 3776 3950; x_wconf 90' lang='grc'><strong>,</strong></span> 
     </span>
    </p>
   </div>
   <div class='ocr_carea' id='block_1_79' title="bbox 2173 3954 3782 4047">
    <p class='ocr_par' dir='ltr' id='par_1_79' title="bbox 2173 3954 3782 4047">
     <span class='ocr_line' id='line_1_79' title="bbox 2173 3954 3782 4047; baseline -0.001 -21"><span class='ocrx_word' id='word_1_678' title='bbox 2173 3954 2311 4026; x_wconf 75' lang='grc' dir='ltr'>ἀλλὰ</span> <span class='ocrx_word' id='word_1_679' title='bbox 2364 3968 2427 4028; x_wconf 79' lang='grc' dir='ltr'>τὸ</span> <span class='ocrx_word' id='word_1_680' title='bbox 2476 3974 2703 4047; x_wconf 80' lang='grc' dir='ltr'>πρᾶγμα</span> <span class='ocrx_word' id='word_1_681' title='bbox 2745 3954 2850 4039; x_wconf 69' lang='grc' dir='ltr'><strong>τῆς</strong></span> <span class='ocrx_word' id='word_1_682' title='bbox 2921 3954 3266 4034; x_wconf 76' lang='grc' dir='ltr'>ἀναστάσεως</span> <span class='ocrx_word' id='word_1_683' title='bbox 3315 3963 3575 4025; x_wconf 80' lang='grc' dir='ltr'>ἀδύνατον</span> <span class='ocrx_word' id='word_1_684' title='bbox 3630 3954 3782 4024; x_wconf 71' lang='grc' dir='ltr'>εἶναι</span> 
     </span>
    </p>
   </div>
   <div class='ocr_carea' id='block_1_80' title="bbox 2172 4053 3777 4137">
    <p class='ocr_par' dir='ltr' id='par_1_80' title="bbox 2172 4053 3777 4137">
     <span class='ocr_line' id='line_1_80' title="bbox 2172 4053 3777 4137; baseline -0.001 -23"><span class='ocrx_word' id='word_1_685' title='bbox 2172 4055 2416 4134; x_wconf 73' lang='grc' dir='ltr'>νομίζωνο</span> <span class='ocrx_word' id='word_1_686' title='bbox 2460 4056 2541 4116; x_wconf 83' lang='grc' dir='ltr'><strong>διὸ</strong></span> <span class='ocrx_word' id='word_1_687' title='bbox 2583 4056 2676 4116; x_wconf 91' lang='lat' dir='ltr'><strong>xui</strong></span> <span class='ocrx_word' id='word_1_688' title='bbox 2720 4056 3056 4135; x_wconf 81' lang='grc' dir='ltr'>ἐγκαλεῖται,</span> <span class='ocrx_word' id='word_1_689' title='bbox 3102 4058 3175 4124; x_wconf 81' lang='grc' dir='ltr'>ὡς</span> <span class='ocrx_word' id='word_1_690' title='bbox 3222 4053 3361 4137; x_wconf 83' lang='grc' dir='ltr'>πέρα</span> <span class='ocrx_word' id='word_1_691' title='bbox 3398 4060 3493 4115; x_wconf 77' lang='grc' dir='ltr'><strong>τοῦ</strong></span> <span class='ocrx_word' id='word_1_692' title='bbox 3546 4053 3777 4137; x_wconf 88' lang='grc' dir='ltr'>μετρίου</span> 
     </span>
    </p>
   </div>
   <div class='ocr_carea' id='block_1_81' title="bbox 2172 4142 3782 4229">
    <p class='ocr_par' dir='ltr' id='par_1_81' title="bbox 2172 4142 3782 4229">
     <span class='ocr_line' id='line_1_81' title="bbox 2172 4142 3782 4229; baseline -0.001 -25"><span class='ocrx_word' id='word_1_693' title='bbox 2172 4146 2465 4228; x_wconf 88' lang='grc' dir='ltr'>περίεργος.</span> <span class='ocrx_word' id='word_1_694' title='bbox 2495 4142 2721 4228; x_wconf 64' lang='grc' dir='ltr'>θΩσπερ</span> <span class='ocrx_word' id='word_1_695' title='bbox 2759 4146 2863 4228; x_wconf 77' lang='grc' dir='ltr'><strong>γὰρ</strong></span> <span class='ocrx_word' id='word_1_696' title='bbox 2892 4147 2955 4207; x_wconf 79' lang='grc' dir='ltr'><strong>τὸ</strong></span> <span class='ocrx_word' id='word_1_697' title='bbox 2999 4144 3194 4229; x_wconf 73' lang='grc' dir='ltr'>ῥᾳδίως</span> <span class='ocrx_word' id='word_1_698' title='bbox 3238 4144 3541 4218; x_wconf 87' lang='grc' dir='ltr'>πιστεύειν,</span> <span class='ocrx_word' id='word_1_699' title='bbox 3581 4144 3782 4226; x_wconf 77' lang='grc' dir='ltr'>κουφό-</span> 
     </span>
    </p>
   </div>
   <div class='ocr_carea' id='block_1_82' title="bbox 444 4233 2054 4318">
    <p class='ocr_par' dir='ltr' id='par_1_82' title="bbox 444 4238 2049 4308">
     <span class='ocr_line' id='line_1_82' title="bbox 444 4238 2049 4308; baseline 0.005 -18"><span class='ocrx_word' id='word_1_700' title='bbox 444 4262 472 4290; x_wconf 75' lang='grc' dir='ltr'>ι</span> <span class='ocrx_word' id='word_1_701' title='bbox 504 4238 628 4295; x_wconf 89' lang='lat' dir='ltr'><strong>Nisi</strong></span> <span class='ocrx_word' id='word_1_702' title='bbox 647 4239 851 4296; x_wconf 90' lang='lat' dir='ltr'><strong>misero</strong></span> <span class='ocrx_word' id='word_1_703' title='bbox 878 4256 1104 4297; x_wconf 91' lang='lat' dir='ltr'><strong>manum</strong></span> <span class='ocrx_word' id='word_1_704' title='bbox 1131 4256 1338 4308; x_wconf 90' lang='lat' dir='ltr'><strong>meam,</strong></span> <span class='ocrx_word' id='word_1_705' title='bbox 1360 4260 1391 4296; x_wconf 71' lang='grc' dir='ltr'><strong>ν</strong></span> <span class='ocrx_word' id='word_1_706' title='bbox 1423 4240 1657 4299; x_wconf 91' lang='lat' dir='ltr'><strong>addidit.</strong></span> <span class='ocrx_word' id='word_1_707' title='bbox 1680 4242 1843 4300; x_wconf 91' lang='lat' dir='ltr'><strong>Unde</strong></span> <span class='ocrx_word' id='word_1_708' title='bbox 1862 4249 2049 4298; x_wconf 91' lang='lat' dir='ltr'><strong>autem</strong></span> 
     </span>
    </p>
   </div>
   <div class='ocr_carea' id='block_1_83' title="bbox 2166 4233 3782 4318">
    <p class='ocr_par' dir='ltr' id='par_1_83' title="bbox 2172 4233 3782 4318">
     <span class='ocr_line' id='line_1_83' title="bbox 2172 4233 3782 4318; baseline -0.001 -24"><span class='ocrx_word' id='word_1_709' title='bbox 2172 4255 2346 4309; x_wconf 86' lang='grc' dir='ltr'>τητος·</span> <span class='ocrx_word' id='word_1_710' title='bbox 2399 4234 2538 4296; x_wconf 73' lang='grc' dir='ltr'>οὕτω</span> <span class='ocrx_word' id='word_1_711' title='bbox 2576 4235 2637 4296; x_wconf 81' lang='grc' dir='ltr'>τὸ</span> <span class='ocrx_word' id='word_1_712' title='bbox 2689 4236 2897 4318; x_wconf 81' lang='grc' dir='ltr'>σφόδρα</span> <span class='ocrx_word' id='word_1_713' title='bbox 2950 4234 3289 4311; x_wconf 82' lang='grc' dir='ltr'>ἀντιτείνειν,</span> <span class='ocrx_word' id='word_1_714' title='bbox 3351 4233 3626 4315; x_wconf 80' lang='grc' dir='ltr'>ἀγροικίας</span> <span class='ocrx_word' id='word_1_715' title='bbox 3680 4233 3782 4293; x_wconf 86' lang='lat' dir='ltr'><strong>xui</strong></span> 
     </span>
    </p>
   </div>
   <div class='ocr_carea' id='block_1_84' title="bbox 442 4327 2062 4405">
    <p class='ocr_par' dir='ltr' id='par_1_84' title="bbox 442 4327 2062 4405">
     <span class='ocr_line' id='line_1_84' title="bbox 442 4327 2062 4405; baseline 0.005 -20"><span class='ocrx_word' id='word_1_716' title='bbox 442 4327 651 4386; x_wconf 91' lang='lat' dir='ltr'><strong>sciebat</strong></span> <span class='ocrx_word' id='word_1_717' title='bbox 671 4330 814 4386; x_wconf 89' lang='lat' dir='ltr'><strong>latus</strong></span> <span class='ocrx_word' id='word_1_718' title='bbox 832 4329 1086 4387; x_wconf 88' lang='lat' dir='ltr'><strong>habuisse</strong></span> <span class='ocrx_word' id='word_1_719' title='bbox 1107 4331 1378 4405; x_wconf 83' lang='lat' dir='ltr'><strong>vestigia?</strong></span> <span class='ocrx_word' id='word_1_720' title='bbox 1398 4330 1665 4389; x_wconf 80' lang='lat' dir='ltr'><strong>Audierat</strong></span> <span class='ocrx_word' id='word_1_721' title='bbox 1686 4348 1717 4389; x_wconf 92' lang='lat' dir='ltr'><strong>a</strong></span> <span class='ocrx_word' id='word_1_722' title='bbox 1743 4331 2029 4405; x_wconf 86' lang='lat' dir='ltr'><strong>discipulis</strong></span> <span class='ocrx_word' id='word_1_723' title='bbox 2049 4380 2062 4393; x_wconf 94' lang='lat'><strong>.</strong></span> 
     </span>
    </p>
   </div>
   <div class='ocr_carea' id='block_1_85' title="bbox 445 4420 2024 4494">
    <p class='ocr_par' dir='ltr' id='par_1_85' title="bbox 445 4420 2024 4494">
     <span class='ocr_line' id='line_1_85' title="bbox 445 4420 2024 4494; baseline 0.004 -20"><span class='ocrx_word' id='word_1_724' title='bbox 445 4420 628 4488; x_wconf 91' lang='lat' dir='ltr'><strong>Quare</strong></span> <span class='ocrx_word' id='word_1_725' title='bbox 672 4435 789 4476; x_wconf 90' lang='lat' dir='ltr'><strong>non</strong></span> <span class='ocrx_word' id='word_1_726' title='bbox 817 4421 1006 4477; x_wconf 89' lang='lat' dir='ltr'><strong>statim</strong></span> <span class='ocrx_word' id='word_1_727' title='bbox 1051 4429 1278 4494; x_wconf 89' lang='lat' dir='ltr'><strong>apparet</strong></span> <span class='ocrx_word' id='word_1_728' title='bbox 1306 4422 1380 4490; x_wconf 90' lang='lat' dir='ltr'><strong>ei,</strong></span> <span class='ocrx_word' id='word_1_729' title='bbox 1411 4420 1509 4478; x_wconf 89' lang='lat' dir='ltr'><strong>sed</strong></span> <span class='ocrx_word' id='word_1_730' title='bbox 1554 4430 1682 4494; x_wconf 92' lang='lat' dir='ltr'><strong>post</strong></span> <span class='ocrx_word' id='word_1_731' title='bbox 1725 4421 1846 4479; x_wconf 90' lang='lat' dir='ltr'><strong>dies</strong></span> <span class='ocrx_word' id='word_1_732' title='bbox 1897 4431 2024 4480; x_wconf 91' lang='lat' dir='ltr'><strong>octo</strong></span> 
     </span>
    </p>
   </div>
   <div class='ocr_carea' id='block_1_86' title="bbox 446 4508 2063 4585">
    <p class='ocr_par' dir='ltr' id='par_1_86' title="bbox 446 4508 2063 4585">
     <span class='ocr_line' id='line_1_86' title="bbox 446 4508 2063 4585; baseline 0.002 -20"><span class='ocrx_word' id='word_1_733' title='bbox 446 4516 510 4565; x_wconf 89' lang='lat' dir='ltr'><strong>ut</strong></span> <span class='ocrx_word' id='word_1_734' title='bbox 531 4524 661 4566; x_wconf 90' lang='lat' dir='ltr'><strong>cum</strong></span> <span class='ocrx_word' id='word_1_735' title='bbox 689 4508 1013 4567; x_wconf 88' lang='lat' dir='ltr'><strong>edoceretur</strong></span> <span class='ocrx_word' id='word_1_736' title='bbox 1040 4526 1072 4567; x_wconf 89' lang='lat' dir='ltr'><strong>a</strong></span> <span class='ocrx_word' id='word_1_737' title='bbox 1117 4509 1521 4584; x_wconf 88' lang='lat' dir='ltr'><strong>condiscipulis,</strong></span> <span class='ocrx_word' id='word_1_738' title='bbox 1571 4520 1627 4568; x_wconf 89' lang='lat' dir='ltr'><strong>et</strong></span> <span class='ocrx_word' id='word_1_739' title='bbox 1670 4511 1758 4569; x_wconf 90' lang='lat' dir='ltr'><strong>his</strong></span> <span class='ocrx_word' id='word_1_740' title='bbox 1806 4527 1931 4585; x_wconf 66' lang='lat' dir='ltr'><strong>quae</strong></span> <span class='ocrx_word' id='word_1_741' title='bbox 1962 4529 2063 4571; x_wconf 90' lang='lat' dir='ltr'><strong>au-</strong></span> 
     </span>
    </p>
   </div>
   <div class='ocr_carea' id='block_1_87' title="bbox 447 4597 2061 4673">
    <p class='ocr_par' dir='ltr' id='par_1_87' title="bbox 447 4597 2061 4673">
     <span class='ocr_line' id='line_1_87' title="bbox 447 4597 2061 4673; baseline 0.003 -18"><span class='ocrx_word' id='word_1_742' title='bbox 447 4597 643 4668; x_wconf 89' lang='lat' dir='ltr'><strong>dierat,</strong></span> <span class='ocrx_word' id='word_1_743' title='bbox 674 4599 735 4655; x_wconf 91' lang='lat' dir='ltr'><strong>in</strong></span> <span class='ocrx_word' id='word_1_744' title='bbox 763 4600 943 4672; x_wconf 90' lang='lat' dir='ltr'><strong>majus</strong></span> <span class='ocrx_word' id='word_1_745' title='bbox 968 4600 1135 4673; x_wconf 76' lang='lat'><strong>765</strong></span> <span class='ocrx_word' id='word_1_746' title='bbox 1180 4600 1514 4658; x_wconf 89' lang='lat' dir='ltr'><strong>desiderium</strong></span> <span class='ocrx_word' id='word_1_747' title='bbox 1565 4601 1976 4673; x_wconf 88' lang='lat' dir='ltr'><strong>accenderetur,</strong></span> <span class='ocrx_word' id='word_1_748' title='bbox 2003 4611 2061 4660; x_wconf 90' lang='lat' dir='ltr'><strong>et</strong></span> 
     </span>
    </p>
   </div>
   <div class='ocr_carea' id='block_1_88' title="bbox 446 4686 2063 4756">
    <p class='ocr_par' dir='ltr' id='par_1_88' title="bbox 446 4686 2063 4756">
     <span class='ocr_line' id='line_1_88' title="bbox 446 4686 2063 4756; baseline 0.005 -13"><span class='ocrx_word' id='word_1_749' title='bbox 446 4686 665 4745; x_wconf 87' lang='lat' dir='ltr'><strong>ﬁdelior</strong></span> <span class='ocrx_word' id='word_1_750' title='bbox 710 4689 768 4745; x_wconf 93' lang='lat' dir='ltr'><strong>in</strong></span> <span class='ocrx_word' id='word_1_751' title='bbox 823 4688 1074 4748; x_wconf 85' lang='lat' dir='ltr'><strong>futurum</strong></span> <span class='ocrx_word' id='word_1_752' title='bbox 1103 4690 1279 4747; x_wconf 86' lang='lat' dir='ltr'><strong>ﬁeret.</strong></span> <span class='ocrx_word' id='word_1_753' title='bbox 1309 4692 1615 4756; x_wconf 85' lang='lat' dir='ltr'><strong>Ostendere</strong></span> <span class='ocrx_word' id='word_1_754' title='bbox 1657 4702 1843 4751; x_wconf 88' lang='lat' dir='ltr'><strong>autem</strong></span> <span class='ocrx_word' id='word_1_755' title='bbox 1872 4693 2063 4751; x_wconf 87' lang='lat' dir='ltr'><strong>volens</strong></span> 
     </span>
    </p>
   </div>
   <div class='ocr_carea' id='block_1_89' title="bbox 445 4777 2053 4856">
    <p class='ocr_par' dir='ltr' id='par_1_89' title="bbox 445 4777 2053 4856">
     <span class='ocr_line' id='line_1_89' title="bbox 445 4777 2053 4856; baseline 0.004 -23"><span class='ocrx_word' id='word_1_756' title='bbox 445 4777 727 4835; x_wconf 89' lang='lat' dir='ltr'><strong>Dominus</strong></span> <span class='ocrx_word' id='word_1_757' title='bbox 755 4779 903 4852; x_wconf 88' lang='lat' dir='ltr'><strong>quod</strong></span> <span class='ocrx_word' id='word_1_758' title='bbox 933 4788 992 4835; x_wconf 91' lang='lat' dir='ltr'><strong>et</strong></span> <span class='ocrx_word' id='word_1_759' title='bbox 1018 4790 1150 4837; x_wconf 91' lang='lat' dir='ltr'><strong>tunc</strong></span> <span class='ocrx_word' id='word_1_760' title='bbox 1175 4779 1367 4837; x_wconf 90' lang='lat' dir='ltr'><strong>aderat</strong></span> <span class='ocrx_word' id='word_1_761' title='bbox 1405 4782 1626 4856; x_wconf 91' lang='lat' dir='ltr'><strong>quando</strong></span> <span class='ocrx_word' id='word_1_762' title='bbox 1654 4782 2053 4840; x_wconf 84' lang='lat' dir='ltr'><strong>incredulitatis</strong></span> 
     </span>
    </p>
   </div>
   <div class='ocr_carea' id='block_1_90' title="bbox 444 4866 2061 4946">
    <p class='ocr_par' dir='ltr' id='par_1_90' title="bbox 444 4866 2061 4946">
     <span class='ocr_line' id='line_1_90' title="bbox 444 4866 2061 4946; baseline 0.005 -24"><span class='ocrx_word' id='word_1_763' title='bbox 444 4866 612 4925; x_wconf 88' lang='lat' dir='ltr'><strong>verba</strong></span> <span class='ocrx_word' id='word_1_764' title='bbox 652 4883 781 4924; x_wconf 90' lang='lat' dir='ltr'><strong>cum</strong></span> <span class='ocrx_word' id='word_1_765' title='bbox 820 4868 1102 4942; x_wconf 87' lang='lat' dir='ltr'><strong>discipulis</strong></span> <span class='ocrx_word' id='word_1_766' title='bbox 1129 4872 1381 4928; x_wconf 87' lang='lat' dir='ltr'><strong>tractarit</strong></span> <span class='ocrx_word' id='word_1_767' title='bbox 1426 4872 1695 4937; x_wconf 87' lang='lat' dir='ltr'><strong>Thomas,</strong></span> <span class='ocrx_word' id='word_1_768' title='bbox 1725 4889 1839 4930; x_wconf 92' lang='lat' dir='ltr'><strong>non</strong></span> <span class='ocrx_word' id='word_1_769' title='bbox 1868 4889 2061 4946; x_wconf 83' lang='lat' dir='ltr'><strong>exspe-</strong></span> 
     </span>
    </p>
   </div>
   <div class='ocr_carea' id='block_1_91' title="bbox 446 4957 2049 5036">
    <p class='ocr_par' dir='ltr' id='par_1_91' title="bbox 446 4957 2049 5036">
     <span class='ocr_line' id='line_1_91' title="bbox 446 4957 2049 5036; baseline 0.004 -23"><span class='ocrx_word' id='word_1_770' title='bbox 446 4957 617 5013; x_wconf 88' lang='lat' dir='ltr'><strong>ctavit</strong></span> <span class='ocrx_word' id='word_1_771' title='bbox 640 4966 701 5014; x_wconf 93' lang='lat' dir='ltr'><strong>ut</strong></span> <span class='ocrx_word' id='word_1_772' title='bbox 725 4958 793 5015; x_wconf 93' lang='lat' dir='ltr'><strong>ab</strong></span> <span class='ocrx_word' id='word_1_773' title='bbox 823 4975 890 5015; x_wconf 93' lang='lat' dir='ltr'><strong>eo</strong></span> <span class='ocrx_word' id='word_1_774' title='bbox 918 4960 1023 5015; x_wconf 85' lang='lat' dir='ltr'><strong>tale</strong></span> <span class='ocrx_word' id='word_1_775' title='bbox 1042 4960 1327 5032; x_wconf 90' lang='lat' dir='ltr'><strong>quiddam,</strong></span> <span class='ocrx_word' id='word_1_776' title='bbox 1356 4961 1586 5032; x_wconf 90' lang='lat' dir='ltr'><strong>audiret,</strong></span> <span class='ocrx_word' id='word_1_777' title='bbox 1616 4963 1711 5019; x_wconf 91' lang='lat' dir='ltr'><strong>sed</strong></span> <span class='ocrx_word' id='word_1_778' title='bbox 1740 4963 1859 5034; x_wconf 91' lang='lat' dir='ltr'><strong>ipse</strong></span> <span class='ocrx_word' id='word_1_779' title='bbox 1878 4963 2049 5036; x_wconf 88' lang='lat' dir='ltr'><strong>prior,</strong></span> 
     </span>
    </p>
   </div>
   <div class='ocr_carea' id='block_1_92' title="bbox 448 5046 2053 5122">
    <p class='ocr_par' dir='ltr' id='par_1_92' title="bbox 448 5046 2053 5122">
     <span class='ocr_line' id='line_1_92' title="bbox 448 5046 2053 5122; baseline 0.005 -20"><span class='ocrx_word' id='word_1_780' title='bbox 448 5062 575 5120; x_wconf 62' lang='lat' dir='ltr'><strong>qua</strong></span> <span class='ocrx_word' id='word_1_781' title='bbox 600 5046 980 5119; x_wconf 88' lang='lat' dir='ltr'><strong>desiderabat,</strong></span> <span class='ocrx_word' id='word_1_782' title='bbox 1005 5052 1211 5122; x_wconf 89' lang='lat' dir='ltr'><strong>implet.</strong></span> <span class='ocrx_word' id='word_1_783' title='bbox 1246 5053 1465 5108; x_wconf 86' lang='lat' dir='ltr'><strong>Etenim</strong></span> <span class='ocrx_word' id='word_1_784' title='bbox 1490 5052 1671 5108; x_wconf 89' lang='lat' dir='ltr'><strong>verbis</strong></span> <span class='ocrx_word' id='word_1_785' title='bbox 1694 5052 1890 5110; x_wconf 91' lang='lat' dir='ltr'><strong>iisdem</strong></span> <span class='ocrx_word' id='word_1_786' title='bbox 1920 5069 2053 5111; x_wconf 88' lang='lat' dir='ltr'><strong>usus</strong></span> 
     </span>
    </p>
   </div>
   <div class='ocr_carea' id='block_1_93' title="bbox 446 5139 2053 5216">
    <p class='ocr_par' dir='ltr' id='par_1_93' title="bbox 446 5139 2053 5216">
     <span class='ocr_line' id='line_1_93' title="bbox 446 5139 2053 5216; baseline 0.003 -21"><span class='ocrx_word' id='word_1_787' title='bbox 446 5146 553 5195; x_wconf 89' lang='lat' dir='ltr'><strong>est.</strong></span> <span class='ocrx_word' id='word_1_788' title='bbox 596 5141 668 5193; x_wconf 89' lang='lat' dir='ltr'><strong>Et</strong></span> <span class='ocrx_word' id='word_1_789' title='bbox 692 5139 812 5196; x_wconf 91' lang='lat' dir='ltr'><strong>vide</strong></span> <span class='ocrx_word' id='word_1_790' title='bbox 846 5141 1129 5213; x_wconf 93' lang='lat' dir='ltr'><strong>quomodo</strong></span> <span class='ocrx_word' id='word_1_791' title='bbox 1173 5142 1436 5216; x_wconf 91' lang='lat' dir='ltr'><strong>loquatur</strong></span> <span class='ocrx_word' id='word_1_792' title='bbox 1465 5143 1704 5215; x_wconf 90' lang='lat' dir='ltr'><strong>primum</strong></span> <span class='ocrx_word' id='word_1_793' title='bbox 1746 5143 2053 5215; x_wconf 88' lang='lat' dir='ltr'><strong>increpans,</strong></span> 
     </span>
    </p>
   </div>
   <div class='ocr_carea' id='block_1_94' title="bbox 451 5226 2053 5303">
    <p class='ocr_par' dir='ltr' id='par_1_94' title="bbox 451 5226 2053 5303">
     <span class='ocr_line' id='line_1_94' title="bbox 451 5226 2053 5303; baseline 0.004 -19"><span class='ocrx_word' id='word_1_794' title='bbox 451 5249 478 5276; x_wconf 76' lang='grc' dir='ltr'><strong>α</strong></span> <span class='ocrx_word' id='word_1_795' title='bbox 511 5226 667 5285; x_wconf 84' lang='lat' dir='ltr'><strong>Affer</strong></span> <span class='ocrx_word' id='word_1_796' title='bbox 681 5245 911 5287; x_wconf 89' lang='lat' dir='ltr'><strong>manum</strong></span> <span class='ocrx_word' id='word_1_797' title='bbox 937 5239 1094 5288; x_wconf 89' lang='lat' dir='ltr'><strong>tuam</strong></span> <span class='ocrx_word' id='word_1_798' title='bbox 1123 5250 1136 5287; x_wconf 91' lang='lat'>:</span> <span class='ocrx_word' id='word_1_799' title='bbox 1166 5255 1189 5281; x_wconf 76' lang='grc' dir='ltr'>ιο</span> <span class='ocrx_word' id='word_1_800' title='bbox 1220 5240 1277 5289; x_wconf 90' lang='lat' dir='ltr'><strong>et</strong></span> <span class='ocrx_word' id='word_1_801' title='bbox 1299 5232 1424 5290; x_wconf 89' lang='lat' dir='ltr'><strong>dein</strong></span> <span class='ocrx_word' id='word_1_802' title='bbox 1445 5232 1778 5301; x_wconf 89' lang='lat' dir='ltr'><strong>admonens,</strong></span> <span class='ocrx_word' id='word_1_803' title='bbox 1812 5234 2053 5303; x_wconf 84' lang='lat' dir='ltr'><strong>«Nesis,</strong></span> 
     </span>
    </p>
   </div>
   <div class='ocr_carea' id='block_1_95' title="bbox 448 5316 2055 5390">
    <p class='ocr_par' dir='ltr' id='par_1_95' title="bbox 448 5316 2055 5390">
     <span class='ocr_line' id='line_1_95' title="bbox 448 5316 2055 5390; baseline 0.006 -19"><span class='ocrx_word' id='word_1_804' title='bbox 448 5316 646 5390; x_wconf 90' lang='lat' dir='ltr'><strong>inquit,</strong></span> <span class='ocrx_word' id='word_1_805' title='bbox 693 5319 1028 5389; x_wconf 88' lang='lat' dir='ltr'><strong>incredulus,</strong></span> <span class='ocrx_word' id='word_1_806' title='bbox 1074 5323 1170 5379; x_wconf 89' lang='lat' dir='ltr'><strong>sed</strong></span> <span class='ocrx_word' id='word_1_807' title='bbox 1200 5322 1397 5379; x_wconf 91' lang='lat' dir='ltr'><strong>ﬁdelis.</strong></span> <span class='ocrx_word' id='word_1_808' title='bbox 1425 5346 1453 5371; x_wconf 77' lang='grc' dir='ltr'>ι»</span> <span class='ocrx_word' id='word_1_809' title='bbox 1495 5322 1664 5381; x_wconf 89' lang='lat' dir='ltr'><strong>Vides</strong></span> <span class='ocrx_word' id='word_1_810' title='bbox 1703 5322 2055 5380; x_wconf 83' lang='lat' dir='ltr'><strong>manifestam</strong></span> 
     </span>
    </p>
   </div>
   <div class='ocr_carea' id='block_1_96' title="bbox 449 5407 2053 5485">
    <p class='ocr_par' dir='ltr' id='par_1_96' title="bbox 449 5407 2053 5485">
     <span class='ocr_line' id='line_1_96' title="bbox 449 5407 2053 5485; baseline 0.006 -24"><span class='ocrx_word' id='word_1_811' title='bbox 449 5420 519 5462; x_wconf 82' lang='lat' dir='ltr'><strong>ex</strong></span> <span class='ocrx_word' id='word_1_812' title='bbox 552 5407 879 5467; x_wconf 85' lang='lat' dir='ltr'><strong>inﬁdelitate</strong></span> <span class='ocrx_word' id='word_1_813' title='bbox 915 5408 1087 5468; x_wconf 90' lang='lat' dir='ltr'><strong>fuisse</strong></span> <span class='ocrx_word' id='word_1_814' title='bbox 1129 5410 1550 5481; x_wconf 89' lang='lat' dir='ltr'><strong>dubitationem,</strong></span> <span class='ocrx_word' id='word_1_815' title='bbox 1578 5420 1637 5468; x_wconf 92' lang='lat' dir='ltr'><strong>et</strong></span> <span class='ocrx_word' id='word_1_816' title='bbox 1661 5411 1869 5470; x_wconf 86' lang='lat' dir='ltr'><strong>frustra</strong></span> <span class='ocrx_word' id='word_1_817' title='bbox 1898 5428 2053 5485; x_wconf 86' lang='lat' dir='ltr'><strong>quos-</strong></span> 
     </span>
    </p>
   </div>
   <div class='ocr_carea' id='block_1_97' title="bbox 2177 4323 3778 4409">
    <p class='ocr_par' dir='ltr' id='par_1_97' title="bbox 2177 4323 3778 4409">
     <span class='ocr_line' id='line_1_97' title="bbox 2177 4323 3778 4409; baseline -0.001 -24"><span class='ocrx_word' id='word_1_818' title='bbox 2177 4324 2507 4407; x_wconf 86' lang='grc' dir='ltr'>παχύτητος.</span> <span class='ocrx_word' id='word_1_819' title='bbox 2533 4325 2681 4409; x_wconf 88' lang='grc' dir='ltr'><strong>Ὅρα</strong></span> <span class='ocrx_word' id='word_1_820' title='bbox 2714 4326 2807 4406; x_wconf 80' lang='grc' dir='ltr'>δὲ,</span> <span class='ocrx_word' id='word_1_821' title='bbox 2845 4327 2990 4395; x_wconf 76' lang='grc' dir='ltr'>ὅπως</span> <span class='ocrx_word' id='word_1_822' title='bbox 3017 4327 3139 4386; x_wconf 68' lang='grc' dir='ltr'>οὐδὲ</span> <span class='ocrx_word' id='word_1_823' title='bbox 3182 4333 3291 4393; x_wconf 88' lang='grc' dir='ltr'>τοῖς</span> <span class='ocrx_word' id='word_1_824' title='bbox 3323 4323 3619 4406; x_wconf 65' lang='grc' dir='ltr'>ὀφθαλμοῖς</span> <span class='ocrx_word' id='word_1_825' title='bbox 3666 4323 3778 4404; x_wconf 76' lang='grc' dir='ltr'><strong>ἔφη</strong></span> 
     </span>
    </p>
   </div>
   <div class='ocr_carea' id='block_1_98' title="bbox 2174 4412 3778 4495">
    <p class='ocr_par' dir='ltr' id='par_1_98' title="bbox 2174 4412 3778 4495">
     <span class='ocr_line' id='line_1_98' title="bbox 2174 4412 3778 4495; baseline 0 -21"><span class='ocrx_word' id='word_1_826' title='bbox 2174 4415 2471 4494; x_wconf 83' lang='grc' dir='ltr'>πιστεύειν,</span> <span class='ocrx_word' id='word_1_827' title='bbox 2517 4418 2656 4477; x_wconf 78' lang='grc' dir='ltr'>ἀλλὰ</span> <span class='ocrx_word' id='word_1_828' title='bbox 2683 4415 2776 4478; x_wconf 88' lang='lat' dir='ltr'><strong>xui</strong></span> <span class='ocrx_word' id='word_1_829' title='bbox 2807 4414 2868 4475; x_wconf 82' lang='grc' dir='ltr'><strong>τὸ</strong></span> <span class='ocrx_word' id='word_1_830' title='bbox 2889 4457 2908 4493; x_wconf 93' lang='grc'><strong>,</strong></span> <span class='ocrx_word' id='word_1_831' title='bbox 2939 4442 2967 4473; x_wconf 70' lang='grc' dir='ltr'><strong>κ</strong></span> <span class='ocrx_word' id='word_1_832' title='bbox 2999 4415 3135 4477; x_wconf 82' lang='grc' dir='ltr'>Ἐὰν</span> <span class='ocrx_word' id='word_1_833' title='bbox 3163 4414 3240 4495; x_wconf 77' lang='grc' dir='ltr'><strong>μὴ</strong></span> <span class='ocrx_word' id='word_1_834' title='bbox 3288 4415 3442 4493; x_wconf 89' lang='grc' dir='ltr'>βάλω</span> <span class='ocrx_word' id='word_1_835' title='bbox 3466 4412 3563 4487; x_wconf 77' lang='grc' dir='ltr'><strong>τὴν</strong></span> <span class='ocrx_word' id='word_1_836' title='bbox 3610 4414 3778 4495; x_wconf 81' lang='grc' dir='ltr'>χεῖρά</span> 
     </span>
    </p>
   </div>
   <div class='ocr_carea' id='block_1_99' title="bbox 2174 4494 3777 4590">
    <p class='ocr_par' dir='ltr' id='par_1_99' title="bbox 2174 4494 3777 4590">
     <span class='ocr_line' id='line_1_99' title="bbox 2174 4494 3777 4590; baseline -0.002 -24"><span class='ocrx_word' id='word_1_837' title='bbox 2174 4529 2311 4586; x_wconf 88' lang='grc' dir='ltr'>μου,</span> <span class='ocrx_word' id='word_1_838' title='bbox 2341 4532 2367 4561; x_wconf 76' lang='grc' dir='ltr'><strong>ι</strong></span> <span class='ocrx_word' id='word_1_839' title='bbox 2411 4507 2731 4590; x_wconf 79' lang='grc' dir='ltr'>προσέθηκε.</span> <span class='ocrx_word' id='word_1_840' title='bbox 2778 4506 2952 4568; x_wconf 87' lang='grc' dir='ltr'>Πόθεν</span> <span class='ocrx_word' id='word_1_841' title='bbox 2996 4504 3053 4565; x_wconf 79' lang='grc' dir='ltr'>δὲ</span> <span class='ocrx_word' id='word_1_842' title='bbox 3083 4494 3235 4586; x_wconf 85' lang='grc' dir='ltr'>ᾔδει,</span> <span class='ocrx_word' id='word_1_843' title='bbox 3265 4501 3351 4563; x_wconf 76' lang='grc' dir='ltr'><strong>ὅτι</strong></span> <span class='ocrx_word' id='word_1_844' title='bbox 3385 4502 3583 4571; x_wconf 86' lang='grc' dir='ltr'>τύπους</span> <span class='ocrx_word' id='word_1_845' title='bbox 3623 4494 3777 4585; x_wconf 71' lang='grc' dir='ltr'>εἶχεν</span> 
     </span>
    </p>
   </div>
   <div class='ocr_carea' id='block_1_100' title="bbox 2170 4592 3785 4679">
    <p class='ocr_par' dir='ltr' id='par_1_100' title="bbox 2170 4592 3785 4679">
     <span class='ocr_line' id='line_1_100' title="bbox 2170 4592 3785 4679; baseline -0.001 -23"><span class='ocrx_word' id='word_1_846' title='bbox 2170 4601 2205 4670; x_wconf 83' lang='grc' dir='ltr'>ἡ</span> <span class='ocrx_word' id='word_1_847' title='bbox 2252 4597 2496 4679; x_wconf 72' lang='grc' dir='ltr'>πλευράς</span> <span class='ocrx_word' id='word_1_848' title='bbox 2549 4597 2804 4666; x_wconf 83' lang='grc' dir='ltr'>Ἀκούσας</span> <span class='ocrx_word' id='word_1_849' title='bbox 2857 4594 3007 4677; x_wconf 76' lang='grc' dir='ltr'>παρὰ</span> <span class='ocrx_word' id='word_1_850' title='bbox 3054 4600 3165 4657; x_wconf 85' lang='grc' dir='ltr'><strong>τῶν</strong></span> <span class='ocrx_word' id='word_1_851' title='bbox 3199 4596 3475 4674; x_wconf 81' lang='grc' dir='ltr'>μαθητῶν.</span> <span class='ocrx_word' id='word_1_852' title='bbox 3521 4592 3681 4662; x_wconf 85' lang='grc' dir='ltr'>Τίνος</span> <span class='ocrx_word' id='word_1_853' title='bbox 3716 4593 3785 4654; x_wconf 67' lang='grc' dir='ltr'>δὲ</span> 
     </span>
    </p>
   </div>
   <div class='ocr_carea' id='block_1_101' title="bbox 2172 4683 3786 4767">
    <p class='ocr_par' dir='ltr' id='par_1_101' title="bbox 2172 4683 3786 4767">
     <span class='ocr_line' id='line_1_101' title="bbox 2172 4683 3786 4767; baseline -0.002 -21"><span class='ocrx_word' id='word_1_854' title='bbox 2172 4684 2348 4747; x_wconf 78' lang='grc' dir='ltr'>ἕνεκεν</span> <span class='ocrx_word' id='word_1_855' title='bbox 2384 4689 2481 4749; x_wconf 78' lang='grc' dir='ltr'><strong>οὐκ</strong></span> <span class='ocrx_word' id='word_1_856' title='bbox 2521 4688 2712 4756; x_wconf 81' lang='grc' dir='ltr'>εὐθέως</span> <span class='ocrx_word' id='word_1_857' title='bbox 2751 4685 2997 4767; x_wconf 83' lang='grc' dir='ltr'>φαίνεται</span> <span class='ocrx_word' id='word_1_858' title='bbox 3026 4688 3207 4766; x_wconf 78' lang='grc' dir='ltr'>αὐτῷ,</span> <span class='ocrx_word' id='word_1_859' title='bbox 3258 4683 3399 4745; x_wconf 78' lang='grc' dir='ltr'>ἀλλὰ</span> <span class='ocrx_word' id='word_1_860' title='bbox 3429 4686 3546 4764; x_wconf 87' lang='grc' dir='ltr'>μεθ’</span> <span class='ocrx_word' id='word_1_861' title='bbox 3568 4683 3786 4765; x_wconf 77' lang='grc' dir='ltr'>ἡμέρας</span> 
     </span>
    </p>
   </div>
   <div class='ocr_carea' id='block_1_102' title="bbox 2170 4773 3781 4858">
    <p class='ocr_par' dir='ltr' id='par_1_102' title="bbox 2170 4773 3781 4858">
     <span class='ocr_line' id='line_1_102' title="bbox 2170 4773 3781 4858; baseline -0.002 -22"><span class='ocrx_word' id='word_1_862' title='bbox 2170 4775 2343 4853; x_wconf 81' lang='grc' dir='ltr'>ὀκτώ;</span> <span class='ocrx_word' id='word_1_863' title='bbox 2376 4773 2549 4837; x_wconf 53' lang='grc' dir='ltr'>(Ὠστε</span> <span class='ocrx_word' id='word_1_864' title='bbox 2576 4774 2980 4858; x_wconf 85' lang='grc' dir='ltr'>κατηχούμενον</span> <span class='ocrx_word' id='word_1_865' title='bbox 3024 4775 3184 4836; x_wconf 82' lang='grc' dir='ltr'>αὐτὸν</span> <span class='ocrx_word' id='word_1_866' title='bbox 3212 4773 3316 4834; x_wconf 75' lang='grc' dir='ltr'>ὑπὸ</span> <span class='ocrx_word' id='word_1_867' title='bbox 3342 4776 3450 4834; x_wconf 88' lang='grc' dir='ltr'><strong>τῶν</strong></span> <span class='ocrx_word' id='word_1_868' title='bbox 3479 4778 3781 4853; x_wconf 87' lang='grc' dir='ltr'>συμμαθη-</span> 
     </span>
    </p>
   </div>
   <div class='ocr_carea' id='block_1_103' title="bbox 2168 4863 3784 4942">
    <p class='ocr_par' dir='ltr' id='par_1_103' title="bbox 2168 4863 3784 4942">
     <span class='ocr_line' id='line_1_103' title="bbox 2168 4863 3784 4942; baseline -0.002 -17"><span class='ocrx_word' id='word_1_869' title='bbox 2168 4870 2305 4938; x_wconf 86' lang='grc' dir='ltr'>τῶν,</span> <span class='ocrx_word' id='word_1_870' title='bbox 2336 4867 2431 4927; x_wconf 86' lang='lat' dir='ltr'><strong>xui</strong></span> <span class='ocrx_word' id='word_1_871' title='bbox 2458 4867 2525 4926; x_wconf 77' lang='grc' dir='ltr'><strong>τὰ</strong></span> <span class='ocrx_word' id='word_1_872' title='bbox 2555 4868 2691 4927; x_wconf 77' lang='grc' dir='ltr'>αὐτὰ</span> <span class='ocrx_word' id='word_1_873' title='bbox 2719 4866 3014 4942; x_wconf 80' lang='grc' dir='ltr'>ἀκούοντα,</span> <span class='ocrx_word' id='word_1_874' title='bbox 3034 4865 3128 4926; x_wconf 88' lang='lat' dir='ltr'><strong>xui</strong></span> <span class='ocrx_word' id='word_1_875' title='bbox 3157 4869 3228 4933; x_wconf 77' lang='grc' dir='ltr'><strong>εἰς</strong></span> <span class='ocrx_word' id='word_1_876' title='bbox 3248 4863 3466 4925; x_wconf 87' lang='grc' dir='ltr'>πλείονα</span> <span class='ocrx_word' id='word_1_877' title='bbox 3496 4864 3656 4923; x_wconf 87' lang='grc' dir='ltr'>πόθον</span> <span class='ocrx_word' id='word_1_878' title='bbox 3682 4863 3784 4922; x_wconf 75' lang='grc' dir='ltr'><strong>ἐκ·-</strong></span> 
     </span>
    </p>
   </div>
   <div class='ocr_carea' id='block_1_104' title="bbox 2168 4951 3775 5038">
    <p class='ocr_par' dir='ltr' id='par_1_104' title="bbox 2168 4951 3775 5038">
     <span class='ocr_line' id='line_1_104' title="bbox 2168 4951 3775 5038; baseline -0.003 -22"><span class='ocrx_word' id='word_1_879' title='bbox 2168 4960 2406 5036; x_wconf 82' lang='grc' dir='ltr'>καῆναι,</span> <span class='ocrx_word' id='word_1_880' title='bbox 2446 4956 2539 5016; x_wconf 83' lang='grc' dir='ltr'><strong>καὶ</strong></span> <span class='ocrx_word' id='word_1_881' title='bbox 2590 4956 2905 5038; x_wconf 87' lang='grc' dir='ltr'>πιστότερον</span> <span class='ocrx_word' id='word_1_882' title='bbox 2957 4955 3088 5038; x_wconf 77' lang='grc' dir='ltr'>πρὸς</span> <span class='ocrx_word' id='word_1_883' title='bbox 3146 4955 3206 5014; x_wconf 84' lang='grc' dir='ltr'>τὸ</span> <span class='ocrx_word' id='word_1_884' title='bbox 3255 4953 3450 5033; x_wconf 69' lang='grc' dir='ltr'>μέλλον</span> <span class='ocrx_word' id='word_1_885' title='bbox 3498 4951 3775 5035; x_wconf 74' lang='grc' dir='ltr'>γενέσθαι.</span> 
     </span>
    </p>
   </div>
   <div class='ocr_carea' id='block_1_105' title="bbox 2168 5042 3778 5121">
    <p class='ocr_par' dir='ltr' id='par_1_105' title="bbox 2168 5042 3778 5121">
     <span class='ocr_line' id='line_1_105' title="bbox 2168 5042 3778 5121; baseline -0.001 -14"><span class='ocrx_word' id='word_1_886' title='bbox 2168 5046 2351 5115; x_wconf 85' lang='grc' dir='ltr'>Δεῖξαι</span> <span class='ocrx_word' id='word_1_887' title='bbox 2382 5047 2436 5106; x_wconf 80' lang='grc' dir='ltr'>δὲ</span> <span class='ocrx_word' id='word_1_888' title='bbox 2482 5046 2647 5106; x_wconf 84' lang='grc' dir='ltr'>θέλων</span> <span class='ocrx_word' id='word_1_889' title='bbox 2687 5051 2716 5108; x_wconf 81' lang='grc' dir='ltr'><strong>ὁ</strong></span> <span class='ocrx_word' id='word_1_890' title='bbox 2770 5044 3082 5121; x_wconf 88' lang='grc' dir='ltr'>Δεσπότης,</span> <span class='ocrx_word' id='word_1_891' title='bbox 3135 5044 3216 5105; x_wconf 80' lang='grc' dir='ltr'>ὅτι</span> <span class='ocrx_word' id='word_1_892' title='bbox 3263 5043 3358 5105; x_wconf 88' lang='lat' dir='ltr'><strong>xui</strong></span> <span class='ocrx_word' id='word_1_893' title='bbox 3408 5042 3527 5105; x_wconf 87' lang='grc' dir='ltr'>τότε</span> <span class='ocrx_word' id='word_1_894' title='bbox 3559 5042 3778 5119; x_wconf 70' lang='grc' dir='ltr'>παρῆν,</span> 
     </span>
    </p>
   </div>
   <div class='ocr_carea' id='block_1_106' title="bbox 2167 5132 3777 5218">
    <p class='ocr_par' dir='ltr' id='par_1_106' title="bbox 2167 5132 3777 5218">
     <span class='ocr_line' id='line_1_106' title="bbox 2167 5132 3777 5218; baseline 0.003 -24"><span class='ocrx_word' id='word_1_895' title='bbox 2167 5138 2326 5209; x_wconf 84' lang='grc' dir='ltr'>ἡνίκα</span> <span class='ocrx_word' id='word_1_896' title='bbox 2356 5135 2425 5196; x_wconf 81' lang='grc' dir='ltr'><strong>τὰ</strong></span> <span class='ocrx_word' id='word_1_897' title='bbox 2466 5139 2562 5208; x_wconf 74' lang='grc' dir='ltr'><strong>τῆς</strong></span> <span class='ocrx_word' id='word_1_898' title='bbox 2607 5136 2857 5204; x_wconf 74' lang='grc' dir='ltr'>ἀπιστίας</span> <span class='ocrx_word' id='word_1_899' title='bbox 2899 5135 3123 5218; x_wconf 82' lang='grc' dir='ltr'>ῥήματα</span> <span class='ocrx_word' id='word_1_900' title='bbox 3151 5134 3281 5216; x_wconf 80' lang='grc' dir='ltr'>πρὸς</span> <span class='ocrx_word' id='word_1_901' title='bbox 3325 5133 3443 5200; x_wconf 73' lang='grc' dir='ltr'>τοὺς</span> <span class='ocrx_word' id='word_1_902' title='bbox 3471 5132 3777 5218; x_wconf 50' lang='grc' dir='ltr'>συμμαθη-</span> 
     </span>
    </p>
   </div>
   <div class='ocr_carea' id='block_1_107' title="bbox 2164 5216 3779 5308">
    <p class='ocr_par' dir='ltr' id='par_1_107' title="bbox 2164 5216 3779 5308">
     <span class='ocr_line' id='line_1_107' title="bbox 2164 5216 3779 5308; baseline -0.014 -13"><span class='ocrx_word' id='word_1_903' title='bbox 2164 5224 2260 5294; x_wconf 69' lang='grc' dir='ltr'><strong>τὰς</strong></span> <span class='ocrx_word' id='word_1_904' title='bbox 2290 5225 2574 5308; x_wconf 77' lang='grc' dir='ltr'>ἐφθέγγετο</span> <span class='ocrx_word' id='word_1_905' title='bbox 2617 5230 2647 5286; x_wconf 82' lang='grc' dir='ltr'><strong>ὁ</strong></span> <span class='ocrx_word' id='word_1_906' title='bbox 2685 5216 2933 5306; x_wconf 71' lang='grc' dir='ltr'>Θωμᾶς,</span> <span class='ocrx_word' id='word_1_907' title='bbox 2965 5228 3025 5286; x_wconf 84' lang='grc' dir='ltr'>οὗ</span> <span class='ocrx_word' id='word_1_908' title='bbox 3076 5225 3354 5306; x_wconf 81' lang='grc' dir='ltr'>περιμένει</span> <span class='ocrx_word' id='word_1_909' title='bbox 3396 5222 3527 5303; x_wconf 85' lang='grc' dir='ltr'>παρ’</span> <span class='ocrx_word' id='word_1_910' title='bbox 3570 5216 3779 5308; x_wconf 65' lang='grc' dir='ltr'>ἐκείνου</span> 
     </span>
    </p>
   </div>
   <div class='ocr_carea' id='block_1_108' title="bbox 2167 5299 3773 5397">
    <p class='ocr_par' dir='ltr' id='par_1_108' title="bbox 2167 5299 3773 5397">
     <span class='ocr_line' id='line_1_108' title="bbox 2167 5299 3773 5397; baseline 0.001 -21"><span class='ocrx_word' id='word_1_911' title='bbox 2167 5299 2398 5378; x_wconf 78' lang='grc' dir='ltr'>ἀκοῦσαί</span> <span class='ocrx_word' id='word_1_912' title='bbox 2455 5339 2508 5374; x_wconf 92' lang='grc' dir='ltr'><strong>τι</strong></span> <span class='ocrx_word' id='word_1_913' title='bbox 2566 5321 2836 5395; x_wconf 77' lang='grc' dir='ltr'>τοιοῦτον,</span> <span class='ocrx_word' id='word_1_914' title='bbox 2889 5315 3008 5377; x_wconf 78' lang='grc' dir='ltr'>ἀλλ’</span> <span class='ocrx_word' id='word_1_915' title='bbox 3048 5317 3206 5384; x_wconf 80' lang='grc' dir='ltr'>αὐτὸς</span> <span class='ocrx_word' id='word_1_916' title='bbox 3261 5310 3574 5397; x_wconf 58' lang='grc' dir='ltr'>προλαόιῖινρ</span> <span class='ocrx_word' id='word_1_917' title='bbox 3618 5299 3773 5397; x_wconf 37' lang='grc' dir='ltr'>,ἅπερ</span> 
     </span>
    </p>
   </div>
   <div class='ocr_carea' id='block_1_109' title="bbox 2168 5390 3779 5498">
    <p class='ocr_par' dir='ltr' id='par_1_109' title="bbox 2168 5390 3779 5498">
     <span class='ocr_line' id='line_1_109' title="bbox 2168 5390 3779 5498; baseline -0.001 -33"><span class='ocrx_word' id='word_1_918' title='bbox 2168 5405 2421 5485; x_wconf 77' lang='grc' dir='ltr'>ἐπεθύμει</span> <span class='ocrx_word' id='word_1_919' title='bbox 2473 5409 2689 5498; x_wconf 65' lang='grc' dir='ltr'>πληροῖ·</span> <span class='ocrx_word' id='word_1_920' title='bbox 2734 5390 2832 5498; x_wconf 80' lang='lat' dir='ltr'><strong>xui</strong></span> <span class='ocrx_word' id='word_1_921' title='bbox 2883 5404 2987 5498; x_wconf 83' lang='grc' dir='ltr'><strong>γὰρ</strong></span> <span class='ocrx_word' id='word_1_922' title='bbox 3028 5390 3439 5498; x_wconf 36' lang='grc' dir='ltr'><strong>Δτοῖςίρμίμίιυξιν</strong></span> <span class='ocrx_word' id='word_1_923' title='bbox 3496 5390 3779 5498; x_wconf 48' lang='grc' dir='ltr'>ἐχρήσοίτο</span> 
     </span>
    </p>
   </div>
   <div class='ocr_carea' id='block_1_110' title="bbox 451 5484 2054 5578">
    <p class='ocr_par' dir='ltr' id='par_1_110' title="bbox 451 5484 2049 5576">
     <span class='ocr_line' id='line_1_110' title="bbox 451 5484 2049 5576; baseline 0.007 -28"><span class='ocrx_word' id='word_1_924' title='bbox 451 5492 586 5550; x_wconf 86' lang='lat' dir='ltr'><strong>dam</strong></span> <span class='ocrx_word' id='word_1_925' title='bbox 630 5499 922 5568; x_wconf 83' lang='lat' dir='ltr'><strong>gratiﬁcari</strong></span> <span class='ocrx_word' id='word_1_926' title='bbox 948 5500 1201 5572; x_wconf 65' lang='lat' dir='ltr'><strong>Thema,</strong></span> <span class='ocrx_word' id='word_1_927' title='bbox 1249 5502 1497 5560; x_wconf 89' lang='lat' dir='ltr'><strong>dicentes</strong></span> <span class='ocrx_word' id='word_1_928' title='bbox 1524 5502 1677 5576; x_wconf 89' lang='lat' dir='ltr'><strong>quod</strong></span> <span class='ocrx_word' id='word_1_929' title='bbox 1721 5501 1851 5561; x_wconf 86' lang='lat' dir='ltr'><strong>data</strong></span> <span class='ocrx_word' id='word_1_930' title='bbox 1882 5484 2049 5575; x_wconf 85' lang='lat' dir='ltr'><strong>opera</strong></span> 
     </span>
    </p>
   </div>
   <div class='ocr_carea' id='block_1_111' title="bbox 2166 5484 3779 5578">
    <p class='ocr_par' dir='ltr' id='par_1_111' title="bbox 2166 5484 3779 5578">
     <span class='ocr_line' id='line_1_111' title="bbox 2166 5484 3779 5578; baseline -0.005 -22"><span class='ocrx_word' id='word_1_931' title='bbox 2166 5504 2265 5564; x_wconf 85' lang='grc' dir='ltr'>τοῖς</span> <span class='ocrx_word' id='word_1_932' title='bbox 2316 5484 2500 5556; x_wconf 76' lang='grc' dir='ltr'>αὐτοῦ.</span> <span class='ocrx_word' id='word_1_933' title='bbox 2558 5484 2671 5557; x_wconf 81' lang='grc' dir='ltr'><strong>Καὶ</strong></span> <span class='ocrx_word' id='word_1_934' title='bbox 2711 5495 2843 5578; x_wconf 77' lang='grc' dir='ltr'>ὅρα,</span> <span class='ocrx_word' id='word_1_935' title='bbox 2960 5484 3332 5566; x_wconf 44' lang='grc' dir='ltr'><strong>ξ-ιὶίηῖρῶτον</strong></span> <span class='ocrx_word' id='word_1_936' title='bbox 3363 5484 3779 5563; x_wconf 69' lang='grc' dir='ltr'>ἐπιτιμητικῶς·</span> 
     </span>
    </p>
   </div>
   <div class='ocr_carea' id='block_1_112' title="bbox 525 5640 1070 5716">
    <p class='ocr_par' dir='ltr' id='par_1_112' title="bbox 525 5640 1070 5716">
     <span class='ocr_line' id='line_1_112' title="bbox 525 5640 1070 5716; baseline 0.013 -20"><span class='ocrx_word' id='word_1_937' title='bbox 525 5640 571 5675; x_wconf 70' lang='grc'><strong>³³</strong></span> <span class='ocrx_word' id='word_1_938' title='bbox 598 5642 763 5699; x_wconf 86' lang='lat' dir='ltr'><strong>Num.</strong></span> <span class='ocrx_word' id='word_1_939' title='bbox 799 5659 957 5716; x_wconf 74' lang='lat' dir='ltr'><strong>xx&quot;,</strong></span> <span class='ocrx_word' id='word_1_940' title='bbox 987 5653 1070 5703; x_wconf 77' lang='lat'><strong>28.</strong></span> 
     </span>
    </p>
   </div>
  </div>
