4128 6432
272 315 373 371 30!

1071 313 1462 371 ENARRATIO
1500 313 1569 370 IN
1607 307 2045 370 EVANGELIUM
2079 311 2378 371 JOANNIS.
2405 341 2476 354 —
2505 313 2656 370 CAP.
2696 314 2801 370 XX.

3482 319 3588 375 302

268 468 294 494 ι
330 438 486 516 Φέρε
536 438 680 521 γὰρ,
732 439 904 520 φησὶ,
936 437 1035 512 τὴν
1083 439 1240 521 χεῖρά
1289 460 1411 500 σου·
1445 464 1470 493 ι
1518 439 1578 500 τὸ
1630 439 1687 499 δὲ
1737 439 1876 518 μετὰ

1991 446 2038 497 et
2086 438 2385 512 prudenter
2413 455 2530 496 non
2575 438 2734 496 facile
2760 436 3099 496 crediderit?
3149 442 3292 497 Nam
3319 443 3590 500 Dominus

266 535 483 603 ταῦτα,
518 531 928 610 παραινετικῶς·
977 557 1002 584 ιι
1036 529 1129 602 Μὴ
1153 529 1300 608 γίνου
1341 529 1475 610 γὰρ,
1518 531 1714 612 φησὶν,
1750 529 1876 590 άπι-

266 643 430 695 στος,
480 617 619 678 ἀλλὰ
659 619 867 688 πιστός.
907 647 932 673 ιι
979 615 1142 680 Ὅθεν
1185 621 1378 694 δῆλον,
1413 618 1494 679 ὅτι
1543 619 1594 690 ἐξ
1628 619 1879 688 ἀπιστίας

265 700 333 783 ἦν
385 714 425 782 ἧ
475 709 805 792 ἀμφιϐολία,
849 709 943 768 καὶ
976 709 1150 789 μάτην
1191 709 1377 771 λοιπὸν
1426 709 1880 793 καταχαρίζονταί

266 823 409 867 τινες
441 802 520 881 τῷ
573 801 796 881 Θωμᾷ,
855 800 1186 879 φάσκοντες,
1238 802 1308 867 ὡς
1355 799 1409 869 ἐξ
1458 800 1768 884 ἀκριϐείας,
1819 803 1879 860 οὗ

271 889 472 970 ῥᾳδίως
517 889 848 950 ἐπίστευσεν.
909 889 1052 950 Ἰδοὺ
1089 887 1195 970 γὰρ
1233 894 1261 950 ὁ
1295 887 1490 973 Κύριος
1523 890 1746 950 ἄπιστον
1781 891 1876 950 αὖ·

268 981 359 1040 τὸν
391 982 679 1041 ἀποκαλεῖ.
711 978 862 1059 ⁴²Ορα
888 979 942 1039 δὲ
973 978 1062 1038 τὸν
1092 978 1278 1059 πρώην
1322 980 1544 1041 ἄπιστον
1566 1029 1583 1057 ,
1629 983 1742 1049 πῶς
1772 979 1878 1039 ἀπὸ

276 1074 371 1129 103
429 1070 666 1151 ἅψασθαι
718 1073 817 1142 τῆς
873 1071 1142 1150 πλευρᾶς,
1208 1069 1452 1151 θεολόγος
1504 1071 1721 1152 ἄριστος
1777 1073 1878 1130 ἇν-

276 1157 507 1239 εδείχθη.
540 1159 654 1228 Τὰς
682 1157 787 1240 γὰρ
817 1159 908 1219 δύο
939 1159 1119 1241 φύσεις
1138 1203 1157 1238 ,
1188 1160 1278 1218 καὶ
1304 1160 1402 1227 τὴν
1429 1160 1557 1240 μίαν
1583 1159 1877 1222 ὖπόστασιν

280 1254 372 1308 103
421 1250 524 1318 ἑνὸς
568 1251 808 1329 Χριστοῦ
859 1248 1124 1318 ἐδίδαξεν·
1172 1251 1226 1309 ἐν
1279 1249 1375 1328 μὲν
1424 1253 1501 1332 τῷ
1545 1253 1709 1312 εἰπεῖν
1766 1250 1880 1312 Κύ-

277 1361 416 1419 ριον,
463 1338 560 1413 τὴν
593 1337 936 1420 ἀνθρωπίνην
978 1339 1132 1420 φύσιν
1173 1339 1294 1416 (καὶ
1327 1339 1432 1422 γὰρ
1472 1343 1554 1401 ἐπ’
1586 1339 1878 1422 ἀνθρώπων

270 1428 332 1487 τὸ
362 1432 416 1491 Κ
433 1429 462 1487 ύ
478 1454 507 1511 ρ
525 1453 584 1489 ιο
604 1455 628 1499 ς
653 1429 886 1509 λέγεται·
916 1433 988 1497 ὡς
1010 1428 1100 1502 τὸ,
1126 1456 1150 1482 α
1174 1429 1341 1509 Κύριε
1357 1475 1374 1508 ,
1408 1434 1453 1489 εἰ
1478 1430 1540 1489 σὺ
1573 1430 1878 1500 ἐϐάστασας

273 1517 439 1578 αὐτόν
463 1541 479 1556 θ
516 1518 576 1600 ιο)
605 1519 692 1579 διὰ
720 1517 777 1578 δὲ
827 1523 921 1579 τοῦ
969 1518 1134 1579 εἰπεῖν
1146 1565 1163 1594 ,
1199 1547 1224 1573 α
1255 1519 1326 1581 Ὁ
1355 1519 1491 1588 Θεός
1541 1543 1678 1600 μου,
1723 1546 1750 1574 ι
1781 1521 1879 1594 τὴν

267 1610 420 1670 θείαν
467 1609 682 1683 οὐσίαν,
712 1607 805 1668 ἕνα
835 1609 1016 1686 μέντοι
1061 1609 1154 1668 καὶ
1197 1610 1285 1670 τὸν
1317 1608 1475 1670 αὐτὸν
1512 1601 1648 1670 εἶναι
1681 1608 1875 1692 Κύριον

267 1698 362 1758 καὶ
393 1698 564 1761 Θεόν.
597 1697 862 1758 Δεικνύων
889 1697 945 1757 δὲ
975 1701 1108 1776 ἡμῖν
1140 1701 1169 1758 ὁ
1204 1700 1401 1780 Κύριος
1421 1747 1438 1773 ,
1469 1698 1550 1761 ὅτι
1578 1700 1736 1761 τοῦτό
1764 1702 1878 1760 ἐστι

1990 529 2334 586 incredulum
2352 535 2529 586 vocat.
2559 527 2696 586 Vide
2721 536 2908 586 autem
2934 528 3215 602 quomodo
3245 530 3292 587 is
3319 530 3412 603 qui
3441 532 3591 604 prius

1986 618 2321 689 incredulus,
2348 626 2500 676 tactu
2546 617 2731 676 lateris
2755 618 3052 691 theologus
3075 620 3319 692 optimus
3359 620 3589 678 demon-

1987 718 2197 768 stratus
2226 709 2318 766 sit.
2350 712 2505 766 Duas
2532 709 2683 766 enim
2712 717 2940 767 naturas
2967 715 3024 767 et
3050 725 3223 767 unam
3250 710 3591 783 hypostasim

1985 800 2152 856 unius
2177 799 2378 857 Christi
2397 798 2599 856 docuit.
2630 798 2874 856 Dicendo
2890 799 3043 856 enim
3070 799 3370 869 Dominus,
3394 799 3592 857 huma-

1987 905 2120 946 nam
2147 888 2355 946 indicat
2389 898 2644 946 naturam
2676 907 2690 945 :
2743 904 2881 947 nam
2929 889 2998 946 de
3027 888 3346 947 hominibus
3383 889 3586 948 dicitur

1986 980 2281 1044 Dominus,
2306 981 2471 1048 sicut,
2507 1003 2532 1030 «
2563 979 2822 1050 Domine,
2848 979 2894 1036 si
2915 987 2976 1036 tu
2994 979 3256 1037 sustulisti
3284 996 3435 1049 eum,
3456 979 3521 1034 ει.
3554 1003 3583 1031 ι

1985 1068 2236 1127 Dicendo
2256 1078 2464 1139 autem,
2489 1093 2516 1120 α
2537 1074 2691 1127 Deus
2710 1085 2889 1138 meus,
2908 1093 2934 1120 ››
2953 1069 3201 1127 divinam
3216 1069 3592 1128 substantiam

1986 1159 2232 1217 ostendit
2280 1177 2295 1216 :
2339 1168 2396 1218 et
2423 1160 2497 1217 ita
2529 1176 2708 1217 unum
2737 1169 2794 1217 et
2821 1159 3081 1217 eumdem
3133 1175 3253 1217 esse
3282 1160 3592 1218 Dominum

1986 1259 2042 1308 et
2063 1253 2268 1306 Deum.
2292 1252 2369 1306 At
2386 1249 2661 1307 Dominus
2686 1249 2981 1308 ostendens
3009 1250 3169 1308 nobis
3201 1251 3349 1324 quod
3371 1250 3498 1308 ﬁdei
3520 1250 3594 1308 sit

1984 1340 2224 1413 recipere
2272 1356 2335 1397 ea
2383 1356 2507 1413 quae
2552 1355 2669 1397 non
2716 1339 2992 1411 videntur,
3021 1340 3153 1398 dicit
3204 1358 3218 1398 :
3254 1364 3281 1390 α
3316 1341 3466 1398 Beati
3494 1340 3593 1414 qui

1985 1446 2097 1487 non
2127 1429 2399 1500 viderunt,
2429 1438 2488 1487 et
2509 1429 2860 1488 crediderunt
2890 1449 2905 1487 :
2941 1453 2968 1481 ι
3002 1430 3111 1488 hoc
3139 1431 3260 1488 loco
3294 1430 3595 1503 discipulos

1988 1520 2316 1593 intelligens,
2337 1521 2428 1594 qui
2450 1535 2631 1594 neque
2663 1519 2896 1578 ﬁxuram
2918 1522 3222 1591 clavorum,
3251 1536 3429 1595 neque
3451 1521 3595 1578 latus

1986 1610 2298 1684 tetigerant,
2332 1619 2390 1668 et
2431 1610 2815 1683 crediderunt;
2857 1627 2971 1668 non
2998 1611 3122 1669 illos
3163 1619 3349 1668 autem
3383 1613 3590 1679 solum,

1985 1700 2082 1757 sed
2107 1709 2162 1756 et
2191 1716 2288 1757 eos
2325 1700 2418 1774 qui
2459 1707 2648 1774 postea
2675 1699 3050 1758 crediderunt.
3082 1703 3208 1757 Non
3237 1702 3458 1774 privans
3487 1718 3591 1758 au-

265 1788 538 1864 πίστεως,
596 1790 667 1856 ὥς
711 1789 771 1848 τὸ
818 1787 888 1848 τὰ
950 1788 1028 1866 μὴ
1076 1788 1322 1868 ὁρώμενα
1378 1787 1656 1866 δέξασθαι,
1709 1790 1877 1870 φησί’

1991 1798 2105 1847 tem
2131 1789 2405 1847 Thomam
2435 1789 2788 1858 beatitudine,
2821 1790 2929 1848 hoc
2955 1790 3110 1860 dixit,
3158 1791 3256 1848 sed
3300 1791 3594 1850 consolans

267 1905 292 1930 ι
319 1880 603 1960 Μακάριοι
644 1883 694 1939 οἱ
731 1877 807 1957 μὴ
855 1877 1052 1946 ἰδόντες
1073 1925 1090 1957 ,
1117 1879 1208 1938 καὶ
1245 1886 1643 1949 πιστεύσαντες.
1689 1905 1715 1935 ιι
1769 1882 1874 1941 Αἶ-

267 1968 509 2028 νίττεται
559 1969 616 2028 δὲ
668 1970 895 2030 ἐνταῦθα
946 1967 1070 2038 τοὺς
1121 1969 1394 2047 μαθητὰς,
1446 1969 1499 2029 οἳ
1548 1969 1668 2030 οὔτε
1712 1969 1876 2030 τύπον

265 2057 446 2134 ἥλων,
474 2058 598 2119 οὔτε
648 2057 886 2140 πλευρὰν
935 2059 1350 2140 ψηλαφήσαντες
1397 2060 1748 2135 ἐπίστευσαν,
1781 2062 1878 2120 οὐκ

270 2148 501 2217 ἐκείνους
543 2147 600 2207 δὲ
654 2148 875 2226 μόνους,
928 2147 1069 2209 ἀλλὰ
1118 2149 1208 2208 καὶ
1249 2149 1370 2217 τοὺς
1419 2151 1556 2228 μετὰ
1583 2155 1756 2210 ταῦτα
1788 2176 1876 2212 πι-

269 2238 618 2305 στεύσαντας.
659 2240 792 2321 ρύκ
820 2241 1130 2321 ἀποστερῶν
1182 2240 1235 2299 δὲ
1267 2240 1357 2300 τὸν
1401 2240 1612 2318 Θωμᾶν
1646 2245 1740 2302 103
1771 2265 1878 2319 μα·

268 2333 577 2410 καρισμοῦ,
639 2317 755 2387 εἷπε
803 2333 988 2403 τοῦτο,
1030 2317 1179 2388 ιίλλὰ
1226 2317 1704 2409 παραμυθούμενος
1761 2317 1880 2398 τοὺς

267 2419 344 2496 μὴ
375 2418 608 2484 ἰδόντας.
657 2417 814 2479 Ἐπεὶ
863 2418 967 2498 γὰρ
1010 2419 1200 2479 πολλοὶ
1233 2419 1516 2498 λέγουσιν,
1552 2419 1633 2480 ὅτι
1683 2422 1879 2480 Μακά-

269 2531 372 2586 ριοι
396 2509 446 2567 οἱ
475 2508 742 2588 ὀφθαλμοὶ
792 2512 841 2568 οἱ
883 2508 1080 2576 ἰδόντες
1135 2509 1223 2568 τὸν
1267 2509 1500 2591 Κύριον,
1534 2515 1878 2591 παραμυθεῖ-

266 2622 355 2656 ται
379 2600 630 2672 τούτους,
665 2598 748 2657 ὅτι
781 2602 940 2658 τοῦτο
987 2598 1194 2677 μᾶλλόν
1220 2602 1334 2659 ἐστι
1374 2600 1636 2681 μακάριον
1655 2645 1671 2671 ,
1704 2600 1764 2660 τὸ
1801 2601 1876 2679 μὴ

266 2687 448 2746 ἰδόντα
505 2692 816 2750 πιστεῦσαι.
875 2691 1006 2757 Πῶς
1053 2688 1109 2750 δὲ
1145 2691 1304 2767 σῶμα
1352 2689 1655 2771 ἄφθαρτον,
1686 2691 1882 2760 τύπους

268 2776 391 2856 ἕχον
441 2778 690 2857 ἐδείχθη,
738 2778 832 2837 καὶ
864 2777 1034 2862 ὄιπτὸν
1093 2779 1299 2858 ἐγένετο
1338 2779 1480 2859 χειρὶ
1532 2781 1876 2862 ἀνθρωπίνῂ;

266 2867 400 2927 Ὅτι
437 2867 842 2946 συγκατάϐασις
884 2860 949 2941 ἦν
981 2872 1152 2927 ταῦτα
1184 2868 1382 2932 πάντα.
1443 2870 1523 2930 Τὸ
1563 2860 1667 2951 γὰρ
1700 2860 1877 2930 εἰσελ-

267 2955 355 3015 θὸν
404 2983 429 3010 ε
458 2958 852 3034 κεκλεισμένων
896 2961 1000 3018 τῶν
1051 2961 1253 3040 θυρῶν,
1279 2985 1303 3012 ιι
1366 2957 1459 3018 καὶ
1511 2960 1652 3018 οὕτω
1684 2962 1878 3022 λεπτὸν

267 3048 360 3105 καὶ
390 3050 588 3127 κοῦφον
605 3095 621 3122 ,
650 3047 828 3122 πάσης
862 3047 1172 3128 παχύτητος
1203 3049 1548 3122 ἀπήλλακτο.
1606 3048 1728 3112 Ἵνα
1754 3055 1878 3130 γοῦν

267 3142 526 3218 πιστευθῇ
553 3140 588 3209 ἡ
623 3137 948 3212 ἀνάστασις,
979 3144 1151 3198 ταῦτα
1182 3139 1412 3201 δείκνυσι
1438 3183 1455 3212 ,
1487 3139 1580 3199 καὶ
1612 3141 1698 3201 διὰ
1727 3147 1881 3202 τοῦτο

272 3227 558 3287 ἀνίσταται
591 3228 733 3308 ἔχων
767 3227 836 3288 τὰ
864 3237 1065 3304 σημεῖα
1095 3233 1189 3288 103
1221 3235 1451 3311 σταυροῦ
1483 3230 1576 3289 καὶ
1605 3230 1700 3299 τὰς
1733 3231 1882 3314 τρώσ-

268 3339 400 3385 σεις.
437 3317 598 3379 Ἐπεὶ
622 3318 716 3378 καὶ
749 3317 778 3377 ὃ
813 3317 1008 3400 ἔφαγεν
1030 3365 1046 3395 ,
1080 3320 1176 3378 οὐκ
1206 3320 1413 3401 ἀνάγκῃ
1441 3321 1722 3399 σώματος,
1759 3324 1880 3382 ἀλλ’

268 3410 343 3476 εἷς
397 3407 664 3467 πίστωσιν
717 3413 814 3481 1n”;
860 3408 1206 3478 ἀναστάσεως
1256 3410 1470 3491 ἔφαγεν.
1523 3409 1742 3494 ⁶Ώσπερ
1789 3404 1880 3473 03v

267 3497 374 3574 πρὸ
401 3503 498 3556 103
529 3503 787 3582 σταυροῦ⁸
821 3499 908 3558 ἐπὶ
949 3501 1055 3559 τῶν
1097 3499 1352 3578 κυμάτων
1391 3506 1737 3582 περιπατῶν,
1788 3505 1883 3563 οὐκ

266 3585 448 3658 ἄλλης
498 3578 701 3666 φύσεως
748 3578 864 3669 εἶχε
896 3591 1074 3666 σῶμω
1123 3589 1261 3648 οὕτω
1290 3590 1382 3649 καὶ
1431 3578 1522 3649 νιῖν
1567 3578 1882 3673 ψηλαφητὸν

269 3674 588 3764 0310,1031
628 3676 814 3747 τύπους
860 3678 986 3760 ἕχον
1020 3678 1302 3740 δείκνυσινο
1349 3681 1496 3759 ὅμως
1532 3681 1626 3740 καὶ
1671 3681 1880 3764 ἄφθαρ-

274 3786 374 3854 τον
423 3762 555 3854 αυτὸ
599 3767 890 3849 περιφέρει,
927 3770 975 3827 εἷ
1022 3768 1116 3828 καὶ
1155 3771 1476 3854 ψηλαφητὸν
1523 3769 1618 3831 καὶ
1670 3762 1882 3852 ὁρατόν.

278 3851 390 3912 Διᾶ
421 3852 524 3933 γὰρ
556 3856 804 3916 πίστωσιν
831 3863 1005 3919 ταῦτα
1035 3851 1345 3934 δείκνυται,
1380 3863 1501 3920 ἀλλ’
1527 3860 1649 3942 οὐχὶ
1676 3851 1884 3943 ἀνάγκῃ

279 3943 376 4000 καὶ
422 3942 566 4025 νόμῳ
595 3945 864 4024 σώματος.
915 3952 1038 4010 Πᾶν
1091 3949 1194 4031 γὰρ
1233 3950 1294 4010 τὸ
1329 3951 1764 4032 βιϐρωσκόμενον
1794 3942 1888 4020 εἷς

279 4033 562 4113 ἀφεδρῶνα
608 4046 804 4122 χωρεῇ
857 4038 950 4098 καὶ
1006 4044 1347 4100 ἀλλοιοῦται·
1403 4040 1537 4122 ὅπερ
1602 4041 1739 4119 μετὰ
1783 4042 1884 4116 τὴν

275 4125 568 4184 ἀνάστασιν
619 4129 717 4186 οὖκ
762 4119 825 4201 ἧν
878 4129 966 4188 ἐπὶ
994 4135 1266 4212 Χριστοῦ,
1320 4131 1460 4191 ἀλλὰ
1511 4119 1734 4211 δυνάμει
1782 4133 1886 4192 τινὶ

271 4215 487 4298 ἀοράτῳ
516 4216 614 4276 καὶ
645 4217 761 4300 θεία
810 4221 1267 4293 κατηναλίσκοντο
1312 4223 1380 4282 τὰ
1429 4221 1844 4303 βιϐρωσκόμενα
1868 4270 1884 4298 ,

266 4307 398 4386 πρὸς
447 4307 716 4366 πίστωσιν
763 4312 858 4382 τῆς
914 4310 1251 4378 ἀναστάσεως
1300 4311 1458 4390 μόνον
1511 4313 1884 4392 παραλαμϐα-

1988 1896 2084 1938 eos
2105 1881 2198 1953 qui
2227 1897 2342 1937 non
2369 1879 2636 1938 viderant.
2660 1880 2802 1952 Quia
2829 1880 2981 1937 enim
3009 1881 3169 1937 multi
3194 1880 3406 1950 dicunt,
3438 1881 3590 1938 Beati

1986 1970 2131 2028 oculi
2150 1971 2247 2044 qui
2265 1970 2522 2028 viderunt
2545 1971 2871 2041 Dominum,
2896 1971 3107 2028 solatur
3129 1985 3224 2028 eos
3244 1971 3397 2044 quod
3416 1971 3593 2028 multo

1984 2061 2196 2119 beatius
2243 2061 2313 2118 sit
2357 2076 2487 2118 cum
2514 2077 2630 2118 non
2656 2060 2884 2132 videris,
2927 2060 3238 2118 credidisse.
3291 2060 3591 2134 Quomodo

1984 2161 2172 2210 autem
2213 2169 2415 2226 corpus
2440 2153 2854 2227 incorruptibile
2880 2161 3250 2212 monstratum
3276 2161 3362 2210 est
3389 2152 3593 2211 habere

1985 2252 2040 2300 et
2060 2243 2343 2302 clavorum
2367 2252 2548 2317 typos,
2572 2253 2625 2301 et
2646 2243 2889 2302 humana
2909 2260 3078 2301 manu
3098 2242 3358 2316 tangibile
3383 2242 3593 2300 factum

1986 2337 2105 2392 est?
2150 2337 2258 2391 Per
2283 2335 2802 2407 attemperationem
2831 2334 2900 2392 ad
2944 2334 3166 2391 illorum
3212 2334 3595 2391 inﬁrmitatem

1988 2423 2131 2481 facta
2157 2430 2288 2480 sunt
2326 2423 2448 2480 haec
2487 2425 2692 2480 omnia.
2724 2422 2888 2495 Quod
2913 2424 3064 2479 enim
3118 2423 3432 2496 ingressum
3476 2433 3594 2481 erat

1993 2535 2020 2566 «
2055 2513 2254 2570 clausis
2286 2513 2497 2586 januis,
2533 2536 2558 2563 ιι
2604 2521 2661 2570 et
2698 2514 2774 2570 ita
2803 2523 2968 2570 tenue
2994 2528 3058 2569 ac
3101 2513 3238 2578 leve,
3281 2517 3433 2568 omni
3462 2513 3594 2570 libe-

1987 2621 2115 2661 rum
2145 2602 2250 2660 fuit
2279 2602 2663 2660 crassitudine.
2696 2605 2764 2659 Et
2790 2610 2854 2660 ut
2881 2601 3134 2659 credatur
3166 2602 3386 2659 ﬁrmius
3415 2618 3598 2660 resur-

1988 2693 2186 2763 rectio,
2213 2692 2332 2749 haec
2355 2701 2760 2750 monstrantur.
2791 2696 2861 2749 Et
2879 2698 3168 2765 prapterea
3189 2692 3366 2765 surgit
3392 2692 3598 2750 habens

1989 2783 2147 2857 signa
2173 2782 2350 2840 crucis
2378 2791 2433 2838 et
2459 2783 2683 2839 vulnera
2698 2782 2872 2856 {quia
2898 2789 2956 2839 et
2991 2781 3140 2856 quod
3183 2781 3449 2850 comedit,
3479 2798 3597 2839 non

1987 2873 2324 2930 necessitatis
2394 2880 2511 2930 erat
2563 2873 2802 2945 corpori,
2865 2871 2966 2929 sed
3003 2871 3072 2928 ad
3119 2871 3598 2930 conﬁrmationem

1989 2963 2408 3020 resurrectionis
2459 2961 2730 3033 comedit;
2781 2969 2839 3019 et
2886 2962 3033 3019 sicut
3099 2971 3226 3018 ante
3261 2977 3486 3019 crucem
3542 2962 3601 3019 in

1995 3053 2251 3110 ﬂuctibus
2277 3052 2582 3121 ambulans,
2615 3068 2732 3109 non
2772 3051 2998 3110 alterius
3025 3059 3238 3110 naturae
3273 3067 3474 3125 corpus
3501 3051 3598 3109 ha-

1994 3143 2139 3210 buit,
2166 3143 2240 3201 ita
2274 3151 2328 3200 et
2355 3159 2506 3200 nunc
2550 3141 2819 3216 palpabile
2846 3143 3046 3216 ipsum,
3093 3147 3150 3200 et
3186 3150 3348 3216 typos
3393 3141 3602 3200 habens

1989 3233 2245 3294 ostendit.
2299 3236 2372 3290 Et
2407 3233 2663 3306 quamvis
2705 3232 2976 3307 palpabile
3039 3240 3096 3290 et
3137 3232 3366 3298 visibile,
3434 3232 3601 3289 simul

1988 3332 2183 3383 tamen
2222 3331 2279 3382 et
2316 3323 2734 3396 incorruptibile
2775 3324 2958 3397 ipsum
2997 3321 3339 3394 circumfert,
3370 3329 3435 3380 ut
3465 3322 3604 3381 ﬁdes

1991 3415 2379 3485 conﬁrmetur;
2431 3423 2488 3472 et
2522 3431 2637 3472 non
2685 3415 3016 3472 necessitate
3069 3421 3126 3473 et
3162 3414 3280 3487 lege
3331 3413 3598 3487 corporis.

1992 3508 2177 3564 Omne
2221 3505 2374 3563 enim
2433 3505 2584 3577 quod
2663 3504 3004 3575 comeditur,
3060 3505 3118 3562 in
3173 3520 3451 3562 secessum
3503 3518 3596 3559 va-

1991 3595 2069 3652 dit
2094 3595 2162 3665 ”,
2211 3604 2267 3654 et
2294 3595 2554 3652 alteratur
2587 3613 2600 3651 :
2633 3594 2692 3651 id
2719 3594 2870 3667 quod
2906 3594 2976 3651 de
3003 3594 3224 3652 Christo
3264 3602 3388 3667 post
3418 3609 3602 3650 resuro

1995 3685 2300 3742 rectionem
2328 3699 2442 3741 non
2481 3692 2598 3740 erat
2625 3683 2942 3753 dicendum,
2969 3683 3067 3740 sed
3109 3684 3162 3739 vi
3193 3683 3432 3755 quadam
3465 3681 3602 3738 invi-

1995 3775 2135 3832 sibili
2175 3783 2230 3832 et
2269 3774 2453 3831 divina
2478 3773 2951 3831 consumebantur
2974 3772 3176 3840 edulia,
3209 3772 3279 3828 ad
3302 3771 3604 3828 conﬁrma-

1995 3865 2210 3922 tionem
2238 3863 2661 3922 resurrectionis
2681 3870 2902 3919 tantum
2928 3869 3236 3934 assumpta.
3261 3861 3400 3918 Vide
3419 3868 3602 3918 autem

1995 3954 2279 4028 quomodo
2308 3962 2533 4028 propter
2561 3969 2736 4010 unum
2766 3953 3049 4010 hominem
3067 3952 3342 4009 Thomam
3369 3967 3484 4008 non
3505 3949 3604 4006 de-

1997 4045 2253 4119 dignatus
2294 4053 2381 4102 est
2439 4045 2510 4101 ita
2535 4042 2975 4102 condescendere
3015 4043 3312 4111 Dominus,
3365 4050 3421 4098 et
3462 4040 3604 4097 latus

1997 4135 2302 4204 ostendere,
2331 4143 2394 4192 ut
2423 4133 2596 4192 salvet
2622 4134 2868 4191 animam
2911 4149 3080 4190 unam
3110 4132 3454 4190 incredulam
3486 4148 3500 4186 :
3529 4130 3604 4188 ita

1996 4235 2052 4283 et
2073 4241 2177 4283 nos
2198 4225 2367 4297 766
2396 4240 2575 4298 neque
2604 4241 2781 4283 unum
2807 4223 2893 4280 vel
2919 4223 3216 4280 minimum
3244 4229 3606 4281 contemnere

1996 4315 2283 4375 debemus.

264 4396 489 4471 νόμενα.
538 4394 694 4478 e'09::
740 4398 796 4457 δὲ
850 4402 964 4469 πῶς
1014 4402 1085 4460 δι’
1119 4400 1212 4459 ἕνα
1243 4401 1519 4484 ἄνθρωπον
1568 4402 1657 4462 τὸν
1705 4405 1946 4482 Θωμᾶν,
1998 4408 2094 4466 οὐκ
2134 4404 2404 4478 ἀπηξίωσε
2438 4403 2849 4486 συγκαταϐῆναι
2897 4407 2926 4464 δ
2973 4404 3200 4486 Κύριος,
3235 4403 3328 4464 καὶ
3369 4401 3604 4482 πλευρὰν

267 4487 583 4578 ὕποδεῖξαι,
621 4491 714 4548 ἵνα
769 4487 919 4571 σώσῃ
961 4491 1140 4573 ψυχὴν
1189 4492 1319 4570 μίαν
1369 4495 1720 4556 ἀπιστοῦσαν.
1776 4494 1939 4556 Οὕτω
1991 4497 2081 4555 καὶ
2129 4499 2284 4574 ἡμεῖς
2324 4498 2420 4556 οὐκ
2461 4495 2740 4578 ὀφείλομεν
2791 4498 3142 4575 καταφρονεῖν
3188 4493 3307 4553 οὐδὲ
3351 4497 3443 4552 103
3492 4493 3606 4561 ἑνὸς

265 4577 360 4636 καὶ
394 4579 716 4658 ἐλαχίστου.

351 4694 380 4757 τι
413 4668 612 4729 Πολλὰ
651 4668 748 4746 μὲν
778 4670 871 4730 καὶ
904 4671 1042 4731 ἄλλα
1090 4681 1291 4750 σημεῖα
1339 4673 1588 4748 ἐποίησεν
1621 4679 1648 4735 ὃ
1678 4673 1880 4748 Ἰησοῦς

2069 4687 2252 4744 Vnus.
2284 4688 2375 4755 30,
2411 4690 2502 4742 3|.
2538 4707 2565 4736 (ι
2596 4685 2772 4742 Multa
2799 4683 3023 4757 quidem
3051 4691 3106 4741 et
3139 4683 3242 4740 alia
3289 4681 3444 4755 signa
3481 4680 3611 4739 fecit

272 4755 500 4819 ἐνώπιον
535 4761 642 4818 τῶν
694 4764 950 4837 μαθητῶν
995 4766 1160 4823 αὓτοῧ
1186 4809 1202 4838 ,
1248 4763 1284 4822 ἃ
1332 4768 1428 4825 οὐκ
1484 4763 1597 4824 ἔστι
1648 4788 1888 4847 γεγραμ-

276 4847 415 4924 μένα
448 4849 501 4907 ἐν
526 4851 606 4931 τῷ
641 4849 838 4933 βιϐλίῳ
867 4851 1060 4934 τούτῳ.
1111 4857 1305 4915 Ταῦτα
1338 4854 1392 4913 δὲ
1423 4854 1725 4936 γέγραπται
1748 4897 1767 4929 ,
1799 4853 1887 4914 ἵνα

275 4939 630 5014 πιστεύσητε,
662 4938 745 4999 ὅτι
790 4941 1006 5015 Ἰησοῦς
1054 4946 1195 5004 ἐστιν
1234 4947 1263 5002 ὁ
1295 4944 1530 5023 Χριστὸς
1557 4949 1585 5004 ὁ
1631 4946 1758 5012 Υἱὸς
1795 4950 1890 5005 103

274 5023 460 5098 Θεοῦ,
482 5033 574 5091 καὶ
621 5030 711 5089 ἵνα
754 5032 1120 5109 πιστεύοντες,
1152 5031 1293 5104 ζωὴν
1345 5033 1507 5114 ἔχητε
1554 5036 1609 5093 ἐν
1659 5038 1736 5116 τῷ
1767 5034 1890 5094 ὀνό-

269 5138 408 5190 ματι
442 5119 615 5182 αὖτόῧ.
655 5151 680 5177 ι
737 5123 877 5203 Περὶ
918 5123 1086 5183 ποίων
1137 5124 1376 5202 σημείων
1422 5128 1647 5185 ἐνταῦθα
1691 5125 1832 5204 λέγει
1866 5127 1894 5184 ὁ

278 5205 697 5296 εδαγγελιστήςς
752 5204 896 5294 ’Ἆρα
949 5215 1056 5272 τῶν
1110 5215 1213 5294 πρὸ
1265 5220 1358 5274 103
1392 5219 1663 5294 σταυροῦ,
1722 5215 1900 5296 Οὐχὶ,

1468 5304 1705 5386 Ἐπάγει
1770 5307 1872 5385 γάρ
1887 5328 1902 5342 ο

277 5294 420 5385 ἀλλὰ
475 5305 582 5363 τῶν
648 5305 795 5385 μετὰ
870 5303 975 5376 τὴν
1062 5305 1372 5367 ἀνάστασιν.

269 5411 301 5440 ι
330 5384 612 5464 Ἐποίησεν
651 5384 900 5458 ἐνώπιον
949 5396 1062 5452 τῶν
1116 5397 1369 5471 μαθητῶν
1425 5398 1615 5454 αὑτοῐῖ⁹

1999 4778 2160 4832 Jesus
2187 4775 2247 4830 in
2273 4783 2577 4847 conspectu
2622 4774 3018 4848 discipulorum
3046 4789 3298 4842 suorum,
3328 4787 3453 4845 quae
3495 4788 3610 4829 non

1998 4873 2126 4922 sunt
2160 4865 2364 4938 scripta
2395 4865 2452 4921 in
2479 4865 2584 4921 hoc
2612 4864 2770 4921 libro.
2824 4867 2959 4922 Haec
2985 4873 3173 4923 autem
3225 4863 3428 4938 scripta
3457 4870 3612 4931 sunt,

2001 4963 2062 5011 ut
2103 4953 2337 5012 credatis
2377 4953 2532 5028 quod
2569 4955 2732 5012 Jesus
2765 4961 2850 5010 est
2897 4954 3146 5012 Christus
3193 4955 3362 5012 Filius
3390 4951 3518 5021 Dei,
3557 4961 3616 5010 et

2001 5053 2064 5102 ut
2089 5043 2377 5102 credentes
2404 5044 2575 5102 vitam
2615 5044 2864 5101 habeatis
2893 5060 2991 5117 per
3032 5061 3238 5102 nomen
3269 5045 3405 5116 ejus.
3454 5065 3482 5092 ν
3527 5045 3616 5100 De

2007 5134 2210 5208 quibus
2235 5134 2406 5207 signis
2433 5134 2523 5191 hic
2548 5132 2689 5191 dicit
2717 5134 3086 5207 evangelista?
3108 5151 3244 5193 num
3280 5133 3350 5190 de
3379 5133 3466 5188 his
3492 5146 3616 5203 quae

2009 5233 2138 5282 ante
2166 5229 2430 5282 crucem?
2457 5225 2606 5294 Non,
2632 5223 2727 5281 sed
2750 5224 2818 5281 de
2841 5224 2929 5281 his
2953 5240 3077 5297 quae
3107 5233 3231 5296 post
3255 5219 3618 5279 resurrectio-

2010 5329 2144 5370 nem
2199 5314 2354 5372 fecit!
2415 5314 2603 5372 subdit
2629 5315 2797 5383 enim,
2852 5336 2878 5363 α
2931 5315 2993 5369 in
3035 5321 3333 5387 conspectu
3383 5310 3620 5382 discipu-

1670 5423 1696 5448 ι·
1731 5393 1799 5454 τὰ
1848 5394 1905 5453 δὲ
2013 5403 2216 5462 lorum.
2249 5427 2275 5455 ι
2309 5406 2445 5474 Quae
2474 5413 2664 5462 autem
2686 5412 2811 5461 ante
2835 5419 3082 5472 crucem,
3101 5419 3219 5460 non
3244 5417 3435 5459 coram
3463 5398 3622 5458 disci-

350 5477 364 5498 \
460 5485 493 5500 α
739 5486 776 5502 ~
908 5487 926 5504 ς
1028 5485 1044 5504 9
1095 5481 1110 5502 Ι
1327 5487 1362 5502 η
1613 5487 1648 5502 η
1874 5482 1880 5501 l

275 5499 373 5558 προ
404 5504 492 5542 του
539 5505 808 5565 σταυρου,
868 5501 976 5538 ουκ
1022 5506 1240 5544 ενωπιον
1289 5509 1396 5544 των
1429 5490 1716 5563 μαθητων,
1765 5485 1880 5543 ἀλλι

2014 5493 2180 5566 pulis,
2205 5494 2303 5553 sed
2327 5494 2586 5552 omnibus
2606 5493 2864 5551 faciebat.
2886 5495 3070 5566 Atque
3093 5492 3167 5549 ita
3201 5491 3320 5551 haec
3338 5491 3406 5549 de
3429 5489 3626 5564 quibus

340 5643 560 5709 ⁵⁵10811.
586 5665 700 5721 xx,
741 5651 836 5705 15.
931 5638 983 5676 ³⁸
1015 5639 1206 5698 Matth.
1235 5643 1501 5714 xv,'l7.‘
