4128 6452
514 316 617 388 303

1542 323 2058 381 THEOPHYLACT]
2097 310 2457 379 BULGARUE
2494 321 2811 377 ARCHIEP.

3716 310 3824 376 304

510 469 661 512 nunc
714 451 848 509 dicit
898 450 1253 523 evangelista,
1302 456 1427 521 post
1478 450 1934 506 resurrectionem
1979 455 2106 504 sunt

2224 448 2467 522 πάντων,
2506 445 2688 508 ἐποίει.
2732 445 2910 506 ⁶Ωστε
2961 449 3135 504 ταῦτα
3180 442 3304 524 περὶ
3347 432 3422 502 ὧν
3466 446 3555 502 νῦν
3604 441 3747 521 λέγει
3794 446 3825 502 6

505 544 669 599 facta.
703 543 846 600 Cum
874 541 1003 598 solis
1031 540 1180 597 enim
1210 538 1498 611 discipulis
1526 539 1850 595 versabatur
1877 538 2112 610 quadra-

506 630 661 703 ginta
709 630 920 698 diebus,
970 630 1121 702 signa
1151 628 1447 686 ostendens
1493 627 1927 685 resurrectionis.
1966 626 2115 683 Sicut

509 720 661 776 enim
682 738 687 743 ·
708 729 835 776 ante
875 734 1100 777 crucem
1129 717 1365 775 faciebat
1390 718 1542 790 signa
1570 716 1866 774 ostendens
1907 732 1968 773 se
1996 731 2116 773 esse

511 808 714 865 Filium
734 809 841 866 Dei
869 828 882 865 :
906 810 981 865 ita
1002 817 1125 881 post
1146 807 1608 865 resurrectionem
1630 806 1946 879 perﬁciebat
1962 807 2115 879 signa

512 914 705 956 coram
749 898 1048 971 discipulis,
1097 897 1390 956 ostendens
1418 912 1477 954 se
1524 896 1723 954 Filium
1751 895 2010 965 hominis,
2061 904 2117 952 et

514 988 715 1046 habere
743 1003 964 1061 corpus,
1014 987 1179 1061 idque
1225 986 1643 1060 incorruptibile
1669 994 1724 1042 et
1759 985 2014 1054 divinius,
2062 994 2116 1041 et

512 1094 627 1135 non
660 1078 780 1151 jam
820 1077 1132 1134 carnalibus
1174 1077 1380 1150 legibus
1423 1075 1727 1133 subditum.
1781 1077 1919 1132 Cum
1949 1075 2116 1147 igitur

512 1168 690 1225 multa
742 1167 879 1224 facta
924 1168 1034 1224 sint
1085 1167 1240 1239 signa
1284 1165 1724 1233 resurrectionis,
1776 1164 1895 1221 haec
1924 1164 2115 1233 solum

511 1256 711 1330 scripta
740 1265 893 1327 sunt,
922 1265 979 1313 et
1031 1271 1207 1330 neque
1244 1256 1362 1313 haec
1391 1253 1771 1312 ostentationis
1815 1254 1985 1327 gratia
2032 1254 2113 1309 vel

512 1354 576 1404 ut
603 1345 930 1404 ostendatur
957 1347 1134 1419 gloria
1160 1346 1468 1419 Unigeniti,
1500 1344 1616 1412 sed,
1654 1367 1678 1394 α
1712 1351 1774 1400 ut
1801 1364 1831 1396 ι)
1862 1359 1981 1412 vos,
2028 1342 2114 1398 in-

510 1436 649 1510 quit,
681 1459 709 1486 a
736 1436 990 1493 credatis.
1029 1459 1056 1485 υ
1097 1438 1165 1492 Et
1198 1435 1349 1508 quod
1396 1434 1635 1500 lucrum,
1667 1442 1721 1489 et
1765 1434 1855 1490 cui
1885 1432 2114 1489 cedens?

511 1542 626 1582 non
671 1524 919 1594 Christo,
965 1541 1091 1598 quae
1134 1525 1281 1582 enim
1315 1526 1437 1597 ejus
1463 1524 1670 1581 utilitas
1698 1522 1834 1579 dum
1858 1539 1971 1579 non
1996 1537 2113 1578 cre-

2220 537 2597 617 εὖαγγελιστὴς
2618 582 2634 611 ,
2667 536 2735 595 τὰ
2782 536 2917 613 μετὰ
2945 533 3041 606 τὴν
3085 531 3383 593 ἀνάστασίν
3414 535 3540 591 εἶσι.
3623 532 3825 600 Μόνοις

2218 627 2323 707 γὰρ
2359 628 2467 695 τοῖς
2498 631 2762 705 μαθηταῖς
2814 622 3254 701 συναυλιζόμενος
3305 623 3373 681 δι’
3423 625 3639 702 ἡμερῶν
3692 645 3823 682 τεσ-

2221 716 2560 798 σαράκοντα,
2593 718 2795 793 σημεῖα
2831 714 3033 773 ἐδείκνυ
3060 717 3157 784 τῆς
3187 711 3547 779 ἀναστάσεως.
3600 710 3823 792 Ὠσπερ

2218 807 2322 887 γὰρ
2365 806 2468 885 πρὸ
2513 811 2607 865 τοῦ
2655 809 2883 884 σταυροῦ
2931 811 3131 879 σημεῖα
3185 801 3384 874 ἐποίει,
3439 798 3642 868 δεικνὺς
3688 803 3821 860 ἐαυ-

2219 896 2306 955 τὸν
2348 895 2477 957 Υἱὸν
2527 898 2690 956 Θεοῦ-
2721 892 2859 953 οὕτω
2899 894 3038 971 μετὰ
3092 892 3189 964 τὴν
3234 892 3530 950 ἀνάστασιν
3579 889 3824 950 ἐπετέλει

2221 994 2420 1061 σημεῖα
2487 984 2784 1064 ἔμπροσθεν
2837 985 2943 1042 τῶν
3026 983 3314 1060 μαθητῶν,
3368 979 3573 1047 δεικνὺς
3631 981 3823 1041 ἑαυτὸν

2222 1076 2348 1136 Υἱὸν
2406 1074 2717 1156 ἀνθρώπου,
2768 1073 3011 1133 τουτέστι
3061 1074 3221 1150 σῶμα
3274 1076 3571 1153 φοροῦντα,
3625 1072 3673 1128 εἷ
3728 1069 3827 1130 καὶ

2222 1164 2484 1246 ἄφθαρτον
2502 1211 2520 1243 ,
2578 1163 2670 1223 καὶ
2700 1161 3119 1243 θεοειδέστερον,
3151 1160 3266 1246 καὶ
3293 1160 3492 1237 μηκέτι
3549 1169 3828 1240 σαρκικοῖς

2221 1240 2398 1331 νόμοις
2465 1240 2837 1331 ὑποκείμενον.
2921 1240 3151 1312 Πολλῶν
3206 1240 3296 1310 οὖν
3351 1248 3650 1328 γενομένων
3722 1274 3827 1324 ση-

2223 1344 2385 1419 μείων
2417 1348 2511 1416 τῆς
2553 1343 2932 1416 ἀναστάσεως,
2975 1346 3149 1401 ταῦτα
3184 1341 3323 1416 μόνα
3370 1338 3824 1419 ἀναγέγραπται,

2220 1434 2312 1492 καὶ
2341 1435 2460 1493 οὐδὲ
2499 1440 2667 1493 ταῦτα
2714 1431 3018 1514 φιλοτιμίας
3048 1429 3222 1491 ἕνεκεν
3242 1473 3257 1501 ,
3302 1430 3338 1502 ἢ
3388 1429 3699 1511 προσθήκης
3729 1433 3828 1503 τῆς

2221 1522 2374 1598 δόξης
2420 1528 2511 1583 τοῦ
2559 1525 2931 1601 Μονογενοῖὶς,
2982 1521 3102 1579 ἀλλ’
3160 1548 3184 1575 ει
3208 1516 3336 1582 Ἵνα
3367 1545 3393 1574 ι
3423 1522 3606 1599 ὓμεῖς,
3650 1519 3823 1601 φησὶ,

510 1615 732 1673 dimus?
756 1615 853 1673 sed
881 1616 935 1671 in
962 1616 1216 1688 nosipsos
1238 1614 1570 1672 redundans.
1602 1613 1750 1669 Dicit
1776 1613 1948 1682 enim,
1980 1635 2007 1662 ι
2036 1615 2106 1669 U1

2223 1638 2247 1666 σι
2279 1611 2619 1684 πιστεύσητε.
2674 1640 2700 1665 τι
2757 1611 2866 1673 Καὶ
2915 1610 2967 1670 τί
3020 1610 3082 1672 τὸ
3141 1608 3324 1690 κέρδος
3380 1607 3473 1669 καὶ
3527 1607 3657 1686 πρὸς
3703 1609 3826 1667 τίνα

512 1704 803 1762 credentes
823 1705 998 1762 vitam
1017 1704 1265 1762 habeatis
1283 1704 1335 1760 in
1356 1703 1583 1760 nomine
1603 1703 1740 1777 ejus.
1763 1725 1790 1753 ι
1816 1702 2106 1761 Credentes

2222 1701 2660 1783 περιιστάμενον;
2749 1702 2870 1762 Οὗκ
2937 1702 3010 1768 εἷς
3067 1700 3303 1779 Χριστὸν
3363 1698 3451 1775 (τί
3507 1697 3611 1779 γὰρ
3675 1698 3827 1779 αὖτῷ

508 1794 659 1851 enim
684 1794 837 1868 quod
864 1793 1163 1851 resurrexit
1185 1802 1241 1851 et
1266 1794 1423 1859 vivit,
1450 1792 1738 1865 nobisipsis
1762 1793 1928 1849 vitam
1954 1807 2111 1865 para-

507 1900 653 1941 mus.
683 1888 916 1958 Propter
942 1900 1045 1941 nos
1068 1885 1217 1941 enim
1245 1884 1485 1942 surrexit
1505 1892 1560 1940 et
1591 1883 1742 1939 vivit.
1774 1883 1879 1956 Qui
1926 1890 2111 1938 autem

506 1983 794 2032 mortuum
813 1975 995 2048 ipsum
1016 1990 1135 2031 esse
1156 1982 1311 2047 putat
1328 1982 1381 2031 et
1399 1989 1579 2046 neque
1599 1972 1921 2044 surrexisse,
1936 1986 2111 2043 neque

505 2064 706 2133 vivere,
749 2065 842 2121 ille
869 2065 974 2121 sibi
1015 2072 1254 2120 mortem
1299 2071 1357 2120 et
1392 2063 1805 2137 corruptionem
1832 2060 2113 2135 adjudicat

502 2160 560 2209 et
596 2153 857 2210 afﬁrmat.

2222 1790 2402 1868 κέρδος
2453 1793 2512 1850 ἐκ
2564 1796 2656 1849 τοῦ
2707 1796 2851 1869 ἡμᾶς
2891 1788 3261 1869 πιστεύειν;),
3290 1790 3411 1847 ἀλλ’
3437 1787 3521 1869 ξεῖς
3545 1792 3683 1863 ὑμᾶς
3727 1788 3828 1845 αὖ·

2218 1879 2339 1947 τοὺς
2388 1880 2734 1961 ἀναστρέφον.
2807 1907 2833 1934 ‹‹
2876 1875 3001 1939 Ἵνα
3048 1877 3182 1959 γὰρ,
3232 1878 3395 1957 φησὶ,
3449 1875 3825 1950 πιστεύοντες,

2219 1970 2357 2042 ζωὴν
2386 1969 2548 2050 ἔχητε
2577 1972 2630 2029 ἐν
2659 1972 2737 2050 τῷ
2771 1969 2993 2045 ὀνόματι
3024 1969 3207 2029 αὐτοῦ.
3243 1995 3269 2023 υ
3318 1965 3669 2032 Πιστεύοντες
3696 1965 3827 2046 γὰρ,

2219 2059 2299 2118 ὅτι
2332 2059 2561 2137 ἀνέστη,
2603 2058 2695 2118 καὶ
2725 2061 2826 2140 ζῇ,
2877 2061 3008 2136 ἡμῖν
3046 2061 3253 2125 ἑαυτοῖς
3297 2056 3395 2129 τὴν
3444 2055 3622 2133 ζωὴν,
3668 2078 3828 2135 περι-

2220 2147 2532 2226 ποιούμεθα.
2582 2152 2669 2208 Δι’
2711 2152 2857 2225 ἡμᾶς
2889 2148 2992 2228 γὰρ
3022 2148 3219 2219 ἀνέστη
3271 2148 3362 2205 καὶ
3416 2149 3505 2225 ζῇ.
3544 2144 3615 2205 Ὀ
3646 2143 3702 2203 δὲ
3730 2167 3830 2202 νε·-

503 2240 628 2323 κρὸν
680 2243 840 2303 αὐτὸν
887 2233 1022 2303 εἶναι
1067 2243 1333 2323 νομίζων,
1372 2242 1464 2302 καὶ
1508 2242 1644 2321 μήτε
1690 2245 2014 2317 ἀναστῆναι,
2066 2238 2202 2319 μήτε
2260 2242 2384 2318 ζῇν,
2458 2240 2612 2304 αὐτὸς
2682 2241 2857 2318 ἑαυτῷ
2913 2236 3010 2309 τὴν
3070 2237 3326 2317 νέκρωσιν
3385 2236 3477 2295 καὶ
3543 2233 3641 2308 τὴν
3696 2239 3830 2314 φθο-

504 2332 599 2412 ρὰν
633 2330 844 2413 βεϐαιοῖ
868 2333 958 2393 καὶ
990 2333 1386 2414 ἐπιψηφίζεται.

1075 2468 1327 2525 CAPUT
1356 2469 1519 2523 XXI.

495 2596 573 2650 De
618 2597 963 2664 apparitione
992 2594 1201 2652 Christi
1226 2597 1382 2650 Petro
1423 2596 1573 2661 facta
1596 2598 1718 2664 post
1754 2596 2105 2649 resurrectio-

567 2682 708 2734 nem,
755 2668 1067 2735 oratorisque
1088 2666 1428 2736 piscantibus
1482 2669 1542 2720 in
1592 2668 1741 2719 mari
1773 2665 2097 2720 Tiberiadis.

572 2738 841 2805 Quomodo
871 2737 1128 2793 Christus
1152 2741 1315 2793 Petro
1344 2738 1556 2791 dixerit
1577 2754 1597 2791 :
1622 2740 1783 2793 Pasce
1802 2751 1919 2791 oves
1938 2750 2100 2791 meas.

570 2864 747 2918 Vens.
785 2866 894 2919 1-8.
936 2884 961 2910 α
1003 2864 1199 2919 Postea
1238 2861 1610 2919 manifestavit
1634 2877 1693 2919 se
1719 2861 1925 2918 iterum
1946 2864 2108 2917 Jesus

497 2949 567 3008 ad
594 2967 749 3008 mare
787 2950 1098 3008 Tiberiadis
1131 2969 1145 3006 :
1178 2950 1549 3008 manifestavit
1573 2959 1759 3008 autem
1799 2951 1897 3007 sic.
1935 2954 2109 3007 Erant
2137 2975 2179 3037 ρ

495 3041 663 3097 simul
683 3040 875 3098 Simon
898 3044 1115 3108 Petrus,
1137 3050 1193 3097 et
1209 3040 1450 3098 Thomas
1468 3041 1563 3113 qui
1582 3040 1791 3097 dicitur
1810 3040 2103 3114 Didymus,

493 3138 553 3186 et
579 3130 901 3200 Nathanael,
934 3130 1029 3203 qui
1070 3137 1188 3186 erat
1212 3146 1244 3186 a
1271 3132 1419 3187 Cana
1458 3130 1723 3198 Galilaeae,
1773 3138 1830 3186 et
1855 3130 1950 3185 ﬁlii
1994 3132 2095 3187 Ze-

495 3217 699 3289 bedaai,
731 3218 930 3290 aliique
951 3234 1019 3276 ex
1040 3218 1327 3293 discipulis
1351 3219 1472 3292 ejus
1487 3219 1616 3277 duo.
1639 3219 1789 3276 Dicit
1807 3219 1889 3276 eis
1907 3218 2100 3277 Simon

493 3309 694 3365 Petrus
721 3326 736 3365 :
766 3307 925 3365 Vado
948 3309 1238 3381 piscatum.
1268 3309 1478 3365 Dicunt
1513 3310 1565 3365 ei
1595 3326 1608 3363 :
1635 3309 1897 3365 Venimus
1920 3318 1977 3366 et
1998 3325 2101 3367 nos

493 3405 704 3454 tecum.
749 3401 820 3454 Et
845 3398 1132 3456 exiverunt
1170 3407 1226 3455 et
1259 3397 1622 3455 ascenderunt
1668 3398 1726 3455 in
1764 3399 1952 3455 navim
1992 3407 2100 3456 sta-

495 3486 622 3555 tim,
666 3495 721 3544 et
749 3486 839 3543 illa
866 3494 1034 3544 nocte
1061 3486 1202 3544 nihil
1245 3496 1532 3560 ceperunt.
1579 3490 1744 3545 Mane
1773 3496 1959 3545 autem
1980 3488 2100 3561 jam

494 3574 662 3645 facto,
692 3575 844 3633 stetit
869 3578 1030 3634 Jesus
1056 3576 1110 3632 in
1135 3577 1345 3646 littore,
1367 3593 1481 3634 non
1510 3585 1696 3634 tamen
1724 3586 2104 3651 cognoverunt

493 3664 748 3737 discipuli
776 3665 928 3739 quod
954 3668 1116 3723 Jesus
1145 3676 1311 3723 esset.
1358 3667 1508 3723 Dicit
1546 3667 1628 3724 eis
1668 3670 1833 3725 Jesus
1871 3686 1885 3724 :
1916 3667 2103 3737 Pueri,

491 3771 628 3812 num
648 3754 781 3827 quid
804 3756 1015 3813 obsonii
1034 3756 1282 3814 habetis?
1304 3758 1734 3829 Responderunt
1747 3759 1796 3814 ei
1819 3775 1833 3826 ;
1859 3760 2004 3815 Non.
2030 3762 2104 3814 At

492 3843 586 3900 ille
623 3843 755 3901 dicit
798 3844 877 3902 eis
931 3863 945 3901 :
988 3846 1197 3902 Mittite
1232 3847 1290 3902 in
1330 3847 1585 3904 dextram
1651 3847 1852 3920 navigii
1892 3856 2102 3920 partem

491 3940 629 4002 rete,
666 3942 723 3990 et
746 3933 1056 3991 invenietis.
1088 3935 1358 3993 Miserunt
1384 3952 1536 4009 ergo,
1574 3945 1633 3993 et
1670 3936 1793 4009 jam
1819 3952 1937 3993 non
1961 3936 2104 3992 vale-

491 4021 627 4078 bant
677 4021 813 4079 illud
858 4023 1081 4081 trahere
1119 4040 1236 4097 prae
1279 4025 1640 4083 multitudine
1671 4025 1923 4099 piscium.
1958 4025 2105 4082 Dicit

493 4126 626 4183 ergo
670 4109 975 4185 discipulus
1020 4113 1110 4170 ille
1149 4130 1315 4187 quem
1353 4115 1613 4190 diligebat
1665 4118 1849 4186 Jesus,
1884 4119 2052 4173 Petro
2086 4135 2099 4172 :

496 4198 779 4256 Dominus
805 4209 906 4258 est.
934 4203 1125 4259 Simon
1146 4219 1278 4275 ergo
1306 4206 1501 4262 Petrus
1538 4221 1667 4262 cum
1688 4205 1935 4263 audisset
1955 4204 2106 4279 quod

2783 2456 3074 2515 ΚΕΦΑΛ.
3109 2452 3249 2513 KA'.

2211 2581 2329 2644 Περὶ
2357 2586 2440 2640 τῆς
2473 2580 2786 2642 φανερώσεως
2821 2584 2907 2629 τοῦ
2942 2578 3109 2644 Ἰησοῦ
3160 2578 3283 2644 μετὰ
3314 2578 3402 2637 τήν
3440 2576 3708 2644 ἀνάστασιν
3734 2581 3826 2640 τῷ

2276 2640 2490 2708 Πέτρῳ-,Ἴ
2517 2640 2604 2691 καῖ
2653 2643 2825 2705 ἑτέροις
2880 2640 3170 2708 ἁλιεύουο-ιν
3196 2643 3275 2708 ἐπὶ
3307 2647 3391 2708 τῇς
3439 2640 3689 2708 θαλάσσης
3728 2648 3823 2708 τῆς

2274 2704 2570 2768 Τιϐεριάδος.
2622 2707 2743 2770 Περὶ
2790 2709 2876 2755 τοῦ
2915 2709 2987 2768 τῷ
3032 2707 3202 2769 Πέτρῳ
3246 2705 3514 2768 λεχθέντος·
3565 2704 3725 2755 Βόσκε
3760 2704 3827 2752 τὰ

2276 2770 2498 2834 πρόϐατά
2522 2785 2635 2832 μου.

2297 2888 2321 2912 κ
2354 2856 2517 2920 Μετὰ
2551 2862 2724 2917 ταῦτα
2755 2856 3085 2939 ἐφανέρωσεν
3128 2856 3318 2917 ἑαυτὸν
3349 2854 3516 2917 πάλιν
3547 2859 3576 2915 6
3605 2854 3825 2927 Ἰησοῦς

2216 2948 2307 3008 ἐπὶ
2360 2951 2455 3019 τῆς
2512 2946 2786 3019 θαλάσσης
2837 2952 2932 3021 τῆς
2987 2946 3338 3026 Τιϐεριάδος’
3392 2945 3692 3027 ἐφανέρωσε
3752 2945 3815 3004 δὲ

2214 3038 2377 3106 οὕτως
2402 3062 2415 3075 ·
2468 3027 2649 3097 τΗσαν
2698 3041 2829 3116 ὁμοῦ
2884 3036 3073 3114 Σίμων
3125 3035 3358 3117 Πέτρος,
3408 3033 3503 3095 καὶ
3550 3036 3759 3109 Θωμᾶς
3792 3036 3826 3092 6

2208 3128 2490 3209 λεγόμενος
2529 3127 2791 3205 Δίδυμος,
2836 3125 2930 3186 καὶ
2977 3125 3276 3199 Ναθαναὴλ
3310 3130 3339 3185 6
3380 3125 3488 3183 ἀπὸ
3522 3126 3678 3185 Κανᾶ
3718 3127 3824 3195 τῆς

2211 3217 2536 3290 Γαλιλαίας,
2582 3216 2676 3275 καὶ
2709 3218 2758 3275 οἱ
2802 3221 2894 3275 τοῦ
2926 3215 3254 3290 Ζεϐεδαίου,
3286 3215 3379 3275 καὶ
3410 3213 3568 3273 ἄλλοι
3615 3216 3676 3273 ἐκ
3703 3215 3818 3272 τῶν

2212 3309 2466 3383 μαθητῶν
2511 3309 2674 3365 αὐτοῦ
2724 3305 2833 3364 δύο.
2884 3304 3047 3386 Λέγει
3100 3309 3274 3373 αὐτοῖς
3324 3303 3512 3380 Σίμων
3572 3301 3819 3382 Πέτροςο

2207 3395 2443 3475 ⁶Υπάγω
2491 3394 2736 3456 ἁλιεύειν.
2801 3394 3057 3475 Λέγουσιν
3108 3396 3292 3474 αὐτῷ·
3352 3392 3663 3472 Ἐρχόμεθα
3721 3390 3826 3450 καὶ

2212 3474 2383 3563 ἡμεῖς
2413 3484 2505 3543 σὺν
2556 3483 2661 3546 σοί.
2715 3483 2976 3555 Ἐξῆλθον
3016 3474 3139 3558 οὖν,
3175 3482 3269 3542 καὶ
3313 3480 3583 3553 ἀνέϐησαν
3633 3481 3707 3547 εἰς
3757 3478 3824 3537 τὸ

2211 3575 2396 3634 πλοῖον
2441 3574 2619 3640 εὐθύς·
2665 3572 2761 3632 καὶ
2792 3574 2844 3630 ἐν
2893 3574 3068 3654 ἐκείνῃ
3239 3570 3391 3632 νυκτὶ
3444 3570 3672 3631 ἐπίασαν
3720 3569 3824 3627 οὖ-

2212 3664 2319 3726 δέν.
2361 3657 2583 3744 Πρωίας
2627 3663 2683 3722 δὲ
2712 3663 2817 3736 ἤδη
2849 3664 3135 3741 γενομένης
3156 3660 3287 3733 ἔστη
3319 3664 3348 3719 6
3388 3661 3597 3734 Ἰησοῦς
3627 3659 3699 3725 εἷς
3723 3656 3823 3717 τὸν

2214 3752 2454 3832 αἰγιαλόν
2476 3777 2488 3790 ⁸
2514 3757 2573 3813 οὖ
2613 3751 2795 3834 μέντοι
2840 3754 3060 3834 ᾔδεισαν
3091 3754 3140 3811 οἳ
3170 3750 3444 3830 μαθηταὶ,
3490 3746 3571 3808 ὅτι
3603 3747 3824 3818 Ἰησοῦς

2213 3845 2347 3904 ἐστι.
2412 3842 2572 3921 Λέγει
2615 3832 2706 3900 οἷν
2755 3832 2931 3909 αὐτοῖς
2979 3847 3007 3902 6
3055 3841 3293 3914 Ἰησοῦς
3328 3838 3572 3913 Παιδία,
3628 3836 3705 3916 μή
3766 3863 3823 3898 τι

2212 3932 2542 4013 προσφάγιον
2594 3930 2776 4010 Exue;
2829 3931 3217 4013 Ἀπεκρίθησαν
3277 3931 3455 4010 αὐτῷ·
3498 3925 3606 3990 Οὔ.
3644 3925 3712 3987 Ὁ
3763 3926 3824 3986 δὲ

2213 4010 2357 4080 εἶπεν
2404 4010 2607 4088 αὐτοῖς’
2638 4022 2846 4081 Βάλετε
2895 4023 2967 4089 εἰς
3000 4010 3079 4081 ’τὰ
3127 4019 3272 4089 δεξιὰ
3305 4019 3440 4100 μέρη
3484 4023 3579 4078 τοῖι⁹
3626 4016 3823 4077 πλοίου

2211 4110 2273 4169 τὸ
2305 4110 2543 4184 δίκτυον,
2589 4110 2683 4169 καὶ
2720 4110 2995 4191 εὑρήσετε.
3033 4107 3278 4170 Ἔϐαλον
3311 4100 3433 4188 οὖν,
3473 4108 3565 4166 καὶ
3597 4108 3692 4166 οὔκ
3737 4105 3824 4165 ἔτι

2215 4200 2345 4259 αὐτὸ
2373 4203 2599 4281 ἑλκῦσαι
2634 4199 2864 4281 ἴσχυσαν
2898 4199 3005 4260 ἀπὸ
3044 4207 3137 4260 τοῦ
3174 4198 3408 4271 πλήθους
3438 4200 3546 4257 τῶν
3588 4194 3817 4276 ἰχθύων.

493 4288 771 4347 Dominus
797 4299 960 4362 esset,
991 4293 1157 4364 767
1197 4294 1379 4351 tunica
1406 4295 1674 4353 succinxit
1700 4312 1759 4354 se
1790 4298 1929 4368 [erat
1953 4296 2105 4352 enim

2215 4291 2370 4367 Λέγει
2415 4279 2502 4348 οἷν
2538 4294 2566 4349 6
2610 4279 2850 4367 μαθητὴς
2894 4294 3125 4361 ἐκεῖνος,
3160 4286 3217 4346 ὃν
3261 4287 3451 4368 ἠγάπα
3496 4290 3525 4346 6
3568 4285 3817 4358 Ἰησοῦς,

493 4378 696 4447 nudus]
720 4386 776 4436 et
807 4380 956 4437 misit
982 4397 1042 4437 se
1072 4382 1130 4437 in
1161 4399 1334 4440 mare.
1363 4384 1474 4442 Alii
1498 4393 1681 4443 autem
1719 4385 1974 4458 discipuli
2001 4402 2100 4443 na-

492 4467 696 4542 vigiolo
724 4479 989 4526 venerunt
1032 4488 1046 4525 :
1080 4487 1194 4528 non
1234 4472 1379 4530 enim
1422 4474 1582 4547 longe
1617 4473 1846 4532 aberant
1873 4491 1903 4530 a
1934 4483 2099 4544 terra,

494 4556 594 4614 sed
608 4557 824 4615 circiter
843 4559 1042 4617 cubitis
1070 4560 1344 4632 ducentis,
1372 4563 1655 4620 trahentes
1670 4571 1781 4620 rete
1798 4563 2045 4635 piscium.
2071 4587 2096 4614 ιι

494 4647 641 4704 Cum
681 4645 841 4719 dicit,
877 4667 907 4701 ιι
935 4650 1311 4708 Manifestavit
1338 4654 1694 4726 semetipsum
1732 4654 2025 4723 Dominus,
2071 4678 2097 4704 »

496 4735 773 4808 signiﬁcat
827 4740 1162 4812 evangelista
1209 4740 1362 4814 quad
1404 4742 1512 4799 nisi
1558 4742 1820 4799 voluisset
1863 4744 1976 4815 ipse
2008 4759 2103 4816 per

495 4826 743 4897 seipsum
776 4827 883 4884 illis
911 4829 1351 4889 condescendens
1375 4832 1745 4902 manifestare,
1769 4849 1881 4890 non
1910 4833 2107 4890 fuisset

495 4913 648 4972 visus
691 4915 750 4972 in
779 4933 1008 4991 corpore
1063 4920 1485 4994 incorruptibili.
1518 4926 1698 4994 Quare
1746 4932 1803 4978 et
1845 4923 1947 4979 loci
1990 4939 2103 4979 me-

494 5005 677 5074 minit,
698 5007 868 5063 maris
883 5008 1225 5067 Tiberiadis?
1245 5010 1502 5068 Ostendit
1521 5012 1666 5083 quod
1692 5029 1806 5069 non
1822 5012 1939 5085 jam
1958 5014 2103 5070 ultra

493 5095 766 5154 timebant
802 5098 1031 5155 Judaaos
1061 5107 1123 5155 ut
1167 5108 1345 5168 antea,
1379 5101 1476 5158 sed
1507 5117 1768 5175 magnam
1797 5112 2009 5175 partem
2040 5104 2103 5159 ti-

490 5185 664 5243 moris
692 5178 1038 5258 abjecissent.
1080 5189 1214 5247 Ideo
1251 5198 1306 5247 et
1340 5206 1455 5246 non
1483 5191 1675 5248 inclusi
1714 5201 1889 5263 erant,
1927 5192 2023 5250 sed
2049 5202 2104 5250 et

493 5275 919 5348 prospectabant
964 5293 995 5334 e
1035 5276 1227 5349 domo,
1263 5278 1409 5352 quod
1453 5280 1605 5353 prius
1644 5298 1761 5339 non
1804 5282 2097 5351 audebant,

495 5372 552 5419 et
570 5363 772 5437 ubique
791 5366 1171 5436 ambulabant,
1184 5368 1447 5443 ibantque
1464 5388 1641 5445 usque
1661 5372 1728 5430 ad
1745 5372 2097 5430 Tiberiadem

492 5467 618 5524 quae.
641 5454 812 5512 distat
859 5472 890 5512 a
948 5457 1371 5533 Hierosolymis,
1426 5469 1482 5517 et
1529 5470 1611 5518 est
1649 5478 1799 5519 mare
1837 5463 2094 5520 Galilaam.

490 5539 849 5600 Piscabantur
884 5554 1074 5603 autem
1109 5548 1387 5623 discipuli,
1416 5551 1543 5624 quia
1572 5551 1709 5608 nihil
1739 5552 1889 5609 aliud
1924 5551 2096 5609 habe-

491 5625 628 5683 bant
653 5630 801 5700 quod
843 5631 1103 5705 facerent,
1135 5652 1315 5710 neque
1341 5638 1490 5697 enim
1538 5640 1659 5712 ipse
1708 5655 1932 5713 semper
1966 5657 2094 5700 cum

2211 4384 2288 4459 τῷ
2315 4378 2542 4460 Πέτρῳ’
2577 4378 2644 4441 Ὀ
2678 4378 2874 4458 Κύριός
2907 4381 3042 4439 ἐστι.
3079 4375 3267 4456 Σίμων
3300 4367 3392 4437 οὖν
3419 4375 3624 4455 Πέτρος
3656 4373 3825 4433 ἀκού·

2209 4494 2339 4543 σας,
2390 4466 2469 4527 ὅτι
2524 4471 2552 4527 6
2609 4467 2806 4549 Κύριός
2852 4472 2999 4543 ἐστι,
3046 4467 3136 4527 τὸν
3180 4465 3470 4539 ἐπενδύτην
3526 4462 3824 4534 διεζώσατο

2210 4550 2306 4640 (ἧν
2338 4556 2442 4638 γὰρ
2468 4558 2717 4639 γυμνὸς),
2749 4558 2842 4617 καὶ
2885 4557 3077 4618 ἔϐαλεν
3110 4557 3295 4616 ἑαυτὸν
3345 4558 3418 4640 εἷς
3460 4553 3558 4627 τὴν
3602 4554 3818 4615 θάλασ-

2211 4637 2330 4709 σαν.
2358 4637 2430 4709 Οἳ
2462 4647 2515 4708 δὲ
2547 4637 2698 4707 ἄλλοι
2720 4648 2957 4724 μαθηταὶ
2990 4651 3066 4728 τῷ
3095 4644 3358 4727 πλοιαρίῳ
3383 4637 3565 4718 ἦλθον.
3599 4645 3682 4705 Οὖ
3711 4643 3823 4725 γὰρ

2211 4728 2345 4810 ἦσαν
2378 4737 2585 4816 μακρὰν
2622 4737 2728 4797 ἀπὸ
2771 4742 2867 4810 τῆς
2911 4743 3041 4817 γῆς,
3075 4735 3193 4796 ἀλλ’
3226 4739 3299 4803 ὡς
3330 4735 3441 4795 ἀπὸ
3469 4738 3662 4814 πηχῶν
3700 4737 3825 4791 δια⁸

2212 4828 2405 4886 κοσίων
2457 4827 2703 4907 σύροντες
2748 4828 2808 4887 τὸ
2858 4826 3067 4887 δίκτυον
3110 4828 3218 4886 τῶν
3270 4824 3492 4905 ἰχθύων.
3533 4850 3557 4879 n
3610 4822 3706 4883 Ἐν
3739 4825 3825 4904 τῷ

2213 4918 2414 4991 εἰπεῖν,
2464 4945 2488 4970 «
2538 4916 2909 4999 Ἐφανέρωσεν
2964 4917 3149 4977 ἑαυτὸν
3202 4918 3231 4973 6
3277 4914 3485 4985 Ἰησοῦς
3511 4960 3528 4989 ,
3584 4938 3610 4967 ιο
3658 4918 3819 4999 τοῦτο

2214 5008 2364 5077 δηλοῖ
2402 5010 2429 5065 6
2472 4996 2877 5086 εὐαγγελιστὴς,
2930 5003 3011 5065 ὅτι
3061 5008 3109 5065 εἷ
3152 5006 3229 5085 μὴ
3275 5003 3467 5079 ἤθελε,
3520 5004 3614 5064 καὶ
3660 4996 3819 5065 αὐτὸς

2211 5095 2397 5156 ἑαυτὸν
2446 5096 2533 5156 διὰ
2582 5097 2989 5174 συγκατάϐασιν
3045 5095 3407 5178 ἐφανέρωσεν,
3466 5095 3562 5170 οὖχ
3602 5090 3817 5168 ὢρᾶτο,

2209 5191 2304 5244 τοῦ
2355 5186 2600 5263 σώματος
2641 5187 2789 5254 ὄντος
2847 5187 3136 5268 ἀφθάρτου.
3191 5183 3350 5251 Τίνος
3399 5181 3454 5242 δὲ
3499 5180 3684 5268 ἕνεκεν,
3719 5179 3825 5238 καὶ

2208 5281 2301 5335 τοῦ
2345 5275 2508 5335 τόπου
2561 5275 2833 5354 μέμνηται
2879 5266 2973 5350 τῆς
3003 5275 3276 5346 θαλάσσης
3318 5277 3415 5345 τῆς
3460 5266 3824 5345 Τιϐεριάδος;

2209 5365 2517 5444 Δεικνύων,
2577 5365 2659 5424 ὅτι
2706 5369 2801 5427 οὐκ
2860 5364 2939 5425 ἔτι
2991 5364 3175 5425 λοιπὸν
3235 5364 3400 5429 οὕτως
3444 5354 3823 5444 ἐδεδοίκεςσαν

2205 5454 2323 5523 τοὺς
2354 5442 2639 5523 Ἰουδαίους
2667 5458 2737 5522 ὣς
2778 5455 2964 5536 πρώην
2986 5500 3002 5528 ,
3045 5453 3197 5535 ἀλλὰ
3216 5453 3290 5504 ιτὺ
3333 5443 3468 5502 πολὺ
3498 5448 3608 5536 ,τοῦ
3632 5442 3822 5536 φόϐου

2206 5543 2559 5604 ἀπεϐάλοντο.
2599 5544 2697 5605 Διὸ
2740 5524 2835 5602 καί
2857 5547 2977 5599 οὐκ
3002 5531 3083 5596 ἔτι
3114 5534 3584 5615 συγκεκλεισμένοι
3630 5524 3778 5605 ἦσαν
3803 5582 3819 5609 ,

2203 5632 2341 5694 ἀλλὰ
2375 5635 2467 5693 καὶ
2503 5633 2838 5714 προέκυπτον
2879 5633 2972 5701 τῆς
3024 5624 3228 5699 οἰκίας,
3277 5623 3306 5683 ὃ
3336 5623 3460 5702 πρὶν
3516 5625 3612 5682 οὐκ
3661 5624 3820 5683 ἐτόλ-
