4128 6438
284 610 389 667 305

1088 610 1480 668 ENARRATIO
1520 613 1586 668 IN
1625 612 2062 669 EVANGELIUM
2090 612 2390 670 JOANNIS.
2430 643 2499 653 ——
2537 612 2687 671 CAP.
2728 615 2858 670 XXI.

3505 621 3612 676 806

286 759 439 813 μων,
484 733 581 794 καὶ
611 739 905 817 πανταχοῦ
955 735 1219 815 περιίεσαν
1244 782 1261 810 ,
1291 735 1429 797 ὥστε
1462 737 1589 818 ἄχρι
1617 739 1708 798 καὶ
1742 741 1793 799 Τ
1799 738 1897 799 ιϐε-

2010 738 2090 796 eis
2132 739 2580 808 conversabatur,
2614 754 2792 811 neque
2808 738 3047 812 Spiritus
3077 738 3240 797 datus
3259 748 3399 810 erat,
3436 757 3615 817 neque

284 825 468 905 ριάδος
507 824 669 905 ἰέναι,
715 824 836 898 ἥτις
878 823 1152 904 ἀπέχουσα
1183 828 1289 885 τῶν
1331 825 1757 907 Ἰεροσολύμων,
1806 834 1900 901 τῆς

286 912 614 996 Γαλιλαίαςη
637 915 755 974 ἐστὶ
808 915 1069 976 θάλασσα.
1127 914 1373 977 Ἦλίευον
1430 916 1486 977 δὲ
1539 920 1588 975 οἱ
1641 918 1895 996 μαθηταί·

288 1006 348 1063 οὗ
404 1003 513 1085 γὰρ
564 993 711 1085 εἶχόν
756 1028 809 1063 τι
857 1004 1034 1086 ἕτερον
1063 1012 1252 1068 ποιεῖν.
1302 1005 1445 1066 Οὔτε
1477 1005 1581 1088 γὰρ
1612 993 1767 1077 αὐτὸς
1799 1011 1897 1067 αὖ-

289 1102 396 1161 τοῖς
453 1097 693 1173 συνεχῶς
743 1100 949 1174 συνῆν,
1005 1094 1122 1154 οὔτε
1180 1095 1241 1154 τὸ
1295 1098 1528 1175 Πνεῦμα
1583 1096 1731 1156 δοθὲν
1785 1089 1848 1170 ἦν
1879 1144 1896 1173 ,

297 1182 415 1243 οὔτε
455 1183 552 1254 τὴν
600 1184 957 1244 διδασκαλίαν
993 1183 1203 1252 τελείως
1250 1185 1708 1268 ἐγκεχειρισμένοι
1735 1179 1895 1260 ἦσαν·

303 1273 390 1332 διὰ
419 1280 567 1361 101310
596 1273 675 1354 ⁵δὴ
722 1273 820 1346 τὴν
865 1272 1063 1334 οἰκείαν
1119 1273 1314 1355 τέχνην
1364 1275 1640 1352 μετίεσαν.
1692 1277 1896 1361 Πέτρος

295 1363 395 1441 μὲν
439 1353 527 1423 οὖν
556 1353 983 1446 ἐργατικώτατος
1031 1360 1133 1440 ὢν,
1174 1353 1271 1424 οὒκ
1301 1363 1555 1446 ἀνέχεται
1587 1353 1892 1447 σχολάζειν,

290 1454 429 1513 ἄλλᾶ
479 1453 612 1533 πρὸς
658 1455 721 1513 τὸ
768 1453 920 1536 ἔργον
970 1456 1177 1536 θερμῶς
1238 1455 1481 1514 κινεῖται·
1537 1458 1586 1515 οἳ
1634 1456 1689 1516 δὲ
1718 1458 1897 1518 λοιποὶ

287 1541 649 1618 συνέπονται,
709 1541 797 1602 διὰ
850 1544 911 1604 τὸ
975 1542 1312 1603 συνδεδέσθαι
1363 1544 1548 1604 λοιπὸν
1623 1545 1893 1619 ἀλλήλοις.

285 1631 556 1701 Ἐπιστὰς
587 1634 643 1693 δὲ
674 1633 850 1700 αὐτοῖς
882 1634 1148 1712 κάμνουσι
1194 1634 1286 1692 καὶ
1330 1636 1892 1716 ταλαιπωρουμένοις,

283 1722 383 1781 οὒκ
429 1721 626 1791 εὐθέως
667 1724 854 1782 ἑαυτὸν
907 1722 1163 1783 δείκνυσι.
1218 1723 1479 1784 Βούλεται
1528 1725 1632 1806 γὰρ
1683 1729 1894 1806 πρῶτον

284 1812 469 1880 αὐτοῖς
508 1816 582 1881 εἷς
625 1812 849 1882 διάλεξιν
900 1815 1088 1873 ἐλθεῖν
1122 1814 1238 1873 ὅθεν
1284 1813 1378 1873 καί
1416 1838 1567 1895 φησι⁹
1596 1841 1621 1869 α
1654 1815 1892 1894 Παιδία,

285 1901 365 1976 μή
415 1925 470 1959 τι
513 1902 844 1983 προσφάγιον
903 1902 1094 1983 ἔχετε;
1137 1930 1162 1957 ι
1214 1906 1285 1972 ὡς
1330 1902 1540 1980 μέλλων
1582 1929 1635 1963 τι
1684 1904 1894 1977 ὠνήσα-

283 1996 410 2049 σθαι
439 1996 576 2071 παρ’
617 1995 811 2053 αὐτῶν.
840 1991 937 2060 Ὡς
962 1991 1019 2052 δὲ
1051 1992 1335 2052 ἀνένευσαν
1357 2038 1374 2066 ,
1412 1992 1506 2052 καὶ
1545 1995 1894 2064 κελεύσαντος

2005 828 2258 885 doctrina
2287 828 2526 902 perfecte
2570 844 2849 898 concessa,
2885 828 3011 887 ideo
3040 844 3198 887 suam
3226 838 3402 887 artem
3429 840 3611 889 secta-

2006 916 2227 974 bantur.
2260 919 2459 975 Petrus
2498 917 2649 974 enim
2695 933 2825 975 cum
2850 918 3270 976 actuosissimus
3299 927 3465 988 esset,
3493 936 3610 977 non

2004 1006 2217 1064 ferebat
2244 1008 2441 1076 otium,
2461 1007 2557 1066 sed
2582 1008 2642 1064 in
2668 1023 2833 1080 opere
2861 1007 3128 1078 fervebat,
3152 1016 3210 1065 et
3236 1008 3610 1082 sequebantur

2005 1098 2213 1168 caeteri,
2253 1114 2321 1155 eo
2346 1099 2496 1171 quod
2521 1098 2802 1171 conjuncti
2829 1106 3004 1155 erant.
3036 1100 3105 1154 Et
3130 1114 3260 1156 cum
3285 1099 3502 1157 adesset
3527 1100 3611 1157 eis

2005 1186 2379 1245 laborantibus
2406 1197 2463 1246 et
2500 1187 2733 1259 miseris,
2765 1204 2877 1244 non
2903 1188 3092 1246 statim
3118 1203 3179 1246 se
3205 1188 3463 1259 ostendit,
3493 1189 3612 1246 vult

2005 1277 2156 1334 enim
2192 1278 2347 1351 prius
2385 1278 2537 1351 loqui
2565 1294 2695 1335 cum
2725 1277 2802 1335 eis
2835 1297 2849 1331 :
2881 1278 3030 1336 unde
3077 1286 3134 1335 et
3159 1277 3311 1348 dicit,
3362 1303 3387 1328 «ι
3420 1279 3603 1347 Pueri,

2004 1382 2142 1423 num
2171 1367 2302 1441 quid
2341 1367 2553 1425 obsonii
2580 1367 2832 1425 habetis?
2858 1387 2887 1422 »
2921 1367 3080 1442 quasi
3110 1377 3397 1441 empturus
3429 1368 3499 1426 ab
3528 1369 3607 1426 eis

2004 1456 2285 1529 quiddam.
2318 1458 2384 1514 Ut
2428 1466 2616 1514 autem
2652 1466 2948 1531 negarunt,
2981 1465 3039 1515 et
3065 1474 3194 1515 cum
3213 1457 3469 1531 jussisset
3508 1474 3606 1516 eos

2005 1548 2226 1604 mittere
2268 1547 2325 1603 in
2374 1546 2647 1618 dextram,
2698 1549 2979 1605 consecuti
3029 1557 3182 1617 sunt,
3218 1568 3246 1602 α
3272 1547 3406 1605 dicit
3440 1549 3605 1607 disci-

2004 1637 2169 1710 pulus
2196 1652 2362 1709 quem
2394 1636 2655 1711 diligebat
2680 1639 2862 1707 Jesus,
2898 1640 3063 1695 Petro
3091 1656 3105 1694 :
3137 1638 3412 1696 Dominus
3438 1647 3539 1696 est.
3571 1658 3601 1692 υ

2005 1729 2211 1783 lterum
2231 1726 2337 1783 hoc
2355 1726 2478 1783 loco
2501 1726 2813 1784 invenimus
2834 1726 3227 1800 discipulorum
3247 1728 3610 1800 proprietates

2003 1815 2240 1874 ostendi.
2285 1818 2432 1872 Nam
2462 1815 2835 1889 perspicacior
2860 1814 3085 1889 quidem
3110 1818 3371 1884 Joannes,
3411 1819 3610 1874 Petrus

2002 1914 2190 1963 autem
2212 1904 2516 1962 ferventior
2544 1925 2561 1961 :
2587 1921 2650 1962 ea
2678 1913 2901 1978 propter
2917 1907 3156 1962 Joannes
3180 1905 3360 1978 primo
3380 1906 3609 1979 quidem

2003 1996 2251 2069 agnoscit
2278 1996 2610 2052 Dominum.
2634 1997 2831 2052 Petrus
2854 2010 2987 2052 vero
3008 1995 3161 2068 prior
3179 1995 3325 2052 venit
3351 1994 3421 2052 ad
3448 2010 3603 2052 eum.

286 2083 477 2159 βαλεῖν
517 2083 593 2150 εἰς
612 2080 680 2142 τὰ
722 2080 896 2163 δεξιὰ,
926 2082 1216 2163 ἕπέτυχον,
1257 2111 1283 2138 α
1307 2082 1450 2162 λέγει
1482 2086 1510 2141 6
1534 2084 1809 2165 μαθητὴς,
1836 2086 1893 2147 ὃν

2007 2084 2383 2158 Succingendo
2421 2085 2605 2157 itaque
2642 2100 2722 2155 se,
2752 2084 3122 2142 reverentiam
3171 2084 3428 2143 ostendit.
3478 2085 3610 2141 Mit-

284 2171 477 2248 ἧγάπα
526 2174 557 2231 6
596 2171 843 2250 Ἰησοῦς,
896 2175 975 2253 τῷ
1025 2172 1239 2255 Πέτρῳ’
1278 2171 1366 2232 ¢0
1432 2171 1629 2252 Κύριός
1686 2176 1816 2235 ἐστι.
1869 2203 1894 2232 ο

284 2262 467 2322 Πάλιν
505 2263 729 2322 ἐνταῦθα
770 2262 840 2321 τὰ
891 2260 1160 2340 ἰδιώματα
1204 2266 1310 2323 τῶν
1360 2266 1614 2340 μαθητῶν
1657 2264 1893 2345 εὑρίσκο-

283 2374 383 2428 μεν
417 2351 758 2428 δεικνύμενα.
790 2350 861 2413 Ὀ
888 2351 984 2431 μὲν
1014 2352 1119 2435 γὰρ
1167 2352 1603 2434 διορατικώτερος
1643 2357 1671 2412 6
1702 2354 1894 2417 Ἰωάν-

282 2464 407 2514 νης,
453 2445 487 2500 6
529 2442 586 2504 δὲ
650 2441 853 2522 Πέτρος
907 2444 1244 2524 θερμότερος.
1361 2443 1467 2503 Διὰ
1512 2448 1670 2503 τοῦτο
1710 2447 1739 2503 6
1796 2446 1893 2522 μὲν

283 2529 787 2617 Ἰωάννηςιπρῶτος
838 2532 1046 2612 ἐπέγνω
1092 2534 1180 2593 τὸν
1231 2533 1461 2617 Κύριον,
1503 2537 1532 2593 6
1578 2532 1635 2593 δὲ
1690 2535 1894 2617 Πέτρος

282 2625 495 2701 πρῶτος
533 2612 662 2695 ἦλθε
693 2623 823 2703 πρὸς
857 2622 1038 2683 αὐτόν.
1094 2626 1193 2705 Τῷ
1230 2612 1331 2702 μὲν
1360 2612 1449 2683 οῦν
1487 2612 1889 2705 διαζώσασθαι,

282 2712 383 2784 τὴν
440 2711 577 2772 aide
625 2712 948 2781 ἐπεδείξατο·
992 2716 1070 2794 τῷ
1126 2713 1183 2772 δὲ
1238 2715 1390 2796 ῥίψαι
1443 2714 1631 2773 ἑαυτὸν
1680 2719 1752 2783 εἷς
1796 2716 1893 2788 τὴν

284 2801 563 2862 θάλασσαν
586 2848 604 2876 ,
635 2803 726 2864 τὸν
778 2804 939 2862 πόθον
993 2804 1261 2885 ἐνέφηνεν.
1322 2805 1405 2865 Οὖ
1454 2802 1559 2886 γὰρ
1601 2806 1893 2887 ἐκαρτέρη-

283 2915 406 2967 σεν,
457 2893 648 2975 ὥσπερ
692 2895 741 2954 οἱ
796 2892 971 2954 ἄλλοι·
1020 2893 1161 2952 ἀλλὰ
1210 2896 1505 2975 νηχόμενος
1535 2895 1890 2976 παρεγένετο,

282 2983 460 3043 καίτοι
490 3012 516 3040 ι
544 2988 618 3066 ᾡς
650 2982 759 3042 ἀπὸ
792 2986 986 3064 πηχῶν
1011 2983 1297 3045 διακοσίων
1329 3008 1356 3041 ιο
1399 2984 1619 3065 ἀπέχων
1649 2989 1742 3057 τῆς
1770 2991 1888 3066 γῆς.

282 3071 474 3133 Ἔστιν
514 3063 611 3132 οὖν
654 3076 683 3132 6
732 3070 1024 3145 ἐπενδύτης
1061 3076 1233 3135 λινοῦν
1278 3099 1331 3134 τι
1379 3063 1614 3150 ὀθόνιον,
1668 3074 1725 3134 ὃν
1754 3063 1811 3137 οῗ
1835 3102 1893 3138 τε

283 3164 530 3231 Φοίνικες
556 3164 652 3223 καὶ
691 3166 741 3224 οἱ
793 3162 959 3245 Σύροι
991 3164 1156 3233 ἁλιεῖς
1181 3166 1602 3247 περιελίττουσιν
1644 3168 1848 3235 ἑαυτοῖς
1870 3214 1886 3243 ,

282 3252 381 3312 εἴτε
412 3253 609 3332 γυμνοὶ
651 3252 829 3331 ὄντες,
881 3253 989 3312 εἴτε
1035 3253 1126 3313 ἐπὶ
1172 3264 1280 3323 τοῖς
1319 3256 1552 3332 ἱματίοις
1581 3259 1739 3315 τοῦτο
1771 3258 1893 3315 ἐπι-

2003 2174 2173 2232 tendo
2192 2183 2382 2232 autem
2400 2189 2461 2232 se
2476 2174 2530 2231 in
2551 2189 2725 2242 mare,
2743 2173 3048 2231 declaravit
3060 2174 3320 2232 desiderii
3340 2174 3611 2247 magnitu-

2001 2263 2191 2321 dinem
2209 2281 2224 2320 :
2239 2279 2351 2321 non
2366 2263 2515 2320 enim
2526 2272 2810 2336 exspectat
2822 2272 2885 2321 ut
2897 2264 3014 2332 alii,
3035 2263 3137 2321 sed
3147 2273 3345 2321 natans
3355 2263 3608 2332 advenit,

2002 2353 2253 2427 quamvis
2282 2372 2310 2405 ‹‹
2326 2353 2546 2410 circiter
2559 2352 2818 2410 ducentis
2831 2353 3035 2410 cubitis
3054 2372 3084 2406 »
3108 2354 3367 2411 abessent
3384 2370 3417 2410 a
3436 2363 3602 2411 terra.

2002 2447 2099 2501 Est
2137 2443 2304 2517 igitur
2324 2441 2585 2510 ἐπενδύτης
2606 2442 2835 2499 linteum
2871 2442 3151 2516 quoddam
3182 2459 3292 2515 quo
3328 2442 3618 2501 Phoenices

2002 2542 2057 2589 et
2081 2533 2202 2606 Syri
2260 2532 2561 2605 piscatores
2598 2547 2658 2589 se
2686 2532 3036 2607 amiciebant,
3066 2533 3179 2588 sive
3217 2531 3352 2588 nudi
3403 2542 3608 2604 essent,

2000 2623 2113 2679 sive
2142 2622 2349 2689 vestiti,
2377 2621 2482 2678 hoc
2505 2622 3049 2694 superimponentes;
3076 2621 3401 2694 simpliciter
3423 2631 3611 2679 autem

2001 2711 2325 2781 dicendum,
2378 2711 2530 2784 quod
2582 2711 2728 2768 sicut
2783 2711 3023 2783 pictores
3055 2712 3287 2785 pingunt
3333 2712 3617 2785 apostolos

2001 2817 2169 2874 super
2228 2800 2473 2859 vestibus
2520 2808 2712 2857 tectos.
2770 2800 2946 2874 Igitur
2991 2801 3122 2873 quia
3205 2823 3232 2850 α
3259 2800 3442 2858 nudus
3496 2809 3618 2858 erat

2000 2893 2217 2959 Petrus,
2270 2911 2298 2945 »
2355 2900 2411 2947 et
2449 2889 2708 2963 piscando
2759 2890 2994 2960 laborat,
3042 2891 3097 2946 in
3148 2890 3508 2948 reverentiam
3556 2906 3617 2947 se

2002 2981 2186 3038 induit
2225 2981 2560 3053 ependytem
2605 2980 2729 3049 (hoc
2759 2988 2844 3037 est
2873 2980 3028 3037 enim
3073 2980 3338 3054 succingi)
3386 2989 3443 3037 et
3468 2980 3619 3053 prior

2002 3069 2152 3127 vadit
2183 3069 2255 3127 ad
2280 3069 2612 3127 Dominum.
2642 3072 2771 3126 Non
2796 3068 2946 3126 enim
2989 3086 3156 3143 parva
3181 3070 3434 3143 quaedam
3464 3078 3619 3125 erant

2000 3176 2125 3234 quae
2154 3160 2381 3231 ﬁebant,
2427 3159 2528 3218 sed
2555 3176 2776 3234 magna.
2807 3163 2954 3217 Nam
2978 3161 3222 3233 primum
3257 3160 3416 3217 multi
3440 3160 3618 3233 pisces

2001 3252 2144 3325 capti
2173 3260 2324 3324 sunt,
2354 3252 2550 3310 deinde
2572 3262 2692 3309 rete
2718 3269 2831 3310 non
2860 3261 2944 3310 est
2970 3252 3221 3309 scissum.

281 3344 524 3435 τιθέντες
582 3343 769 3435 ἁπλ-ῶς
812 3342 869 3403 δὲ
919 3348 1087 3435 εἰπεῖν
1105 3389 1155 3435 ,Μ
1168 3335 1273 3405 οἶον
1322 3348 1370 3403 oi
1418 3342 1692 3426 ζωγράφοι
1745 3356 1955 3410 ποιοῦσι
2023 3352 2144 3421 τοὺς
2192 3352 2555 3428 ἀποστόλους,
2607 3354 2785 3414 ἐπάνω
2834 3355 2938 3413 τῶν
2991 3352 3220 3431 ἱματίων
3261 3353 3621 3435 περιειλιγμέ-

278 3456 416 3525 νους.
462 3434 626 3493 Ἐπεὶ
659 3426 830 3494 οῧνι
873 3432 1072 3525 γυμνῦς
1120 3426 1186 3508 ἧν
1230 3438 1259 3493 6
1305 3436 1609 3525 Πέτροςνν
1661 3434 1755 3496 ἅτε
1799 3441 1922 3519 περὶ
1974 3441 2068 3515 τὴν
2119 3443 2290 3525 ἄγραν
2331 3444 2686 3519 πονούμενος,
2737 3443 2825 3503 διὰ
2868 3442 2965 3515 τὴν
3008 3442 3142 3503 αἷδὼ
3194 3443 3620 3523 περιελίττεται,

276 3522 367 3581 τὸν
409 3525 707 3615 ἐπενδύτην
757 3524 952 3615 (τοῦτο
979 3524 1085 3605 γάρ
1136 3527 1249 3615 ἐστι
1299 3524 1360 3583 τὸ
1411 3523 1836 3615 διαζώσασθαι),
1882 3530 1974 3589 καὶ
2021 3522 2228 3613 πρῶτος
2283 3531 2503 3614 ἔρχεται
2555 3535 2687 3615 πρὸς
2738 3533 2828 3593 τὸν
2888 3532 3109 3612 Κύριον.
3164 3522 3399 3613 Οὖγγὰρ
3451 3533 3620 3614 μικρά

276 3636 405 3671 τινα
448 3604 595 3684 ’ἦσαν
640 3613 709 3704 τὰ
750 3613 1048 3693 γινόμενα,
1106 3613 1245 3673 ἀλλὰ
1302 3614 1534 3693 μεγάλα*
1565 3604 1799 3695 πρῶτον
1830 3617 1928 3696 μὲν
1982 3604 2740 3704 τὸΙπολλοὺςόυλληφθῆναι
2784 3622 2901 3690 τοὺς
2958 3604 3174 3702 ἰᾷθύας,
3214 3604 3399 3683 ἔπειτα
3448 3604 3510 3680 τὸ

283 3704 594 3781 σχισθῆναι
636 3702 695 3761 τὸ
724 3703 945 3764 δίκτυον.

378 3817 403 3841 σ
436 3788 534 3857 Ὡς
554 3781 638 3849 οὖν
663 3792 940 3866 ἀπέϐησαν
972 3796 1045 3862 εἷς
1086 3791 1182 3864 τήν
1214 3796 1340 3873 γῆν,
1377 3792 1662 3875 βλέπουσιν
1704 3798 1897 3877 ἀνθρα-

2074 3803 2256 3859 Vsus.
2280 3808 2440 3859 9-14.
2471 3821 2500 3856 (ι
2519 3805 2601 3859 Ut
2625 3816 2756 3873 ergo
2781 3799 3189 3858 descenderunt
3213 3799 3270 3855 in
3289 3808 3522 3869 terram,
3543 3799 3622 3855 vi-

290 3880 424 3938 κιᾶν
456 3880 703 3959 κειμένην
724 3928 739 3956 ,
773 3884 867 3944 καὶ
914 3883 1134 3966 ὀψάριον
1177 3882 1549 3961 ἐπικείμενον,
1580 3885 1671 3943 καὶ
1711 3885 1891 3966 ἄρτον.

295 3970 455 4055 λὶέγει
502 3974 675 4040 αὐτοῖς
703 3976 732 4032 6
768 3972 997 4045 Ἰησοῦς*
1030 3973 1317 4053 Ἐνέγκατε
1349 3973 1455 4034 ἀπὸ
1483 3979 1588 4034 τῶν
1627 3976 1895 4055 ὀψαρίων,

292 4049 365 4119 ὗν
399 4060 657 4121 ἐπιάσατε
689 4067 807 4125 νῦν.
842 4063 1033 4137 Ἀνέϐη
1079 4063 1265 4142 Σίμων
1299 4062 1534 4145 Πέτρος,
1560 4065 1653 4124 καὶ
1687 4064 1895 4126 εἵλκυσε

290 4150 347 4208 τὸ
376 4152 587 4213 δίκτυον
613 4152 704 4211 ἐπὶ
726 4158 822 4224 τῆς
847 4158 946 4231 γῆς
972 4153 1166 4231 μεστὸν
1200 4153 1395 4235 ἰχθύων
1428 4155 1677 4235 μεγάλων
1706 4156 1895 4215 ἑκατὸν

283 4246 804 4323 πεντηκοντατριῶν.
860 4243 967 4303 Καὶ
1005 4242 1269 4303 τοσούτων
1319 4243 1521 4320 ὄντων,
1554 4246 1647 4305 οὐκ
1676 4244 1896 4325 ἐσχίσθη

281 4333 345 4392 τὸ
376 4332 615 4393 δίκτυον.
651 4332 816 4411 Λέγει
864 4336 1041 4401 αὐτοῖς
1081 4337 1109 4392 6
1141 4334 1371 4407 Ἰησοῦς·
1417 4340 1618 4413 Δεῦτε,
1669 4336 1897 4413 ἀριστή-

285 4444 442 4484 σατε.
516 4422 716 4489 Οὖδεὶς
740 4421 795 4481 δὲ
834 4425 1036 4501 ἐτόλμα
1068 4426 1172 4482 τῶν
1221 4427 1475 4499 μαθητῶν
1508 4423 1753 4494 ἐξετάσαι
1797 4427 1900 4484 αὖ-

282 4510 394 4595 τόν·
422 4512 504 4573 Σὺ
541 4512 623 4579 τίς
656 4500 736 4586 ei;
765 4500 1000 4588 εἰδότες,
1034 4513 1113 4573 ὅτι
1143 4518 1171 4574 6
1208 4514 1402 4595 Κύριός
1435 4518 1599 4576 ἐστιν.
1632 4510 1899 4594 Ἔρχεται

280 4591 374 4660 οὖν
404 4608 435 4663 6
475 4603 728 4679 Ἰησοῦς,
773 4605 866 4663 καὶ
894 4604 1160 4681 λαμϐάνει
1201 4605 1288 4665 τὸν
1328 4606 1526 4687 ἄρτον,
1554 4606 1646 4665 καὶ
1688 4605 1899 4665 δίδωσιν

284 4695 504 4766 αὐτοῖς,
556 4694 651 4751 καὶ
699 4694 762 4754 τὸ
812 4695 1034 4777 ὀψάριον
1091 4696 1305 4773 ὁμοίως.
1357 4699 1536 4757 Τοῦτο
1584 4694 1687 4769 ἤδη
1722 4695 1899 4774 τρίτον

287 4782 600 4862 ἐφανερώθη
633 4783 905 4858 ὁἸησοῦς
948 4796 1056 4853 τοῖς
1106 4792 1371 4864 μαθηταῖς
1420 4790 1583 4845 αὑτοῦ
1608 4832 1626 4861 ,
1677 4786 1903 4866 ἐγερθεὶς

287 4875 352 4931 ἐκ
381 4877 607 4954 νεκρῶν.
650 4900 676 4927 ι
720 4874 832 4936 Καὶ
861 4880 1022 4935 τοῦτο
1051 4880 1265 4952 θαῦμα,
1294 4876 1322 4937 ὃ
1354 4875 1616 4955 βλέπουσι
1644 4880 1754 4951 νῦν,
1787 4874 1905 4943 τοὺς

291 4962 563 5039 ἄνθρακας
610 4961 786 5042 λέγω,
820 4964 913 5023 καὶ
953 4964 1046 5024 τὸν
1079 4964 1259 5046 ἰχθὺν,
1291 4967 1384 5026 καὶ
1434 4966 1522 5025 τὸν
1556 4965 1733 5045 ἄρτον.
1785 4967 1905 5026 Οὐκ

2004 3890 2207 3947 derunt
2250 3906 2457 3964 prunas
2496 3891 2724 3963 positas,
2753 3897 2809 3946 et
2848 3890 3059 3962 piscem
3109 3889 3520 3962 suprapositum
3564 3895 3622 3944 et

2008 3996 2232 4053 panem.
2263 3981 2413 4038 Dicit
2461 3980 2538 4037 eis
2584 3982 2744 4037 Jesus
2797 3999 2811 4036 :
2857 3977 3077 4036 Afferte
3104 3978 3173 4036 de
3215 3978 3454 4052 piscibus
3481 3994 3621 4051 quos

2008 4070 2359 4142 prendidistis
2382 4087 2550 4127 nunc.
2589 4070 2856 4128 Ascendit
2889 4069 3084 4126 Simon
3123 4071 3340 4136 Petrus,
3370 4076 3429 4124 et
3456 4068 3624 4125 traxit

2006 4167 2124 4217 rete
2144 4161 2199 4217 in
2219 4169 2451 4232 terram,
2470 4161 2694 4233 plenum
2715 4160 2933 4232 magnis
2950 4158 3192 4232 piscibus
3207 4167 3430 4215 centum
3454 4158 3622 4232 quin-

2008 4251 2268 4322 quaginta
2302 4251 2500 4308 tribus.
2534 4253 2606 4307 Et
2632 4266 2759 4306 cum
2788 4258 2876 4305 tot
2904 4257 3110 4317 essent,
3142 4265 3253 4306 non
3282 4257 3365 4306 est
3389 4249 3621 4305 scissum

2008 4349 2143 4398 rete.
2200 4340 2347 4397 Dicit
2390 4340 2471 4396 eis
2496 4342 2655 4397 Jesus
2698 4358 2710 4394 ε
2744 4340 2961 4407 Venite,
2996 4338 3285 4412 prandete.
3337 4340 3410 4395 Et
3458 4353 3623 4394 nemo

2010 4430 2404 4503 discipulorum
2416 4429 2652 4487 audebat
2664 4430 3003 4502 interrogare
3027 4445 3181 4497 eum,
3197 4428 3368 4499 768
3385 4427 3578 4484 dicens
3606 4446 3619 4482 :

2010 4522 2094 4577 Tu
2123 4520 2244 4593 quis
2270 4520 2362 4577 es?
2391 4535 2519 4576 cum
2549 4519 2751 4576 scirent
2774 4518 2927 4592 quod
2954 4518 3233 4575 Dominus
3259 4524 3424 4572 esset.
3459 4514 3623 4571 Venit

2009 4610 2199 4683 itaque
2224 4613 2405 4678 Jesus,
2434 4617 2492 4666 et
2517 4609 2712 4682 accipit
2743 4624 2965 4682 panem,
2989 4616 3044 4664 et
3066 4607 3162 4663 dat
3189 4606 3290 4676 eis,
3322 4613 3377 4663 et
3406 4605 3623 4676 piscem

2011 4699 2287 4757 similiter.
2308 4702 2446 4756 Haec
2464 4698 2586 4773 jam
2619 4699 2783 4755 tertia
2812 4698 2923 4755 vice
2943 4695 3333 4754 manifestatus
3351 4703 3439 4751 est
3466 4695 3629 4750 Jesus

2011 4792 2297 4863 discipulis
2318 4791 2432 4848 suis
2448 4807 2578 4847 cum
2594 4791 3051 4848 ressurrexisseta
3070 4787 3330 4845 mortuis.
3367 4809 3391 4837 υ
3421 4789 3495 4843 Et
3514 4786 3622 4842 hoc

2013 4888 2093 4936 est
2116 4881 2446 4937 miraculum
2472 4879 2623 4953 quod
2644 4896 2796 4937 nunc
2822 4878 3032 4948 vident,
3060 4894 3265 4951 prunas
3293 4876 3419 4934 dico
3449 4884 3506 4933 et
3526 4874 3629 4948 pis-

2013 4986 2136 5027 cem
2163 4980 2330 5044 atque
2354 4987 2555 5043 panem
2584 4970 2648 5027 ²⁶.
2679 4974 2805 5028 Non
2834 4971 2982 5027 enim
3000 4970 3118 5043 jam
3144 4968 3380 5026 faciebat
3404 4983 3474 5023 ex
3502 4981 3625 5022 ma-

287 5046 373 5106 ἕτι
405 5052 513 5129 γὰρ
545 5054 599 5122 ἐξ
645 5054 1001 5131 ὑποκειμένης
1043 5054 1171 5127 ὕλης
1214 5054 1424 5129 ἐποίει,
1476 5055 1661 5135 ὥσπερ
1696 5058 1818 5133 πρὶν
1852 5058 1897 5115 ἐν

2018 5061 2150 5117 teria
2180 5061 2483 5135 proposita,
2528 5061 2669 5117 sicut
2695 5061 2847 5133 prius
2893 5060 2954 5116 in
2986 5059 3213 5116 deserto
3243 5073 3374 5114 cum
3401 5055 3629 5111 satiaret

284 5138 486 5218 ἐρήμῳ
520 5143 630 5201 ἀπὸ
655 5148 762 5202 τῶν
805 5145 965 5203 πέντε
1004 5143 1214 5225 ἄρτων,
1261 5144 1356 5204 καὶ
1396 5149 1504 5205 τῶν
1539 5146 1630 5206 δύο
1672 5145 1908 5224 ἰχθύων,

284 5228 411 5297 τοὺς
454 5234 567 5298 τοῖς
606 5232 875 5301 τοσούτοις
906 5234 1269 5316 ἀρκέσαντας,
1312 5233 1429 5295 ἀλλ’
1477 5234 1695 5305 ἅπλῶς,
1731 5234 1783 5302 ἐξ
1814 5237 1910 5293 οὐκ

286 5318 482 5376 ὄντων.
510 5321 775 5407 Εἰπόντος
808 5323 862 5383 δὲ
892 5329 985 5384 τοῦ
1014 5324 1237 5407 Κυρίου,
1265 5353 1289 5379 α
1311 5330 1497 5398 Δεῦτε,
1522 5325 1864 5404 ἀριστήσατε,
1882 5353 1907 5377 n

292 5408 468 5473 οὐδεὶς
498 5406 731 5496 ἐξετάζει
755 5458 771 5483 ,
814 5414 932 5473 οὐδὲ
972 5419 1151 5496 τολμᾷ
1186 5416 1477 5496 ἐρωτῆσαι.
1535 5418 1653 5475 Οὐκ
1682 5414 1762 5474 ἔτι
1804 5413 1909 5492 γὰρ

293 5498 395 5567 τὴν
425 5494 598 5569 αὐτὴν
647 5499 953 5577 παῤῥησίαν
989 5494 1171 5581 εἶχον,
1219 5494 1362 5565 ἀλλὰ
1424 5502 1564 5581 μετὰ
1616 5509 1771 5584 σιγῆς
1818 5502 1911 5562 καὶ

298 5585 447 5654 δέους
514 5585 834 5664 ἐθαύμαζον-
894 5589 1116 5669 ᾔδεισαν
1182 5594 1277 5667 μὲν
1333 5594 1471 5671 γὰρ,
1503 5591 1584 5651 ὅτι
1641 5596 1670 5652 6
1720 5591 1913 5672 Κύριός

303 5678 452 5750 ἔστι,
500 5676 584 5737 διὸ
626 5678 742 5736 οὐδὲ
795 5679 1043 5759 ἠρώτων.
1074 5680 1195 5753 Τὴν
1240 5681 1295 5741 δὲ
1328 5681 1536 5763 μορφὴν
1570 5682 1910 5761 ἆλλοιοτέραν

306 5768 572 5845 ὁρῶντες,
605 5768 694 5826 καὶ
739 5772 945 5841 πολλῆς
1000 5768 1303 5842 ἐκπλήξεως
1354 5773 1656 5850 γέμουσαν,
1710 5771 1914 5852 σφόδρα

378 5928 422 5959 π
453 5928 615 5986 Joan.
644 5945 732 5988 vr.
760 5937 854 6001 34,
885 5935 979 5987 35.

2019 5150 2087 5207 de
2115 5150 2333 5208 duobus
2376 5150 2622 5223 piscibus
2646 5166 2712 5207 ac
2750 5150 2984 5223 panibus
3008 5149 3271 5222 quinque,
3314 5152 3401 5202 tot
3428 5143 3626 5215 millia,

2018 5242 2119 5300 sed
2137 5240 2469 5315 simpliciter
2493 5261 2561 5301 ex
2578 5244 2773 5301 nihilo.
2798 5244 2941 5299 Cum
2965 5241 3201 5300 dixisset
3227 5248 3415 5297 autem
3434 5234 3634 5291 Domi-

2018 5349 2144 5402 nus,
2199 5352 2227 5385 ι(
2255 5334 2472 5402 Venite,
2505 5333 2795 5408 prandete,
2834 5351 2865 5385 »
2897 5332 3086 5389 nullus
3135 5328 3397 5401 exquirit,
3447 5340 3629 5397 neque

2017 5422 2184 5479 audet
2227 5423 2586 5495 interrogare.
2617 5425 2744 5479 Non
2771 5421 2916 5477 enim
2944 5420 3091 5477 ultra
3120 5427 3330 5475 tantam
3354 5414 3626 5473 habeban'

2019 5509 2297 5580 ﬁduciam,
2348 5511 2445 5569 sed
2480 5527 2611 5568 cum
2666 5508 2881 5565 silentio
2924 5523 2990 5564 ac
3031 5507 3233 5563 timore
3274 5502 3634 5562 admiraban-

2019 5609 2110 5659 tur
2136 5619 2150 5656 :
2183 5601 2430 5658 sciebant
2447 5600 2596 5657 enim
2627 5596 2779 5671 quod
2802 5596 3076 5653 Dominus
3103 5602 3264 5652 esset.
3295 5592 3424 5648 Ideo
3452 5604 3635 5661 neque

2020 5690 2449 5764 interrogabant.
2514 5690 2656 5747 Cum
2715 5694 2906 5743 autem
2965 5685 3204 5742 formam
3255 5689 3527 5738 mutatam
3579 5685 3635 5733 ct

2022 5781 2272 5838 horroris
2319 5779 2536 5852 plenam
2586 5776 2857 5846 viderent,
2908 5774 3062 5834 valde
3090 5771 3500 5845 stupescebant.
3553 5770 3637 5826 Ac
