4128 6434
507 633 614 688 307

1531 619 2046 679 THEOPHYLACTI
2085 621 2447 680 BULGARIAE
2462 624 2804 696 iARCHIEP.

3717 622 3823 678 330

504 754 812 812 voluissent
860 750 1084 825 quidem
1125 750 1198 808 de
1226 765 1293 808 eo
1337 750 1676 822 interrogare
1725 747 1956 821 aliquid,
2009 747 2109 805 sed

2223 749 2677 822 κατεπλήττοντοο
2740 749 2833 808 καὶ
2885 746 3184 826 γέϐούλοντο
3234 746 3415 824 μέντοι
3465 745 3593 825 περὶ
3655 747 3826 820 αὖτῆς

506 853 689 903 metus
725 852 780 900 et
809 841 1097 900 manifesta
1126 840 1391 914 aspectio,
1424 838 1580 914 quod
1620 855 1734 896 non
1772 847 1918 896 esset
1945 837 2108 907 alius,

509 933 611 992 sed
638 933 730 991 ille
757 932 896 1006 ipse,
926 947 1041 989 non
1065 930 1460 1005 permittebant
1485 930 1826 1002 interrogare
1852 933 1924 996 (a)
1958 946 1972 984 :
1999 936 2115 983 tan-

508 1033 633 1082 tum
675 1039 739 1081 ea
771 1038 896 1096 qua
929 1022 1011 1080 eis
1038 1030 1320 1080 creaverat
1364 1019 1783 1077 manducarunt.
1815 1017 2114 1089 Quomodo

511 1122 702 1173 autem
728 1113 966 1172 creavit?
994 1128 1092 1171 sua
1121 1120 1410 1186 potestate.
1443 1113 1571 1168 Non
1598 1110 1750 1168 enim
1775 1109 1892 1182 jam
1924 1109 1981 1166 in
2009 1125 2119 1167 coe-

507 1205 625 1263 lum
651 1205 894 1278 suspicit,
925 1212 980 1261 et
1012 1207 1234 1261 Patrem
1283 1204 1502 1260 invocat
1563 1221 1576 1258 :
1605 1200 1696 1257 illa
1734 1200 1881 1258 enim
1910 1199 2118 1257 ﬁebant

509 1304 572 1353 ut
599 1311 660 1353 se
704 1295 864 1352 nobis
908 1301 1321 1368 attemperaret.
1349 1293 1518 1350 Jubet
1548 1299 1736 1348 autem
1781 1289 1849 1348 de
1876 1289 2115 1362 piscibus

509 1381 733 1454 afferre,
783 1390 850 1440 ut
893 1383 1209 1440 ostenderet
1255 1397 1369 1438 non
1427 1395 1548 1438 esse
1592 1377 1913 1451 phantasma
1965 1377 2115 1450 quod

509 1473 815 1530 videbatur.
847 1472 959 1530 Sed
988 1473 1095 1529 hoc
1123 1472 1246 1528 loco
1283 1469 1511 1544 quidem
1539 1483 1654 1525 non
1680 1467 1812 1524 dicit
1839 1466 1988 1539 quod
2016 1483 2113 1523 co-

509 1563 684 1620 medit
708 1579 836 1621 cum
878 1563 978 1620 eis.
1023 1565 1203 1618 Lucas
1229 1570 1416 1619 autem
1445 1559 1580 1617 dicit
1605 1557 1758 1632 quod
1783 1573 1913 1614 cum
1946 1575 1974 1610 ι(
2005 1556 2115 1614 illis

509 1663 754 1710 versatus
784 1675 811 1704 ι
843 1652 1140 1710 comederit
1173 1651 1268 1722 (b).
1313 1648 1610 1722 Quomodo
1639 1655 1825 1705 autem
1853 1645 2112 1704 comede-

509 1743 599 1812 rit,
647 1759 761 1800 non
798 1751 882 1800 est
924 1749 1181 1798 nostrum
1218 1741 1417 1798 dicere.
1447 1743 1606 1797 More
1633 1739 1779 1796 enim
1805 1737 2113 1796 admirabili

507 1831 649 1890 facta
676 1839 807 1890 sunt
842 1831 982 1901 hac,
1012 1847 1124 1888 non
1165 1830 1316 1904 quod
1361 1837 1559 1887 natura
1601 1829 1721 1902 ejus
1763 1828 1882 1885 cibo
1913 1827 2116 1886 habeat

507 1937 668 1995 opus,
715 1920 813 1980 sed
853 1921 1028 1979 nostri
1056 1935 1222 1976 causa
1253 1919 1324 1978 ad
1351 1918 1833 1976 conﬁrmationem
1864 1933 2114 1975 resurre-

505 2012 708 2070 ctionis
736 2012 961 2070 ﬁebant.
992 2011 1304 2069 Ostendens
1327 2026 1548 2083 quoque
1573 2026 1684 2066 non
1715 2009 1874 2066 illum
1903 2009 2116 2066 assidue

507 2103 657 2176 apud
700 2118 798 2160 eos
839 2101 1036 2171 fuisse,
1080 2117 1260 2174 neque
1302 2101 1552 2158 similiter
1599 2108 1664 2158 ut
1704 2102 1879 2173 prius,
1921 2099 2056 2158 dicit
2101 2119 2116 2158 :

517 2212 548 2246 (ι
586 2194 711 2249 Hoc
731 2191 852 2264 jam
881 2191 1046 2248 tertio
1075 2188 1464 2247 manifestatus
1490 2197 1594 2247 est.
1624 2210 1653 2244 »
1682 2189 1935 2263 Intellige
1962 2191 2119 2247 insu-

509 2297 607 2356 per
657 2281 776 2338 hac
819 2289 875 2337 et
902 2296 1000 2354 per
1028 2279 1370 2352 allegoriam.
1401 2281 1525 2336 Nox
1561 2279 1710 2337 enim
1738 2288 1857 2336 erat
1899 2278 2119 2352 quando

504 2372 752 2430 tenebra
792 2371 1116 2430 idololatria
1153 2371 1524 2438 invaluerunt,
1574 2379 1703 2428 ante
1759 2371 1889 2428 solis
1915 2371 2119 2429 Christi

505 2463 823 2532 adventum,
854 2461 1075 2535 quando
1121 2460 1404 2535 propheta
1444 2461 1854 2531 laboraverunt,
1888 2470 1946 2518 et
1980 2461 2115 2518 nihil

510 2562 798 2626 ceperunt.
828 2555 974 2610 Nam
1022 2553 1273 2625 quamvis
1304 2568 1476 2609 unam
1503 2561 1724 2626 gentem
1762 2552 2118 2608 lsraeliticam

506 2644 842 2702 conclusisse
902 2644 962 2700 in
1006 2658 1206 2716 sagena
1246 2642 1594 2714 videbantur,
1648 2652 1836 2700 tamen
1888 2642 2020 2716 quia
2065 2649 2120 2698 et

504 2735 627 2791 hac
647 2733 879 2791 subinde
893 2733 962 2792 ad
976 2733 1352 2791 idololatriam
1374 2733 1611 2802 redibat,
1623 2733 1759 2790 nihil
1773 2733 1913 2790 forte
1927 2748 2119 2806 appre-

505 2823 837 2881 henderunt.
879 2824 988 2880 Ubi
1017 2833 1204 2881 autem
1253 2824 1564 2882 diluculum
1591 2824 1728 2881 solis
1766 2823 1998 2897 justitia
2027 2823 2113 2879 in-

503 2910 676 2978 fulsit,
711 2921 768 2968 et
793 2912 1162 2983 apostolicum
1191 2920 1308 2969 rete
1336 2914 1573 2985 ejectum
1603 2921 1710 2982 est,
1739 2912 1930 2970 dextra
1961 2919 2116 2969 certo

506 3000 775 3068 doctrina,
803 3001 872 3058 ad
900 3018 1071 3074 quam
1096 3002 1187 3059 lex
1213 3011 1269 3059 et
1293 3003 1578 3076 propheta
1621 3003 1941 3076 comparati,
1982 3003 2115 3060 sini-

503 3098 619 3147 stra
666 3091 1067 3163 intelliguntur,
1114 3100 1247 3148 tunc
1294 3092 1460 3165 igitur
1503 3091 1749 3149 trahitur
1777 3101 1892 3150 rete
1943 3101 1998 3150 et
2043 3092 2115 3150 ad

501 3179 781 3238 Christum
831 3180 1179 3238 adducuntur
1204 3197 1321 3238 non
1350 3181 1549 3238 ethnici
1581 3189 1816 3252 tantum,
1871 3198 2012 3256 quos
2059 3191 2117 3240 et

508 3278 733 3327 centum
792 3269 1015 3340 dixeris,
1072 3287 1262 3328 verum
1311 3271 1479 3328 etiam
1527 3271 1815 3342 Israelita,
1870 3273 1969 3344 qui
2020 3289 2118 3346 per

507 3357 903 3431 quinquaginta
945 3359 1173 3433 intelligi
1203 3369 1457 3433 possunt.
1494 3378 1524 3415 ιι
1549 3360 1786 3434 Quando
1815 3361 1964 3418 enim
1992 3361 2113 3434 ple-

503 3447 698 3504 nitudo
725 3447 972 3520 gentium
1005 3449 1314 3520 intraverit,
1362 3458 1496 3508 tunc
1533 3450 1701 3507 etiam
1731 3451 1896 3508 Israel
1927 3466 2114 3508 serva-

506 3535 672 3593 bitur.
725 3556 756 3590 »
811 3539 948 3595 Tres
987 3554 1144 3609 vero,
1186 3539 1354 3596 ﬁdem
1382 3541 1440 3596 in
1490 3549 1744 3600 sanctam
1787 3541 2115 3598 Trinitatem

505 3625 836 3699 signiﬁcant.
867 3628 1013 3684 Nam
1041 3629 1139 3701 qui
1187 3628 1244 3684 in
1287 3629 1388 3686 reti
1427 3630 1782 3687 continentur
1810 3638 2032 3688 centum
2059 3638 2118 3686 et

507 3715 925 3788 quinquaginta.
959 3716 1226 3775 Ethnicos
1267 3717 1390 3776 dico
1435 3727 1490 3776 et
1517 3719 1758 3787 Judaos,
1789 3719 1908 3776 sine
1942 3721 2113 3776 trium

504 3802 817 3876 adjectione
839 3820 952 3863 non
976 3815 1127 3863 sunt.
1156 3807 1381 3880 Absque
1400 3809 1551 3865 enim
1568 3808 1676 3866 fide
1711 3809 1768 3866 in
1790 3810 2116 3866 Trinitatem

502 3894 686 3951 nullus
717 3895 772 3951 in
813 3896 915 3952 reti
945 3897 1222 3954 contineri
1268 3897 1488 3955 dicitur.
1516 3899 1661 3956 Illud
1689 3908 1902 3969 autem,
1937 3919 1966 3953 ι(
2002 3903 2116 3957 Ve-

503 3985 636 4052 nite,
667 3985 952 4056 prandete,
981 4005 1008 4039 ι)
1053 3987 1366 4045 istiusmodi
1393 3987 1601 4062 aliquid
1633 3989 1919 4062 signiﬁcat,
1963 3989 2117 4062 quod

505 4080 633 4144 post
670 4073 908 4144 labores,
937 4077 1174 4148 requies,
1203 4076 1434 4146 delicia,
1471 4078 1685 4150 fruitio,
1721 4087 1945 4136 sanctos
1970 4079 2118 4136 exci-

504 4161 634 4233 piet.
683 4165 1042 4237 Quacunque
1095 4167 1247 4223 enim
1297 4169 1468 4240 769
1506 4177 1638 4225 tunc
1682 4176 1782 4225 aut
1830 4168 1974 4225 dicta
2026 4177 2122 4225 aut

504 4257 660 4322 gesta
703 4261 855 4321 sunt,
908 4255 1182 4326 mysteriis
1227 4257 1387 4329 plena
1434 4265 1585 4315 sunt.
1633 4258 2118 4328 Quemadmodum

505 4340 674 4412 igitur
725 4349 782 4397 et
827 4342 962 4400 illud
1017 4345 1166 4416 quod
1212 4346 1496 4404 Christum
1536 4347 1713 4405 Maria
1759 4348 2117 4406 hortulanum

507 4445 631 4488 esse
655 4431 1077 4508 existimaverit,
1111 4436 1430 4508 simpliciter
1455 4437 1686 4511 quidem
1729 4438 1940 4496 dictum
1969 4440 2118 4496 vide-

504 4528 613 4591 tur,
647 4519 818 4578 habet
857 4532 1046 4581 tamen
1078 4527 1357 4583 occultum
1386 4527 1666 4599 quiddam,
1697 4529 1967 4602 siquidem
2000 4530 2119 4603 ipse

503 4625 698 4668 revera
723 4627 888 4670 verus
911 4623 1030 4671 erat
1053 4615 1287 4688 paradisi
1310 4618 1510 4686 cultor,
1536 4619 1594 4675 in
1619 4621 1736 4692 ipso
1762 4623 2115 4678 monumenti

501 4699 689 4768 horto,
725 4709 988 4775 tanquam
1028 4705 1083 4761 in
1113 4706 1390 4778 paradiso,
1421 4724 1596 4781 genus
1637 4709 1906 4767 muliebre
1935 4713 2113 4768 corri-

500 4805 659 4862 gens,
699 4801 865 4865 atque
908 4810 1033 4850 eam
1062 4811 1185 4867 qua
1225 4797 1412 4854 Adam
1457 4801 1703 4872 primum
1753 4800 2108 4860 hortulanum

500 4878 815 4953 deceperat,
845 4884 914 4940 ab
943 4901 1128 4943 errore
1153 4895 1210 4943 et
1226 4888 1532 4961 ignorantia
1582 4899 1927 4948 convertens.
1960 4896 2109 4949 Nam

501 4970 655 5043 quod
683 4973 859 5030 Maria
910 4991 1173 5033 conversa
1213 4978 1302 5048 sit,
1333 4987 1389 5036 et
1414 4979 1564 5052 quod
1590 4981 1660 5038 de
1707 4984 2110 5040 resurrectione

497 5059 768 5132 docuerit,
796 5062 898 5121 hoc
923 5065 1165 5123 declarat
1203 5069 1352 5141 quod
1393 5070 1676 5128 muliebris
1699 5087 1860 5130 sexus
1884 5090 2110 5131 conver-

497 5166 593 5208 sus
614 5161 784 5224 esset,
815 5162 872 5210 et
905 5154 976 5212 ad
1000 5155 1385 5216 sublimiorem
1409 5166 1615 5217 statum
1643 5161 1927 5220 reductus.

567 5243 756 5299 Vnns.
790 5249 976 5301 15-19.
1009 5247 1196 5303 «Cum
1223 5264 1356 5322 ergo
1384 5251 1752 5322 prandissent,
1779 5252 1909 5310 dicit
1928 5253 2107 5309 Simo-

493 5331 553 5387 ni
573 5333 735 5391 Petro
756 5339 788 5392 J
796 5351 920 5392 esus
952 5354 965 5392 :
993 5338 1189 5395 Simon
1206 5340 1456 5411 Joannis,
1478 5341 1660 5415 diligis
1680 5357 1770 5398 me
1792 5343 1913 5414 plus
1937 5359 2108 5415 quam

493 5418 548 5475 hi
565 5420 592 5474 ἵ
621 5423 766 5480 Dicit
785 5427 833 5481 ei
859 5444 872 5481 :
898 5427 1110 5498 Etiam,
1136 5430 1400 5498 Domine,
1427 5439 1488 5486 tu
1508 5431 1616 5488 scis
1644 5431 1792 5503 quod
1817 5447 2004 5488 amem
2025 5442 2102 5489 te.

492 5507 640 5565 Dicit
665 5512 714 5568 ei
739 5531 751 5568 :
780 5517 948 5571 Pasce
975 5533 1149 5589 agnos
1179 5535 1354 5576 meos.
1384 5520 1528 5576 Dicit
1556 5521 1604 5577 ei
1629 5537 1819 5578 rursus
1848 5522 2054 5580 iterum
2089 5542 2102 5580 :

495 5597 687 5654 Simon
705 5603 958 5673 Joannis,
984 5607 1158 5680 diligis
1189 5615 1316 5666 me?
1343 5611 1440 5666 Ait
1459 5610 1537 5666 illi
1570 5629 1582 5666 :
1619 5611 1812 5678 Etiam,
1846 5613 2102 5680 Domine,

494 5691 556 5740 tu
575 5686 683 5743 scis
711 5689 864 5760 quod
891 5707 1073 5750 amem
1102 5703 1176 5751 te.
1208 5697 1355 5753 Dicit
1370 5698 1417 5754 ei
1445 5716 1457 5754 :
1481 5699 1735 5756 Guberna
1769 5716 1900 5758 oves
1925 5718 2097 5762 meas.

496 5774 644 5831 Dicit
682 5776 733 5832 ei
775 5780 941 5836 tertio
980 5799 994 5836 :
1025 5782 1219 5840 Simon
1246 5787 1492 5856 Joannis,
1523 5804 1677 5846 amas
1699 5792 1832 5847 me?
1857 5792 2102 5852 Indoluit

492 5867 752 5991 ϐαξρληῐιι
801 5866 948 5924 Edit.
985 5871 1119 5928 Lut.
1167 5871 1344 5943 deest,
1373 5877 1731 5947 interrogare,
1769 5887 1826 5936 et
1856 5883 2097 5939 mandu-

2152 3318 2200 3384 C

2222 841 2450 921 ἐρωτᾷν,
2479 839 2616 899 ἀλλὰ
2648 839 2709 899 τὸ
2740 839 2852 906 δέος
2877 883 2893 912 ,
2925 838 3017 901 καὶ
3049 836 3110 897 τὸ
3140 836 3332 897 εἰδέναι
3353 884 3370 916 ,
3401 836 3483 896 ὅτι
3512 839 3612 918 οὐχ
3643 835 3824 918 ἕτερός

2220 953 2297 996 τις
2325 920 2424 1002 ἦν,
2455 929 2570 989 ἀλλ’
2601 929 2757 996 αὐτὸς
2776 974 2792 1002 ,
2826 928 3038 1008 ἐπεῖχον
3069 927 3164 1002 τὴν
3197 925 3454 1010 ἐρώτησιν
3473 973 3490 1002 ,
3524 927 3614 986 καὶ
3656 927 3822 1005 μόνον

2219 1017 2422 1092 ἤσθιον,
2444 1018 2582 1100 ἅπερ
2606 1023 2778 1086 αὐτοῖς
2802 1017 3244 1098 ἐδημιούργησεν.
3277 1020 3407 1086 Πῶς
3437 1015 3491 1075 δὲ
3521 1015 3826 1096 ἐδημιούρ-

2221 1130 2417 1186 γησεν;
2452 1107 2920 1178 Ἐξουσιαστικῶς.
2958 1109 3082 1168 Οὖκ
3111 1106 3190 1166 ἔτι
3219 1105 3324 1188 γὰρ
3357 1109 3429 1174 εἷς
3461 1106 3550 1164 τὸν
3593 1107 3820 1187 οὐρανὸν

2224 1199 2548 1273 ἀναϐλέπει,
2591 1198 2802 1258 καὶτὸν
2837 1197 3059 1277 Πατέρα
3105 1198 3440 1257 ἐπικαλεῖται
3469 1198 3679 1273 (ἐκεῖνα
3724 1196 3829 1273 μὲν

2221 1288 2322 1368 γὰρ
2354 1288 2805 1368 συγκαταϐάσεως
2835 1287 2992 1368 χάριν
3028 1287 3314 1367 ἐγίνοντο)·
3347 1286 3551 1346 κελεύει
3583 1283 3638 1344 δὲ
3663 1331 3681 1362 ,
3716 1285 3832 1345 ἀπὸ

2222 1381 2327 1438 τῶν
2368 1380 2610 1460 ὀψαρίων
2657 1381 2917 1456 ἐνεγκεῖν,
2967 1376 3055 1438 ἵνα
3094 1377 3272 1458 δείξῃ,
3317 1376 3398 1436 ὅτι
3439 1375 3498 1436 τὸ
3545 1375 3818 1457 ὁρώμενον

2222 1471 2315 1528 οὐκ
2361 1459 2426 1540 ἦν
2469 1468 2779 1550 φάντασμα.
2824 1467 2968 1528 Ἀλλ’
3002 1469 3226 1526 ἐνταῦθα
3282 1466 3376 1546 μὲν
3425 1467 3484 1526 οὖ
3524 1465 3706 1543 λέγει,
3741 1463 3830 1524 ὅτι

2223 1559 2385 1638 ἔφαγε
2415 1557 2530 1636 μετ’
2551 1559 2744 1617 αὐτῶνθ
2773 1561 2800 1616 ὁ
2831 1556 2886 1616 δὲ
2912 1561 3124 1624 Λουκᾶς
3143 1557 3324 1637 ξφησιν
3345 1601 3363 1632 ,
3395 1554 3477 1614 ὅτι
3507 1583 3530 1607 κ
3563 1557 3836 1615 Συναυλι-

2221 1647 2436 1724 ζόμενος
2455 1649 2650 1715 αὐτοῖς.
2691 1675 2714 1701 υ
2735 1651 2864 1714 Πῶς
2896 1647 2950 1706 δὲ
2985 1647 3188 1721 ἤσθιεν,
3215 1647 3316 1725 οὐχ
3340 1645 3603 1726 ἡμέτερον
3632 1649 3828 1704 εἰπεῖν.

2222 1737 2273 1794 Τ
2279 1738 2424 1818 ρόπῳ
2451 1739 2556 1819 γὰρ
2588 1737 2992 1820 παραδοξοτέρῳ
3019 1741 3190 1794 ταῦτα
3217 1736 3446 1816 ἐγένετο,
3489 1737 3590 1815 οὐχ
3627 1737 3699 1802 ὥς
3728 1739 3832 1807 τῆς

2223 1827 2425 1907 φύσεως
2473 1826 2723 1906 δεομένης
2782 1828 3120 1909 βρωμάτων,
3177 1825 3316 1885 ἀλλὰ
3371 1823 3836 1905 συγκαταϐάσεως

2222 1917 2351 1996 πρὸς
2419 1916 2681 1985 ἀπόδειξιν
2739 1921 2837 1990 τῆς
2905 1916 3246 1982 ἀναστάσεως
3300 1915 3595 1994 γινομένης.
3694 1919 3836 1975 Δει-

2223 2006 2394 2066 κνύων
2440 2006 2524 2080 δὲ,
2576 2007 2656 2066 ὅτι
2706 2011 2764 2068 οὗ
2795 2010 3030 2086 συνεχῶς
3073 2006 3248 2073 αὐτοῖς
3284 2004 3680 2086 ἐπεχωρίαζεν,
3711 2003 3838 2064 οὐδὲ

2227 2095 2419 2172 ὁμοίως
2450 2095 2633 2178 ὥσπερ
2657 2095 2872 2176 πρώην,
2908 2096 3058 2178 φησί·
3086 2124 3111 2149 «ι
3143 2098 3318 2156 Τοῦτο
3345 2096 3448 2169 ἤδη
3479 2095 3654 2174 τρίτον
3688 2095 3834 2176 ἐφα-

2227 2186 2448 2265 νερώθη.
2479 2215 2502 2240 ιο
2551 2187 2811 2263 Λάμϐανε
2857 2186 2912 2245 δέ
2948 2210 3038 2264 μοι
3081 2190 3252 2245 ταῦτα
3282 2184 3372 2244 καὶ
3404 2185 3544 2244 κατὰ
3573 2184 3832 2265 Θεωρίαν.

2227 2275 2339 2345 Νὺξ
2379 2276 2475 2355 μὲν
2505 2277 2610 2358 γὰρ
2639 2269 2739 2356 ἧν,
2771 2275 2859 2336 ὅτε
2902 2275 2964 2336 τὸ
3016 2276 3204 2344 σκότος
3251 2279 3346 2348 τῆς
3387 2274 3840 2356 εἶδωλολατρείας

2227 2366 2438 2446 ἐκράτει
2464 2412 2482 2442 ,
2515 2366 2621 2448 πρὸ
2662 2371 2757 2440 τῆς
2799 2373 2892 2426 τοῦ
2923 2366 3076 2439 ἡλίου
3108 2368 3345 2448 Χριστοῦ
3377 2365 3707 2446 παρουσίας,
3737 2363 3837 2424 ὅτε

2226 2457 2582 2526 κοπιάσαντες
2631 2459 2679 2516 οἱ
2710 2461 3016 2539 προφῆται,
3071 2455 3218 2515 οὐδὲν
3264 2455 3575 2535 ἐθήρευσαν.
3611 2455 3677 2514 Εἰ
3724 2453 3839 2535 γὰρ

2227 2546 2320 2605 καὶ
2378 2547 2490 2616 ἑνὸς
2547 2547 2724 2617 ἔθνους
2777 2547 2990 2606 ἐδόκουν
3039 2551 3366 2624 σαγηνεῖῖσαι
3423 2545 3514 2604 τὸν
3572 2540 3836 2626 Ἰσραὴλ,

2229 2637 2346 2694 ἀλλ’
2374 2627 2463 2696 οὖν
2494 2637 2609 2697 ἐπεὶ
2658 2637 2750 2697 καὶ
2799 2627 2944 2704 οὗτος
2985 2639 3220 2716 συνεχῶς
3268 2637 3339 2703 εἷς
3388 2634 3839 2714 εἷδωλολατρείαν

2228 2726 2515 2801 ἀπεπήδα,
2542 2727 2690 2786 οὐδὲν
2733 2727 2880 2806 τάχα
2925 2727 3168 2786 ἐπίασαν.
3211 2723 3347 2787 "Ore
3385 2724 3440 2784 δὲ
3470 2729 3504 2796 ἡ
3536 2720 3713 2806 πρωία
3737 2730 3844 2784 τοῦ

2226 2814 2413 2876 Ἡλίου
2443 2821 2538 2888 τῆς
2568 2816 2902 2890 δικαιοσύνης
2928 2816 3238 2897 ἐπέλαμψε,
3275 2815 3366 2875 καὶ
3391 2814 3451 2874 τὸ
3476 2813 3841 2875 ἀποστολικὸν

2227 2905 2433 2966 δίκτυον
2464 2907 2779 2988 ἐχαλάσθη,
2813 2910 2849 2978 ἡ
2903 2905 3046 2975 δεξιὰ
3094 2905 3258 2974 ὄντως
3299 2903 3649 2979 διδασκαλία,
3697 2904 3844 2985 πρὸς

2225 2994 2290 3067 ἣν
2315 2999 2343 3054 ὁ
2363 2996 2519 3075 νόμος
2545 2997 2637 3056 καὶ
2663 3001 2711 3058 οἱ
2735 2998 3009 3078 προφῆται
3041 2995 3541 3078 παραϐαλλόμενοι,
3570 2992 3842 3074 ἀριστερὰ

2225 3090 2495 3162 νοοῦνται,
2543 3085 2661 3146 τότε
2693 3087 2756 3162 δὴ
2795 3086 3014 3146 ἕλκεται
3056 3093 3090 3160 ἡ
3125 3086 3362 3165 σαγήνη,
3393 3087 3486 3145 καὶ
3519 3085 3840 3165 προσάγον-

2225 3199 2313 3235 ται
2352 3179 2429 3256 τῶ
2460 3179 2683 3259 Χριστῷ
2713 3179 2816 3258 οὐχ
2841 3179 2888 3237 οἱ
2920 3175 2972 3245 ἐξ
3005 3179 3166 3236 ἐθνῶν
3212 3176 3363 3255 μόνοι
3384 3219 3401 3250 ,
3448 3174 3537 3244 οὒς
3565 3174 3654 3234 καὶ
3699 3177 3842 3234 ἑκα-

2228 3265 2316 3324 τὸν
2347 3266 2514 3334 εἴποις
2547 3269 2645 3342 ἂν,
2678 3267 2816 3325 ἀλλὰ
2848 3267 2940 3326 καὶ
2966 3269 3015 3326 οἳ
3040 3266 3093 3335 ἐξ
3127 3267 3380 3347 Ἰσραὴλ,
3425 3264 3475 3324 οἳ
3499 3265 3842 3337 πεντήκοντα

2230 3362 2484 3428 νοηθεῖεν.
2523 3387 2546 3412 ι
2570 3355 2710 3418 Ὅτε
2753 3355 2854 3437 γὰρ
2894 3356 3169 3438 πλήρωμα
3201 3361 3306 3416 τῶν
3355 3357 3517 3414 ἐθνῶν
3569 3355 3841 3428 εἰσέλθοι,

2226 3447 2344 3505 τότε
2385 3447 2476 3506 καὶ
2523 3445 2750 3528 Ἰσραὴλ
2782 3446 3109 3518 σωθήσεται.
3144 3472 3168 3499 υ
3199 3447 3272 3508 Οἱ
3323 3445 3379 3504 δὲ
3433 3453 3574 3525 τρεῖς
3621 3443 3718 3517 τὴν
3761 3446 3845 3512 εἷς

2225 3535 2322 3605 τὴν
2365 3535 2519 3615 ἁγίαν
2550 3537 2760 3619 Τριάδα
2792 3537 2972 3596 πίστιν
3007 3538 3279 3610 δηλοῦσιν.
3313 3538 3386 3596 Οἱ
3428 3533 3531 3615 γὰρ
3572 3557 3845 3610 σαγηνευ-

2226 3624 2395 3693 θέντες
2448 3627 2638 3686 ἑκατὸν
2685 3627 2777 3686 καὶ
2809 3626 3178 3704 πεντήκοντα,
3241 3624 3474 3703 ἐθνικοὶ,
3508 3625 3684 3703 λέγω,
3736 3625 3846 3682 καὶ

2225 3713 2506 3794 Ἰουδαῖοι,
2543 3718 2667 3776 ἄνευ
2717 3722 2811 3790 τῆς
2857 3720 2962 3776 τῶν
2993 3719 3153 3798 τριῶν
3186 3714 3498 3796 προσθήκης
3545 3715 3640 3773 οὐκ
3670 3713 3842 3773 εἰσίνο

2225 3801 2378 3866 Ἄνευ
2414 3806 2518 3887 γὰρ
2551 3811 2642 3880 τῆς
2677 3810 2749 3875 εἷς
2792 3807 3004 3887 Τριάδα
3046 3807 3278 3875 πίστεως
3303 3853 3318 3878 ,
3347 3805 3517 3872 οὐδεὶς
3551 3827 3846 3882 σαγηνευ-

2228 3899 2381 3968 θῆναι
2411 3896 2649 3976 λέγεται.
2681 3899 2761 3958 Τὸ
2792 3897 2866 3972 δὲ,
2895 3925 2918 3950 α
2941 3901 3131 3972 Δεῦτε,
3166 3895 3525 3976 ἀριστήσατε,
3557 3921 3582 3948 ν
3606 3892 3848 3974 αἴνιγμά

2227 4010 2279 4043 τι
2326 3991 2567 4046 τοιοῦτον
2615 3987 2762 4068 ἔχει,
2812 3986 2893 4046 ὅτι
2942 3986 3078 4065 μετὰ
3135 3985 3254 4054 τοὺς
3305 3985 3490 4053 πόνους
3535 3983 3846 4053 διαδέξεται

2225 4074 2344 4142 τοὺς
2375 4076 2553 4154 ἁγίους
2603 4077 2940 4153 ἀνάπαυσις,
2975 4077 3066 4136 καὶ
3117 4074 3326 4158 τρυφὴ,
3372 4076 3465 4134 καὶ
3511 4075 3840 4144 ἀπόλαυσις,

2225 4163 2374 4224 ’Ὅσα
2399 4165 2500 4245 γὰρ
2528 4166 2647 4226 τότε
2678 4164 2712 4238 ἢ
2739 4168 3048 4247 γεγένηται,
3080 4166 3112 4239 ἢ
3139 4166 3387 4248 εἴρηται,
3416 4165 3591 4224 πάντα
3625 4188 3845 4239 μυστηο

2229 4255 2354 4336 ρίων
2401 4257 2576 4334 γέμει⁶
2615 4256 2798 4337 ὥσπερ
2828 4249 2918 4316 οἷν
2968 4257 3060 4316 καὶ
3101 4256 3161 4316 τὸ
3197 4255 3464 4337 κηπουρὸν
3510 4258 3845 4329 νομισθῆναι

2226 4345 2314 4405 τὸν
2333 4346 2566 4425 Χριστὸν
2675 4347 2888 4428 Μαρίᾳ,
2915 4347 3118 4406 ἁπλοῦν
3143 4345 3238 4424 μὲν
3262 4346 3427 4419 δοκεῖ,
3453 4345 3566 4424 ἔχει
3587 4343 3642 4403 δέ
3661 4368 3713 4402 τι
3737 4346 3846 4406 καὶ

2229 4437 2730 4516 ἀποκεκρυμμένον.
2783 4437 2894 4498 Καὶ
2927 4437 3028 4518 γὰρ
3077 4428 3140 4509 ἦν
3176 4436 3336 4503 ὄντως
3369 4435 3526 4504 αὐτὸς
3567 4438 3595 4494 ὁ
3628 4435 3848 4509 ἀληθὴς

2227 4531 2321 4586 τοῦ
2352 4528 2682 4607 παραδείσου
2709 4527 2944 4608 γεωργὸς
2974 4532 3027 4588 ἐν
3074 4529 3152 4607 τῷ
3183 4532 3274 4585 τοῦ
3303 4525 3580 4603 μνήματος
3625 4525 3802 4605 κήπῳ
3824 4573 3844 4606 ,

2145 4642 2196 4705 D
2226 4616 2467 4698 καθάπερ
2501 4619 2554 4676 ἐν
2587 4617 2932 4699 παραδείσῳ,
2979 4618 3040 4677 τὸ
3069 4625 3367 4696 γυναικεῖον
3399 4615 3548 4694 γένος
3579 4617 3848 4694 ἀνορθού-

2224 4731 2398 4785 μενος,
2444 4706 2537 4766 καὶ
2585 4708 2692 4767 ἀπὸ
2741 4713 2836 4780 τῆς
2883 4707 3090 4779 πλάνης
3122 4706 3215 4765 καὶ
3263 4709 3356 4777 τῆς
3408 4704 3678 4786 ἀγνωσίας
3711 4705 3845 4765 ἐπι-

2217 4796 2457 4878 στρέφων
2515 4795 2612 4869 τὴν
2641 4796 2814 4874 Ἀδὰμ
2859 4797 2948 4857 τὸν
2979 4799 3188 4879 πρῶτον
3233 4794 3501 4876 κηπουρὸν
3535 4795 3844 4868 ἀπατήσα-

2218 4911 2337 4948 σαν.
2368 4887 2449 4948 Τὸ
2476 4885 2578 4968 γὰρ
2623 4885 2720 4958 τὴν
2767 4887 2982 4968 Μαρίαν
3031 4886 3364 4967 ἐπιστρέφειν
3386 4931 3403 4960 ,
3437 4884 3530 4945 καὶ
3569 4885 3847 4968 ἀναδιδά-

2219 4999 2367 5036 σκειν
2416 4978 2539 5057 περὶ
2589 4981 2684 5049 τῆς
2743 4977 3116 5050 ἀναστάσεως,
3177 4977 3365 5035 τούτου
3419 4973 3712 5050 δηλωτικὸν
3766 4965 3841 5045 ἧν

2219 5072 2310 5125 τοῦ
2353 5065 2413 5125 τὸ
2456 5074 2754 5146 γυναικεῖον
2802 5066 2950 5148 γένος
2993 5066 3438 5148 ἐπιστρέφεσθαι,
3487 5065 3580 5125 καὶ
3625 5060 3841 5142 ἀνάγε-

2219 5163 2365 5217 σθαι.

2304 5269 2336 5302 α
2367 5246 2506 5308 "Ou
2537 5237 2627 5305 οὖν
2660 5246 2960 5326 ἠρίστησαν
2982 5291 3000 5320 ,
3043 5245 3186 5325 λέγει
3219 5248 3296 5326 τῷ
3328 5244 3536 5324 Σίμωνι
3568 5241 3772 5320 Πέτρῳ
3810 5246 3844 5302 ὁ

2219 5334 2450 5409 Ἰησοῦς·
2507 5335 2696 5416 Σίμων
2747 5336 2944 5410 Ἰωνᾶ,
2998 5338 3212 5417 ἀγαπᾷς
3245 5359 3311 5412 με
3349 5337 3532 5393 πλεῖον
3583 5331 3835 5406 τούτων;

2217 5425 2378 5504 Λέγει
2411 5427 2575 5505 αὐτῷ·
2610 5425 2718 5486 Ναὶ
2741 5469 2758 5500 ,
2796 5425 2997 5507 Κύριε,
3030 5425 3092 5483 σὺ
3115 5416 3294 5494 οἶδας,
3328 5424 3404 5478 ὅτι
3437 5422 3572 5500 φιλῶ
3601 5442 3684 5481 σε.
3717 5421 3836 5482 Λέ-

2215 5538 2298 5591 γει
2349 5517 2510 5596 αὖτῷ·
2545 5513 2719 5575 Βόσκε
2768 5513 2836 5574 τὰ
2886 5515 3039 5592 ἀρνία
3088 5535 3213 5588 μου.
3258 5509 3420 5589 Λέγει
3451 5511 3600 5589 αὖτῷ
3652 5508 3829 5569 πάλιν

2217 5603 2475 5684 δεύτερονο
2527 5604 2738 5684 Σίμων,
2773 5605 2963 5675 Ἰωνᾶ,
3013 5605 3227 5680 ἀγαπᾷς
3279 5620 3380 5678 μες
3439 5599 3599 5679 Λέγει
3645 5599 3825 5679 αὐτῷ’

2215 5694 2323 5756 Ναὶ
2356 5682 2520 5774 Κύριε
2541 5740 2559 5773 ,
2593 5682 2656 5754 σὺ
2688 5682 2834 5760 οἶδας
2867 5691 2947 5751 ὅτι
2977 5693 3115 5768 φιλῶ
3146 5714 3226 5749 σε.
3264 5689 3426 5768 Λέγει
3461 5691 3626 5768 αὐτῷ’
3676 5689 3825 5751 Ποί-

2213 5809 2370 5862 μαινε
2425 5783 2492 5843 τὰ
2546 5783 2795 5866 πρόϐατά
2865 5807 2986 5859 μου.
3046 5781 3210 5859 Λέγει
3290 5782 3434 5860 αὐτῷ
3503 5779 3563 5838 τὸ
3618 5779 3828 5859 τρίτον·

2282 5886 2354 5948 (b)
2404 5887 2576 5939 Deest
2616 5883 2670 5938 in
2719 5897 2898 5954 graco
2929 5879 2988 5932 τὸ
3023 5880 3341 5949 comederit;
3392 5877 3487 5935 sed
3516 5891 3710 5934 sensus
3762 5886 3831 5933 et

2208 5955 2374 6012 verba
2402 5957 2570 6012 Luca
2597 5953 2736 6011 illud
2759 5953 3006 6026 exigunt.
