  <div class='ocr_page' id='page_1' title='image "/cluster/home/n/w/nwhite01/storage/ocr_20150623/124:no.2/coo.31924054870294/162.png"; bbox 0 0 4128 6430; ppageno 0'>
   <div class='ocr_carea' id='block_1_1' title="bbox 373 564 484 621">
    <p class='ocr_par' dir='ltr' id='par_1_1' title="bbox 373 564 484 621">
     <span class='ocr_line' id='line_1_1' title="bbox 373 564 484 621; baseline -0.027 0"><span class='ocrx_word' id='word_1_1' title='bbox 373 564 484 621; x_wconf 84' lang='lat'><strong>309</strong></span> 
     </span>
    </p>
   </div>
   <div class='ocr_carea' id='block_1_2' title="bbox 1167 565 2946 624">
    <p class='ocr_par' dir='ltr' id='par_1_2' title="bbox 1167 565 2946 624">
     <span class='ocr_line' id='line_1_2' title="bbox 1167 565 2946 624; baseline -0.001 -2"><span class='ocrx_word' id='word_1_2' title='bbox 1167 565 1560 624; x_wconf 80' lang='lat' dir='ltr'><strong>ENARRATIO</strong></span> <span class='ocrx_word' id='word_1_3' title='bbox 1601 567 1668 623; x_wconf 84' lang='lat' dir='ltr'><strong>IN</strong></span> <span class='ocrx_word' id='word_1_4' title='bbox 1706 566 2143 624; x_wconf 83' lang='lat' dir='ltr'><strong>EVANGELIUM</strong></span> <span class='ocrx_word' id='word_1_5' title='bbox 2177 565 2476 624; x_wconf 77' lang='lat' dir='ltr'><strong>JOANNIS.</strong></span> <span class='ocrx_word' id='word_1_6' title='bbox 2515 593 2584 607; x_wconf 95' lang='lat'><strong><em>—</em></strong></span> <span class='ocrx_word' id='word_1_7' title='bbox 2623 565 2776 622; x_wconf 83' lang='lat' dir='ltr'><strong>CAP.</strong></span> <span class='ocrx_word' id='word_1_8' title='bbox 2819 567 2946 622; x_wconf 85' lang='lat' dir='ltr'><strong>XXI.</strong></span> 
     </span>
    </p>
   </div>
   <div class='ocr_carea' id='block_1_3' title="bbox 3598 577 3703 631">
    <p class='ocr_par' dir='ltr' id='par_1_3' title="bbox 3598 577 3703 631">
     <span class='ocr_line' id='line_1_3' title="bbox 3598 577 3703 631; baseline 0 0"><span class='ocrx_word' id='word_1_9' title='bbox 3598 577 3703 631; x_wconf 85' lang='grc'><strong>310</strong></span> 
     </span>
    </p>
   </div>
   <div class='ocr_carea' id='block_1_4' title="bbox 369 689 1985 776">
    <p class='ocr_par' dir='ltr' id='par_1_4' title="bbox 369 689 1983 776">
     <span class='ocr_line' id='line_1_4' title="bbox 369 689 1983 776; baseline 0.005 -29"><span class='ocrx_word' id='word_1_10' title='bbox 369 689 572 776; x_wconf 71' lang='grc' dir='ltr'>ξίμων</span> <span class='ocrx_word' id='word_1_11' title='bbox 616 689 808 768; x_wconf 72' lang='grc' dir='ltr'>Ἰωνᾶ,</span> <span class='ocrx_word' id='word_1_12' title='bbox 841 691 1015 772; x_wconf 82' lang='grc' dir='ltr'>φιλεῖς</span> <span class='ocrx_word' id='word_1_13' title='bbox 1063 714 1166 770; x_wconf 60' lang='lat' dir='ltr'><strong>pe;</strong></span> <span class='ocrx_word' id='word_1_14' title='bbox 1197 691 1482 766; x_wconf 84' lang='grc' dir='ltr'>Ἐλυπήθη</span> <span class='ocrx_word' id='word_1_15' title='bbox 1534 697 1562 754; x_wconf 82' lang='grc' dir='ltr'><strong>ὃ</strong></span> <span class='ocrx_word' id='word_1_16' title='bbox 1614 693 1850 776; x_wconf 69' lang='grc' dir='ltr'>Πέτρος,</span> <span class='ocrx_word' id='word_1_17' title='bbox 1901 695 1983 755; x_wconf 74' lang='grc' dir='ltr'><strong>ὅτι</strong></span> 
     </span>
    </p>
   </div>
   <div class='ocr_carea' id='block_1_5' title="bbox 2093 689 3700 776">
    <p class='ocr_par' dir='ltr' id='par_1_5' title="bbox 2093 691 3700 774">
     <span class='ocr_line' id='line_1_5' title="bbox 2093 691 3700 774; baseline 0.006 -24"><span class='ocrx_word' id='word_1_18' title='bbox 2093 695 2309 764; x_wconf 84' lang='lat' dir='ltr'><strong>Petrus,</strong></span> <span class='ocrx_word' id='word_1_19' title='bbox 2340 693 2489 766; x_wconf 92' lang='lat' dir='ltr'><strong>quod</strong></span> <span class='ocrx_word' id='word_1_20' title='bbox 2509 691 2740 749; x_wconf 85' lang='lat' dir='ltr'><strong>dixisset</strong></span> <span class='ocrx_word' id='word_1_21' title='bbox 2758 691 2860 750; x_wconf 85' lang='lat' dir='ltr'><strong>sibi</strong></span> <span class='ocrx_word' id='word_1_22' title='bbox 2888 693 3076 762; x_wconf 91' lang='lat' dir='ltr'><strong>tertio,</strong></span> <span class='ocrx_word' id='word_1_23' title='bbox 3104 697 3274 752; x_wconf 83' lang='lat' dir='ltr'><strong>Amas</strong></span> <span class='ocrx_word' id='word_1_24' title='bbox 3295 698 3424 754; x_wconf 84' lang='lat' dir='ltr'><strong>me?</strong></span> <span class='ocrx_word' id='word_1_25' title='bbox 3453 698 3700 774; x_wconf 86' lang='lat' dir='ltr'><strong>dixitque</strong></span> 
     </span>
    </p>
   </div>
   <div class='ocr_carea' id='block_1_6' title="bbox 370 768 1984 865">
    <p class='ocr_par' dir='ltr' id='par_1_6' title="bbox 370 768 1984 865">
     <span class='ocr_line' id='line_1_6' title="bbox 370 768 1984 865; baseline 0.002 -26"><span class='ocrx_word' id='word_1_26' title='bbox 370 768 525 840; x_wconf 69' lang='grc' dir='ltr'>εἶπεν</span> <span class='ocrx_word' id='word_1_27' title='bbox 577 781 722 861; x_wconf 77' lang='grc' dir='ltr'>αὐτῷ</span> <span class='ocrx_word' id='word_1_28' title='bbox 752 779 811 839; x_wconf 79' lang='grc' dir='ltr'>τὸ</span> <span class='ocrx_word' id='word_1_29' title='bbox 860 780 1059 860; x_wconf 90' lang='grc' dir='ltr'>τρίτον·</span> <span class='ocrx_word' id='word_1_30' title='bbox 1108 784 1299 851; x_wconf 87' lang='grc' dir='ltr'>Φιλεῖς</span> <span class='ocrx_word' id='word_1_31' title='bbox 1352 809 1451 860; x_wconf 83' lang='grc' dir='ltr'>με;</span> <span class='ocrx_word' id='word_1_32' title='bbox 1507 787 1598 842; x_wconf 83' lang='grc' dir='ltr'><strong>καὶ</strong></span> <span class='ocrx_word' id='word_1_33' title='bbox 1647 775 1792 845; x_wconf 66' lang='grc' dir='ltr'>εἶπεν</span> <span class='ocrx_word' id='word_1_34' title='bbox 1822 785 1984 865; x_wconf 72' lang='grc' dir='ltr'>αὐτῷ’</span> 
     </span>
    </p>
   </div>
   <div class='ocr_carea' id='block_1_7' title="bbox 373 862 1982 957">
    <p class='ocr_par' dir='ltr' id='par_1_7' title="bbox 373 862 1982 957">
     <span class='ocr_line' id='line_1_7' title="bbox 373 862 1982 957; baseline 0.003 -25"><span class='ocrx_word' id='word_1_35' title='bbox 373 870 583 949; x_wconf 78' lang='grc' dir='ltr'>Κύριε,</span> <span class='ocrx_word' id='word_1_36' title='bbox 634 870 698 929; x_wconf 80' lang='grc' dir='ltr'><strong>σὺ</strong></span> <span class='ocrx_word' id='word_1_37' title='bbox 729 870 908 931; x_wconf 88' lang='grc' dir='ltr'>πάντα</span> <span class='ocrx_word' id='word_1_38' title='bbox 957 862 1128 945; x_wconf 70' lang='grc' dir='ltr'>οἶδας,</span> <span class='ocrx_word' id='word_1_39' title='bbox 1181 872 1245 933; x_wconf 78' lang='grc' dir='ltr'><strong>σὺ</strong></span> <span class='ocrx_word' id='word_1_40' title='bbox 1274 873 1579 953; x_wconf 81' lang='grc' dir='ltr'>γινώσκεις,</span> <span class='ocrx_word' id='word_1_41' title='bbox 1628 875 1707 934; x_wconf 82' lang='grc' dir='ltr'>ὅτι</span> <span class='ocrx_word' id='word_1_42' title='bbox 1737 878 1875 957; x_wconf 89' lang='grc' dir='ltr'>φιλῶ</span> <span class='ocrx_word' id='word_1_43' title='bbox 1905 862 1982 937; x_wconf 78' lang='grc' dir='ltr'><strong>σε.</strong></span> 
     </span>
    </p>
   </div>
   <div class='ocr_carea' id='block_1_8' title="bbox 373 960 1979 1046">
    <p class='ocr_par' dir='ltr' id='par_1_8' title="bbox 373 960 1979 1046">
     <span class='ocr_line' id='line_1_8' title="bbox 373 960 1979 1046; baseline 0.001 -24"><span class='ocrx_word' id='word_1_44' title='bbox 373 960 540 1038; x_wconf 75' lang='grc' dir='ltr'>Λέγει</span> <span class='ocrx_word' id='word_1_45' title='bbox 567 962 713 1041; x_wconf 78' lang='grc' dir='ltr'>αὐτῷ</span> <span class='ocrx_word' id='word_1_46' title='bbox 738 964 764 1020; x_wconf 82' lang='grc' dir='ltr'><em>ὃ</em></span> <span class='ocrx_word' id='word_1_47' title='bbox 785 960 1223 1046; x_wconf 16' lang='grc' dir='ltr'>Ἰησοῦςοῗῦόσκε</span> <span class='ocrx_word' id='word_1_48' title='bbox 1252 964 1318 1023; x_wconf 80' lang='grc' dir='ltr'>τὰ</span> <span class='ocrx_word' id='word_1_49' title='bbox 1357 964 1607 1046; x_wconf 91' lang='grc' dir='ltr'>πρόϐατά</span> <span class='ocrx_word' id='word_1_50' title='bbox 1633 988 1760 1042; x_wconf 86' lang='grc' dir='ltr'>μου.</span> <span class='ocrx_word' id='word_1_51' title='bbox 1790 966 1979 1044; x_wconf 76' lang='grc' dir='ltr'>Ἀμὴν,</span> 
     </span>
    </p>
   </div>
   <div class='ocr_carea' id='block_1_9' title="bbox 375 1045 1976 1136">
    <p class='ocr_par' dir='ltr' id='par_1_9' title="bbox 375 1045 1976 1136">
     <span class='ocr_line' id='line_1_9' title="bbox 375 1045 1976 1136; baseline 0.002 -26"><span class='ocrx_word' id='word_1_52' title='bbox 375 1053 524 1128; x_wconf 79' lang='grc' dir='ltr'>ἀμὴν</span> <span class='ocrx_word' id='word_1_53' title='bbox 568 1051 710 1131; x_wconf 83' lang='grc' dir='ltr'>λέγω</span> <span class='ocrx_word' id='word_1_54' title='bbox 736 1073 850 1129; x_wconf 83' lang='grc' dir='ltr'>σοι,</span> <span class='ocrx_word' id='word_1_55' title='bbox 890 1051 978 1112; x_wconf 76' lang='grc' dir='ltr'><strong>ὅτε</strong></span> <span class='ocrx_word' id='word_1_56' title='bbox 1019 1045 1081 1126; x_wconf 74' lang='grc' dir='ltr'><strong>ἧς</strong></span> <span class='ocrx_word' id='word_1_57' title='bbox 1122 1045 1412 1136; x_wconf 88' lang='grc' dir='ltr'>νεώτερος,</span> <span class='ocrx_word' id='word_1_58' title='bbox 1443 1054 1690 1126; x_wconf 81' lang='grc' dir='ltr'><strong>ἐζώννυες</strong></span> <span class='ocrx_word' id='word_1_59' title='bbox 1721 1057 1976 1128; x_wconf 87' lang='grc' dir='ltr'>σεαυτὸν,</span> 
     </span>
    </p>
   </div>
   <div class='ocr_carea' id='block_1_10' title="bbox 379 1140 1982 1225">
    <p class='ocr_par' dir='ltr' id='par_1_10' title="bbox 379 1140 1982 1225">
     <span class='ocr_line' id='line_1_10' title="bbox 379 1140 1982 1225; baseline 0.004 -26"><span class='ocrx_word' id='word_1_60' title='bbox 379 1141 474 1200; x_wconf 74' lang='grc' dir='ltr'>καὶ</span> <span class='ocrx_word' id='word_1_61' title='bbox 513 1140 855 1222; x_wconf 77' lang='grc' dir='ltr'><strong>περιεπάτεις</strong></span> <span class='ocrx_word' id='word_1_62' title='bbox 889 1141 1024 1203; x_wconf 78' lang='grc' dir='ltr'>ὅπου</span> <span class='ocrx_word' id='word_1_63' title='bbox 1067 1144 1287 1218; x_wconf 83' lang='grc' dir='ltr'>ἤθελες,</span> <span class='ocrx_word' id='word_1_64' title='bbox 1339 1144 1465 1204; x_wconf 74' lang='grc' dir='ltr'>ὅταν</span> <span class='ocrx_word' id='word_1_65' title='bbox 1502 1147 1558 1206; x_wconf 91' lang='grc' dir='ltr'><strong>δε</strong></span> <span class='ocrx_word' id='word_1_66' title='bbox 1588 1145 1860 1225; x_wconf 79' lang='grc' dir='ltr'><strong>γηράσῃς,</strong></span> <span class='ocrx_word' id='word_1_67' title='bbox 1890 1149 1982 1206; x_wconf 86' lang='grc' dir='ltr'>ἐκ-</span> 
     </span>
    </p>
   </div>
   <div class='ocr_carea' id='block_1_11' title="bbox 387 1229 1983 1311">
    <p class='ocr_par' dir='ltr' id='par_1_11' title="bbox 387 1229 1983 1311">
     <span class='ocr_line' id='line_1_11' title="bbox 387 1229 1983 1311; baseline 0.002 -21"><span class='ocrx_word' id='word_1_68' title='bbox 387 1239 544 1298; x_wconf 78' lang='grc' dir='ltr'>τενεῖς</span> <span class='ocrx_word' id='word_1_69' title='bbox 580 1229 676 1298; x_wconf 78' lang='grc' dir='ltr'>τᾶς</span> <span class='ocrx_word' id='word_1_70' title='bbox 713 1231 900 1311; x_wconf 87' lang='grc' dir='ltr'>χεῖράς</span> <span class='ocrx_word' id='word_1_71' title='bbox 932 1255 1057 1302; x_wconf 87' lang='grc' dir='ltr'>σου,</span> <span class='ocrx_word' id='word_1_72' title='bbox 1087 1233 1180 1294; x_wconf 77' lang='grc' dir='ltr'><strong>καὶ</strong></span> <span class='ocrx_word' id='word_1_73' title='bbox 1213 1234 1372 1302; x_wconf 82' lang='grc' dir='ltr'>ἄλλος</span> <span class='ocrx_word' id='word_1_74' title='bbox 1410 1259 1469 1295; x_wconf 90' lang='grc' dir='ltr'><strong>σε</strong></span> <span class='ocrx_word' id='word_1_75' title='bbox 1497 1237 1691 1306; x_wconf 82' lang='grc' dir='ltr'>ζώσει,</span> <span class='ocrx_word' id='word_1_76' title='bbox 1719 1234 1811 1294; x_wconf 83' lang='grc' dir='ltr'>καὶ</span> <span class='ocrx_word' id='word_1_77' title='bbox 1850 1236 1983 1296; x_wconf 86' lang='grc' dir='ltr'>οἴσει</span> 
     </span>
    </p>
   </div>
   <div class='ocr_carea' id='block_1_12' title="bbox 385 1315 1982 1407">
    <p class='ocr_par' dir='ltr' id='par_1_12' title="bbox 385 1315 1982 1407">
     <span class='ocr_line' id='line_1_12' title="bbox 385 1315 1982 1407; baseline 0.003 -27"><span class='ocrx_word' id='word_1_78' title='bbox 385 1321 513 1380; x_wconf 74' lang='grc' dir='ltr'>ὅπου</span> <span class='ocrx_word' id='word_1_79' title='bbox 542 1325 604 1381; x_wconf 79' lang='grc' dir='ltr'>οὗ</span> <span class='ocrx_word' id='word_1_80' title='bbox 631 1321 818 1390; x_wconf 77' lang='grc' dir='ltr'>θέλεις.</span> <span class='ocrx_word' id='word_1_81' title='bbox 848 1322 1022 1382; x_wconf 78' lang='grc' dir='ltr'>Τοῦτο</span> <span class='ocrx_word' id='word_1_82' title='bbox 1054 1323 1108 1382; x_wconf 78' lang='grc' dir='ltr'>δὲ</span> <span class='ocrx_word' id='word_1_83' title='bbox 1148 1315 1263 1383; x_wconf 69' lang='grc' dir='ltr'>εἷπε</span> <span class='ocrx_word' id='word_1_84' title='bbox 1286 1371 1302 1398; x_wconf 93' lang='grc'><strong>,</strong></span> <span class='ocrx_word' id='word_1_85' title='bbox 1337 1325 1616 1407; x_wconf 81' lang='grc' dir='ltr'>σημαίνων</span> <span class='ocrx_word' id='word_1_86' title='bbox 1647 1324 1784 1407; x_wconf 87' lang='grc' dir='ltr'>ποίῳ</span> <span class='ocrx_word' id='word_1_87' title='bbox 1818 1325 1982 1385; x_wconf 86' lang='grc' dir='ltr'>θανά-</span> 
     </span>
    </p>
   </div>
   <div class='ocr_carea' id='block_1_13' title="bbox 376 1406 1986 1498">
    <p class='ocr_par' dir='ltr' id='par_1_13' title="bbox 376 1406 1986 1498">
     <span class='ocr_line' id='line_1_13' title="bbox 376 1406 1986 1498; baseline 0.002 -28"><span class='ocrx_word' id='word_1_88' title='bbox 376 1435 456 1492; x_wconf 82' lang='grc' dir='ltr'><strong>τῳ</strong></span> <span class='ocrx_word' id='word_1_89' title='bbox 497 1410 705 1480; x_wconf 80' lang='grc' dir='ltr'>δοξάσει</span> <span class='ocrx_word' id='word_1_90' title='bbox 739 1411 828 1471; x_wconf 79' lang='grc' dir='ltr'><strong>τὸν</strong></span> <span class='ocrx_word' id='word_1_91' title='bbox 856 1411 1018 1476; x_wconf 87' lang='grc' dir='ltr'>Θεόν.</span> <span class='ocrx_word' id='word_1_92' title='bbox 1047 1441 1071 1466; x_wconf 76' lang='grc' dir='ltr'>ιο</span> <span class='ocrx_word' id='word_1_93' title='bbox 1108 1413 1333 1488; x_wconf 82' lang='grc' dir='ltr'>Ἐπειδὴ</span> <span class='ocrx_word' id='word_1_94' title='bbox 1378 1415 1526 1483; x_wconf 81' lang='grc' dir='ltr'>τέλος</span> <span class='ocrx_word' id='word_1_95' title='bbox 1569 1406 1708 1497; x_wconf 69' lang='grc' dir='ltr'>εἶχεν</span> <span class='ocrx_word' id='word_1_96' title='bbox 1742 1406 1888 1498; x_wconf 80' lang='grc' dir='ltr'>αὐτῷ</span> <span class='ocrx_word' id='word_1_97' title='bbox 1918 1415 1986 1474; x_wconf 80' lang='grc' dir='ltr'><strong>τὰ</strong></span> 
     </span>
    </p>
   </div>
   <div class='ocr_carea' id='block_1_14' title="bbox 375 1501 1986 1587">
    <p class='ocr_par' dir='ltr' id='par_1_14' title="bbox 375 1501 1986 1587">
     <span class='ocr_line' id='line_1_14' title="bbox 375 1501 1986 1587; baseline 0.003 -27"><span class='ocrx_word' id='word_1_98' title='bbox 375 1505 474 1560; x_wconf 76' lang='grc' dir='ltr'><strong>τοῦ</strong></span> <span class='ocrx_word' id='word_1_99' title='bbox 529 1501 785 1580; x_wconf 90' lang='grc' dir='ltr'>ἀρίστου,</span> <span class='ocrx_word' id='word_1_100' title='bbox 835 1503 912 1581; x_wconf 82' lang='grc' dir='ltr'><strong>τῷ</strong></span> <span class='ocrx_word' id='word_1_101' title='bbox 964 1505 1158 1585; x_wconf 85' lang='grc' dir='ltr'>Πέτρῳ</span> <span class='ocrx_word' id='word_1_102' title='bbox 1204 1503 1299 1576; x_wconf 82' lang='grc' dir='ltr'><strong>τὴν</strong></span> <span class='ocrx_word' id='word_1_103' title='bbox 1359 1505 1688 1587; x_wconf 81' lang='grc' dir='ltr'>προστασίαν</span> <span class='ocrx_word' id='word_1_104' title='bbox 1740 1509 1844 1565; x_wconf 85' lang='grc' dir='ltr'><strong>τῶν</strong></span> <span class='ocrx_word' id='word_1_105' title='bbox 1891 1510 1986 1577; x_wconf 79' lang='grc' dir='ltr'><strong>τῆς</strong></span> 
     </span>
    </p>
   </div>
   <div class='ocr_carea' id='block_1_15' title="bbox 374 1590 1986 1677">
    <p class='ocr_par' dir='ltr' id='par_1_15' title="bbox 374 1590 1986 1677">
     <span class='ocr_line' id='line_1_15' title="bbox 374 1590 1986 1677; baseline 0.002 -27"><span class='ocrx_word' id='word_1_106' title='bbox 374 1590 694 1669; x_wconf 76' lang='grc' dir='ltr'>οἰκουμένης</span> <span class='ocrx_word' id='word_1_107' title='bbox 746 1590 1033 1673; x_wconf 87' lang='grc' dir='ltr'>προϐάτων</span> <span class='ocrx_word' id='word_1_108' title='bbox 1072 1595 1368 1674; x_wconf 78' lang='grc' dir='ltr'>ἐγχειρίζει’</span> <span class='ocrx_word' id='word_1_109' title='bbox 1401 1597 1498 1654; x_wconf 84' lang='grc' dir='ltr'><strong>οὐκ</strong></span> <span class='ocrx_word' id='word_1_110' title='bbox 1529 1596 1676 1677; x_wconf 83' lang='grc' dir='ltr'>ἄλλῳ</span> <span class='ocrx_word' id='word_1_111' title='bbox 1706 1597 1800 1671; x_wconf 84' lang='grc' dir='ltr'>δὲ,</span> <span class='ocrx_word' id='word_1_112' title='bbox 1845 1597 1986 1655; x_wconf 86' lang='grc' dir='ltr'>ἀλλὰ</span> 
     </span>
    </p>
   </div>
   <div class='ocr_carea' id='block_1_16' title="bbox 374 1679 1987 1764">
    <p class='ocr_par' dir='ltr' id='par_1_16' title="bbox 374 1679 1987 1764">
     <span class='ocr_line' id='line_1_16' title="bbox 374 1679 1987 1764; baseline 0.004 -25"><span class='ocrx_word' id='word_1_113' title='bbox 374 1679 556 1762; x_wconf 80' lang='grc' dir='ltr'>τούτῳ</span> <span class='ocrx_word' id='word_1_114' title='bbox 595 1680 797 1752; x_wconf 91' lang='grc' dir='ltr'>ταύτην</span> <span class='ocrx_word' id='word_1_115' title='bbox 840 1682 1026 1741; x_wconf 85' lang='grc' dir='ltr'>δίδωσι</span> <span class='ocrx_word' id='word_1_116' title='bbox 1047 1729 1063 1757; x_wconf 90' lang='grc'><strong>,</strong></span> <span class='ocrx_word' id='word_1_117' title='bbox 1096 1687 1308 1764; x_wconf 86' lang='grc' dir='ltr'>πρῶτον</span> <span class='ocrx_word' id='word_1_118' title='bbox 1354 1685 1485 1762; x_wconf 83' lang='grc' dir='ltr'>μὲν,</span> <span class='ocrx_word' id='word_1_119' title='bbox 1535 1685 1617 1745; x_wconf 78' lang='grc' dir='ltr'>ὅτι</span> <span class='ocrx_word' id='word_1_120' title='bbox 1649 1686 1863 1745; x_wconf 86' lang='grc' dir='ltr'>πάντων</span> <span class='ocrx_word' id='word_1_121' title='bbox 1895 1685 1987 1746; x_wconf 83' lang='grc' dir='ltr'>ἔκ-</span> 
     </span>
    </p>
   </div>
   <div class='ocr_carea' id='block_1_17' title="bbox 378 1772 1987 1854">
    <p class='ocr_par' dir='ltr' id='par_1_17' title="bbox 378 1772 1987 1854">
     <span class='ocr_line' id='line_1_17' title="bbox 378 1772 1987 1854; baseline 0.003 -23"><span class='ocrx_word' id='word_1_122' title='bbox 378 1794 597 1849; x_wconf 84' lang='grc' dir='ltr'>κριτος,</span> <span class='ocrx_word' id='word_1_123' title='bbox 621 1773 716 1832; x_wconf 76' lang='grc' dir='ltr'>καὶ</span> <span class='ocrx_word' id='word_1_124' title='bbox 763 1772 938 1850; x_wconf 83' lang='grc' dir='ltr'>στόμα</span> <span class='ocrx_word' id='word_1_125' title='bbox 967 1779 1058 1833; x_wconf 76' lang='grc' dir='ltr'><strong>τοῦ</strong></span> <span class='ocrx_word' id='word_1_126' title='bbox 1100 1780 1262 1854; x_wconf 73' lang='grc' dir='ltr'>χοροῦ</span> <span class='ocrx_word' id='word_1_127' title='bbox 1294 1775 1506 1844; x_wconf 88' lang='grc' dir='ltr'>παντός·</span> <span class='ocrx_word' id='word_1_128' title='bbox 1546 1776 1732 1837; x_wconf 86' lang='grc' dir='ltr'>ἔπειτα</span> <span class='ocrx_word' id='word_1_129' title='bbox 1781 1775 1987 1845; x_wconf 78' lang='grc' dir='ltr'>δεικνὺς</span> 
     </span>
    </p>
   </div>
   <div class='ocr_carea' id='block_1_18' title="bbox 377 1862 1987 1947">
    <p class='ocr_par' dir='ltr' id='par_1_18' title="bbox 377 1862 1987 1947">
     <span class='ocr_line' id='line_1_18' title="bbox 377 1862 1987 1947; baseline 0.004 -27"><span class='ocrx_word' id='word_1_130' title='bbox 377 1862 561 1940; x_wconf 69' lang='grc' dir='ltr'>αὐτῷ,</span> <span class='ocrx_word' id='word_1_131' title='bbox 613 1862 694 1923; x_wconf 74' lang='grc' dir='ltr'><strong>ὅτι</strong></span> <span class='ocrx_word' id='word_1_132' title='bbox 724 1862 830 1944; x_wconf 82' lang='grc' dir='ltr'>χρὴ</span> <span class='ocrx_word' id='word_1_133' title='bbox 863 1866 1112 1947; x_wconf 80' lang='grc' dir='ltr'>θαῤῥεῖν,</span> <span class='ocrx_word' id='word_1_134' title='bbox 1167 1868 1236 1932; x_wconf 83' lang='grc' dir='ltr'>ὡς</span> <span class='ocrx_word' id='word_1_135' title='bbox 1278 1869 1373 1938; x_wconf 73' lang='grc' dir='ltr'><strong>τῆς</strong></span> <span class='ocrx_word' id='word_1_136' title='bbox 1419 1867 1694 1944; x_wconf 80' lang='grc' dir='ltr'>ἀρνήσεως</span> <span class='ocrx_word' id='word_1_137' title='bbox 1745 1868 1987 1945; x_wconf 81' lang='grc' dir='ltr'>ἐξειλημ-</span> 
     </span>
    </p>
   </div>
   <div class='ocr_carea' id='block_1_19' title="bbox 379 1951 2068 2065">
    <p class='ocr_par' dir='ltr' id='par_1_19' title="bbox 379 1951 2068 2065">
     <span class='ocr_line' id='line_1_19' title="bbox 379 1951 2068 2065; baseline 0.005 -56"><span class='ocrx_word' id='word_1_138' title='bbox 379 1951 549 2065; x_wconf 57' lang='grc' dir='ltr'>μένης</span> <span class='ocrx_word' id='word_1_139' title='bbox 596 1951 1200 2065; x_wconf 28' lang='grc' dir='ltr'>[ζ’ζὶέξῃλεέμμδοκκαὶ</span> <span class='ocrx_word' id='word_1_140' title='bbox 1229 1955 1331 2065; x_wconf 36' lang='grc' dir='ltr'>τηεν</span> <span class='ocrx_word' id='word_1_141' title='bbox 1358 1954 1457 2065; x_wconf 43' lang='grc' dir='ltr'>μὲν,</span> <span class='ocrx_word' id='word_1_142' title='bbox 1501 1957 1722 2037; x_wconf 80' lang='grc' dir='ltr'>ἄρνησιν</span> <span class='ocrx_word' id='word_1_143' title='bbox 1751 1959 1808 2017; x_wconf 78' lang='grc' dir='ltr'>οὗ</span> <span class='ocrx_word' id='word_1_144' title='bbox 1850 1982 1984 2038; x_wconf 86' lang='grc' dir='ltr'>προ·</span> <span class='ocrx_word' id='word_1_145' title='bbox 2018 2001 2068 2065; x_wconf 84' lang='grc' dir='ltr'><strong>Β</strong></span> 
     </span>
    </p>
   </div>
   <div class='ocr_carea' id='block_1_20' title="bbox 376 2041 1984 2128">
    <p class='ocr_par' dir='ltr' id='par_1_20' title="bbox 376 2041 1984 2128">
     <span class='ocr_line' id='line_1_20' title="bbox 376 2041 1984 2128; baseline 0.006 -30"><span class='ocrx_word' id='word_1_146' title='bbox 376 2041 558 2128; x_wconf 76' lang='grc' dir='ltr'>φέρει,</span> <span class='ocrx_word' id='word_1_147' title='bbox 609 2042 726 2101; x_wconf 81' lang='grc' dir='ltr'>οὐδὲ</span> <span class='ocrx_word' id='word_1_148' title='bbox 776 2044 1032 2114; x_wconf 82' lang='grc' dir='ltr'>ὀνειδίζει·</span> <span class='ocrx_word' id='word_1_149' title='bbox 1082 2043 1225 2124; x_wconf 82' lang='grc' dir='ltr'>λέγει</span> <span class='ocrx_word' id='word_1_150' title='bbox 1280 2045 1367 2122; x_wconf 87' lang='grc' dir='ltr'>δὲ,</span> <span class='ocrx_word' id='word_1_151' title='bbox 1424 2046 1506 2107; x_wconf 78' lang='grc' dir='ltr'>δ’τι</span> <span class='ocrx_word' id='word_1_152' title='bbox 1560 2049 1627 2106; x_wconf 82' lang='grc' dir='ltr'>Εἰ</span> <span class='ocrx_word' id='word_1_153' title='bbox 1663 2050 1828 2128; x_wconf 82' lang='grc' dir='ltr'>φιλεῖς</span> <span class='ocrx_word' id='word_1_154' title='bbox 1880 2073 1984 2126; x_wconf 86' lang='grc' dir='ltr'><strong>με,</strong></span> 
     </span>
    </p>
   </div>
   <div class='ocr_carea' id='block_1_21' title="bbox 375 2126 1985 2218">
    <p class='ocr_par' dir='ltr' id='par_1_21' title="bbox 375 2126 1985 2218">
     <span class='ocr_line' id='line_1_21' title="bbox 375 2126 1985 2218; baseline 0.005 -29"><span class='ocrx_word' id='word_1_155' title='bbox 375 2126 680 2211; x_wconf 80' lang='grc' dir='ltr'>προίστασο</span> <span class='ocrx_word' id='word_1_156' title='bbox 707 2135 813 2192; x_wconf 87' lang='grc' dir='ltr'><strong>τῶν</strong></span> <span class='ocrx_word' id='word_1_157' title='bbox 859 2135 1135 2216; x_wconf 83' lang='grc' dir='ltr'>ἀδελφῶν,</span> <span class='ocrx_word' id='word_1_158' title='bbox 1189 2135 1279 2194; x_wconf 79' lang='grc' dir='ltr'><strong>καὶ</strong></span> <span class='ocrx_word' id='word_1_159' title='bbox 1327 2134 1421 2209; x_wconf 79' lang='grc' dir='ltr'><strong>τὴν</strong></span> <span class='ocrx_word' id='word_1_160' title='bbox 1477 2126 1682 2218; x_wconf 79' lang='grc' dir='ltr'>θερμὴν</span> <span class='ocrx_word' id='word_1_161' title='bbox 1734 2138 1985 2215; x_wconf 87' lang='grc' dir='ltr'>ἀγάπην,</span> 
     </span>
    </p>
   </div>
   <div class='ocr_carea' id='block_1_22' title="bbox 377 2222 1988 2308">
    <p class='ocr_par' dir='ltr' id='par_1_22' title="bbox 377 2222 1988 2308">
     <span class='ocr_line' id='line_1_22' title="bbox 377 2222 1988 2308; baseline 0.006 -30"><span class='ocrx_word' id='word_1_162' title='bbox 377 2223 445 2296; x_wconf 72' lang='grc' dir='ltr'>ἣν</span> <span class='ocrx_word' id='word_1_163' title='bbox 511 2222 687 2301; x_wconf 79' lang='grc' dir='ltr'>ἔλεγες</span> <span class='ocrx_word' id='word_1_164' title='bbox 742 2223 883 2304; x_wconf 78' lang='grc' dir='ltr'>ἔχειν</span> <span class='ocrx_word' id='word_1_165' title='bbox 956 2225 1086 2308; x_wconf 87' lang='grc' dir='ltr'>πρός</span> <span class='ocrx_word' id='word_1_166' title='bbox 1136 2249 1241 2303; x_wconf 89' lang='grc' dir='ltr'><strong>με,</strong></span> <span class='ocrx_word' id='word_1_167' title='bbox 1296 2225 1435 2286; x_wconf 80' lang='grc' dir='ltr'>ὥστε</span> <span class='ocrx_word' id='word_1_168' title='bbox 1495 2227 1988 2308; x_wconf 78' lang='grc' dir='ltr'>ὓπεραποθνήσκειν</span> 
     </span>
    </p>
   </div>
   <div class='ocr_carea' id='block_1_23' title="bbox 378 2313 1988 2398">
    <p class='ocr_par' dir='ltr' id='par_1_23' title="bbox 378 2313 1988 2398">
     <span class='ocr_line' id='line_1_23' title="bbox 378 2313 1988 2398; baseline 0.004 -27"><span class='ocrx_word' id='word_1_169' title='bbox 378 2335 520 2390; x_wconf 81' lang='grc' dir='ltr'>μου,</span> <span class='ocrx_word' id='word_1_170' title='bbox 571 2317 662 2371; x_wconf 79' lang='grc' dir='ltr'><strong>νῦν</strong></span> <span class='ocrx_word' id='word_1_171' title='bbox 696 2313 884 2382; x_wconf 80' lang='grc' dir='ltr'>δεῖξον.</span> <span class='ocrx_word' id='word_1_172' title='bbox 940 2313 1162 2396; x_wconf 83' lang='grc' dir='ltr'>Ἐρωτᾷ</span> <span class='ocrx_word' id='word_1_173' title='bbox 1212 2315 1266 2374; x_wconf 84' lang='grc' dir='ltr'>δὲ</span> <span class='ocrx_word' id='word_1_174' title='bbox 1300 2315 1457 2376; x_wconf 79' lang='grc' dir='ltr'>αὐτὸν</span> <span class='ocrx_word' id='word_1_175' title='bbox 1507 2318 1568 2376; x_wconf 82' lang='grc' dir='ltr'><strong>ἐκ</strong></span> <span class='ocrx_word' id='word_1_176' title='bbox 1615 2317 1827 2398; x_wconf 86' lang='grc' dir='ltr'>τρίτου,</span> <span class='ocrx_word' id='word_1_177' title='bbox 1873 2318 1988 2397; x_wconf 79' lang='grc' dir='ltr'><strong>ἅμα</strong></span> 
     </span>
    </p>
   </div>
   <div class='ocr_carea' id='block_1_24' title="bbox 379 2401 1984 2488">
    <p class='ocr_par' dir='ltr' id='par_1_24' title="bbox 379 2401 1984 2488">
     <span class='ocr_line' id='line_1_24' title="bbox 379 2401 1984 2488; baseline 0.005 -27"><span class='ocrx_word' id='word_1_178' title='bbox 379 2402 484 2477; x_wconf 77' lang='grc' dir='ltr'>μὲν</span> <span class='ocrx_word' id='word_1_179' title='bbox 514 2401 719 2470; x_wconf 80' lang='grc' dir='ltr'>δεικνὺς</span> <span class='ocrx_word' id='word_1_180' title='bbox 743 2403 873 2478; x_wconf 76' lang='grc' dir='ltr'>ὅσην</span> <span class='ocrx_word' id='word_1_181' title='bbox 905 2406 1136 2464; x_wconf 90' lang='grc' dir='ltr'>ποιεῖται</span> <span class='ocrx_word' id='word_1_182' title='bbox 1166 2407 1415 2488; x_wconf 78' lang='grc' dir='ltr'>φροντίδα</span> <span class='ocrx_word' id='word_1_183' title='bbox 1449 2410 1556 2465; x_wconf 88' lang='grc' dir='ltr'><strong>τῶν</strong></span> <span class='ocrx_word' id='word_1_184' title='bbox 1599 2407 1984 2482; x_wconf 82' lang='grc' dir='ltr'>πιστευόντων,</span> 
     </span>
    </p>
   </div>
   <div class='ocr_carea' id='block_1_25' title="bbox 375 2490 1987 2577">
    <p class='ocr_par' dir='ltr' id='par_1_25' title="bbox 375 2490 1987 2577">
     <span class='ocr_line' id='line_1_25' title="bbox 375 2490 1987 2577; baseline 0.004 -26"><span class='ocrx_word' id='word_1_185' title='bbox 375 2493 472 2551; x_wconf 88' lang='grc' dir='ltr'><strong>καὶ</strong></span> <span class='ocrx_word' id='word_1_186' title='bbox 505 2490 587 2551; x_wconf 77' lang='grc' dir='ltr'><strong>ὅτι</strong></span> <span class='ocrx_word' id='word_1_187' title='bbox 633 2499 880 2554; x_wconf 74' lang='grc' dir='ltr'>τοσοῦτον</span> <span class='ocrx_word' id='word_1_188' title='bbox 921 2497 1112 2576; x_wconf 80' lang='grc' dir='ltr'>ἀγαπᾷ</span> <span class='ocrx_word' id='word_1_189' title='bbox 1138 2496 1208 2556; x_wconf 84' lang='grc' dir='ltr'><strong>τὰ</strong></span> <span class='ocrx_word' id='word_1_190' title='bbox 1254 2495 1536 2577; x_wconf 84' lang='grc' dir='ltr'>πρόϐατα,</span> <span class='ocrx_word' id='word_1_191' title='bbox 1568 2496 1708 2556; x_wconf 82' lang='grc' dir='ltr'>ὥστε</span> <span class='ocrx_word' id='word_1_192' title='bbox 1751 2497 1844 2557; x_wconf 84' lang='grc' dir='ltr'><strong>καὶ</strong></span> <span class='ocrx_word' id='word_1_193' title='bbox 1892 2503 1987 2572; x_wconf 79' lang='grc' dir='ltr'><strong>τῆς</strong></span> 
     </span>
    </p>
   </div>
   <div class='ocr_carea' id='block_1_26' title="bbox 377 2581 1990 2669">
    <p class='ocr_par' dir='ltr' id='par_1_26' title="bbox 377 2581 1990 2669">
     <span class='ocr_line' id='line_1_26' title="bbox 377 2581 1990 2669; baseline 0.004 -28"><span class='ocrx_word' id='word_1_194' title='bbox 377 2586 457 2651; x_wconf 79' lang='grc' dir='ltr'>εἷς</span> <span class='ocrx_word' id='word_1_195' title='bbox 532 2581 692 2642; x_wconf 74' lang='grc' dir='ltr'>αὐτὸν</span> <span class='ocrx_word' id='word_1_196' title='bbox 767 2583 983 2663; x_wconf 84' lang='grc' dir='ltr'>ἀγάπης</span> <span class='ocrx_word' id='word_1_197' title='bbox 1031 2591 1189 2645; x_wconf 78' lang='grc' dir='ltr'>τοῦτο</span> <span class='ocrx_word' id='word_1_198' title='bbox 1262 2595 1490 2647; x_wconf 84' lang='grc' dir='ltr'>ποιεῖται</span> <span class='ocrx_word' id='word_1_199' title='bbox 1555 2587 1876 2669; x_wconf 85' lang='grc' dir='ltr'>τεκμήριον,</span> <span class='ocrx_word' id='word_1_200' title='bbox 1930 2589 1990 2648; x_wconf 85' lang='grc' dir='ltr'>τὸ</span> 
     </span>
    </p>
   </div>
   <div class='ocr_carea' id='block_1_27' title="bbox 375 2672 1992 2760">
    <p class='ocr_par' dir='ltr' id='par_1_27' title="bbox 375 2672 1992 2760">
     <span class='ocr_line' id='line_1_27' title="bbox 375 2672 1992 2760; baseline 0.004 -27"><span class='ocrx_word' id='word_1_201' title='bbox 375 2677 487 2733; x_wconf 83' lang='grc' dir='ltr'><strong>τῶν</strong></span> <span class='ocrx_word' id='word_1_202' title='bbox 543 2673 828 2754; x_wconf 81' lang='grc' dir='ltr'>προϐάτων</span> <span class='ocrx_word' id='word_1_203' title='bbox 892 2672 1264 2756; x_wconf 79' lang='grc' dir='ltr'>προΐστασθαιο</span> <span class='ocrx_word' id='word_1_204' title='bbox 1297 2677 1410 2755; x_wconf 81' lang='grc' dir='ltr'><strong>ἅμα</strong></span> <span class='ocrx_word' id='word_1_205' title='bbox 1471 2678 1524 2738; x_wconf 83' lang='grc' dir='ltr'>δὲ</span> <span class='ocrx_word' id='word_1_206' title='bbox 1569 2677 1660 2736; x_wconf 84' lang='grc' dir='ltr'><strong>καὶ</strong></span> <span class='ocrx_word' id='word_1_207' title='bbox 1714 2684 1789 2760; x_wconf 80' lang='grc' dir='ltr'><strong>τῷ</strong></span> <span class='ocrx_word' id='word_1_208' title='bbox 1844 2702 1992 2760; x_wconf 90' lang='grc' dir='ltr'>τρισ-</span> 
     </span>
    </p>
   </div>
   <div class='ocr_carea' id='block_1_28' title="bbox 376 2764 1992 2847">
    <p class='ocr_par' dir='ltr' id='par_1_28' title="bbox 376 2764 1992 2847">
     <span class='ocr_line' id='line_1_28' title="bbox 376 2764 1992 2847; baseline 0.003 -23"><span class='ocrx_word' id='word_1_209' title='bbox 376 2766 459 2844; x_wconf 79' lang='grc' dir='ltr'><strong>σῷ</strong></span> <span class='ocrx_word' id='word_1_210' title='bbox 515 2767 614 2835; x_wconf 75' lang='grc' dir='ltr'><strong>τῆς</strong></span> <span class='ocrx_word' id='word_1_211' title='bbox 662 2764 973 2846; x_wconf 75' lang='grc' dir='ltr'>ἐρωτήσεως</span> <span class='ocrx_word' id='word_1_212' title='bbox 1038 2765 1130 2824; x_wconf 83' lang='grc' dir='ltr'><strong>καὶ</strong></span> <span class='ocrx_word' id='word_1_213' title='bbox 1177 2766 1461 2846; x_wconf 79' lang='grc' dir='ltr'>ὁμολογίας</span> <span class='ocrx_word' id='word_1_214' title='bbox 1517 2766 1580 2826; x_wconf 80' lang='grc' dir='ltr'>τὸ</span> <span class='ocrx_word' id='word_1_215' title='bbox 1637 2769 1851 2847; x_wconf 86' lang='grc' dir='ltr'>τρισσὸν</span> <span class='ocrx_word' id='word_1_216' title='bbox 1897 2774 1992 2841; x_wconf 73' lang='grc' dir='ltr'><strong>τῆς</strong></span> 
     </span>
    </p>
   </div>
   <div class='ocr_carea' id='block_1_29' title="bbox 377 2855 1991 2938">
    <p class='ocr_par' dir='ltr' id='par_1_29' title="bbox 377 2855 1991 2938">
     <span class='ocr_line' id='line_1_29' title="bbox 377 2855 1991 2938; baseline 0.003 -25"><span class='ocrx_word' id='word_1_217' title='bbox 377 2855 655 2934; x_wconf 74' lang='grc' dir='ltr'>ἀρνήσεως</span> <span class='ocrx_word' id='word_1_218' title='bbox 715 2855 1031 2936; x_wconf 82' lang='grc' dir='ltr'>θεραπεύει,</span> <span class='ocrx_word' id='word_1_219' title='bbox 1087 2856 1180 2916; x_wconf 84' lang='grc' dir='ltr'><strong>καὶ</strong></span> <span class='ocrx_word' id='word_1_220' title='bbox 1235 2857 1410 2935; x_wconf 89' lang='grc' dir='ltr'>λόγοις</span> <span class='ocrx_word' id='word_1_221' title='bbox 1465 2859 1749 2938; x_wconf 76' lang='grc' dir='ltr'>ἐπανορθοῖ</span> <span class='ocrx_word' id='word_1_222' title='bbox 1802 2857 1870 2918; x_wconf 75' lang='grc' dir='ltr'><strong>τὰ</strong></span> <span class='ocrx_word' id='word_1_223' title='bbox 1904 2859 1991 2918; x_wconf 81' lang='grc' dir='ltr'><strong>διὰ</strong></span> 
     </span>
    </p>
   </div>
   <div class='ocr_carea' id='block_1_30' title="bbox 372 2944 1992 3026">
    <p class='ocr_par' dir='ltr' id='par_1_30' title="bbox 372 2944 1992 3026">
     <span class='ocr_line' id='line_1_30' title="bbox 372 2944 1992 3026; baseline 0.002 -21"><span class='ocrx_word' id='word_1_224' title='bbox 372 2946 534 3023; x_wconf 82' lang='grc' dir='ltr'>λόγου</span> <span class='ocrx_word' id='word_1_225' title='bbox 578 2944 838 3023; x_wconf 85' lang='grc' dir='ltr'>γενόμενα</span> <span class='ocrx_word' id='word_1_226' title='bbox 883 2945 1221 3024; x_wconf 86' lang='grc' dir='ltr'>πταίσματα.</span> <span class='ocrx_word' id='word_1_227' title='bbox 1277 2944 1441 3015; x_wconf 86' lang='grc' dir='ltr'>Ἕθος</span> <span class='ocrx_word' id='word_1_228' title='bbox 1491 2947 1702 3026; x_wconf 86' lang='grc' dir='ltr'>γέγονεν</span> <span class='ocrx_word' id='word_1_229' title='bbox 1765 2952 1825 3008; x_wconf 89' lang='grc' dir='ltr'><strong>ἐκ</strong></span> <span class='ocrx_word' id='word_1_230' title='bbox 1873 2949 1992 3010; x_wconf 89' lang='grc' dir='ltr'>τού-</span> 
     </span>
    </p>
   </div>
   <div class='ocr_carea' id='block_1_31' title="bbox 372 3035 1992 3116">
    <p class='ocr_par' dir='ltr' id='par_1_31' title="bbox 372 3035 1992 3116">
     <span class='ocr_line' id='line_1_31' title="bbox 372 3035 1992 3116; baseline 0.002 -22"><span class='ocrx_word' id='word_1_231' title='bbox 372 3059 509 3114; x_wconf 76' lang='grc' dir='ltr'>του,</span> <span class='ocrx_word' id='word_1_232' title='bbox 555 3038 700 3114; x_wconf 86' lang='grc' dir='ltr'>τρεῖς</span> <span class='ocrx_word' id='word_1_233' title='bbox 766 3035 1053 3115; x_wconf 83' lang='grc' dir='ltr'>ὁμολογίας</span> <span class='ocrx_word' id='word_1_234' title='bbox 1116 3039 1459 3098; x_wconf 87' lang='grc' dir='ltr'>ἀπαιτεῖσθαι</span> <span class='ocrx_word' id='word_1_235' title='bbox 1509 3037 1628 3105; x_wconf 79' lang='grc' dir='ltr'>τοὺς</span> <span class='ocrx_word' id='word_1_236' title='bbox 1700 3039 1992 3116; x_wconf 88' lang='grc' dir='ltr'>μέλλοντας</span> 
     </span>
    </p>
   </div>
   <div class='ocr_carea' id='block_1_32' title="bbox 374 3121 1990 3210">
    <p class='ocr_par' dir='ltr' id='par_1_32' title="bbox 374 3121 1990 3210">
     <span class='ocr_line' id='line_1_32' title="bbox 374 3121 1990 3210; baseline 0.002 -25"><span class='ocrx_word' id='word_1_237' title='bbox 374 3128 766 3206; x_wconf 81' lang='grc' dir='ltr'>βαπτισθῆναι.</span> <span class='ocrx_word' id='word_1_238' title='bbox 843 3128 1170 3209; x_wconf 78' lang='grc' dir='ltr'>Ἐρωτηθεὶς</span> <span class='ocrx_word' id='word_1_239' title='bbox 1230 3121 1322 3189; x_wconf 63' lang='grc' dir='ltr'><strong>οὖν</strong></span> <span class='ocrx_word' id='word_1_240' title='bbox 1372 3128 1515 3199; x_wconf 78' lang='grc' dir='ltr'>ἅπαξ</span> <span class='ocrx_word' id='word_1_241' title='bbox 1571 3129 1664 3188; x_wconf 75' lang='grc' dir='ltr'>καὶ</span> <span class='ocrx_word' id='word_1_242' title='bbox 1720 3129 1990 3210; x_wconf 87' lang='grc' dir='ltr'>δεύτερον,</span> 
     </span>
    </p>
   </div>
   <div class='ocr_carea' id='block_1_33' title="bbox 369 3216 1986 3302">
    <p class='ocr_par' dir='ltr' id='par_1_33' title="bbox 369 3216 1986 3302">
     <span class='ocr_line' id='line_1_33' title="bbox 369 3216 1986 3302; baseline 0.005 -28"><span class='ocrx_word' id='word_1_243' title='bbox 369 3216 533 3276; x_wconf 69' lang='grc' dir='ltr'>αὐτὸν</span> <span class='ocrx_word' id='word_1_244' title='bbox 564 3216 655 3275; x_wconf 80' lang='grc' dir='ltr'><strong>τὸν</strong></span> <span class='ocrx_word' id='word_1_245' title='bbox 709 3217 805 3285; x_wconf 79' lang='grc' dir='ltr'><strong>τὰς</strong></span> <span class='ocrx_word' id='word_1_246' title='bbox 838 3218 1064 3298; x_wconf 80' lang='grc' dir='ltr'>καρδίας</span> <span class='ocrx_word' id='word_1_247' title='bbox 1121 3218 1298 3278; x_wconf 83' lang='grc' dir='ltr'>εἰδότα</span> <span class='ocrx_word' id='word_1_248' title='bbox 1353 3220 1597 3302; x_wconf 87' lang='grc' dir='ltr'>μάρτυρα</span> <span class='ocrx_word' id='word_1_249' title='bbox 1637 3223 1986 3294; x_wconf 78' lang='grc' dir='ltr'>ἐπεκαλεῖτο,</span> 
     </span>
    </p>
   </div>
   <div class='ocr_carea' id='block_1_34' title="bbox 368 3307 1986 3391">
    <p class='ocr_par' dir='ltr' id='par_1_34' title="bbox 368 3307 1986 3391">
     <span class='ocr_line' id='line_1_34' title="bbox 368 3307 1986 3391; baseline 0.003 -27"><span class='ocrx_word' id='word_1_250' title='bbox 368 3307 469 3365; x_wconf 71' lang='grc' dir='ltr'><strong>οὐκ</strong></span> <span class='ocrx_word' id='word_1_251' title='bbox 528 3307 610 3367; x_wconf 76' lang='grc' dir='ltr'>ἔτι</span> <span class='ocrx_word' id='word_1_252' title='bbox 663 3308 1168 3382; x_wconf 84' lang='grc' dir='ltr'>αὐθαδειαζόμενος,</span> <span class='ocrx_word' id='word_1_253' title='bbox 1237 3308 1356 3368; x_wconf 79' lang='grc' dir='ltr'>οὐδὲ</span> <span class='ocrx_word' id='word_1_254' title='bbox 1427 3313 1707 3390; x_wconf 83' lang='grc' dir='ltr'>προπετῶς</span> <span class='ocrx_word' id='word_1_255' title='bbox 1764 3311 1986 3391; x_wconf 88' lang='grc' dir='ltr'>φθεγγό-</span> 
     </span>
    </p>
   </div>
   <div class='ocr_carea' id='block_1_35' title="bbox 370 3392 1980 3481">
    <p class='ocr_par' dir='ltr' id='par_1_35' title="bbox 370 3392 1980 3481">
     <span class='ocr_line' id='line_1_35' title="bbox 370 3392 1980 3481; baseline 0.004 -27"><span class='ocrx_word' id='word_1_256' title='bbox 370 3420 565 3472; x_wconf 84' lang='grc' dir='ltr'>μενος,</span> <span class='ocrx_word' id='word_1_257' title='bbox 597 3395 740 3457; x_wconf 74' lang='grc' dir='ltr'>ἀλλὰ</span> <span class='ocrx_word' id='word_1_258' title='bbox 767 3395 864 3474; x_wconf 79' lang='grc' dir='ltr'><strong>τὸ,</strong></span> <span class='ocrx_word' id='word_1_259' title='bbox 898 3419 931 3454; x_wconf 78' lang='grc' dir='ltr'><strong>α</strong></span> <span class='ocrx_word' id='word_1_260' title='bbox 964 3397 1043 3459; x_wconf 77' lang='grc' dir='ltr'>Σὺ</span> <span class='ocrx_word' id='word_1_261' title='bbox 1067 3392 1244 3474; x_wconf 72' lang='grc' dir='ltr'>οἶδας,</span> <span class='ocrx_word' id='word_1_262' title='bbox 1274 3421 1304 3458; x_wconf 82' lang='grc'><strong>)›</strong></span> <span class='ocrx_word' id='word_1_263' title='bbox 1357 3405 1635 3481; x_wconf 81' lang='grc' dir='ltr'>πανταχοῦ</span> <span class='ocrx_word' id='word_1_264' title='bbox 1665 3402 1980 3480; x_wconf 87' lang='grc' dir='ltr'>προστιθείς.</span> 
     </span>
    </p>
   </div>
   <div class='ocr_carea' id='block_1_36' title="bbox 369 3486 1984 3571">
    <p class='ocr_par' dir='ltr' id='par_1_36' title="bbox 369 3486 1984 3571">
     <span class='ocr_line' id='line_1_36' title="bbox 369 3486 1984 3571; baseline 0.002 -24"><span class='ocrx_word' id='word_1_265' title='bbox 369 3486 536 3547; x_wconf 69' lang='grc' dir='ltr'>Ἐπεὶ</span> <span class='ocrx_word' id='word_1_266' title='bbox 568 3487 660 3545; x_wconf 83' lang='grc' dir='ltr'>καὶ</span> <span class='ocrx_word' id='word_1_267' title='bbox 703 3487 880 3569; x_wconf 89' lang='grc' dir='ltr'>τρίτον</span> <span class='ocrx_word' id='word_1_268' title='bbox 923 3489 1213 3569; x_wconf 79' lang='grc' dir='ltr'>ἠρωτήθη,</span> <span class='ocrx_word' id='word_1_269' title='bbox 1239 3491 1532 3571; x_wconf 74' lang='grc' dir='ltr'><strong>ἐταράχθη⁸</strong></span> <span class='ocrx_word' id='word_1_270' title='bbox 1556 3495 1584 3549; x_wconf 81' lang='grc' dir='ltr'><strong>ὃ</strong></span> <span class='ocrx_word' id='word_1_271' title='bbox 1625 3489 1868 3570; x_wconf 81' lang='grc' dir='ltr'>Πέτρος,</span> <span class='ocrx_word' id='word_1_272' title='bbox 1907 3491 1984 3569; x_wconf 82' lang='grc' dir='ltr'><strong>μή</strong></span> 
     </span>
    </p>
   </div>
   <div class='ocr_carea' id='block_1_37' title="bbox 368 3575 1987 3662">
    <p class='ocr_par' dir='ltr' id='par_1_37' title="bbox 368 3575 1987 3662">
     <span class='ocr_line' id='line_1_37' title="bbox 368 3575 1987 3662; baseline 0.004 -27"><span class='ocrx_word' id='word_1_273' title='bbox 368 3600 509 3635; x_wconf 82' lang='grc' dir='ltr'>ποτε</span> <span class='ocrx_word' id='word_1_274' title='bbox 561 3575 713 3642; x_wconf 67' lang='grc' dir='ltr'>αὐτὸς</span> <span class='ocrx_word' id='word_1_275' title='bbox 767 3577 866 3655; x_wconf 80' lang='grc' dir='ltr'>μὲν</span> <span class='ocrx_word' id='word_1_276' title='bbox 926 3578 1116 3660; x_wconf 85' lang='grc' dir='ltr'>νομίζῃ</span> <span class='ocrx_word' id='word_1_277' title='bbox 1165 3583 1367 3660; x_wconf 85' lang='grc' dir='ltr'>φιλεῖν,</span> <span class='ocrx_word' id='word_1_278' title='bbox 1428 3582 1488 3640; x_wconf 82' lang='grc' dir='ltr'>οὔ</span> <span class='ocrx_word' id='word_1_279' title='bbox 1537 3583 1679 3662; x_wconf 87' lang='grc' dir='ltr'>φιλεῖ</span> <span class='ocrx_word' id='word_1_280' title='bbox 1729 3581 1817 3640; x_wconf 78' lang='grc' dir='ltr'><strong>δέ·</strong></span> <span class='ocrx_word' id='word_1_281' title='bbox 1869 3582 1987 3642; x_wconf 78' lang='grc' dir='ltr'>ἐπεὶ</span> 
     </span>
    </p>
   </div>
   <div class='ocr_carea' id='block_1_38' title="bbox 375 3665 1980 3752">
    <p class='ocr_par' dir='ltr' id='par_1_38' title="bbox 375 3665 1980 3752">
     <span class='ocr_line' id='line_1_38' title="bbox 375 3665 1980 3752; baseline 0.006 -28"><span class='ocrx_word' id='word_1_282' title='bbox 375 3666 477 3724; x_wconf 66' lang='grc' dir='ltr'>καὶ</span> <span class='ocrx_word' id='word_1_283' title='bbox 529 3665 774 3744; x_wconf 84' lang='grc' dir='ltr'>πρότερον</span> <span class='ocrx_word' id='word_1_284' title='bbox 821 3669 1002 3728; x_wconf 76' lang='grc' dir='ltr'>πολλὰ</span> <span class='ocrx_word' id='word_1_285' title='bbox 1050 3671 1276 3747; x_wconf 87' lang='grc' dir='ltr'>νομίζων</span> <span class='ocrx_word' id='word_1_286' title='bbox 1335 3673 1428 3729; x_wconf 78' lang='grc' dir='ltr'><strong>καὶ</strong></span> <span class='ocrx_word' id='word_1_287' title='bbox 1483 3672 1980 3752; x_wconf 84' lang='grc' dir='ltr'>διισχυριζόμενος,</span> 
     </span>
    </p>
   </div>
   <div class='ocr_carea' id='block_1_39' title="bbox 381 3755 1986 3844">
    <p class='ocr_par' dir='ltr' id='par_1_39' title="bbox 381 3755 1986 3844">
     <span class='ocr_line' id='line_1_39' title="bbox 381 3755 1986 3844; baseline 0.006 -32"><span class='ocrx_word' id='word_1_288' title='bbox 381 3755 649 3835; x_wconf 54' lang='lat' dir='ltr'><strong>ili-asto</strong></span> <span class='ocrx_word' id='word_1_289' title='bbox 681 3755 924 3839; x_wconf 79' lang='grc' dir='ltr'>ὕστερον,</span> <span class='ocrx_word' id='word_1_290' title='bbox 955 3765 1112 3820; x_wconf 76' lang='grc' dir='ltr'>τοῦτο</span> <span class='ocrx_word' id='word_1_291' title='bbox 1142 3759 1207 3832; x_wconf 80' lang='grc' dir='ltr'><strong>δὴ</strong></span> <span class='ocrx_word' id='word_1_292' title='bbox 1240 3761 1338 3819; x_wconf 77' lang='grc' dir='ltr'>καὶ</span> <span class='ocrx_word' id='word_1_293' title='bbox 1367 3765 1456 3820; x_wconf 77' lang='grc' dir='ltr'><strong>νῦν</strong></span> <span class='ocrx_word' id='word_1_294' title='bbox 1494 3761 1749 3844; x_wconf 55' lang='grc' dir='ltr'>ἐφοϐήθη</span> <span class='ocrx_word' id='word_1_295' title='bbox 1790 3761 1870 3820; x_wconf 81' lang='grc' dir='ltr'><strong>διὸ</strong></span> <span class='ocrx_word' id='word_1_296' title='bbox 1893 3762 1986 3822; x_wconf 88' lang='grc' dir='ltr'><strong>καὶ</strong></span> 
     </span>
    </p>
   </div>
   <div class='ocr_carea' id='block_1_40' title="bbox 383 3842 1985 3932">
    <p class='ocr_par' dir='ltr' id='par_1_40' title="bbox 383 3842 1985 3932">
     <span class='ocr_line' id='line_1_40' title="bbox 383 3842 1985 3932; baseline 0.004 -28"><span class='ocrx_word' id='word_1_297' title='bbox 383 3844 622 3912; x_wconf 74' lang='grc' dir='ltr'>εὖλαϐῶς</span> <span class='ocrx_word' id='word_1_298' title='bbox 652 3847 1012 3928; x_wconf 87' lang='grc' dir='ltr'>ἀποκρίνεται·</span> <span class='ocrx_word' id='word_1_299' title='bbox 1045 3875 1070 3902; x_wconf 70' lang='grc' dir='ltr'><strong>α</strong></span> <span class='ocrx_word' id='word_1_300' title='bbox 1099 3849 1260 3932; x_wconf 88' lang='grc' dir='ltr'>Κύριε</span> <span class='ocrx_word' id='word_1_301' title='bbox 1279 3896 1296 3927; x_wconf 90' lang='grc'><strong>,</strong></span> <span class='ocrx_word' id='word_1_302' title='bbox 1325 3849 1390 3910; x_wconf 79' lang='grc' dir='ltr'><strong>σὺ</strong></span> <span class='ocrx_word' id='word_1_303' title='bbox 1423 3842 1601 3910; x_wconf 78' lang='grc' dir='ltr'>πάντα</span> <span class='ocrx_word' id='word_1_304' title='bbox 1639 3842 1804 3931; x_wconf 72' lang='grc' dir='ltr'>οἶδας,</span> <span class='ocrx_word' id='word_1_305' title='bbox 1836 3881 1862 3906; x_wconf 72' lang='grc' dir='ltr'><strong>ι</strong></span> <span class='ocrx_word' id='word_1_306' title='bbox 1891 3853 1985 3912; x_wconf 81' lang='grc' dir='ltr'>καὶ</span> 
     </span>
    </p>
   </div>
   <div class='ocr_carea' id='block_1_41' title="bbox 381 3933 1983 4024">
    <p class='ocr_par' dir='ltr' id='par_1_41' title="bbox 381 3933 1983 4024">
     <span class='ocr_line' id='line_1_41' title="bbox 381 3933 1983 4024; baseline 0.006 -31"><span class='ocrx_word' id='word_1_307' title='bbox 381 3935 450 3994; x_wconf 83' lang='grc' dir='ltr'><strong>τὰ</strong></span> <span class='ocrx_word' id='word_1_308' title='bbox 477 3937 731 4016; x_wconf 81' lang='grc' dir='ltr'>παρόντα,</span> <span class='ocrx_word' id='word_1_309' title='bbox 752 3939 845 3998; x_wconf 78' lang='grc' dir='ltr'>καὶ</span> <span class='ocrx_word' id='word_1_310' title='bbox 873 3939 943 3998; x_wconf 72' lang='grc' dir='ltr'><strong>τὰ</strong></span> <span class='ocrx_word' id='word_1_311' title='bbox 965 3936 1255 4017; x_wconf 78' lang='grc' dir='ltr'>μέλλοντα,</span> <span class='ocrx_word' id='word_1_312' title='bbox 1283 3969 1304 3994; x_wconf 78' lang='grc' dir='ltr'><strong>ι</strong></span> <span class='ocrx_word' id='word_1_313' title='bbox 1327 3941 1391 3999; x_wconf 78' lang='grc' dir='ltr'><strong>σὺ</strong></span> <span class='ocrx_word' id='word_1_314' title='bbox 1420 3933 1586 4017; x_wconf 70' lang='grc' dir='ltr'>οἶδας,</span> <span class='ocrx_word' id='word_1_315' title='bbox 1611 3944 1692 4002; x_wconf 76' lang='grc' dir='ltr'>ὅτι</span> <span class='ocrx_word' id='word_1_316' title='bbox 1715 3945 1852 4024; x_wconf 86' lang='grc' dir='ltr'>φιλῶ</span> <span class='ocrx_word' id='word_1_317' title='bbox 1875 3967 1934 4002; x_wconf 91' lang='grc' dir='ltr'><strong>σε</strong></span> <span class='ocrx_word' id='word_1_318' title='bbox 1959 3969 1983 3994; x_wconf 72' lang='grc' dir='ltr'><strong>ιι</strong></span> 
     </span>
    </p>
   </div>
   <div class='ocr_carea' id='block_1_42' title="bbox 375 4027 1982 4110">
    <p class='ocr_par' dir='ltr' id='par_1_42' title="bbox 375 4027 1982 4110">
     <span class='ocr_line' id='line_1_42' title="bbox 375 4027 1982 4110; baseline 0.004 -26"><span class='ocrx_word' id='word_1_319' title='bbox 375 4030 500 4099; x_wconf 73' lang='grc' dir='ltr'>νῦν,</span> <span class='ocrx_word' id='word_1_320' title='bbox 532 4029 606 4095; x_wconf 83' lang='grc' dir='ltr'><strong>ὡς</strong></span> <span class='ocrx_word' id='word_1_321' title='bbox 639 4027 759 4107; x_wconf 81' lang='grc' dir='ltr'>ἐμοὶ</span> <span class='ocrx_word' id='word_1_322' title='bbox 794 4028 1060 4110; x_wconf 87' lang='grc' dir='ltr'>φαίνεται.</span> <span class='ocrx_word' id='word_1_323' title='bbox 1139 4033 1206 4092; x_wconf 76' lang='grc' dir='ltr'>Εἰ</span> <span class='ocrx_word' id='word_1_324' title='bbox 1261 4030 1318 4091; x_wconf 81' lang='grc' dir='ltr'>δὲ</span> <span class='ocrx_word' id='word_1_325' title='bbox 1367 4033 1460 4091; x_wconf 81' lang='grc' dir='ltr'><strong>καὶ</strong></span> <span class='ocrx_word' id='word_1_326' title='bbox 1500 4036 1552 4100; x_wconf 89' lang='grc' dir='ltr'><strong>ἐς</strong></span> <span class='ocrx_word' id='word_1_327' title='bbox 1583 4032 1644 4092; x_wconf 82' lang='grc' dir='ltr'>τὸ</span> <span class='ocrx_word' id='word_1_328' title='bbox 1694 4031 1982 4110; x_wconf 84' lang='grc' dir='ltr'>μετέπειτα</span> 
     </span>
    </p>
   </div>
   <div class='ocr_carea' id='block_1_43' title="bbox 370 4113 1982 4202">
    <p class='ocr_par' dir='ltr' id='par_1_43' title="bbox 370 4113 1982 4202">
     <span class='ocr_line' id='line_1_43' title="bbox 370 4113 1982 4202; baseline 0.006 -28"><span class='ocrx_word' id='word_1_329' title='bbox 370 4125 676 4196; x_wconf 82' lang='grc' dir='ltr'>παραμενεῖ</span> <span class='ocrx_word' id='word_1_330' title='bbox 709 4123 743 4190; x_wconf 83' lang='grc' dir='ltr'>ἡ</span> <span class='ocrx_word' id='word_1_331' title='bbox 788 4118 978 4196; x_wconf 79' lang='grc' dir='ltr'>φιλία,</span> <span class='ocrx_word' id='word_1_332' title='bbox 1034 4119 1126 4178; x_wconf 82' lang='grc' dir='ltr'><strong>καὶ</strong></span> <span class='ocrx_word' id='word_1_333' title='bbox 1167 4125 1328 4181; x_wconf 75' lang='grc' dir='ltr'>τοῦτο</span> <span class='ocrx_word' id='word_1_334' title='bbox 1378 4121 1443 4181; x_wconf 74' lang='grc' dir='ltr'><strong>σὺ</strong></span> <span class='ocrx_word' id='word_1_335' title='bbox 1487 4113 1664 4195; x_wconf 67' lang='grc' dir='ltr'>οἶδας,</span> <span class='ocrx_word' id='word_1_336' title='bbox 1697 4121 1803 4202; x_wconf 88' lang='grc' dir='ltr'><strong>ἐγὼ</strong></span> <span class='ocrx_word' id='word_1_337' title='bbox 1860 4122 1982 4202; x_wconf 86' lang='grc' dir='ltr'>περὶ</span> 
     </span>
    </p>
   </div>
   <div class='ocr_carea' id='block_1_44' title="bbox 365 4208 1982 4294">
    <p class='ocr_par' dir='ltr' id='par_1_44' title="bbox 365 4208 1982 4294">
     <span class='ocr_line' id='line_1_44' title="bbox 365 4208 1982 4294; baseline 0.003 -28"><span class='ocrx_word' id='word_1_338' title='bbox 365 4208 610 4284; x_wconf 70' lang='grc' dir='ltr'>ἐμαυτοῦ</span> <span class='ocrx_word' id='word_1_339' title='bbox 653 4209 752 4268; x_wconf 77' lang='grc' dir='ltr'><strong>οὒκ</strong></span> <span class='ocrx_word' id='word_1_340' title='bbox 797 4208 1104 4287; x_wconf 86' lang='grc' dir='ltr'>ἐνίσταμαι.</span> <span class='ocrx_word' id='word_1_341' title='bbox 1157 4210 1346 4272; x_wconf 82' lang='grc' dir='ltr'>Εἰπὼν</span> <span class='ocrx_word' id='word_1_342' title='bbox 1391 4211 1447 4270; x_wconf 79' lang='grc' dir='ltr'>δὲ</span> <span class='ocrx_word' id='word_1_343' title='bbox 1500 4215 1528 4270; x_wconf 84' lang='grc' dir='ltr'>ὁ</span> <span class='ocrx_word' id='word_1_344' title='bbox 1581 4211 1782 4294; x_wconf 86' lang='grc' dir='ltr'>Κύριος</span> <span class='ocrx_word' id='word_1_345' title='bbox 1835 4213 1982 4294; x_wconf 86' lang='grc' dir='ltr'><strong>αὖτῷ</strong></span> 
     </span>
    </p>
   </div>
   <div class='ocr_carea' id='block_1_45' title="bbox 361 4297 1983 4383">
    <p class='ocr_par' dir='ltr' id='par_1_45' title="bbox 361 4297 1983 4383">
     <span class='ocr_line' id='line_1_45' title="bbox 361 4297 1983 4383; baseline 0.003 -27"><span class='ocrx_word' id='word_1_346' title='bbox 361 4298 493 4376; x_wconf 79' lang='grc' dir='ltr'>περὶ</span> <span class='ocrx_word' id='word_1_347' title='bbox 522 4301 620 4368; x_wconf 76' lang='grc' dir='ltr'><strong>τῆς</strong></span> <span class='ocrx_word' id='word_1_348' title='bbox 651 4301 725 4364; x_wconf 86' lang='grc' dir='ltr'><strong>εἰς</strong></span> <span class='ocrx_word' id='word_1_349' title='bbox 755 4297 915 4358; x_wconf 78' lang='grc' dir='ltr'>αὐτὸν</span> <span class='ocrx_word' id='word_1_350' title='bbox 945 4300 1188 4374; x_wconf 84' lang='grc' dir='ltr'>ἀγάπης,</span> <span class='ocrx_word' id='word_1_351' title='bbox 1233 4301 1582 4383; x_wconf 80' lang='grc' dir='ltr'>προαγορεύει</span> <span class='ocrx_word' id='word_1_352' title='bbox 1615 4304 1760 4382; x_wconf 76' lang='grc' dir='ltr'>αὐτῷ</span> <span class='ocrx_word' id='word_1_353' title='bbox 1792 4302 1883 4361; x_wconf 77' lang='grc' dir='ltr'>καὶ</span> <span class='ocrx_word' id='word_1_354' title='bbox 1921 4303 1983 4362; x_wconf 83' lang='grc' dir='ltr'><strong>τὸ</strong></span> 
     </span>
    </p>
   </div>
   <div class='ocr_carea' id='block_1_46' title="bbox 367 4386 1978 4472">
    <p class='ocr_par' dir='ltr' id='par_1_46' title="bbox 367 4386 1978 4472">
     <span class='ocr_line' id='line_1_46' title="bbox 367 4386 1978 4472; baseline 0.002 -26"><span class='ocrx_word' id='word_1_355' title='bbox 367 4386 701 4468; x_wconf 80' lang='grc' dir='ltr'>μαρτύριον,</span> <span class='ocrx_word' id='word_1_356' title='bbox 728 4387 858 4469; x_wconf 63' lang='grc' dir='ltr'>ὅπερ</span> <span class='ocrx_word' id='word_1_357' title='bbox 889 4387 1112 4467; x_wconf 81' lang='grc' dir='ltr'>ἔμελλεν</span> <span class='ocrx_word' id='word_1_358' title='bbox 1149 4390 1458 4469; x_wconf 72' lang='grc' dir='ltr'>ὑπομένειν.</span> <span class='ocrx_word' id='word_1_359' title='bbox 1489 4391 1651 4472; x_wconf 85' lang='grc' dir='ltr'>Λέγει</span> <span class='ocrx_word' id='word_1_360' title='bbox 1699 4390 1754 4451; x_wconf 84' lang='grc' dir='ltr'>δὲ</span> <span class='ocrx_word' id='word_1_361' title='bbox 1785 4401 1942 4454; x_wconf 78' lang='grc' dir='ltr'>τοῦτο</span> <span class='ocrx_word' id='word_1_362' title='bbox 1961 4437 1978 4466; x_wconf 88' lang='grc'><strong>,</strong></span> 
     </span>
    </p>
   </div>
   <div class='ocr_carea' id='block_1_47' title="bbox 363 4476 1982 4565">
    <p class='ocr_par' dir='ltr' id='par_1_47' title="bbox 363 4476 1982 4565">
     <span class='ocr_line' id='line_1_47' title="bbox 363 4476 1982 4565; baseline 0.003 -30"><span class='ocrx_word' id='word_1_363' title='bbox 363 4476 624 4536; x_wconf 79' lang='grc' dir='ltr'>δεικνύων</span> <span class='ocrx_word' id='word_1_364' title='bbox 665 4478 752 4539; x_wconf 79' lang='grc' dir='ltr'><strong>διὰ</strong></span> <span class='ocrx_word' id='word_1_365' title='bbox 780 4477 1010 4554; x_wconf 89' lang='grc' dir='ltr'>τούτου,</span> <span class='ocrx_word' id='word_1_366' title='bbox 1042 4477 1124 4540; x_wconf 79' lang='grc' dir='ltr'><strong>ὅτι</strong></span> <span class='ocrx_word' id='word_1_367' title='bbox 1163 4481 1255 4541; x_wconf 80' lang='grc' dir='ltr'><strong>καὶ</strong></span> <span class='ocrx_word' id='word_1_368' title='bbox 1297 4487 1452 4542; x_wconf 78' lang='grc' dir='ltr'>τοῦτο</span> <span class='ocrx_word' id='word_1_369' title='bbox 1499 4481 1632 4562; x_wconf 80' lang='grc' dir='ltr'>ὅπερ</span> <span class='ocrx_word' id='word_1_370' title='bbox 1679 4484 1857 4565; x_wconf 80' lang='grc' dir='ltr'>ἐρωτᾷ</span> <span class='ocrx_word' id='word_1_371' title='bbox 1889 4483 1982 4540; x_wconf 83' lang='grc' dir='ltr'><strong>αὖ·</strong></span> 
     </span>
    </p>
   </div>
   <div class='ocr_carea' id='block_1_48' title="bbox 2092 783 3698 860">
    <p class='ocr_par' dir='ltr' id='par_1_48' title="bbox 2092 783 3698 860">
     <span class='ocr_line' id='line_1_48' title="bbox 2092 783 3698 860; baseline 0.006 -20"><span class='ocrx_word' id='word_1_372' title='bbox 2092 784 2139 841; x_wconf 92' lang='lat' dir='ltr'><strong>ei</strong></span> <span class='ocrx_word' id='word_1_373' title='bbox 2167 803 2180 840; x_wconf 90' lang='lat'><strong>:</strong></span> <span class='ocrx_word' id='word_1_374' title='bbox 2221 785 2474 852; x_wconf 86' lang='lat' dir='ltr'><strong>Domine,</strong></span> <span class='ocrx_word' id='word_1_375' title='bbox 2504 791 2564 840; x_wconf 95' lang='lat' dir='ltr'><strong>tu</strong></span> <span class='ocrx_word' id='word_1_376' title='bbox 2593 783 2783 840; x_wconf 85' lang='lat' dir='ltr'><strong>omnia</strong></span> <span class='ocrx_word' id='word_1_377' title='bbox 2805 783 2974 853; x_wconf 87' lang='lat' dir='ltr'><strong>nosti,</strong></span> <span class='ocrx_word' id='word_1_378' title='bbox 3007 792 3071 840; x_wconf 90' lang='lat' dir='ltr'><strong>tu</strong></span> <span class='ocrx_word' id='word_1_379' title='bbox 3093 786 3203 842; x_wconf 89' lang='lat' dir='ltr'><strong>scis</strong></span> <span class='ocrx_word' id='word_1_380' title='bbox 3227 787 3378 860; x_wconf 93' lang='lat' dir='ltr'><strong>quod</strong></span> <span class='ocrx_word' id='word_1_381' title='bbox 3401 803 3584 846; x_wconf 90' lang='lat' dir='ltr'><strong>amem</strong></span> <span class='ocrx_word' id='word_1_382' title='bbox 3620 799 3698 849; x_wconf 91' lang='lat' dir='ltr'><strong>te.</strong></span> 
     </span>
    </p>
   </div>
   <div class='ocr_carea' id='block_1_49' title="bbox 2090 875 3701 948">
    <p class='ocr_par' dir='ltr' id='par_1_49' title="bbox 2090 875 3701 948">
     <span class='ocr_line' id='line_1_49' title="bbox 2090 875 3701 948; baseline 0.005 -18"><span class='ocrx_word' id='word_1_383' title='bbox 2090 875 2237 931; x_wconf 81' lang='lat' dir='ltr'><strong>Dicit</strong></span> <span class='ocrx_word' id='word_1_384' title='bbox 2264 875 2312 931; x_wconf 90' lang='lat' dir='ltr'><strong>ei</strong></span> <span class='ocrx_word' id='word_1_385' title='bbox 2336 877 2537 931; x_wconf 87' lang='lat' dir='ltr'><strong>Jesus:</strong></span> <span class='ocrx_word' id='word_1_386' title='bbox 2574 879 2739 931; x_wconf 89' lang='lat' dir='ltr'><strong>Pasce</strong></span> <span class='ocrx_word' id='word_1_387' title='bbox 2765 891 2894 932; x_wconf 88' lang='lat' dir='ltr'><strong>oves</strong></span> <span class='ocrx_word' id='word_1_388' title='bbox 2930 891 3098 933; x_wconf 90' lang='lat' dir='ltr'><strong>meas.</strong></span> <span class='ocrx_word' id='word_1_389' title='bbox 3138 880 3342 948; x_wconf 79' lang='lat' dir='ltr'><strong>Amen,</strong></span> <span class='ocrx_word' id='word_1_390' title='bbox 3382 895 3545 936; x_wconf 90' lang='lat' dir='ltr'><strong>amen</strong></span> <span class='ocrx_word' id='word_1_391' title='bbox 3573 881 3701 939; x_wconf 90' lang='lat' dir='ltr'><strong>dico</strong></span> 
     </span>
    </p>
   </div>
   <div class='ocr_carea' id='block_1_50' title="bbox 2089 965 3700 1040">
    <p class='ocr_par' dir='ltr' id='par_1_50' title="bbox 2089 965 3700 1040">
     <span class='ocr_line' id='line_1_50' title="bbox 2089 965 3700 1040; baseline 0.004 -19"><span class='ocrx_word' id='word_1_392' title='bbox 2089 965 2212 1035; x_wconf 87' lang='lat' dir='ltr'><strong>tibi,</strong></span> <span class='ocrx_word' id='word_1_393' title='bbox 2257 982 2385 1022; x_wconf 92' lang='lat' dir='ltr'><strong>cum</strong></span> <span class='ocrx_word' id='word_1_394' title='bbox 2424 981 2573 1022; x_wconf 87' lang='lat' dir='ltr'><strong>esses</strong></span> <span class='ocrx_word' id='word_1_395' title='bbox 2609 965 2817 1039; x_wconf 89' lang='lat' dir='ltr'><strong>junior,</strong></span> <span class='ocrx_word' id='word_1_396' title='bbox 2866 966 3120 1040; x_wconf 89' lang='lat' dir='ltr'><strong>cingebas</strong></span> <span class='ocrx_word' id='word_1_397' title='bbox 3147 976 3222 1034; x_wconf 88' lang='lat' dir='ltr'><strong>te,</strong></span> <span class='ocrx_word' id='word_1_398' title='bbox 3271 977 3327 1024; x_wconf 88' lang='lat' dir='ltr'><strong>et</strong></span> <span class='ocrx_word' id='word_1_399' title='bbox 3375 971 3700 1029; x_wconf 89' lang='lat' dir='ltr'><strong>ambulabas</strong></span> 
     </span>
    </p>
   </div>
   <div class='ocr_carea' id='block_1_51' title="bbox 2090 1055 3704 1128">
    <p class='ocr_par' dir='ltr' id='par_1_51' title="bbox 2090 1055 3704 1128">
     <span class='ocr_line' id='line_1_51' title="bbox 2090 1055 3704 1128; baseline 0.005 -17"><span class='ocrx_word' id='word_1_400' title='bbox 2090 1071 2199 1128; x_wconf 93' lang='lat' dir='ltr'><strong>quo</strong></span> <span class='ocrx_word' id='word_1_401' title='bbox 2232 1055 2449 1113; x_wconf 88' lang='lat' dir='ltr'><strong>volebas</strong></span> <span class='ocrx_word' id='word_1_402' title='bbox 2482 1073 2496 1112; x_wconf 89' lang='lat'><strong>:</strong></span> <span class='ocrx_word' id='word_1_403' title='bbox 2541 1072 2672 1113; x_wconf 89' lang='lat' dir='ltr'><strong>cum</strong></span> <span class='ocrx_word' id='word_1_404' title='bbox 2702 1065 2889 1112; x_wconf 89' lang='lat' dir='ltr'><strong>autem</strong></span> <span class='ocrx_word' id='word_1_405' title='bbox 2917 1058 3184 1126; x_wconf 90' lang='lat' dir='ltr'><strong>senueris,</strong></span> <span class='ocrx_word' id='word_1_406' title='bbox 3213 1058 3476 1116; x_wconf 85' lang='lat' dir='ltr'><strong>extendes</strong></span> <span class='ocrx_word' id='word_1_407' title='bbox 3504 1077 3704 1119; x_wconf 87' lang='lat' dir='ltr'><strong>manus</strong></span> 
     </span>
    </p>
   </div>
   <div class='ocr_carea' id='block_1_52' title="bbox 2089 1146 3703 1221">
    <p class='ocr_par' dir='ltr' id='par_1_52' title="bbox 2089 1146 3703 1221">
     <span class='ocr_line' id='line_1_52' title="bbox 2089 1146 3703 1221; baseline 0.004 -20"><span class='ocrx_word' id='word_1_408' title='bbox 2089 1154 2236 1214; x_wconf 90' lang='lat' dir='ltr'><strong>tuas,</strong></span> <span class='ocrx_word' id='word_1_409' title='bbox 2266 1154 2320 1202; x_wconf 90' lang='lat' dir='ltr'><strong>et</strong></span> <span class='ocrx_word' id='word_1_410' title='bbox 2364 1146 2500 1202; x_wconf 90' lang='lat' dir='ltr'><strong>alius</strong></span> <span class='ocrx_word' id='word_1_411' title='bbox 2542 1153 2596 1202; x_wconf 86' lang='lat' dir='ltr'><strong>te</strong></span> <span class='ocrx_word' id='word_1_412' title='bbox 2634 1147 2837 1218; x_wconf 84' lang='lat' dir='ltr'><strong>cinget,</strong></span> <span class='ocrx_word' id='word_1_413' title='bbox 2884 1156 2940 1204; x_wconf 92' lang='lat' dir='ltr'><strong>et</strong></span> <span class='ocrx_word' id='word_1_414' title='bbox 2967 1147 3130 1204; x_wconf 90' lang='lat' dir='ltr'><strong>ducet</strong></span> <span class='ocrx_word' id='word_1_415' title='bbox 3155 1165 3264 1221; x_wconf 89' lang='lat' dir='ltr'><strong>quo</strong></span> <span class='ocrx_word' id='word_1_416' title='bbox 3294 1166 3408 1206; x_wconf 91' lang='lat' dir='ltr'><strong>non</strong></span> <span class='ocrx_word' id='word_1_417' title='bbox 3438 1151 3541 1207; x_wconf 91' lang='lat' dir='ltr'><strong>vis.</strong></span> <span class='ocrx_word' id='word_1_418' title='bbox 3579 1151 3703 1208; x_wconf 88' lang='lat' dir='ltr'><strong>Hoc</strong></span> 
     </span>
    </p>
   </div>
   <div class='ocr_carea' id='block_1_53' title="bbox 2089 1235 3699 1312">
    <p class='ocr_par' dir='ltr' id='par_1_53' title="bbox 2089 1235 3699 1312">
     <span class='ocr_line' id='line_1_53' title="bbox 2089 1235 3699 1312; baseline 0.004 -20"><span class='ocrx_word' id='word_1_419' title='bbox 2089 1245 2277 1293; x_wconf 90' lang='lat' dir='ltr'><strong>autem</strong></span> <span class='ocrx_word' id='word_1_420' title='bbox 2327 1235 2481 1304; x_wconf 87' lang='lat' dir='ltr'><strong>dixit,</strong></span> <span class='ocrx_word' id='word_1_421' title='bbox 2550 1236 2861 1308; x_wconf 88' lang='lat' dir='ltr'><strong>significans</strong></span> <span class='ocrx_word' id='word_1_422' title='bbox 2905 1253 3015 1310; x_wconf 90' lang='lat' dir='ltr'><strong>qua</strong></span> <span class='ocrx_word' id='word_1_423' title='bbox 3065 1247 3245 1295; x_wconf 89' lang='lat' dir='ltr'><strong>morte</strong></span> <span class='ocrx_word' id='word_1_424' title='bbox 3292 1239 3699 1312; x_wconf 86' lang='lat' dir='ltr'><strong>gloriﬁcaturus</strong></span> 
     </span>
    </p>
   </div>
   <div class='ocr_carea' id='block_1_54' title="bbox 2091 1325 3699 1400">
    <p class='ocr_par' dir='ltr' id='par_1_54' title="bbox 2091 1325 3699 1400">
     <span class='ocr_line' id='line_1_54' title="bbox 2091 1325 3699 1400; baseline 0.003 -18"><span class='ocrx_word' id='word_1_425' title='bbox 2091 1335 2236 1382; x_wconf 88' lang='lat' dir='ltr'><strong>esset</strong></span> <span class='ocrx_word' id='word_1_426' title='bbox 2260 1329 2466 1382; x_wconf 89' lang='lat' dir='ltr'><strong>Deum.</strong></span> <span class='ocrx_word' id='word_1_427' title='bbox 2503 1349 2528 1374; x_wconf 73' lang='grc' dir='ltr'><strong>υ</strong></span> <span class='ocrx_word' id='word_1_428' title='bbox 2557 1327 2700 1382; x_wconf 90' lang='lat' dir='ltr'><strong>Cum</strong></span> <span class='ocrx_word' id='word_1_429' title='bbox 2731 1325 2940 1398; x_wconf 85' lang='lat' dir='ltr'><strong>prandii</strong></span> <span class='ocrx_word' id='word_1_430' title='bbox 2967 1325 3138 1382; x_wconf 86' lang='lat' dir='ltr'><strong>ﬁnem</strong></span> <span class='ocrx_word' id='word_1_431' title='bbox 3179 1328 3294 1399; x_wconf 90' lang='lat' dir='ltr'><strong>ipse</strong></span> <span class='ocrx_word' id='word_1_432' title='bbox 3323 1327 3562 1400; x_wconf 83' lang='lat' dir='ltr'><strong>fecisset,</strong></span> <span class='ocrx_word' id='word_1_433' title='bbox 3613 1339 3699 1387; x_wconf 91' lang='lat' dir='ltr'><strong>to-</strong></span> 
     </span>
    </p>
   </div>
   <div class='ocr_carea' id='block_1_55' title="bbox 2091 1414 3696 1487">
    <p class='ocr_par' dir='ltr' id='par_1_55' title="bbox 2091 1414 3696 1487">
     <span class='ocr_line' id='line_1_55' title="bbox 2091 1414 3696 1487; baseline 0.004 -17"><span class='ocrx_word' id='word_1_434' title='bbox 2091 1415 2200 1472; x_wconf 90' lang='lat' dir='ltr'><strong>tius</strong></span> <span class='ocrx_word' id='word_1_435' title='bbox 2219 1415 2370 1472; x_wconf 86' lang='lat' dir='ltr'><strong>orbis</strong></span> <span class='ocrx_word' id='word_1_436' title='bbox 2387 1415 2574 1472; x_wconf 91' lang='lat' dir='ltr'><strong>ovium</strong></span> <span class='ocrx_word' id='word_1_437' title='bbox 2597 1414 2990 1487; x_wconf 72' lang='lat' dir='ltr'><strong>praefecturam</strong></span> <span class='ocrx_word' id='word_1_438' title='bbox 3021 1419 3185 1472; x_wconf 85' lang='lat' dir='ltr'><strong>Petro</strong></span> <span class='ocrx_word' id='word_1_439' title='bbox 3220 1418 3521 1475; x_wconf 86' lang='lat' dir='ltr'><strong>committit</strong></span> <span class='ocrx_word' id='word_1_440' title='bbox 3545 1438 3558 1476; x_wconf 93' lang='lat'>:</span> <span class='ocrx_word' id='word_1_441' title='bbox 3583 1437 3696 1477; x_wconf 87' lang='lat' dir='ltr'><strong>non</strong></span> 
     </span>
    </p>
   </div>
   <div class='ocr_carea' id='block_1_56' title="bbox 2094 1505 3700 1583">
    <p class='ocr_par' dir='ltr' id='par_1_56' title="bbox 2094 1505 3700 1583">
     <span class='ocr_line' id='line_1_56' title="bbox 2094 1505 3700 1583; baseline 0.003 -21"><span class='ocrx_word' id='word_1_442' title='bbox 2094 1514 2281 1562; x_wconf 91' lang='lat' dir='ltr'><strong>autem</strong></span> <span class='ocrx_word' id='word_1_443' title='bbox 2329 1506 2441 1574; x_wconf 87' lang='lat' dir='ltr'><strong>alii,</strong></span> <span class='ocrx_word' id='word_1_444' title='bbox 2487 1505 2584 1562; x_wconf 90' lang='lat' dir='ltr'><strong>sed</strong></span> <span class='ocrx_word' id='word_1_445' title='bbox 2625 1506 2752 1562; x_wconf 88' lang='lat' dir='ltr'><strong>huic</strong></span> <span class='ocrx_word' id='word_1_446' title='bbox 2793 1505 2986 1574; x_wconf 81' lang='lat' dir='ltr'><strong>tradit,</strong></span> <span class='ocrx_word' id='word_1_447' title='bbox 3017 1507 3257 1578; x_wconf 91' lang='lat' dir='ltr'><strong>primum</strong></span> <span class='ocrx_word' id='word_1_448' title='bbox 3299 1509 3527 1581; x_wconf 89' lang='lat' dir='ltr'><strong>quidem</strong></span> <span class='ocrx_word' id='word_1_449' title='bbox 3569 1512 3700 1583; x_wconf 87' lang='lat' dir='ltr'><strong>quia</strong></span> 
     </span>
    </p>
   </div>
   <div class='ocr_carea' id='block_1_57' title="bbox 2093 1597 3706 1672">
    <p class='ocr_par' dir='ltr' id='par_1_57' title="bbox 2093 1597 3706 1672">
     <span class='ocr_line' id='line_1_57' title="bbox 2093 1597 3706 1672; baseline 0.004 -21"><span class='ocrx_word' id='word_1_450' title='bbox 2093 1611 2292 1651; x_wconf 87' lang='lat' dir='ltr'><strong>omnes</strong></span> <span class='ocrx_word' id='word_1_451' title='bbox 2338 1597 2699 1668; x_wconf 70' lang='lat' dir='ltr'><strong>praecellebat,</strong></span> <span class='ocrx_word' id='word_1_452' title='bbox 2742 1605 2798 1652; x_wconf 92' lang='lat' dir='ltr'><strong>et</strong></span> <span class='ocrx_word' id='word_1_453' title='bbox 2825 1597 2993 1653; x_wconf 88' lang='lat' dir='ltr'><strong>totius</strong></span> <span class='ocrx_word' id='word_1_454' title='bbox 3038 1606 3214 1654; x_wconf 71' lang='lat' dir='ltr'><strong>coetus</strong></span> <span class='ocrx_word' id='word_1_455' title='bbox 3241 1613 3305 1654; x_wconf 90' lang='lat' dir='ltr'><strong>os</strong></span> <span class='ocrx_word' id='word_1_456' title='bbox 3332 1607 3448 1655; x_wconf 92' lang='lat' dir='ltr'><strong>erat</strong></span> <span class='ocrx_word' id='word_1_457' title='bbox 3458 1619 3476 1672; x_wconf 82' lang='lat'><strong>;</strong></span> <span class='ocrx_word' id='word_1_458' title='bbox 3505 1599 3706 1659; x_wconf 90' lang='lat' dir='ltr'><strong>deinde</strong></span> 
     </span>
    </p>
   </div>
   <div class='ocr_carea' id='block_1_58' title="bbox 2094 1684 3702 1763">
    <p class='ocr_par' dir='ltr' id='par_1_58' title="bbox 2094 1684 3702 1763">
     <span class='ocr_line' id='line_1_58' title="bbox 2094 1684 3702 1763; baseline 0.004 -22"><span class='ocrx_word' id='word_1_459' title='bbox 2094 1684 2392 1742; x_wconf 89' lang='lat' dir='ltr'><strong>ostendens</strong></span> <span class='ocrx_word' id='word_1_460' title='bbox 2421 1685 2545 1758; x_wconf 91' lang='lat' dir='ltr'><strong>ipsi,</strong></span> <span class='ocrx_word' id='word_1_461' title='bbox 2586 1685 2852 1742; x_wconf 87' lang='lat' dir='ltr'><strong>fiduciam</strong></span> <span class='ocrx_word' id='word_1_462' title='bbox 2883 1702 3002 1742; x_wconf 91' lang='lat' dir='ltr'><strong>esse</strong></span> <span class='ocrx_word' id='word_1_463' title='bbox 3030 1687 3382 1754; x_wconf 86' lang='lat' dir='ltr'><strong>sumendam,</strong></span> <span class='ocrx_word' id='word_1_464' title='bbox 3413 1691 3702 1763; x_wconf 80' lang='lat' dir='ltr'><strong>negatione</strong></span> 
     </span>
    </p>
   </div>
   <div class='ocr_carea' id='block_1_59' title="bbox 2094 1774 3703 1852">
    <p class='ocr_par' dir='ltr' id='par_1_59' title="bbox 2094 1774 3703 1852">
     <span class='ocr_line' id='line_1_59' title="bbox 2094 1774 3703 1852; baseline 0.004 -22"><span class='ocrx_word' id='word_1_465' title='bbox 2094 1775 2243 1830; x_wconf 89' lang='lat' dir='ltr'><strong>velut</strong></span> <span class='ocrx_word' id='word_1_466' title='bbox 2264 1774 2464 1843; x_wconf 91' lang='lat' dir='ltr'><strong>deleta,</strong></span> <span class='ocrx_word' id='word_1_467' title='bbox 2495 1783 2550 1830; x_wconf 90' lang='lat' dir='ltr'><strong>et</strong></span> <span class='ocrx_word' id='word_1_468' title='bbox 2574 1775 2832 1830; x_wconf 88' lang='lat' dir='ltr'><strong>oblivioni</strong></span> <span class='ocrx_word' id='word_1_469' title='bbox 2862 1774 3090 1843; x_wconf 89' lang='lat' dir='ltr'><strong>tradita;</strong></span> <span class='ocrx_word' id='word_1_470' title='bbox 3122 1785 3176 1832; x_wconf 86' lang='lat' dir='ltr'><strong>et</strong></span> <span class='ocrx_word' id='word_1_471' title='bbox 3202 1779 3557 1850; x_wconf 86' lang='lat' dir='ltr'><strong>negationem</strong></span> <span class='ocrx_word' id='word_1_472' title='bbox 3585 1781 3703 1852; x_wconf 90' lang='lat' dir='ltr'><strong>qui-</strong></span> 
     </span>
    </p>
   </div>
   <div class='ocr_carea' id='block_1_60' title="bbox 2094 1864 3704 1938">
    <p class='ocr_par' dir='ltr' id='par_1_60' title="bbox 2094 1864 3704 1938">
     <span class='ocr_line' id='line_1_60' title="bbox 2094 1864 3704 1938; baseline 0.005 -18"><span class='ocrx_word' id='word_1_473' title='bbox 2094 1864 2221 1920; x_wconf 88' lang='lat' dir='ltr'><strong>dem</strong></span> <span class='ocrx_word' id='word_1_474' title='bbox 2265 1881 2377 1921; x_wconf 89' lang='lat' dir='ltr'><strong>nou</strong></span> <span class='ocrx_word' id='word_1_475' title='bbox 2439 1865 2669 1938; x_wconf 85' lang='lat' dir='ltr'><strong>profert,</strong></span> <span class='ocrx_word' id='word_1_476' title='bbox 2721 1881 2898 1936; x_wconf 89' lang='lat' dir='ltr'><strong>neque</strong></span> <span class='ocrx_word' id='word_1_477' title='bbox 2943 1866 3260 1937; x_wconf 85' lang='lat' dir='ltr'><strong>exprobrat,</strong></span> <span class='ocrx_word' id='word_1_478' title='bbox 3307 1869 3402 1925; x_wconf 90' lang='lat' dir='ltr'><strong>sed</strong></span> <span class='ocrx_word' id='word_1_479' title='bbox 3445 1869 3594 1938; x_wconf 89' lang='lat' dir='ltr'><strong>dicit,</strong></span> <span class='ocrx_word' id='word_1_480' title='bbox 3647 1873 3704 1928; x_wconf 93' lang='lat' dir='ltr'><strong>Si</strong></span> 
     </span>
    </p>
   </div>
   <div class='ocr_carea' id='block_1_61' title="bbox 2104 1953 3704 2028">
    <p class='ocr_par' dir='ltr' id='par_1_61' title="bbox 2104 1953 3704 2028">
     <span class='ocr_line' id='line_1_61' title="bbox 2104 1953 3704 2028; baseline 0.007 -23"><span class='ocrx_word' id='word_1_481' title='bbox 2104 1973 2131 2005; x_wconf 85' lang='grc'><em>‹‹</em></span> <span class='ocrx_word' id='word_1_482' title='bbox 2161 1955 2336 2026; x_wconf 88' lang='lat' dir='ltr'><strong>diligis</strong></span> <span class='ocrx_word' id='word_1_483' title='bbox 2382 1970 2492 2021; x_wconf 92' lang='lat' dir='ltr'><strong>me,</strong></span> <span class='ocrx_word' id='word_1_484' title='bbox 2527 1977 2554 2006; x_wconf 75' lang='grc' dir='ltr'>υ</span> <span class='ocrx_word' id='word_1_485' title='bbox 2585 1953 2818 2011; x_wconf 86' lang='lat' dir='ltr'><strong>fratrum</strong></span> <span class='ocrx_word' id='word_1_486' title='bbox 2857 1971 3052 2011; x_wconf 90' lang='lat' dir='ltr'><strong>curam</strong></span> <span class='ocrx_word' id='word_1_487' title='bbox 3082 1955 3370 2028; x_wconf 85' lang='lat' dir='ltr'><strong>suscipito;</strong></span> <span class='ocrx_word' id='word_1_488' title='bbox 3413 1966 3466 2014; x_wconf 93' lang='lat' dir='ltr'><strong>et</strong></span> <span class='ocrx_word' id='word_1_489' title='bbox 3491 1957 3704 2016; x_wconf 90' lang='lat' dir='ltr'><strong>ferven-</strong></span> 
     </span>
    </p>
   </div>
   <div class='ocr_carea' id='block_1_62' title="bbox 2099 2045 3705 2121">
    <p class='ocr_par' dir='ltr' id='par_1_62' title="bbox 2099 2045 3705 2121">
     <span class='ocr_line' id='line_1_62' title="bbox 2099 2045 3705 2121; baseline 0.002 -17"><span class='ocrx_word' id='word_1_490' title='bbox 2099 2058 2211 2105; x_wconf 88' lang='lat' dir='ltr'><strong>tem</strong></span> <span class='ocrx_word' id='word_1_491' title='bbox 2241 2048 2393 2103; x_wconf 90' lang='lat' dir='ltr'><strong>illam</strong></span> <span class='ocrx_word' id='word_1_492' title='bbox 2415 2045 2760 2114; x_wconf 89' lang='lat' dir='ltr'><strong>charitatem,</strong></span> <span class='ocrx_word' id='word_1_493' title='bbox 2788 2062 2954 2118; x_wconf 89' lang='lat' dir='ltr'><strong>quam</strong></span> <span class='ocrx_word' id='word_1_494' title='bbox 2985 2063 3112 2121; x_wconf 89' lang='lat' dir='ltr'><strong>erga</strong></span> <span class='ocrx_word' id='word_1_495' title='bbox 3133 2063 3223 2104; x_wconf 91' lang='lat' dir='ltr'><strong>me</strong></span> <span class='ocrx_word' id='word_1_496' title='bbox 3249 2049 3471 2106; x_wconf 91' lang='lat' dir='ltr'><strong>dicebas</strong></span> <span class='ocrx_word' id='word_1_497' title='bbox 3501 2049 3705 2108; x_wconf 90' lang='lat' dir='ltr'><strong>habere</strong></span> 
     </span>
    </p>
   </div>
   <div class='ocr_carea' id='block_1_63' title="bbox 2097 2137 3700 2210">
    <p class='ocr_par' dir='ltr' id='par_1_63' title="bbox 2097 2137 3700 2210">
     <span class='ocr_line' id='line_1_63' title="bbox 2097 2137 3700 2210; baseline 0.001 -14"><span class='ocrx_word' id='word_1_498' title='bbox 2097 2149 2172 2208; x_wconf 90' lang='lat' dir='ltr'><strong>te,</strong></span> <span class='ocrx_word' id='word_1_499' title='bbox 2199 2138 2270 2194; x_wconf 92' lang='lat' dir='ltr'><strong>ita</strong></span> <span class='ocrx_word' id='word_1_500' title='bbox 2304 2146 2369 2195; x_wconf 94' lang='lat' dir='ltr'><strong>ut</strong></span> <span class='ocrx_word' id='word_1_501' title='bbox 2397 2153 2498 2210; x_wconf 92' lang='lat' dir='ltr'><strong>pro</strong></span> <span class='ocrx_word' id='word_1_502' title='bbox 2526 2153 2614 2194; x_wconf 89' lang='lat' dir='ltr'><strong>me</strong></span> <span class='ocrx_word' id='word_1_503' title='bbox 2655 2137 2800 2193; x_wconf 92' lang='lat' dir='ltr'><strong>mori</strong></span> <span class='ocrx_word' id='word_1_504' title='bbox 2827 2147 3051 2210; x_wconf 86' lang='lat' dir='ltr'><strong>paratus</strong></span> <span class='ocrx_word' id='word_1_505' title='bbox 3077 2154 3246 2207; x_wconf 92' lang='lat' dir='ltr'><strong>esses,</strong></span> <span class='ocrx_word' id='word_1_506' title='bbox 3273 2156 3421 2196; x_wconf 90' lang='lat' dir='ltr'><strong>nunc</strong></span> <span class='ocrx_word' id='word_1_507' title='bbox 3449 2141 3700 2198; x_wconf 87' lang='lat' dir='ltr'><strong>ostende.</strong></span> 
     </span>
    </p>
   </div>
   <div class='ocr_carea' id='block_1_64' title="bbox 2097 2227 3706 2302">
    <p class='ocr_par' dir='ltr' id='par_1_64' title="bbox 2097 2227 3706 2302">
     <span class='ocr_line' id='line_1_64' title="bbox 2097 2227 3706 2302; baseline 0.004 -18"><span class='ocrx_word' id='word_1_508' title='bbox 2097 2230 2209 2284; x_wconf 88' lang='lat' dir='ltr'><strong>Ter</strong></span> <span class='ocrx_word' id='word_1_509' title='bbox 2236 2237 2421 2284; x_wconf 90' lang='lat' dir='ltr'><strong>autem</strong></span> <span class='ocrx_word' id='word_1_510' title='bbox 2459 2244 2589 2284; x_wconf 92' lang='lat' dir='ltr'><strong>eum</strong></span> <span class='ocrx_word' id='word_1_511' title='bbox 2618 2229 2946 2302; x_wconf 82' lang='lat' dir='ltr'><strong>interrogat,</strong></span> <span class='ocrx_word' id='word_1_512' title='bbox 2975 2229 3141 2286; x_wconf 91' lang='lat' dir='ltr'><strong>simul</strong></span> <span class='ocrx_word' id='word_1_513' title='bbox 3169 2227 3392 2302; x_wconf 89' lang='lat' dir='ltr'><strong>quidem</strong></span> <span class='ocrx_word' id='word_1_514' title='bbox 3423 2230 3706 2290; x_wconf 86' lang='lat' dir='ltr'><strong>declarans</strong></span> 
     </span>
    </p>
   </div>
   <div class='ocr_carea' id='block_1_65' title="bbox 2096 2317 3704 2396">
    <p class='ocr_par' dir='ltr' id='par_1_65' title="bbox 2096 2317 3704 2396">
     <span class='ocr_line' id='line_1_65' title="bbox 2096 2317 3704 2396; baseline 0.003 -21"><span class='ocrx_word' id='word_1_515' title='bbox 2096 2327 2360 2392; x_wconf 89' lang='lat' dir='ltr'><strong>quantam</strong></span> <span class='ocrx_word' id='word_1_516' title='bbox 2401 2317 2744 2374; x_wconf 88' lang='lat' dir='ltr'><strong>credentium</strong></span> <span class='ocrx_word' id='word_1_517' title='bbox 2772 2334 2963 2375; x_wconf 89' lang='lat' dir='ltr'><strong>curam</strong></span> <span class='ocrx_word' id='word_1_518' title='bbox 2992 2318 3210 2390; x_wconf 88' lang='lat' dir='ltr'><strong>habeat,</strong></span> <span class='ocrx_word' id='word_1_519' title='bbox 3251 2328 3308 2376; x_wconf 90' lang='lat' dir='ltr'><strong>et</strong></span> <span class='ocrx_word' id='word_1_520' title='bbox 3349 2321 3496 2393; x_wconf 91' lang='lat' dir='ltr'><strong>quod</strong></span> <span class='ocrx_word' id='word_1_521' title='bbox 3526 2339 3704 2396; x_wconf 90' lang='lat' dir='ltr'><strong>usque</strong></span> 
     </span>
    </p>
   </div>
   <div class='ocr_carea' id='block_1_66' title="bbox 2096 2405 3708 2484">
    <p class='ocr_par' dir='ltr' id='par_1_66' title="bbox 2096 2405 3708 2484">
     <span class='ocr_line' id='line_1_66' title="bbox 2096 2405 3708 2484; baseline 0.004 -22"><span class='ocrx_word' id='word_1_522' title='bbox 2096 2407 2233 2464; x_wconf 91' lang='lat' dir='ltr'><strong>adeo</strong></span> <span class='ocrx_word' id='word_1_523' title='bbox 2277 2421 2408 2462; x_wconf 89' lang='lat' dir='ltr'><strong>oves</strong></span> <span class='ocrx_word' id='word_1_524' title='bbox 2447 2405 2637 2478; x_wconf 86' lang='lat' dir='ltr'><strong>diligat</strong></span> <span class='ocrx_word' id='word_1_525' title='bbox 2681 2413 2744 2462; x_wconf 94' lang='lat' dir='ltr'><strong>ut</strong></span> <span class='ocrx_word' id='word_1_526' title='bbox 2783 2405 3100 2464; x_wconf 89' lang='lat' dir='ltr'><strong>dilectionis</strong></span> <span class='ocrx_word' id='word_1_527' title='bbox 3144 2423 3275 2481; x_wconf 89' lang='lat' dir='ltr'><strong>erga</strong></span> <span class='ocrx_word' id='word_1_528' title='bbox 3302 2423 3362 2465; x_wconf 87' lang='lat' dir='ltr'><strong>se</strong></span> <span class='ocrx_word' id='word_1_529' title='bbox 3390 2409 3498 2467; x_wconf 90' lang='lat' dir='ltr'><strong>hoc</strong></span> <span class='ocrx_word' id='word_1_530' title='bbox 3540 2421 3708 2484; x_wconf 90' lang='lat' dir='ltr'><strong>ponat</strong></span> 
     </span>
    </p>
   </div>
   <div class='ocr_carea' id='block_1_67' title="bbox 2098 2496 3704 2570">
    <p class='ocr_par' dir='ltr' id='par_1_67' title="bbox 2098 2496 3704 2570">
     <span class='ocr_line' id='line_1_67' title="bbox 2098 2496 3704 2570; baseline 0.004 -16"><span class='ocrx_word' id='word_1_531' title='bbox 2098 2496 2382 2565; x_wconf 90' lang='lat' dir='ltr'><strong>indicium,</strong></span> <span class='ocrx_word' id='word_1_532' title='bbox 2424 2497 2469 2554; x_wconf 91' lang='lat' dir='ltr'><strong>si</strong></span> <span class='ocrx_word' id='word_1_533' title='bbox 2517 2496 2702 2553; x_wconf 89' lang='lat' dir='ltr'><strong>ovium</strong></span> <span class='ocrx_word' id='word_1_534' title='bbox 2731 2513 2920 2553; x_wconf 89' lang='lat' dir='ltr'><strong>curam</strong></span> <span class='ocrx_word' id='word_1_535' title='bbox 2949 2497 3224 2570; x_wconf 87' lang='lat' dir='ltr'><strong>suscipiat</strong></span> <span class='ocrx_word' id='word_1_536' title='bbox 3269 2517 3283 2553; x_wconf 90' lang='lat'><strong>:</strong></span> <span class='ocrx_word' id='word_1_537' title='bbox 3332 2499 3497 2557; x_wconf 89' lang='lat' dir='ltr'><strong>simul</strong></span> <span class='ocrx_word' id='word_1_538' title='bbox 3534 2503 3704 2560; x_wconf 88' lang='lat' dir='ltr'><strong>etiam</strong></span> 
     </span>
    </p>
   </div>
   <div class='ocr_carea' id='block_1_68' title="bbox 2098 2586 3706 2660">
    <p class='ocr_par' dir='ltr' id='par_1_68' title="bbox 2098 2586 3706 2660">
     <span class='ocr_line' id='line_1_68' title="bbox 2098 2586 3706 2660; baseline 0.003 -16"><span class='ocrx_word' id='word_1_539' title='bbox 2098 2604 2197 2660; x_wconf 87' lang='lat' dir='ltr'><strong>per</strong></span> <span class='ocrx_word' id='word_1_540' title='bbox 2237 2588 2445 2643; x_wconf 90' lang='lat' dir='ltr'><strong>trinam</strong></span> <span class='ocrx_word' id='word_1_541' title='bbox 2472 2586 2966 2659; x_wconf 84' lang='lat' dir='ltr'><strong>interrogationem</strong></span> <span class='ocrx_word' id='word_1_542' title='bbox 3002 2596 3058 2644; x_wconf 89' lang='lat' dir='ltr'><strong>et</strong></span> <span class='ocrx_word' id='word_1_543' title='bbox 3084 2587 3514 2655; x_wconf 85' lang='lat' dir='ltr'><strong>confessionem,</strong></span> <span class='ocrx_word' id='word_1_544' title='bbox 3542 2593 3706 2651; x_wconf 66' lang='lat' dir='ltr'><strong>trinae</strong></span> 
     </span>
    </p>
   </div>
   <div class='ocr_carea' id='block_1_69' title="bbox 2097 2676 3706 2754">
    <p class='ocr_par' dir='ltr' id='par_1_69' title="bbox 2097 2676 3706 2754">
     <span class='ocr_line' id='line_1_69' title="bbox 2097 2676 3706 2754; baseline 0.002 -19"><span class='ocrx_word' id='word_1_545' title='bbox 2097 2678 2376 2751; x_wconf 89' lang='lat' dir='ltr'><strong>negationi</strong></span> <span class='ocrx_word' id='word_1_546' title='bbox 2407 2676 2682 2748; x_wconf 89' lang='lat' dir='ltr'><strong>medetur,</strong></span> <span class='ocrx_word' id='word_1_547' title='bbox 2713 2687 2769 2734; x_wconf 88' lang='lat' dir='ltr'><strong>et</strong></span> <span class='ocrx_word' id='word_1_548' title='bbox 2795 2677 2979 2735; x_wconf 86' lang='lat' dir='ltr'><strong>verbis</strong></span> <span class='ocrx_word' id='word_1_549' title='bbox 3007 2679 3234 2752; x_wconf 87' lang='lat' dir='ltr'><strong>corrigit</strong></span> <span class='ocrx_word' id='word_1_550' title='bbox 3260 2696 3386 2752; x_wconf 73' lang='lat' dir='ltr'><strong>quae</strong></span> <span class='ocrx_word' id='word_1_551' title='bbox 3418 2697 3514 2754; x_wconf 89' lang='lat' dir='ltr'><strong>per</strong></span> <span class='ocrx_word' id='word_1_552' title='bbox 3540 2683 3706 2740; x_wconf 90' lang='lat' dir='ltr'><strong>verba</strong></span> 
     </span>
    </p>
   </div>
   <div class='ocr_carea' id='block_1_70' title="bbox 2099 2765 3710 2840">
    <p class='ocr_par' dir='ltr' id='par_1_70' title="bbox 2099 2765 3710 2840">
     <span class='ocr_line' id='line_1_70' title="bbox 2099 2765 3710 2840; baseline 0.002 -14"><span class='ocrx_word' id='word_1_553' title='bbox 2099 2769 2396 2826; x_wconf 89' lang='lat' dir='ltr'><strong>commissa</strong></span> <span class='ocrx_word' id='word_1_554' title='bbox 2421 2765 2640 2824; x_wconf 88' lang='lat' dir='ltr'><strong>fuerant</strong></span> <span class='ocrx_word' id='word_1_555' title='bbox 2659 2777 2898 2840; x_wconf 89' lang='lat' dir='ltr'><strong>peccata.</strong></span> <span class='ocrx_word' id='word_1_556' title='bbox 2926 2769 3069 2824; x_wconf 84' lang='lat' dir='ltr'><strong>Hinc</strong></span> <span class='ocrx_word' id='word_1_557' title='bbox 3089 2784 3213 2824; x_wconf 89' lang='lat' dir='ltr'><strong>mos</strong></span> <span class='ocrx_word' id='word_1_558' title='bbox 3239 2769 3487 2840; x_wconf 89' lang='lat' dir='ltr'><strong>invaluit,</strong></span> <span class='ocrx_word' id='word_1_559' title='bbox 3519 2779 3580 2828; x_wconf 93' lang='lat' dir='ltr'><strong>ut</strong></span> <span class='ocrx_word' id='word_1_560' title='bbox 3598 2780 3710 2830; x_wconf 89' lang='lat' dir='ltr'><strong>tres</strong></span> 
     </span>
    </p>
   </div>
   <div class='ocr_carea' id='block_1_71' title="bbox 2098 2857 3708 2935">
    <p class='ocr_par' dir='ltr' id='par_1_71' title="bbox 2098 2857 3708 2935">
     <span class='ocr_line' id='line_1_71' title="bbox 2098 2857 3708 2935; baseline 0.002 -19"><span class='ocrx_word' id='word_1_561' title='bbox 2098 2858 2474 2916; x_wconf 79' lang='lat' dir='ltr'><strong>confessiones</strong></span> <span class='ocrx_word' id='word_1_562' title='bbox 2525 2875 2557 2914; x_wconf 91' lang='lat' dir='ltr'><strong>a</strong></span> <span class='ocrx_word' id='word_1_563' title='bbox 2628 2857 2974 2932; x_wconf 87' lang='lat' dir='ltr'><strong>baptizandis</strong></span> <span class='ocrx_word' id='word_1_564' title='bbox 3041 2860 3276 2933; x_wconf 89' lang='lat' dir='ltr'><strong>exigant.</strong></span> <span class='ocrx_word' id='word_1_565' title='bbox 3334 2863 3708 2935; x_wconf 88' lang='lat' dir='ltr'><strong>Interrogatus</strong></span> 
     </span>
    </p>
   </div>
   <div class='ocr_carea' id='block_1_72' title="bbox 2099 2949 3708 3024">
    <p class='ocr_par' dir='ltr' id='par_1_72' title="bbox 2099 2949 3708 3024">
     <span class='ocr_line' id='line_1_72' title="bbox 2099 2949 3708 3024; baseline 0.002 -18"><span class='ocrx_word' id='word_1_566' title='bbox 2099 2951 2262 3024; x_wconf 86' lang='lat' dir='ltr'><strong>igitur</strong></span> <span class='ocrx_word' id='word_1_567' title='bbox 2311 2949 2483 3006; x_wconf 91' lang='lat' dir='ltr'><strong>semel</strong></span> <span class='ocrx_word' id='word_1_568' title='bbox 2529 2957 2698 3022; x_wconf 90' lang='lat' dir='ltr'><strong>atque</strong></span> <span class='ocrx_word' id='word_1_569' title='bbox 2727 2949 2952 3017; x_wconf 89' lang='lat' dir='ltr'><strong>iterum,</strong></span> <span class='ocrx_word' id='word_1_570' title='bbox 2986 2949 3166 3022; x_wconf 91' lang='lat' dir='ltr'><strong>ipsum</strong></span> <span class='ocrx_word' id='word_1_571' title='bbox 3211 2951 3304 3022; x_wconf 91' lang='lat' dir='ltr'><strong>qui</strong></span> <span class='ocrx_word' id='word_1_572' title='bbox 3351 2951 3515 3008; x_wconf 88' lang='lat' dir='ltr'><strong>corda</strong></span> <span class='ocrx_word' id='word_1_573' title='bbox 3553 2953 3708 3009; x_wconf 87' lang='lat' dir='ltr'><strong>novit</strong></span> 
     </span>
    </p>
   </div>
   <div class='ocr_carea' id='block_1_73' title="bbox 2098 3039 3704 3115">
    <p class='ocr_par' dir='ltr' id='par_1_73' title="bbox 2098 3039 3704 3115">
     <span class='ocr_line' id='line_1_73' title="bbox 2098 3039 3704 3115; baseline 0.001 -17"><span class='ocrx_word' id='word_1_574' title='bbox 2098 3049 2299 3098; x_wconf 87' lang='lat' dir='ltr'><strong>testem</strong></span> <span class='ocrx_word' id='word_1_575' title='bbox 2327 3039 2576 3107; x_wconf 90' lang='lat' dir='ltr'><strong>advocat,</strong></span> <span class='ocrx_word' id='word_1_576' title='bbox 2621 3056 2738 3095; x_wconf 92' lang='lat' dir='ltr'><strong>non</strong></span> <span class='ocrx_word' id='word_1_577' title='bbox 2771 3040 3005 3112; x_wconf 90' lang='lat' dir='ltr'><strong>amplius</strong></span> <span class='ocrx_word' id='word_1_578' title='bbox 3031 3041 3374 3098; x_wconf 84' lang='lat' dir='ltr'><strong>confidenter</strong></span> <span class='ocrx_word' id='word_1_579' title='bbox 3412 3058 3586 3115; x_wconf 92' lang='lat' dir='ltr'><strong>neque</strong></span> <span class='ocrx_word' id='word_1_580' title='bbox 3621 3052 3704 3100; x_wconf 86' lang='lat' dir='ltr'><strong>te-</strong></span> 
     </span>
    </p>
   </div>
   <div class='ocr_carea' id='block_1_74' title="bbox 2100 3129 3700 3204">
    <p class='ocr_par' dir='ltr' id='par_1_74' title="bbox 2100 3129 3700 3204">
     <span class='ocr_line' id='line_1_74' title="bbox 2100 3129 3700 3204; baseline 0.001 -17"><span class='ocrx_word' id='word_1_581' title='bbox 2100 3146 2251 3188; x_wconf 89' lang='lat' dir='ltr'><strong>mere</strong></span> <span class='ocrx_word' id='word_1_582' title='bbox 2282 3131 2547 3204; x_wconf 84' lang='lat' dir='ltr'><strong>loquens;</strong></span> <span class='ocrx_word' id='word_1_583' title='bbox 2593 3129 2690 3186; x_wconf 86' lang='lat' dir='ltr'><strong>sed</strong></span> <span class='ocrx_word' id='word_1_584' title='bbox 2731 3129 2889 3198; x_wconf 91' lang='lat' dir='ltr'><strong>illud,</strong></span> <span class='ocrx_word' id='word_1_585' title='bbox 2927 3150 2956 3182; x_wconf 79' lang='grc' dir='ltr'>ι(</span> <span class='ocrx_word' id='word_1_586' title='bbox 2984 3135 3067 3187; x_wconf 92' lang='lat' dir='ltr'><strong>Tu</strong></span> <span class='ocrx_word' id='word_1_587' title='bbox 3096 3132 3224 3198; x_wconf 90' lang='lat' dir='ltr'><strong>scis,</strong></span> <span class='ocrx_word' id='word_1_588' title='bbox 3258 3132 3467 3204; x_wconf 90' lang='lat' dir='ltr'><strong>ubique</strong></span> <span class='ocrx_word' id='word_1_589' title='bbox 3498 3133 3700 3204; x_wconf 87' lang='lat' dir='ltr'><strong>adjun-</strong></span> 
     </span>
    </p>
   </div>
   <div class='ocr_carea' id='block_1_75' title="bbox 2097 3220 3703 3294">
    <p class='ocr_par' dir='ltr' id='par_1_75' title="bbox 2097 3220 3703 3294">
     <span class='ocr_line' id='line_1_75' title="bbox 2097 3220 3703 3294; baseline 0.001 -17"><span class='ocrx_word' id='word_1_590' title='bbox 2097 3236 2252 3294; x_wconf 86' lang='lat' dir='ltr'><strong>gens.</strong></span> <span class='ocrx_word' id='word_1_591' title='bbox 2285 3221 2429 3276; x_wconf 88' lang='lat' dir='ltr'><strong>Cum</strong></span> <span class='ocrx_word' id='word_1_592' title='bbox 2473 3221 2640 3276; x_wconf 87' lang='lat' dir='ltr'><strong>etiam</strong></span> <span class='ocrx_word' id='word_1_593' title='bbox 2678 3221 2844 3276; x_wconf 91' lang='lat' dir='ltr'><strong>tertio</strong></span> <span class='ocrx_word' id='word_1_594' title='bbox 2881 3220 3256 3292; x_wconf 84' lang='lat' dir='ltr'><strong>interrogatus</strong></span> <span class='ocrx_word' id='word_1_595' title='bbox 3307 3229 3452 3278; x_wconf 89' lang='lat' dir='ltr'><strong>esset</strong></span> <span class='ocrx_word' id='word_1_596' title='bbox 3479 3223 3703 3290; x_wconf 87' lang='lat' dir='ltr'><strong>Petrus,</strong></span> 
     </span>
    </p>
   </div>
   <div class='ocr_carea' id='block_1_76' title="bbox 2094 3309 3703 3384">
    <p class='ocr_par' dir='ltr' id='par_1_76' title="bbox 2094 3309 3703 3384">
     <span class='ocr_line' id='line_1_76' title="bbox 2094 3309 3703 3384; baseline 0 -16"><span class='ocrx_word' id='word_1_597' title='bbox 2094 3311 2348 3368; x_wconf 88' lang='lat' dir='ltr'><strong>turbatus</strong></span> <span class='ocrx_word' id='word_1_598' title='bbox 2378 3320 2480 3382; x_wconf 89' lang='lat' dir='ltr'><strong>est,</strong></span> <span class='ocrx_word' id='word_1_599' title='bbox 2512 3319 2772 3366; x_wconf 89' lang='lat' dir='ltr'><strong>metuens</strong></span> <span class='ocrx_word' id='word_1_600' title='bbox 2818 3327 2888 3366; x_wconf 92' lang='lat' dir='ltr'><strong>ne</strong></span> <span class='ocrx_word' id='word_1_601' title='bbox 2919 3309 3061 3367; x_wconf 91' lang='lat' dir='ltr'><strong>forte</strong></span> <span class='ocrx_word' id='word_1_602' title='bbox 3107 3312 3224 3383; x_wconf 90' lang='lat' dir='ltr'><strong>ipsc</strong></span> <span class='ocrx_word' id='word_1_603' title='bbox 3257 3311 3480 3384; x_wconf 89' lang='lat' dir='ltr'><strong>quidem</strong></span> <span class='ocrx_word' id='word_1_604' title='bbox 3516 3311 3703 3368; x_wconf 88' lang='lat' dir='ltr'><strong>existi-</strong></span> 
     </span>
    </p>
   </div>
   <div class='ocr_carea' id='block_1_77' title="bbox 2096 3400 3707 3475">
    <p class='ocr_par' dir='ltr' id='par_1_77' title="bbox 2096 3400 3707 3475">
     <span class='ocr_line' id='line_1_77' title="bbox 2096 3400 3707 3475; baseline 0.002 -19"><span class='ocrx_word' id='word_1_605' title='bbox 2096 3410 2275 3458; x_wconf 90' lang='lat' dir='ltr'><strong>maret</strong></span> <span class='ocrx_word' id='word_1_606' title='bbox 2322 3417 2382 3458; x_wconf 89' lang='lat' dir='ltr'><strong>se</strong></span> <span class='ocrx_word' id='word_1_607' title='bbox 2427 3400 2679 3472; x_wconf 89' lang='lat' dir='ltr'><strong>diligere,</strong></span> <span class='ocrx_word' id='word_1_608' title='bbox 2738 3416 2854 3456; x_wconf 90' lang='lat' dir='ltr'><strong>non</strong></span> <span class='ocrx_word' id='word_1_609' title='bbox 2901 3400 3157 3475; x_wconf 85' lang='lat' dir='ltr'><strong>diligeret</strong></span> <span class='ocrx_word' id='word_1_610' title='bbox 3210 3410 3420 3458; x_wconf 85' lang='lat' dir='ltr'><strong>tamen.</strong></span> <span class='ocrx_word' id='word_1_611' title='bbox 3467 3403 3612 3458; x_wconf 87' lang='lat' dir='ltr'><strong>Nam</strong></span> <span class='ocrx_word' id='word_1_612' title='bbox 3652 3411 3707 3459; x_wconf 91' lang='lat' dir='ltr'><strong>et</strong></span> 
     </span>
    </p>
   </div>
   <div class='ocr_carea' id='block_1_78' title="bbox 2095 3491 3707 3566">
    <p class='ocr_par' dir='ltr' id='par_1_78' title="bbox 2095 3491 3707 3566">
     <span class='ocr_line' id='line_1_78' title="bbox 2095 3491 3707 3566; baseline 0.001 -18"><span class='ocrx_word' id='word_1_613' title='bbox 2095 3493 2250 3564; x_wconf 88' lang='lat' dir='ltr'><strong>prius</strong></span> <span class='ocrx_word' id='word_1_614' title='bbox 2299 3508 2430 3548; x_wconf 91' lang='lat' dir='ltr'><strong>cum</strong></span> <span class='ocrx_word' id='word_1_615' title='bbox 2461 3491 2634 3548; x_wconf 88' lang='lat' dir='ltr'><strong>multa</strong></span> <span class='ocrx_word' id='word_1_616' title='bbox 2664 3507 2720 3546; x_wconf 88' lang='lat' dir='ltr'><strong>se</strong></span> <span class='ocrx_word' id='word_1_617' title='bbox 2765 3506 2924 3563; x_wconf 91' lang='lat' dir='ltr'><strong>posse</strong></span> <span class='ocrx_word' id='word_1_618' title='bbox 2955 3492 3313 3548; x_wconf 87' lang='lat' dir='ltr'><strong>arbitraretur</strong></span> <span class='ocrx_word' id='word_1_619' title='bbox 3342 3502 3508 3566; x_wconf 87' lang='lat' dir='ltr'><strong>atque</strong></span> <span class='ocrx_word' id='word_1_620' title='bbox 3551 3508 3707 3549; x_wconf 89' lang='lat' dir='ltr'><strong>asse-</strong></span> 
     </span>
    </p>
   </div>
   <div class='ocr_carea' id='block_1_79' title="bbox 2093 3581 3706 3655">
    <p class='ocr_par' dir='ltr' id='par_1_79' title="bbox 2093 3581 3706 3655">
     <span class='ocr_line' id='line_1_79' title="bbox 2093 3581 3706 3655; baseline 0.002 -18"><span class='ocrx_word' id='word_1_621' title='bbox 2093 3590 2331 3650; x_wconf 88' lang='lat' dir='ltr'><strong>veraret,</strong></span> <span class='ocrx_word' id='word_1_622' title='bbox 2376 3591 2566 3654; x_wconf 90' lang='lat' dir='ltr'><strong>postea</strong></span> <span class='ocrx_word' id='word_1_623' title='bbox 2616 3581 2903 3638; x_wconf 88' lang='lat' dir='ltr'><strong>convictus</strong></span> <span class='ocrx_word' id='word_1_624' title='bbox 2953 3590 3056 3638; x_wconf 90' lang='lat' dir='ltr'><strong>est.</strong></span> <span class='ocrx_word' id='word_1_625' title='bbox 3107 3581 3248 3638; x_wconf 92' lang='lat' dir='ltr'><strong>Illud</strong></span> <span class='ocrx_word' id='word_1_626' title='bbox 3300 3584 3484 3655; x_wconf 92' lang='lat' dir='ltr'><strong>itaque</strong></span> <span class='ocrx_word' id='word_1_627' title='bbox 3536 3585 3706 3640; x_wconf 88' lang='lat' dir='ltr'><strong>etiam</strong></span> 
     </span>
    </p>
   </div>
   <div class='ocr_carea' id='block_1_80' title="bbox 2095 3671 3702 3744">
    <p class='ocr_par' dir='ltr' id='par_1_80' title="bbox 2095 3671 3702 3744">
     <span class='ocr_line' id='line_1_80' title="bbox 2095 3671 3702 3744; baseline 0.001 -16"><span class='ocrx_word' id='word_1_628' title='bbox 2095 3688 2244 3728; x_wconf 91' lang='lat' dir='ltr'><strong>nunc</strong></span> <span class='ocrx_word' id='word_1_629' title='bbox 2285 3671 2592 3739; x_wconf 89' lang='lat' dir='ltr'><strong>metuebat,</strong></span> <span class='ocrx_word' id='word_1_630' title='bbox 2620 3679 2675 3726; x_wconf 91' lang='lat' dir='ltr'><strong>et</strong></span> <span class='ocrx_word' id='word_1_631' title='bbox 2705 3679 2993 3742; x_wconf 86' lang='lat' dir='ltr'><strong>propterea</strong></span> <span class='ocrx_word' id='word_1_632' title='bbox 3033 3672 3348 3728; x_wconf 89' lang='lat' dir='ltr'><strong>verecunde</strong></span> <span class='ocrx_word' id='word_1_633' title='bbox 3383 3673 3702 3744; x_wconf 90' lang='lat' dir='ltr'><strong>respondet,</strong></span> 
     </span>
    </p>
   </div>
   <div class='ocr_carea' id='block_1_81' title="bbox 2094 3760 3695 3833">
    <p class='ocr_par' dir='ltr' id='par_1_81' title="bbox 2094 3760 3695 3833">
     <span class='ocr_line' id='line_1_81' title="bbox 2094 3760 3695 3833; baseline 0 -15"><span class='ocrx_word' id='word_1_634' title='bbox 2094 3761 2319 3818; x_wconf 87' lang='lat' dir='ltr'><strong>dicens:</strong></span> <span class='ocrx_word' id='word_1_635' title='bbox 2358 3760 2671 3828; x_wconf 80' lang='lat' dir='ltr'><strong>«Domine,</strong></span> <span class='ocrx_word' id='word_1_636' title='bbox 2696 3769 2754 3816; x_wconf 90' lang='lat' dir='ltr'><strong>tu</strong></span> <span class='ocrx_word' id='word_1_637' title='bbox 2784 3762 2966 3815; x_wconf 90' lang='lat' dir='ltr'><strong>omnia</strong></span> <span class='ocrx_word' id='word_1_638' title='bbox 2989 3761 3135 3816; x_wconf 87' lang='lat' dir='ltr'><strong>nosti</strong></span> <span class='ocrx_word' id='word_1_639' title='bbox 3158 3781 3184 3815; x_wconf 86' lang='lat'><strong>»</strong></span> <span class='ocrx_word' id='word_1_640' title='bbox 3213 3763 3382 3833; x_wconf 83' lang='lat' dir='ltr'><strong>77o</strong></span> <span class='ocrx_word' id='word_1_641' title='bbox 3404 3769 3527 3817; x_wconf 89' lang='lat' dir='ltr'><strong>tum</strong></span> <span class='ocrx_word' id='word_1_642' title='bbox 3553 3778 3695 3833; x_wconf 70' lang='lat' dir='ltr'><strong>pra:-</strong></span> 
     </span>
    </p>
   </div>
   <div class='ocr_carea' id='block_1_82' title="bbox 2092 3849 3698 3922">
    <p class='ocr_par' dir='ltr' id='par_1_82' title="bbox 2092 3849 3698 3922">
     <span class='ocr_line' id='line_1_82' title="bbox 2092 3849 3698 3922; baseline -0.002 -15"><span class='ocrx_word' id='word_1_643' title='bbox 2092 3851 2272 3908; x_wconf 89' lang='lat' dir='ltr'><strong>sentia</strong></span> <span class='ocrx_word' id='word_1_644' title='bbox 2298 3859 2421 3907; x_wconf 91' lang='lat' dir='ltr'><strong>tum</strong></span> <span class='ocrx_word' id='word_1_645' title='bbox 2451 3850 2633 3906; x_wconf 90' lang='lat' dir='ltr'><strong>futura</strong></span> <span class='ocrx_word' id='word_1_646' title='bbox 2663 3867 2675 3906; x_wconf 90' lang='lat'>:</span> <span class='ocrx_word' id='word_1_647' title='bbox 2715 3870 2743 3901; x_wconf 85' lang='lat'><strong>«</strong></span> <span class='ocrx_word' id='word_1_648' title='bbox 2771 3857 2833 3905; x_wconf 93' lang='lat' dir='ltr'><strong>tu</strong></span> <span class='ocrx_word' id='word_1_649' title='bbox 2864 3849 2972 3906; x_wconf 92' lang='lat' dir='ltr'><strong>scis</strong></span> <span class='ocrx_word' id='word_1_650' title='bbox 2999 3851 3148 3922; x_wconf 92' lang='lat' dir='ltr'><strong>quod</strong></span> <span class='ocrx_word' id='word_1_651' title='bbox 3186 3867 3338 3906; x_wconf 90' lang='lat' dir='ltr'><strong>nunc</strong></span> <span class='ocrx_word' id='word_1_652' title='bbox 3366 3859 3420 3906; x_wconf 94' lang='lat' dir='ltr'><strong>te</strong></span> <span class='ocrx_word' id='word_1_653' title='bbox 3440 3866 3698 3921; x_wconf 85' lang='lat' dir='ltr'><strong>amem,»</strong></span> 
     </span>
    </p>
   </div>
   <div class='ocr_carea' id='block_1_83' title="bbox 2095 3940 3702 4014">
    <p class='ocr_par' dir='ltr' id='par_1_83' title="bbox 2095 3940 3702 4014">
     <span class='ocr_line' id='line_1_83' title="bbox 2095 3940 3702 4014; baseline -0.001 -16"><span class='ocrx_word' id='word_1_654' title='bbox 2095 3951 2157 3998; x_wconf 92' lang='lat' dir='ltr'><strong>ut</strong></span> <span class='ocrx_word' id='word_1_655' title='bbox 2198 3941 2337 3998; x_wconf 90' lang='lat' dir='ltr'><strong>mihi</strong></span> <span class='ocrx_word' id='word_1_656' title='bbox 2388 3940 2615 4014; x_wconf 90' lang='lat' dir='ltr'><strong>quidem</strong></span> <span class='ocrx_word' id='word_1_657' title='bbox 2659 3940 2892 3998; x_wconf 91' lang='lat' dir='ltr'><strong>videtur.</strong></span> <span class='ocrx_word' id='word_1_658' title='bbox 2943 3941 3244 4006; x_wconf 65' lang='lat' dir='ltr'><strong>Caeterum,</strong></span> <span class='ocrx_word' id='word_1_659' title='bbox 3295 3957 3369 3997; x_wconf 91' lang='lat' dir='ltr'><strong>an</strong></span> <span class='ocrx_word' id='word_1_660' title='bbox 3417 3941 3585 3996; x_wconf 90' lang='lat' dir='ltr'><strong>etiam</strong></span> <span class='ocrx_word' id='word_1_661' title='bbox 3643 3941 3702 3996; x_wconf 91' lang='lat' dir='ltr'><strong>in</strong></span> 
     </span>
    </p>
   </div>
   <div class='ocr_carea' id='block_1_84' title="bbox 2093 4030 3702 4106">
    <p class='ocr_par' dir='ltr' id='par_1_84' title="bbox 2093 4030 3702 4106">
     <span class='ocr_line' id='line_1_84' title="bbox 2093 4030 3702 4106; baseline -0.001 -17"><span class='ocrx_word' id='word_1_662' title='bbox 2093 4042 2384 4106; x_wconf 90' lang='lat' dir='ltr'><strong>posterum</strong></span> <span class='ocrx_word' id='word_1_663' title='bbox 2412 4047 2772 4104; x_wconf 88' lang='lat' dir='ltr'><strong>permansura</strong></span> <span class='ocrx_word' id='word_1_664' title='bbox 2821 4032 2890 4086; x_wconf 92' lang='lat' dir='ltr'><strong>sit</strong></span> <span class='ocrx_word' id='word_1_665' title='bbox 2931 4030 3194 4099; x_wconf 88' lang='lat' dir='ltr'><strong>amicitia,</strong></span> <span class='ocrx_word' id='word_1_666' title='bbox 3246 4040 3302 4087; x_wconf 92' lang='lat' dir='ltr'><strong>et</strong></span> <span class='ocrx_word' id='word_1_667' title='bbox 3341 4030 3448 4087; x_wconf 92' lang='lat' dir='ltr'><strong>hoc</strong></span> <span class='ocrx_word' id='word_1_668' title='bbox 3476 4047 3702 4103; x_wconf 90' lang='lat' dir='ltr'><strong>quoque</strong></span> 
     </span>
    </p>
   </div>
   <div class='ocr_carea' id='block_1_85' title="bbox 2091 4121 3700 4195">
    <p class='ocr_par' dir='ltr' id='par_1_85' title="bbox 2091 4121 3700 4195">
     <span class='ocr_line' id='line_1_85' title="bbox 2091 4121 3700 4195; baseline -0.001 -16"><span class='ocrx_word' id='word_1_669' title='bbox 2091 4132 2156 4180; x_wconf 91' lang='lat' dir='ltr'><strong>tu</strong></span> <span class='ocrx_word' id='word_1_670' title='bbox 2183 4123 2331 4179; x_wconf 87' lang='lat' dir='ltr'><strong>nosti</strong></span> <span class='ocrx_word' id='word_1_671' title='bbox 2365 4141 2379 4178; x_wconf 87' lang='lat'>:</span> <span class='ocrx_word' id='word_1_672' title='bbox 2410 4138 2540 4195; x_wconf 87' lang='lat' dir='ltr'><strong>ergo</strong></span> <span class='ocrx_word' id='word_1_673' title='bbox 2571 4123 2640 4178; x_wconf 89' lang='lat' dir='ltr'><strong>de</strong></span> <span class='ocrx_word' id='word_1_674' title='bbox 2671 4137 2760 4177; x_wconf 91' lang='lat' dir='ltr'><strong>me</strong></span> <span class='ocrx_word' id='word_1_675' title='bbox 2789 4137 2906 4177; x_wconf 91' lang='lat' dir='ltr'><strong>non</strong></span> <span class='ocrx_word' id='word_1_676' title='bbox 2929 4121 3170 4177; x_wconf 83' lang='lat' dir='ltr'><strong>afﬁrmo.</strong></span> <span class='ocrx_word' id='word_1_677' title='bbox 3203 4122 3504 4193; x_wconf 90' lang='lat' dir='ltr'><strong>Postquam</strong></span> <span class='ocrx_word' id='word_1_678' title='bbox 3533 4121 3700 4177; x_wconf 88' lang='lat' dir='ltr'><strong>verba</strong></span> 
     </span>
    </p>
   </div>
   <div class='ocr_carea' id='block_1_86' title="bbox 2093 4210 3698 4285">
    <p class='ocr_par' dir='ltr' id='par_1_86' title="bbox 2093 4210 3698 4285">
     <span class='ocr_line' id='line_1_86' title="bbox 2093 4210 3698 4285; baseline -0.001 -15"><span class='ocrx_word' id='word_1_679' title='bbox 2093 4213 2198 4285; x_wconf 88' lang='lat' dir='ltr'><strong>ipsi</strong></span> <span class='ocrx_word' id='word_1_680' title='bbox 2228 4213 2447 4270; x_wconf 87' lang='lat' dir='ltr'><strong>fecisset</strong></span> <span class='ocrx_word' id='word_1_681' title='bbox 2487 4212 2766 4268; x_wconf 91' lang='lat' dir='ltr'><strong>Dominus</strong></span> <span class='ocrx_word' id='word_1_682' title='bbox 2806 4210 2875 4268; x_wconf 89' lang='lat' dir='ltr'><strong>de</strong></span> <span class='ocrx_word' id='word_1_683' title='bbox 2903 4211 2986 4268; x_wconf 92' lang='lat' dir='ltr'><strong>sui</strong></span> <span class='ocrx_word' id='word_1_684' title='bbox 3019 4210 3333 4281; x_wconf 89' lang='lat' dir='ltr'><strong>dilectione,</strong></span> <span class='ocrx_word' id='word_1_685' title='bbox 3365 4211 3698 4285; x_wconf 88' lang='lat' dir='ltr'><strong>martyrium</strong></span> 
     </span>
    </p>
   </div>
   <div class='ocr_carea' id='block_1_87' title="bbox 2094 4301 3695 4376">
    <p class='ocr_par' dir='ltr' id='par_1_87' title="bbox 2094 4301 3695 4376">
     <span class='ocr_line' id='line_1_87' title="bbox 2094 4301 3695 4376; baseline 0 -17"><span class='ocrx_word' id='word_1_686' title='bbox 2094 4304 2264 4360; x_wconf 88' lang='lat' dir='ltr'><strong>etiam</strong></span> <span class='ocrx_word' id='word_1_687' title='bbox 2285 4302 2436 4376; x_wconf 93' lang='lat' dir='ltr'><strong>quod</strong></span> <span class='ocrx_word' id='word_1_688' title='bbox 2461 4302 2713 4360; x_wconf 90' lang='lat' dir='ltr'><strong>futurum</strong></span> <span class='ocrx_word' id='word_1_689' title='bbox 2731 4311 2850 4358; x_wconf 88' lang='lat' dir='ltr'><strong>erat</strong></span> <span class='ocrx_word' id='word_1_690' title='bbox 2868 4311 2930 4359; x_wconf 92' lang='lat' dir='ltr'><strong>ut</strong></span> <span class='ocrx_word' id='word_1_691' title='bbox 2955 4301 3271 4370; x_wconf 89' lang='lat' dir='ltr'><strong>sustineret,</strong></span> <span class='ocrx_word' id='word_1_692' title='bbox 3298 4302 3401 4375; x_wconf 91' lang='lat' dir='ltr'><strong>ipsi</strong></span> <span class='ocrx_word' id='word_1_693' title='bbox 3423 4301 3695 4374; x_wconf 70' lang='lat' dir='ltr'><strong>praedicit.</strong></span> 
     </span>
    </p>
   </div>
   <div class='ocr_carea' id='block_1_88' title="bbox 2092 4392 3699 4464">
    <p class='ocr_par' dir='ltr' id='par_1_88' title="bbox 2092 4392 3699 4464">
     <span class='ocr_line' id='line_1_88' title="bbox 2092 4392 3699 4464; baseline 0 -15"><span class='ocrx_word' id='word_1_694' title='bbox 2092 4393 2243 4450; x_wconf 90' lang='lat' dir='ltr'><strong>Dicit</strong></span> <span class='ocrx_word' id='word_1_695' title='bbox 2268 4402 2453 4450; x_wconf 89' lang='lat' dir='ltr'><strong>autem</strong></span> <span class='ocrx_word' id='word_1_696' title='bbox 2480 4393 2608 4463; x_wconf 91' lang='lat' dir='ltr'><strong>hoc,</strong></span> <span class='ocrx_word' id='word_1_697' title='bbox 2642 4392 2930 4450; x_wconf 89' lang='lat' dir='ltr'><strong>ostendere</strong></span> <span class='ocrx_word' id='word_1_698' title='bbox 2960 4392 3148 4448; x_wconf 91' lang='lat' dir='ltr'><strong>volens</strong></span> <span class='ocrx_word' id='word_1_699' title='bbox 3175 4392 3324 4464; x_wconf 90' lang='lat' dir='ltr'><strong>quod</strong></span> <span class='ocrx_word' id='word_1_700' title='bbox 3352 4393 3518 4449; x_wconf 87' lang='lat' dir='ltr'><strong>etiam</strong></span> <span class='ocrx_word' id='word_1_701' title='bbox 3549 4392 3699 4449; x_wconf 89' lang='lat' dir='ltr'><strong>istud</strong></span> 
     </span>
    </p>
   </div>
   <div class='ocr_carea' id='block_1_89' title="bbox 2092 4479 3700 4558">
    <p class='ocr_par' dir='ltr' id='par_1_89' title="bbox 2092 4479 3700 4558">
     <span class='ocr_line' id='line_1_89' title="bbox 2092 4479 3700 4558; baseline -0.002 -17"><span class='ocrx_word' id='word_1_702' title='bbox 2092 4486 2236 4558; x_wconf 93' lang='lat' dir='ltr'><strong>quod</strong></span> <span class='ocrx_word' id='word_1_703' title='bbox 2268 4484 2335 4542; x_wconf 92' lang='lat' dir='ltr'><strong>de</strong></span> <span class='ocrx_word' id='word_1_704' title='bbox 2363 4483 2662 4540; x_wconf 88' lang='lat' dir='ltr'><strong>dilectione</strong></span> <span class='ocrx_word' id='word_1_705' title='bbox 2690 4483 3084 4554; x_wconf 89' lang='lat' dir='ltr'><strong>interrogabat,</strong></span> <span class='ocrx_word' id='word_1_706' title='bbox 3113 4498 3227 4538; x_wconf 93' lang='lat' dir='ltr'><strong>non</strong></span> <span class='ocrx_word' id='word_1_707' title='bbox 3265 4479 3524 4538; x_wconf 81' lang='lat' dir='ltr'><strong>diffidens</strong></span> <span class='ocrx_word' id='word_1_708' title='bbox 3570 4483 3700 4555; x_wconf 88' lang='lat' dir='ltr'><strong>ipsi,</strong></span> 
     </span>
    </p>
   </div>
   <div class='ocr_carea' id='block_1_90' title="bbox 362 4567 1985 4654">
    <p class='ocr_par' dir='ltr' id='par_1_90' title="bbox 362 4567 1982 4654">
     <span class='ocr_line' id='line_1_90' title="bbox 362 4567 1982 4654; baseline 0.004 -29"><span class='ocrx_word' id='word_1_709' title='bbox 362 4568 456 4626; x_wconf 75' lang='grc' dir='ltr'><strong>τὸν</strong></span> <span class='ocrx_word' id='word_1_710' title='bbox 490 4567 620 4648; x_wconf 77' lang='grc' dir='ltr'>περὶ</span> <span class='ocrx_word' id='word_1_711' title='bbox 669 4573 762 4628; x_wconf 78' lang='grc' dir='ltr'><strong>τοῦ</strong></span> <span class='ocrx_word' id='word_1_712' title='bbox 809 4571 1028 4650; x_wconf 81' lang='grc' dir='ltr'>ἀγαπᾷν</span> <span class='ocrx_word' id='word_1_713' title='bbox 1051 4614 1069 4643; x_wconf 94' lang='grc'><strong>,</strong></span> <span class='ocrx_word' id='word_1_714' title='bbox 1131 4573 1225 4630; x_wconf 81' lang='grc' dir='ltr'>οὔκ</span> <span class='ocrx_word' id='word_1_715' title='bbox 1273 4572 1515 4632; x_wconf 88' lang='grc' dir='ltr'>ἀπιστῶν</span> <span class='ocrx_word' id='word_1_716' title='bbox 1570 4572 1747 4654; x_wconf 78' lang='grc' dir='ltr'>αὐτῷ,</span> <span class='ocrx_word' id='word_1_717' title='bbox 1808 4575 1982 4653; x_wconf 84' lang='grc' dir='ltr'>ἐρωτᾷ</span> 
     </span>
    </p>
   </div>
   <div class='ocr_carea' id='block_1_91' title="bbox 2093 4567 3704 4654">
    <p class='ocr_par' dir='ltr' id='par_1_91' title="bbox 2094 4570 3704 4647">
     <span class='ocr_line' id='line_1_91' title="bbox 2094 4570 3704 4647; baseline -0.001 -16"><span class='ocrx_word' id='word_1_718' title='bbox 2094 4575 2459 4647; x_wconf 86' lang='lat' dir='ltr'><strong>interrogaret</strong></span> <span class='ocrx_word' id='word_1_719' title='bbox 2501 4589 2650 4640; x_wconf 90' lang='lat' dir='ltr'><strong>eum,</strong></span> <span class='ocrx_word' id='word_1_720' title='bbox 2700 4571 2800 4629; x_wconf 92' lang='lat' dir='ltr'><strong>sed</strong></span> <span class='ocrx_word' id='word_1_721' title='bbox 2850 4573 3012 4645; x_wconf 90' lang='lat' dir='ltr'><strong>plane</strong></span> <span class='ocrx_word' id='word_1_722' title='bbox 3055 4572 3233 4628; x_wconf 91' lang='lat' dir='ltr'><strong>sciens</strong></span> <span class='ocrx_word' id='word_1_723' title='bbox 3271 4570 3420 4642; x_wconf 92' lang='lat' dir='ltr'><strong>quod</strong></span> <span class='ocrx_word' id='word_1_724' title='bbox 3448 4570 3704 4643; x_wconf 87' lang='lat' dir='ltr'><strong>diligeret</strong></span> 
     </span>
    </p>
   </div>
   <div class='ocr_carea' id='block_1_92' title="bbox 367 4657 1978 4743">
    <p class='ocr_par' dir='ltr' id='par_1_92' title="bbox 367 4657 1978 4743">
     <span class='ocr_line' id='line_1_92' title="bbox 367 4657 1978 4743; baseline 0.004 -29"><span class='ocrx_word' id='word_1_725' title='bbox 367 4657 533 4717; x_wconf 72' lang='grc' dir='ltr'>αὐτὸν</span> <span class='ocrx_word' id='word_1_726' title='bbox 552 4704 575 4734; x_wconf 85' lang='grc'><strong>,</strong></span> <span class='ocrx_word' id='word_1_727' title='bbox 608 4659 748 4719; x_wconf 76' lang='grc' dir='ltr'>ἀλλὰ</span> <span class='ocrx_word' id='word_1_728' title='bbox 770 4657 864 4717; x_wconf 73' lang='grc' dir='ltr'>καὶ</span> <span class='ocrx_word' id='word_1_729' title='bbox 896 4659 1102 4741; x_wconf 86' lang='grc' dir='ltr'>σφόδρα</span> <span class='ocrx_word' id='word_1_730' title='bbox 1132 4660 1280 4730; x_wconf 78' lang='grc' dir='ltr'>εἰδὼς</span> <span class='ocrx_word' id='word_1_731' title='bbox 1299 4705 1317 4736; x_wconf 90' lang='grc'><strong>,</strong></span> <span class='ocrx_word' id='word_1_732' title='bbox 1346 4660 1429 4720; x_wconf 78' lang='grc' dir='ltr'><strong>ὅτι</strong></span> <span class='ocrx_word' id='word_1_733' title='bbox 1459 4663 1648 4743; x_wconf 82' lang='grc' dir='ltr'>ἀγαπᾷ</span> <span class='ocrx_word' id='word_1_734' title='bbox 1669 4685 1682 4698; x_wconf 86' lang='grc'><strong>·</strong></span> <span class='ocrx_word' id='word_1_735' title='bbox 1732 4664 1845 4730; x_wconf 89' lang='grc' dir='ltr'><strong>πῶς</strong></span> <span class='ocrx_word' id='word_1_736' title='bbox 1875 4660 1978 4742; x_wconf 86' lang='grc' dir='ltr'><strong>γὰρ</strong></span> 
     </span>
    </p>
   </div>
   <div class='ocr_carea' id='block_1_93' title="bbox 368 4747 1976 4832">
    <p class='ocr_par' dir='ltr' id='par_1_93' title="bbox 368 4747 1976 4832">
     <span class='ocr_line' id='line_1_93' title="bbox 368 4747 1976 4832; baseline 0.002 -26"><span class='ocrx_word' id='word_1_737' title='bbox 368 4749 467 4806; x_wconf 78' lang='grc' dir='ltr'>οὐκ</span> <span class='ocrx_word' id='word_1_738' title='bbox 496 4750 687 4829; x_wconf 82' lang='grc' dir='ltr'>ἀγαπᾷ</span> <span class='ocrx_word' id='word_1_739' title='bbox 719 4747 775 4816; x_wconf 83' lang='grc' dir='ltr'><strong>δς</strong></span> <span class='ocrx_word' id='word_1_740' title='bbox 805 4748 898 4808; x_wconf 82' lang='grc' dir='ltr'><strong>καὶ</strong></span> <span class='ocrx_word' id='word_1_741' title='bbox 944 4749 1305 4830; x_wconf 84' lang='grc' dir='ltr'>μαρτυρήσειν</span> <span class='ocrx_word' id='word_1_742' title='bbox 1360 4750 1547 4830; x_wconf 85' lang='grc' dir='ltr'>μέλλει</span> <span class='ocrx_word' id='word_1_743' title='bbox 1601 4750 1723 4832; x_wconf 82' lang='grc' dir='ltr'>περὶ</span> <span class='ocrx_word' id='word_1_744' title='bbox 1777 4752 1976 4828; x_wconf 78' lang='grc' dir='ltr'>αὖτοῧ;</span> 
     </span>
    </p>
   </div>
   <div class='ocr_carea' id='block_1_94' title="bbox 369 4835 1981 4921">
    <p class='ocr_par' dir='ltr' id='par_1_94' title="bbox 369 4835 1981 4921">
     <span class='ocr_line' id='line_1_94' title="bbox 369 4835 1981 4921; baseline 0.002 -27"><span class='ocrx_word' id='word_1_745' title='bbox 369 4838 492 4895; x_wconf 76' lang='grc' dir='ltr'>ἀλλ’</span> <span class='ocrx_word' id='word_1_746' title='bbox 521 4835 613 4896; x_wconf 76' lang='grc' dir='ltr'><strong>ἵνα</strong></span> <span class='ocrx_word' id='word_1_747' title='bbox 635 4839 840 4917; x_wconf 74' lang='grc' dir='ltr'>μᾶλλον</span> <span class='ocrx_word' id='word_1_748' title='bbox 875 4837 1019 4918; x_wconf 80' lang='grc' dir='ltr'>δείξῃ</span> <span class='ocrx_word' id='word_1_749' title='bbox 1043 4839 1141 4911; x_wconf 78' lang='grc' dir='ltr'><strong>τὴν</strong></span> <span class='ocrx_word' id='word_1_750' title='bbox 1167 4842 1332 4900; x_wconf 79' lang='grc' dir='ltr'>αὐτοῦ</span> <span class='ocrx_word' id='word_1_751' title='bbox 1363 4844 1456 4899; x_wconf 79' lang='grc' dir='ltr'><strong>τοῦ</strong></span> <span class='ocrx_word' id='word_1_752' title='bbox 1485 4839 1697 4921; x_wconf 84' lang='grc' dir='ltr'>Πέτρου</span> <span class='ocrx_word' id='word_1_753' title='bbox 1731 4841 1945 4919; x_wconf 87' lang='grc' dir='ltr'>ἀγάπην</span> <span class='ocrx_word' id='word_1_754' title='bbox 1963 4886 1981 4916; x_wconf 88' lang='grc'><strong>,</strong></span> 
     </span>
    </p>
   </div>
   <div class='ocr_carea' id='block_1_95' title="bbox 370 4926 1980 5009">
    <p class='ocr_par' dir='ltr' id='par_1_95' title="bbox 370 4926 1980 5009">
     <span class='ocr_line' id='line_1_95' title="bbox 370 4926 1980 5009; baseline 0.001 -23"><span class='ocrx_word' id='word_1_755' title='bbox 370 4927 468 4986; x_wconf 76' lang='grc' dir='ltr'>καὶ</span> <span class='ocrx_word' id='word_1_756' title='bbox 514 4926 637 4994; x_wconf 85' lang='grc' dir='ltr'>τοὺς</span> <span class='ocrx_word' id='word_1_757' title='bbox 701 4927 895 4996; x_wconf 78' lang='grc' dir='ltr'>ἄλλους</span> <span class='ocrx_word' id='word_1_758' title='bbox 927 4927 1170 4997; x_wconf 80' lang='grc' dir='ltr'>ἅπαντας</span> <span class='ocrx_word' id='word_1_759' title='bbox 1209 4929 1393 5009; x_wconf 81' lang='grc' dir='ltr'>διδάξῃ</span> <span class='ocrx_word' id='word_1_760' title='bbox 1416 4975 1434 5008; x_wconf 89' lang='lat'><strong>,</strong></span> <span class='ocrx_word' id='word_1_761' title='bbox 1481 4929 1560 4990; x_wconf 81' lang='grc' dir='ltr'><strong>ὅτι</strong></span> <span class='ocrx_word' id='word_1_762' title='bbox 1607 4930 1697 4991; x_wconf 81' lang='grc' dir='ltr'><strong>ἐὰν</strong></span> <span class='ocrx_word' id='word_1_763' title='bbox 1747 4931 1980 5008; x_wconf 85' lang='grc' dir='ltr'>θέλωμεν</span> 
     </span>
    </p>
   </div>
   <div class='ocr_carea' id='block_1_96' title="bbox 368 5015 1982 5103">
    <p class='ocr_par' dir='ltr' id='par_1_96' title="bbox 368 5015 1982 5103">
     <span class='ocr_line' id='line_1_96' title="bbox 368 5015 1982 5103; baseline 0.004 -30"><span class='ocrx_word' id='word_1_764' title='bbox 368 5015 530 5075; x_wconf 69' lang='grc' dir='ltr'>αὐτὸν</span> <span class='ocrx_word' id='word_1_765' title='bbox 591 5018 843 5099; x_wconf 79' lang='grc' dir='ltr'>ἀγαπᾷν,</span> <span class='ocrx_word' id='word_1_766' title='bbox 910 5017 1050 5078; x_wconf 77' lang='grc' dir='ltr'>οὕτω</span> <span class='ocrx_word' id='word_1_767' title='bbox 1091 5020 1473 5099; x_wconf 83' lang='grc' dir='ltr'>σπουδάζωμεν</span> <span class='ocrx_word' id='word_1_768' title='bbox 1524 5020 1680 5081; x_wconf 79' lang='grc' dir='ltr'>αὐτὸν</span> <span class='ocrx_word' id='word_1_769' title='bbox 1734 5025 1982 5103; x_wconf 85' lang='grc' dir='ltr'>ἀγαπᾷν,</span> 
     </span>
    </p>
   </div>
   <div class='ocr_carea' id='block_1_97' title="bbox 364 5104 1987 5192">
    <p class='ocr_par' dir='ltr' id='par_1_97' title="bbox 364 5104 1987 5192">
     <span class='ocr_line' id='line_1_97' title="bbox 364 5104 1987 5192; baseline 0.003 -27"><span class='ocrx_word' id='word_1_770' title='bbox 364 5109 424 5166; x_wconf 81' lang='grc' dir='ltr'><strong>ἐν</strong></span> <span class='ocrx_word' id='word_1_771' title='bbox 455 5109 533 5186; x_wconf 79' lang='grc' dir='ltr'><strong>τῷ</strong></span> <span class='ocrx_word' id='word_1_772' title='bbox 580 5110 684 5166; x_wconf 85' lang='grc' dir='ltr'><strong>τῶν</strong></span> <span class='ocrx_word' id='word_1_773' title='bbox 732 5109 976 5191; x_wconf 82' lang='grc' dir='ltr'>ἀδελφῶν</span> <span class='ocrx_word' id='word_1_774' title='bbox 1022 5104 1398 5190; x_wconf 76' lang='grc' dir='ltr'>προίστασθαι.</span> <span class='ocrx_word' id='word_1_775' title='bbox 1458 5113 1588 5179; x_wconf 88' lang='grc' dir='ltr'><strong>Πῶς</strong></span> <span class='ocrx_word' id='word_1_776' title='bbox 1639 5110 1696 5172; x_wconf 83' lang='grc' dir='ltr'>δὲ</span> <span class='ocrx_word' id='word_1_777' title='bbox 1749 5134 1987 5192; x_wconf 82' lang='grc' dir='ltr'>προαγο-</span> 
     </span>
    </p>
   </div>
   <div class='ocr_carea' id='block_1_98' title="bbox 367 5193 1982 5280">
    <p class='ocr_par' dir='ltr' id='par_1_98' title="bbox 367 5193 1982 5280">
     <span class='ocr_line' id='line_1_98' title="bbox 367 5193 1982 5280; baseline 0.001 -27"><span class='ocrx_word' id='word_1_778' title='bbox 367 5196 514 5275; x_wconf 85' lang='grc' dir='ltr'>ρεύει</span> <span class='ocrx_word' id='word_1_779' title='bbox 553 5197 700 5278; x_wconf 79' lang='grc' dir='ltr'>αὐτῷ</span> <span class='ocrx_word' id='word_1_780' title='bbox 736 5196 799 5257; x_wconf 76' lang='grc' dir='ltr'><strong>τὸ</strong></span> <span class='ocrx_word' id='word_1_781' title='bbox 839 5197 1167 5280; x_wconf 84' lang='grc' dir='ltr'>μαρτύριον,</span> <span class='ocrx_word' id='word_1_782' title='bbox 1217 5200 1410 5261; x_wconf 83' lang='grc' dir='ltr'>ἄκουε·</span> <span class='ocrx_word' id='word_1_783' title='bbox 1457 5223 1486 5258; x_wconf 76' lang='grc' dir='ltr'>(ι</span> <span class='ocrx_word' id='word_1_784' title='bbox 1514 5199 1655 5262; x_wconf 84' lang='grc' dir='ltr'>Ὅτε</span> <span class='ocrx_word' id='word_1_785' title='bbox 1682 5193 1748 5275; x_wconf 76' lang='grc' dir='ltr'><strong>ἧς</strong></span> <span class='ocrx_word' id='word_1_786' title='bbox 1794 5200 1982 5261; x_wconf 79' lang='grc' dir='ltr'>νεώτε.</span> 
     </span>
    </p>
   </div>
   <div class='ocr_carea' id='block_1_99' title="bbox 366 5285 1978 5372">
    <p class='ocr_par' dir='ltr' id='par_1_99' title="bbox 366 5285 1978 5372">
     <span class='ocr_line' id='line_1_99' title="bbox 366 5285 1978 5372; baseline 0.002 -27"><span class='ocrx_word' id='word_1_787' title='bbox 366 5311 491 5366; x_wconf 75' lang='grc' dir='ltr'>ρος,</span> <span class='ocrx_word' id='word_1_788' title='bbox 515 5285 767 5355; x_wconf 78' lang='grc' dir='ltr'>ἐζώννυες</span> <span class='ocrx_word' id='word_1_789' title='bbox 814 5287 1074 5364; x_wconf 76' lang='grc' dir='ltr'>σεαυτὸν,</span> <span class='ocrx_word' id='word_1_790' title='bbox 1108 5313 1140 5347; x_wconf 65' lang='grc' dir='ltr'><strong>ι</strong></span> <span class='ocrx_word' id='word_1_791' title='bbox 1186 5289 1279 5350; x_wconf 75' lang='grc' dir='ltr'>καὶ</span> <span class='ocrx_word' id='word_1_792' title='bbox 1310 5290 1378 5350; x_wconf 77' lang='grc' dir='ltr'><strong>τὰ</strong></span> <span class='ocrx_word' id='word_1_793' title='bbox 1416 5289 1555 5364; x_wconf 75' lang='grc' dir='ltr'>ἑξῆς.</span> <span class='ocrx_word' id='word_1_794' title='bbox 1591 5290 1819 5364; x_wconf 86' lang='grc' dir='ltr'>Ἐπειδὴ</span> <span class='ocrx_word' id='word_1_795' title='bbox 1851 5291 1978 5372; x_wconf 80' lang='grc' dir='ltr'>γὰρ,</span> 
     </span>
    </p>
   </div>
   <div class='ocr_carea' id='block_1_100' title="bbox 363 5376 1982 5460">
    <p class='ocr_par' dir='ltr' id='par_1_100' title="bbox 363 5376 1982 5460">
     <span class='ocr_line' id='line_1_100' title="bbox 363 5376 1982 5460; baseline 0.004 -26"><span class='ocrx_word' id='word_1_796' title='bbox 363 5376 563 5456; x_wconf 76' lang='grc' dir='ltr'>φησὶν,</span> <span class='ocrx_word' id='word_1_797' title='bbox 596 5380 812 5460; x_wconf 86' lang='grc' dir='ltr'>ἀγαπᾷς</span> <span class='ocrx_word' id='word_1_798' title='bbox 855 5403 923 5456; x_wconf 86' lang='grc' dir='ltr'><strong>με</strong></span> <span class='ocrx_word' id='word_1_799' title='bbox 946 5425 962 5458; x_wconf 83' lang='grc'><strong>,</strong></span> <span class='ocrx_word' id='word_1_800' title='bbox 1012 5379 1105 5439; x_wconf 76' lang='grc' dir='ltr'><strong>καὶ</strong></span> <span class='ocrx_word' id='word_1_801' title='bbox 1151 5381 1412 5449; x_wconf 79' lang='grc' dir='ltr'>πολλάκις</span> <span class='ocrx_word' id='word_1_802' title='bbox 1446 5382 1500 5440; x_wconf 75' lang='grc' dir='ltr'><strong>ἐν</strong></span> <span class='ocrx_word' id='word_1_803' title='bbox 1539 5384 1648 5450; x_wconf 88' lang='grc' dir='ltr'>τοῖς</span> <span class='ocrx_word' id='word_1_804' title='bbox 1683 5380 1818 5460; x_wconf 71' lang='grc' dir='ltr'>ὑπὲρ</span> <span class='ocrx_word' id='word_1_805' title='bbox 1851 5383 1982 5458; x_wconf 74' lang='grc' dir='ltr'>ἐμοῦ</span> 
     </span>
    </p>
   </div>
   <div class='ocr_carea' id='block_1_101' title="bbox 363 5464 1984 5552">
    <p class='ocr_par' dir='ltr' id='par_1_101' title="bbox 363 5464 1984 5552">
     <span class='ocr_line' id='line_1_101' title="bbox 363 5464 1984 5552; baseline 0.002 -27"><span class='ocrx_word' id='word_1_806' title='bbox 363 5464 626 5530; x_wconf 80' lang='grc' dir='ltr'>κινδύνοις</span> <span class='ocrx_word' id='word_1_807' title='bbox 666 5466 766 5537; x_wconf 81' lang='grc' dir='ltr'><strong>τὴν</strong></span> <span class='ocrx_word' id='word_1_808' title='bbox 795 5468 977 5548; x_wconf 72' lang='grc' dir='ltr'>ψυχήν</span> <span class='ocrx_word' id='word_1_809' title='bbox 1023 5493 1118 5529; x_wconf 90' lang='grc' dir='ltr'><strong>σου</strong></span> <span class='ocrx_word' id='word_1_810' title='bbox 1167 5473 1334 5529; x_wconf 93' lang='grc' dir='ltr'>θεῖναι</span> <span class='ocrx_word' id='word_1_811' title='bbox 1375 5469 1818 5550; x_wconf 83' lang='grc' dir='ltr'>κατεπηγγείλω,</span> <span class='ocrx_word' id='word_1_812' title='bbox 1851 5470 1984 5552; x_wconf 78' lang='grc' dir='ltr'>θάρο</span> 
     </span>
    </p>
   </div>
   <div class='ocr_carea' id='block_1_102' title="bbox 368 5553 1980 5637">
    <p class='ocr_par' dir='ltr' id='par_1_102' title="bbox 368 5553 1980 5637">
     <span class='ocr_line' id='line_1_102' title="bbox 368 5553 1980 5637; baseline 0.002 -25"><span class='ocrx_word' id='word_1_813' title='bbox 368 5557 448 5636; x_wconf 76' lang='grc' dir='ltr'><strong>ρει</strong></span> <span class='ocrx_word' id='word_1_814' title='bbox 471 5601 487 5627; x_wconf 92' lang='grc'><strong>,</strong></span> <span class='ocrx_word' id='word_1_815' title='bbox 539 5553 728 5636; x_wconf 88' lang='grc' dir='ltr'>φησίν.</span> <span class='ocrx_word' id='word_1_816' title='bbox 779 5555 944 5615; x_wconf 75' lang='grc' dir='ltr'>Οὕτω</span> <span class='ocrx_word' id='word_1_817' title='bbox 977 5556 1080 5637; x_wconf 72' lang='grc' dir='ltr'><strong>γὰρ</strong></span> <span class='ocrx_word' id='word_1_818' title='bbox 1106 5558 1374 5636; x_wconf 80' lang='grc' dir='ltr'>ἐμπλήσω</span> <span class='ocrx_word' id='word_1_819' title='bbox 1417 5583 1512 5620; x_wconf 88' lang='grc' dir='ltr'><strong>σου</strong></span> <span class='ocrx_word' id='word_1_820' title='bbox 1545 5559 1641 5632; x_wconf 79' lang='grc' dir='ltr'><strong>τὴν</strong></span> <span class='ocrx_word' id='word_1_821' title='bbox 1675 5560 1980 5636; x_wconf 85' lang='grc' dir='ltr'>ἐπιθυμίαν·</span> 
     </span>
    </p>
   </div>
   <div class='ocr_carea' id='block_1_103' title="bbox 368 5641 1982 5729">
    <p class='ocr_par' dir='ltr' id='par_1_103' title="bbox 368 5641 1982 5729">
     <span class='ocr_line' id='line_1_103' title="bbox 368 5641 1982 5729; baseline 0.004 -27"><span class='ocrx_word' id='word_1_822' title='bbox 368 5643 506 5704; x_wconf 76' lang='grc' dir='ltr'>ὥστε</span> <span class='ocrx_word' id='word_1_823' title='bbox 555 5644 694 5726; x_wconf 79' lang='grc' dir='ltr'>ἅπερ</span> <span class='ocrx_word' id='word_1_824' title='bbox 728 5647 825 5705; x_wconf 72' lang='grc' dir='ltr'><strong>οὐκ</strong></span> <span class='ocrx_word' id='word_1_825' title='bbox 857 5641 1050 5713; x_wconf 76' lang='grc' dir='ltr'>ἔπαθες</span> <span class='ocrx_word' id='word_1_826' title='bbox 1078 5646 1189 5716; x_wconf 84' lang='grc' dir='ltr'>νέος</span> <span class='ocrx_word' id='word_1_827' title='bbox 1221 5648 1295 5707; x_wconf 82' lang='grc' dir='ltr'><strong>ὢν</strong></span> <span class='ocrx_word' id='word_1_828' title='bbox 1317 5694 1334 5723; x_wconf 92' lang='grc'><strong>,</strong></span> <span class='ocrx_word' id='word_1_829' title='bbox 1377 5650 1551 5710; x_wconf 72' lang='grc' dir='ltr'>ταῦτά</span> <span class='ocrx_word' id='word_1_830' title='bbox 1593 5673 1653 5708; x_wconf 88' lang='grc' dir='ltr'><strong>σε</strong></span> <span class='ocrx_word' id='word_1_831' title='bbox 1682 5655 1868 5709; x_wconf 89' lang='grc' dir='ltr'>παθεῖν</span> <span class='ocrx_word' id='word_1_832' title='bbox 1891 5674 1982 5729; x_wconf 91' lang='grc' dir='ltr'>γε-</span> 
     </span>
    </p>
   </div>
   <div class='ocr_carea' id='block_1_104' title="bbox 366 5733 1982 5822">
    <p class='ocr_par' dir='ltr' id='par_1_104' title="bbox 366 5733 1982 5822">
     <span class='ocr_line' id='line_1_104' title="bbox 366 5733 1982 5822; baseline 0.002 -29"><span class='ocrx_word' id='word_1_833' title='bbox 366 5735 667 5817; x_wconf 82' lang='grc' dir='ltr'>γηρακότα.</span> <span class='ocrx_word' id='word_1_834' title='bbox 761 5733 1189 5812; x_wconf 77' lang='grc' dir='ltr'>Ἀναμιμνήσκει</span> <span class='ocrx_word' id='word_1_835' title='bbox 1244 5737 1298 5796; x_wconf 81' lang='grc' dir='ltr'>δὲ</span> <span class='ocrx_word' id='word_1_836' title='bbox 1351 5739 1508 5798; x_wconf 80' lang='grc' dir='ltr'>αὐτὸν</span> <span class='ocrx_word' id='word_1_837' title='bbox 1577 5744 1670 5798; x_wconf 79' lang='grc' dir='ltr'><strong>τοῦ</strong></span> <span class='ocrx_word' id='word_1_838' title='bbox 1726 5740 1982 5822; x_wconf 85' lang='grc' dir='ltr'>προτέρου</span> 
     </span>
    </p>
   </div>
   <div class='ocr_carea' id='block_1_105' title="bbox 436 5924 1398 5996">
    <p class='ocr_par' dir='ltr' id='par_1_105' title="bbox 436 5924 1398 5996">
     <span class='ocr_line' id='line_1_105' title="bbox 436 5924 1398 5996; baseline -0.003 -11"><span class='ocrx_word' id='word_1_839' title='bbox 436 5924 482 5959; x_wconf 79' lang='grc'><strong>³⁷</strong></span> <span class='ocrx_word' id='word_1_840' title='bbox 507 5925 652 5984; x_wconf 88' lang='lat' dir='ltr'><strong>Tob.</strong></span> <span class='ocrx_word' id='word_1_841' title='bbox 683 5940 746 5996; x_wconf 72' lang='grc' dir='ltr'><strong>ν,</strong></span> <span class='ocrx_word' id='word_1_842' title='bbox 781 5929 886 5991; x_wconf 78' lang='lat'><strong>13;</strong></span> <span class='ocrx_word' id='word_1_843' title='bbox 916 5927 1043 5981; x_wconf 77' lang='lat' dir='ltr'><strong>Act.</strong></span> <span class='ocrx_word' id='word_1_844' title='bbox 1075 5933 1278 5995; x_wconf 83' lang='lat' dir='ltr'><strong>xxvu,</strong></span> <span class='ocrx_word' id='word_1_845' title='bbox 1307 5931 1398 5982; x_wconf 84' lang='lat'><strong>25.</strong></span> 
     </span>
    </p>
   </div>
   <div class='ocr_carea' id='block_1_106' title="bbox 2089 4660 3699 4739">
    <p class='ocr_par' dir='ltr' id='par_1_106' title="bbox 2089 4660 3699 4739">
     <span class='ocr_line' id='line_1_106' title="bbox 2089 4660 3699 4739; baseline -0.002 -20"><span class='ocrx_word' id='word_1_846' title='bbox 2089 4664 2185 4739; x_wconf 88' lang='lat' dir='ltr'><strong>qui</strong></span> <span class='ocrx_word' id='word_1_847' title='bbox 2215 4679 2313 4735; x_wconf 89' lang='lat' dir='ltr'><strong>pro</strong></span> <span class='ocrx_word' id='word_1_848' title='bbox 2338 4664 2460 4735; x_wconf 90' lang='lat' dir='ltr'><strong>ipso</strong></span> <span class='ocrx_word' id='word_1_849' title='bbox 2488 4663 2824 4736; x_wconf 89' lang='lat' dir='ltr'><strong>martyrium</strong></span> <span class='ocrx_word' id='word_1_850' title='bbox 2851 4669 2995 4718; x_wconf 90' lang='lat' dir='ltr'><strong>esset</strong></span> <span class='ocrx_word' id='word_1_851' title='bbox 3030 4662 3340 4730; x_wconf 89' lang='lat' dir='ltr'><strong>subiturus,</strong></span> <span class='ocrx_word' id='word_1_852' title='bbox 3366 4660 3466 4718; x_wconf 90' lang='lat' dir='ltr'><strong>sed</strong></span> <span class='ocrx_word' id='word_1_853' title='bbox 3495 4668 3558 4716; x_wconf 91' lang='lat' dir='ltr'><strong>ut</strong></span> <span class='ocrx_word' id='word_1_854' title='bbox 3575 4675 3699 4716; x_wconf 87' lang='lat' dir='ltr'><strong>ma-</strong></span> 
     </span>
    </p>
   </div>
   <div class='ocr_carea' id='block_1_107' title="bbox 2089 4751 3701 4829">
    <p class='ocr_par' dir='ltr' id='par_1_107' title="bbox 2089 4751 3701 4829">
     <span class='ocr_line' id='line_1_107' title="bbox 2089 4751 3701 4829; baseline -0.002 -17"><span class='ocrx_word' id='word_1_855' title='bbox 2089 4755 2173 4829; x_wconf 88' lang='lat' dir='ltr'><strong>gis</strong></span> <span class='ocrx_word' id='word_1_856' title='bbox 2208 4753 2523 4812; x_wconf 90' lang='lat' dir='ltr'><strong>ostenderet</strong></span> <span class='ocrx_word' id='word_1_857' title='bbox 2548 4753 2718 4826; x_wconf 88' lang='lat' dir='ltr'><strong>ipsius</strong></span> <span class='ocrx_word' id='word_1_858' title='bbox 2745 4753 2893 4809; x_wconf 90' lang='lat' dir='ltr'><strong>Petri</strong></span> <span class='ocrx_word' id='word_1_859' title='bbox 2933 4751 3305 4820; x_wconf 89' lang='lat' dir='ltr'><strong>dilectionem,</strong></span> <span class='ocrx_word' id='word_1_860' title='bbox 3340 4767 3405 4808; x_wconf 91' lang='lat' dir='ltr'><strong>ac</strong></span> <span class='ocrx_word' id='word_1_861' title='bbox 3445 4767 3548 4807; x_wconf 92' lang='lat' dir='ltr'><strong>nos</strong></span> <span class='ocrx_word' id='word_1_862' title='bbox 3577 4767 3701 4808; x_wconf 91' lang='lat' dir='ltr'><strong>om-</strong></span> 
     </span>
    </p>
   </div>
   <div class='ocr_carea' id='block_1_108' title="bbox 2088 4841 3701 4916">
    <p class='ocr_par' dir='ltr' id='par_1_108' title="bbox 2088 4841 3701 4916">
     <span class='ocr_line' id='line_1_108' title="bbox 2088 4841 3701 4916; baseline -0.002 -14"><span class='ocrx_word' id='word_1_863' title='bbox 2088 4861 2189 4903; x_wconf 91' lang='lat' dir='ltr'><strong>nes</strong></span> <span class='ocrx_word' id='word_1_864' title='bbox 2239 4845 2436 4902; x_wconf 89' lang='lat' dir='ltr'><strong>doceat</strong></span> <span class='ocrx_word' id='word_1_865' title='bbox 2479 4861 2492 4899; x_wconf 88' lang='lat'>:</span> <span class='ocrx_word' id='word_1_866' title='bbox 2539 4843 2690 4916; x_wconf 91' lang='lat' dir='ltr'><strong>quod</strong></span> <span class='ocrx_word' id='word_1_867' title='bbox 2733 4842 2777 4900; x_wconf 91' lang='lat' dir='ltr'><strong>si</strong></span> <span class='ocrx_word' id='word_1_868' title='bbox 2819 4841 3053 4899; x_wconf 90' lang='lat' dir='ltr'><strong>velimus</strong></span> <span class='ocrx_word' id='word_1_869' title='bbox 3102 4843 3286 4914; x_wconf 91' lang='lat' dir='ltr'><strong>ipsum</strong></span> <span class='ocrx_word' id='word_1_870' title='bbox 3332 4841 3585 4915; x_wconf 90' lang='lat' dir='ltr'><strong>diligere,</strong></span> <span class='ocrx_word' id='word_1_871' title='bbox 3622 4842 3701 4900; x_wconf 90' lang='lat' dir='ltr'><strong>sic</strong></span> 
     </span>
    </p>
   </div>
   <div class='ocr_carea' id='block_1_109' title="bbox 2091 4930 3699 5006">
    <p class='ocr_par' dir='ltr' id='par_1_109' title="bbox 2091 4930 3699 5006">
     <span class='ocr_line' id='line_1_109' title="bbox 2091 4930 3699 5006; baseline -0.003 -14"><span class='ocrx_word' id='word_1_872' title='bbox 2091 4934 2415 4992; x_wconf 89' lang='lat' dir='ltr'><strong>studeamus</strong></span> <span class='ocrx_word' id='word_1_873' title='bbox 2439 4932 2622 5006; x_wconf 91' lang='lat' dir='ltr'><strong>ipsum</strong></span> <span class='ocrx_word' id='word_1_874' title='bbox 2647 4931 2900 5005; x_wconf 89' lang='lat' dir='ltr'><strong>diligere,</strong></span> <span class='ocrx_word' id='word_1_875' title='bbox 2922 4932 3191 4989; x_wconf 88' lang='lat' dir='ltr'><strong>nimirum</strong></span> <span class='ocrx_word' id='word_1_876' title='bbox 3221 4931 3278 4987; x_wconf 92' lang='lat' dir='ltr'><strong>in</strong></span> <span class='ocrx_word' id='word_1_877' title='bbox 3306 4930 3547 4988; x_wconf 83' lang='lat' dir='ltr'><strong>fratrum</strong></span> <span class='ocrx_word' id='word_1_878' title='bbox 3568 4948 3699 4988; x_wconf 91' lang='lat' dir='ltr'><strong>cura</strong></span> 
     </span>
    </p>
   </div>
   <div class='ocr_carea' id='block_1_110' title="bbox 2091 5021 3701 5098">
    <p class='ocr_par' dir='ltr' id='par_1_110' title="bbox 2091 5021 3701 5098">
     <span class='ocr_line' id='line_1_110' title="bbox 2091 5021 3701 5098; baseline -0.004 -14"><span class='ocrx_word' id='word_1_879' title='bbox 2091 5023 2456 5098; x_wconf 88' lang='lat' dir='ltr'><strong>suscipienda.</strong></span> <span class='ocrx_word' id='word_1_880' title='bbox 2508 5023 2655 5080; x_wconf 80' lang='lat' dir='ltr'><strong>Audi</strong></span> <span class='ocrx_word' id='word_1_881' title='bbox 2702 5031 2892 5080; x_wconf 90' lang='lat' dir='ltr'><strong>autem</strong></span> <span class='ocrx_word' id='word_1_882' title='bbox 2941 5021 3223 5095; x_wconf 91' lang='lat' dir='ltr'><strong>quomodo</strong></span> <span class='ocrx_word' id='word_1_883' title='bbox 3279 5022 3326 5078; x_wconf 92' lang='lat' dir='ltr'><strong>ei</strong></span> <span class='ocrx_word' id='word_1_884' title='bbox 3371 5023 3701 5094; x_wconf 88' lang='lat' dir='ltr'><strong>martyrium</strong></span> 
     </span>
    </p>
   </div>
   <div class='ocr_carea' id='block_1_111' title="bbox 2093 5112 3694 5188">
    <p class='ocr_par' dir='ltr' id='par_1_111' title="bbox 2093 5112 3694 5188">
     <span class='ocr_line' id='line_1_111' title="bbox 2093 5112 3694 5188; baseline -0.004 -15"><span class='ocrx_word' id='word_1_885' title='bbox 2093 5114 2360 5188; x_wconf 68' lang='lat' dir='ltr'><strong>praedicat</strong></span> <span class='ocrx_word' id='word_1_886' title='bbox 2391 5136 2404 5173; x_wconf 86' lang='lat'><strong>:</strong></span> <span class='ocrx_word' id='word_1_887' title='bbox 2441 5133 2470 5168; x_wconf 77' lang='grc' dir='ltr'><strong>ιι</strong></span> <span class='ocrx_word' id='word_1_888' title='bbox 2498 5112 2736 5187; x_wconf 89' lang='lat' dir='ltr'><strong>Quando</strong></span> <span class='ocrx_word' id='word_1_889' title='bbox 2765 5129 2915 5170; x_wconf 91' lang='lat' dir='ltr'><strong>esses</strong></span> <span class='ocrx_word' id='word_1_890' title='bbox 2935 5112 3126 5186; x_wconf 86' lang='lat' dir='ltr'><strong>junior</strong></span> <span class='ocrx_word' id='word_1_891' title='bbox 3152 5112 3413 5184; x_wconf 91' lang='lat' dir='ltr'><strong>cingebas</strong></span> <span class='ocrx_word' id='word_1_892' title='bbox 3432 5121 3504 5181; x_wconf 94' lang='lat' dir='ltr'><strong>te,</strong></span> <span class='ocrx_word' id='word_1_893' title='bbox 3544 5135 3569 5160; x_wconf 76' lang='grc' dir='ltr'>ι»</span> <span class='ocrx_word' id='word_1_894' title='bbox 3591 5119 3694 5167; x_wconf 92' lang='lat' dir='ltr'><strong>etc.</strong></span> 
     </span>
    </p>
   </div>
   <div class='ocr_carea' id='block_1_112' title="bbox 2093 5202 3697 5279">
    <p class='ocr_par' dir='ltr' id='par_1_112' title="bbox 2093 5202 3697 5279">
     <span class='ocr_line' id='line_1_112' title="bbox 2093 5202 3697 5279; baseline -0.002 -16"><span class='ocrx_word' id='word_1_895' title='bbox 2093 5205 2557 5279; x_wconf 88' lang='lat' dir='ltr'><strong>Quandoquidem</strong></span> <span class='ocrx_word' id='word_1_896' title='bbox 2587 5205 2760 5275; x_wconf 89' lang='lat' dir='ltr'><strong>enim,</strong></span> <span class='ocrx_word' id='word_1_897' title='bbox 2789 5204 2994 5278; x_wconf 89' lang='lat' dir='ltr'><strong>inquit,</strong></span> <span class='ocrx_word' id='word_1_898' title='bbox 3023 5219 3116 5260; x_wconf 94' lang='lat' dir='ltr'><strong>me</strong></span> <span class='ocrx_word' id='word_1_899' title='bbox 3144 5202 3367 5275; x_wconf 90' lang='lat' dir='ltr'><strong>diligas,</strong></span> <span class='ocrx_word' id='word_1_900' title='bbox 3413 5212 3467 5259; x_wconf 91' lang='lat' dir='ltr'><strong>et</strong></span> <span class='ocrx_word' id='word_1_901' title='bbox 3495 5211 3549 5259; x_wconf 90' lang='lat' dir='ltr'><strong>te</strong></span> <span class='ocrx_word' id='word_1_902' title='bbox 3579 5202 3697 5259; x_wconf 85' lang='lat' dir='ltr'><strong>ani-</strong></span> 
     </span>
    </p>
   </div>
   <div class='ocr_carea' id='block_1_113' title="bbox 2091 5292 3699 5368">
    <p class='ocr_par' dir='ltr' id='par_1_113' title="bbox 2091 5292 3699 5368">
     <span class='ocr_line' id='line_1_113' title="bbox 2091 5292 3699 5368; baseline -0.003 -15"><span class='ocrx_word' id='word_1_903' title='bbox 2091 5313 2244 5353; x_wconf 91' lang='lat' dir='ltr'><strong>mam</strong></span> <span class='ocrx_word' id='word_1_904' title='bbox 2271 5305 2424 5352; x_wconf 90' lang='lat' dir='ltr'><strong>tuam</strong></span> <span class='ocrx_word' id='word_1_905' title='bbox 2462 5295 2520 5352; x_wconf 91' lang='lat' dir='ltr'><strong>in</strong></span> <span class='ocrx_word' id='word_1_906' title='bbox 2549 5295 2810 5368; x_wconf 90' lang='lat' dir='ltr'><strong>periculis</strong></span> <span class='ocrx_word' id='word_1_907' title='bbox 2845 5311 2945 5367; x_wconf 88' lang='lat' dir='ltr'><strong>pro</strong></span> <span class='ocrx_word' id='word_1_908' title='bbox 2975 5310 3066 5351; x_wconf 90' lang='lat' dir='ltr'><strong>me</strong></span> <span class='ocrx_word' id='word_1_909' title='bbox 3095 5293 3405 5367; x_wconf 92' lang='lat' dir='ltr'><strong>positurum</strong></span> <span class='ocrx_word' id='word_1_910' title='bbox 3436 5292 3699 5365; x_wconf 88' lang='lat' dir='ltr'><strong>frequen-</strong></span> 
     </span>
    </p>
   </div>
   <div class='ocr_carea' id='block_1_114' title="bbox 2091 5380 3694 5458">
    <p class='ocr_par' dir='ltr' id='par_1_114' title="bbox 2091 5380 3694 5458">
     <span class='ocr_line' id='line_1_114' title="bbox 2091 5380 3694 5458; baseline -0.004 -16"><span class='ocrx_word' id='word_1_911' title='bbox 2091 5395 2179 5443; x_wconf 90' lang='lat' dir='ltr'><strong>ter</strong></span> <span class='ocrx_word' id='word_1_912' title='bbox 2215 5385 2291 5443; x_wconf 90' lang='lat' dir='ltr'><strong>sis</strong></span> <span class='ocrx_word' id='word_1_913' title='bbox 2322 5385 2618 5458; x_wconf 90' lang='lat' dir='ltr'><strong>pollicitus,</strong></span> <span class='ocrx_word' id='word_1_914' title='bbox 2671 5406 2700 5435; x_wconf 85' lang='lat'><strong>«</strong></span> <span class='ocrx_word' id='word_1_915' title='bbox 2731 5385 2906 5453; x_wconf 91' lang='lat' dir='ltr'><strong>bono,</strong></span> <span class='ocrx_word' id='word_1_916' title='bbox 2955 5384 3151 5457; x_wconf 88' lang='lat' dir='ltr'><strong>inquit,</strong></span> <span class='ocrx_word' id='word_1_917' title='bbox 3192 5391 3312 5439; x_wconf 91' lang='lat' dir='ltr'><strong>esto</strong></span> <span class='ocrx_word' id='word_1_918' title='bbox 3336 5381 3522 5438; x_wconf 91' lang='lat' dir='ltr'><strong>animo</strong></span> <span class='ocrx_word' id='word_1_919' title='bbox 3550 5380 3616 5437; x_wconf 74' lang='lat'><strong>’7.</strong></span> <span class='ocrx_word' id='word_1_920' title='bbox 3665 5400 3694 5436; x_wconf 78' lang='grc' dir='ltr'><strong>ιι</strong></span> 
     </span>
    </p>
   </div>
   <div class='ocr_carea' id='block_1_115' title="bbox 2090 5471 3702 5547">
    <p class='ocr_par' dir='ltr' id='par_1_115' title="bbox 2090 5471 3702 5547">
     <span class='ocr_line' id='line_1_115' title="bbox 2090 5471 3702 5547; baseline -0.004 -15"><span class='ocrx_word' id='word_1_921' title='bbox 2090 5480 2276 5532; x_wconf 90' lang='lat' dir='ltr'><strong>Tuum</strong></span> <span class='ocrx_word' id='word_1_922' title='bbox 2315 5476 2390 5532; x_wconf 90' lang='lat' dir='ltr'><strong>ita</strong></span> <span class='ocrx_word' id='word_1_923' title='bbox 2421 5475 2650 5547; x_wconf 87' lang='lat' dir='ltr'><strong>explebo</strong></span> <span class='ocrx_word' id='word_1_924' title='bbox 2697 5473 3054 5542; x_wconf 90' lang='lat' dir='ltr'><strong>desiderium,</strong></span> <span class='ocrx_word' id='word_1_925' title='bbox 3099 5483 3160 5530; x_wconf 89' lang='lat' dir='ltr'><strong>ut</strong></span> <span class='ocrx_word' id='word_1_926' title='bbox 3187 5488 3311 5546; x_wconf 68' lang='lat' dir='ltr'><strong>qua:</strong></span> <span class='ocrx_word' id='word_1_927' title='bbox 3343 5471 3558 5545; x_wconf 90' lang='lat' dir='ltr'><strong>juvenis</strong></span> <span class='ocrx_word' id='word_1_928' title='bbox 3586 5487 3702 5528; x_wconf 91' lang='lat' dir='ltr'><strong>non</strong></span> 
     </span>
    </p>
   </div>
   <div class='ocr_carea' id='block_1_116' title="bbox 2093 5561 3702 5640">
    <p class='ocr_par' dir='ltr' id='par_1_116' title="bbox 2093 5561 3702 5640">
     <span class='ocr_line' id='line_1_116' title="bbox 2093 5561 3702 5640; baseline -0.005 -17"><span class='ocrx_word' id='word_1_929' title='bbox 2093 5582 2152 5623; x_wconf 90' lang='lat' dir='ltr'><strong>es</strong></span> <span class='ocrx_word' id='word_1_930' title='bbox 2180 5581 2393 5640; x_wconf 91' lang='lat' dir='ltr'><strong>passus,</strong></span> <span class='ocrx_word' id='word_1_931' title='bbox 2440 5581 2500 5620; x_wconf 89' lang='lat' dir='ltr'><strong>ea</strong></span> <span class='ocrx_word' id='word_1_932' title='bbox 2531 5579 2697 5619; x_wconf 86' lang='lat' dir='ltr'><strong>senex</strong></span> <span class='ocrx_word' id='word_1_933' title='bbox 2745 5563 2983 5635; x_wconf 90' lang='lat' dir='ltr'><strong>patiaris.</strong></span> <span class='ocrx_word' id='word_1_934' title='bbox 3029 5561 3473 5620; x_wconf 89' lang='lat' dir='ltr'><strong>Commonefacit</strong></span> <span class='ocrx_word' id='word_1_935' title='bbox 3509 5568 3702 5616; x_wconf 87' lang='lat' dir='ltr'><strong>autem</strong></span> 
     </span>
    </p>
   </div>
   <div class='ocr_carea' id='block_1_117' title="bbox 2093 5649 3700 5729">
    <p class='ocr_par' dir='ltr' id='par_1_117' title="bbox 2093 5649 3700 5729">
     <span class='ocr_line' id='line_1_117' title="bbox 2093 5649 3700 5729; baseline -0.005 -17"><span class='ocrx_word' id='word_1_936' title='bbox 2093 5657 2275 5729; x_wconf 91' lang='lat' dir='ltr'><strong>ipsum</strong></span> <span class='ocrx_word' id='word_1_937' title='bbox 2306 5655 2508 5729; x_wconf 87' lang='lat' dir='ltr'><strong>prioris</strong></span> <span class='ocrx_word' id='word_1_938' title='bbox 2536 5653 2665 5709; x_wconf 64' lang='lat' dir='ltr'><strong>vita:</strong></span> <span class='ocrx_word' id='word_1_939' title='bbox 2694 5671 2708 5708; x_wconf 89' lang='lat'><strong>:</strong></span> <span class='ocrx_word' id='word_1_940' title='bbox 2742 5653 3042 5710; x_wconf 88' lang='lat' dir='ltr'><strong>ostendens</strong></span> <span class='ocrx_word' id='word_1_941' title='bbox 3061 5652 3211 5724; x_wconf 92' lang='lat' dir='ltr'><strong>quod</strong></span> <span class='ocrx_word' id='word_1_942' title='bbox 3255 5652 3370 5707; x_wconf 89' lang='lat' dir='ltr'><strong>vice</strong></span> <span class='ocrx_word' id='word_1_943' title='bbox 3400 5666 3554 5707; x_wconf 86' lang='lat' dir='ltr'><strong>versa</strong></span> <span class='ocrx_word' id='word_1_944' title='bbox 3580 5649 3700 5722; x_wconf 90' lang='lat' dir='ltr'><strong>spi—</strong></span> 
     </span>
    </p>
   </div>
   <div class='ocr_carea' id='block_1_118' title="bbox 2093 5739 3700 5814">
    <p class='ocr_par' dir='ltr' id='par_1_118' title="bbox 2093 5739 3700 5814">
     <span class='ocr_line' id='line_1_118' title="bbox 2093 5739 3700 5814; baseline -0.004 -11"><span class='ocrx_word' id='word_1_945' title='bbox 2093 5747 2311 5804; x_wconf 89' lang='lat' dir='ltr'><strong>ritualia</strong></span> <span class='ocrx_word' id='word_1_946' title='bbox 2382 5743 2699 5802; x_wconf 88' lang='lat' dir='ltr'><strong>carnalibus</strong></span> <span class='ocrx_word' id='word_1_947' title='bbox 2760 5741 3154 5814; x_wconf 88' lang='lat' dir='ltr'><strong>repondeant.</strong></span> <span class='ocrx_word' id='word_1_948' title='bbox 3206 5745 3271 5798; x_wconf 89' lang='lat' dir='ltr'><strong>In</strong></span> <span class='ocrx_word' id='word_1_949' title='bbox 3317 5739 3700 5812; x_wconf 88' lang='lat' dir='ltr'><strong>corporalibus</strong></span> 
     </span>
    </p>
   </div>
  </div>
