4128 6464
338 571 450 626 313

1130 565 1523 622 ENARBATIO
1563 566 1630 621 IN
1669 565 2107 622 EVANGELIUM
2143 564 2440 621 JOANNIS.
2482 594 2554 607 —
2591 565 2741 622 CAP.
2783 567 2908 622 XXI.

3558 570 3662 626 814

337 718 474 772 μαι,
510 693 562 752 τί
598 693 728 773 πρὸς
757 692 849 766 ai;
882 720 909 745 ι
964 692 1308 773 Ἐνεχείρησε
1338 690 1426 771 .
1483 691 1812 773 ἐνεχείρισε]
1851 691 1937 770 μὲν

2061 690 2315 747 omnium
2332 689 2739 762 praefecturam.
2762 691 3027 762 Quamvis
3043 693 3195 750 enim
3211 695 3453 751 Iacobus
3471 693 3662 752 sedem

337 788 416 864 τῷ
460 783 653 863 Πέτρῳ
684 783 781 856 τὴν
828 781 1048 841 πάντων
1079 785 1184 841 τῶν
1232 786 1437 842 πιστῶν
1487 783 1841 862 προστασίαν.
1882 785 1949 840 Εἰ

334 873 444 954 γὰρ
477 873 570 932 καὶ
609 876 714 932 τῶν
759 871 1154 953 Ἱεροσολύμων
1183 871 1439 938 Ἰάκωϐος
1490 871 1579 930 τὸν
1611 872 1790 953 θρόνον
1823 873 1949 932 ἔλα-

337 964 429 1024 ϐεν
452 1011 468 1037 ,
506 962 645 1022 ἀλλὰ
677 963 879 1044 Πέτρος
921 967 1018 1033 τῆς
1061 962 1372 1040 οἰκουμένης
1404 961 1638 1034 ἁπάσης.
1689 961 1844 1034 Φησὶ
1893 959 1949 1021 δὲ

341 1056 475 1134 πρὸς
508 1053 667 1113 αὐτὸν
719 1052 856 1130 μετὰ
897 1058 1090 1112 ταῦτα·
1135 1079 1159 1106 α
1199 1051 1496 1114 Ἀκολούθει
1533 1074 1652 1130 μοι·
1688 1079 1714 1106 η
1751 1050 1951 1120 δεικνὺς

345 1145 404 1202 τὸ
437 1143 826 1219 κηδεμονικὸν,
872 1147 964 1202 καὶ
1009 1143 1068 1201 τὸ
1102 1142 1230 1222 πρὸς
1265 1143 1421 1203 αὐτὸν
1463 1141 1667 1209 οἰκείως
1697 1143 1950 1201 διατεθεῖ-

350 1239 489 1294 σθαι,
522 1230 672 1311 Ἅμα
703 1232 757 1292 δὲ
799 1232 890 1292 καὶ
925 1234 1274 1305 άκολούθησιν
1324 1235 1550 1292 ἐνταῦθα
1589 1233 1729 1307 νόει,
1762 1232 1860 1304 τὴν
1893 1234 1946 1292 ἐν

348 1332 480 1381 πᾶσι
511 1333 616 1389 τοῖς
644 1323 815 1403 ἔργοις
848 1322 1070 1390 καὶτοῖς
1109 1322 1284 1402 λόγοις
1317 1321 1672 1401 ἐκπλήρωσιν.
1724 1325 1796 1383 Οἱ
1842 1322 1946 1401 γὰρ

337 1413 462 1472 κατ’
490 1414 637 1493 ἴχνος
661 1417 756 1484 τῆς
785 1413 950 1471 αὐτοῦ
973 1411 1245 1480 πολιτείας
1274 1413 1542 1491 βαίνοντες
1561 1458 1578 1493 ,
1614 1411 1705 1471 καὶ
1751 1412 1946 1490 μιμού-

336 1525 494 1577 μενοι
515 1492 690 1560 αὐτοῦ
734 1501 830 1574 τὴν
879 1504 931 1560 ἐν
967 1511 1129 1560 πᾶσιν
1180 1500 1489 1581 ἀκρίϐειαν,
1526 1492 1669 1560 οὗτοι
1717 1504 1944 1561 ἀκολου-

335 1597 523 1651 θοῦσιν
553 1594 719 1672 αὐτῷ.
749 1592 898 1659 Τέως
937 1591 982 1650 δ’
1024 1583 1112 1652 οὖν
1154 1594 1418 1664 αἰσθητῶς
1457 1595 1816 1662 ἀκολουθῆσαι
1843 1594 1947 1651 αὖ-

338 1685 419 1762 τῷ
450 1683 541 1742 τὸν
577 1682 785 1763 Πέτρον
822 1682 1214 1762 προτρέπεται,
1248 1680 1448 1748 δεικνὺς
1466 1727 1482 1756 ,
1511 1678 1642 1759 ὅπερ
1671 1681 1820 1762 ἔφην,
1847 1681 1946 1755 τὴν

331 1772 470 1852 πρὸς
524 1771 682 1831 αὐτὸν
731 1772 1023 1833 οἷκείωσιν.
1068 1770 1206 1840 Τοὺς
1251 1771 1354 1852 γὰρ
1411 1771 1788 1851 οἰκειοτέρους,
1819 1771 1947 1832 τού-

328 1885 456 1928 τους
487 1859 804 1927 ἀκολούθους
833 1860 1155 1938 ποιούμεθα.
1208 1860 1369 1922 Ἐπεὶ
1396 1861 1449 1920 δὲ
1480 1866 1648 1920 ταῦτα
1682 1865 1710 1920 ὁ
1744 1860 1946 1941 Πέτρος

328 1951 561 2021 ἤκουσεν
585 1995 604 2029 ,
638 1950 730 2010 καὶ
758 1951 1008 2011 τοιούτων
1041 1949 1274 2023 ἠξιώθη,
1325 1953 1396 2019 ὡς
1434 1951 1526 2010 καὶ
1569 1951 1666 2024 τὴν
1697 1951 1944 2029 οἰκουμέ-

2058 780 2463 853 Hierosolymis
2493 783 2789 854 acceperit,
2835 786 2936 839 sed
2965 787 3160 841 Petrus
3186 784 3352 842 totius
3391 793 3662 843 terrarum

2056 871 2223 927 orbis.
2257 872 2415 928 Dixit
2441 881 2626 928 autem
2658 873 2763 944 ipsi
2794 881 2918 945 post
2946 872 3086 941 haec,
3138 898 3162 923 α
3194 876 3435 948 Sequere
3482 892 3596 945 me,
3627 897 3656 930 ιι

2053 962 2350 1018 sollicitum
2380 961 2677 1019 ostendens
2721 971 2777 1019 et
2803 962 3142 1021 familiarem
3181 981 3294 1038 quo
3324 981 3453 1038 erga
3483 965 3659 1038 ipsum

2054 1050 2385 1120 afﬁceretur,
2401 1052 2686 1109 affectum.
2712 1052 2995 1111 Christum
3017 1062 3200 1111 autem
3220 1056 3375 1128 sequi
3394 1054 3480 1111 hic
3500 1055 3662 1112 intel-

2054 1141 2180 1214 lige,
2207 1157 2438 1214 operum
2471 1143 2532 1198 in
2558 1142 2822 1200 omnibus
2850 1153 2906 1200 et
2932 1144 3232 1200 verborum
3256 1144 3658 1217 impletionem.

2052 1231 2159 1304 Qui
2183 1232 2334 1288 enim
2365 1249 2463 1304 per
2491 1233 2724 1305 vestigia
2753 1234 2880 1291 vitae
2910 1234 3083 1306 ipsius
3124 1235 3411 1305 incedunt,
3437 1235 3662 1292 imitan-

2052 1329 2253 1393 turque
2281 1321 2398 1394 ejus
2440 1322 2494 1377 in
2537 1321 2801 1379 omnibus
2830 1323 3192 1396 diligentiam,
3227 1325 3311 1381 isti
3351 1333 3664 1397 sequuntur

2055 1411 2258 1483 ipsum.
2284 1413 2518 1468 Interim
2531 1421 2716 1468 autem
2735 1415 2959 1469 Petrum
2982 1413 3308 1471 adhortatur
3327 1423 3390 1470 ut
3404 1431 3461 1471 se
3477 1417 3660 1487 palam

2054 1509 2337 1573 sequatur,
2352 1517 2510 1558 suam
2529 1501 2837 1571 declarans,
2870 1511 2934 1559 ut
2961 1503 3096 1574 dixi,
3117 1519 3287 1575 quam
3316 1520 3448 1576 erga
3477 1504 3661 1576 ipsum

2055 1589 2295 1647 habebat
2325 1590 2776 1648 familiaritatem.
2823 1593 2930 1663 Qui
2969 1594 3117 1650 enim
3158 1593 3320 1650 nobis
3348 1593 3503 1650 valde
3532 1601 3663 1650 sunt

2051 1680 2375 1747 familiares,
2399 1689 2459 1737 ut
2487 1681 2543 1737 hi
2567 1697 2669 1738 nos
2695 1691 2996 1753 sequantur
3023 1684 3260 1756 agimus.
3291 1685 3660 1756 Posteaquam

2053 1780 2242 1828 autem
2272 1773 2468 1828 Petrus
2492 1773 2597 1828 ista
2624 1770 2946 1842 audivisset,
2973 1781 3030 1828 et
3057 1773 3259 1830 talibus
3286 1772 3488 1847 dignus
3516 1781 3660 1831 esset

2054 1860 2299 1931 habitus,
2332 1870 2393 1918 ut
2423 1861 2526 1934 ipsi
2552 1870 2828 1918 terrarum
2859 1862 3004 1918 orbis
3029 1863 3490 1930 committeretur,
3514 1879 3660 1920 mar-

2053 1953 2305 2025 tyrioque
2355 1951 2564 2024 dignus
2611 1951 2930 2020 haberetur,
2979 1954 3253 2009 Joannem
3306 1952 3662 2010 vehementer

327 2065 426 2114 νην
477 2043 908 2120 ἐγχειρισθῆναι,
957 2041 1049 2100 καὶ
1100 2040 1396 2121 μαρτυρίας
1441 2041 1758 2118 ἀξιωθῆναι,
1816 2041 1937 2121 σφό-

2056 2041 2310 2114 diligens,
2353 2041 2421 2098 de
2465 2041 2585 2113 ipso
2639 2042 2807 2098 etiam
2855 2041 3173 2114 interrogat,
3210 2041 3397 2098 dicens
3430 2061 3444 2098 :
3481 2061 3510 2094 (ι
3555 2042 3662 2100 Hic

329 2133 433 2211 δρα
494 2135 582 2189 τὸν
633 2130 890 2203 Ἰωάννην
945 2133 1197 2208 ἀγαπῶν,
1232 2134 1406 2212 ἐρωτᾷ
1445 2130 1537 2189 καὶ
1571 2131 1695 2212 περὶ
1739 2133 1903 2190 αὐτοῦ
1934 2151 1948 2166 ⁸

329 2250 354 2274 ιι
382 2212 562 2286 Οὗτος
596 2219 651 2279 δὲ
680 2219 760 2294 τίς
817 2242 845 2277 n
879 2222 938 2279 οὗ
981 2219 1077 2292 τὴν
1124 2218 1289 2293 αὐτὴν
1343 2219 1461 2279 ὁδὸν
1501 2226 1633 2296 ἡμῖν
1677 2218 1825 2294 ﬁgat;
1886 2224 1944 2280 οὐ

332 2309 591 2376 κοινωνὸς
620 2310 772 2370 ἔσται
811 2309 904 2368 καὶ
934 2300 1083 2376 οὗτος
1107 2313 1203 2382 τῆς
1235 2334 1292 2368 τε
1335 2311 1648 2376 ἐπιστασίας
1677 2313 1781 2368 τῶν
1817 2334 1946 2391 προ-

330 2399 550 2474 ϐάτων,
586 2398 679 2458 καὶ
707 2403 800 2472 τῆς
838 2399 925 2457 ἐπὶ
952 2403 1121 2459 ταῦτα
1165 2399 1561 2480 προχειρήσεως
1593 2400 1613 2477 [
1730 2422 1947 2480 προχει-

329 2489 584 2568 ρίσεως];
635 2489 719 2547 Τὸ
760 2488 865 2568 γὰρ
889 2535 905 2561 ,
936 2517 962 2540 ι
1001 2489 1299 2548 Ἀκολούθει
1332 2513 1455 2566 μοι,
1497 2517 1521 2542 ν
1566 2493 1725 2549 τοῦτο
1760 2513 1945 2566 μονον-

328 2579 454 2659 ουχὶ
505 2581 698 2650 δηλοῖ’
746 2583 920 2657 Δεῦρο
970 2578 1254 2658 παράλαϐε
1299 2579 1368 2638 τὰ
1414 2578 1694 2659 πρόϐατα,
1743 2579 1815 2646 εἰς
1847 2580 1944 2653 τὴν

328 2668 652 2746 οἰκουμένην
708 2667 902 2736 ἔξελθε.
948 2668 1108 2729 Ἐπεὶ
1153 2667 1322 2728 τοίνυν
1379 2674 1406 2729 δ
1453 2667 1647 2750 Κύριος
1696 2659 1804 2727 οἶδε
1852 2670 1941 2729 τὸν

333 2759 538 2840 Πέτρον
571 2760 865 2836 κηδόμενον
891 2763 983 2818 τοῦ
1014 2757 1269 2819 Ἰωάννου
1291 2805 1308 2836 ,
1341 2759 1433 2818 καὶ
1465 2758 1540 2836 μὴ
1579 2761 1938 2832 ἀποσπασθῆ-

326 2872 416 2907 ναι
447 2850 598 2927 αὐτῷ
629 2848 882 2921 θέλοντα,
928 2850 1147 2927 διαιρῶν
1183 2848 1374 2917 αὐτοὺς
1404 2852 1496 2919 τ’ἧς
1548 2846 1772 2928 ἀκαίρου
1812 2872 1938 2908 συν-

326 2939 518 3017 αρείας
544 2936 639 2997 καὶ
679 2937 1077 3018 προσπαθείας,
1110 2933 1310 3018 Ἔργον
1331 2983 1346 3013 ,
1383 2938 1546 3020 φησὶν
1572 2983 1589 3011 ,
1622 2938 1938 2998 ἕνεπιστεύ-

323 3034 449 3100 θης,
484 3034 640 3087 τοῦτο
690 3026 850 3099 ἄνυε,
879 3031 976 3086 καὶ
1017 3055 1040 3080 α
1075 3027 1352 3087 ἀκολούθει
1403 3051 1493 3105 μοι
1529 3053 1554 3079 ι
1589 3026 1834 3107 ἐξάγοντί
1879 3053 1938 3088 σε

327 3119 413 3176 ἐπὶ
465 3118 526 3176 τὸ
559 3116 850 3196 κήρυγμα,
929 3117 1242 3194 οἰκουμένην
1298 3117 1514 3176 ἅπασαν
1571 3117 1933 3197 ἐγχειρίζοντι.

326 3209 375 3266 Τ
377 3211 528 3267 οῦτον
559 3207 616 3265 δὲ
648 3205 741 3264 ἐὰν
791 3205 928 3264 θέλω
961 3206 1140 3284 μένειν
1181 3210 1408 3266 ἐνταῦθα
1464 3209 1516 3266 ἐν
1547 3215 1658 3274 τοῖς
1687 3207 1811 3286 περὶ
1838 3206 1934 3281 τὴν

329 3296 632 3358 Γαλιλαίαν
670 3294 890 3372 τόποις,
923 3296 1014 3355 καὶ
1065 3296 1140 3370 μὴ
1193 3295 1609 3356 συναποστεῖλαί
1653 3319 1774 3372 σοι,
1831 3325 1855 3349 α
1883 3298 1935 3357 τί

2058 2141 2244 2188 autem
2274 2131 2499 2204 quid?»
2554 2149 2692 2189 num
2745 2131 2940 2189 eadem
2988 2149 3096 2206 qua
3137 2149 3240 2190 nos
3274 2131 3488 2188 incedet
3533 2133 3660 2189 via?

2055 2237 2192 2278 num
2223 2221 2497 2293 particeps
2524 2221 2628 2278 erit
2655 2222 2756 2278 iste
2787 2222 2974 2278 ovium
3004 2221 3369 2295 praefecturae,
3399 2231 3564 2294 atque
3589 2222 3660 2280 ad

2054 2311 2144 2367 illa
2186 2310 2566 2384 delegabitur?
2615 2311 2756 2368 Illud
2781 2312 2954 2377 enim,
2988 2332 3017 2364 «
3051 2314 3296 2385 Sequere
3325 2327 3434 2380 me,
3468 2332 3496 2365 »
3526 2327 3657 2384 pro-

2054 2401 2357 2473 pemodum
2387 2401 2492 2457 hoc
2537 2402 2812 2475 signiﬁcat
2845 2421 2857 2457 :
2890 2402 3047 2471 Veni,
3078 2418 3299 2458 assume
3321 2418 3472 2471 oves,
3498 2418 3657 2474 egre-

2051 2491 2182 2547 dere
2211 2491 2268 2546 in
2296 2490 2596 2548 mundum.
2625 2492 2800 2563 Igitur
2825 2491 2951 2564 quia
2976 2492 3112 2548 vidit
3131 2493 3404 2548 Dominus
3429 2495 3657 2548 Petrum

2051 2598 2246 2637 curam
2277 2581 2572 2638 habentem
2604 2581 2854 2650 Joannis,
2883 2590 2941 2637 et
2967 2581 3034 2638 ab
3064 2597 3128 2638 eo
3161 2581 3319 2638 avelli
3348 2581 3653 2647 nolentem,

2049 2671 2258 2727 dirimit
2325 2687 2422 2727 eos
2487 2680 2713 2744 propter
2782 2670 3226 2744 intempestivam
3296 2669 3654 2727 affectionem

2049 2770 2104 2817 et
2144 2761 2624 2818 consuetudinem.
2669 2763 2844 2834 Opus,
2875 2762 3074 2834 inquit,
3108 2760 3256 2834 quod
3285 2761 3384 2816 tibi
3421 2776 3656 2816 concre-

2047 2851 2226 2908 ditum
2271 2858 2376 2920 est,
2409 2851 2630 2924 perﬁce,
2672 2860 2728 2907 et
2761 2867 3049 2925 «sequere
3091 2867 3203 2920 me,
3257 2875 3284 2901 υ
3327 2851 3420 2924 qui
3476 2849 3653 2907 educo

2047 2951 2102 2998 te
2148 2942 2217 2998 ad
2248 2940 2723 3014 praedicationem,
2779 2949 2833 2998 et
2881 2950 3067 2998 totum
3113 2943 3307 2997 orbem
3341 2942 3398 2997 in
3453 2956 3652 2997 manus

2046 3040 2168 3088 tuas
2193 3031 2372 3089 trado.
2401 3031 2562 3088 lllum
2586 3039 2773 3088 autem
2791 3031 2835 3088 si
2861 3031 3024 3087 velim
3048 3047 3274 3088 manere
3297 3031 3352 3087 in
3378 3033 3483 3086 hoc
3505 3031 3648 3098 loco,

2045 3121 2266 3179 Galilaaa
2283 3121 2509 3189 scilicet,
2532 3130 2586 3178 et
2606 3138 2720 3177 non
2741 3122 2964 3178 mittere
2981 3130 3190 3190 tecum,
3219 3144 3245 3172 ι(
3269 3121 3399 3193 quid
3419 3120 3488 3177 ad
3508 3125 3598 3178 te?
3622 3141 3651 3176 »

2047 3233 2073 3260 α
2097 3215 2284 3268 Donec
2302 3213 2537 3280 veniam,
2570 3236 2594 3261 ιι
2619 3213 2842 3284 quidam
2869 3213 3036 3283 772
3058 3211 3134 3268 sic
3150 3219 3429 3284 exponunt
3453 3230 3468 3268 :
3495 3234 3520 3259 α
3545 3213 3655 3266 Do-

2041 3318 2162 3372 nec,
2190 3320 2220 3354 ν
2269 3301 2462 3375 inquit,
2496 3310 2689 3357 contra
2711 3301 2956 3370 Judaeos,
2990 3301 3082 3374 qui
3127 3317 3214 3357 me
3242 3299 3652 3365 crucilixerunt,

323 3386 453 3464 πρὸς
504 3385 603 3457 σέ;
658 3411 688 3439 ι
737 3386 820 3445 Τὸ
867 3385 962 3460 δὲ,
1003 3381 1209 3454 «Ἕως
1256 3385 1522 3466 ἔρχομαι,
1582 3385 1722 3453 τινὲς
1775 3385 1937 3456 οὕτως

2045 3410 2072 3443 ι(
2112 3391 2352 3458 veniam,
2382 3410 2411 3442 »
2447 3407 2807 3463 percussurus
2836 3406 2930 3447 eos
2960 3391 3018 3446 in
3048 3391 3194 3463 virga
3235 3393 3649 3458 Romanorum,

323 3477 552 3548 ἐνόησαν
581 3499 596 3513 ⁸
633 3497 665 3530 α
692 3471 877 3548 ἽΞως,
909 3496 938 3531 )›
981 3473 1147 3554 φησὶ,
1183 3475 1325 3534 κατὰ
1356 3477 1462 3533 τῶν
1509 3477 1934 3556 σταυρωσάντων

321 3589 391 3640 με
449 3564 731 3625 Ἰουδαίων
780 3565 1096 3644 «ἔρχομαι,
1128 3591 1152 3618 ι»
1207 3564 1420 3642 μέλλων
1468 3563 1657 3633 αὖτοὺς
1707 3564 1796 3624 διὰ
1843 3573 1936 3639 τῆς

322 3657 438 3712 τῶν
466 3650 757 3727 Ῥωμαίων
794 3653 962 3734 ῥάϐου
993 3653 1264 3728 πατάξαι,
1309 3652 1403 3713 καὶ
1431 3653 1800 3735 καταστρέψαι
1837 3655 1934 3729 τὴν

330 3744 500 3801 πόλιν
553 3742 739 3803 αὐτῶν.
785 3744 938 3803 Φασὶ
969 3743 1076 3824 γὰρ
1117 3744 1207 3803 τὸν
1247 3744 1547 3804 ἀπόστολον
1585 3749 1770 3803 τοῦτον
1807 3744 1934 3825 ἄχρι

331 3835 436 3899 τῆς
486 3832 886 3892 Οὐεσπασιανοῦ
939 3831 1278 3912 ἐπικρατείας
1321 3833 1513 3913 σχεδὸν
1555 3836 1665 3901 τοῖς
1705 3831 1816 3891 ἅνω
1845 3835 1936 3894 τό·

329 3943 454 3987 ποις
491 3923 887 3999 ἐπιδημοῦντα,
921 3922 1238 4002 κηρύττειν,
1267 3923 1357 3983 καὶ
1389 3923 1566 4001 μένειν
1613 3927 1804 3984 ἐκεῖσε*
1843 3922 1932 3983 ὅτε

328 4011 384 4069 δὲ
416 4010 611 4088 ἔμελλε
639 4013 707 4070 τὰ
739 4011 1088 4090 Ἱεροσόλυμα
1116 4013 1350 4086 ἁλῶναι,
1389 4016 1741 4090 μεταστῆναι.
1778 4013 1934 4074 Ἐπεὶ

323 4091 412 4158 οὖν
445 4101 588 4180 μέγα
635 4101 792 4182 ἔργον
824 4101 1222 4162 ἐνεπιστεύοντο
1262 4103 1320 4162 τὸ
1365 4102 1654 4183 κήρυγμα,
1701 4103 1798 4161 οὐκ
1827 4101 1932 4162 ἔδει

317 4190 504 4251 λοιπὸν
549 4192 744 4258 αὖτοὺς
793 4191 1243 4272 συμπεπλέχθαι,
1285 4191 1426 4252 ἀλλὰ
1476 4191 1813 4271 διῃρημένως
1842 4193 1931 4250 τὸν

314 4281 415 4357 μὲν
446 4282 626 4340 τοῖσδε
646 4327 662 4358 ,
696 4281 787 4339 τὸν
824 4281 876 4340 δὲ
921 4282 1098 4341 τοῖσδε
1132 4283 1432 4364 ἐπιφοιτᾷν.
1481 4281 1638 4347 Τίνος
1670 4280 1723 4339 δὲ
1755 4280 1930 4340 ἕνεκεν

314 4376 343 4428 ὁ
373 4369 764 4449 εὖαγγελιστὴς
804 4370 1125 4448 μνημονεύει
1179 4377 1276 4444 τῆς
1326 4371 1415 4432 ἐπὶ
1469 4371 1528 4428 τὸ
1578 4375 1766 4442 στ’ἤθος
1800 4374 1930 4430 ἀνα-

315 4460 583 4532 κλίσεως,
629 4460 724 4520 καὶ
754 4460 835 4519 ὅτι
874 4460 1120 4541 ἠρώτησε
1143 4485 1158 4498 ·
1191 4487 1214 4514 ι
1243 4461 1340 4528 Τίς
1375 4463 1515 4520 ἐστιν
1551 4465 1576 4519 ὁ
1610 4461 1930 4539 παραδιδούς

315 4571 403 4622 σε;
431 4580 455 4600 ι-
497 4554 628 4629 Οὖχ
663 4549 879 4622 ἅπλῶς,
917 4551 1010 4610 καὶ
1040 4555 1109 4618 ὡς
1140 4550 1326 4631 ἔτυχεν
1347 4599 1363 4626 ,
1400 4549 1632 4610 ἀλλ’ἵνα
1663 4548 1805 4630 δείξῃ
1832 4552 1928 4622 τὴν

314 4639 459 4715 μετᾶ
487 4639 587 4711 τὴν
618 4640 836 4719 ἄρνησιν
868 4641 1172 4723 παρρησίαν
1203 4647 1296 4700 τοῦ
1332 4641 1561 4720 Πέτρου.
1613 4637 1683 4700 Ὀ
1719 4638 1822 4720 γὰρ
1853 4641 1928 4715 μὴ

315 4731 535 4805 τολμῶν
565 4729 669 4808 πρὸ
711 4735 802 4789 τοῦ
846 4737 1075 4811 σταυροῦ
1119 4731 1386 4809 ἐρωτῆσαι
1430 4732 1554 4810 περὶ
1597 4734 1692 4788 τοῦ
1739 4729 1931 4808 προδό-

317 4841 410 4876 του
432 4864 450 4890 ,
484 4821 606 4901 δέλῖ
632 4818 833 4899 ἑτέρῳ,
865 4823 940 4901 τῷ
974 4817 1202 4900 Ἰωάννῃ
1223 4865 1238 4892 ,
1273 4818 1575 4899 ἐπιτρέπων
1607 4817 1705 4890 τὴν
1738 4820 1933 4896 ἐρώτη-

325 4929 410 4964 σιν
431 4953 448 4980 ,
474 4899 625 4975 οὗτος
649 4908 741 4967 καὶ
772 4909 870 4980 τὴν
899 4911 1230 4990 προστασίαν
1274 4911 1491 4968 πάντων
1536 4908 1889 4989 ἐγχειρίζεται
1916 4934 1928 4948 ·

321 4997 422 5054 καὶ
451 5000 509 5055 οὗ
542 4997 702 5074 μόνον
751 4999 914 5080 ἑτέρῳ
960 4999 1027 5058 τὰ
1076 5000 1197 5059 καθ’
1245 4999 1432 5058 ἑαυτὸν
1466 5001 1560 5058 οὐκ
1610 5002 1921 5081 ἐπιτρέπει,

322 5085 466 5146 ἀλλὰ
524 5088 619 5146 καὶ
673 5086 806 5168 ὑπὲρ
860 5091 1025 5148 αὐτοῦ
1077 5090 1277 5148 ἐκείνου
1339 5094 1430 5149 τοῦ
1486 5088 1724 5166 μάλιστα
1781 5091 1931 5170 παρὰ

317 5178 530 5244 πάντας
581 5177 942 5256 ἀγαπωμένου
992 5185 1268 5256 μαθητοῦ,
1331 5182 1542 5260 ἐρωτᾷ,
1598 5180 1687 5239 καὶ
1746 5178 1929 5259 ὥσπερ

320 5267 548 5345 μεσίτης
591 5269 724 5348 πρὸς
770 5268 860 5327 τὸν
904 5268 1102 5350 Κύριον
1146 5269 1373 5348 γίνεται.
1406 5269 1708 5347 Θαύμασον
1739 5268 1796 5327 δέ
1839 5294 1930 5346 μοι

317 5358 382 5418 τὸ
417 5357 616 5437 ἄτυρον
666 5364 758 5418 τοῦ
808 5361 1220 5436 εὐαγγελιστοῦ,
1273 5362 1388 5426 πῶς
1436 5359 1532 5431 τὴν
1591 5361 1928 5438 ἓσφαλμένην

325 5450 432 5505 τῶν
473 5449 686 5508 πολλῶν
722 5449 992 5527 ὑπόληψιν
1022 5450 1355 5527 διορθοῦται,
1391 5451 1463 5516 ὡς
1509 5449 1566 5507 οὗ
1600 5449 1930 5529 συνεωρακό-

625 5538 637 5556 Ί
719 5538 734 5559 τ
805 5543 840 5556 Ν
907 5535 932 5560 ν
1282 5538 1296 5558 Ι
1514 5540 1528 5560 3
1856 5538 1870 5558 Ι

321 5561 427 5596 των
456 5537 485 5596 ὃ
522 5561 646 5618 περι
675 5561 840 5596 αυτου
883 5559 1092 5616 ειρηκεν
1142 5543 1170 5597 ὁ
1219 5541 1449 5618 Κυριος,
1501 5538 1641 5597 αλλὰ
1675 5562 1929 5614 νομισαν-

319 5649 450 5702 των,
482 5625 567 5688 ὅτι
615 5628 711 5686 οὐκ
759 5629 1129 5688 ἀποθανεῖται.
1174 5626 1255 5687 Τὸ
1300 5628 1357 5687 δὲ
1402 5629 1498 5686 οὐκ
1528 5619 1593 5699 ἧν
1617 5674 1634 5705 ,
1669 5627 1807 5686 ἀλλὰ
1836 5628 1926 5703 τὸ,

317 5744 344 5771 α
373 5719 600 5796 Μένειν,
637 5745 659 5770 ι
692 5717 818 5796 οὐχὶ
850 5717 976 5795 περὶ
1005 5721 1097 5775 τοῦ
1129 5716 1204 5794 μὴ
1238 5719 1523 5777 ἀποθανεῖν
1555 5717 1712 5776 αὐτὸν
1733 5764 1748 5791 ,
1777 5707 1926 5777 εἶπεν

314 5810 341 5866 ὁ
389 5809 614 5890 Κύριος,
653 5807 798 5869 ἀλλὰ
847 5805 974 5885 περὶ
1002 5811 1092 5865 τοῦ
1120 5807 1194 5884 μὴ
1233 5811 1578 5886 συνεζεῦχθαι
1621 5811 1697 5889 τῷ
1730 5806 1927 5888 Πέτρῳ

311 5899 362 5956 ἐν
389 5904 466 5981 τῷ
490 5905 584 5960 τοῦ
618 5897 979 5982 κηρύγματος
1023 5899 1222 5977 καιρῷ,
1267 5895 1408 5958 ἀλλὰ
1439 5896 1613 5975 μένειν
1649 5898 1768 5955 καθ’
1801 5900 1927 5956 ἑαυ-

2046 3489 2101 3536 et
2142 3481 2506 3536 subversurus
2535 3496 2730 3536 eorum
2776 3480 3072 3536 civitatem.
3104 3481 3312 3536 Dicunt
3341 3480 3486 3535 enim
3525 3496 3657 3552 apo-

2042 3571 2250 3627 stolum
2277 3571 2433 3626 illum
2463 3569 2639 3625 ferme
2687 3586 2862 3642 usque
2899 3569 2970 3626 ad
3000 3569 3310 3642 Vespasiani
3356 3569 3651 3642 imperium

2044 3659 2273 3732 locaque
2287 3659 2568 3732 superiora
2582 3675 2920 3731 peragrasse,
2941 3659 3334 3731 praedicantem
3351 3668 3407 3714 et
3429 3675 3652 3715 manen-

2043 3757 2156 3806 tem
2187 3749 2322 3816 illic;
2356 3748 2578 3820 quando
2607 3757 2795 3804 autem
2826 3747 3115 3821 capiendae
3141 3757 3298 3804 erant
3328 3749 3650 3820 Hierosoly-

2043 3855 2174 3908 ma,
2206 3838 2507 3895 trausiisse.
2551 3838 2723 3910 Igitur
2768 3839 2894 3912 quia
2932 3853 3198 3911 magnum
3243 3836 3652 3910 praedicationis

2043 3945 2181 4001 opus
2218 3929 2346 4002 ipsis
2366 3938 2488 3985 erat
2509 3928 2915 3996 concreditum,
2946 3944 3056 3984 non
3078 3935 3231 3984 erant
3256 3926 3650 4000 conjungendi,

2039 4020 2138 4077 sed
2167 4019 2476 4092 separandi,
2525 4027 2586 4076 ut
2630 4035 2776 4076 unus
2819 4019 2886 4075 ad
2926 4019 3052 4085 hos,
3085 4018 3226 4074 alius
3257 4018 3326 4075 ad
3355 4017 3491 4074 alios
3521 4018 3646 4073 iret.

2041 4113 2227 4183 Quare
2270 4117 2457 4166 autem
2499 4108 2751 4164 meminit
2792 4109 3122 4182 evangelista
3153 4108 3436 4165 recubitus
3483 4123 3648 4180 supra

2041 4209 2252 4273 pectus,
2300 4207 2356 4256 et
2382 4199 2534 4273 quod
2579 4199 3008 4272 interrogaverit,
3057 4218 3087 4252 (ι
3132 4199 3265 4269 Quis
3311 4207 3398 4255 est
3442 4198 3536 4272 qui
3592 4207 3648 4254 te

2039 4290 2300 4346 tradet?»
2327 4293 2454 4346 Non
2469 4289 2576 4346 hoc
2607 4289 2953 4361 simpliciter,
2977 4305 3157 4361 neque
3179 4287 3415 4345 fortuito
3444 4288 3644 4358 evenit,

2040 4379 2140 4436 sed
2169 4388 2233 4436 ut
2271 4380 2522 4436 ostendat
2565 4380 2877 4436 libertatem
2921 4380 3064 4435 Petri
3105 4389 3227 4451 post
3269 4379 3643 4452 negationem.

2039 4473 2180 4527 Nam
2225 4470 2318 4541 qui
2356 4478 2482 4526 ante
2531 4486 2753 4526 crucem
2784 4484 2901 4526 non
2941 4469 3181 4526 audebat
3210 4469 3550 4540 interrogare
3579 4468 3649 4525 de

2043 4559 2326 4628 traditore,
2373 4557 2473 4616 sed
2521 4559 2678 4615 alteri
2730 4559 3131 4627 committebat,
3178 4558 3234 4614 id
3281 4567 3368 4613 est
3416 4559 3648 4625 Joanni,

2046 4650 2554 4722 interrogationem,
2575 4649 2654 4705 illi
2667 4649 2917 4704 omnium
2932 4646 3253 4720 praefectura
3274 4646 3650 4715 concreditur,

2041 4747 2098 4796 et
2148 4755 2261 4794 non
2291 4739 2472 4795 solum
2499 4755 2595 4794 sua
2626 4739 2780 4794 alteri
2809 4755 2923 4794 non
2953 4737 3274 4806 committit,
3318 4736 3414 4793 sed
3460 4744 3515 4792 et
3549 4752 3649 4808 pro

2038 4829 2134 4886 illo
2157 4829 2275 4901 ipso
2297 4829 2394 4901 qui
2426 4829 2664 4884 maxime
2679 4827 3010 4900 diligebatur
3031 4828 3352 4901 interrogat,
3375 4835 3431 4884 et
3451 4827 3515 4882 ﬁt
3537 4842 3652 4882 mc-

2039 4919 2220 4976 diator
2256 4919 2401 4990 apud
2445 4919 2772 4975 Dominum.
2827 4918 3120 4975 Admirare
3163 4927 3349 4975 autem
3378 4933 3546 4991 quam
3578 4919 3656 4973 sit

2039 5009 2250 5064 alienus
2287 5025 2318 5064 a
2364 5005 2513 5063 fastu
2565 5008 2918 5081 evangelista,
2959 5006 3245 5079 quomodo
3275 5006 3648 5081 quorumdam

2039 5097 2411 5170 suSpicionem
2454 5098 2702 5171 corrigit,
2743 5098 2894 5171 quod
2942 5113 3057 5153 non
3105 5106 3250 5153 recte
3291 5096 3652 5167 cognoverint

2040 5187 2176 5260 quid
2217 5187 2288 5243 de
2321 5203 2387 5243 eo
2431 5188 2709 5243 Dominus
2747 5186 2970 5255 dixerit,
3014 5186 3112 5244 sed
3155 5186 3462 5259 putaverint
3502 5185 3650 5256 quod

2039 5293 2153 5333 non
2191 5277 2481 5345 moriatur,
2528 5277 2586 5333 id
2627 5275 2776 5349 quod
2823 5293 2937 5332 non
2967 5285 3104 5344 erat,
3149 5275 3246 5332 sed
3277 5294 3306 5327 ι(
3356 5276 3642 5330 Manere»

2037 5366 2191 5439 jubet
2220 5382 2346 5423 eum
2397 5367 2696 5435 Dominus,
2746 5382 2859 5422 non
2890 5365 3036 5438 quod
3065 5380 3182 5420 non
3208 5363 3500 5430 moriatur,
3553 5363 3649 5420 sed

2038 5456 2185 5528 quod
2215 5472 2331 5512 non
2359 5456 2432 5511 sit
2451 5455 2767 5528 jungendus
2807 5470 2994 5510 comes
3039 5457 3203 5510 Petro
3246 5452 3649 5526 praedicationis

2039 5553 2306 5618 tempore,
2330 5561 2556 5602 manere
2582 5554 2766 5601 autem
2791 5545 2989 5600 debeat
3017 5559 3116 5600 suo
3139 5543 3283 5599 loco.
3309 5545 3434 5598 Jam
3459 5559 3646 5599 mane-

2037 5652 2098 5692 re
2130 5660 2155 5685 ‹ι
2182 5635 2355 5692 donec
2382 5634 2618 5702 veniam,
2647 5654 2676 5686 »
2709 5634 2768 5690 id
2792 5643 2878 5690 est
2901 5633 3076 5690 donec
3107 5633 3246 5688 mihi
3270 5633 3557 5706 placuerit,
3584 5641 3647 5688 ut

2038 5734 2096 5782 et
2134 5725 2291 5781 illum
2319 5726 2554 5781 educam
2586 5723 2659 5780 ad
2689 5723 3160 5795 praedicationem.
3201 5725 3280 5780 Te
3304 5721 3457 5780 enim
3496 5739 3646 5779 nunc

2037 5815 2232 5882 educo,
2263 5823 2324 5870 ut
2344 5814 2532 5887 praesis
2555 5814 2694 5876 orbi,
2721 5822 2774 5869 et
2799 5814 3090 5886 «sequaris
3115 5817 3237 5883 me;
3268 5835 3295 5868 »
3326 5813 3443 5886 ipse
3463 5821 3645 5868 autem

2035 5915 2257 5962 maneat
2286 5905 2392 5962 hoc
2419 5905 2563 5974 loco,
2593 5903 2769 5962 donec
2811 5903 3055 5976 redeam,
3103 5913 3160 5961 et
3210 5902 3447 5961 educam
3477 5903 3647 5958 etiam
