4128 6430
391 2409 402 2418 ·
480 2390 630 2463 quod
673 2400 923 2447 mortuus
967 2390 1138 2448 fuerit
1189 2410 1202 2448 :

475 561 580 614 315

1495 553 2012 611 THEOPHYLACTI
2051 552 2415 609 BULGARIE
2453 551 2774 608 ARCHIEP.

3688 555 3792 610 816

477 684 660 758 ipsum
686 682 827 741 sicut
852 690 926 739 te.
954 679 1196 754 Quidam
1221 689 1407 738 autem
1434 681 1516 738 sic
1540 680 1852 754 intelligunt
1893 699 1906 736 :
1935 680 2076 737 Cum

2191 679 2297 740 τόν.
2333 677 2415 740 Τὸ
2441 677 2494 737 δὲ
2512 723 2527 751 ,
2563 705 2588 736 ιι
2608 677 2760 746 Ἕως
2795 675 3059 758 ἔρχομαι,
3081 702 3109 732 ιο
3139 675 3434 756 τουτέστιν,
3454 675 3607 746 Ἕως
3628 677 3792 738 πάλιν

480 774 740 844 audisset,
768 773 964 846 inquit,
993 775 1208 843 Petrus,
1237 771 1388 846 quod
1417 772 1687 828 moriatur
1715 787 1813 844 pro
1841 771 2080 840 Christo,

480 864 617 922 dixit
663 885 675 922 :
725 866 796 921 Et
837 865 1076 919 Joannes
1130 863 1298 936 quid?
1339 878 1477 918 num
1523 862 1792 918 morietur
1836 869 1891 917 et
1937 862 2083 934 ipse?

480 954 728 1012 Christus
774 961 959 1010 autem
1002 953 1109 1010 hoc
1144 969 1258 1009 non
1304 952 1532 1025 rejecit:
1579 952 1769 1009 Omnis
1810 952 1960 1007 enim
1989 951 2083 1024 qui

479 1053 642 1102 natus
664 1051 769 1115 est,
789 1044 962 1100 etiam
983 1043 1274 1100 morietur.
1297 1043 1456 1099 Dixit
1477 1051 1664 1099 autem
1694 1059 1707 1098 :
1737 1060 1767 1096 α
1783 1041 1835 1098 Si
1857 1043 2083 1098 voluero

483 1151 732 1202 manere,
764 1154 794 1189 »
821 1134 877 1191 id
897 1143 980 1192 est
1007 1134 1188 1191 vivere
1216 1149 1345 1190 eum
1370 1150 1543 1207 usque
1565 1132 1635 1190 ad
1653 1132 2087 1189 consummatio-

482 1240 609 1281 nem
633 1225 836 1294 saeculi,
859 1232 920 1281 ut
948 1229 1006 1281 et
1023 1233 1156 1280 tunc
1172 1223 1240 1280 de
1261 1239 1350 1280 me
1369 1231 1618 1280 testetur.
1643 1222 1807 1280 Unde
1827 1231 1881 1278 et
1895 1221 2088 1278 dicunt

483 1313 667 1370 vivere
699 1330 853 1384 eum,
881 1323 936 1371 et
960 1314 1028 1371 ab
1057 1313 1394 1371 Antichristo
1423 1312 1784 1388 occidendum
1810 1328 1938 1369 cum
1966 1311 2086 1369 Elia

483 1403 876 1477 prmdicantem
895 1404 1194 1460 Christum.
1216 1404 1484 1474 Quamvis
1499 1412 1685 1460 autem
1701 1411 1755 1460 et
1768 1419 2089 1460 monumen-

482 1501 604 1550 tum
636 1494 753 1566 ejus
780 1494 1130 1563 ostendatur,
1162 1493 1294 1566 quid
1320 1493 1456 1551 hoc?
1485 1497 1630 1550 Nam
1655 1493 1842 1550 vivens
1864 1492 2087 1566 quidem

483 1583 762 1656 ingressus
800 1593 885 1641 est
922 1584 976 1639 in
1005 1583 1160 1651 illud,
1202 1592 1258 1640 et
1285 1583 1481 1640 deinde
1518 1584 1834 1651 translatus,
1863 1583 2006 1639 sicut
2033 1591 2090 1639 et

483 1673 678 1729 Enoch
733 1682 788 1730 et
839 1673 1004 1730 Elias.
1048 1674 1223 1745 Igitur
1265 1673 1599 1746 evangelista
1646 1672 1839 1728 evertit
1885 1671 2086 1729 falsam

481 1761 795 1834 Opinionem
833 1762 1268 1818 existimantium
1297 1762 1448 1834 quod
1476 1778 1592 1818 non
1618 1763 1887 1818 moriatur
1915 1761 2081 1819 disci-

479 1851 639 1923 pulus
660 1851 772 1921 hic,
793 1851 891 1908 sed
916 1853 1243 1909 immortalis
1267 1853 1354 1910 sit.
1387 1855 1530 1909 Vere
1555 1853 1703 1909 enim
1731 1851 2084 1909 mendacium

480 1948 584 2010 est,
651 1941 1029 1998 immortalem
1079 1958 1198 2000 esse
1257 1941 1563 1999 hominem.
1615 1943 1883 2016 Quamvis
1934 1942 2082 1999 enim

2190 767 2282 828 xui
2312 769 2469 827 αὐτὸν
2515 768 2786 840 εὖδοκήσω
2823 767 2955 847 πρὸς
2981 768 3043 828 τὸ
3081 767 3334 850 κήρυγμα
3371 767 3671 848 ἐξαγαγεῖν.
3717 769 3796 829 Σὲ

2191 859 2288 938 μὲν
2324 858 2427 939 γὰρ
2461 863 2553 918 νῦν
2599 857 2770 936 ἐξάγω
2819 857 2908 918 ἐπὶ
2955 857 3052 931 τὴν
3096 857 3429 940 προστασίαν
3480 862 3578 930 τῆς
3622 859 3798 919 οἰκου-

2191 949 2386 1026 μένης,
2423 949 2515 1006 xui
2555 975 2580 1002 α
2623 947 2899 1008 ἀκολούθει
2933 971 3063 1026 μοι·
3114 976 3138 1001 ι·
3173 948 3331 1016 αὐτὸς
3375 948 3429 1007 δὲ
3480 948 3682 1026 μενέτω
3713 951 3800 1008 ἐν·

2191 1044 2360 1099 ταῦθα
2381 1087 2396 1112 ,
2427 1038 2527 1105 ἕως
2574 1030 2634 1098 οὗ
2681 1039 2843 1098 πάλιν
2877 1039 3013 1098 ἔλθω
3035 1085 3052 1114 ,
3091 1037 3184 1097 καὶ
3224 1037 3390 1107 ἐξάξω
3421 1037 3581 1098 αὐτὸν
3611 1037 3800 1121 ὥσπερ
3857 1027 3861 1032 1

2193 1136 2284 1189 καὶ
2317 1129 2400 1191 σέ.
2452 1127 2609 1196 Τινὲς
2653 1127 2708 1187 δὲ
2747 1127 2910 1196 οὕτως
2939 1133 3116 1188 νοοῦσι
3146 1152 3159 1166 ·
3194 1127 3454 1212 Ἀκούσας
3475 1173 3492 1208 ,
3528 1127 3724 1212 φασὶν,
3773 1133 3804 1188 6

2197 1219 2400 1299 Πέτρος
2423 1269 2436 1291 ,
2470 1217 2550 1278 ὅτι
2583 1224 2818 1278 θανεῖται
2848 1216 2981 1298 ὑπὲρ
3014 1221 3251 1298 Χριστοῦ
3271 1263 3289 1296 ,
3336 1209 3518 1290 εἶπεν,
3539 1209 3644 1277 *ὅτι
3685 1217 3805 1279 Καὶ

2196 1307 2452 1382 Ἰωάννης
2497 1310 2588 1388 τίς
2619 1311 2677 1368 οὗ
2721 1308 2960 1367 θανεῖται
3002 1307 3094 1368 xui
3134 1306 3292 1375 αὐτός
3307 1332 3324 1382 ;
3373 1306 3441 1369 Ὁ
3475 1307 3530 1367 δὲ
3563 1307 3806 1389 Χριστὸς

2195 1400 2292 1458 οὐκ
2333 1397 2669 1479 ἀπηγόρευσε
2702 1397 2800 1476 μὲν
2830 1401 2989 1457 τοῦτο
3021 1397 3155 1478 (πᾶς
3183 1395 3288 1479 γὰρ
3327 1400 3356 1456 6
3383 1397 3670 1476 γεννηθεὶς,
3701 1397 3803 1458 καὶ

2195 1488 2484 1569 θανεῖται),
2520 1478 2653 1548 εἷπε
2703 1487 2883 1564 δὲτὸ,
2922 1515 2948 1543 α
2980 1487 3115 1549 Ἐὰν
3165 1478 3303 1546 θέλω
3349 1487 3508 1547 αὐτὸν
3546 1488 3743 1565 μένειν·
3777 1515 3805 1542 ιι

2194 1578 2475 1656 τουτέστι,
2503 1581 2638 1658 ξΖῇν
2677 1579 2804 1659 ἄχρι
2849 1581 2944 1649 τῆς
2985 1582 3077 1637 τοῦ
3113 1575 3317 1655 κόσμου
3349 1575 3680 1653 συντελείας,
3705 1576 3805 1636 xui

2195 1669 2312 1728 τότε
2345 1672 2685 1750 μαρτυρῆσαι
2732 1669 2856 1750 περὶ
2885 1669 3039 1745 ἐμοῦ.
3069 1663 3236 1729 Ὅθεν
3278 1669 3374 1726 καί
3401 1691 3532 1750 φασι
3573 1670 3668 1746 ζῆν
3701 1668 3804 1726 αὖ-

2190 1757 2314 1832 τὸν,
2354 1759 2458 1818 ὑπὸ
2505 1758 2560 1818 δὲ
2603 1763 2695 1818 τοῦ
2743 1756 3106 1837 Ἀντιχρίστου
3155 1757 3368 1834 μέλλειν
3414 1760 3800 1838 ἀναιρεθῆναι,

2191 1847 2284 1908 σὺν
2318 1851 2392 1928 τῷ
2440 1847 2602 1929 Ἠλίᾳ
2650 1846 2979 1927 κηρύττοντα
3024 1847 3114 1907 τὸν
3172 1847 3428 1927 Χριστόν.
3482 1847 3550 1907 Εἰ
3596 1845 3652 1906 δὲ
3701 1848 3802 1906 καὶ

2194 1944 2381 2017 μνῆμα
2413 1940 2573 1998 αὐτοῦ
2622 1937 2920 2012 δείκνυται,
2961 1937 3014 1997 τί
3043 1942 3232 2015 τοῦτος
3273 1939 3391 1998 Ζῶν
3423 1935 3519 2016 μὲν
3549 1937 3651 2017 γὰρ
3686 1939 3805 1998 εἶσ-

481 2030 671 2086 Enoch
697 2039 754 2087 et
776 2031 968 2088 Helias
1005 2046 1117 2088 non
1145 2033 1260 2088 sint
1287 2032 1514 2101 mortui,
1544 2041 1786 2088 attamen
1825 2032 2083 2088 mortales

2191 2031 2345 2100 ἦλθεν
2385 2031 2439 2087 ἐν
2473 2029 2651 2110 αὐτῷ,
2693 2019 2807 2087 εἶτα
2850 2026 3116 2106 μετέστη,
3155 2025 3338 2109 ὥσπερ
3363 2028 3455 2087 xui
3492 2027 3676 2109 Ἐνὼχ
3702 2028 3805 2090 xui

478 2128 629 2178 sunt.
651 2124 733 2178 Ita
755 2129 811 2177 et
833 2120 924 2177 hic
951 2138 1172 2194 quoque
1197 2123 1450 2195 quamvis
1472 2138 1584 2178 non
1607 2121 1776 2178 fuerit
1803 2131 2080 2192 mortuus,

478 2218 671 2267 tamen
697 2212 983 2269 morietur.
1015 2213 1184 2284 Igitur
1208 2212 1357 2284 quod
1382 2231 1408 2268 σ
1438 2229 1551 2269 non
1575 2212 1831 2281 moritur,
1854 2233 1882 2266 ››
1918 2212 1970 2269 id
1999 2221 2082 2269 est

482 2300 811 2356 immortalis
855 2301 945 2370 sit,
997 2300 1200 2358 falsum
1254 2311 1356 2359 est.
1407 2303 1509 2358 Alii
1559 2310 1747 2359 autem
1797 2302 2084 2358 afﬁrmant

1254 2400 1311 2448 et
1358 2391 1508 2464 quod
1560 2391 1715 2459 dicit,
1770 2411 1800 2445 ι(
1844 2393 1901 2449 Si
1953 2408 2081 2448 eum

478 2479 703 2536 voluero
766 2495 1009 2548 manere,
1069 2499 1099 2534 »
1172 2481 1490 2554 intelligunt
1547 2481 1688 2538 sicut
1743 2481 2081 2554 interpretati

478 2584 694 2626 sumus.
722 2571 936 2627 Omnes
950 2570 1242 2643 opiniones
1260 2570 1497 2628 diximus
1519 2588 1533 2626 :
1554 2587 1626 2628 ne
1645 2587 1811 2645 quam
1828 2572 2085 2645 ignorent

476 2657 726 2716 studiosi.
755 2659 929 2716 Nobis
956 2669 1144 2716 autem
1180 2660 1378 2732 placet,
1409 2661 1576 2732 773
1605 2669 1688 2730 ut,
1726 2680 1754 2714 ‹‹
1784 2661 1961 2718 donec
1987 2677 2082 2717 ve-

477 2748 623 2804 niam
635 2791 648 2816 ,
669 2770 696 2802 »
724 2749 1060 2822 intelligatur
1073 2750 1214 2807 sicut
1226 2751 1622 2823 Chrysostomo
1641 2749 1828 2808 divino
1843 2759 1900 2807 et
1918 2767 2086 2808 aureo

477 2837 552 2893 illi
578 2839 658 2894 ori
689 2839 926 2910 videtur,
953 2855 1068 2896 non
1096 2839 1166 2895 de
1186 2840 1314 2909 vita,
1341 2839 1440 2897 sed
1459 2839 1609 2912 quod
1626 2856 1740 2897 non
1760 2842 1832 2897 sit
1848 2841 2085 2914 jungen-

478 2925 582 2982 dus
611 2930 796 2984 Petro.

2189 2119 2401 2186 Ἠλίας.
2436 2117 2742 2200 Ἀνατρέπει
2782 2117 2954 2177 τοίνυν
2985 2123 3012 2177 6
3051 2118 3437 2198 εὖαγγελιστής
3486 2117 3585 2189 τὴν
3626 2120 3806 2200 ψευδῆ

2187 2207 2338 2278 δόξαν
2384 2211 2485 2266 τῶν
2522 2209 2779 2285 οἰομένων
2803 2252 2821 2283 ,
2861 2207 2944 2269 ὅτι
2975 2209 3072 2266 οὐκ
3119 2206 3444 2279 ἀποθνήσκει
3473 2211 3502 2267 6
3554 2208 3807 2287 μαθητὴς

2189 2292 2370 2374 οὗτος,
2417 2301 2538 2380 ἀλλ’
2587 2299 2842 2366 ἀθάνατος
2891 2298 3068 2360 ἔσται.
3111 2296 3326 2366 Ψευδὲς
3363 2297 3467 2380 γὰρ
3496 2297 3700 2371 ὅντως,
3735 2297 3806 2358 τὸ

2195 2389 2452 2450 ἀθάνατον
2481 2379 2616 2448 εἶναι
2644 2388 2944 2469 ἄνθρωπον.
2982 2387 3102 2450 Κᾶν
3132 2387 3237 2470 γὰρ
3270 2379 3452 2469 Ἐνὼχ
3479 2388 3572 2470 xui
3601 2388 3803 2470 Ἠλίας

2191 2481 2287 2538 οὐκ
2317 2477 2607 2553 ἀπέθανον,
2651 2477 2768 2537 ἀλλ’
2811 2477 2954 2556 ὅμως
2993 2469 3422 2549 θνητοίςοῧτως
3457 2469 3548 2538 οὖν
3579 2478 3670 2538 xui
3710 2469 3806 2537 οὗ·

2192 2593 2317 2645 τος,
2352 2568 2451 2627 κᾶν
2497 2569 2592 2627 οὐκ
2634 2569 2925 2643 ἀπέθανεν,
2978 2569 3099 2627 ἀλλ’
3142 2569 3516 2629 ἀποθανεῖται.
3564 2567 3646 2630 Τὸ
3677 2557 3810 2644 οὖν,

2200 2683 2231 2715 α
2265 2660 2386 2719 Οὐκ
2443 2658 2800 2735 ἀποθνήσκει,
2854 2679 2886 2715 ι)
2941 2656 3256 2736 τουτέστιν,
3309 2657 3574 2724 ἀθάνατος
3619 2656 3809 2732 ἔσται,

2194 2748 2401 2830 ψευδές.
2433 2744 2617 2808 Ἄλλοι
2650 2747 2703 2806 δὲ
2730 2746 3187 2821 διαϐεϐαιοῦνται,
3217 2745 3298 2807 ὅτι
3321 2746 3576 2810 ἀπέθανε.
3605 2748 3688 2807 Τὸ
3717 2747 3807 2824 δὲ,

2202 2862 2234 2894 α
2259 2837 2391 2900 Ἐὰν
2432 2838 2569 2897 θέλω
2613 2837 2774 2897 αὐτὸν
2820 2836 3028 2915 μένειν,
3056 2866 3080 2890 ι»
3125 2841 3196 2905 ὡς
3230 2837 3429 2897 ἄνωθεν
3453 2836 3809 2916 ἡρμηνεύσαο

2200 2953 2318 3006 μεν,
2349 2927 2489 2988 οὕτω
2515 2933 2715 2990 νοοῦσι.
2771 2927 2966 2995 Πάσας
2997 2928 3052 2987 δὲ
3080 2927 3176 2994 τὰς
3207 2926 3358 2996 δόξας
3386 2926 3633 3004 εἴπομεν,
3665 2923 3810 3007 ὓπὲρ

439 3070 441 3072 .
476 3022 569 3076 τοῦ
599 3016 868 3096 μηδεμίαν
920 3019 1221 3097 ἀγνοεῖσθαι
1265 3028 1373 3087 τοῖς
1419 3019 1784 3100 φιλομαθέσινο
1835 3023 1905 3087 ὡς
1934 3023 2064 3097 ἡμῖν
2099 3042 2158 3099 γε
2187 3018 2279 3094 τὸ,
2335 3045 2359 3072 ι
2401 3018 2636 3095 Μένειν,
2684 3016 2783 3084 ἕως
2825 3021 3091 3096 ἔρχομαι,
3127 3044 3150 3071 ι
3187 3018 3352 3086 οὕτως
3397 3015 3613 3097 ἀρέσκει
3663 3025 3808 3076 νοεῖ·

478 3113 631 3179 σθαι,
673 3111 742 3176 ὡς
784 3110 860 3189 τῷ
910 3111 1034 3190 θείῳ
1080 3109 1172 3168 xui
1219 3111 1407 3192 χρυσῷ
1455 3110 1553 3183 τὴν
1611 3113 1854 3188 γλῶτταν
1900 3109 2125 3190 Ἰωάννῃ
2175 3109 2352 3185 δοκεῖ,
2400 3110 2519 3189 οὐχὶ
2567 3107 2692 3188 περὶ
2741 3110 2834 3180 τῆς
2878 3110 3051 3180 ζωῆς,
3086 3107 3228 3166 ἀλλὰ
3271 3107 3394 3190 περὶ
3430 3114 3540 3187 τοῦ.
3567 3105 3644 3186 μὴ
3686 3130 3812 3166 συν-

480 3199 721 3278 εζεῦχθαι
749 3201 826 3280 τῷ
857 3199 1073 3280 Πέτρῳ.

549 3299 729 3353 Vnus.
760 3302 853 3365 24,
889 3303 979 3353 25.
1016 3316 1044 3350 ‹‹
1083 3298 1191 3354 Hic
1219 3305 1302 3355 est
1329 3298 1630 3372 discipulus
1669 3299 1759 3356 ille
1786 3300 1880 3372 qui
1922 3299 2079 3356 testi-
2116 3320 2162 3385 ρ

476 3389 732 3443 monium
762 3387 1012 3459 perhibet
1049 3387 1119 3444 de
1148 3387 1256 3456 his,
1301 3397 1358 3445 et
1385 3389 1604 3462 scripsit
1633 3388 1774 3458 haec,
1799 3399 1855 3446 et
1876 3391 2083 3448 scimus

478 3474 630 3547 quod
673 3492 862 3532 verum
893 3482 977 3534 est
1018 3477 1412 3535 testimonium
1465 3480 1604 3552 ejus.
1637 3483 1779 3536 Sunt
1806 3487 1994 3536 autem
2029 3488 2086 3536 et

475 3565 580 3622 alia
625 3567 800 3624 multa
832 3583 957 3640 quae
1002 3565 1138 3624 fecit
1163 3571 1346 3637 Jesus,
1379 3585 1504 3642 quae
1534 3569 1579 3625 si
1622 3569 1941 3626 scribantur
1989 3586 2086 3642 per

474 3655 707 3728 singula,
750 3673 852 3714 nec
897 3657 1032 3729 ipse,
1087 3659 1306 3732 opinor,
1345 3659 1589 3716 mundus
1617 3668 1838 3732 caperet
1866 3676 1961 3718 eos
1989 3660 2082 3732 qui

474 3746 846 3802 scriberentur
890 3747 1080 3804 libros.
1122 3767 1151 3802 »
1203 3751 1392 3822 Quare
1440 3766 1569 3805 cum
1614 3750 1795 3806 nullus
1844 3766 2081 3824 evange-

473 3834 722 3891 listarum
773 3837 911 3893 alius
958 3836 1028 3894 de
1093 3839 1276 3911 seipso
1325 3839 1642 3910 perhiberet
1669 3839 2081 3910 testimonium,

475 3925 564 3980 hic
604 3925 674 3982 de
704 3927 890 3998 seipso
932 3932 1203 3984 testatur?
1246 3929 1462 3985 Dicitur
1503 3938 1821 4002 postremus
1849 3929 1919 3986 ad
1949 3930 2086 3986 scri-

474 4013 720 4070 bendum
767 4017 1083 4082 accessisse,
1123 4034 1252 4074 cum
1296 4028 1488 4075 motus
1534 4028 1590 4074 et
1630 4019 1898 4076 excitatus
1939 4026 2088 4076 esset

474 4103 540 4160 ad
569 4103 624 4158 id
656 4121 752 4176 per
780 4105 1076 4162 Christum.
1109 4110 1183 4162 Et
1210 4117 1435 4180 propter
1464 4107 1572 4164 hoc
1598 4124 1745 4180 saepe
1773 4108 2086 4166 dilectionis

475 4192 746 4263 meminit,
780 4195 1083 4252 ostendens
1121 4212 1347 4254 causam
1383 4205 1605 4270 propter
1643 4213 1806 4269 quam
1850 4197 1919 4254 ad
1948 4199 2086 4254 scri-

475 4281 724 4338 bendum
765 4285 1074 4353 accesserit,
1127 4285 1276 4358 quod
1320 4287 1575 4343 Christus
1603 4287 1948 4344 commiserit
1977 4287 2084 4346 hoc

473 4387 616 4442 opus
666 4373 736 4440 ci,
791 4374 885 4446 qui
915 4390 1028 4446 prae
1056 4375 1172 4432 aliis
1216 4377 1398 4449 magis
1437 4377 1786 4450 diligebatur.
1843 4381 1916 4435 Et
1943 4379 2078 4450 scio,

472 4457 665 4532 inquit,
719 4461 871 4534 quod
933 4478 1058 4520 vera
1111 4463 1265 4532 dicit,
1323 4464 1430 4521 hoc
1478 4474 1581 4535 est,
1646 4466 1825 4524 Certis
1867 4467 2082 4524 indiciis

471 4561 825 4625 compertum
855 4553 1084 4625 habens,
1115 4555 1310 4628 scripsi
1339 4571 1463 4629 qua:
1505 4557 1729 4630 scripsi,
1760 4565 1952 4630 utpote
1989 4559 2083 4632 qui

2283 3317 2308 3342 α
2339 3280 2512 3355 Οὗτός
2560 3288 2703 3347 ἐστιν
2751 3289 2779 3345 6
2826 3284 3069 3365 μαθητὴς
3111 3289 3140 3345 6
3183 3289 3467 3368 μαρτυρῶν
3512 3285 3633 3368 περὶ
3684 3287 3814 3348 τού-

2199 3403 2306 3438 των
2335 3425 2353 3457 ,
2395 3377 2488 3439 xui
2530 3376 2740 3458 γράψας
2771 3381 2946 3436 ταῦτα
2975 3400 2989 3412 ’
3043 3375 3136 3435 xui
3177 3377 3425 3455 οἴδαμεν,
3469 3377 3549 3434 ὅτι
3602 3376 3812 3449 ἀληθής

2195 3472 2334 3528 ἐστιν
2368 3476 2402 3543 ἡ
2447 3468 2719 3548 μαρτυρία
2751 3468 2935 3526 αὐτοῦ.
2977 3464 3141 3526 Ἔστι
3186 3463 3242 3525 δὲ
3275 3466 3368 3527 xui
3414 3465 3554 3525 ἄλλα
3590 3466 3807 3542 πολλὰ,

2195 3561 2294 3620 ὅσα
2323 3561 2571 3630 ἐποίησεν
2610 3562 2637 3616 6
2668 3557 2876 3629 Ἰησοῦς
2899 3605 2912 3628 ,
2949 3554 3106 3615 ἅτινα
3139 3554 3231 3616 ἐὰν
3261 3555 3533 3639 γράφηται
3572 3558 3691 3615 καθ’
3719 3556 3811 3636 ἓν,

2192 3648 2310 3709 οὐδὲ
2360 3650 2515 3709 αὐτὸν
2547 3639 2701 3727 οἶμαι
2733 3646 2822 3705 τὸν
2848 3645 3046 3724 κόσμον
3093 3649 3344 3728 χωρῆσαι
3393 3646 3462 3706 τὰ
3492 3645 3815 3726 γραφόμενα

2195 3738 2404 3818 βιϐλία.
2441 3766 2464 3792 υ
2522 3738 2684 3806 Τίνος
2726 3737 2901 3796 ἕνεκεν
2954 3737 3178 3812 μηδενὸς
3225 3739 3334 3818 τῶν
3375 3737 3553 3796 ἄλλων
3583 3737 3821 3818 εὐαγγε-

2193 3817 2388 3889 λιστῶν
2441 3826 2881 3910 μαρτυρήσαντος
2934 3829 3144 3908 ἐαυτῷ,
3193 3817 3344 3894 οὗτος
3376 3834 3634 3906 μαρτυρεῖ
3678 3817 3818 3909 περὶ

2196 3923 2390 3994 αὓτοῦ;
2424 3920 2652 3998 Λέγεται
2679 3916 2898 3997 ὕστερον
2928 3916 3059 3998 πρὸς
3091 3915 3152 3976 τὸ
3198 3916 3423 3997 γράφειν
3455 3917 3652 3990 ἐλθεῖν,
3704 3923 3813 3976 τοῦ

2195 4011 2432 4088 Χριστοῦ
2510 4008 2825 4080 κινήσαντος
2893 4007 3051 4066 αὐτὸν
3107 4006 3198 4066 καὶ
3259 4007 3628 4087 διεγείραντος.
3696 4006 3814 4066 Διᾶ

2192 4104 2352 4158 τοῦτο
2401 4098 2493 4158 xui
2538 4099 2809 4176 μέμνηται
2857 4099 3092 4176 συνεχῶς
3149 4102 3242 4170 τῆς
3295 4096 3539 4176 ἀγάπης,
3595 4095 3814 4166 δεικνὺς

2192 4187 2290 4261 τὴν
2321 4187 2496 4248 αἰτίαν
2527 4189 2615 4269 ἀφ’
2640 4179 2704 4260 ἧς
2740 4187 2828 4244 ἐπὶ
2859 4186 2919 4244 τὸ
2944 4185 3164 4266 γράφειν
3203 4177 3362 4260 ἦλθεν
3387 4233 3404 4265 ,
3435 4185 3530 4245 xui
3559 4185 3638 4244 ὅτι
3671 4189 3813 4266 ἀγα.

2191 4277 2428 4358 πωμένῳ
2478 4281 2583 4337 τῶν
2635 4276 2814 4336 ἄλλων
2860 4275 3098 4358 μάλιστα
3161 4275 3453 4356 ἐνεχείρισε
3518 4279 3675 4336 τοῦτο
3736 4277 3814 4337 τὸ

2194 4356 2343 4449 ἔργον
2450 4366 2703 4448 Χριστός.
2742 4369 2853 4427 Kui
2895 4356 3038 4440 οἶδα,
3073 4366 3237 4448 φησὶ,
3282 4365 3363 4424 ὅτι
3396 4367 3569 4438 ἀληθῆ
3612 4365 3760 4445 λέγει
3792 4389 3810 4405 ο

2190 4458 2466 4534 τουτέστι,
2516 4455 2951 4538 Πληροφορηθεὶς
2999 4455 3247 4537 ἔγραψα,
3303 4455 3338 4513 ἃ
3387 4455 3637 4536 ἔγραψα,
3694 4455 3800 4518 ἅτε

2191 4559 2329 4609 πᾶσι
2353 4547 2542 4629 παρὼν
2566 4593 2582 4622 ,
2605 4546 2703 4606 xui
2733 4554 2842 4613 τοῖς
2870 4544 3042 4626 ἔργοις
3068 4546 3161 4606 xui
3189 4545 3299 4614 τοῖς
3323 4545 3498 4626 λόγοις
3519 4590 3537 4623 ,
3571 4544 3664 4606 xui
3691 4554 3812 4614 τοῖς

475 4641 699 4698 interfui
747 4643 1009 4702 omnibus
1050 4646 1421 4714 sermonibus,
1475 4654 1531 4703 et
1568 4646 1830 4720 operibus
1866 4656 1922 4704 et
1961 4665 2083 4720 pas-

2191 4638 2385 4698 πάθεσι
2406 4683 2422 4712 ,
2451 4637 2543 4696 xui
2573 4644 2678 4704 τοῖς
2708 4634 2850 4710 μετὰ
2875 4636 2969 4709 τὴν
2997 4633 3312 4696 ἀνάστασιν.
3347 4633 3649 4715 Ἀγαπητὸς
3692 4632 3808 4717 γὰρ

471 4731 718 4789 sionibus
745 4742 800 4790 et
830 4734 918 4790 his
946 4751 1069 4807 quae
1099 4745 1223 4808 post
1253 4737 1715 4794 resurrectionem
1740 4738 2078 4796 acciderunt.

474 4820 720 4877 Dilectus
763 4822 912 4878 enim
963 4839 1136 4895 eram,
1178 4832 1232 4880 et
1270 4842 1383 4882 non
1421 4827 1768 4897 excludebar,
1811 4835 1978 4900 atque
2006 4828 2080 4885 ita

473 4909 706 4967 ﬁdenter
733 4919 788 4967 et
815 4911 884 4968 de
909 4914 1116 4986 mcipso
1147 4914 1270 4972 dico
1302 4915 1454 4989 quod
1483 4933 1608 4973 vera
1637 4916 1784 4986 dico,
1814 4934 2078 4990 provoca-

473 5009 563 5058 tus
592 5010 652 5058 ut
681 5003 1020 5076 exquirerem
1051 5021 1176 5078 quae
1207 5005 1346 5062 facta
1367 5016 1518 5078 sunt,
1551 5016 1605 5064 et
1622 5007 1837 5080 singula
1867 5008 2079 5064 exami-

469 5107 688 5148 narem.
717 5095 954 5150 Prorsus
974 5102 1163 5152 autem
1187 5097 1430 5153 solemus
1449 5113 1553 5154 nos
1574 5097 1832 5154 homines
1855 5098 2078 5171 quando

471 5181 610 5237 bene
653 5181 877 5240 fidimus
906 5184 1118 5241 veritati
1161 5202 1514 5259 nequaquam
1543 5186 1858 5243 testimonia
1887 5196 2077 5244 nostra

470 5285 725 5328 recusare
773 5289 789 5329 :
833 5272 893 5329 id
939 5273 1092 5347 quod
1139 5282 1195 5330 et
1235 5275 1469 5347 apostoli
1512 5276 1770 5333 dicebant
1817 5296 1829 5331 :
1886 5296 1913 5329 ‹‹
1960 5279 2076 5333 Nos

467 5374 660 5416 sumus
689 5371 856 5419 testes
884 5379 1080 5420 eorum
1117 5380 1241 5436 quaa
1270 5365 1524 5435 dicimus,
1553 5371 1606 5422 et
1637 5367 1872 5439 Spiritus
1909 5383 2078 5438 quem

469 5447 622 5505 dedit
647 5451 1034 5510 obedientibus
1063 5454 1185 5510 sibi.
1216 5475 1244 5507 »
1279 5455 1449 5512 Unde
1477 5465 1667 5512 autem
1699 5456 2075 5526 manifestum,

471 5537 666 5608 inquit,
700 5541 848 5610 quod
872 5558 996 5598 vera
1024 5542 1225 5611 dicam,
1274 5553 1330 5600 et
1366 5561 1479 5600 non
1503 5546 1692 5602 aduler
1715 5547 2078 5619 prmeeptori?

473 5628 553 5680 Ex
584 5642 648 5682 eo
691 5630 839 5699 quod
886 5632 1058 5688 multa
1104 5635 1492 5706 praetermitto,
1539 5635 1684 5693 unde
1721 5637 2078 5708 perspicuum

475 5715 623 5786 quod
665 5731 780 5771 non
809 5717 1018 5776 aduler.
1065 5724 1172 5793 Qui
1215 5723 1361 5779 enim
1402 5726 1768 5797 ignominiosa
1807 5727 1995 5782 omnia
2022 5726 2075 5781 in

474 5805 722 5860 medium
750 5810 974 5877 protuli,
1005 5819 1193 5868 etnon
1222 5813 1508 5882 abscondi,
1537 5815 1687 5888 quod
1707 5832 1834 5871 cum
1855 5824 1909 5872 et
1938 5832 2076 5888 prac-

473 5894 840 5954 varicatorem
882 5897 1036 5970 legis,
1065 5909 1121 5956 et
1156 5901 1506 5960 seductorem
1535 5905 1984 5976 nominaverunt,
2021 5915 2078 5963 et

2189 4727 2374 4806 ἤμην,
2405 4727 2498 4787 xui
2546 4729 2642 4786 οὐκ
2691 4726 3172 4805 ἀπελιμπανόμην.
3208 4721 3389 4786 Ὥστε
3431 4726 3808 4808 παρρησιάζο-

2191 4842 2317 4897 μαι,
2355 4817 2448 4878 xui
2493 4816 2617 4900 περὶ
2648 4818 2884 4894 ἐμαυτοῦ
2923 4815 3092 4897 λέγω,
3141 4815 3224 4876 ὅτι
3268 4815 3553 4889 ἀληθεύω,
3583 4837 3803 4895 προκα-

2187 4909 2442 4985 λούμενος
2487 4906 2748 4977 ἐξετάζειν
2802 4904 2873 4964 τὰ
2929 4904 3302 4988 γεγενημένα,
3343 4905 3439 4965 καὶ
3492 4904 3808 4985 βασανίζειν

2187 4997 2306 5057 καθ’
2355 4997 2596 5058 ἕκαστον.
2653 4996 2939 5074 Είώθαμεν
2997 4995 3054 5055 δὲ
3115 4997 3329 5063 πάντως
3381 4997 3428 5055 οἱ
3487 4993 3804 5076 ἄνθρωποι,

2187 5087 2312 5147 ὅταν
2367 5086 2572 5169 σφόδρα
2616 5089 2899 5170 θαρρῶμεν
2953 5085 3040 5146 ἐπὶ
3084 5090 3151 5167 τῇ
3216 5085 3472 5166 ἀληθείᾳ,
3529 5084 3806 5164 μηδέποτε

2185 5178 2285 5252 τὴν
2316 5182 2518 5238 ἑαυτῶν
2562 5179 2859 5260 μαρτυρίαν
2907 5181 3215 5259 ἀρνεῖσθαι,
3258 5176 3390 5258 ὅπερ
3437 5174 3617 5260 xuiuoi
3664 5176 3802 5237 ἀπόο

2188 5272 2365 5330 στολοι
2408 5256 2703 5348 ἔλεγονίι
2741 5256 3140 5346 Ἠμεῖςνέσμεν
3196 5256 3459 5348 μάρτυρες
3512 5256 3586 5326 ὧν
3634 5264 3805 5346 λέγο-

2191 5384 2288 5437 μεν
2308 5407 2324 5438 ,
2355 5359 2448 5419 xui
2476 5359 2537 5418 τὸ
2572 5363 2827 5435 Πνεῦμα,
2861 5357 2889 5417 ὃ
2921 5357 3083 5417 ἔδωκε
3133 5365 3243 5425 τοῖς
3285 5360 3663 5439 πειθαρχοῦσιν
3697 5359 3803 5415 αὗ-

2187 5454 2283 5532 τῷ.
2308 5478 2331 5502 ν
2362 5449 2532 5509 Πόθεν
2565 5448 2620 5507 δὲ
2654 5449 2812 5520 δῆλον
2832 5493 2848 5522 ,
2878 5446 2960 5506 ὅτι
2998 5447 3218 5520 Ἀληθῆ,
3244 5446 3410 5528 φησὶ,
3434 5445 3596 5526 λέγω,
3620 5444 3712 5503 xui
3731 5447 3799 5505 οὗ

2186 5539 2477 5620 χαρίζομαι
2505 5540 2581 5619 τῷ
2625 5537 2970 5620 διδασκάλῳς
3019 5537 3129 5597 Kui
3171 5538 3231 5595 ἐκ
3259 5541 3351 5594 τοῦ
3376 5538 3444 5596 τὰ
3478 5535 3652 5596 πολλὰ
3683 5558 3800 5593 πα-

2190 5632 2462 5712 ραλιπεῖν,
2494 5627 2608 5688 ὅθεν
2638 5629 2826 5702 δῆλον,
2856 5626 2937 5686 ὅτι
2967 5629 3063 5685 οὐκ
3099 5625 3165 5685 ἂν
3198 5625 3555 5708 ἐχαρισάμην.
3585 5623 3654 5685 Ὀ
3686 5626 3799 5707 γὰρ

2185 5719 2252 5778 τὰ
2283 5717 2614 5777 ἐπονείδιστα
2645 5717 2825 5777 πάντα
2859 5719 2929 5784 εἷς
2977 5717 3134 5794 μέσον
3173 5716 3275 5783 θεὶς
3295 5760 3312 5789 ,
3350 5715 3441 5774 xui
3473 5715 3609 5794 μηδὲ
3639 5720 3802 5776 τοῦτο

2189 5807 2669 5889 ἀποκρυψάμενος,
2705 5805 2784 5866 ὅτι
2832 5806 2923 5865 xui
2968 5807 3165 5881 ἄνομον
3209 5806 3364 5865 αὐτὸν
3411 5806 3668 5864 ἐκάλεσαν
3697 5804 3797 5864 xui

2187 5897 2385 5958 πλάνον
2407 5941 2425 5972 ,
2460 5897 2550 5957 xui
2585 5898 2921 5974 δαιμονῶντα
2944 5941 2962 5973 ,
3009 5895 3228 5970 εὔδηλον
3259 5892 3342 5955 ὅτι
3381 5896 3478 5955 οὖκ
3511 5894 3575 5956 ἂν
3607 5896 3800 5974 ἐχαρι-
