4128 6454
444 600 548 653 317

1214 599 1608 657 ENARRATIO
1645 601 1712 657 IN
1752 600 2191 659 EVANGELIUM
2223 602 2524 660 'JOANNIS.
2563 630 2635 645 —
2672 602 2823 659 CAP.
2863 602 2992 658 XXI.

3663 605 3769 661 318

443 722 647 800 σάμην.
699 721 773 783 Ὀ
829 724 939 805 γὰρ
1014 726 1359 808 χαριζόμενος
1409 726 1712 788 τούναντίον
1764 736 1943 788 ποιεῖ’
1996 726 2040 786 τὲ

2172 726 2608 799 daemoniacum,
2633 727 2993 785 manifestum
3012 734 3097 785 est
3115 725 3265 800 quod
3284 726 3608 800 neutiquam
3636 727 3772 786 adu-

442 813 780 874 ἐπονείδιστα
822 815 1069 895 παριεὶς,
1127 816 1195 875 τὰ
1233 816 1413 887 ἔνδοξα
1455 820 1527 885 εἰς
1576 817 1738 895 μέσον
1791 818 2047 899 παράγει.

441 902 543 974 Μὴ
576 903 858 984 θαυμάσῃς
886 905 981 980 δὲ,
1013 908 1059 965 εἰ
1094 905 1163 965 τὰ
1208 906 1521 988 γραφόμενα
1562 906 1747 987 βιϐλία
1794 908 1916 990 περὶ
1946 913 2051 970 τῶν

439 998 538 1051 τοῦ
568 993 752 1065 Ἰησοῦ
783 994 952 1075 ἔργων
1002 995 1101 1078 ἔφη
1146 995 1220 1072 μὴ
1250 1002 1500 1078 χωρῆσαι
1544 997 1632 1057 τὸν
1678 998 1900 1075 κόσμον·
1935 1000 2053 1059 ἀλλ’

442 1082 701 1154 ἐννοήσας
729 1083 826 1157 τὴν
872 1085 1073 1165 ἄφατον
1120 1086 1343 1164 δύναμιν
1392 1092 1485 1146 τοῦ
1525 1089 1666 1149 Θεοῦ
1718 1088 1927 1168 Λόγου,
1959 1112 2050 1147 πι-

449 1176 589 1240 στῶς
624 1174 768 1243 δέξαι
798 1174 861 1233 τὸ
890 1174 1068 1254 ῥηθέν.
1119 1172 1345 1256 εὨσπερ
1392 1176 1495 1256 γὰρ
1546 1181 1677 1255 ἡμῖν
1726 1177 1786 1237 τὸ
1826 1178 2051 1258 φθέγγε-

450 1267 599 1336 σθαι,
635 1262 799 1331 οὕτως
829 1263 1047 1344 ἐκείνῳ,
1099 1267 1301 1341 μᾶλλον
1348 1266 1403 1325 δὲ
1442 1268 1626 1348 πολλῷ
1678 1270 1807 1349 ῥᾷον
1833 1313 1848 1341 ,
1878 1276 2047 1328 ποιεῖν

446 1354 587 1432 ἅπερ
622 1353 837 1425 ἤθελεν.
876 1353 1029 1422 Τινὲς
1062 1354 1116 1412 δὲ
1162 1358 1415 1437 Γραφικῷ
1460 1356 1564 1415 ἔθει
1619 1362 1842 1437 ῥηθῆναι
1884 1360 2050 1439 ὓπερ-

441 1442 674 1510 ϐολικῶς
698 1442 851 1502 τοῦτό
880 1466 1059 1525 φασιν.
1093 1442 1257 1512 Ἐθος
1285 1446 1387 1527 γὰρ
1416 1450 1484 1525 τῇ
1518 1450 1707 1529 Γραφῇ
1736 1456 1853 1515 ταῖς
1884 1450 2048 1530 ὕπερ-

441 1532 636 1601 ϐολαῖς
683 1536 996 1613 κεχρῆσθαι·
1044 1533 1225 1615 ὥσπερ
1277 1536 1371 1615 τὸ,
1427 1536 1657 1615 Εἴδομεν
1696 1537 1876 1604 πόλεις
1925 1538 2051 1619 ἄχρι

437 1627 537 1681 τοῦ
594 1623 819 1710 οὐρανοῦ
883 1623 1208 1704 φθανούσας·
1258 1624 1350 1684 καὶ
1396 1626 1489 1702 τὸ,
1540 1626 1770 1706 Είδομεν
1823 1627 2047 1710 ἄνδρας,

437 1712 536 1771 καὶ
591 1703 729 1789 ἦμεν
804 1703 1024 1797 ἐνώπιον
1078 1715 1251 1772 αὐτῶν
1306 1716 1434 1775 ὡσεὶ
1509 1703 1752 1797 ἀκρίδες*
1810 1703 2046 1777 καὶίὅσα

436 1807 692 1864 τοιαῦτα.
728 1800 913 1869 Οὕτως
945 1795 1034 1862 οἷν
1071 1804 1163 1863 καὶ
1210 1804 1271 1863 τὸ
1301 1804 1375 1884 μὴ
1408 1795 1695 1881 δυνηθῆναι
1757 1827 1785 1865 (ι
1813 1806 1900 1865 τὸν
1947 1807 2043 1868 κό-

435 1915 579 1967 σμον
633 1895 882 1973 χωρῆσαι
930 1892 998 1952 τὰ
1051 1892 1366 1975 γραφόμενα
1417 1895 1625 1975 βιϐλία.
1684 1920 1712 1956 ››
1776 1895 1934 1965 Τινὲς
1989 1896 2045 1957 δὲ

444 2005 475 2040 ιι
522 1980 725 2059 κόσμον
760 2008 786 2035 υ
820 1981 916 2058 μὲν
943 1988 1156 2059 νοοῦσι,
1185 1983 1274 2043 τὸν
1304 1984 1539 2064 κοσμικὰ
1566 1991 1880 2068 φρονοῦντα,
1912 1986 2046 2069 ἔργα

433 2070 493 2131 δὲ
527 2072 866 2149 πεποιημένα
912 2072 1013 2132 ὕπὸ
1042 2080 1134 2135 τοῦ
1161 2073 1378 2150 Ἰησοῦ,
1425 2076 1494 2135 τὰ
1539 2076 1654 2135 θεῖα
1709 2076 1801 2136 καὶ
1836 2100 2045 2155 μυστγα-

437 2160 611 2243 ριώδη
641 2164 833 2234 αὐτοῦ,
867 2160 935 2220 τὰ
965 2162 1019 2221 ἔν
1049 2187 1108 2223 τε
1244 2164 1459 2247 ἀοράτῳ
1490 2164 1661 2225 κτίσει
1691 2168 1779 2225 καὶ
1916 2170 2041 2247 δρα-

432 2256 538 2331 τῇ,
590 2251 685 2309 καὶ
738 2251 837 2310 ὅσα
888 2251 1013 2332 περὶ
1060 2252 1156 2326 τὴν
1202 2257 1286 2313 ἐπ’
1333 2255 1578 2335 ἐσχάτων
1612 2256 1914 2334 οἰκονομίαν
1942 2301 1958 2330 ,
2006 2256 2040 2314 ἃ

434 2339 751 2421 μυστηρίων
784 2342 1049 2420 γέμοντα,
1085 2344 1172 2403 τὸν
1216 2345 1471 2423 κοσμικὸν
1523 2346 1799 2426 ἄνθρωπον
1837 2346 1911 2426 μὴ
1944 2346 2039 2406 δύ-

434 2436 628 2490 νασθαι
663 2435 867 2504 νοῆσαι·
896 2436 967 2499 ὡς
992 2432 1086 2508 τὸ,
1120 2461 1146 2486 α
1171 2434 1360 2495 Πολλὰ
1385 2434 1496 2516 ἔχω
1523 2435 1698 2513 λέγειν
1729 2440 1885 2514 ὑμῖν,
1918 2436 2040 2497 ἀλλ’

430 2523 493 2580 οὗ
526 2521 752 2580 δύνασθε
785 2522 1092 2601 βαστάζειν.
1124 2544 1154 2581 ι)
1196 2523 1357 2585 Ἀλλὰ
1404 2526 1506 2605 γὰρ
1548 2525 1819 2604 εὖξώμεθα
1866 2525 2036 2605 μηδέ-

431 2634 565 2670 ποτε
600 2614 673 2679 εἷς
701 2611 868 2685 λήθην
901 2614 1073 2671 ἐλθεῖν
1125 2618 1229 2674 τῶν
1262 2620 1355 2675 τοῦ
1399 2615 1598 2696 Κυρίου
1644 2616 1813 2697 ἔργων
1856 2640 1914 2676 τε
1944 2616 2039 2677 καὶ

431 2701 641 2779 λόγων,
672 2703 791 2761 ἀλλ’
824 2704 904 2761 ἀεὶ
936 2702 1231 2764 ἀνελίσσειν
1260 2704 1318 2765 τὸ
1347 2704 1554 2785 βιϐλίον
1595 2712 1750 2766 τοῦτο
1781 2712 1872 2767 τοῦ
1899 2710 2038 2787 ἠγα-

427 2791 715 2871 πημένου,
778 2794 869 2852 καὶ
922 2794 1285 2874 διερευνᾶσθαι
1346 2795 1435 2855 τὸν
1485 2795 1786 2875 ἐγκείμενον
1836 2803 2037 2871 θησαυ-

432 2881 523 2960 ρὸν
578 2882 673 2941 καὶ
725 2890 833 2953 τοῖς
863 2880 1103 2959 θαύμασι
1132 2888 1225 2944 τοῦ
1257 2886 1438 2958 Ἰησοῦ
1486 2884 1578 2945 καὶ
1619 2895 1727 2955 τοῖς
1759 2887 1993 2969 ῥήμασιν
2019 2910 2033 2925 '

425 2970 519 3028 ἵνα
546 2970 854 3043 δυνηθέντες
881 2974 1175 3054 ἐκκαθᾶραι
1220 2975 1441 3045 ἑαυτοὺς
1470 2976 1561 3035 καὶ
1591 2975 1734 3059 λόγῳ
1766 2977 1858 3037 καὶ
1896 2976 1995 3059 βίῳ
2017 3026 2029 3049 ,

427 3062 853 3141 καταξιωθῶμεν
912 3062 1005 3122 καὶ
1053 3068 1159 3123 τῶν
1218 3067 1656 3149 ἀποῤῥητοτέρων
1715 3067 1883 3148 ἔργων
1941 3068 2034 3128 καὶ

427 3151 748 3232 μυστηρίων
772 3155 847 3230 λέν
877 3154 1058 3236 ἡμέρᾳ
1107 3156 1524 3239 ἀποκαλύψεως,
1557 3158 1592 3217 ἃ
1624 3162 1714 3217 νῦν
1746 3161 1799 3218 ἐν
1840 3162 1917 3238 τῷ
1944 3159 2035 3219 κό-

424 3265 550 3321 σμῳ
580 3243 764 3317 ὄντες,
812 3245 872 3302 οὗ
904 3244 1173 3323 δυνάμεθα
1221 3250 1500 3327 χωρῆσαν
1531 3248 1624 3307 καὶ
1668 3250 2031 3327 τελειωθῶμεν

419 3335 476 3392 ἐν
506 3334 655 3414 αὐτῷ
703 3334 930 3413 Χριστῷ
960 3337 1038 3415 τῷ
1084 3336 1429 3413 ἀγαπήσαντι
1470 3342 1646 3415 ἡμᾶς,
1684 3339 1776 3399 καὶ
1808 3339 1896 3400 διὰ
1939 3344 2033 3398 τοῦ

2161 820 2305 876 latus
2352 818 2576 878 fuerim.
2632 820 2736 890 Qui
2787 818 2937 875 enim
2986 817 3261 887 adulatur,
3309 825 3365 874 et
3414 816 3483 874 ad
3530 818 3767 891 gratiam

2160 909 2420 982 loquitur,
2472 910 2814 967 contrarium
2863 909 3011 977 facit,
3053 908 3388 981 omissisque
3428 908 3765 981 contempti-

2158 998 2384 1070 bilibus,
2428 1001 2670 1074 gloriosa
2711 1000 2768 1057 in
2806 999 3050 1057 medium
3078 998 3329 1056 adducit.
3367 1000 3449 1056 Ne
3477 997 3769 1056 admireris

2157 1096 2346 1146 autem
2390 1090 2441 1147 si
2482 1090 2654 1147 libros
2702 1088 2796 1164 qui
2835 1089 2904 1147 de
2954 1087 3208 1162 operibus
3246 1091 3376 1145 Jesu
3426 1088 3761 1158 scribantur,

2158 1179 2431 1237 mundum
2469 1179 2612 1236 dixit
2663 1195 2781 1237 non
2833 1195 3045 1252 capere,
3096 1178 3192 1236 sed
3234 1178 3509 1234 intellecta
3561 1175 3760 1235 ineffa-

2154 1269 2253 1325 bili
2300 1270 2352 1326 vi
2407 1270 2510 1327 Dei
2561 1270 2750 1340 Verbi,
2803 1270 3015 1327 dictum
3066 1267 3307 1325 ﬁdeliter
3355 1267 3558 1341 accipe.
3617 1270 3760 1325 Nam

2156 1358 2297 1416 sicut
2373 1358 2533 1417 nobis
2610 1360 2780 1433 loqui,
2848 1360 2925 1416 ita
2976 1358 3077 1428 illi,
3136 1358 3251 1415 imo
3302 1360 3480 1415 multo
3551 1357 3761 1415 facilius

2158 1457 2241 1505 est
2266 1447 2445 1505 facere
2470 1466 2532 1507 ea
2562 1466 2686 1523 qua:
2712 1450 2899 1508 voluit.
2935 1448 3173 1521 Quidam
3214 1456 3403 1505 autem
3428 1464 3527 1520 per
3556 1447 3760 1522 hyper-

2153 1539 2319 1595 bolen
2363 1556 2522 1597 more
2568 1541 2863 1612 Scriptura:
2916 1547 3108 1612 putant
3153 1538 3387 1595 dictum.
3440 1541 3568 1595 Mos
3608 1537 3760 1594 enim

2155 1628 2453 1701 Scriptura;
2490 1638 2574 1687 est
2612 1629 2912 1703 hyperbole
2947 1630 3028 1685 uti
3075 1648 3089 1684 :
3133 1629 3302 1695 sicut,
3338 1628 3594 1685 Vidimus
3632 1627 3761 1683 civi-

2152 1725 2291 1774 tates
2333 1720 2707 1792 pertingentes
2730 1720 2785 1775 in
2821 1719 3027 1775 coelum
3050 1719 3131 1786 '9,
3163 1726 3251 1787 et,
3284 1717 3541 1774 Vidimus
3580 1717 3758 1787 viros,

2149 1818 2206 1865 et
2230 1824 2451 1866 eramus
2474 1810 2616 1866 sicut
2640 1810 2866 1865 locustae
2895 1824 3086 1865 coram
3114 1808 3193 1864 eis
3230 1807 3303 1876 3°,
3332 1816 3388 1863 et
3413 1823 3760 1880 quaecunque

2156 1906 2285 1954 sunt
2307 1898 2528 1956 similia.
2558 1902 2638 1955 Ita
2661 1899 2824 1972 igitur
2846 1898 2996 1972 quod
3026 1917 3055 1950 α
3072 1914 3187 1954 non
3212 1897 3385 1969 possit
3408 1896 3650 1953 mundus
3673 1913 3760 1953 ca-

2157 2004 2291 2060 pere
2318 1988 2491 2046 libros
2532 1990 2627 2062 qui
2667 1989 2996 2058 scribantur,
3033 2011 3054 2038 »
3091 1987 3395 2060 intelligere
3424 1986 3573 2044 licet.
3618 1987 3760 2061 Qui-

2077 2064 2126 2128 B
2156 2077 2285 2135 dam
2325 2087 2513 2135 autem
2556 2095 2653 2153 per
2701 2102 2728 2129 ι
2769 2078 3043 2135 mundum
3086 2098 3116 2132 »
3166 2077 3478 2150 intelligunt
3523 2092 3619 2134 eos
3666 2076 3761 2148 qui

2151 2168 2433 2225 mundana
2463 2170 2685 2242 sapiunt
2713 2189 2725 2225 :
2753 2185 2919 2242 opera
2942 2176 3126 2225 autem
3150 2183 3273 2241 quae
3299 2167 3443 2224 facta
3464 2175 3593 2223 sunt
3616 2181 3646 2222 a
3670 2169 3758 2224 Je-

2149 2275 2236 2325 su,
2263 2257 2450 2315 divina
2480 2267 2536 2316 et
2564 2259 2845 2334 mysteriis
2871 2259 3049 2332 plena,
3081 2268 3197 2315 tam
3218 2260 3274 2314 in
3298 2257 3556 2314 invisibili
3585 2272 3757 2329 quam

2150 2348 2210 2405 in
2238 2348 2436 2405 visibili
2462 2358 2825 2427 creatura,_et
2853 2364 2977 2422 qua:
3005 2349 3192 2406 futura
3216 2357 3369 2418 sunt,
3399 2356 3456 2405 et
3478 2348 3757 2421 mysteriis

2146 2447 2275 2495 sunt
2302 2437 2502 2496 referta
2528 2440 2873 2497 mundanum
2909 2438 3189 2495 hominem
3233 2454 3348 2494 non
3372 2453 3533 2511 posse
3585 2437 3747 2494 intel-
3775 2435 3790 2450 '

2146 2529 2312 2603 ligere
2344 2547 2356 2586 :
2385 2530 2528 2586 sicut
2548 2539 2603 2587 et
2627 2546 2757 2587 cum
2786 2530 2987 2586 dicitur
3012 2528 3079 2597 δι,
3116 2552 3141 2578 α
3173 2528 3351 2585 Multa
3383 2528 3565 2584 habeo
3600 2527 3757 2585 vobis

2146 2618 2351 2690 dicere,
2378 2619 2475 2677 sed
2498 2636 2610 2677 non
2639 2620 2868 2693 potestis
2894 2628 3113 2693 portare
3152 2617 3345 2675 modo.
3385 2638 3415 2671 ι)
3447 2619 3748 2681 Caeterum,

2147 2709 2316 2783 774
2358 2726 2648 2783 precemur
2675 2709 2972 2784 nequando
3003 2708 3283 2766 dictorum
3326 2716 3756 2779 sanctorumque

2144 2801 2351 2859 Christi
2389 2801 2795 2869 obliviscamur,
2827 2800 2924 2858 sed
2962 2801 3307 2857 revolvamus
3342 2799 3551 2856 librum
3580 2797 3751 2868 hunc,

2145 2889 2355 2960 dilecti,
2401 2900 2456 2948 et
2501 2901 2812 2949 scrutemur
2857 2891 2914 2947 in
2942 2907 3008 2948 eo
3055 2891 3299 2964 positum
3328 2890 3653 2946 thesaurum
3696 2888 3755 2944 in

2144 2982 2424 3040 miraculis
2469 3000 2534 3039 ac
2574 2984 2749 3040 verbis
2775 2985 2926 3053 Jesu,
2968 2991 3030 3039 ut
3052 2982 3132 3039 sic
3163 2982 3444 3038 valeamus
3474 2979 3755 3053 puriﬁcari

2145 3080 2201 3129 et
2236 3074 2345 3129 vita
2386 3081 2443 3129 et
2470 3090 2744 3141 sermone,
2793 3088 3305 3145 consequamurque
3334 3071 3392 3127 in
3418 3070 3508 3128 die
3550 3071 3754 3126 revela-

2142 3163 2309 3220 tionis
2335 3164 2633 3221 ineffabilia
2658 3180 2825 3238 opera
2850 3172 2905 3221 et
2941 3161 3223 3236 mysteria,
3254 3177 3379 3235 quae
3400 3176 3547 3216 nunc
3575 3176 3749 3232 quan-

2142 3253 2241 3311 diu
2285 3254 2340 3311 in
2387 3256 2600 3312 mundo
2650 3270 2869 3322 sumus,
2920 3270 3120 3327 capere
3162 3269 3276 3310 non
3322 3266 3661 3325 possumus:
3698 3258 3754 3307 et

2143 3344 2494 3417 perﬁciamur
2520 3346 2579 3401 in
2622 3345 2864 3413 Christo,
2897 3346 2990 3418 qui
3020 3344 3217 3402 dilexit
3243 3359 3368 3412 nos,
3399 3351 3455 3399 et
3483 3358 3585 3415 per
3608 3341 3748 3399 dile-

416 3423 777 3503 ἧγαπημένου
829 3426 991 3483 αὐτοῦ
1013 3426 1275 3503 (μαθητοῦ
1328 3428 1621 3510 φωτίσαντι
1670 3434 1813 3506 ἡμᾶς
1863 3432 1915 3489 ἐν
1962 3433 2028 3510 τῇ

2147 3444 2299 3492 ctum
2341 3451 2507 3492 suum
2546 3435 2877 3505 discipulum
2916 3435 3211 3492 illustravit
3233 3450 3337 3490 nos
3378 3433 3433 3488 in
3472 3431 3746 3503 theologia

419 3514 669 3593 θεολογίᾳ
717 3514 812 3573 καὶ
863 3513 1147 3593 ἐπιγνώσει
1183 3520 1362 3600 *αὑτοῦ
1408 3518 1625 3579 καὶτοῦ
1678 3520 1892 3600 Πατρὸς
1935 3521 2029 3580 καὶ

424 3607 523 3749 ξέῦ
562 3603 727 3712 Ιᾶγίου
777 3605 1125 3683 Πνεύματος,
1175 3595 1221 3683 ᾧ
1264 3612 1300 3680 ἡ
1350 3606 1474 3678 δόξα
1514 3611 1586 3678 εἷς
1631 3609 1750 3678 τοὺς
1806 3595 2025 3680 αἰῶνας.

501 3717 633 3749 um.

501 3717 633 3768 μην-

433 3862 643 3935 Τέλος
687 3868 808 3938 τῆς
860 3868 959 3934 εἰς
1010 3867 1088 3925 τὸ
1134 3866 1313 3927 κατὰ
1354 3867 1691 3942 Ἰωάννην
1738 3872 2033 3954 Εὐαγγέ-

633 3958 784 4017 λιον
822 3955 1249 4038 Ἑρμηνείας
1296 3960 1824 4041 Θεοφυλάκτου.

474 4127 687 4188 ”Dan.
722 4143 821 4197 Iv,
858 4134 949 4187 17.
981 4127 1034 4164 ³ο
1062 4130 1177 4186 Isa.
1205 4144 1309 4201 XL,
1343 4134 1432 4188 22.
1476 4128 1526 4170 3'
1577 4132 1740 4190 Joan.
1771 4146 1899 4204 xvx,
1940 4138 2027 4190 I2.

2139 3534 2195 3582 et
2240 3526 2524 3599 agnitione
2568 3527 2677 3593 sui,
2710 3534 2766 3582 et
2811 3525 3011 3595 Patris,
3051 3533 3108 3582 et
3147 3524 3385 3597 Spiritus
3416 3522 3617 3592 sancti,
3654 3520 3743 3578 cui

2140 3615 2212 3672 sit
2238 3616 2413 3689 gloria
2444 3616 2502 3672 in
2528 3616 2857 3674 saeculorum
2884 3617 3102 3673 saecula.
3136 3618 3342 3671 Amen.

2140 3876 2578 3933 Enanationum
2606 3873 2991 3948 Theophylacti
3011 3876 3069 3931 in
3099 3870 3480 3944 Evangelium
3519 3872 3747 3926 Joannis

2868 3964 3022 4031 linis.
