  <div class='ocr_page' id='page_1' title='image "/cluster/home/n/w/nwhite01/storage/ocr_20150623/124:no.2/coo.31924054870294/167.png"; bbox 0 0 4128 6484; ppageno 0'>
   <div class='ocr_carea' id='block_1_1' title="bbox 345 597 3664 664">
    <p class='ocr_par' dir='ltr' id='par_1_1' title="bbox 345 597 3664 664">
     <span class='ocr_line' id='line_1_1' title="bbox 345 597 3664 664; baseline -0.004 0"><span class='ocrx_word' id='word_1_1' title='bbox 345 608 449 664; x_wconf 79' lang='grc'>319</span> <span class='ocrx_word' id='word_1_2' title='bbox 1131 600 1223 657; x_wconf 81' lang='lat' dir='ltr'>AD</span> <span class='ocrx_word' id='word_1_3' title='bbox 1260 597 1781 656; x_wconf 81' lang='lat' dir='ltr'>THEOPHYLACTI</span> <span class='ocrx_word' id='word_1_4' title='bbox 1821 598 2321 659; x_wconf 80' lang='lat' dir='ltr'>EXPOSITIONEM</span> <span class='ocrx_word' id='word_1_5' title='bbox 2360 601 2428 656; x_wconf 86' lang='lat' dir='ltr'><strong>IN</strong></span> <span class='ocrx_word' id='word_1_6' title='bbox 2465 601 2529 657; x_wconf 91' lang='lat' dir='ltr'>D.</span> <span class='ocrx_word' id='word_1_7' title='bbox 2570 598 2861 657; x_wconf 82' lang='lat' dir='ltr'>PAULUM.</span> <span class='ocrx_word' id='word_1_8' title='bbox 3554 598 3664 653; x_wconf 74' lang='lat'>320</span> 
     </span>
    </p>
   </div>
   <div class='ocr_carea' id='block_1_2' title="bbox 1238 884 2775 1050">
    <p class='ocr_par' dir='ltr' id='par_1_2' title="bbox 1238 884 2775 1050">
     <span class='ocr_line' id='line_1_2' title="bbox 1238 884 2775 1050; baseline 0 -4"><span class='ocrx_word' id='word_1_9' title='bbox 1238 884 2775 1050; x_wconf 84' lang='lat' dir='ltr'>THEOPHYLACTI</span> 
     </span>
    </p>
   </div>
   <div class='ocr_carea' id='block_1_3' title="bbox 1506 1150 2498 1212">
    <p class='ocr_par' dir='ltr' id='par_1_3' title="bbox 1506 1150 2498 1212">
     <span class='ocr_line' id='line_1_3' title="bbox 1506 1150 2498 1212; baseline 0.001 -5"><span class='ocrx_word' id='word_1_10' title='bbox 1506 1151 1911 1209; x_wconf 77' lang='lat' dir='ltr'>BULGARLE</span> <span class='ocrx_word' id='word_1_11' title='bbox 1945 1150 2498 1212; x_wconf 78' lang='lat' dir='ltr'>ARCHIEPISCOPI</span> 
     </span>
    </p>
   </div>
   <div class='ocr_carea' id='block_1_4' title="bbox 674 1307 3349 1444">
    <p class='ocr_par' dir='ltr' id='par_1_4' title="bbox 674 1307 3349 1444">
     <span class='ocr_line' id='line_1_4' title="bbox 674 1307 3349 1444; baseline 0 -4"><span class='ocrx_word' id='word_1_12' title='bbox 674 1314 832 1441; x_wconf 89' lang='lat' dir='ltr'>IN</span> <span class='ocrx_word' id='word_1_13' title='bbox 925 1310 1439 1444; x_wconf 88' lang='lat' dir='ltr'><strong>OMNES</strong></span> <span class='ocrx_word' id='word_1_14' title='bbox 1537 1312 1871 1444; x_wconf 88' lang='lat' dir='ltr'>DIVI</span> <span class='ocrx_word' id='word_1_15' title='bbox 1962 1308 2421 1444; x_wconf 85' lang='lat' dir='ltr'><strong>PAULI</strong></span> <span class='ocrx_word' id='word_1_16' title='bbox 2511 1307 3349 1443; x_wconf 87' lang='lat' dir='ltr'>EPISTOLAS</span> 
     </span>
    </p>
   </div>
   <div class='ocr_carea' id='block_1_5' title="bbox 1414 1550 2575 1671">
    <p class='ocr_par' dir='ltr' id='par_1_5' title="bbox 1414 1550 2575 1671">
     <span class='ocr_line' id='line_1_5' title="bbox 1414 1550 2575 1671; baseline -0.002 -2"><span class='ocrx_word' id='word_1_17' title='bbox 1414 1550 2575 1671; x_wconf 83' lang='lat' dir='ltr'>COMMENTARIUS.</span> 
     </span>
    </p>
   </div>
   <div class='ocr_carea' id='block_1_6' title="bbox 3259 737 3593 752">
    <p class='ocr_par' dir='ltr' id='par_1_6' title="bbox 3259 737 3593 752">
     <span class='ocr_line' id='line_1_6' title="bbox 3259 737 3593 752; baseline -0.012 0"><span class='ocrx_word' id='word_1_18' title='bbox 3259 737 3593 752; x_wconf 74' lang='lat'>——</span> 
     </span>
    </p>
   </div>
   <div class='ocr_carea' id='block_1_7' title="bbox 1113 1920 2915 2004">
    <p class='ocr_par' dir='ltr' id='par_1_7' title="bbox 1113 1920 2915 2004">
     <span class='ocr_line' id='line_1_7' title="bbox 1113 1920 2915 2004; baseline 0 -2"><span class='ocrx_word' id='word_1_19' title='bbox 1113 1923 1645 2003; x_wconf 89' lang='lat' dir='ltr'>PHILIPPI</span> <span class='ocrx_word' id='word_1_20' title='bbox 1720 1920 2238 2004; x_wconf 84' lang='lat' dir='ltr'>MONTANI</span> <span class='ocrx_word' id='word_1_21' title='bbox 2305 1921 2915 2004; x_wconf 74' lang='lat' dir='ltr'>PRJEFATIO</span> 
     </span>
    </p>
   </div>
   <div class='ocr_carea' id='block_1_8' title="bbox 1633 2077 2383 2143">
    <p class='ocr_par' dir='ltr' id='par_1_8' title="bbox 1633 2077 2383 2143">
     <span class='ocr_line' id='line_1_8' title="bbox 1633 2077 2383 2143; baseline -0.003 -13"><span class='ocrx_word' id='word_1_22' title='bbox 1633 2077 1769 2143; x_wconf 84' lang='lat' dir='ltr'>(Edit</span> <span class='ocrx_word' id='word_1_23' title='bbox 1799 2078 1948 2130; x_wconf 82' lang='lat' dir='ltr'>Basil.</span> <span class='ocrx_word' id='word_1_24' title='bbox 1986 2078 2099 2130; x_wconf 85' lang='lat' dir='ltr'>anni</span> <span class='ocrx_word' id='word_1_25' title='bbox 2134 2079 2383 2143; x_wconf 87' lang='lat' dir='ltr'>MDLIV.)</span> 
     </span>
    </p>
   </div>
   <div class='ocr_carea' id='block_1_9' title="bbox 459 2359 3631 2444">
    <p class='ocr_par' dir='ltr' id='par_1_9' title="bbox 459 2359 3631 2444">
     <span class='ocr_line' id='line_1_9' title="bbox 459 2359 3631 2444; baseline -0.001 -17"><span class='ocrx_word' id='word_1_26' title='bbox 459 2363 639 2438; x_wconf 86' lang='lat' dir='ltr'>Quod</span> <span class='ocrx_word' id='word_1_27' title='bbox 690 2363 759 2427; x_wconf 89' lang='lat' dir='ltr'>in</span> <span class='ocrx_word' id='word_1_28' title='bbox 821 2359 1444 2426; x_wconf 86' lang='lat' dir='ltr'>commentariorum</span> <span class='ocrx_word' id='word_1_29' title='bbox 1518 2359 1984 2443; x_wconf 81' lang='lat' dir='ltr'>recognitione,</span> <span class='ocrx_word' id='word_1_30' title='bbox 2041 2377 2205 2443; x_wconf 90' lang='lat' dir='ltr'>quos</span> <span class='ocrx_word' id='word_1_31' title='bbox 2271 2360 2342 2424; x_wconf 90' lang='lat' dir='ltr'>in</span> <span class='ocrx_word' id='word_1_32' title='bbox 2398 2360 2744 2443; x_wconf 82' lang='lat' dir='ltr'>Evangelia</span> <span class='ocrx_word' id='word_1_33' title='bbox 2814 2359 3329 2444; x_wconf 78' lang='lat' dir='ltr'>Theophylactus</span> <span class='ocrx_word' id='word_1_34' title='bbox 3393 2359 3631 2425; x_wconf 86' lang='lat' dir='ltr'>diserte</span> 
     </span>
    </p>
   </div>
   <div class='ocr_carea' id='block_1_10' title="bbox 379 2458 3631 2545">
    <p class='ocr_par' dir='ltr' id='par_1_10' title="bbox 379 2458 3631 2545">
     <span class='ocr_line' id='line_1_10' title="bbox 379 2458 3631 2545; baseline -0.002 -18"><span class='ocrx_word' id='word_1_35' title='bbox 379 2463 738 2545; x_wconf 88' lang='lat' dir='ltr'>scripserat,</span> <span class='ocrx_word' id='word_1_36' title='bbox 785 2479 979 2542; x_wconf 86' lang='lat' dir='ltr'>supra</span> <span class='ocrx_word' id='word_1_37' title='bbox 1019 2459 1265 2542; x_wconf 85' lang='lat' dir='ltr'>aliquot</span> <span class='ocrx_word' id='word_1_38' title='bbox 1304 2477 1510 2524; x_wconf 90' lang='lat' dir='ltr'>annos</span> <span class='ocrx_word' id='word_1_39' title='bbox 1538 2459 1837 2537; x_wconf 89' lang='lat' dir='ltr'>fecimus,</span> <span class='ocrx_word' id='word_1_40' title='bbox 1875 2458 2050 2524; x_wconf 89' lang='lat' dir='ltr'>idem</span> <span class='ocrx_word' id='word_1_41' title='bbox 2082 2476 2339 2541; x_wconf 91' lang='lat' dir='ltr'>quoque</span> <span class='ocrx_word' id='word_1_42' title='bbox 2380 2476 2558 2523; x_wconf 91' lang='lat' dir='ltr'>nunc</span> <span class='ocrx_word' id='word_1_43' title='bbox 2604 2459 2816 2522; x_wconf 89' lang='lat' dir='ltr'>facere</span> <span class='ocrx_word' id='word_1_44' title='bbox 2858 2458 2926 2522; x_wconf 92' lang='lat' dir='ltr'>in</span> <span class='ocrx_word' id='word_1_45' title='bbox 2973 2459 3052 2522; x_wconf 91' lang='lat' dir='ltr'>iis</span> <span class='ocrx_word' id='word_1_46' title='bbox 3082 2476 3243 2540; x_wconf 92' lang='lat' dir='ltr'>quos</span> <span class='ocrx_word' id='word_1_47' title='bbox 3274 2459 3343 2521; x_wconf 90' lang='lat' dir='ltr'>in</span> <span class='ocrx_word' id='word_1_48' title='bbox 3397 2477 3631 2524; x_wconf 89' lang='lat' dir='ltr'>omnes</span> 
     </span>
    </p>
   </div>
   <div class='ocr_carea' id='block_1_11' title="bbox 377 2556 3630 2641">
    <p class='ocr_par' dir='ltr' id='par_1_11' title="bbox 377 2556 3630 2641">
     <span class='ocr_line' id='line_1_11' title="bbox 377 2556 3630 2641; baseline -0.001 -17"><span class='ocrx_word' id='word_1_49' title='bbox 377 2560 507 2624; x_wconf 91' lang='lat' dir='ltr'>divi</span> <span class='ocrx_word' id='word_1_50' title='bbox 556 2559 739 2623; x_wconf 83' lang='lat' dir='ltr'>Pauli</span> <span class='ocrx_word' id='word_1_51' title='bbox 786 2558 1098 2641; x_wconf 85' lang='lat' dir='ltr'>Epistolas</span> <span class='ocrx_word' id='word_1_52' title='bbox 1149 2556 1371 2634; x_wconf 86' lang='lat' dir='ltr'>edidit,</span> <span class='ocrx_word' id='word_1_53' title='bbox 1402 2575 1613 2639; x_wconf 68' lang='lat' dir='ltr'>opera;</span> <span class='ocrx_word' id='word_1_54' title='bbox 1660 2557 1940 2640; x_wconf 87' lang='lat' dir='ltr'>pretium</span> <span class='ocrx_word' id='word_1_55' title='bbox 1993 2556 2321 2634; x_wconf 81' lang='lat' dir='ltr'>duximus,</span> <span class='ocrx_word' id='word_1_56' title='bbox 2368 2557 2639 2621; x_wconf 84' lang='lat' dir='ltr'>candide</span> <span class='ocrx_word' id='word_1_57' title='bbox 2670 2559 2900 2621; x_wconf 84' lang='lat' dir='ltr'>Lector</span> <span class='ocrx_word' id='word_1_58' title='bbox 2935 2576 2950 2621; x_wconf 88' lang='lat'><strong>:</strong></span> <span class='ocrx_word' id='word_1_59' title='bbox 2982 2563 3055 2620; x_wconf 90' lang='lat' dir='ltr'>ut</span> <span class='ocrx_word' id='word_1_60' title='bbox 3083 2556 3380 2621; x_wconf 88' lang='lat' dir='ltr'>videlicet</span> <span class='ocrx_word' id='word_1_61' title='bbox 3410 2557 3630 2639; x_wconf 87' lang='lat' dir='ltr'>aliqua</span> 
     </span>
    </p>
   </div>
   <div class='ocr_carea' id='block_1_12' title="bbox 379 2654 3630 2740">
    <p class='ocr_par' dir='ltr' id='par_1_12' title="bbox 379 2654 3630 2740">
     <span class='ocr_line' id='line_1_12' title="bbox 379 2654 3630 2740; baseline -0.002 -18"><span class='ocrx_word' id='word_1_62' title='bbox 379 2658 605 2723; x_wconf 87' lang='lat' dir='ltr'>saltem</span> <span class='ocrx_word' id='word_1_63' title='bbox 653 2676 729 2722; x_wconf 88' lang='lat' dir='ltr'>ex</span> <span class='ocrx_word' id='word_1_64' title='bbox 760 2665 939 2740; x_wconf 87' lang='lat' dir='ltr'>parte</span> <span class='ocrx_word' id='word_1_65' title='bbox 973 2657 1317 2739; x_wconf 86' lang='lat' dir='ltr'>intelligas,</span> <span class='ocrx_word' id='word_1_66' title='bbox 1352 2656 1513 2721; x_wconf 90' lang='lat' dir='ltr'>dum</span> <span class='ocrx_word' id='word_1_67' title='bbox 1540 2656 1882 2721; x_wconf 90' lang='lat' dir='ltr'>emendata</span> <span class='ocrx_word' id='word_1_68' title='bbox 1910 2655 2205 2737; x_wconf 68' lang='lat' dir='ltr'>quaedam</span> <span class='ocrx_word' id='word_1_69' title='bbox 2236 2654 2651 2737; x_wconf 86' lang='lat' dir='ltr'>proferimus,</span> <span class='ocrx_word' id='word_1_70' title='bbox 2690 2664 3005 2737; x_wconf 89' lang='lat' dir='ltr'>quantum</span> <span class='ocrx_word' id='word_1_71' title='bbox 3040 2654 3467 2719; x_wconf 90' lang='lat' dir='ltr'>commodum</span> <span class='ocrx_word' id='word_1_72' title='bbox 3501 2655 3630 2718; x_wconf 83' lang='lat' dir='ltr'>tuis</span> 
     </span>
    </p>
   </div>
   <div class='ocr_carea' id='block_1_13' title="bbox 378 2753 3632 2837">
    <p class='ocr_par' dir='ltr' id='par_1_13' title="bbox 378 2753 3632 2837">
     <span class='ocr_line' id='line_1_13' title="bbox 378 2753 3632 2837; baseline -0.002 -16"><span class='ocrx_word' id='word_1_73' title='bbox 378 2758 603 2822; x_wconf 89' lang='lat' dir='ltr'>studiis</span> <span class='ocrx_word' id='word_1_74' title='bbox 646 2757 878 2822; x_wconf 86' lang='lat' dir='ltr'>afferre</span> <span class='ocrx_word' id='word_1_75' title='bbox 922 2756 1136 2819; x_wconf 88' lang='lat' dir='ltr'>conati</span> <span class='ocrx_word' id='word_1_76' title='bbox 1179 2756 1381 2820; x_wconf 90' lang='lat' dir='ltr'>simus</span> <span class='ocrx_word' id='word_1_77' title='bbox 1431 2773 1448 2820; x_wconf 90' lang='lat'>:</span> <span class='ocrx_word' id='word_1_78' title='bbox 1494 2773 1599 2832; x_wconf 89' lang='lat' dir='ltr'>ne,</span> <span class='ocrx_word' id='word_1_79' title='bbox 1655 2754 1831 2837; x_wconf 92' lang='lat' dir='ltr'>quod</span> <span class='ocrx_word' id='word_1_80' title='bbox 1860 2755 2241 2836; x_wconf 90' lang='lat' dir='ltr'>plerumque</span> <span class='ocrx_word' id='word_1_81' title='bbox 2289 2753 2383 2831; x_wconf 87' lang='lat' dir='ltr'>ﬁt,</span> <span class='ocrx_word' id='word_1_82' title='bbox 2430 2753 2782 2836; x_wconf 89' lang='lat' dir='ltr'>splendidis</span> <span class='ocrx_word' id='word_1_83' title='bbox 2832 2753 3382 2836; x_wconf 85' lang='lat' dir='ltr'>typographorum</span> <span class='ocrx_word' id='word_1_84' title='bbox 3430 2754 3632 2818; x_wconf 88' lang='lat' dir='ltr'>titulis</span> 
     </span>
    </p>
   </div>
   <div class='ocr_carea' id='block_1_14' title="bbox 378 2852 3632 2936">
    <p class='ocr_par' dir='ltr' id='par_1_14' title="bbox 378 2852 3632 2936">
     <span class='ocr_line' id='line_1_14' title="bbox 378 2852 3632 2936; baseline -0.001 -18"><span class='ocrx_word' id='word_1_85' title='bbox 378 2855 496 2919; x_wconf 88' lang='lat' dir='ltr'>tibi</span> <span class='ocrx_word' id='word_1_86' title='bbox 521 2854 628 2918; x_wconf 91' lang='lat' dir='ltr'>hic</span> <span class='ocrx_word' id='word_1_87' title='bbox 658 2872 912 2936; x_wconf 90' lang='lat' dir='ltr'>quoque</span> <span class='ocrx_word' id='word_1_88' title='bbox 942 2854 1166 2918; x_wconf 88' lang='lat' dir='ltr'>fucum</span> <span class='ocrx_word' id='word_1_89' title='bbox 1195 2853 1337 2917; x_wconf 85' lang='lat' dir='ltr'>fieri</span> <span class='ocrx_word' id='word_1_90' title='bbox 1370 2859 1575 2936; x_wconf 90' lang='lat' dir='ltr'>putes,</span> <span class='ocrx_word' id='word_1_91' title='bbox 1617 2860 1808 2935; x_wconf 91' lang='lat' dir='ltr'>atque</span> <span class='ocrx_word' id='word_1_92' title='bbox 1843 2853 1931 2915; x_wconf 90' lang='lat' dir='ltr'>ita</span> <span class='ocrx_word' id='word_1_93' title='bbox 1962 2870 2073 2934; x_wconf 90' lang='lat' dir='ltr'>per</span> <span class='ocrx_word' id='word_1_94' title='bbox 2101 2852 2631 2934; x_wconf 88' lang='lat' dir='ltr'>imprudentiam,</span> <span class='ocrx_word' id='word_1_95' title='bbox 2669 2853 3223 2935; x_wconf 77' lang='lat' dir='ltr'>qualiumcumque</span> <span class='ocrx_word' id='word_1_96' title='bbox 3252 2860 3632 2917; x_wconf 89' lang='lat' dir='ltr'>nostrorum</span> 
     </span>
    </p>
   </div>
   <div class='ocr_carea' id='block_1_15' title="bbox 380 2948 3631 3033">
    <p class='ocr_par' dir='ltr' id='par_1_15' title="bbox 380 2948 3631 3033">
     <span class='ocr_line' id='line_1_15' title="bbox 380 2948 3631 3033; baseline -0.002 -17"><span class='ocrx_word' id='word_1_97' title='bbox 380 2952 683 3017; x_wconf 90' lang='lat' dir='ltr'>laborum</span> <span class='ocrx_word' id='word_1_98' title='bbox 725 2952 942 3015; x_wconf 89' lang='lat' dir='ltr'>fructu</span> <span class='ocrx_word' id='word_1_99' title='bbox 972 2949 1239 3031; x_wconf 91' lang='lat' dir='ltr'>priveris</span> <span class='ocrx_word' id='word_1_100' title='bbox 1287 2969 1303 3015; x_wconf 89' lang='lat'><strong>:</strong></span> <span class='ocrx_word' id='word_1_101' title='bbox 1344 2950 1519 3033; x_wconf 91' lang='lat' dir='ltr'>quod</span> <span class='ocrx_word' id='word_1_102' title='bbox 1558 2951 1896 3015; x_wconf 88' lang='lat' dir='ltr'>Germanis</span> <span class='ocrx_word' id='word_1_103' title='bbox 1933 2951 2003 3014; x_wconf 89' lang='lat' dir='ltr'>in</span> <span class='ocrx_word' id='word_1_104' title='bbox 2041 2949 2483 3031; x_wconf 83' lang='lat' dir='ltr'>recognitione</span> <span class='ocrx_word' id='word_1_105' title='bbox 2515 2950 3149 3014; x_wconf 88' lang='lat' dir='ltr'>Commentariorum</span> <span class='ocrx_word' id='word_1_106' title='bbox 3198 2948 3631 3032; x_wconf 80' lang='lat' dir='ltr'>Cbrysostomi</span> 
     </span>
    </p>
   </div>
   <div class='ocr_carea' id='block_1_16' title="bbox 379 3046 3630 3133">
    <p class='ocr_par' dir='ltr' id='par_1_16' title="bbox 379 3046 3630 3133">
     <span class='ocr_line' id='line_1_16' title="bbox 379 3046 3630 3133; baseline -0.002 -18"><span class='ocrx_word' id='word_1_107' title='bbox 379 3050 551 3133; x_wconf 89' lang='lat' dir='ltr'>apud</span> <span class='ocrx_word' id='word_1_108' title='bbox 596 3049 900 3115; x_wconf 83' lang='lat' dir='ltr'>Carolum</span> <span class='ocrx_word' id='word_1_109' title='bbox 955 3047 1239 3113; x_wconf 89' lang='lat' dir='ltr'>Guillard</span> <span class='ocrx_word' id='word_1_110' title='bbox 1293 3048 1414 3112; x_wconf 92' lang='lat' dir='ltr'>sud</span> <span class='ocrx_word' id='word_1_111' title='bbox 1460 3050 1598 3111; x_wconf 85' lang='lat' dir='ltr'>Sole</span> <span class='ocrx_word' id='word_1_112' title='bbox 1648 3067 1835 3111; x_wconf 85' lang='lat' dir='ltr'>aureo</span> <span class='ocrx_word' id='word_1_113' title='bbox 1892 3047 2362 3130; x_wconf 91' lang='lat' dir='ltr'>impressorum</span> <span class='ocrx_word' id='word_1_114' title='bbox 2416 3066 2656 3130; x_wconf 88' lang='lat' dir='ltr'>magno</span> <span class='ocrx_word' id='word_1_115' title='bbox 2710 3048 3151 3113; x_wconf 89' lang='lat' dir='ltr'>studiosorum</span> <span class='ocrx_word' id='word_1_116' title='bbox 3210 3046 3630 3112; x_wconf 91' lang='lat' dir='ltr'>incommodo</span> 
     </span>
    </p>
   </div>
   <div class='ocr_carea' id='block_1_17' title="bbox 382 3145 3630 3229">
    <p class='ocr_par' dir='ltr' id='par_1_17' title="bbox 382 3145 3630 3229">
     <span class='ocr_line' id='line_1_17' title="bbox 382 3145 3630 3229; baseline -0.002 -16"><span class='ocrx_word' id='word_1_117' title='bbox 382 3148 725 3229; x_wconf 85' lang='lat' dir='ltr'>contigisse</span> <span class='ocrx_word' id='word_1_118' title='bbox 752 3146 1322 3212; x_wconf 89' lang='lat' dir='ltr'>animadvertimus</span> <span class='ocrx_word' id='word_1_119' title='bbox 1371 3166 1388 3212; x_wconf 90' lang='lat'><strong>:</strong></span> <span class='ocrx_word' id='word_1_120' title='bbox 1439 3164 1587 3210; x_wconf 92' lang='lat' dir='ltr'>cum</span> <span class='ocrx_word' id='word_1_121' title='bbox 1621 3164 1705 3210; x_wconf 93' lang='lat' dir='ltr'>ne</span> <span class='ocrx_word' id='word_1_122' title='bbox 1734 3164 1807 3211; x_wconf 88' lang='lat' dir='ltr'>ea</span> <span class='ocrx_word' id='word_1_123' title='bbox 1837 3146 2102 3229; x_wconf 90' lang='lat' dir='ltr'>quidem</span> <span class='ocrx_word' id='word_1_124' title='bbox 2151 3165 2295 3229; x_wconf 66' lang='lat' dir='ltr'>quae</span> <span class='ocrx_word' id='word_1_125' title='bbox 2344 3147 2416 3210; x_wconf 94' lang='lat' dir='ltr'>D.</span> <span class='ocrx_word' id='word_1_126' title='bbox 2451 3148 2761 3211; x_wconf 90' lang='lat' dir='ltr'>Erasmus</span> <span class='ocrx_word' id='word_1_127' title='bbox 2789 3165 2828 3210; x_wconf 90' lang='lat' dir='ltr'>a</span> <span class='ocrx_word' id='word_1_128' title='bbox 2856 3147 3044 3211; x_wconf 89' lang='lat' dir='ltr'>nobis</span> <span class='ocrx_word' id='word_1_129' title='bbox 3085 3146 3457 3210; x_wconf 87' lang='lat' dir='ltr'>admonitus</span> <span class='ocrx_word' id='word_1_130' title='bbox 3490 3145 3630 3228; x_wconf 88' lang='lat' dir='ltr'>ipse</span> 
     </span>
    </p>
   </div>
   <div class='ocr_carea' id='block_1_18' title="bbox 383 3244 3630 3328">
    <p class='ocr_par' dir='ltr' id='par_1_18' title="bbox 383 3244 3630 3328">
     <span class='ocr_line' id='line_1_18' title="bbox 383 3244 3630 3328; baseline -0.001 -18"><span class='ocrx_word' id='word_1_131' title='bbox 383 3247 778 3324; x_wconf 91' lang='lat' dir='ltr'>emendarat,</span> <span class='ocrx_word' id='word_1_132' title='bbox 831 3246 923 3309; x_wconf 91' lang='lat' dir='ltr'>illi</span> <span class='ocrx_word' id='word_1_133' title='bbox 966 3247 1169 3311; x_wconf 87' lang='lat' dir='ltr'>secuti</span> <span class='ocrx_word' id='word_1_134' title='bbox 1218 3244 1457 3310; x_wconf 89' lang='lat' dir='ltr'>fuerint</span> <span class='ocrx_word' id='word_1_135' title='bbox 1492 3265 1506 3309; x_wconf 93' lang='lat'>:</span> <span class='ocrx_word' id='word_1_136' title='bbox 1543 3263 1703 3328; x_wconf 92' lang='lat' dir='ltr'>quos</span> <span class='ocrx_word' id='word_1_137' title='bbox 1741 3244 2005 3328; x_wconf 88' lang='lat' dir='ltr'>quidem</span> <span class='ocrx_word' id='word_1_138' title='bbox 2035 3245 2287 3309; x_wconf 88' lang='lat' dir='ltr'>labores</span> <span class='ocrx_word' id='word_1_139' title='bbox 2317 3262 2451 3308; x_wconf 92' lang='lat' dir='ltr'>non</span> <span class='ocrx_word' id='word_1_140' title='bbox 2502 3263 2729 3327; x_wconf 87' lang='lat' dir='ltr'>parvos</span> <span class='ocrx_word' id='word_1_141' title='bbox 2770 3246 2841 3309; x_wconf 88' lang='lat' dir='ltr'>in</span> <span class='ocrx_word' id='word_1_142' title='bbox 2876 3253 3052 3310; x_wconf 89' lang='lat' dir='ltr'>tuam</span> <span class='ocrx_word' id='word_1_143' title='bbox 3085 3253 3149 3310; x_wconf 90' lang='lat' dir='ltr'>et</span> <span class='ocrx_word' id='word_1_144' title='bbox 3190 3244 3630 3309; x_wconf 91' lang='lat' dir='ltr'>studiosorum</span> 
     </span>
    </p>
   </div>
   <div class='ocr_carea' id='block_1_19' title="bbox 382 3341 3631 3427">
    <p class='ocr_par' dir='ltr' id='par_1_19' title="bbox 382 3341 3631 3427">
     <span class='ocr_line' id='line_1_19' title="bbox 382 3341 3631 3427; baseline -0.001 -19"><span class='ocrx_word' id='word_1_145' title='bbox 382 3344 682 3409; x_wconf 89' lang='lat' dir='ltr'>omnium</span> <span class='ocrx_word' id='word_1_146' title='bbox 727 3342 1073 3407; x_wconf 89' lang='lat' dir='ltr'>utilitatem</span> <span class='ocrx_word' id='word_1_147' title='bbox 1119 3342 1295 3407; x_wconf 86' lang='lat' dir='ltr'>haud</span> <span class='ocrx_word' id='word_1_148' title='bbox 1337 3341 1651 3424; x_wconf 88' lang='lat' dir='ltr'>gravatim</span> <span class='ocrx_word' id='word_1_149' title='bbox 1693 3343 2117 3426; x_wconf 91' lang='lat' dir='ltr'>suscepimus,</span> <span class='ocrx_word' id='word_1_150' title='bbox 2149 3344 2287 3407; x_wconf 90' lang='lat' dir='ltr'>fore</span> <span class='ocrx_word' id='word_1_151' title='bbox 2337 3350 2686 3427; x_wconf 89' lang='lat' dir='ltr'>sperantes,</span> <span class='ocrx_word' id='word_1_152' title='bbox 2737 3351 2809 3407; x_wconf 91' lang='lat' dir='ltr'>ut</span> <span class='ocrx_word' id='word_1_153' title='bbox 2840 3345 2967 3409; x_wconf 90' lang='lat' dir='ltr'>Deo</span> <span class='ocrx_word' id='word_1_154' title='bbox 3011 3344 3079 3407; x_wconf 91' lang='lat' dir='ltr'>in</span> <span class='ocrx_word' id='word_1_155' title='bbox 3125 3343 3351 3425; x_wconf 89' lang='lat' dir='ltr'>primis</span> <span class='ocrx_word' id='word_1_156' title='bbox 3382 3343 3631 3425; x_wconf 92' lang='lat' dir='ltr'>optimo</span> 
     </span>
    </p>
   </div>
   <div class='ocr_carea' id='block_1_20' title="bbox 384 3441 3635 3525">
    <p class='ocr_par' dir='ltr' id='par_1_20' title="bbox 384 3441 3635 3525">
     <span class='ocr_line' id='line_1_20' title="bbox 384 3441 3635 3525; baseline -0.001 -19"><span class='ocrx_word' id='word_1_157' title='bbox 384 3443 671 3506; x_wconf 86' lang='lat' dir='ltr'>maximo</span> <span class='ocrx_word' id='word_1_158' title='bbox 702 3442 795 3521; x_wconf 91' lang='lat' dir='ltr'>(in</span> <span class='ocrx_word' id='word_1_159' title='bbox 833 3443 1019 3523; x_wconf 90' lang='lat' dir='ltr'>cujus</span> <span class='ocrx_word' id='word_1_160' title='bbox 1047 3441 1326 3524; x_wconf 90' lang='lat' dir='ltr'>gloriam</span> <span class='ocrx_word' id='word_1_161' title='bbox 1357 3459 1584 3505; x_wconf 90' lang='lat' dir='ltr'>omnes</span> <span class='ocrx_word' id='word_1_162' title='bbox 1613 3448 1880 3506; x_wconf 87' lang='lat' dir='ltr'>conatus</span> <span class='ocrx_word' id='word_1_163' title='bbox 1921 3442 2127 3506; x_wconf 88' lang='lat' dir='ltr'>nostri</span> <span class='ocrx_word' id='word_1_164' title='bbox 2164 3442 2575 3525; x_wconf 88' lang='lat' dir='ltr'>potissimum</span> <span class='ocrx_word' id='word_1_165' title='bbox 2614 3443 2993 3507; x_wconf 90' lang='lat' dir='ltr'>incumbere</span> <span class='ocrx_word' id='word_1_166' title='bbox 3024 3442 3291 3521; x_wconf 90' lang='lat' dir='ltr'>debent;</span> <span class='ocrx_word' id='word_1_167' title='bbox 3338 3448 3401 3506; x_wconf 93' lang='lat' dir='ltr'>et</span> <span class='ocrx_word' id='word_1_168' title='bbox 3446 3442 3635 3523; x_wconf 90' lang='lat' dir='ltr'>cujus</span> 
     </span>
    </p>
   </div>
   <div class='ocr_carea' id='block_1_21' title="bbox 383 3538 3625 3624">
    <p class='ocr_par' dir='ltr' id='par_1_21' title="bbox 383 3538 3625 3624">
     <span class='ocr_line' id='line_1_21' title="bbox 383 3538 3625 3624; baseline -0 -21"><span class='ocrx_word' id='word_1_169' title='bbox 383 3540 621 3604; x_wconf 83' lang='lat' dir='ltr'>auxilio</span> <span class='ocrx_word' id='word_1_170' title='bbox 648 3538 817 3617; x_wconf 88' lang='lat' dir='ltr'>freti,</span> <span class='ocrx_word' id='word_1_171' title='bbox 872 3539 1043 3603; x_wconf 88' lang='lat' dir='ltr'>istud</span> <span class='ocrx_word' id='word_1_172' title='bbox 1073 3538 1387 3621; x_wconf 90' lang='lat' dir='ltr'>quidquid</span> <span class='ocrx_word' id='word_1_173' title='bbox 1431 3546 1525 3603; x_wconf 89' lang='lat' dir='ltr'>est</span> <span class='ocrx_word' id='word_1_174' title='bbox 1555 3540 1768 3621; x_wconf 90' lang='lat' dir='ltr'>operis</span> <span class='ocrx_word' id='word_1_175' title='bbox 1796 3541 2201 3620; x_wconf 79' lang='lat' dir='ltr'>tentavimus)</span> <span class='ocrx_word' id='word_1_176' title='bbox 2261 3541 2765 3624; x_wconf 87' lang='lat' dir='ltr'>haudquaquam</span> <span class='ocrx_word' id='word_1_177' title='bbox 2812 3542 3049 3623; x_wconf 88' lang='lat' dir='ltr'>ingrati</span> <span class='ocrx_word' id='word_1_178' title='bbox 3098 3547 3330 3617; x_wconf 90' lang='lat' dir='ltr'>essent,</span> <span class='ocrx_word' id='word_1_179' title='bbox 3385 3548 3448 3604; x_wconf 90' lang='lat' dir='ltr'>et</span> <span class='ocrx_word' id='word_1_180' title='bbox 3491 3539 3625 3620; x_wconf 89' lang='lat' dir='ltr'>tibi,</span> 
     </span>
    </p>
   </div>
   <div class='ocr_carea' id='block_1_22' title="bbox 384 3635 3633 3721">
    <p class='ocr_par' dir='ltr' id='par_1_22' title="bbox 384 3635 3633 3721">
     <span class='ocr_line' id='line_1_22' title="bbox 384 3635 3633 3721; baseline -0.001 -19"><span class='ocrx_word' id='word_1_181' title='bbox 384 3638 657 3702; x_wconf 89' lang='lat' dir='ltr'>candide</span> <span class='ocrx_word' id='word_1_182' title='bbox 699 3639 946 3716; x_wconf 90' lang='lat' dir='ltr'>Lector,</span> <span class='ocrx_word' id='word_1_183' title='bbox 996 3637 1169 3702; x_wconf 90' lang='lat' dir='ltr'>haud</span> <span class='ocrx_word' id='word_1_184' title='bbox 1220 3637 1421 3702; x_wconf 90' lang='lat' dir='ltr'>cuivis</span> <span class='ocrx_word' id='word_1_185' title='bbox 1455 3656 1653 3702; x_wconf 76' lang='lat' dir='ltr'>sacrae</span> <span class='ocrx_word' id='word_1_186' title='bbox 1699 3638 2045 3721; x_wconf 73' lang='lat' dir='ltr'>Scriptura:</span> <span class='ocrx_word' id='word_1_187' title='bbox 2079 3639 2362 3703; x_wconf 90' lang='lat' dir='ltr'>studioso</span> <span class='ocrx_word' id='word_1_188' title='bbox 2420 3657 2553 3703; x_wconf 92' lang='lat' dir='ltr'>non</span> <span class='ocrx_word' id='word_1_189' title='bbox 2602 3639 3013 3704; x_wconf 84' lang='lat' dir='ltr'>infructuosi.</span> <span class='ocrx_word' id='word_1_190' title='bbox 3072 3637 3197 3702; x_wconf 90' lang='lat' dir='ltr'>Sed</span> <span class='ocrx_word' id='word_1_191' title='bbox 3248 3655 3333 3701; x_wconf 90' lang='lat' dir='ltr'>ne</span> <span class='ocrx_word' id='word_1_192' title='bbox 3391 3635 3633 3700; x_wconf 89' lang='lat' dir='ltr'>diutius</span> 
     </span>
    </p>
   </div>
   <div class='ocr_carea' id='block_1_23' title="bbox 385 3736 2659 3820">
    <p class='ocr_par' dir='ltr' id='par_1_23' title="bbox 385 3736 2659 3820">
     <span class='ocr_line' id='line_1_23' title="bbox 385 3736 2659 3820; baseline 0.001 -22"><span class='ocrx_word' id='word_1_193' title='bbox 385 3741 448 3799; x_wconf 91' lang='lat' dir='ltr'>te</span> <span class='ocrx_word' id='word_1_194' title='bbox 473 3754 785 3817; x_wconf 88' lang='lat' dir='ltr'>remorer,</span> <span class='ocrx_word' id='word_1_195' title='bbox 813 3755 890 3800; x_wconf 91' lang='lat' dir='ltr'>ea</span> <span class='ocrx_word' id='word_1_196' title='bbox 925 3736 1144 3818; x_wconf 90' lang='lat' dir='ltr'>paucis</span> <span class='ocrx_word' id='word_1_197' title='bbox 1172 3736 1391 3818; x_wconf 89' lang='lat' dir='ltr'>accipe</span> <span class='ocrx_word' id='word_1_198' title='bbox 1430 3754 1713 3819; x_wconf 91' lang='lat' dir='ltr'>quorum</span> <span class='ocrx_word' id='word_1_199' title='bbox 1742 3742 1805 3801; x_wconf 91' lang='lat' dir='ltr'>te</span> <span class='ocrx_word' id='word_1_200' title='bbox 1834 3739 2301 3819; x_wconf 77' lang='lat' dir='ltr'>praemonitum</span> <span class='ocrx_word' id='word_1_201' title='bbox 2337 3738 2659 3820; x_wconf 90' lang='lat' dir='ltr'>cupimus.</span> 
     </span>
    </p>
   </div>
   <div class='ocr_carea' id='block_1_24' title="bbox 464 3831 3636 3918">
    <p class='ocr_par' dir='ltr' id='par_1_24' title="bbox 464 3831 3636 3918">
     <span class='ocr_line' id='line_1_24' title="bbox 464 3831 3636 3918; baseline -0.001 -20"><span class='ocrx_word' id='word_1_202' title='bbox 464 3835 591 3899; x_wconf 86' lang='lat' dir='ltr'>Nos</span> <span class='ocrx_word' id='word_1_203' title='bbox 614 3835 818 3899; x_wconf 75' lang='lat' dir='ltr'>Graeci</span> <span class='ocrx_word' id='word_1_204' title='bbox 854 3834 1117 3913; x_wconf 90' lang='lat' dir='ltr'>codicis,</span> <span class='ocrx_word' id='word_1_205' title='bbox 1152 3853 1282 3918; x_wconf 91' lang='lat' dir='ltr'>quo</span> <span class='ocrx_word' id='word_1_206' title='bbox 1318 3852 1472 3899; x_wconf 91' lang='lat' dir='ltr'>usus</span> <span class='ocrx_word' id='word_1_207' title='bbox 1517 3843 1611 3899; x_wconf 91' lang='lat' dir='ltr'>est</span> <span class='ocrx_word' id='word_1_208' title='bbox 1638 3835 1987 3918; x_wconf 86' lang='lat' dir='ltr'>aliquando</span> <span class='ocrx_word' id='word_1_209' title='bbox 2028 3838 2099 3898; x_wconf 92' lang='lat' dir='ltr'>D.</span> <span class='ocrx_word' id='word_1_210' title='bbox 2136 3837 2468 3910; x_wconf 89' lang='lat' dir='ltr'>Erasmus,</span> <span class='ocrx_word' id='word_1_211' title='bbox 2514 3836 2713 3900; x_wconf 88' lang='lat' dir='ltr'>ﬁdem</span> <span class='ocrx_word' id='word_1_212' title='bbox 2748 3853 2944 3918; x_wconf 90' lang='lat' dir='ltr'>quam</span> <span class='ocrx_word' id='word_1_213' title='bbox 2974 3834 3306 3918; x_wconf 86' lang='lat' dir='ltr'>potuimus</span> <span class='ocrx_word' id='word_1_214' title='bbox 3357 3831 3636 3914; x_wconf 89' lang='lat' dir='ltr'>diligen-</span> 
     </span>
    </p>
   </div>
   <div class='ocr_carea' id='block_1_25' title="bbox 389 3930 3636 4016">
    <p class='ocr_par' dir='ltr' id='par_1_25' title="bbox 389 3930 3636 4016">
     <span class='ocr_line' id='line_1_25' title="bbox 389 3930 3636 4016; baseline -0 -21"><span class='ocrx_word' id='word_1_215' title='bbox 389 3932 633 3997; x_wconf 88' lang='lat' dir='ltr'>tissime</span> <span class='ocrx_word' id='word_1_216' title='bbox 698 3951 817 4016; x_wconf 93' lang='lat' dir='ltr'>pro</span> <span class='ocrx_word' id='word_1_217' title='bbox 875 3939 1096 3998; x_wconf 91' lang='lat' dir='ltr'>nostro</span> <span class='ocrx_word' id='word_1_218' title='bbox 1149 3931 1605 4014; x_wconf 82' lang='lat' dir='ltr'>qualicumque</span> <span class='ocrx_word' id='word_1_219' title='bbox 1654 3930 2098 3997; x_wconf 89' lang='lat' dir='ltr'>mediocritate</span> <span class='ocrx_word' id='word_1_220' title='bbox 2146 3936 2345 4000; x_wconf 92' lang='lat' dir='ltr'>secuti</span> <span class='ocrx_word' id='word_1_221' title='bbox 2393 3953 2639 4011; x_wconf 90' lang='lat' dir='ltr'>sumus,</span> <span class='ocrx_word' id='word_1_222' title='bbox 2695 3934 2819 3999; x_wconf 92' lang='lat' dir='ltr'>nisi</span> <span class='ocrx_word' id='word_1_223' title='bbox 2862 3933 3069 3999; x_wconf 87' lang='lat' dir='ltr'>sicubi</span> <span class='ocrx_word' id='word_1_224' title='bbox 3115 3933 3327 3997; x_wconf 90' lang='lat' dir='ltr'>scriba</span> <span class='ocrx_word' id='word_1_225' title='bbox 3383 3931 3636 3995; x_wconf 84' lang='lat' dir='ltr'>dormi-</span> 
     </span>
    </p>
   </div>
   <div class='ocr_carea' id='block_1_26' title="bbox 386 4029 3632 4115">
    <p class='ocr_par' dir='ltr' id='par_1_26' title="bbox 386 4029 3632 4115">
     <span class='ocr_line' id='line_1_26' title="bbox 386 4029 3632 4115; baseline -0.001 -19"><span class='ocrx_word' id='word_1_226' title='bbox 386 4037 551 4096; x_wconf 87' lang='lat' dir='ltr'>tasse</span> <span class='ocrx_word' id='word_1_227' title='bbox 597 4030 920 4096; x_wconf 89' lang='lat' dir='ltr'>videretur</span> <span class='ocrx_word' id='word_1_228' title='bbox 973 4052 990 4096; x_wconf 88' lang='lat'><strong>:</strong></span> <span class='ocrx_word' id='word_1_229' title='bbox 1044 4030 1514 4113; x_wconf 90' lang='lat' dir='ltr'>perabsurdum</span> <span class='ocrx_word' id='word_1_230' title='bbox 1558 4030 1737 4094; x_wconf 90' lang='lat' dir='ltr'>enim</span> <span class='ocrx_word' id='word_1_231' title='bbox 1768 4029 1961 4093; x_wconf 86' lang='lat' dir='ltr'>fuerit</span> <span class='ocrx_word' id='word_1_232' title='bbox 1999 4031 2242 4115; x_wconf 90' lang='lat' dir='ltr'>ubique</span> <span class='ocrx_word' id='word_1_233' title='bbox 2272 4034 2554 4098; x_wconf 90' lang='lat' dir='ltr'>scribam</span> <span class='ocrx_word' id='word_1_234' title='bbox 2602 4034 2881 4098; x_wconf 90' lang='lat' dir='ltr'>nimium</span> <span class='ocrx_word' id='word_1_235' title='bbox 2928 4034 3101 4098; x_wconf 90' lang='lat' dir='ltr'>bona</span> <span class='ocrx_word' id='word_1_236' title='bbox 3129 4031 3258 4095; x_wconf 83' lang='lat' dir='ltr'>fide</span> <span class='ocrx_word' id='word_1_237' title='bbox 3302 4030 3632 4114; x_wconf 87' lang='lat' dir='ltr'>amplecti,</span> 
     </span>
    </p>
   </div>
   <div class='ocr_carea' id='block_1_27' title="bbox 386 4126 3642 4216">
    <p class='ocr_par' dir='ltr' id='par_1_27' title="bbox 386 4126 3642 4216">
     <span class='ocr_line' id='line_1_27' title="bbox 386 4126 3642 4216; baseline -0 -23"><span class='ocrx_word' id='word_1_238' title='bbox 386 4128 513 4194; x_wconf 88' lang='lat' dir='ltr'>hoc</span> <span class='ocrx_word' id='word_1_239' title='bbox 564 4136 681 4206; x_wconf 91' lang='lat' dir='ltr'>est,</span> <span class='ocrx_word' id='word_1_240' title='bbox 728 4148 861 4194; x_wconf 90' lang='lat' dir='ltr'>una</span> <span class='ocrx_word' id='word_1_241' title='bbox 904 4147 1055 4194; x_wconf 90' lang='lat' dir='ltr'>cum</span> <span class='ocrx_word' id='word_1_242' title='bbox 1102 4128 1265 4210; x_wconf 82' lang='lat' dir='ltr'>ipsis</span> <span class='ocrx_word' id='word_1_243' title='bbox 1320 4128 1564 4204; x_wconf 87' lang='lat' dir='ltr'>erratis,</span> <span class='ocrx_word' id='word_1_244' title='bbox 1616 4126 1791 4209; x_wconf 91' lang='lat' dir='ltr'>quod</span> <span class='ocrx_word' id='word_1_245' title='bbox 1844 4128 2190 4194; x_wconf 88' lang='lat' dir='ltr'>Lonicerus</span> <span class='ocrx_word' id='word_1_246' title='bbox 2242 4133 2475 4214; x_wconf 78' lang='lat' dir='ltr'>saepius</span> <span class='ocrx_word' id='word_1_247' title='bbox 2522 4134 2837 4198; x_wconf 86' lang='lat' dir='ltr'>factitasse</span> <span class='ocrx_word' id='word_1_248' title='bbox 2886 4130 3416 4216; x_wconf 87' lang='lat' dir='ltr'>deprehenditur.</span> <span class='ocrx_word' id='word_1_249' title='bbox 3478 4130 3642 4193; x_wconf 88' lang='lat' dir='ltr'>Usus</span> 
     </span>
    </p>
   </div>
   <div class='ocr_carea' id='block_1_28' title="bbox 391 4226 3643 4312">
    <p class='ocr_par' dir='ltr' id='par_1_28' title="bbox 391 4226 3643 4312">
     <span class='ocr_line' id='line_1_28' title="bbox 391 4226 3643 4312; baseline -0.001 -21"><span class='ocrx_word' id='word_1_250' title='bbox 391 4234 486 4292; x_wconf 89' lang='lat' dir='ltr'>est</span> <span class='ocrx_word' id='word_1_251' title='bbox 525 4235 764 4305; x_wconf 89' lang='lat' dir='ltr'>autem,</span> <span class='ocrx_word' id='word_1_252' title='bbox 799 4227 870 4291; x_wconf 92' lang='lat' dir='ltr'>ni</span> <span class='ocrx_word' id='word_1_253' title='bbox 907 4227 1120 4303; x_wconf 90' lang='lat' dir='ltr'>fallor,</span> <span class='ocrx_word' id='word_1_254' title='bbox 1178 4226 1407 4291; x_wconf 91' lang='lat' dir='ltr'>eodem</span> <span class='ocrx_word' id='word_1_255' title='bbox 1454 4232 1674 4289; x_wconf 90' lang='lat' dir='ltr'>nostro</span> <span class='ocrx_word' id='word_1_256' title='bbox 1721 4228 2073 4308; x_wconf 85' lang='lat' dir='ltr'>exemplari</span> <span class='ocrx_word' id='word_1_257' title='bbox 2128 4248 2143 4293; x_wconf 90' lang='lat'><strong>:</strong></span> <span class='ocrx_word' id='word_1_258' title='bbox 2182 4230 2251 4293; x_wconf 91' lang='lat' dir='ltr'>in</span> <span class='ocrx_word' id='word_1_259' title='bbox 2293 4249 2420 4312; x_wconf 89' lang='lat' dir='ltr'>quo</span> <span class='ocrx_word' id='word_1_260' title='bbox 2471 4231 2597 4295; x_wconf 92' lang='lat' dir='ltr'>divi</span> <span class='ocrx_word' id='word_1_261' title='bbox 2639 4230 2823 4295; x_wconf 89' lang='lat' dir='ltr'>Pauli</span> <span class='ocrx_word' id='word_1_262' title='bbox 2874 4237 3206 4295; x_wconf 83' lang='lat' dir='ltr'>contextus</span> <span class='ocrx_word' id='word_1_263' title='bbox 3234 4248 3272 4292; x_wconf 93' lang='lat' dir='ltr'>a</span> <span class='ocrx_word' id='word_1_264' title='bbox 3316 4227 3643 4309; x_wconf 86' lang='lat' dir='ltr'>Thcophy-</span> 
     </span>
    </p>
   </div>
   <div class='ocr_carea' id='block_1_29' title="bbox 391 4325 3642 4411">
    <p class='ocr_par' dir='ltr' id='par_1_29' title="bbox 391 4325 3642 4411">
     <span class='ocr_line' id='line_1_29' title="bbox 391 4325 3642 4411; baseline -0.001 -20"><span class='ocrx_word' id='word_1_265' title='bbox 391 4325 541 4391; x_wconf 90' lang='lat' dir='ltr'>lacti</span> <span class='ocrx_word' id='word_1_266' title='bbox 581 4325 796 4408; x_wconf 90' lang='lat' dir='ltr'>glossa</span> <span class='ocrx_word' id='word_1_267' title='bbox 821 4334 929 4390; x_wconf 91' lang='lat' dir='ltr'>aut</span> <span class='ocrx_word' id='word_1_268' title='bbox 970 4325 1178 4408; x_wconf 87' lang='lat' dir='ltr'>capita</span> <span class='ocrx_word' id='word_1_269' title='bbox 1206 4325 1346 4408; x_wconf 90' lang='lat' dir='ltr'>ipsa</span> <span class='ocrx_word' id='word_1_270' title='bbox 1382 4325 1752 4406; x_wconf 85' lang='lat' dir='ltr'>frequenter</span> <span class='ocrx_word' id='word_1_271' title='bbox 1788 4326 1953 4389; x_wconf 90' lang='lat' dir='ltr'>male</span> <span class='ocrx_word' id='word_1_272' title='bbox 1984 4326 2492 4410; x_wconf 90' lang='lat' dir='ltr'>distinguuntur,</span> <span class='ocrx_word' id='word_1_273' title='bbox 2525 4336 2589 4393; x_wconf 92' lang='lat' dir='ltr'>et</span> <span class='ocrx_word' id='word_1_274' title='bbox 2615 4347 3092 4411; x_wconf 86' lang='lat' dir='ltr'>nonnunquam</span> <span class='ocrx_word' id='word_1_275' title='bbox 3133 4328 3445 4392; x_wconf 87' lang='lat' dir='ltr'>dictiones</span> <span class='ocrx_word' id='word_1_276' title='bbox 3498 4325 3642 4389; x_wconf 69' lang='lat' dir='ltr'>alia:</span> 
     </span>
    </p>
   </div>
   <div class='ocr_carea' id='block_1_30' title="bbox 393 4423 3641 4509">
    <p class='ocr_par' dir='ltr' id='par_1_30' title="bbox 393 4423 3641 4509">
     <span class='ocr_line' id='line_1_30' title="bbox 393 4423 3641 4509; baseline -0 -22"><span class='ocrx_word' id='word_1_277' title='bbox 393 4443 511 4509; x_wconf 90' lang='lat' dir='ltr'>pro</span> <span class='ocrx_word' id='word_1_278' title='bbox 558 4423 701 4489; x_wconf 88' lang='lat' dir='ltr'>aliis</span> <span class='ocrx_word' id='word_1_279' title='bbox 741 4424 1217 4488; x_wconf 90' lang='lat' dir='ltr'>substituuntur</span> <span class='ocrx_word' id='word_1_280' title='bbox 1263 4425 1426 4506; x_wconf 67' lang='lat' dir='ltr'>(quae</span> <span class='ocrx_word' id='word_1_281' title='bbox 1456 4442 1558 4488; x_wconf 89' lang='lat' dir='ltr'>res</span> <span class='ocrx_word' id='word_1_282' title='bbox 1585 4423 1774 4489; x_wconf 91' lang='lat' dir='ltr'>nobis</span> <span class='ocrx_word' id='word_1_283' title='bbox 1825 4443 1960 4490; x_wconf 90' lang='lat' dir='ltr'>non</span> <span class='ocrx_word' id='word_1_284' title='bbox 1997 4442 2229 4506; x_wconf 90' lang='lat' dir='ltr'>parum</span> <span class='ocrx_word' id='word_1_285' title='bbox 2281 4425 2569 4490; x_wconf 84' lang='lat' dir='ltr'>exhibuit</span> <span class='ocrx_word' id='word_1_286' title='bbox 2617 4427 2916 4509; x_wconf 91' lang='lat' dir='ltr'>negotii);</span> <span class='ocrx_word' id='word_1_287' title='bbox 2968 4425 3203 4508; x_wconf 90' lang='lat' dir='ltr'>quibus</span> <span class='ocrx_word' id='word_1_288' title='bbox 3251 4442 3405 4489; x_wconf 90' lang='lat' dir='ltr'>sane</span> <span class='ocrx_word' id='word_1_289' title='bbox 3454 4423 3641 4487; x_wconf 88' lang='lat' dir='ltr'>resti-</span> 
     </span>
    </p>
   </div>
   <div class='ocr_carea' id='block_1_31' title="bbox 395 4521 3643 4607">
    <p class='ocr_par' dir='ltr' id='par_1_31' title="bbox 395 4521 3643 4607">
     <span class='ocr_line' id='line_1_31' title="bbox 395 4521 3643 4607; baseline -0.001 -20"><span class='ocrx_word' id='word_1_290' title='bbox 395 4522 651 4587; x_wconf 90' lang='lat' dir='ltr'>tuendis</span> <span class='ocrx_word' id='word_1_291' title='bbox 694 4540 823 4604; x_wconf 89' lang='lat' dir='ltr'>qua</span> <span class='ocrx_word' id='word_1_292' title='bbox 868 4522 1069 4586; x_wconf 91' lang='lat' dir='ltr'>simus</span> <span class='ocrx_word' id='word_1_293' title='bbox 1121 4522 1220 4586; x_wconf 93' lang='lat' dir='ltr'>usi</span> <span class='ocrx_word' id='word_1_294' title='bbox 1270 4521 1567 4586; x_wconf 90' lang='lat' dir='ltr'>cautione</span> <span class='ocrx_word' id='word_1_295' title='bbox 1616 4522 1776 4586; x_wconf 89' lang='lat' dir='ltr'>dum</span> <span class='ocrx_word' id='word_1_296' title='bbox 1826 4522 2168 4605; x_wconf 90' lang='lat' dir='ltr'>diligenter</span> <span class='ocrx_word' id='word_1_297' title='bbox 2214 4524 2638 4605; x_wconf 83' lang='lat' dir='ltr'>expendimus</span> <span class='ocrx_word' id='word_1_298' title='bbox 2693 4525 2849 4607; x_wconf 91' lang='lat' dir='ltr'>quid</span> <span class='ocrx_word' id='word_1_299' title='bbox 2905 4526 3042 4607; x_wconf 92' lang='lat' dir='ltr'>ipse</span> <span class='ocrx_word' id='word_1_300' title='bbox 3083 4530 3307 4588; x_wconf 88' lang='lat' dir='ltr'>auctor</span> <span class='ocrx_word' id='word_1_301' title='bbox 3355 4524 3426 4586; x_wconf 89' lang='lat' dir='ltr'>in</span> <span class='ocrx_word' id='word_1_302' title='bbox 3479 4539 3643 4605; x_wconf 71' lang='lat' dir='ltr'>pra:-</span> 
     </span>
    </p>
   </div>
   <div class='ocr_carea' id='block_1_32' title="bbox 397 4620 3641 4707">
    <p class='ocr_par' dir='ltr' id='par_1_32' title="bbox 397 4620 3641 4707">
     <span class='ocr_line' id='line_1_32' title="bbox 397 4620 3641 4707; baseline -0.001 -21"><span class='ocrx_word' id='word_1_303' title='bbox 397 4621 775 4686; x_wconf 90' lang='lat' dir='ltr'>cedentibus</span> <span class='ocrx_word' id='word_1_304' title='bbox 820 4629 933 4686; x_wconf 90' lang='lat' dir='ltr'>aut</span> <span class='ocrx_word' id='word_1_305' title='bbox 961 4620 1498 4703; x_wconf 87' lang='lat' dir='ltr'>subsequentibus</span> <span class='ocrx_word' id='word_1_306' title='bbox 1527 4621 1832 4686; x_wconf 90' lang='lat' dir='ltr'>eumdem</span> <span class='ocrx_word' id='word_1_307' title='bbox 1867 4621 2088 4686; x_wconf 91' lang='lat' dir='ltr'>locum</span> <span class='ocrx_word' id='word_1_308' title='bbox 2138 4623 2622 4704; x_wconf 90' lang='lat' dir='ltr'>attingentibus,</span> <span class='ocrx_word' id='word_1_309' title='bbox 2667 4623 2901 4707; x_wconf 87' lang='lat' dir='ltr'>quidve</span> <span class='ocrx_word' id='word_1_310' title='bbox 2941 4623 3434 4705; x_wconf 87' lang='lat' dir='ltr'>Chrysostomus</span> <span class='ocrx_word' id='word_1_311' title='bbox 3488 4638 3641 4683; x_wconf 89' lang='lat' dir='ltr'>eum</span> 
     </span>
    </p>
   </div>
   <div class='ocr_carea' id='block_1_33' title="bbox 396 4718 3640 4803">
    <p class='ocr_par' dir='ltr' id='par_1_33' title="bbox 396 4718 3640 4803">
     <span class='ocr_line' id='line_1_33' title="bbox 396 4718 3640 4803; baseline -0.001 -19"><span class='ocrx_word' id='word_1_312' title='bbox 396 4719 618 4785; x_wconf 90' lang='lat' dir='ltr'>locum</span> <span class='ocrx_word' id='word_1_313' title='bbox 664 4726 942 4784; x_wconf 88' lang='lat' dir='ltr'>tractans</span> <span class='ocrx_word' id='word_1_314' title='bbox 991 4726 1103 4783; x_wconf 91' lang='lat' dir='ltr'>aut</span> <span class='ocrx_word' id='word_1_315' title='bbox 1152 4720 1587 4784; x_wconf 87' lang='lat' dir='ltr'>OEcumenius</span> <span class='ocrx_word' id='word_1_316' title='bbox 1634 4721 1980 4802; x_wconf 90' lang='lat' dir='ltr'>scripserit,</span> <span class='ocrx_word' id='word_1_317' title='bbox 2028 4728 2139 4785; x_wconf 92' lang='lat' dir='ltr'>aut</span> <span class='ocrx_word' id='word_1_318' title='bbox 2185 4721 2382 4785; x_wconf 88' lang='lat' dir='ltr'>etiam</span> <span class='ocrx_word' id='word_1_319' title='bbox 2430 4723 2759 4787; x_wconf 87' lang='lat' dir='ltr'>Porsenna</span> <span class='ocrx_word' id='word_1_320' title='bbox 2805 4729 2984 4786; x_wconf 90' lang='lat' dir='ltr'>vetus</span> <span class='ocrx_word' id='word_1_321' title='bbox 3027 4721 3344 4803; x_wconf 87' lang='lat' dir='ltr'>interpres</span> <span class='ocrx_word' id='word_1_322' title='bbox 3393 4718 3640 4801; x_wconf 85' lang='lat' dir='ltr'>legerit,</span> 
     </span>
    </p>
   </div>
   <div class='ocr_carea' id='block_1_34' title="bbox 399 4816 3667 4903">
    <p class='ocr_par' dir='ltr' id='par_1_34' title="bbox 399 4816 3667 4903">
     <span class='ocr_line' id='line_1_34' title="bbox 399 4816 3667 4903; baseline -0.001 -21"><span class='ocrx_word' id='word_1_323' title='bbox 399 4819 469 4883; x_wconf 90' lang='lat' dir='ltr'>in</span> <span class='ocrx_word' id='word_1_324' title='bbox 500 4818 792 4897; x_wconf 86' lang='lat' dir='ltr'>margine</span> <span class='ocrx_word' id='word_1_325' title='bbox 840 4817 1043 4881; x_wconf 75' lang='lat' dir='ltr'>Graeci</span> <span class='ocrx_word' id='word_1_326' title='bbox 1091 4817 1353 4896; x_wconf 86' lang='lat' dir='ltr'>codicis,</span> <span class='ocrx_word' id='word_1_327' title='bbox 1388 4835 1581 4901; x_wconf 91' lang='lat' dir='ltr'>quem</span> <span class='ocrx_word' id='word_1_328' title='bbox 1612 4818 2049 4902; x_wconf 82' lang='lat' dir='ltr'>typographus</span> <span class='ocrx_word' id='word_1_329' title='bbox 2089 4817 2268 4883; x_wconf 89' lang='lat' dir='ltr'>brevi</span> <span class='ocrx_word' id='word_1_330' title='bbox 2302 4823 2466 4903; x_wconf 79' lang='lat' dir='ltr'>typis</span> <span class='ocrx_word' id='word_1_331' title='bbox 2506 4826 2822 4885; x_wconf 83' lang='lat' dir='ltr'>excudere</span> <span class='ocrx_word' id='word_1_332' title='bbox 2868 4818 3109 4896; x_wconf 86' lang='lat' dir='ltr'>statuit,</span> <span class='ocrx_word' id='word_1_333' title='bbox 3160 4817 3291 4882; x_wconf 90' lang='lat' dir='ltr'>suis</span> <span class='ocrx_word' id='word_1_334' title='bbox 3336 4816 3495 4881; x_wconf 92' lang='lat' dir='ltr'>locis</span> <span class='ocrx_word' id='word_1_335' title='bbox 3542 4828 3667 4879; x_wconf 80' lang='lat' dir='ltr'>ex-&#39;</span> 
     </span>
    </p>
   </div>
   <div class='ocr_carea' id='block_1_35' title="bbox 401 4913 2031 5000">
    <p class='ocr_par' dir='ltr' id='par_1_35' title="bbox 401 4915 2031 5000">
     <span class='ocr_line' id='line_1_35' title="bbox 401 4915 2031 5000; baseline 0.001 -20"><span class='ocrx_word' id='word_1_336' title='bbox 401 4916 734 5000; x_wconf 88' lang='lat' dir='ltr'>posuimus</span> <span class='ocrx_word' id='word_1_337' title='bbox 781 4931 797 4978; x_wconf 88' lang='lat'><strong>:</strong></span> <span class='ocrx_word' id='word_1_338' title='bbox 844 4916 969 4979; x_wconf 88' lang='lat' dir='ltr'>uti</span> <span class='ocrx_word' id='word_1_339' title='bbox 1013 4915 1093 4979; x_wconf 87' lang='lat' dir='ltr'>ad</span> <span class='ocrx_word' id='word_1_340' title='bbox 1143 4915 1432 4981; x_wconf 88' lang='lat' dir='ltr'>Corinth.</span> <span class='ocrx_word' id='word_1_341' title='bbox 1481 4934 1606 4995; x_wconf 83' lang='lat' dir='ltr'>x1v,</span> <span class='ocrx_word' id='word_1_342' title='bbox 1655 4917 1969 4986; x_wconf 81' lang='grc' dir='ltr'>ἀπόστολοις</span> <span class='ocrx_word' id='word_1_343' title='bbox 2010 4917 2031 4981; x_wconf 73' lang='lat' dir='ltr'>c</span> 
     </span>
    </p>
   </div>
   <div class='ocr_carea' id='block_1_36' title="bbox 2012 4913 3642 5000">
    <p class='ocr_par' dir='ltr' id='par_1_36' title="bbox 2012 4913 3642 5000">
     <span class='ocr_line' id='line_1_36' title="bbox 2012 4913 3642 5000; baseline -0.002 -19"><span class='ocrx_word' id='word_1_344' title='bbox 2012 4917 2350 5000; x_wconf 90' lang='lat' dir='ltr'>depravate</span> <span class='ocrx_word' id='word_1_345' title='bbox 2393 4917 2710 4999; x_wconf 90' lang='lat' dir='ltr'>scriptum</span> <span class='ocrx_word' id='word_1_346' title='bbox 2752 4918 2957 4982; x_wconf 89' lang='lat' dir='ltr'>fuerat</span> <span class='ocrx_word' id='word_1_347' title='bbox 3001 4934 3121 4999; x_wconf 91' lang='lat' dir='ltr'>pro</span> <span class='ocrx_word' id='word_1_348' title='bbox 3170 4915 3415 4983; x_wconf 82' lang='grc' dir='ltr'>ἀπίστοις</span> <span class='ocrx_word' id='word_1_349' title='bbox 3454 4920 3516 4976; x_wconf 94' lang='lat' dir='ltr'>et</span> <span class='ocrx_word' id='word_1_350' title='bbox 3564 4913 3642 4977; x_wconf 90' lang='lat' dir='ltr'>ad</span> 
     </span>
    </p>
   </div>
   <div class='ocr_carea' id='block_1_37' title="bbox 399 5011 3647 5099">
    <p class='ocr_par' dir='ltr' id='par_1_37' title="bbox 399 5011 3647 5099">
     <span class='ocr_line' id='line_1_37' title="bbox 399 5011 3647 5099; baseline -0.002 -20"><span class='ocrx_word' id='word_1_351' title='bbox 399 5014 598 5079; x_wconf 89' lang='lat' dir='ltr'>Galat.</span> <span class='ocrx_word' id='word_1_352' title='bbox 641 5032 700 5094; x_wconf 87' lang='lat' dir='ltr'>v,</span> <span class='ocrx_word' id='word_1_353' title='bbox 737 5014 1094 5077; x_wconf 78' lang='lat' dir='ltr'>scandalum</span> <span class='ocrx_word' id='word_1_354' title='bbox 1138 5013 1389 5094; x_wconf 78' lang='lat' dir='ltr'>Christi,</span> <span class='ocrx_word' id='word_1_355' title='bbox 1437 5033 1555 5097; x_wconf 89' lang='lat' dir='ltr'>pro</span> <span class='ocrx_word' id='word_1_356' title='bbox 1586 5014 1889 5081; x_wconf 88' lang='lat' dir='ltr'>seandalo</span> <span class='ocrx_word' id='word_1_357' title='bbox 1934 5016 2178 5094; x_wconf 88' lang='lat' dir='ltr'>crucis;</span> <span class='ocrx_word' id='word_1_358' title='bbox 2212 5034 2356 5099; x_wconf 63' lang='lat' dir='ltr'>quae</span> <span class='ocrx_word' id='word_1_359' title='bbox 2385 5015 2648 5099; x_wconf 90' lang='lat' dir='ltr'>quidem</span> <span class='ocrx_word' id='word_1_360' title='bbox 2695 5015 3024 5098; x_wconf 92' lang='lat' dir='ltr'>scriptoris</span> <span class='ocrx_word' id='word_1_361' title='bbox 3056 5032 3275 5078; x_wconf 88' lang='lat' dir='ltr'>errore</span> <span class='ocrx_word' id='word_1_362' title='bbox 3305 5011 3647 5092; x_wconf 88' lang='lat' dir='ltr'>contigisse</span> 
     </span>
    </p>
   </div>
   <div class='ocr_carea' id='block_1_38' title="bbox 401 5109 3648 5195">
    <p class='ocr_par' dir='ltr' id='par_1_38' title="bbox 401 5109 3648 5195">
     <span class='ocr_line' id='line_1_38' title="bbox 401 5109 3648 5195; baseline -0.002 -16"><span class='ocrx_word' id='word_1_363' title='bbox 401 5116 816 5179; x_wconf 88' lang='lat' dir='ltr'>vehementer</span> <span class='ocrx_word' id='word_1_364' title='bbox 843 5113 1132 5178; x_wconf 86' lang='lat' dir='ltr'>admiror</span> <span class='ocrx_word' id='word_1_365' title='bbox 1161 5114 1549 5179; x_wconf 89' lang='lat' dir='ltr'>Lonicerum</span> <span class='ocrx_word' id='word_1_366' title='bbox 1586 5132 1720 5178; x_wconf 91' lang='lat' dir='ltr'>non</span> <span class='ocrx_word' id='word_1_367' title='bbox 1757 5114 2281 5179; x_wconf 89' lang='lat' dir='ltr'>animadvertisse</span> <span class='ocrx_word' id='word_1_368' title='bbox 2313 5136 2330 5179; x_wconf 89' lang='lat'><strong>:</strong></span> <span class='ocrx_word' id='word_1_369' title='bbox 2377 5134 2530 5180; x_wconf 92' lang='lat' dir='ltr'>cum</span> <span class='ocrx_word' id='word_1_370' title='bbox 2555 5114 2658 5178; x_wconf 86' lang='lat' dir='ltr'>vel</span> <span class='ocrx_word' id='word_1_371' title='bbox 2702 5133 2780 5178; x_wconf 84' lang='lat' dir='ltr'>ex</span> <span class='ocrx_word' id='word_1_372' title='bbox 2823 5132 2977 5178; x_wconf 85' lang='lat' dir='ltr'>mox</span> <span class='ocrx_word' id='word_1_373' title='bbox 3015 5111 3430 5195; x_wconf 89' lang='lat' dir='ltr'>sequentibus</span> <span class='ocrx_word' id='word_1_374' title='bbox 3460 5109 3648 5173; x_wconf 87' lang='lat' dir='ltr'>facile</span> 
     </span>
    </p>
   </div>
   <div class='ocr_carea' id='block_1_39' title="bbox 403 5207 3649 5295">
    <p class='ocr_par' dir='ltr' id='par_1_39' title="bbox 403 5207 3649 5295">
     <span class='ocr_line' id='line_1_39' title="bbox 403 5207 3649 5295; baseline -0.002 -18"><span class='ocrx_word' id='word_1_375' title='bbox 403 5232 441 5277; x_wconf 89' lang='lat' dir='ltr'>a</span> <span class='ocrx_word' id='word_1_376' title='bbox 478 5212 894 5278; x_wconf 89' lang='lat' dir='ltr'>mediocriter</span> <span class='ocrx_word' id='word_1_377' title='bbox 923 5211 1176 5276; x_wconf 91' lang='lat' dir='ltr'>erudito</span> <span class='ocrx_word' id='word_1_378' title='bbox 1206 5219 1271 5277; x_wconf 89' lang='lat' dir='ltr'>et</span> <span class='ocrx_word' id='word_1_379' title='bbox 1302 5220 1542 5277; x_wconf 89' lang='lat' dir='ltr'>attento</span> <span class='ocrx_word' id='word_1_380' title='bbox 1585 5230 1771 5277; x_wconf 90' lang='lat' dir='ltr'>error</span> <span class='ocrx_word' id='word_1_381' title='bbox 1814 5212 2211 5295; x_wconf 89' lang='lat' dir='ltr'>deprehendi</span> <span class='ocrx_word' id='word_1_382' title='bbox 2242 5213 2538 5294; x_wconf 89' lang='lat' dir='ltr'>potuerit.</span> <span class='ocrx_word' id='word_1_383' title='bbox 2573 5214 2733 5277; x_wconf 92' lang='lat' dir='ltr'>ltem</span> <span class='ocrx_word' id='word_1_384' title='bbox 2766 5214 2847 5276; x_wconf 90' lang='lat' dir='ltr'>ad</span> <span class='ocrx_word' id='word_1_385' title='bbox 2874 5212 3109 5294; x_wconf 90' lang='lat' dir='ltr'>Ephes.</span> <span class='ocrx_word' id='word_1_386' title='bbox 3143 5229 3162 5273; x_wconf 81' lang='grc' dir='ltr'>ι</span> <span class='ocrx_word' id='word_1_387' title='bbox 3211 5210 3549 5291; x_wconf 89' lang='lat' dir='ltr'>depravata</span> <span class='ocrx_word' id='word_1_388' title='bbox 3571 5207 3649 5272; x_wconf 92' lang='lat' dir='ltr'>le-</span> 
     </span>
    </p>
   </div>
   <div class='ocr_carea' id='block_1_40' title="bbox 404 5306 3646 5392">
    <p class='ocr_par' dir='ltr' id='par_1_40' title="bbox 404 5306 3646 5392">
     <span class='ocr_line' id='line_1_40' title="bbox 404 5306 3646 5392; baseline -0.001 -19"><span class='ocrx_word' id='word_1_389' title='bbox 404 5310 697 5391; x_wconf 86' lang='lat' dir='ltr'>gebatur,</span> <span class='ocrx_word' id='word_1_390' title='bbox 730 5311 957 5374; x_wconf 69' lang='lat' dir='ltr'>divitiae</span> <span class='ocrx_word' id='word_1_391' title='bbox 988 5312 1175 5390; x_wconf 66' lang='lat' dir='ltr'>datae,</span> <span class='ocrx_word' id='word_1_392' title='bbox 1208 5328 1357 5374; x_wconf 87' lang='lat' dir='ltr'>cum</span> <span class='ocrx_word' id='word_1_393' title='bbox 1390 5310 1741 5392; x_wconf 87' lang='lat' dir='ltr'>legendum</span> <span class='ocrx_word' id='word_1_394' title='bbox 1765 5311 1981 5387; x_wconf 91' lang='lat' dir='ltr'>fuerit,</span> <span class='ocrx_word' id='word_1_395' title='bbox 2013 5312 2242 5374; x_wconf 61' lang='lat' dir='ltr'>divitia</span> <span class='ocrx_word' id='word_1_396' title='bbox 2271 5311 2507 5392; x_wconf 57' lang='lat' dir='ltr'>gloria;</span> <span class='ocrx_word' id='word_1_397' title='bbox 2549 5309 2701 5385; x_wconf 81' lang='grc' dir='ltr'>δόξης</span> <span class='ocrx_word' id='word_1_398' title='bbox 2725 5311 2926 5387; x_wconf 89' lang='lat' dir='ltr'>enim,</span> <span class='ocrx_word' id='word_1_399' title='bbox 2960 5328 3097 5374; x_wconf 90' lang='lat' dir='ltr'>non</span> <span class='ocrx_word' id='word_1_400' title='bbox 3126 5308 3322 5376; x_wconf 86' lang='grc' dir='ltr'>δόσεως</span> <span class='ocrx_word' id='word_1_401' title='bbox 3356 5306 3646 5371; x_wconf 88' lang='lat' dir='ltr'>scriben-</span> 
     </span>
    </p>
   </div>
   <div class='ocr_carea' id='block_1_41' title="bbox 405 5404 3647 5492">
    <p class='ocr_par' dir='ltr' id='par_1_41' title="bbox 405 5404 3647 5492">
     <span class='ocr_line' id='line_1_41' title="bbox 405 5404 3647 5492; baseline -0.002 -19"><span class='ocrx_word' id='word_1_402' title='bbox 405 5408 565 5473; x_wconf 91' lang='lat' dir='ltr'>dum</span> <span class='ocrx_word' id='word_1_403' title='bbox 611 5408 839 5473; x_wconf 88' lang='lat' dir='ltr'>fuerat.</span> <span class='ocrx_word' id='word_1_404' title='bbox 867 5408 1100 5483; x_wconf 85' lang='lat' dir='ltr'>Quinto</span> <span class='ocrx_word' id='word_1_405' title='bbox 1130 5417 1351 5473; x_wconf 90' lang='lat' dir='ltr'>autem</span> <span class='ocrx_word' id='word_1_406' title='bbox 1381 5409 1587 5492; x_wconf 89' lang='lat' dir='ltr'>capite</span> <span class='ocrx_word' id='word_1_407' title='bbox 1627 5411 1857 5491; x_wconf 66' lang='lat' dir='ltr'>prima:</span> <span class='ocrx_word' id='word_1_408' title='bbox 1883 5408 1965 5473; x_wconf 91' lang='lat' dir='ltr'>ad</span> <span class='ocrx_word' id='word_1_409' title='bbox 2005 5409 2415 5473; x_wconf 88' lang='lat' dir='ltr'>Timotheum</span> <span class='ocrx_word' id='word_1_410' title='bbox 2450 5408 2769 5492; x_wconf 76' lang='lat' dir='ltr'>Epistolae,</span> <span class='ocrx_word' id='word_1_411' title='bbox 2802 5409 3022 5473; x_wconf 91' lang='lat' dir='ltr'>locum</span> <span class='ocrx_word' id='word_1_412' title='bbox 3069 5406 3139 5469; x_wconf 90' lang='lat' dir='ltr'>in</span> <span class='ocrx_word' id='word_1_413' title='bbox 3169 5404 3404 5470; x_wconf 65' lang='lat' dir='ltr'>Graecis</span> <span class='ocrx_word' id='word_1_414' title='bbox 3445 5412 3506 5468; x_wconf 91' lang='lat' dir='ltr'>et</span> <span class='ocrx_word' id='word_1_415' title='bbox 3530 5404 3647 5466; x_wconf 86' lang='lat' dir='ltr'>La-</span> 
     </span>
    </p>
   </div>
   <div class='ocr_carea' id='block_1_42' title="bbox 403 5504 3649 5590">
    <p class='ocr_par' dir='ltr' id='par_1_42' title="bbox 403 5504 3649 5590">
     <span class='ocr_line' id='line_1_42' title="bbox 403 5504 3649 5590; baseline -0.001 -21"><span class='ocrx_word' id='word_1_416' title='bbox 403 5506 556 5570; x_wconf 90' lang='lat' dir='ltr'>tinis</span> <span class='ocrx_word' id='word_1_417' title='bbox 587 5507 891 5570; x_wconf 89' lang='lat' dir='ltr'>mutilum</span> <span class='ocrx_word' id='word_1_418' title='bbox 934 5527 1006 5572; x_wconf 84' lang='lat' dir='ltr'>ex</span> <span class='ocrx_word' id='word_1_419' title='bbox 1041 5509 1385 5572; x_wconf 71' lang='lat' dir='ltr'>Porsennae</span> <span class='ocrx_word' id='word_1_420' title='bbox 1414 5507 1689 5590; x_wconf 90' lang='lat' dir='ltr'>scriptis,</span> <span class='ocrx_word' id='word_1_421' title='bbox 1739 5526 1881 5590; x_wconf 73' lang='lat' dir='ltr'>quae</span> <span class='ocrx_word' id='word_1_422' title='bbox 1931 5527 2007 5572; x_wconf 92' lang='lat' dir='ltr'>eo</span> <span class='ocrx_word' id='word_1_423' title='bbox 2039 5508 2302 5590; x_wconf 91' lang='lat' dir='ltr'>quidem</span> <span class='ocrx_word' id='word_1_424' title='bbox 2346 5509 2486 5572; x_wconf 94' lang='lat' dir='ltr'>loco</span> <span class='ocrx_word' id='word_1_425' title='bbox 2534 5507 2774 5571; x_wconf 87' lang='lat' dir='ltr'>rectius</span> <span class='ocrx_word' id='word_1_426' title='bbox 2819 5507 3060 5570; x_wconf 91' lang='lat' dir='ltr'>habere</span> <span class='ocrx_word' id='word_1_427' title='bbox 3103 5504 3510 5579; x_wconf 86' lang='lat' dir='ltr'>videbantur,</span> <span class='ocrx_word' id='word_1_428' title='bbox 3548 5520 3649 5566; x_wconf 92' lang='lat' dir='ltr'>re-</span> 
     </span>
    </p>
   </div>
   <div class='ocr_carea' id='block_1_43' title="bbox 407 5602 3650 5689">
    <p class='ocr_par' dir='ltr' id='par_1_43' title="bbox 407 5602 3650 5689">
     <span class='ocr_line' id='line_1_43' title="bbox 407 5602 3650 5689; baseline -0.001 -22"><span class='ocrx_word' id='word_1_429' title='bbox 407 5604 761 5682; x_wconf 90' lang='lat' dir='ltr'>stituimus;</span> <span class='ocrx_word' id='word_1_430' title='bbox 807 5606 929 5668; x_wconf 91' lang='lat' dir='ltr'>hoc</span> <span class='ocrx_word' id='word_1_431' title='bbox 971 5606 1149 5669; x_wconf 91' lang='lat' dir='ltr'>enim</span> <span class='ocrx_word' id='word_1_432' title='bbox 1189 5605 1333 5671; x_wconf 89' lang='lat' dir='ltr'>loco</span> <span class='ocrx_word' id='word_1_433' title='bbox 1384 5606 1539 5689; x_wconf 90' lang='lat' dir='ltr'>quid</span> <span class='ocrx_word' id='word_1_434' title='bbox 1568 5605 2078 5688; x_wconf 80' lang='lat' dir='ltr'>Theophylactus</span> <span class='ocrx_word' id='word_1_435' title='bbox 2112 5607 2464 5688; x_wconf 89' lang='lat' dir='ltr'>scripsisset</span> <span class='ocrx_word' id='word_1_436' title='bbox 2511 5624 2647 5670; x_wconf 89' lang='lat' dir='ltr'>non</span> <span class='ocrx_word' id='word_1_437' title='bbox 2694 5606 2844 5669; x_wconf 88' lang='lat' dir='ltr'>satis</span> <span class='ocrx_word' id='word_1_438' title='bbox 2889 5604 3078 5669; x_wconf 91' lang='lat' dir='ltr'>nobis</span> <span class='ocrx_word' id='word_1_439' title='bbox 3129 5603 3482 5679; x_wconf 87' lang='lat' dir='ltr'>constabat,</span> <span class='ocrx_word' id='word_1_440' title='bbox 3540 5602 3650 5666; x_wconf 93' lang='lat' dir='ltr'>sed</span> 
     </span>
    </p>
   </div>
   <div class='ocr_carea' id='block_1_44' title="bbox 410 5700 3652 5788">
    <p class='ocr_par' dir='ltr' id='par_1_44' title="bbox 410 5700 3652 5788">
     <span class='ocr_line' id='line_1_44' title="bbox 410 5700 3652 5788; baseline -0 -24"><span class='ocrx_word' id='word_1_441' title='bbox 410 5721 553 5784; x_wconf 75' lang='lat' dir='ltr'>quae</span> <span class='ocrx_word' id='word_1_442' title='bbox 588 5702 768 5765; x_wconf 88' lang='lat' dir='ltr'>illinc</span> <span class='ocrx_word' id='word_1_443' title='bbox 813 5705 1301 5786; x_wconf 89' lang='lat' dir='ltr'>assumpsimus,</span> <span class='ocrx_word' id='word_1_444' title='bbox 1340 5705 1439 5769; x_wconf 91' lang='lat' dir='ltr'>his</span> <span class='ocrx_word' id='word_1_445' title='bbox 1486 5705 1654 5769; x_wconf 88' lang='lat' dir='ltr'>notis</span> <span class='ocrx_word' id='word_1_446' title='bbox 1682 5705 1730 5787; x_wconf 90' lang='lat'>()</span> <span class='ocrx_word' id='word_1_447' title='bbox 1759 5704 2263 5781; x_wconf 88' lang='lat' dir='ltr'>interclusimus,</span> <span class='ocrx_word' id='word_1_448' title='bbox 2297 5724 2380 5769; x_wconf 92' lang='lat' dir='ltr'>ne</span> <span class='ocrx_word' id='word_1_449' title='bbox 2416 5704 2572 5788; x_wconf 93' lang='lat' dir='ltr'>quid</span> <span class='ocrx_word' id='word_1_450' title='bbox 2613 5712 2854 5769; x_wconf 88' lang='lat' dir='ltr'>temere</span> <span class='ocrx_word' id='word_1_451' title='bbox 2894 5710 3126 5787; x_wconf 80' lang='lat' dir='ltr'>praeter</span> <span class='ocrx_word' id='word_1_452' title='bbox 3174 5701 3380 5766; x_wconf 68' lang='lat' dir='ltr'>Graeci</span> <span class='ocrx_word' id='word_1_453' title='bbox 3412 5700 3652 5766; x_wconf 91' lang='lat' dir='ltr'>codicis</span> 
     </span>
    </p>
   </div>
   <div class='ocr_carea' id='block_1_45' title="bbox 412 5799 3649 5883">
    <p class='ocr_par' dir='ltr' id='par_1_45' title="bbox 412 5799 3649 5883">
     <span class='ocr_line' id='line_1_45' title="bbox 412 5799 3649 5883; baseline -0.001 -20"><span class='ocrx_word' id='word_1_454' title='bbox 412 5801 611 5864; x_wconf 82' lang='lat' dir='ltr'>fidem</span> <span class='ocrx_word' id='word_1_455' title='bbox 645 5799 725 5863; x_wconf 90' lang='lat' dir='ltr'>de</span> <span class='ocrx_word' id='word_1_456' title='bbox 750 5808 969 5865; x_wconf 89' lang='lat' dir='ltr'>nostro</span> <span class='ocrx_word' id='word_1_457' title='bbox 998 5801 1319 5868; x_wconf 89' lang='lat' dir='ltr'>addidisse</span> <span class='ocrx_word' id='word_1_458' title='bbox 1353 5803 1743 5868; x_wconf 90' lang='lat' dir='ltr'>videremur.</span> <span class='ocrx_word' id='word_1_459' title='bbox 1787 5805 2131 5868; x_wconf 77' lang='lat' dir='ltr'>Porsennae</span> <span class='ocrx_word' id='word_1_460' title='bbox 2161 5810 2376 5867; x_wconf 90' lang='lat' dir='ltr'>autem</span> <span class='ocrx_word' id='word_1_461' title='bbox 2418 5803 2538 5866; x_wconf 87' lang='lat' dir='ltr'>viri</span> <span class='ocrx_word' id='word_1_462' title='bbox 2580 5802 2835 5879; x_wconf 88' lang='lat' dir='ltr'>eruditi,</span> <span class='ocrx_word' id='word_1_463' title='bbox 2869 5810 2942 5865; x_wconf 92' lang='lat' dir='ltr'>ut</span> <span class='ocrx_word' id='word_1_464' title='bbox 2965 5801 3218 5883; x_wconf 92' lang='lat' dir='ltr'>opinor,</span> <span class='ocrx_word' id='word_1_465' title='bbox 3252 5806 3315 5862; x_wconf 94' lang='lat' dir='ltr'>et</span> <span class='ocrx_word' id='word_1_466' title='bbox 3346 5799 3649 5880; x_wconf 90' lang='lat' dir='ltr'>eloquen—</span> 
     </span>
    </p>
   </div>
   <div class='ocr_carea' id='block_1_46' title="bbox 415 5898 3649 5984">
    <p class='ocr_par' dir='ltr' id='par_1_46' title="bbox 415 5898 3649 5984">
     <span class='ocr_line' id='line_1_46' title="bbox 415 5898 3649 5984; baseline -0.001 -23"><span class='ocrx_word' id='word_1_467' title='bbox 415 5898 494 5963; x_wconf 91' lang='lat' dir='ltr'>tis</span> <span class='ocrx_word' id='word_1_468' title='bbox 542 5898 857 5976; x_wconf 88' lang='lat' dir='ltr'>versione,</span> <span class='ocrx_word' id='word_1_469' title='bbox 908 5905 979 5963; x_wconf 89' lang='lat' dir='ltr'>ut</span> <span class='ocrx_word' id='word_1_470' title='bbox 1022 5900 1301 5966; x_wconf 88' lang='lat' dir='ltr'>multum</span> <span class='ocrx_word' id='word_1_471' title='bbox 1342 5921 1380 5965; x_wconf 91' lang='lat' dir='ltr'>a</span> <span class='ocrx_word' id='word_1_472' title='bbox 1424 5902 1659 5967; x_wconf 74' lang='lat' dir='ltr'>Graecis</span> <span class='ocrx_word' id='word_1_473' title='bbox 1706 5900 2096 5979; x_wconf 87' lang='lat' dir='ltr'>discedente,</span> <span class='ocrx_word' id='word_1_474' title='bbox 2151 5920 2233 5966; x_wconf 90' lang='lat' dir='ltr'>ne</span> <span class='ocrx_word' id='word_1_475' title='bbox 2276 5900 2488 5967; x_wconf 88' lang='lat' dir='ltr'>dicam</span> <span class='ocrx_word' id='word_1_476' title='bbox 2536 5900 2921 5984; x_wconf 86' lang='lat' dir='ltr'>plerumque</span> <span class='ocrx_word' id='word_1_477' title='bbox 2964 5898 3334 5976; x_wconf 88' lang='lat' dir='ltr'>dissidente,</span> <span class='ocrx_word' id='word_1_478' title='bbox 3381 5904 3454 5962; x_wconf 90' lang='lat' dir='ltr'>ut</span> <span class='ocrx_word' id='word_1_479' title='bbox 3508 5915 3649 5979; x_wconf 78' lang='lat' dir='ltr'>quae</span> 
     </span>
    </p>
   </div>
  </div>
