4128 6430
415 306 512 359 321
1516 299 1543 311 ”
1593 301 1605 320 ⁵
1640 302 1643 303 ⁷
1783 301 2288 361 ΡΒᾸΞΡΑΤΙΟΝΕΞ.
2411 302 2421 309 ’
3561 310 3666 367 822

410 426 497 490 sit
539 424 1018 508 paraphrastica
1048 426 1260 508 potius
1286 433 1479 509 atque
1508 427 1703 492 etiam
1732 428 2016 493 nimium
2068 427 2295 508 libera,
2348 434 2563 511 utpote
2620 445 2764 508 quae
2795 428 3177 512 plerumque
3203 426 3462 514 adjiciat
3518 450 3661 515 quae

402 523 478 587 in
532 523 767 588 Graecis
801 542 935 588 non
964 523 1285 589 habentur
1335 544 1349 589 :
1382 532 1444 589 et
1472 532 1718 603 contra,
1765 527 2086 610 plerisque
2114 527 2184 591 in
2233 526 2392 591 locis
2424 526 2792 609 complures
2832 544 3050 591 versus
3081 546 3345 610 prorsus
3379 531 3652 609 omittat,

401 641 553 704 quae
586 631 803 688 tamen
828 624 900 687 in
930 631 1151 688 nostro
1174 624 1613 706 manuscripto
1640 625 1863 691 codice
1882 626 2125 706 Graeco,
2155 643 2360 708 eoque
2386 632 2746 708 pervetusto
2774 632 2991 707 aperte
3014 626 3450 708 continentur,
3484 628 3657 693 illius

399 720 698 802 inquam,
733 721 972 786 omissa
1015 721 1327 798 versione,
1384 722 1682 787 Loniceri
1723 724 1933 806 potius
1981 724 2578 807 interpretationem
2607 723 3036 807 arripuimus;
3073 743 3349 808 eamque
3387 726 3650 809 passim,

396 818 515 882 ubi
570 819 916 883 tolerabilis
958 827 1143 899 esset,
1212 819 1623 886 retinuimus.
1684 824 1929 888 Novam
1996 823 2257 905 quidem
2326 843 2404 888 ex
2458 824 2824 888 amicorum
2889 825 3325 908 quorumdam
3381 826 3653 891 consilio

397 917 595 982 edere
641 925 1089 994 statueramus,
1122 918 1231 983 sed
1263 937 1415 983 cum
1456 919 1523 984 id
1571 921 1642 984 in
1680 922 2048 1003 praefatione
2076 922 2286 987 adorti
2340 922 3030 1000 animadverteremus,
3062 924 3252 988 nobis
3301 923 3383 988 ad
3411 924 3480 988 id
3532 943 3654 990 nec

396 1017 554 1080 satis
606 1035 743 1081 esse
781 1016 917 1095 otii,
974 1036 1097 1082 nec
1144 1018 1473 1101 temporis,
1511 1037 1587 1083 ea
1630 1020 2041 1102 potissimum
2096 1021 2487 1085 mutavimus
2525 1040 2689 1105 quae,
2741 1021 3197 1105 TheOphylacti
3226 1029 3511 1087 mentem
3542 1029 3655 1086 aut

394 1133 537 1179 non
585 1116 834 1199 assequi
867 1117 1257 1194 viderentur,
1292 1125 1404 1181 aut
1449 1135 1584 1181 non
1633 1118 1790 1183 satis
1820 1120 2235 1202 explicarent.
2269 1119 2367 1184 Ad
2416 1120 2556 1185 haec
2606 1120 2886 1203 margini
2935 1121 3158 1186 multis
3185 1120 3256 1185 in
3286 1120 3444 1186 locis
3472 1137 3650 1204 quie-

396 1212 555 1278 dam
604 1214 995 1292 addidimus,
1051 1216 1189 1280 sine
1218 1215 1454 1299 quibus
1484 1216 1709 1282 Latina
1753 1218 1973 1301 legens
2016 1220 2119 1283 vix
2148 1237 2441 1302 unquam
2473 1219 2628 1302 quid
2679 1218 2803 1282 sibi
2835 1219 2985 1284 velit
3010 1218 3522 1303 Theophylactus
3552 1220 3655 1284 in-

398 1313 690 1395 telligere
730 1319 923 1396 queat
975 1332 991 1377 :
1030 1314 1187 1377 dum
1236 1312 1533 1378 videlicet
1561 1323 1673 1380 aut
1700 1316 1903 1381 Graeci
1952 1319 2272 1382 sermonis
2322 1318 2565 1382 variam
2596 1318 2850 1401 attingit
2877 1318 3247 1395 lectionem,
3280 1325 3392 1383 aut
3418 1320 3654 1383 Graecae

396 1411 702 1476 dictionis
750 1412 1310 1494 compositionem,
1383 1419 1494 1477 aut
1550 1412 1869 1480 diversam
1921 1413 2484 1495 signiﬁcationem,
2536 1415 2792 1480 aliudve
2842 1416 3200 1500 quidquam
3250 1416 3651 1501 hujusmodi.

394 1512 713 1595 Pleraque
763 1512 956 1576 etiam
1010 1512 1362 1577 delevimus
1409 1512 1489 1577 ab
1520 1513 1869 1596 interprete
1901 1515 2069 1577 male
2101 1514 2337 1591 addita,
2372 1514 2546 1598 quod
2574 1521 2686 1579 aut
2739 1533 2971 1597 parum
3025 1517 3108 1581 ad
3159 1535 3303 1583 rem
3344 1518 3650 1594 facerent,

392 1617 511 1676 aut
566 1630 720 1675 cum
769 1611 1221 1694 Theophylacti
1280 1613 1595 1676 sententia
1669 1619 2055 1697 pugnarent.
2134 1612 2441 1686 Quaedam
2485 1630 2637 1677 vero
2717 1613 3186 1697 perspicuitatis
3241 1615 3484 1697 gratia,
3545 1621 3657 1681 aut

393 1709 837 1790 ambiguitatis
882 1709 1155 1774 vitandae
1212 1727 1424 1787 causa,
1477 1729 1516 1775 a
1544 1711 1734 1776 nobis
1790 1721 1940 1777 sunt
1976 1717 2242 1789 mutata,
2296 1717 2368 1775 ut
2418 1711 2833 1776 mediocriter
2883 1713 3135 1777 erudito
3192 1713 3442 1778 Lectori
3492 1731 3651 1779 con-

393 1808 671 1873 sulatur.
724 1810 846 1873 lsta
876 1809 1056 1874 enim
1103 1809 1388 1874 veritatis
1417 1816 1480 1874 et
1512 1829 1707 1875 sacrae
1761 1812 2105 1893 Scriptura:
2135 1808 2434 1875 studiosis
2488 1810 2883 1888 scribuntur,
2916 1811 3150 1893 quibus
3183 1811 3361 1875 nuda
3414 1817 3477 1876 et
3505 1830 3653 1894 per-

394 1906 625 1990 spicua
656 1906 936 1971 auctoris
993 1907 1307 1973 sententia
1354 1909 1561 1990 magis
1602 1908 1833 1990 placet,
1894 1928 2090 1993 quam
2148 1908 2515 1992 interpretis
2562 1908 2772 1973 fucata
2827 1915 2889 1973 et
2916 1909 3209 1974 affectata
3237 1908 3455 1987 dictio,
3513 1927 3656 1992 quae

392 2004 761 2071 istiusmodi
814 2005 1113 2070 studiosis
1165 2006 1459 2071 tenebras
1514 2007 1875 2087 offundens,
1932 2008 2290 2090 plurimum
2346 2008 2596 2072 facessit
2638 2005 2901 2090 negotii.
2959 2008 3161 2072 Porro
3193 2007 3526 2090 vulgarem
3585 2007 3656 2072 in

393 2106 671 2171 Paulino
718 2112 891 2171 textu
934 2107 1318 2184 versionem,
1373 2125 1501 2190 qua
1546 2108 1785 2189 passim
1816 2107 2023 2172 utitur
2066 2106 2371 2184 Ecclesia,
2426 2106 2561 2171 fere
2590 2105 3001 2183 retinuimus,
3037 2105 3161 2170 nisi
3197 2106 3404 2171 sicubi
3442 2106 3654 2170 Theo-

392 2204 681 2287 phvlacti
726 2205 1168 2289 interpretatio
1216 2206 1398 2270 illam
1448 2206 1798 2271 immutare
1826 2205 2106 2289 coegerit
2163 2224 2179 2270 :
2233 2215 2326 2286 ut,
2384 2205 2467 2270 ad
2515 2207 2843 2270 Romanos
2896 2224 3036 2289 cap.
3089 2222 3182 2270 xu
3226 2223 3486 2270 necesse
3535 2204 3658 2269 fuit

394 2312 654 2369 mutare
682 2305 1049 2385 conformari
1073 2304 1143 2368 in
1175 2304 1568 2387 conﬁgurari,
1620 2304 1795 2388 quod
1820 2304 2332 2387 Theophylactus
2378 2303 2809 2368 differentiam
2842 2310 3042 2386 ponat
3077 2304 3248 2369 inter
3285 2304 3565 2387 ﬁguram
3596 2310 3660 2369 et

393 2403 701 2481 formam,
735 2410 797 2467 et
830 2403 1108 2485 ﬁguram
1157 2402 1431 2479 mundo,
1482 2404 1762 2469 formam
1803 2411 2022 2470 autem
2064 2402 2285 2468 virtuti
2327 2402 2589 2467 attribui
2630 2402 2823 2467 dicat.
2855 2403 3019 2467 Item
3078 2402 3415 2468 ITimoth.
3445 2420 3505 2467 v1
3537 2420 3656 2485 pro

388 2505 668 2580 inutilia,
720 2521 980 2567 necesse
1009 2503 1129 2566 fuit
1160 2520 1400 2585 ponere
1446 2506 1658 2581 stulta,
1695 2504 1868 2586 quod
1897 2502 2406 2585 Theophylactus
2433 2501 2499 2565 id
2529 2500 2965 2584 interpretans
2997 2500 3167 2566 dicat
3199 2521 3215 2565 :
3253 2524 3283 2561 ‹
3320 2501 3655 2575 Quomodo

391 2602 574 2666 enim
620 2620 755 2666 non
782 2609 879 2666 est
905 2600 1210 2679 stultum;
1244 2624 1273 2661 ι
1320 2609 1382 2666 et
1411 2619 1585 2672 mox.
1623 2624 1652 2661 α
1687 2603 1835 2667 Haec
1866 2603 2059 2666 stulta
2082 2607 2231 2666 sunt
2262 2608 2326 2665 et
2370 2600 2588 2665 noxia.
2618 2624 2651 2658 ιο
2681 2600 2910 2664 Noster
2938 2599 3113 2663 enim
3144 2599 3425 2682 vulgaris
3452 2600 3656 2664 inter-

390 2718 541 2782 pres
596 2698 822 2781 legisse
867 2699 1119 2763 videtur
1150 2698 1457 2776 ἀνονήτους,
1520 2699 2020 2781 TheOphylactus

2026 2722 2029 2758 ι
2078 2717 2231 2764 vero
2285 2718 2438 2764 cum
2495 2698 2947 2780 Chrysostomo
2990 2697 3145 2780 legit
3172 2698 3446 2773 ἀνοήτους.
3495 2699 3656 2762 Item

388 2800 444 2863 ΙΙ
470 2798 754 2862 Timoth.
785 2816 828 2861 ιι
857 2816 974 2880 pro
1001 2817 1077 2861 ne
1103 2800 1344 2877 quando
1362 2798 1743 2881 ponendum
1770 2799 1888 2862 fuit
1915 2804 1969 2861 si
1989 2800 2256 2880 quando,
2289 2803 2401 2862 aut
2426 2803 2484 2859 si
2515 2797 2675 2871 forte
2706 2797 2803 2861 vel
2833 2801 3097 2875 fortasse
3125 2816 3150 2859 .·
3180 2815 3258 2862 eo
3288 2797 3469 2862 enim
3500 2795 3652 2861 loco

391 2897 626 2976 μήποτε,
657 2916 792 2961 non
846 2904 943 2961 est
984 2896 1297 2978 negantis,
1335 2897 1446 2961 sed
1496 2896 1849 2962 dubitantis
1908 2897 2038 2961 sive
2089 2896 2544 2961 addubitanter
2592 2894 3014 2959 asseverantis
3069 2912 3085 2960 :
3144 2913 3274 2977 quo
3326 2895 3399 2959 in
3460 2912 3657 2959 sensu

388 3014 560 3078 saepe
605 2995 840 3078 accipit
885 2994 1412 3078 Theophylactus,
1465 3002 1537 3060 ut
1582 2996 1652 3059 in
1703 2995 1972 3078 epistola
2018 2994 2378 3077 Evangeliis
2422 2993 2683 3077 praeﬁxa
2733 2993 2884 3057 satis
2962 2992 3329 3059 docuimus.
3382 2994 3458 3057 In
3518 2993 3657 3075 ipsa

388 3102 612 3160 autem
644 3095 942 3159 Loniceri
990 3094 1275 3158 versione
1303 3113 1501 3178 quam
1533 3095 1736 3160 multa
1786 3094 2028 3159 fuerint
2074 3093 2244 3157 male
2272 3110 2477 3169 versa,
2507 3098 2619 3156 aut
2650 3109 2917 3175 prorsus
2945 3091 3206 3169 omissa,
3261 3109 3339 3156 ex
3364 3091 3468 3156 his
3513 3109 3658 3174 qum

386 3194 834 3276 decerpsimus
862 3193 1179 3276 conjicere
1228 3192 1464 3271 licebit,
1517 3193 1572 3258 si
1617 3199 1827 3258 totum
1880 3212 2041 3276 opus
2085 3193 2381 3257 conferre
2436 3191 2741 3275 graveris.
2798 3191 2877 3254 Et
2905 3186 3655 3274 quoniam'principium

383 3295 633 3358 fervere
690 3293 875 3370 solet,
932 3291 1344 3374 exploremus
1403 3310 1601 3375 quam
1658 3292 1853 3357 fuerit
1883 3291 2065 3356 initio
2101 3292 2351 3355 fervens
2393 3297 2456 3355 et
2502 3290 2798 3373 diligens,
2832 3307 2912 3354 ex
2942 3289 3164 3354 multis
3196 3296 3413 3354 tamen
3440 3307 3656 3372 pauca

385 3392 851 3474 decerpentes,
887 3407 971 3453 ne
1019 3408 1057 3453 a
1085 3389 1537 3471 Theophylacti
1568 3391 1878 3473 praeclaro
1927 3408 2121 3472 opere
2170 3389 2412 3461 diutius
2443 3387 2748 3453 retardati
2792 3388 3312 3472 praestandorum
3335 3388 3658 3471 jacturam

384 3490 727 3554 faciamus.
763 3490 995 3554 Noster
1021 3487 1199 3551 enim
1225 3488 1734 3570 TheOphylactus
1766 3488 2036 3571 pulchre
2064 3489 2491 3554 Horatianum
2520 3488 2683 3552 illud
2714 3488 2944 3566 vitans,
2995 3491 3217 3552 Breuis
3247 3506 3365 3551 esse
3420 3488 3657 3579 laboro,

390 3590 675 3649 obscurus
703 3588 788 3669 fio
833 3607 858 3649 :
906 3585 1416 3650 mediocritatem
1449 3586 1605 3650 scite
1648 3605 1847 3669 usque
1901 3588 2061 3652 adeo
2095 3586 2435 3669 amplexus
2485 3592 2600 3663 est,
2655 3593 2729 3650 ut
2760 3586 3102 3668 perspicue
3133 3584 3452 3662 docendo,
3487 3591 3550 3649 et
3583 3601 3662 3647 ex

400 3684 689 3767 probatis
724 3684 1099 3751 auctoribus
1128 3685 1371 3768 optima
1402 3703 1673 3768 queeque
1711 3685 1983 3769 apiculae
2014 3703 2195 3749 more
2224 3683 2578 3765 seligendo,
2612 3682 2979 3765 prolixitate
3008 3701 3141 3747 non
3191 3682 3273 3746 sit
3324 3682 3654 3771 molestus.

408 3782 539 3847 Sed
568 3798 633 3848 ut
679 3792 736 3849 et
759 3803 880 3850 nos
929 3783 1296 3849 molestiam
1322 3784 1514 3849 istam
1542 3784 1837 3862 vitemus,
1894 3801 2096 3866 pauca
2151 3782 2267 3846 illa
2312 3781 2554 3863 accipe.
2610 3782 2685 3845 In
2713 3780 2852 3862 ipsa
2894 3781 3111 3844 statim
3162 3779 3375 3861 operis
3427 3780 3657 3862 praefa-

413 3882 603 3959 tione,
635 3882 743 3947 ubi
788 3884 868 3948 de
919 3882 1351 3965 Epistolarum
1399 3882 1628 3948 ordine
1675 3882 2188 3966 Theophylactus
2218 3881 2497 3956 disserit,
2551 3897 2627 3944 ac
2679 3878 2966 3944 declarat
3012 3877 3365 3961 Epistolam
3394 3877 3477 3942 ad
3527 3880 3658 3942 Ro-

412 3999 633 4046 manos
660 4000 792 4046 non
821 3989 1159 4065 prOpterea
1204 3983 1419 4066 primo
1467 3981 1611 4046 loco
1642 3981 1967 4058 collocari,
2003 3980 2177 4065 quod
2208 3987 2356 4044 ante
2386 3979 2547 4044 alias
2580 3996 2808 4043 omnes
2838 3977 3082 4060 scripta
3122 3976 3338 4055 fuerit,
3371 3975 3455 4040 ad
3484 3975 3661 4041 hunc

404 4081 678 4146 modum
708 4088 983 4145 verterat
1009 4081 1357 4145 Lonicerus
1388 4101 1403 4146 :
1441 4104 1471 4141 α
1498 4080 2036 4163 Quandoquidem
2063 4080 2147 4145 ad
2176 4078 2566 4154 Corinthios,
2603 4087 2742 4142 tum
2773 4075 2856 4140 ad
2882 4074 3479 4140 Thessalonicenses
3505 4093 3657 4153 una,

395 4180 468 4245 in
498 4198 629 4263 qua
654 4179 734 4243 de
777 4178 1134 4243 ministerio
1166 4177 1607 4262 Hierosolyma
1635 4179 2128 4245 transmittendo
2179 4196 2407 4244 omnes
2463 4177 2638 4261 ipsos
2690 4174 2937 4241 occulte
2967 4174 3232 4259 quidem
3276 4192 3656 4240 commone-

396 4280 575 4355 facit,
613 4279 783 4342 hanc
815 4277 1257 4361 praecesserint
1289 4296 1308 4341 :
1343 4300 1374 4338 ι
1407 4296 1562 4342 cum
1608 4278 1679 4342 in
1711 4278 1947 4343 Graecis
1974 4279 2079 4342 hic
2105 4277 2187 4342 sit
2216 4294 2439 4341 sensus
2469 4295 2483 4340 :
2510 4273 3047 4357 Quandoquidem
3095 4274 3266 4340 hanc
3299 4272 3665 4357 praecedant

396 4379 544 4443 duae
576 4396 721 4462 quae
750 4377 832 4441 ad
861 4376 1224 4441 Corinthios
1251 4385 1402 4442 sunt
1429 4377 1642 4440 missae
1678 4393 1693 4441 :
1729 4376 1888 4459 quin
1916 4385 1979 4442 et
2005 4378 2120 4442 has
2152 4375 2458 4460 przecedit
2485 4394 2560 4439 ea
2606 4392 2750 4458 quze
2783 4381 2881 4439 est
2913 4374 2996 4439 ad
3024 4373 3658 4451 Thessalonicenses;

397 4478 471 4542 in
503 4496 661 4560 qua,
694 4484 815 4542 etc.
846 4476 1062 4553 Vides,
1096 4475 1372 4540 candide
1400 4477 1651 4553 Lector,
1686 4476 1858 4557 quod
1889 4474 1971 4539 ad
1998 4473 2435 4557 Epistolarum
2466 4471 2765 4536 ordinem
2814 4471 3060 4549 attinet,
3107 4471 3218 4535 hic
3262 4470 3481 4535 doceri
3515 4487 3665 4534 eam

394 4594 545 4659 quae
569 4574 653 4639 ad
682 4574 1276 4639 Thessalonicenses
1304 4574 1548 4657 scripta
1574 4573 1790 4650 fuerit,
1839 4591 1944 4637 eas
1974 4571 2339 4656 praecedere
2391 4588 2533 4654 quae
2557 4570 2640 4634 ad
2683 4569 3051 4635 Corinthios
3102 4568 3345 4634 fuerint
3377 4567 3591 4632 missae
3644 4583 3662 4631 :

395 4692 531 4758 qua
576 4674 646 4738 in
676 4673 992 4737 sententia
1034 4680 1129 4737 est
1153 4672 1666 4755 Chrysostomus,
1700 4672 1874 4754 quod
1919 4672 2269 4736 Lonicerus
2299 4669 2490 4753 plane
2518 4676 2824 4734 tacuerat.
2881 4669 3104 4733 Graeca
3147 4674 3367 4732 autem
3421 4667 3514 4731 sic
3544 4664 3667 4729 ha-

396 4773 560 4837 bent
615 4790 631 4837 :
698 4774 808 4836 Ka't
840 4773 949 4855 γὰρ
998 4772 1104 4854 πρὸ
1141 4774 1304 4845 animi;
1336 4773 1467 4832 εἰσιν
1517 4774 1575 4831 αἱ
1600 4770 1732 4855 πρὸς
1776 4770 2081 4851 Κορινθίους
2129 4770 2240 4830 δύο·
2292 4768 2387 4829 καὶ
2453 4767 2561 4851 πρὸ
2592 4767 2793 4829 τούτων
2842 4758 2912 4827 αὗ
2952 4770 2989 4840 ἡ
3039 4765 3172 4849 πρὸς
3215 4767 3656 4844 Θεσσαλονικεῖς,

399 4875 458 4934 ἐν
485 4864 604 4953 ᾗ...
652 4871 777 4936 Sed
818 4871 899 4936 ad
947 4878 1140 4952 caput
1165 4870 1457 4953 primum
1510 4869 1866 4947 veniamus,
1916 4876 1979 4932 et
2024 4886 2059 4932 e
2087 4868 2309 4932 multis
2340 4884 2544 4950 pauca
2596 4865 3134 4949 perstringamus.
3178 4865 3253 4929 In
3281 4882 3434 4931 eum
3485 4862 3669 4930 Pauli

401 4970 627 5036 locum
657 4969 867 5053 quiin
897 4968 1121 5051 capitis
1169 4975 1262 5032 est
1300 4968 1487 5032 initio
1522 4985 1537 5029 :
1572 4971 1663 5031 De
1714 4968 1871 5030 Filio
1899 4986 2006 5028 suo
2033 4969 2144 5049 qui
2186 4974 2364 5030 natus
2410 4972 2499 5029 est
2546 4984 2630 5030 ea:
2674 4970 2898 5029 semine
2923 4966 3156 5043 David,
3214 4984 3367 5031 cum
3416 4964 3495 5030 de
3548 4964 3669 5029 du-

401 5067 562 5152 plici
612 5067 1032 5151 generatione
1084 5065 1316 5131 Christi
1350 5073 1568 5148 ageret
1596 5063 2130 5146 'l‘heophylactus,
2180 5065 2397 5130 divina
2423 5072 2486 5130 et
2534 5065 2848 5144 humana,
2903 5066 2993 5130 ita
3021 5064 3337 5148 scriptum
3390 5065 3598 5129 fuerat
3648 5082 3665 5129 :

405 5193 437 5228 α
491 5168 812 5244 Quocirca
854 5184 992 5231 non
1041 5165 1122 5231 de
1166 5166 1274 5231 vili
1324 5164 1635 5247 exiguove
1700 5163 1968 5228 homine
2016 5164 2433 5246 Evangelium
2480 5164 2605 5229 hoc
2653 5171 2770 5241 est,
2835 5181 2993 5229 nam
3039 5164 3119 5228 de
3166 5163 3326 5227 Filio
3371 5161 3486 5225 Dei
3534 5167 3665 5240 est;

398 5288 524 5335 nec
577 5268 658 5333 de
709 5268 946 5349 exiguo
975 5268 1126 5343 Deo,
1176 5286 1330 5331 nam
1363 5265 1442 5329 de
1473 5272 1620 5329 nato
1652 5281 1731 5329 ex
1759 5261 2073 5346 sanguine
2100 5262 2353 5327 Davidis
2382 5261 2743 5327 secundum
2775 5279 3061 5327 carnem.
3098 5284 3131 5319 an
3181 5260 3500 5324 Hactenus
3544 5260 3668 5323 Lo-

398 5368 607 5434 niceri
642 5367 858 5432 verba.
892 5364 1084 5429 Vides
1120 5383 1312 5449 quam
1362 5364 1577 5445 inepte
1610 5363 1868 5445 colligat
1914 5361 2147 5425 Filium
2182 5361 2294 5425 Dei
2347 5379 2480 5427 non
2509 5379 2646 5425 esse
2692 5360 3001 5442 exiguum
3048 5362 3275 5434 Deum,
3331 5364 3672 5439 propterea

403 5468 577 5551 quod
608 5475 802 5532 natus
830 5465 915 5528 sit
942 5482 1019 5528 ex
1050 5464 1364 5548 sanguine
1413 5462 1667 5527 Davidis
1711 5459 2067 5526 secundum
2119 5478 2407 5541 carnem,
2459 5478 2612 5525 cum
2658 5460 2794 5541 ipse
2819 5458 3052 5522 Paulus
3099 5455 3179 5521 de
3224 5454 3670 5520 incarnatione

406 5567 485 5632 ad
522 5566 971 5651 Philippenses
1000 5562 1310 5643 scribens,
1345 5562 1537 5643 longe
1565 5561 1752 5626 aliter
1782 5559 1952 5623 dicat
2003 5574 2019 5619 :
2057 5558 2431 5620 Exinanivit
2473 5561 2879 5638 semetipsum,
2928 5561 3078 5634 etc.,
3124 5559 3188 5618 et
3235 5554 3428 5637 paulo
3476 5561 3665 5638 post:

406 5667 769 5733 Humiliavit
813 5669 1223 5745 semetipsum.
1284 5660 1470 5736 Quod
1512 5660 1728 5744 itaque
1754 5657 2257 5742 Theophylactus
2300 5662 2493 5738 negat
2518 5655 2941 5737 Evangelium
2982 5654 3109 5719 hoc
3163 5671 3299 5718 esse
3351 5654 3477 5735 περὶ
3508 5657 3668 5737 ψιλοῦ

406 5769 563 5847 Θεοῦ,
598 5776 660 5835 et
691 5764 895 5852 paulo
925 5768 1074 5827 ante
1101 5760 1224 5842 περὶ
1262 5763 1419 5842 ψιλοῦ
1462 5757 1766 5841 ἀνθρώπου,
1798 5775 1932 5823 non
1961 5774 2036 5820 ert

2031 5763 2097 5821 at
2124 5754 2529 5832 vertendum,
2565 5775 2598 5810 α
2642 5753 2732 5816 De
2760 5753 2995 5836 exiguo
3045 5752 3176 5817 sive
3208 5768 3401 5835 parvo
3440 5753 3595 5829 Deo,
3632 5774 3661 5811 ι

401 5886 627 5955 neque,
661 5848 712 5927 α’
728 5867 827 5931 De
862 5861 972 5925 vili
1005 5860 1317 5944 exiguove
1353 5855 1645 5938 homine,
1680 5879 1711 5918 ι
1742 5856 1876 5939 sed,
1903 5857 1993 5922 De
2020 5875 2208 5934 mero,
2257 5853 2435 5921 nudo
2466 5860 2531 5920 et
2554 5851 2836 5934 simplici
2863 5854 2992 5919 Deo
3020 5858 3133 5918 aut
3156 5850 3453 5928 homine;
3484 5857 3558 5913 ut
3584 5848 3667 5912 sit
