4128 6440
442 283 548 337 323
1209 272 1301 332 AD
1338 269 1858 331 THEOPHYLACTI
1896 265 2393 329 EXPOSITIONEM
2432 273 2514 329 IN.
2538 267 2601 329 D.
2641 270 2930 329 PAULUM.
3579 266 3683 324 324

431 419 704 468 sensus:
751 400 1170 483 Evangelium
1215 399 1340 464 hoc
1367 417 1499 464 non
1547 417 1684 463 esse
1713 398 1792 463 de
1840 415 1916 462 eo
1969 397 2080 480 qui
2125 401 2375 462 tantum
2405 398 2486 461 sit
2534 397 2756 477 homo,
2807 404 2916 461 aut
2968 401 3218 460 tantum
3277 394 3506 469 Deum,
3559 391 3671 456 sed

430 503 540 586 qui
568 501 743 566 idem
773 509 835 565 et
868 502 1034 564 Deus
1065 499 1143 564 sit
1173 506 1234 564 et
1262 499 1484 563 homo.
1532 497 1775 562 Eodem
1822 496 2036 579 primo
2082 515 2226 578 cap.
2257 496 2372 574 ibi,
2427 498 2548 560 Cui
2573 502 2767 560 servio
2817 501 2883 559 in
2908 499 3126 577 spiritu
3171 514 3302 557 meo
3345 499 3409 555 in
3459 494 3675 555 Evan-

425 603 606 684 gelia,
642 607 762 664 etc.
798 599 889 664 sic
920 599 1097 681 prius
1125 598 1480 662 habebatur
1513 615 1528 662 :
1568 621 1600 655 α
1655 597 1817 660 Nam
1869 596 2186 660 servitutis
2233 597 2560 680 Evangelii
2589 603 2855 662 conatus
2895 614 3154 662 necesse
3185 595 3400 672 habet,
3440 615 3471 654 ›)
3509 599 3667 670 etc.;

426 718 546 766 nos
572 717 721 764 vero
751 697 985 762 clarius
1016 697 1098 762 ad
1126 697 1302 762 hunc
1353 697 1624 761 modum
1676 714 1692 760 :
1739 717 1769 754 α
1801 694 1915 759 Cui
1965 695 2144 759 enim
2194 695 2520 778 Evangelii
2556 695 2986 760 annuntiandi
3035 695 3304 759 servitus
3346 698 3441 756 est
3484 709 3667 755 com-

427 801 643 881 missa,
678 799 776 864 illi
804 816 1064 863 necesse
1091 803 1184 862 cst
1213 805 1304 880 ut,
1345 820 1374 858 »
1408 805 1528 862 etc.
1582 797 1659 860 Et
1689 795 1758 859 in
1804 796 2022 859 Glossa
2050 796 2338 877 sequenti
2374 796 2486 859 ubi
2517 796 2605 859 ait
2639 815 2654 861 :
2693 818 2723 854 ac
2752 795 2944 876 Atqui
2975 795 3051 858 D.
3099 793 3336 858 Paulus
3363 791 3524 856 dum
3572 808 3675 854 as-

427 899 608 965 sidue
630 904 769 963 orat
813 905 1122 980 tanquam
1163 896 1420 961 vidisset
1461 915 1571 961 eos
1607 919 1664 973 »,
1715 902 1862 972 etc.;
1903 895 2112 978 potius
2156 893 2370 958 dicere
2424 894 2685 972 debuit,
2749 918 2779 954 α
2831 896 3149 958 Caeterum
3203 892 3378 976 quod
3433 891 3673 956 Paulus

427 997 829 1065 continenter
858 995 1079 1060 orabat
1127 1000 1201 1058 ut
1237 1013 1346 1059 eos
1376 993 1636 1071 videret,
1680 993 1812 1057 sive
1846 993 2060 1057 videre
2103 993 2524 1075 contingeret,
2568 1013 2645 1057 ex
2680 994 2945 1058 ferventi
2979 993 3102 1058 hoc
3135 992 3445 1057 charitate
3478 991 3670 1055 facie-

425 1096 563 1176 bat;
596 1120 628 1156 ι
662 1104 723 1160 et
750 1094 944 1177 paulo
998 1101 1162 1176 post,
1197 1094 1311 1158 ubi
1355 1094 1649 1158 hortatur
1697 1099 1770 1156 ut
1803 1098 2163 1156 constantes
2192 1091 2395 1155 simus
2439 1091 2506 1154 in
2543 1091 2941 1156 orationibus
2970 1090 3228 1168 nostris,
3263 1089 3354 1154 sic
3385 1088 3670 1154 habeba-

427 1203 534 1260 tur
567 1214 583 1260 :
642 1219 676 1252 α
718 1194 934 1276 Neque
963 1194 1141 1257 enim
1190 1191 1385 1256 Paulo
1415 1209 1638 1256 sumus
1692 1191 1993 1272 potiores,
2027 1191 2140 1273 qui
2190 1209 2306 1274 pro
2354 1208 2546 1255 cruce
2579 1191 2774 1255 etiam
2803 1209 2919 1256 sua
2949 1188 3340 1255 removenda
3364 1195 3664 1272 precatus

428 1300 542 1358 est.
589 1317 621 1351 ι)
658 1293 874 1356 Grtece
901 1297 1119 1355 autem
1171 1291 1262 1354 sic
1296 1310 1310 1355 ξ
1337 1293 1418 1352 Οὖ
1447 1290 1552 1371 γάρ
1580 1293 1742 1369 ἐσμεν
1771 1288 1991 1352 Παύλου

2041 1291 2297 1372 βελτίους,
2331 1289 2385 1360 ὃς
2432 1292 2526 1352 καὶ
2553 1291 2688 1375 ὑπὲρ
2736 1299 2829 1354 τοῦ
2876 1292 3137 1360 σκόλοπος
3192 1291 3303 1373 τρὶς
3347 1289 3437 1350 τὸν
3470 1291 3665 1370 Κύριον

425 1393 781 1476 παρεκάλεσε,
810 1392 935 1456 hoc
983 1399 1095 1467 est,
1137 1415 1165 1450 cr
1197 1391 1414 1473 Neque
1443 1390 1620 1454 enim
1666 1391 1862 1455 Paulo
1923 1407 2147 1454 sumus
2195 1389 2517 1468 meliores,
2566 1389 2678 1472 qui
2715 1409 2828 1472 pro
2863 1389 3122 1454 stimulo
3168 1396 3265 1453 ter
3316 1387 3668 1452 Dominum

423 1499 716 1574 precatus
738 1496 854 1568 est,
907 1513 936 1549 ι
971 1489 1086 1552 ubi
1113 1488 1460 1553 dictionem
1510 1495 1604 1552 ter
1631 1489 1866 1566 omisit,
1901 1507 2045 1572 quae
2073 1487 2479 1570 potissimum
2510 1487 2591 1551 ad
2622 1488 2928 1552 orationis
2956 1488 3386 1552 constantiam
3430 1493 3493 1552 et
3523 1504 3665 1568 per-

423 1589 850 1656 severantiam
905 1588 1291 1672 pertinebat;
1327 1596 1388 1652 et
1429 1606 1693 1652 crucem
1724 1589 1921 1652 etiam
1953 1605 2053 1667 prc

2039 1605 2067 1650 ο
2096 1585 2356 1650 stimulo
2411 1585 2642 1668 posuit.
2692 1587 2770 1649 Et
2825 1604 2999 1664 mox,
3046 1585 3136 1647 ἐπὶ
3182 1590 3249 1668 τῇ
3299 1589 3395 1658 τῆς
3443 1585 3669 1654 πίστεως

421 1691 680 1764 ἐπιδόσει,
727 1687 936 1765 vertit,
978 1711 1009 1749 α
1036 1689 1205 1768 Erga
1242 1687 1392 1751 ﬁdei
1445 1688 2130 1761 communicationem,
2158 1708 2188 1745 n
2225 1703 2403 1765 cum,
2458 1708 2490 1742 αι
2520 1685 2604 1748 ob
2646 1684 2796 1748 ﬁdei
2852 1685 3350 1760 incrementum,
3391 1705 3420 1742 ι
3456 1683 3668 1764 potius

421 1787 794 1851 vertendum
826 1791 1008 1850 esset.
1058 1785 1304 1849 Eodem
1355 1785 1564 1867 primo
1611 1785 1838 1869 capite,
1890 1787 1958 1850 in
2004 1785 2187 1860 illud,
2226 1786 2747 1862 Quemadmodum
2777 1791 2835 1847 et
2875 1790 2942 1847 in
2970 1785 3215 1865 reliquis
3244 1783 3543 1864 gentibus,
3580 1784 3668 1847 ita

418 1887 758 1968 scripserat
783 1904 797 1950 :
826 1909 854 1944 α
870 1883 1288 1949 Committens
1304 1892 1521 1949 autem
1544 1885 1740 1968 ipsos,
1759 1886 1990 1968 inquit,
2010 1882 2568 1968 quemadmodum
2589 1890 2650 1948 et
2669 1884 2737 1947 in
2757 1883 3018 1966 reliquis
3039 1882 3357 1965 gentibus.
3375 1906 3408 1940 τ)
3437 1883 3668 1943 Συστέλ-

416 1985 525 2045 λων
580 1985 635 2044 δὲ
686 1983 780 2046 καὶ
849 1981 1060 2061 αὐτοὺς,
1111 1982 1266 2065 φησὶ,
1324 1982 1518 2060 καθώς,
1563 1990 1711 2062 etc.,
1757 1984 1884 2048 hoc
1936 1991 2046 2061 est,

2037 2033 2048 2061 ,
2107 2007 2137 2044 α
2199 1982 2469 2047 Illorum
2534 1989 2754 2047 autem
2826 1983 3062 2046 fastum
3123 1983 3318 2046 etiam
3390 1982 3667 2065 compri-

417 2101 624 2161 mens,
701 2083 935 2165 inquit,
991 2080 1567 2164 quemadmodum,
1644 2105 1673 2142 »
1729 2089 1852 2147 etc.
1902 2081 2084 2156 Quod
2135 2081 2313 2146 enim
2363 2081 2454 2145 sic
2502 2081 2781 2164 intelligi
2834 2079 3082 2158 debeat,
3137 2081 3289 2145 satis
3339 2080 3667 2145 declarant

417 2181 770 2265 sequentia.
823 2181 1067 2245 Eodem
1125 2181 1352 2264 capite,
1403 2181 1518 2245 ubi
1590 2181 1863 2264 explicat
1927 2181 2145 2245 locum
2210 2180 2441 2245 Pauli:
2506 2182 2795 2244 Tradidit
2850 2200 2947 2243 eos
2995 2188 3059 2244 in
3109 2179 3429 2260 desideria,
3513 2187 3662 2256 etc.,

417 2281 508 2345 ibi
581 2279 1090 2362 Theophylactus
1156 2287 1357 2360 notat,
1414 2282 1608 2342 tradit
1661 2280 1811 2357 dici,
1864 2299 1982 2363 pro
2055 2281 2280 2344 deserit
2359 2298 2492 2356 eos,
2556 2286 2619 2344 et
2691 2285 3010 2363 permittit.
3089 2279 3438 2344 Lonicerus
3518 2297 3667 2345 vero

416 2399 535 2464 pro
579 2381 672 2441 καὶ
745 2381 832 2462 ἐᾷ,
894 2379 962 2442 id
1019 2387 1113 2443 est
1183 2388 1238 2442 et
1299 2381 1625 2461 permittit,
1694 2386 2016 2462 posuerat,
2069 2387 2255 2442 amice
2329 2399 2353 2442 .·
2422 2379 2616 2460 idque
2667 2379 2929 2443 fortasse
2975 2379 3058 2443 ob
3112 2378 3444 2460 scripturae
3506 2377 3671 2441 diffi-

415 2479 748 2556 cultatem;
803 2477 969 2541 mire
1014 2477 1190 2541 enim
1235 2477 1447 2542 scriba
1491 2503 1515 2539 ι
1560 2496 1714 2542 cum
1754 2502 1788 2536 α
1835 2477 2085 2543 calamo
2120 2478 2317 2544 veluti
2369 2478 2737 2542 luxuriante
2770 2478 3216 2560 conjunxerat,
3250 2476 3523 2560 ideoque
3573 2478 3666 2541 in-

415 2582 657 2659 terpres
686 2575 767 2640 ad
795 2576 965 2653 ὠτάν,
999 2594 1114 2658 pro
1147 2566 1190 2636 ὦ
1225 2577 1346 2638 ἐτάν
1377 2576 1540 2641 forte
1568 2576 1867 2659 respexit.
1900 2577 2060 2643 Item
2102 2579 2294 2661 paulo
2339 2585 2485 2660 post
2514 2595 2665 2641 cum
2707 2577 3034 2642 declarant
3059 2577 3229 2660 quod
3258 2576 3398 2640 aliis
3430 2575 3666 2659 impel-

411 2674 692 2738 lentibus
741 2693 872 2739 non
903 2673 1250 2738 habuerint
1279 2692 1442 2756 opus
1491 2691 1507 2738 :
1562 2696 1595 2732 ¢
1644 2675 1765 2740 Sed
1822 2675 1965 2757 ipsi,
2012 2677 2242 2759 inquit,
2296 2694 2364 2739 se
2406 2675 2804 2740 contumelia
2850 2676 3228 2740 affecerunt.
3279 2674 3670 2758 Hujusmodi

415 2775 590 2838 enim
616 2782 765 2838 sunt
792 2774 1035 2857 impuri
1062 2773 1154 2836 illi
1187 2773 1484 2852 affectus;
1520 2797 1550 2833 »
1580 2773 1694 2836 ubi
1736 2774 1926 2856 longe
1955 2773 2083 2838 alia
2113 2774 2292 2855 prius
2316 2773 2678 2864 habebatur
2703 2775 3042 2853 sententia,
3071 2781 3143 2838 ut
3171 2775 3365 2840 etiam
3407 2774 3475 2838 in
3510 2791 3662 2839 mox

414 2870 848 2953 sequentibus,
894 2871 1007 2945 ibi,
1054 2871 1232 2932 Sicut
1261 2889 1381 2933 non
1424 2873 1844 2952 probaverunt
1870 2875 2068 2936 Deum
2096 2875 2313 2937 habere
2341 2881 2408 2938 in
2438 2879 2708 2951 notitia;
2737 2873 2851 2938 ubi
2888 2874 3397 2958 Theophylactus
3445 2892 3461 2939 :
3508 2896 3537 2933 α
3567 2876 3667 2938 ln-

408 2969 601 3052 juria,
656 2969 886 3051 inquit,
935 2987 1059 3051 qua
1107 2970 1311 3032 Deum
1362 2969 1735 3047 affecerunt,
1787 2989 1922 3034 non
1967 2989 2045 3035 ex
2090 2971 2455 3054 ignorantia
2498 2972 2832 3054 processit,
2883 2972 2992 3036 sed
3054 2992 3092 3036 a
3139 2971 3555 3037 meditatione
3603 2981 3667 3038 et

414 3068 650 3146 studio,
701 3090 730 3126 ι
786 3068 883 3131 uti
927 3086 1043 3131 nos
1086 3067 1503 3131 restituimus.
1530 3067 1649 3141 Qui
1697 3067 1886 3150 plura
1926 3069 2091 3133 volet
2128 3070 2197 3133 in
2237 3070 2362 3135 hoc
2405 3070 2632 3135 eodem
2677 3071 2890 3153 primo
2936 3071 3142 3154 capite
3178 3071 3518 3136 emendata
3545 3089 3663 3136 no-

411 3176 568 3243 tare,
605 3166 672 3230 id
725 3185 803 3231 ex
829 3165 1166 3248 utriusque
1213 3167 1551 3230 collatione
1583 3167 1772 3230 facile
1803 3167 2056 3249 poterit.
2099 3169 2227 3233 Nec
2260 3168 2326 3233 id
2364 3177 2580 3233 tamen
2611 3167 2780 3248 dico,
2814 3176 2885 3233 ut
2932 3169 3244 3233 Lonicero
3275 3169 3610 3234 detraham
3640 3187 3654 3232 :

411 3264 774 3347 plurimum
807 3264 980 3327 enim
1028 3263 1121 3326 illi
1164 3263 1399 3328 debere
1441 3283 1546 3328 me
1595 3265 1874 3347 ingenue
1921 3265 2172 3332 fateor:
2217 3267 2343 3331 nisi
2384 3268 2563 3331 enim
2605 3267 2804 3348 ipsius
2848 3266 3142 3330 versione
3186 3266 3452 3330 fuissem
3479 3265 3658 3349 adju-

410 3368 537 3441 tus,
572 3361 747 3425 haud
775 3361 960 3425 facile
1010 3362 1330 3444 plerisque
1361 3363 1428 3426 in
1473 3362 1630 3426 locis
1661 3368 2050 3444 pervetustos
2078 3364 2479 3429 characteres
2503 3365 2930 3448 agnovissem,
2978 3371 3050 3428 ut
3092 3363 3348 3427 interim
3397 3363 3475 3427 de
3501 3364 3666 3444 ipso-

413 3479 562 3524 rum
593 3461 799 3542 ﬁgura
851 3458 1014 3522 mihi
1060 3459 1324 3542 quidem
1354 3460 1603 3526 insueta
1646 3461 1902 3540 sileam;
1955 3463 2067 3527 sed
2099 3482 2182 3528 ne
2228 3463 2519 3539 studiosi,
2567 3471 2638 3526 ut
2689 3463 2993 3538 diximus,
3047 3462 3099 3526 si
3131 3471 3241 3527 aut
3271 3481 3494 3544 pauca,
3552 3469 3663 3526 aut

412 3558 654 3622 nullius
708 3558 1022 3622 momenti
1083 3557 1223 3622 loca
1293 3558 1399 3622 hic
1458 3561 1798 3625 emendata
1863 3561 2057 3626 fuiSse
2106 3569 2351 3644 putent,
2384 3579 2460 3625 eo
2502 3562 2719 3625 fructu
2765 3562 3120 3642 priventur,
3156 3580 3352 3643 quem
3409 3580 3487 3625 ex
3533 3561 3655 3627 hac

409 3655 846 3739 recognitione
878 3655 1048 3739 ipsos
1077 3654 1168 3716 σὺν
1200 3657 1327 3737 Θεῷ
1360 3665 1820 3722 consecuturos
1864 3678 2216 3742 speramus.
2251 3661 2412 3724 Sunt
2440 3660 2706 3724 fortasse
2737 3660 3052 3723 nonnulla
3081 3677 3223 3742 quae
3257 3660 3659 3743 typographo

409 3752 622 3834 potius
669 3771 862 3835 quam
894 3751 1229 3834 interpreti
1258 3753 1640 3818 ascribenda
1669 3761 1838 3832 sunt,
1873 3763 1946 3820 ut
1975 3757 2146 3840 quod
2179 3760 2490 3821 Christum
2543 3776 2660 3840 pro
2709 3776 2939 3820 crucem
2970 3765 3399 3839 expresserat;
3433 3759 3544 3821 sed
3581 3777 3664 3823 ne

410 3851 740 3916 fastidium
772 3853 1046 3934 pariam,
1082 3870 1156 3916 ea
1187 3871 1340 3916 cum
1385 3853 1707 3936 plerisque
1757 3855 1901 3920 aliis
1935 3863 2244 3936 praetereo
2302 3875 2318 3920 :
2375 3855 2650 3938 ideoque
2680 3874 2757 3919 ex
2809 3855 2953 3919 aliis
2987 3855 3304 3937 capitibus
3357 3855 3666 3936 pauciora

407 3949 538 4014 huc
566 3951 1018 4039 transcribam.
1054 3951 1269 4032 Capite
1301 3951 1584 4016 secundo
1616 3952 1684 4016 in
1714 3952 1878 4016 illud
1909 3953 2109 4031 Pauli,
2147 3955 2264 4031 Qui
2303 3959 2500 4038 igitur
2553 3956 2747 4017 alium
2780 3958 2974 4032 doces,
3009 3956 3260 4037 teipsum
3303 3974 3427 4018 non
3475 3955 3664 4032 doces,

407 4048 501 4112 ibi
533 4067 549 4112 :
590 4072 618 4108 α
653 4049 720 4113 Si
748 4068 1032 4132 namque
1057 4057 1302 4131 gentes,
1342 4072 1371 4109 no
1405 4058 1526 4115 etc.
1576 4050 1862 4115 multum
1896 4051 1976 4116 ab
2020 4053 2301 4118 auctoris
2332 4059 2548 4118 mente
2576 4054 2875 4118 aberrare
2904 4053 3176 4131 videtur,
3209 4062 3270 4118 et
3297 4054 3488 4137 paulo
3518 4063 3666 4119 ante

408 4146 666 4228 negatio
696 4165 831 4211 non
864 4149 1066 4211 fuerat
1095 4148 1364 4226 omissa;
1399 4156 1461 4212 et
1509 4148 1579 4213 in
1609 4149 1818 4231 glossa
1865 4152 2177 4234 sequenti,
2211 4159 2352 4234 post
2380 4152 2500 4217 ista
2528 4153 2745 4233 verba,
2775 4157 2890 4218 Sin
2916 4159 3136 4233 minus,
3185 4154 3306 4217 ista
3335 4153 3664 4218 desidera-

407 4243 647 4308 bantur
678 4263 694 4308 :
727 4248 866 4308 Non
898 4248 1085 4324 dixit,
1122 4248 1256 4310 Non
1276 4249 1553 4329 prodest,
1588 4267 1661 4310 ne
1688 4253 1885 4331 ipsam
1911 4253 2277 4314 contumelia
2305 4249 2553 4334 afﬁcere
2584 4255 2894 4331 videatur,
2917 4252 3028 4315 sed
3041 4253 3320 4315 Judaeum
3344 4272 3415 4316 ea
3443 4254 3662 4330 nudat,

408 4343 611 4405 dicens
632 4363 653 4405 :
688 4365 718 4403 (ι
751 4343 1163 4422 Circumeisio,
1201 4367 1229 4404 »
1261 4351 1410 4422 etc.,
1443 4352 1505 4410 et
1534 4364 1686 4410 mox
1716 4346 1826 4411 ubi
1858 4347 1987 4412 duo
2019 4351 2332 4433 praeputia
2361 4351 2696 4434 posuisset,
2730 4369 2937 4416 unum
2970 4351 3331 4416 secundum
3363 4369 3654 4426 carnem,

406 4441 688 4508 alterum
717 4442 1079 4507 secundum
1131 4443 1432 4525 spiritum
1481 4445 1614 4508 sive
1641 4445 2060 4525 voluntatem,
2115 4449 2196 4513 de
2241 4450 2367 4515 hoc
2419 4450 2771 4532 posteriore
2819 4451 3112 4533 loquens,
3176 4451 3267 4515 sic
3296 4450 3666 4516 reddiderat

405 4541 757 4606 Lonicerus
807 4559 824 4606 :
878 4564 907 4600 α
941 4542 1093 4615 Quae
1123 4561 1258 4607 sese
1284 4543 1525 4608 habent
1556 4545 1648 4608 uti
1680 4555 2262 4614 commemoratum
2291 4557 2404 4627 est,
2444 4549 2704 4632 quando
2731 4549 2893 4613 nihil
2919 4549 3283 4614 carnalium
3321 4549 3664 4633 quisquam

405 4640 758 4706 affectuum
788 4641 1152 4720 habuerint,
1205 4651 1276 4706 ut
1322 4644 1435 4724 qui
1486 4643 1614 4707 sint
1641 4644 1858 4708 ablati.
1895 4668 1923 4704 ω
1973 4649 2035 4712 G1

2032 4665 2194 4712 raeca
2243 4667 2388 4713 vero
2419 4649 2511 4713 sic
2559 4648 2801 4714 habent
2851 4668 2865 4714 :
2917 4647 3080 4718 Ἥτις
3126 4650 3293 4730 ἐστὶν,
3322 4653 3392 4718 ὡς
3436 4647 3662 4731 εἴρηται,

405 4739 533 4800 ὅταν
574 4763 649 4808 τις
692 4740 856 4820 μηδὲν
888 4740 1003 4822 ἔχει
1047 4746 1152 4802 τῶν
1183 4745 1453 4824 σαρκικῶν
1485 4748 1667 4805 παθῶν
1695 4745 2110 4828 περιῃρημένον.
2142 4748 2256 4812 ubi
2287 4748 2483 4812 ᾶίοῑίο
2525 4747 2665 4828 ἥτις,
2710 4748 2906 4812 refert
2955 4749 3316 4830 ἀκροϐυστίαν
3364 4751 3424 4808 ἐκ
3468 4772 3666 4829 προαι-

409 4838 624 4922 ρέσεως,
673 4857 818 4922 qua:
847 4857 966 4904 nos
1013 4839 1102 4904 sic
1150 4841 1572 4918 restituimus,
1625 4843 1801 4925 quod
1835 4845 2100 4928 quidem
2146 4855 2260 4925 est,
2304 4853 2375 4911 ut
2405 4847 2652 4912 dictum
2683 4856 2798 4924 est,
2832 4848 3089 4931 quando
3130 4848 3273 4930 quis
3303 4847 3664 4913 carnalium

406 4939 756 5003 affectuum
785 4939 1040 5003 nullum
1071 4939 1262 5004 habet
1293 4940 1754 5028 circumcisum
1781 4950 1892 5008 aut
1941 4953 2377 5029 amputatum;
2414 4965 2557 5030 quae
2590 4948 2904 5012 sententia
2933 4948 3096 5012 belle
3123 4947 3279 5012 huic
3315 4947 3457 5012 loco
3503 4965 3666 5011 con-

406 5039 599 5116 venit,
635 5039 739 5102 cui
789 5039 968 5122 prior
1010 5041 1512 5120 contradicebat,
1565 5049 1627 5106 et
1673 5043 1792 5107 sub
1844 5043 2042 5109 finem
2091 5046 2284 5128 hujus
2331 5045 2557 5128 capitis
2603 5047 2684 5111 ab
2711 5047 2994 5112 auctoris
3047 5054 3284 5126 mente,
3335 5047 3404 5110 ni
3452 5045 3666 5131 fallor,

406 5139 688 5202 multum
736 5138 1096 5203 aberrabat.
1154 5139 1277 5203 Sed
1333 5140 1604 5223 longum
1655 5149 1818 5206 esset
1879 5143 2134 5226 singula
2209 5151 2537 5224 excutere;
2599 5145 2682 5209 ad
2744 5154 2996 5211 sextum
3052 5145 3254 5228 igitur
3352 5145 3662 5210 transilio.

405 5237 478 5300 In
524 5238 684 5302 illud
716 5237 896 5301 Pauli
947 5257 965 5304 :
1009 5238 1150 5301 Non
1179 5246 1384 5319 regnet
1420 5250 1736 5320 peccatum
1783 5247 1852 5304 in
1878 5246 2148 5323 mortali,
2191 5251 2339 5325 etc.,
2371 5244 2487 5308 ubi
2531 5245 2773 5310 extollit
2817 5244 3051 5310 Christi
3085 5245 3386 5326 gratiam,
3433 5245 3525 5308 sic
3577 5244 3668 5308 ait

405 5335 913 5418 Theophylactus
954 5355 968 5401 :
1019 5361 1048 5396 «
1089 5340 1311 5419 Itaque
1357 5356 1591 5420 corpus
1621 5357 1738 5403 sua
1785 5346 2018 5405 natura
2061 5341 2239 5407 haud
2282 5351 2495 5419 nocet,
2531 5343 2642 5408 sed
2673 5343 2936 5408 obedire
2980 5351 3263 5426 peccato,
3297 5341 3460 5406 illud
3514 5360 3665 5406 vero

410 5433 767 5514 plurimum
797 5436 1001 5500 obest.
1025 5435 1301 5500 Observa
1318 5436 1426 5500 hic
1455 5437 1689 5502 Christi
1711 5439 2008 5522 gratiam,
2035 5442 2364 5525 quomodo
2391 5443 2598 5508 Adam
2619 5445 2921 5526 peccarit,
2943 5463 3098 5508 cum
3120 5452 3337 5509 tamen
3365 5443 3660 5508 nondum

409 5534 679 5597 mortale
711 5551 945 5615 corpus
969 5533 1276 5600 haberet:
1306 5553 1426 5600 nos
1448 5554 1598 5601 vero
1647 5537 1718 5601 in
1746 5540 2005 5604 mortali
2036 5560 2308 5626 corpore
2339 5551 2681 5626 peccatum
2717 5545 3038 5609 vincimus
3080 5551 3144 5608 et
3189 5559 3590 5626 superamus.
3623 5563 3654 5602 υ

407 5630 727 5695 Hactenus
770 5632 1050 5696 auctoris
1107 5633 1299 5698 verba
1326 5633 1408 5698 ad
1437 5635 1730 5702 Graecum
1782 5641 2113 5724 exemplar
2161 5643 2470 5724 restituta,
2525 5661 2668 5726 quae
2712 5643 2892 5726 prius
2945 5643 3138 5725 longe
3191 5642 3507 5707 diversam
3556 5647 3666 5706 aut

412 5730 800 5797 contrariam
832 5750 964 5813 prae
987 5751 1054 5796 se
1083 5733 1376 5800 ferebant
1403 5739 1812 5816 sententiam,
1847 5745 1959 5804 aut
1987 5741 2377 5806 conferendo
2406 5741 2680 5823 patebit;
2715 5741 2890 5825 quod
2919 5741 2973 5806 si
3015 5750 3235 5806 tamen
3264 5740 3346 5804 ad
3388 5740 3660 5805 alteram

413 5833 765 5898 editionem
792 5849 1127 5899 recurrere
1164 5835 1469 5917 graveris,
1521 5836 1613 5902 ibi
1643 5837 1724 5903 ad
1754 5837 1952 5904 istum
2003 5839 2407 5906 scribebatur
2453 5840 2731 5907 modum
2789 5859 2806 5906 :
2863 5841 3153 5923 «Itaque
3199 5857 3438 5921 corpus
3491 5837 3664 5904 haud
