4128 6436
365 323 473 378 325
1746 311 2261 374 PREFATIONES.
3513 315 3617 368 326

363 450 555 509 nocet
581 447 852 517 natum,
885 440 994 506 sed
1028 439 1289 505 obedire
1327 447 1608 523 peccato,
1644 440 1803 505 illud
1835 461 1983 506 vero
2014 441 2374 527 plurimum
2397 439 2599 503 obest.
2633 437 2910 502 Observa
2938 435 3044 501 hic
3073 435 3305 502 Christi
3334 437 3606 519 gratiam

361 540 691 626 quomodo
727 540 929 604 Adam
981 539 1282 622 peccarit,
1319 558 1468 604 cum
1499 547 1718 605 tamen
1764 540 2056 604 nondum
2090 537 2361 602 mortale
2408 555 2641 619 corpus
2679 536 2968 611 haberet,
3019 553 3142 598 nos
3169 551 3322 598 vero
3364 535 3431 598 in
3462 552 3604 599 cor-

359 659 518 724 pore
553 639 810 703 mortali
843 645 1100 721 peccato
1129 639 1584 716 exuberamus,
1638 639 1928 722 adeoque
1955 638 2023 703 in
2060 637 2330 720 peccatis
2362 637 2713 701 nascimur.
2750 661 2781 695 ι)
2820 635 3007 698 Vides
3057 635 3306 710 Lector,
3342 641 3417 698 ut
3443 636 3610 698 haud

353 745 529 803 nocet
558 745 813 813 natura,
852 757 968 820 pro
1012 758 1125 800 sua
1170 745 1400 801 natura
1428 739 1599 801 haud
1638 748 1845 815 nocet;
1875 747 1958 815 et,
2017 744 2262 819 peccato
2303 738 2733 814 exuberamus,
2788 753 2905 817 pro
2937 740 3242 814 peccatum
3291 733 3606 810 vincimus,

357 835 596 900 dixerit
624 834 872 899 diverso
903 842 966 899 et
995 836 1316 900 contrario
1343 833 1572 900 sensu?
1601 835 1816 916 Capite
1861 835 2055 898 etiam
2097 836 2387 919 sequenti
2420 835 2489 899 in
2520 835 2938 900 annotatione
2971 853 2985 897 :
3031 835 3120 895 Et
3150 837 3464 894 inventum
3493 837 3606 908 est,

356 935 546 1020 [item
574 934 643 998 in
670 933 818 1010 alia,
851 933 1033 997 Nunc
1086 943 1286 997 autem
1293 939 1437 1014 jam
1463 955 1586 997 non
1613 953 1721 1014 ego
1749 931 1982 1015 operor]
2015 931 2214 996 fcedos
2246 933 2456 1014 lapsus
2501 931 2940 1016 deprehendes
2985 930 3037 993 si
3071 931 3365 994 conferre
3406 927 3608 1007 lubet,

355 1042 431 1098 ut
461 1038 525 1096 et
552 1050 692 1115 cap.
745 1049 831 1107 Ix,
864 1050 926 1095 x1
968 1039 1031 1095 et
1056 1049 1194 1096 xm.
1225 1033 1298 1097 In
1343 1032 1467 1096 hoc
1496 1033 1607 1096 ubi
1638 1032 1874 1095 Paulus
1901 1031 1990 1095 ait
2039 1049 2054 1095 :
2113 1035 2191 1095 Ut
2220 1036 2284 1093 in
2309 1034 2408 1094 die
2437 1035 2672 1095 honeste
2718 1032 3112 1094 ambulemus.
3149 1030 3241 1092 Ibi
3271 1028 3613 1110 Theophy-

353 1133 565 1196 lactus
611 1131 690 1196 de
734 1131 1046 1194 Romanis
1086 1129 1352 1194 honoris
1397 1139 1460 1195 et
1487 1130 1711 1212 gloriae
1750 1131 1983 1195 studios

1985 1130 2050 1193 iis
2098 1129 2221 1195 hoc
2267 1131 2462 1195 modo
2511 1131 2734 1195 scribit
2792 1130 3064 1206 εἘπειδὴ
3097 1129 3199 1210 γὰρ
3229 1128 3393 1196 πολὺς
3437 1130 3615 1196 αὐτοῖς

353 1237 453 1306 τῆς
483 1231 634 1314 παρᾶ
690 1234 796 1290 τῶν
842 1233 1056 1291 πολλῶν
1103 1231 1257 1305 δόξης
1286 1234 1315 1290 ὁ
1341 1231 1496 1310 λόγος
1533 1231 1817 1314 ἐφέλκεται
1860 1233 1983 1291 αὖτε

1983 1229 2050 1299 ιὺς
2080 1229 2186 1290 ἀπὸ
2233 1234 2329 1302 τῆς
2362 1229 2771 1311 εὐσχημοσύνης
2811 1229 2934 1294 hoc
2980 1237 3094 1305 est,
3134 1251 3162 1288 α
3195 1227 3613 1310 Quandoqui-

354 1331 512 1396 dem
542 1332 660 1414 ipsi
692 1331 867 1413 vulgi
899 1330 1174 1413 gloriam
1211 1329 1340 1394 sive
1365 1330 1709 1407 honorem,
1745 1331 1856 1412 qui
1885 1349 1923 1394 a
1951 1329 2170 1392 multis
2203 1329 2564 1406 exhibetur,
2599 1330 3129 1414 magnifacerent,
3164 1328 3244 1391 ab
3274 1329 3610 1391 honestate

354 1448 468 1494 eos
496 1430 728 1508 allicit;
756 1453 784 1488 »
826 1429 1005 1510 prius
1033 1436 1250 1492 autem
1282 1429 1374 1492 sic
1403 1427 1730 1493 redditum
1759 1431 1967 1493 fuerat
2002 1448 2016 1492 :
2054 1451 2082 1487 «
2119 1429 2281 1492 Cum
2315 1429 2490 1492 enim
2519 1428 2637 1511 ipsi
2674 1429 2948 1492 Romani
2979 1427 3185 1490 multa
3214 1426 3408 1490 verba
3438 1426 3607 1490 face-

355 1537 526 1606 rent,
561 1553 591 1588 ι
624 1536 771 1605 etc.,
807 1528 918 1592 ubi
954 1526 1117 1596 πολὺς
1144 1527 1318 1606 λόγος,
1350 1546 1485 1591 non
1529 1529 1732 1591 multa
1756 1528 1971 1604 verba,
2005 1528 2110 1591 sed
2149 1529 2419 1592 multam
2452 1547 2701 1604 curam,
2736 1529 3056 1594 rationem
3087 1529 3215 1592 sive
3246 1533 3611 1609 respectum

356 1629 600 1693 habere
649 1628 872 1710 gloriae
902 1635 966 1692 et
993 1646 1168 1691 auras
1198 1627 1529 1711 popularis
1559 1628 1769 1710 potius
1810 1628 2148 1710 signiﬁcat.
2198 1627 2442 1690 Deinde
2486 1628 2656 1709 quod
2707 1628 3033 1709 adjectum
3077 1635 3193 1701 est,
3231 1649 3259 1684 α
3300 1624 3612 1688 abstrahit

355 1743 470 1790 eos
516 1726 599 1790 ab
633 1744 707 1790 ea
737 1725 962 1808 gloriae
993 1725 1412 1807 turpitudine,
1451 1747 1480 1784 »
1516 1725 1790 1789 multum
1827 1731 1964 1789 erat
2008 1745 2048 1789 a
2096 1727 2274 1789 Pauli
2325 1735 2387 1790 et
2419 1726 2874 1809 Theophylacti
2917 1728 3242 1808 proposito
3285 1726 3607 1803 alienum;

354 1824 650 1908 suspicor
677 1823 1095 1906 interpretem
1124 1823 1516 1888 existimasse
1549 1842 1666 1906 pro
1699 1827 1984 1904 εὖσχημοσι

1981 1823 2106 1898 ύνης
2153 1824 2503 1906 legendum
2547 1843 2682 1888 esse
2714 1825 3123 1906 ἀσχημοσύνης.
3166 1824 3297 1888 Sub
3330 1842 3405 1889 ea
3438 1824 3611 1887 enim

354 1923 640 1987 dictione
670 1923 863 1987 ducta
911 1930 1048 1986 erat
1097 1922 1287 2000 linea,
1321 1923 1504 2006 quasi
1536 1931 1827 2006 suspecta
1859 1930 2019 1988 esset
2047 1923 2389 2006 scriptura,
2436 1943 2579 2008 quae
2629 1931 2848 1988 tamen
2895 1923 3061 1987 belle
3105 1922 3318 1999 habet,
3370 1929 3443 1986 ut
3470 1939 3612 2004 quae

355 2021 629 2086 Paulino
659 2022 859 2086 textui
891 2021 1255 2104 respondet,
1289 2021 1403 2085 ubi
1434 2022 1800 2102 εὐσχημόνως.

434 2122 561 2186 Sed
615 2121 693 2186 de
724 2121 843 2186 hac
888 2139 1022 2184 una
1072 2120 1251 2184 Pauli
1300 2121 1584 2200 Epistola
1616 2120 1896 2184 nimium
1944 2119 2179 2198 multa;
2216 2119 2521 2202 pauciora
2552 2121 2750 2202 igitur
2797 2139 2874 2186 ex
2925 2121 3188 2204 reliquis
3217 2121 3517 2198 afferam;
3551 2127 3615 2184 et

353 2238 440 2285 ne
472 2219 727 2300 longius
756 2219 1088 2296 abeamus,
1122 2219 1306 2282 initio
1338 2219 1636 2301 Epistolae
1675 2219 2021 2301 sequentis,
2073 2218 2184 2282 ubi
2217 2219 2454 2284 Paulus
2481 2220 2590 2298 ait,
2626 2220 2751 2283 Per
2779 2223 3156 2283 voluntatem
3185 2220 3323 2296 Dei,
3362 2219 3428 2282 in
3463 2237 3612 2283 eum

351 2319 575 2385 locum
603 2320 952 2384 Lonicerus
998 2337 1014 2382 :
1072 2341 1103 2378 α
1132 2318 1587 2383 Animadverte
1619 2318 1723 2382 hic
1755 2318 2003 2382 deitatis
2027 2317 2416 2382 vocabulum
2459 2319 2538 2383 ad
2570 2322 2826 2384 Patrem
2857 2320 3210 2402 pertinere;
3259 2343 3291 2376 π
3327 2319 3608 2400 egregia,

351 2418 598 2484 scilicet
636 2417 1130 2492 animadversio,
1175 2417 1358 2500 quasi
1390 2436 1539 2481 vero
1582 2436 1857 2499 usquam
1907 2419 2204 2499 negarint
2232 2415 2452 2479 Ariani
2485 2416 2737 2481 deitatis
2776 2418 3165 2480 vocabulum
3212 2417 3294 2480 ad
3359 2419 3608 2480 Patrem

353 2517 708 2600 pertinere.
741 2518 959 2581 Graeca
987 2516 1079 2580 sic
1111 2515 1351 2580 habent
1384 2533 1399 2580 :
1443 2515 1761 2591 Σημείωσαι
1793 2515 1848 2575 δὲ
1887 2515 1982 2591 τὸ,

1980 2565 1982 2580 ,
2012 2515 2098 2575 διὰ
2131 2513 2218 2574 ἐπὶ
2251 2515 2467 2597 Πατρὸς
2496 2515 2736 2594 κείμενον
2764 2560 2782 2594 ,
2813 2515 2938 2579 hoc
2970 2523 3084 2591 est,
3134 2539 3164 2571 α
3196 2517 3356 2580 Nota
3393 2522 3610 2577 autem

353 2615 526 2679 hanc
556 2614 906 2680 dictionem
932 2633 1041 2696 per
1069 2614 1240 2678 Patri
1263 2614 1643 2696 appositam,
1680 2639 1712 2673 ι
1745 2614 1876 2677 sive
1905 2613 1985 2678 de
2011 2615 2196 2677 Patre
2221 2613 2372 2677 dici.
2403 2614 2525 2678 Ubi
2547 2613 3058 2696 Theophylactus
3092 2621 3314 2678 contra
3343 2613 3613 2677 Arianos

352 2713 533 2778 hunc
574 2715 794 2779 locum
836 2713 1099 2797 profert,
1149 2712 1484 2777 declarans
1513 2713 1684 2795 quod
1713 2713 1854 2778 haec
1902 2712 2265 2795 praepositio
2292 2733 2424 2793 per,
2463 2713 2964 2776 diminutionem
2996 2732 3130 2776 non
3175 2713 3496 2794 importet,
3545 2716 3612 2773 ut

356 2812 483 2895 ipsi
505 2813 806 2878 volebant
837 2832 853 2878 :
888 2831 1036 2877 cum
1073 2811 1270 2876 etiam
1308 2811 1414 2876 hic
1452 2819 1814 2894 apponatur
1839 2812 2029 2887 Patri,
2065 2810 2177 2874 ubi
2223 2810 2460 2875 dicitur
2485 2831 2592 2892 per
2618 2814 2993 2873 voluntatem
3025 2814 3162 2888 Dei,
3195 2817 3265 2873 ut
3294 2809 3499 2872 fusius
3527 2808 3615 2872 ait

357 2912 538 2976 idem
567 2909 1075 2993 Theophylactus
1107 2910 1174 2973 in
1206 2929 1357 2974 eum
1387 2909 1608 2974 locum
1641 2911 1924 2986 Joannis,
1965 2913 2184 2975 Omnia
2218 2931 2334 2993 per
2379 2918 2580 2995 ipsum
2631 2911 2800 2992 facta
2829 2917 2994 2985 sunt,
3032 2911 3143 2974 ubi
3181 2909 3405 2973 Ariani
3435 2909 3610 2973 vole-

359 3010 523 3075 bant
571 3009 809 3074 Filium
856 3009 1065 3074 facere
1093 3010 1279 3073 Patre
1309 3008 1658 3089 minorem,
1711 3008 1884 3092 quod
1920 3027 2036 3091 per
2086 3011 2302 3093 ipsum
2332 3011 2498 3076 sicut
2526 3030 2640 3093 per
2684 3012 3191 3076 instrumentum
3221 3016 3332 3072 aut
3360 3027 3616 3072 servum

359 3111 554 3174 Pater
577 3110 701 3172 alia
728 3107 978 3173 fecisset
1013 3125 1028 3172 :
1066 3114 1287 3172 contra
1318 3127 1478 3190 quos
1500 3108 1592 3171 ibi
1625 3107 1886 3173 adducit
1915 3110 2092 3175 hunc
2123 3113 2335 3195 ipsum
2364 3113 2606 3190 locum,
2641 3113 2766 3175 Per
2791 3113 3164 3175 voluntatem
3191 3109 3348 3186 Dei;
3376 3116 3438 3173 et
3459 3107 3610 3174 item

360 3209 568 3273 alium
629 3226 709 3271 ex
755 3206 880 3271 hoc
921 3206 1152 3271 eodem
1181 3207 1386 3289 capite
1438 3225 1454 3270 :
1488 3207 1720 3270 Fidelis
1753 3211 1916 3272 Deus
1965 3231 2078 3291 per
2127 3231 2298 3292 quem
2326 3217 2524 3275 vocali
2555 3231 2761 3274 sumus
2812 3219 2880 3274 in
2909 3214 3252 3274 societatem
3291 3209 3442 3270 Filii
3497 3211 3613 3285 sui,

357 3307 478 3372 ubi
535 3305 732 3370 dictio
763 3325 899 3387 per,
949 3306 1116 3370 Patri
1157 3306 1406 3386 juncta,
1439 3325 1850 3389 nequaquam
1900 3308 2218 3391 significat
2266 3313 2517 3375 Patrem
2564 3310 2725 3375 Filio
2755 3309 3104 3374 minorem.
3165 3309 3346 3371 Hunc
3398 3307 3617 3370 locum

359 3406 657 3489 pluribus
726 3404 985 3468 tractavi
1054 3405 1228 3486 quod
1277 3405 1601 3487 plerisque
1669 3407 2105 3471 subobscurus
2159 3409 2505 3490 videretur,
2565 3415 2625 3473 et
2674 3428 2713 3472 a
2760 3409 3073 3474 Lonicero
3128 3403 3389 3490 quidem
3451 3406 3619 3468 male

365 3523 604 3584 versus,
656 3511 728 3568 ut
773 3504 885 3588 qui
928 3523 1006 3568 ex
1053 3505 1503 3586 praepositione
1550 3506 1639 3566 διὰ
1683 3506 1983 3571 deitatem
2019 3507 2268 3586 fecerit;
2303 3528 2341 3572 a
2385 3511 2715 3572 Porsenna
2751 3525 2903 3571 vero
2937 3507 3123 3588 plane
3156 3505 3432 3568 omissus
3461 3503 3616 3566 fuis-

362 3612 460 3669 set
499 3622 514 3668 :
571 3604 731 3668 solet
776 3604 954 3667 enim
984 3603 1103 3667 iste
1143 3603 1196 3666 si
1243 3602 1397 3685 quid
1435 3603 1679 3685 placeat
1706 3604 1977 3668 liberius
2006 3612 2278 3670 tractare
2304 3626 2376 3670 ac
2411 3607 2614 3670 multa
2645 3607 2723 3670 de
2763 3625 2878 3669 suo
2922 3605 3257 3680 intarcire;
3293 3611 3354 3666 et
3397 3609 3619 3666 contra

364 3705 420 3768 si
447 3702 606 3786 quid
655 3721 786 3766 non
815 3701 1119 3778 arrideat,
1151 3701 1310 3766 illud
1361 3721 1623 3784 prorsus
1655 3701 1994 3766 omittere:
2030 3704 2203 3786 quod
2237 3705 2340 3769 hic
2391 3705 2734 3786 contigisse
2779 3703 3048 3779 videtur,
3084 3702 3136 3765 si
3187 3702 3381 3764 modo
3421 3700 3621 3780 ipsius

373 3801 702 3882 exemplar
731 3818 882 3865 cum
915 3807 1134 3864 nostro
1165 3800 1582 3876 consenserit,
1616 3819 1690 3864 eo
1719 3817 1874 3864 sane
1904 3809 2289 3883 pervetusto.
2322 3806 2449 3868 Nec
2483 3803 2664 3866 video
2697 3821 2814 3866 cur
2841 3801 2948 3864 hic
2975 3800 3053 3864 de
3084 3816 3396 3881 germana
3422 3797 3622 3860 Theo-

379 3898 656 3980 phylacti
703 3899 1030 3982 Scriptura
1085 3898 1382 3962 dubitare
1430 3897 1803 3975 debeamus,
1851 3916 2002 3962 cum
2055 3899 2247 3980 hujus
2300 3900 2426 3963 loci
2496 3900 2895 3964 mentionem
2948 3899 3084 3980 ipse
3135 3895 3325 3960 faciat
3359 3893 3622 3959 Joannis

380 3997 614 4082 primo,
663 4005 731 4062 ut
757 3999 1061 4062 diximus.
1108 3997 1292 4072 Quod
1340 4004 1557 4061 autem
1604 3997 1950 4062 Lonicerus
1979 3999 2263 4080 glossam
2314 4005 2516 4063 totam
2550 4016 3020 4080 nonnunquam
3053 4014 3203 4059 cum
3237 4001 3413 4059 textu
3444 3991 3622 4056 Pauli

375 4097 874 4181 pratermiserit,
929 4115 1066 4160 non
1094 4095 1292 4179 ipsius
1321 4095 1647 4160 voluntate
1676 4095 1917 4160 factum
1964 4113 2097 4159 esse
2138 4095 2439 4174 arbitror,
2474 4095 2586 4160 sed
2633 4096 2833 4177 ipsius
2861 4102 2976 4159 aut
3003 4093 3231 4158 scribas
3264 4093 3476 4175 potius
3508 4109 3623 4153 ne-

370 4196 684 4278 gligentia
711 4204 820 4259 aut
848 4213 1069 4259 errore
1098 4194 1468 4277 contigisse.

452 4295 569 4358 Hic
615 4294 812 4358 ﬁnem
862 4294 1070 4357 facere
1123 4293 1387 4357 fortasse
1433 4291 1762 4374 expediret
1811 4310 2014 4356 :nam
2045 4313 2122 4358 ex
2151 4293 2525 4377 hujusmodi
2571 4295 2726 4359 locis
2772 4313 2888 4378 pro
2919 4301 3142 4358 nostra
3193 4291 3627 4374 qualicunque

377 4391 821 4458 mediocritate
849 4392 1156 4456 restitutis
1185 4392 1369 4456 facile
1397 4392 1710 4456 candidus
1750 4393 1978 4456 Lector
2021 4392 2100 4456 de
2147 4393 2413 4476 reliquis
2443 4394 2763 4475 conjicere
2795 4399 3025 4476 posset,
3078 4410 3198 4456 nec
3243 4391 3450 4472 plura,
3487 4389 3627 4471 opi-

377 4510 519 4568 nor,
555 4491 947 4556 desideraret
980 4511 995 4554 :
1029 4491 1111 4554 ob
1166 4491 1554 4556 morosiores
1587 4498 1826 4571 tamen,
1859 4491 2070 4556 adhuc
2105 4495 2382 4576 paucula
2409 4495 2752 4570 ascribam,
2804 4502 2874 4557 ut
2903 4489 3077 4574 quod
3106 4488 3299 4569 hujus
3330 4487 3628 4569 Epistola:

373 4590 583 4673 capite
613 4597 864 4672 quarto,
890 4587 981 4652 ibi
1017 4609 1032 4652 :
1082 4589 1323 4670 Magna:
1350 4590 1503 4651 mihi
1546 4589 1782 4669 gloriae,
1814 4591 2206 4655 contrariam
2252 4599 2551 4673 posuerat
2580 4592 2995 4669 sententiam;
3041 4597 3103 4652 et
3145 4587 3349 4670 capite
3377 4585 3626 4667 quinto,

371 4689 439 4753 in
483 4707 638 4752 eum
666 4688 845 4751 Pauli
876 4687 1093 4753 locum
1148 4706 1164 4754 :
1199 4689 1276 4751 In
1303 4693 1616 4751 interitum
1645 4692 1872 4766 carnis,
1903 4687 2218 4771 scriptum
2249 4698 2386 4755 erat
2417 4709 2433 4754 :
2468 4712 2496 4748 α
2531 4690 2662 4754 Hoc
2696 4696 2808 4766 est,
2845 4696 2916 4754 ut
2951 4707 2988 4751 a
3019 4687 3250 4751 morbo
3281 4704 3432 4748 eum
3462 4683 3629 4747 libe-

371 4793 497 4860 ret,
529 4785 750 4863 solvat,
786 4810 817 4844 ι»
857 4803 976 4849 nos
1000 4784 1088 4848 sic
1119 4784 1604 4848 emendavimus
1631 4802 1645 4848 :
1676 4807 1705 4844 α
1734 4785 1868 4848 Hoc
1899 4793 2014 4861 est,
2046 4795 2118 4850 ut
2148 4790 2378 4853 morbo
2409 4807 2560 4852 eum
2591 4795 2872 4852 maceret
2903 4796 2964 4851 et
2992 4786 3317 4851 tabescere
3345 4783 3552 4860 faciat,
3592 4807 3620 4844 η

375 4885 458 4950 de
489 4885 904 4968 castigatione
934 4886 1110 4948 enim
1142 4884 1430 4966 corporis
1459 4883 1770 4966 loquitur,
1819 4890 1890 4947 ut
1928 4886 2257 4965 sequentia
2285 4885 2434 4949 satis
2464 4885 2810 4949 declarant.
2846 4885 3061 4967 Capite
3092 4891 3308 4948 autem
3357 4882 3630 4964 septimo

379 4983 684 5066 pleraque
716 4984 1077 5066 depravata,
1110 4991 1174 5048 et
1205 5002 1342 5047 non
1390 5002 1596 5066 pauca
1625 4984 1864 5047 omissa
1892 4983 2106 5061 fuisse,
2141 4985 2251 5067 qui
2276 4991 2484 5049 totum
2517 4984 2640 5048 hoc
2673 4991 2864 5066 caput
2903 4984 3196 5047 conferre
3225 4982 3416 5056 volet,
3451 4981 3633 5044 facile

383 5081 850 5163 deprehendet;
883 5083 1059 5166 quod
1088 5083 1353 5165 quidem
1381 5083 1480 5146 vel
1513 5102 1723 5147 unum
1753 5090 1944 5166 caput
1994 5099 2253 5147 moroso
2285 5084 2481 5147 etiam
2532 5082 2803 5158 Lectori,
2841 5082 2894 5145 si
2927 5088 3143 5144 tamen
3184 5078 3462 5144 veritatis
3493 5085 3633 5139 stu-

378 5180 600 5247 diosus
625 5183 836 5259 fuerit,
865 5182 1034 5247 hanc
1059 5189 1348 5247 nostram
1387 5200 1649 5265 operam
1694 5190 1766 5246 ut
1807 5182 2081 5246 minime
2129 5200 2695 5265 supervacaneam,
2727 5180 3189 5246 commendare
3227 5177 3446 5240 valeat.
3482 5177 3632 5238 Pos-

375 5299 516 5346 sem
548 5299 627 5346 ex
677 5300 816 5364 cap.
867 5299 953 5361 1x,
1001 5299 1067 5345 xr
1124 5289 1186 5346 et
1230 5300 1330 5360 xv,
1367 5281 1701 5346 manifeste
1732 5281 2092 5364 depravata,
2127 5289 2191 5347 et
2219 5283 2607 5347 contrariam
2638 5281 3021 5345 sententiam
3054 5275 3451 5342 continentia
3478 5291 3634 5355 pro-

376 5382 567 5458 ferre,
618 5379 732 5444 sed
761 5382 830 5444 in
874 5381 995 5445 hac
1028 5381 1243 5464 priore
1286 5381 1367 5444 ad
1393 5382 1759 5446 Corinthios
1787 5382 2070 5464 Epistola
2096 5381 2337 5446 diutius
2382 5400 2578 5464 quam
2629 5388 2981 5446 statueram
3029 5395 3177 5440 sum
3226 5374 3632 5437 immoratus.

377 5481 453 5545 In
505 5479 808 5545 secundae
853 5497 1003 5544 vero
1032 5479 1115 5544 ad
1141 5479 1505 5545 Corinthios
1545 5481 1844 5564 Epistolae
1875 5481 2079 5563 capite
2111 5482 2344 5564 primo,
2394 5481 2536 5546 ibi:
2586 5480 2676 5544 Et
2721 5499 2856 5562 spes
2916 5483 3130 5541 nostra
3155 5474 3340 5553 ﬁrma
3393 5477 3480 5535 est
3520 5490 3635 5554 pro

378 5580 562 5658 vobis,
643 5579 854 5662 glossa
909 5579 1100 5662 hujus
1153 5584 1361 5643 textus
1408 5597 1560 5645 cum
1607 5587 1785 5646 textu
1831 5580 2123 5664 sequenti
2172 5582 2379 5646 fuerat
2425 5579 2696 5658 omissa;
2773 5583 2962 5660 atque
3011 5575 3100 5639 ita
3145 5573 3356 5656 glossa
3421 5577 3636 5634 textus

380 5679 707 5763 sequentis
749 5678 907 5743 huic
933 5685 1070 5744 erat
1109 5679 1380 5760 adjecta,
1412 5680 1589 5764 quod
1629 5681 1824 5746 etiam
1865 5681 2109 5745 factum
2137 5687 2231 5743 est
2270 5678 2352 5743 ad
2401 5679 2727 5742 Romanos
2758 5693 2898 5752 xm,
2932 5672 3100 5738 fcedo
3130 5689 3284 5735 sane
3329 5671 3534 5752 lapsu,
3567 5672 3639 5732 ut

381 5778 540 5843 alios
573 5776 870 5862 ejusdem
900 5778 1118 5861 capitis
1141 5784 1542 5862 praeteream.
1569 5780 1865 5844 Secundo
1899 5787 2116 5844 autem
2141 5778 2348 5862 capite
2372 5777 2470 5842 bis
2496 5774 2893 5842 contrariam
2917 5772 3197 5838 reddidit
3229 5769 3631 5835 sententiam.

385 5877 680 5943 Primum
724 5877 799 5942 in
823 5875 986 5940 illud
1025 5876 1205 5942 Pauli
1235 5895 1252 5942 :
1298 5877 1375 5940 Ut
1403 5895 1478 5941 ne
1505 5877 2052 5943 circumveniamur
2078 5898 2119 5940 a
2142 5880 2401 5958 Satana,
2436 5875 2685 5942 dixerat
2717 5895 2733 5940 :
2769 5898 2799 5937 α
2845 5877 2986 5939 Non
3023 5873 3199 5938 enim
3225 5889 3265 5934 a
3292 5887 3360 5934 se
3389 5867 3638 5932 discre-
