4128 6434
444 4075 692 4087 συ--υα

503 330 606 387 327
1296 327 1387 382 AD
1425 319 1941 383 THEOPHYLACTI
1977 322 2474 382 EXPOSITIONEM
2511 325 2577 380 IN
2616 325 2682 379 D.
2722 323 3011 380 PAULUM.
3656 317 3762 375 328

496 453 714 535 pantia
758 452 1018 516 Satanas
1063 450 1315 533 accipit,
1367 470 1593 515 verum
1623 458 1684 515 et
1728 458 1945 516 nostra
1985 452 2173 534 rapit,
2230 473 2259 509 n
2310 467 2461 515 cum
2511 448 2724 513 dicere
2765 448 3109 523 debuisset,
3167 468 3196 503 α
3243 448 3387 512 Non
3434 445 3610 508 enim
3661 448 3746 510 ad

496 567 565 613 se
590 548 976 630 pertinentia
1001 549 1286 623 Satanas,
1333 569 1362 605 in
1393 556 1513 612 etc.
1546 548 1760 611 Grmce
1786 547 1960 611 enim
1994 554 2087 610 est
2115 567 2126 611 :

2115 567 2131 611 2
2160 547 2232 608 Ὀ
2261 549 2365 630 γὰρ
2403 548 2650 618 διάϐολος
2678 548 2801 629 οὐχὶ
2831 548 2900 607 τὰ
2931 549 3075 629 αὐτῷ
3100 546 3419 629 διαφέροντα
3441 544 3738 623 λαμϐάνει.

495 647 738 712 Deinde
766 646 956 730 paulo
992 654 1133 729 post
1175 646 1245 710 in
1287 646 1445 710 illud
1479 647 1653 710 Pauli
1706 666 1721 710 :
1763 648 1923 709 Aliis
1950 646 2190 728 quidem
2233 651 2385 709 odor
2411 648 2624 709 mortis
2667 655 2733 709 in
2762 651 3032 727 mortem,
3068 663 3211 727 pro,
3266 646 3395 708 Deo
3444 651 3739 725 accepta-

496 745 660 809 biles
700 763 856 822 esse,
909 745 1177 821 dixerat,
1211 762 1346 808 esse
1390 745 1699 826 reprohos
1723 753 1785 808 et
1828 744 2100 807 minime
2143 751 2356 826 gratos
2396 746 2567 828 apud
2611 747 2838 809 Deum.
2884 745 3008 809 Sed
3053 744 3161 808 hic
3211 742 3496 826 quodam
3542 742 3737 806 modo

497 843 894 907 excusandus
943 844 1134 920 venit,
1183 841 1353 924 quod
1392 843 1646 906 Graecus
1668 841 1869 906 codex
1910 842 2128 906 fuisset
2173 861 2539 927 corruptus,
2599 862 2795 928 quem
2841 849 3097 907 secutus
3126 850 3219 906 est
3249 841 3396 917 fide,
3445 850 3521 906 ut
3572 841 3738 906 dixi-

494 958 662 1017 mus,
694 941 974 1004 nimium
1035 940 1239 1018 bona;
1293 959 1444 1003 nam
1500 941 1641 1004 loco
1705 940 2059 1023 ἀπρόσδεκτοι
2104 941 2122 1004 l

2110 942 2450 1024 legendum
2482 950 2579 1008 est
2629 944 3027 1026 εὐπρόσδεκτοι,
3082 949 3156 1005 ut
3205 947 3375 1023 patet
3423 959 3502 1004 ex
3538 940 3740 1023 Chry-

489 1048 770 1104 sostomo
799 1046 861 1104 et
883 1040 1075 1103 veteri
1102 1039 1468 1121 interprete.
1494 1038 1616 1103 Sed
1645 1039 1726 1103 ad
1766 1040 1887 1103 alia
1914 1058 2263 1122 properans
2291 1041 2539 1124 reliqua
2578 1041 2769 1123 hujus
2818 1041 3113 1123 Epistolae
3158 1040 3363 1121 capita
3421 1038 3735 1103 transitio.

488 1138 677 1204 Initio
723 1146 938 1203 autem
984 1140 1208 1222 capitis
1246 1139 1443 1221 primi
1492 1138 1573 1203 ad
1598 1139 1867 1218 Galatas,
1920 1138 2054 1202 ibi:
2100 1139 2223 1202 Sed
2255 1160 2369 1222 per
2393 1143 2597 1202 Jesum
2650 1142 2984 1213 Christum,
3033 1138 3543 1219 Theophylactus
3589 1136 3742 1201 huic

488 1236 630 1300 loco
672 1236 892 1318 objicit
939 1236 1113 1318 quod
1143 1243 1237 1300 est
1262 1238 1331 1300 in
1360 1238 1531 1300 Actis
1573 1238 2011 1319 apostolorum
2037 1255 2114 1302 ca

2121 1257 2178 1320 p.
2224 1257 2359 1316 XIII,
2395 1238 2756 1316 dicens,Kal
2789 1239 2897 1317 μὴν
2944 1238 3266 1320 αἱ-Πράξεις
3298 1238 3401 1297 ὑπὸ
3439 1242 3535 1297 τοῦ
3569 1239 3744 1298 Πνεύ-

491 1358 660 1410 ματος
708 1337 960 1409 δηλοῦσιν
992 1336 1148 1395 αὐτὸν
1175 1340 1551 1418 ἀφορισθῆναι.
1586 1336 1651 1400 id
1695 1344 1832 1400 est:
1887 1360 1916 1396 ε
1959 1340 2121 1419 Atqu

2113 1337 2148 1400 li
2177 1339 2335 1401 Acta
2374 1339 2811 1420 apostolorum
2836 1358 2875 1403 a
2909 1337 3152 1419 Spiritu
3195 1344 3413 1401 sancto
3454 1335 3743 1400 indicant

489 1452 643 1497 eum
681 1443 1086 1517 segregatum
1117 1453 1276 1510 esse,
1327 1458 1356 1494 »
1405 1442 1553 1511 etc.,
1597 1436 1949 1498 Lonicerus
1985 1453 2157 1513 vero,
2205 1436 2285 1500 de
2309 1437 2488 1501 Pauli
2517 1437 2823 1520 operibus
2865 1437 3249 1519 intelligens,
3285 1436 3377 1500 sic
3419 1442 3689 1499 verterat
3722 1455 3737 1500 :

493 1554 522 1591 α
570 1534 724 1614 Ipsae
754 1551 857 1596 res
888 1542 1079 1616 gestae
1109 1541 1171 1596 et
1201 1552 1393 1615 opera
1426 1552 1464 1596 a
1492 1533 1729 1616 Spiritu
1761 1540 1979 1597 sancto
2009 1534 2289 1615 profecta
2322 1535 2631 1610 indicant,
2680 1560 2709 1597 υ
2749 1544 2897 1614 etc.,
2947 1554 3088 1611 quae
3117 1535 3271 1599 huic
3299 1535 3439 1599 loco
3470 1534 3742 1598 minime

490 1632 881 1696 conveniunt
938 1653 953 1696 :
1008 1650 1128 1696 nec
1180 1651 1320 1714 quae
1368 1631 1581 1695 statim
1635 1638 1992 1713 sequuntur
2048 1633 2216 1698 hanc
2289 1635 2639 1699 admittunt
2709 1634 3339 1718 interpretationem;
3415 1634 3738 1697 subnectit

488 1732 663 1794 enim
715 1751 730 1795 :
769 1753 798 1791 α
830 1731 1246 1812 Perspicuum
1278 1737 1369 1794 est
1399 1730 1597 1811 igitur
1625 1731 1796 1813 quod
1845 1731 2087 1796 situna
2137 1741 2202 1798 et
2232 1733 2458 1798 eadem
2505 1742 2782 1817 potestas
2827 1741 2888 1798 et
2929 1734 3130 1799 Patris
3181 1742 3244 1798 et
3296 1732 3438 1796 Filii
3488 1739 3551 1797 et
3599 1733 3738 1814 Spi-

484 1829 646 1892 ritus
671 1829 894 1893 sancti.
929 1851 959 1888 »
988 1829 1280 1893 Similem
1310 1829 1745 1911 objectionem
1776 1829 1924 1893 facit
1951 1831 2033 1895 ad
2066 1833 2253 1898 Rom.
2284 1833 2515 1915 primo,
2545 1833 2637 1896 ibi
2673 1852 2686 1896 :
2720 1837 2845 1897 Per
2863 1852 3041 1914 quem
3059 1837 3403 1912 accepimus
3431 1836 3723 1911 gratiam.

485 1927 610 1991 Sed
639 1927 921 1991 nimium
954 1928 1054 1991 his
1100 1928 1443 1992 immoror.
1493 1929 1555 1991 Si
1600 1929 1742 2010 quis
1791 1934 2011 1991 tamen
2068 1945 2145 1991 ex
2192 1927 2335 1991 aliis
2384 1927 2682 2008 Epistolis
2730 1927 3020 2009 quaedam
3055 1926 3395 2002 desideret,
3451 1925 3738 1992 conferat

485 2025 777 2106 primum
830 2034 1024 2108 caput
1074 2026 1156 2090 ad
1204 2026 1663 2108 Philippenses,
1719 2025 1834 2089 ubi
1881 2042 2016 2089 non
2067 2044 2273 2107 pauca
2320 2025 2514 2089 fuisse
2574 2026 2855 2090 multum
2923 2035 3227 2109 corrupta
3279 2027 3734 2109 deprehendet.

484 2123 819 2207 Expendat
870 2125 1029 2188 item
1075 2143 1221 2207 quae,
1270 2123 1780 2206 Theophylaclus
1834 2125 1900 2187 in
1947 2142 2101 2187 eum
2147 2123 2330 2187 Pauli
2378 2124 2597 2188 locum
2655 2126 2737 2187 ad
2784 2126 3376 2193 Thessalonicenses
3431 2136 3657 2211 quarto
3721 2148 3735 2192 :

486 2221 630 2284 Non
688 2223 994 2284 hominem
1050 2227 1300 2302 spernit,
1346 2224 1454 2285 sed
1503 2224 1723 2299 Deum,
1756 2221 2201 2306 pulcherrima
2229 2222 2588 2305 scripserat.
2643 2232 2706 2288 et
2755 2224 3113 2307 plurimum
3157 2227 3352 2291 fuisse
3385 2227 3741 2292 deformata

488 2321 843 2401 comperiet
898 2328 1010 2384 :et
1038 2322 1335 2403 quaedam
1366 2321 1485 2385 sub
1545 2321 1743 2385 finem
1774 2320 2061 2403 ejusdem
2098 2319 2321 2400 capitis
2368 2320 2602 2385 omissa
2646 2321 2838 2385 fuisse
2886 2324 3247 2407 perspiciet.
3303 2326 3506 2408 Atque
3556 2325 3737 2389 illinc

487 2424 766 2483 transeat
820 2419 901 2483 ad
929 2420 1159 2501 primae
1187 2420 1269 2485 ad
1316 2420 1730 2486 Timotheum
1758 2427 1948 2503 caput
1985 2418 2270 2502 primum
2309 2437 2324 2482 :
2375 2425 2437 2482 et
2468 2419 2746 2501 glossam
2796 2420 2866 2483 in
2912 2421 3072 2486 illud
3104 2424 3308 2500 Pauli,
3342 2424 3474 2487 Sed
3496 2429 3738 2487 miseri-

485 2518 757 2580 cordiam
786 2527 1130 2582 consecutus
1169 2538 1327 2600 sum,
1358 2525 1505 2601 qiua
1536 2524 1824 2599 ignorans
1850 2519 1989 2598 feci,
2029 2518 2328 2592 excutiat,
2375 2524 2437 2580 et
2484 2519 2552 2581 in
2588 2537 2716 2581 una
2765 2520 3082 2584 eteadem
3113 2522 3322 2604 glossa
3367 2542 3505 2588 non
3537 2524 3741 2588 semel

484 2616 739 2700 lapsum
767 2617 1185 2700 interpretem
1221 2618 1492 2683 notabit.
1519 2619 1593 2682 In
1622 2618 1903 2702 Epistola
1940 2635 2093 2680 vero
2122 2616 2204 2680 ad
2236 2615 2681 2681 Philemonem
2713 2619 2883 2700 quod
2917 2626 3143 2684 contra
3167 2622 3361 2686 etiam
3394 2625 3737 2688 Porsenna:

485 2716 844 2780 versionem
892 2716 1082 2779 faciat
1135 2717 1435 2799 reperiet,
1494 2716 1605 2781 ubi
1663 2738 1676 2782 :
1732 2713 2099 2799 Imperandi
2150 2714 2323 2795 quod
2368 2715 2450 2778 ad
2515 2734 2656 2779 rem
2719 2718 3031 2799 pertinet;
3085 2719 3483 2783 contrariam
3542 2721 3739 2785 habet

484 2814 890 2877 sententiam.
948 2814 1290 2877 Porsennze
1343 2814 1520 2877 enim
1564 2815 1883 2898 accepisse
1921 2813 2173 2877 videtur
2201 2812 2261 2872 τὸ
2305 2816 2525 2888 ἀνῆκον,
2565 2815 2745 2897 quasi
2789 2841 2823 2876 α
2854 2816 3159 2898 privativa
3191 2818 3507 2900 particula
3550 2827 3732 2901 esset,

485 2930 638 2975 cum
690 2912 972 2989 verterit,
1032 2915 1197 2993 quod
1246 2915 1330 2975 ad
1385 2932 1512 2975 rem
1561 2933 1684 2976 non
1728 2918 2033 2996 pertinet;
2084 2929 2211 2993 quo
2269 2912 2337 2973 in
2385 2930 2608 2976 errore
2662 2931 2957 2995 pergens,
3016 2923 3217 2980 totam
3285 2918 3736 2999 Theophylacti

484 3010 784 3091 pervertit
813 3010 1333 3092 explicationem,
1368 3029 1518 3075 cum
1553 3012 1762 3094 potius
1791 3010 2190 3076 contrarium
2237 3010 2627 3090 significaret
2652 3012 2714 3071 τὸ
2744 3013 2959 3089 ἀνῆκον,
2988 3032 3225 3096 nempe
3265 3016 3436 3098 quod
3466 3017 3546 3080 ad
3594 3036 3733 3081 rem

482 3108 779 3191 pertinet,
815 3109 941 3172 sive
987 3109 1047 3168 τὸ
1076 3109 1307 3190 πρέπον,
1342 3117 1415 3172 ut
1457 3110 1544 3173 ait
1570 3109 1820 3186 Suidas,
1873 3110 1995 3173 hoc
2042 3128 2109 3173 es

2106 3114 2136 3172 .t
2162 3109 2336 3190 quod
2392 3108 2594 3186 decet,
2644 3111 2816 3193 quod
2850 3113 3169 3191 convenit,
3204 3114 3368 3178 sicut
3394 3115 3455 3176 τὸ
3501 3119 3736 3187 καθῆκον

481 3206 752 3287 ofﬁcium
785 3206 1023 3270 dicitur
1076 3207 1284 3280 Ἀνήκω
1330 3206 1507 3271 enim
1560 3214 1653 3272 est
1696 3209 1951 3284 attineo,
2005 3225 2111 3286 per

2100 3208 2294 3283 "tinea,
2331 3217 2545 3287 specto,
2596 3210 2763 3273 sicut
2812 3211 3064 3286 καθήκω,
3098 3214 3378 3294 προσήκω,
3428 3220 3730 3296 convenio,

482 3312 913 3368 consentaneus
971 3325 1121 3369 sum.
1182 3306 1285 3370 Sic
1342 3306 1805 3371 Demosthenes
1856 3307 1968 3383 ait,
2022 3305 2090 3365 τὰ

2149 3308 2220 3376 εἰς
2270 3308 2464 3389 ἀρετὴν
2533 3309 2823 3385 ἀνήκοντα,
2880 3310 2962 3374 ad
3015 3311 3314 3376 virtutem
3364 3315 3734 3395 spectantia,

480 3402 830 3484 interprete
878 3403 1158 3482 Budaeo;
1208 3423 1355 3486 quae
1416 3404 1797 3485 signiﬁcatio
1846 3405 2000 3468 huic
2031 3404 2172 3469 loco
2222 3406 2503 3471 maxime
2551 3409 2869 3473 convenit.
2919 3410 3043 3474 Sed
3096 3410 3175 3474 de
3222 3412 3417 3494 hujus
3446 3413 3736 3478 versione

482 3500 763 3581 eleganti
810 3500 1096 3583 quidem,
1160 3502 1270 3565 sed
1332 3520 1561 3583 parum
1625 3502 1778 3578 ﬁda,
1833 3504 1983 3566 satis
2041 3510 2232 3567 antea
2300 3504 2543 3568 dictum
2607 3514 2795 3588 puto;
2847 3506 3047 3571 linem
3117 3509 3333 3591 itaque
3382 3510 3567 3589 facio,
3619 3530 3740 3577 nec

478 3598 752 3661 verbum
780 3597 946 3661 addo
999 3617 1013 3661 :
1061 3597 1172 3680 qui
1220 3597 1409 3680 plura
1449 3598 1788 3679 desiderat,
1827 3607 2031 3664 totum
2074 3618 2256 3681 opus,
2303 3602 2353 3665 si
2382 3602 2582 3679 lubet,
2629 3604 2936 3683 conferat,
2966 3613 3049 3682 et,
3103 3606 3173 3669 ni
3220 3606 3430 3683 fallor,
3480 3608 3737 3673 labores

478 3703 732 3760 nostros
752 3696 907 3760 boni
931 3696 1245 3761 consulet.
1283 3700 1455 3761 Bene
1479 3699 1647 3777 vale,
1699 3698 1975 3763 candide
2010 3700 2262 3776 Lector,
2319 3706 2381 3764 et
2415 3700 2510 3764 tui
2545 3701 2829 3766 Montani
2859 3710 3128 3768 conatus
3174 3706 3296 3769 tuis
3326 3706 3553 3770 studiis
3589 3725 3736 3788 pro-

477 3794 657 3859 desse
680 3795 997 3878 cupientis
1022 3797 1090 3859 in
1109 3795 1348 3861 bonam
1382 3806 1651 3879 partem,
1694 3817 1937 3881 quaeso,
1961 3796 2199 3879 accipe.

558 3930 845 4005 Lutetiae,
876 3949 910 3993 e
935 3949 1158 3994 musco
1183 3938 1403 3995 nostro
1427 3932 1839 4010 Tornacensi,
1883 3951 1969 3996 xn
1996 3930 2310 4008 Octobris,
2337 3951 2511 3997 anno
2537 3952 2722 3999 nam.

1798 4213 2429 4324 MONITUM

1013 4431 1125 4523 T.
1197 4431 1579 4526 BAILII
1660 4436 2242 4531 EDITORIS
2328 4416 3184 4537 LONDINENSIS.

546 4714 923 4806 Praematurus
967 4719 1419 4779 doctissimorum
1467 4720 1651 4780 obitus
1698 4739 1868 4796 quam
1913 4725 2065 4799 gravi
2114 4724 2371 4784 Ecclesiae
2400 4724 2822 4805 studiorumque
2860 4732 3219 4792 incommodo
3249 4736 3472 4793 evenire
3506 4736 3733 4806 assolet,

477 4804 854 4863 condocefecit
875 4824 1122 4880 nuperus
1148 4809 1595 4867 reverendissimi
1619 4813 1747 4883 viri,
1775 4822 1941 4887 atque
1965 4815 2118 4871 omni
2153 4815 2474 4873 litterarum
2493 4834 2695 4891 genere
2730 4804 3136 4891 iexcultissimi,
3173 4822 3392 4881 domini
3431 4804 3731 4897 Augustini

474 4893 755 4984 Lindselli,
784 4897 1022 4971 episcopi
1051 4899 1496 4970 Herefordensis,
1536 4902 1680 4959 inter
1723 4904 1911 4960 media
1953 4905 2180 4978 optimae
2223 4903 2398 4979 frugis
2445 4908 2733 4966 molimina
2778 4911 3011 4984 abrepti.
3067 4915 3248 4983 Quem
3295 4914 3370 4971 ita
3399 4893 3733 4971 exstinctum

472 4982 639 5041 etiam
664 4984 838 5057 ignoti
865 4986 1094 5044 ﬂebunt.
1121 4991 1197 5044 At
1224 5004 1352 5046 vero
1396 4990 1509 5047 mei
1542 4991 1796 5048 muneris
1823 5007 1945 5049 esse
1989 4993 2118 5050 duxi
2144 4992 2262 5066 (qui
2304 4995 2361 5051 in
2406 4995 2714 5055 istiusmodi
2743 4982 2943 5057 studiis
2984 5000 3062 5056 illi
3093 4982 3451 5067 inservierim)
3478 5018 3592 5059 non
3617 5010 3735 5058 tam

471 5072 791 5131 defunctum
838 5075 1036 5148 ignavo
1065 5085 1263 5150 questu
1298 5079 1576 5154 prosequi,
1624 5095 1796 5154 quam
1846 5097 1974 5155 qua;
2018 5082 2276 5155 voluerit,
2323 5085 2669 5157 meminisse;
2718 5103 2846 5161 quae
2876 5089 3245 5160 mandaverit,
3291 5091 3530 5163 exsequi.
3586 5092 3734 5148 Hinc

471 5164 694 5254 animus
722 5165 860 5223 mihi
890 5167 1320 5238 accendebatur,
1350 5169 1520 5227 hosce
1546 5170 1948 5245 Theophylacti
1993 5173 2458 5244 Commentarios,
2498 5191 2638 5248 quos
2665 5177 2758 5234 ille
2785 5179 2935 5236 bono
2964 5180 3188 5252 publico
3210 5180 3602 5252 destinaverat,
3633 5196 3735 5254 pro

468 5251 849 5344 mediocritate
907 5270 1035 5313 mea
1081 5254 1264 5327 potius
1312 5259 1584 5328 excolere,
1630 5275 1801 5332 quam
1851 5277 1959 5318 una
2005 5279 2139 5321 cum
2185 5265 2304 5336 ipso
2362 5265 2625 5337 sepelire.
2678 5268 2897 5326 Priores
2936 5251 3107 5342 ipsius
3155 5286 3317 5329 curas
3367 5279 3535 5344 atque
3562 5251 3735 5328 etiam

469 5342 734 5399 secundas
759 5344 966 5415 experti
1004 5353 1163 5401 erant
1189 5362 1203 5399 :
1238 5360 1433 5403 manus
1461 5355 1679 5404 tantum
1706 5349 1895 5406 deerat
1917 5367 2194 5426 suprema.
2222 5356 2389 5413 Unde
2410 5357 2538 5414 licet
2560 5357 2813 5417 fortassis
2840 5361 2989 5419 haud
3018 5378 3196 5435 usque
3238 5362 3378 5420 adeo
3425 5342 3734 5433 absolutos,

467 5444 591 5524 non
610 5435 1066 5524 tamenjomnino
1095 5435 1373 5507 neglectos
1424 5437 1642 5508 prodire
1670 5441 1997 5513 comperies.
2040 5443 2507 5503 Describebantur
2541 5462 2571 5503 e
2615 5457 2831 5507 vetusto
2859 5450 3048 5507 codice
3078 5451 3452 5524 manuscripto
3482 5449 3737 5507 illustris-

470 5517 593 5615 simi
638 5521 857 5615 comitis
901 5524 1284 5615 Arundeliani,
1329 5527 1547 5599 Anglia:
1587 5529 1959 5601 mareschalli,
1984 5532 2088 5588 viri
2117 5541 2179 5591 ut
2204 5535 2431 5608 antiquo
2479 5545 2796 5609 stemmate,
2825 5540 2900 5599 ita
2929 5543 3113 5615 politae
3159 5517 3506 5615 antiquitatis
3551 5539 3735 5598 studio

470 5605 768 5707 decantati.
793 5612 927 5668 Post
949 5612 1448 5707 apographoncum
1466 5626 1760 5693 prototypo
1785 5620 2025 5679 ﬁdeliter
2047 5605 2436 5695 commissum,
2463 5626 2533 5684 ad
2552 5644 2725 5686 unum
2762 5605 2819 5687 et
2840 5605 3078 5689 alterum
3110 5605 3391 5705 exemplar
3423 5631 3740 5689 Oxoniense

474 5702 721 5755 instituta
749 5707 836 5756 est
859 5702 1167 5774 castigatio.
1213 5704 1357 5775 Quia
1393 5706 1449 5764 in
1480 5723 1542 5767 re
1583 5718 1854 5783 quantum
1889 5711 1977 5771 ille
2008 5712 2134 5774 ﬁdei
2164 5714 2562 5791 industriaeque
2606 5718 2883 5792 praestitit,
2911 5720 3169 5781 testando
3209 5702 3375 5781 erunt
3403 5720 3506 5779 viri
3534 5719 3605 5780 ad
3627 5720 3742 5777 ele-
