4128 6424
394 447 500 502 329

1762 446 2269 504 PREFATIONES.

3526 452 3634 507 330

393 569 712 644 gantiorem
750 568 1060 627 doctrinam
1103 568 1254 640 facti,
1283 569 1527 628 Thomas
1551 569 1780 643 Triplet,
1808 572 2020 629 amicus
2045 571 2183 629 mihi
2215 570 2435 639 unicus,
2465 579 2525 628 et
2550 574 2797 628 Joannes
2827 570 3164 645 Gregorius;
3192 586 3331 644 quos
3362 572 3424 630 in
3452 582 3635 646 poste-

392 659 560 716 rioris
589 659 921 733 exemplaris
945 660 1232 717 collatione
1277 660 1377 717 sibi
1423 660 1691 732 συνεργοὺς
1718 660 1933 718 ascivit.
1978 662 2316 719 Caeterarum
2366 661 2574 718 scilicet
2618 660 2761 718 illius
2788 674 3049 717 curarum
3077 676 3179 734 ego
3216 661 3333 733 ipse
3354 664 3636 729 conscius,

389 747 693 807 editionem
721 750 889 807 istam
912 750 983 807 ad
1011 759 1259 808 mentem
1289 750 1427 822 ejus,
1457 758 1729 824 quantum
1757 758 1907 822 pote,
1935 747 2218 805 adornavi.
2252 748 2638 822 Discrepantes
2669 749 2925 807 codicum
2950 748 3233 818 lectiones;
3263 750 3639 825 appinguntur

387 853 534 895 areae
562 838 872 911 marginali.
901 839 1214 897 Asteriscus
1236 839 1538 896 dictionem
1568 838 1809 912 loquitur
1835 837 1905 894 ab
1941 851 2054 893 uno
2078 847 2178 894 aut
2199 839 2372 896 altero
2392 840 2582 897 codice
2611 840 2919 910 absentem,
2953 848 3117 914 atque
3138 840 3257 897 sine
3288 856 3487 913 magno
3520 857 3639 898 sen-

387 928 581 985 tentiae
608 926 948 985 detrimento
972 927 1283 985 delebilem.
1312 928 1412 985 ’lo.
1442 936 1648 985 tessera
1672 936 1757 985 est
1782 927 2133 1000 conjectum,
2172 928 2260 985 cui
2284 929 2504 1002 parcius
2532 928 2887 997 indulsimus,
2920 945 3029 1002 quo
3072 929 3172 986 tibi
3200 928 3438 986 facultas
3466 931 3641 1004 magis

388 1017 605 1091 integra
640 1016 951 1090 judicandi.
999 1019 1191 1076 Latina
1242 1017 1469 1091 quidem
1496 1018 1674 1074 versio
1698 1024 1782 1074 est
1806 1016 2042 1089 Philippi
2069 1020 2348 1088 Montani;
2377 1035 2573 1077 verum
2603 1019 2804 1093 ubique
2848 1018 2987 1077 adeo
3032 1036 3066 1077 a
3108 1019 3269 1076 nobis
3310 1018 3640 1091 interpolata

387 1115 553 1180 atque
579 1105 652 1165 ad
679 1107 1015 1166 Graecorum
1044 1107 1334 1165 veritatem
1363 1114 1638 1177 revocata,
1675 1114 1736 1163 ut
1777 1106 1841 1176 (si
1868 1121 1965 1179 per
2000 1122 2199 1179 operas
2230 1106 2643 1181 typographicas
2676 1106 2918 1165 licuisset
2962 1107 3275 1181 importune
3298 1104 3640 1165 festinabuu-

387 1193 513 1265 das)
542 1197 736 1254 minus
762 1195 998 1255 mdium
1025 1194 1167 1254 foret
1188 1212 1346 1254 nova;
1374 1212 1598 1270 prorsus
1634 1195 1953 1254 condenda}.
1983 1196 2048 1251 Id
2068 1196 2216 1269 quod
2241 1196 2715 1254 committentibus
2744 1196 2995 1270 liquebit.
3034 1198 3185 1255 Vale.

1164 1602 1315 1666 PRO
1359 1602 1711 1666 SINGULIS
1757 1601 2297 1668 EPISTOLARUM
2344 1603 2865 1666 ARGUMENTIS.

421 1870 516 1927 Ad
544 1873 826 1928 Romanos
855 1886 923 1927 ea:
966 1872 1220 1930 Corintho
1246 1872 1433 1928 scribit
1477 1872 1791 1943 Apostolus,
1825 1886 1957 1943 quos
1985 1875 2039 1939 Α
2068 1872 2407 1942 mysterium,
2435 1871 2530 1927 sed
2549 1874 2792 1940 perstare
2812 1889 2846 1927 a
2869 1872 3061 1928 saculo
3092 1889 3111 1926 .·
3136 1876 3188 1928 et
3212 1873 3328 1928 alia
3352 1874 3527 1929 multa
3551 1890 3672 1945 qua:

350 1959 593 2014 nondum
619 1959 860 2027 viderat,
899 1961 1113 2016 visendi
1145 1965 1325 2017 tamen
1349 1961 1703 2032 percupidus,
1734 1962 1867 2031 quia
1894 1961 1960 2017 de

351 2048 439 2104 his
469 2049 643 2104 multa
666 2054 963 2121 acceperat,
995 2065 1229 2121 quorum
1259 2055 1311 2107 et
1337 2052 1564 2121 suscipit
1591 2055 1647 2106 et
1675 2051 1867 2105 laudat
1889 2052 1957 2119 ﬁ-

350 2137 498 2202 dem,
525 2141 588 2192 ut
619 2155 789 2209 quam
814 2142 976 2195 sciret
1000 2141 1156 2208 fama
1175 2146 1227 2196 et
1246 2142 1460 2196 nomine
1486 2141 1742 2196 celebrem
1769 2145 1820 2195 et
1844 2141 1961 2195 ubi-

349 2244 459 2299 que
500 2228 783 2298 vulgatam
816 2248 834 2281 :
880 2233 933 2284 et
977 2234 1059 2297 (ut
1095 2234 1291 2286 cratera
1320 2232 1584 2298 omittam)
1628 2230 1694 2286 de
1719 2232 1958 2301 gentium

347 2320 629 2374 vocatione
664 2320 931 2390 copiosius
959 2319 1202 2375 disserit.

425 2481 534 2537 Nec
557 2494 704 2536 secus
732 2496 801 2535 ea:
837 2481 1050 2551 Epheso
1085 2482 1160 2536 ad
1188 2482 1489 2538 Corinthios
1518 2480 1713 2537 scribit
1738 2482 1954 2552 Episto-

350 2571 486 2632 Iam,
536 2570 656 2625 illos
700 2570 1005 2640 objurgans
1041 2571 1186 2641 quod
1212 2572 1514 2641 plurimum
1549 2573 1693 2627 inter
1720 2586 1775 2626 se
1803 2572 1961 2627 dissi-

350 2660 564 2726 derent,
605 2666 657 2715 et
692 2662 1023 2730 primarium
1050 2660 1338 2730 quemdam
1365 2676 1393 2716 e
1430 2663 1546 2716 suis
1568 2677 1680 2716 rem
1719 2676 1838 2715 cum
1863 2676 1957 2715 no-

348 2763 511 2802 verca
558 2748 835 2804 habentem
901 2752 1037 2804 satis
1096 2750 1452 2819 negligerent,
1504 2751 1805 2820 vellentque
1863 2750 1960 2804 sub

348 2836 632 2892 calibatus
653 2842 928 2908 prieteatu
948 2839 1195 2895 nonnulli
1216 2839 1455 2893 divortia
1475 2841 1677 2907 facere,
1695 2844 1748 2895 et
1768 2854 1961 2894 umores

350 2928 657 2998 relinquere
696 2945 714 2980 :
744 2932 795 2983 et
833 2929 995 2983 multi
1023 2929 1340 2999 idolothytis
1367 2934 1706 2985 vescerentur
1737 2946 1751 2983 :
1783 2935 1836 2985 et
1864 2930 1965 2984 alii

348 3020 557 3072 cateris
576 3017 741 3088 plane
763 3022 1100 3089 contemptis,
1127 3033 1212 3074 eos
1236 3019 1515 3075 duntaxat
1536 3020 1960 3087 demirarentur,

2069 1960 2145 2016 ad
2172 1961 2263 2016 hos
2291 1962 2350 2016 in
2377 1962 2481 2032 ﬁde
2509 1962 2809 2031 ﬁrmandos
2836 1964 3075 2018 maxime
3102 1964 3344 2030 faciunt.

2139 2136 2232 2192 Ad
2277 2137 2648 2208 Philippenses
2679 2139 2905 2208 insuper
2933 2138 3143 2193 litteras
3188 2139 3360 2194 mit/it
3405 2154 3474 2194 ea:
3512 2138 3671 2209 Urbe,

2067 2241 2200 2296 quos
2228 2226 2448 2281 adierat
2474 2243 2622 2295 sane,
2663 2232 2714 2283 et
2750 2228 2825 2282 ad
2852 2227 3013 2297 ﬁdem
3043 2230 3403 2284 instruxerat.
3436 2231 3538 2285 His
3567 2232 3672 2285 ita-

2069 2332 2173 2386 que
2218 2317 2381 2370 Paulo
2424 2318 2534 2386 ipsi
2576 2322 2627 2371 et
2668 2319 2870 2372 sanctis
2910 2318 3187 2373 nonnullis
3230 2319 3674 2375 ministrantibus

2066 2408 2384 2469 necessaria,
2406 2408 2593 2461 erorti
2614 2410 2743 2460 sunt
2763 2406 3017 2476 quidam,
3045 2409 3144 2476 qui
3158 2411 3348 2477 pravis
3370 2410 3673 2478 persuasio-

2068 2494 2251 2558 nibus,
2295 2498 2345 2549 et
2372 2496 2472 2549 sub
2504 2495 2634 2563 legis
2667 2496 2860 2549 umbra
2887 2500 2941 2549 et
2986 2497 3386 2552 circuncicionis
3429 2498 3669 2561 obtentu,

2069 2584 2394 2653 simplicium
2414 2585 2770 2654 quorumdam
2799 2589 3209 2654 corrumperent
3233 2601 3416 2649 aures,
3437 2601 3674 2642 asseren—

2071 2678 2151 2728 tes
2190 2675 2453 2727 neminem
2476 2688 2632 2743 posse
2662 2675 2777 2728 sine
2805 2674 2914 2743 lege
2934 2673 3257 2744 justiﬁcari.
3292 2676 3444 2743 Quod
3469 2677 3672 2731 Paulus

2071 2762 2329 2830 audiens,
2351 2763 2789 2833 Philippensium
2800 2765 2981 2833 primo
3001 2763 3164 2832 ﬁdem
3179 2765 3393 2834 probat,
3417 2770 3468 2820 et
3482 2781 3672 2820 eorum

2070 2868 2129 2907 se
2151 2853 2463 2907 memoriam
2490 2852 2686 2907 habere
2706 2853 2847 2906 inter
2865 2853 3200 2923 precandum
3227 2854 3443 2920 fatetur
3461 2869 3674 2910 comme-

2070 2946 2360 3012 moratque
2379 2941 2832 3012 quemadmodum
2859 2944 3037 2997 Romae
3064 2957 3175 2997 sese
3197 2958 3258 2997 ac
3285 2942 3489 2999 Christi
3509 2944 3675 3013 ﬁdem

2074 3035 2286 3086 tutatus
2333 3034 2428 3096 sit,
2460 3036 2513 3087 et
2553 3034 2652 3102 qui
2671 3038 2948 3103 praeterea
2992 3033 3205 3087 molesti
3246 3033 3352 3088 sibi
3380 3035 3440 3088 in
3467 3035 3679 3089 vinculi

349 3108 454 3176 qui
492 3109 666 3161 essent
703 3105 1026 3176 linguarum
1071 3108 1312 3177 gratiam
1353 3110 1619 3164 consecuti
1646 3125 1666 3163 :
1713 3113 1789 3178 et,
1819 3109 1962 3179 quod
1990 3128 2037 3190 Β
2072 3122 2307 3188 fuerint,

350 3200 474 3249 erat
497 3195 894 3261 detestabilius,
924 3212 1268 3267 nequaquam
1292 3197 1570 3253 crederent
1592 3198 1830 3253 humana
1856 3214 1961 3254 cor-

344 3300 483 3353 pora
506 3289 633 3355 post
659 3289 887 3339 mortem
926 3286 1317 3342 resurrectura.
1351 3287 1444 3343 Ad
1478 3288 1684 3342 eosdem
1711 3287 1959 3359 deinceps

348 3378 401 3427 et
447 3374 615 3428 aliam
656 3390 728 3428 ea:
776 3374 1087 3431 Macedonia
1132 3377 1337 3440 scribit,
1382 3377 1602 3447 quando
1643 3378 1863 3447 quidem
1894 3394 1962 3433 ex

342 3463 526 3532 priore
546 3464 854 3532 plurimum
874 3466 1236 3533 profecissent
1259 3482 1280 3521 :
1298 3468 1499 3536 quippe
1523 3482 1654 3536 quos
1675 3470 1962 3536 pmziteret

349 3551 547 3606 tandiu
577 3553 939 3619 fornicantem
968 3554 1126 3609 illum
1159 3557 1371 3623 tulisse,
1402 3556 1497 3610 sed
1531 3559 1745 3627 arrepti
1770 3558 1963 3613 deinde

346 3641 884 3697 seditiosissimorum
908 3644 1185 3699 hominum
1202 3660 1497 3716 persuasu,
1531 3647 1659 3714 legis
1684 3648 1963 3701 duntaxat

357 3731 563 3784 littera
592 3730 937 3797 inhaeserant,
974 3734 1387 3802 indifferentem
1421 3737 1794 3792 emistimantes
1829 3754 1959 3807 gra-

362 3821 499 3872 tiam
521 3834 641 3888 qua
653 3836 687 3873 a
703 3820 910 3876 Christo
926 3827 1062 3879 esset
1080 3826 1138 3878 in
1158 3825 1363 3880 multos
1385 3826 1581 3880 collata
1600 3845 1617 3881 :
1644 3830 1775 3897 quin
1798 3831 1962 3883 etiam

366 3913 419 3962 et
442 3914 788 3980 praeceptores
807 3912 1105 3968 admodum
1126 3914 1479 3984 jactitabant,
1509 3921 1560 3972 et
1592 3919 1777 3987 gloria:
1804 3918 1961 3972 duce-

365 3997 515 4061 bant,
544 4014 659 4053 cum
681 4000 879 4071 Apollo
902 4004 1097 4057 vellent
1124 4005 1208 4059 vel
1235 4005 1425 4075 Cephea
1457 4011 1645 4075 partes
1673 4010 1871 4073 tutari,
1899 4009 1961 4063 id

359 4093 438 4141 est
449 4104 605 4144 suum
620 4093 846 4161 quisque
861 4108 1019 4162 quem
1029 4098 1329 4149 sectaretur
1341 4096 1615 4167 extollere,
1628 4097 1773 4153 unde
1785 4099 1960 4152 multa

356 4184 508 4234 erant
531 4182 673 4235 inter
697 4181 797 4235 hos
817 4182 1012 4237 oborta
1036 4182 1272 4239 dissidia
1296 4203 1313 4236 .-
1341 4184 1554 4256 alioqui
1575 4188 1633 4241 in
1655 4192 1959 4243 sanctorum

347 4269 662 4325 alimoniam
690 4270 911 4326 abunde
953 4277 1003 4327 et
1046 4273 1346 4330 liberaliter
1373 4276 1740 4343 conferebant.

422 4431 509 4486 Ea:
537 4433 707 4488 Roma
733 4431 811 4487 ad
839 4432 1063 4489 Galatas
1097 4435 1301 4492 litteras
1330 4436 1499 4493 dedit.
1532 4439 1639 4494 Hos
1664 4441 1807 4494 enim
1835 4455 1955 4496 cum

350 4525 511 4575 antea
553 4520 631 4575 ad
670 4521 835 4591 ﬁdem
870 4538 1035 4592 quam
1064 4527 1261 4595 optime
1287 4528 1660 4591 instrua‘isset,
1702 4534 1755 4584 et
1781 4530 1955 4585 credi-

350 4611 561 4665 dissent
590 4626 648 4666 eo
672 4612 1014 4681 praedicante
1044 4615 1105 4668 in
1143 4616 1417 4671 Christum
1458 4620 1657 4681 Iesum,
1694 4624 1813 4688 post
1840 4621 1957 4690 ejus

350 4698 641 4754 discessum
680 4715 811 4755 mea:
856 4701 1018 4771 lapsi,
1062 4705 1422 4774 improborum
1459 4705 1739 4761 hominum
1778 4724 1959 4778 sugge-

352 4790 526 4842 stione
551 4793 613 4842 ut
639 4804 695 4845 se
723 4791 1167 4847 circumciderent
1194 4796 1456 4865 compulsi
1487 4800 1632 4852 sunt.
1667 4798 1819 4865 Quod
1844 4800 1954 4853 uti-

355 4892 457 4946 que
478 4878 686 4934 Paulus
708 4895 854 4949 tegre
871 4882 1072 4947 ferens,
1101 4886 1234 4953 quia
1252 4890 1455 4954 praeter
1473 4901 1630 4941 suam
1652 4889 1954 4943 institutio-

356 4981 475 5021 nem
499 4969 755 5039 egissent,
783 4972 1001 5027 incusat
1026 4975 1207 5028 acrius
1232 4973 1380 5045 quod
1419 4990 1474 5031 se
1496 4976 1773 5033 celerrime
1817 4978 1954 5034 adeo

356 5057 753 5115 immutassent.

424 5218 513 5275 Ea:
559 5219 702 5276 Urbe
735 5225 1006 5293 praterea
1053 5227 1105 5281 et
1141 5225 1217 5281 ad
1238 5228 1498 5299 Ephesios
1538 5231 1755 5299 scribit,
1803 5230 1955 5288 haud

351 5308 487 5363 dum
514 5314 697 5366 tamen
716 5327 820 5382 per
844 5328 899 5369 se
920 5313 1120 5379 aditos,
1151 5316 1250 5372 sed
1274 5318 1564 5375 auditione
1585 5321 1756 5375 solum
1778 5337 1955 5392 perce-

346 5401 469 5468 ptos
504 5397 690 5468 ﬁdeles
714 5415 847 5466 esse,
878 5407 931 5459 et
972 5402 1248 5460 Christum
1280 5409 1464 5463 Iesum
1494 5411 1693 5479 optime
1718 5411 1953 5478 credere,

349 5491 402 5542 et
444 5489 595 5544 mira
625 5489 871 5560 quadam
915 5494 974 5547 in
1012 5499 1223 5551 sanctos
1249 5512 1428 5552 omnes
1475 5500 1630 5569 afﬁci
1666 5499 1953 5569 charitate,

352 5575 563 5648 alioqui
589 5594 624 5632 a
655 5593 711 5634 se
729 5595 1026 5652 percupere
1056 5585 1118 5638 in
1142 5585 1250 5653 ﬁde
1278 5586 1377 5640 hac
1402 5587 1663 5642 stabiliri.
1695 5590 1953 5658 Quocirca

351 5674 404 5724 et
457 5670 551 5726 hos
593 5687 701 5742 per
740 5672 953 5731 litteras
998 5679 1246 5743 instruit,
1294 5682 1468 5751 atque
1524 5682 1956 5755 haudquaquam

355 5764 777 5819 conmentitium
802 5779 937 5835 esse,
975 5770 1075 5822 aut
1108 5783 1281 5839 nuper
1314 5771 1595 5828 inventum
1630 5774 1724 5829 hoc
1751 5773 1959 5831 Christi

633 5853 883 5910 Parnm.
922 5855 1031 5914 Ga.
1072 5856 1290 5915 CXXIV.

2144 3278 2536 3334 Colossensibus
2565 3280 2729 3333 etiam
2766 3294 2835 3334 ea:
2891 3279 3028 3336 Urbe
3074 3280 3289 3336 litteras
3338 3281 3671 3351 impertitur,

2071 3370 2275 3438 quippe
2291 3384 2423 3438 quos
2444 3373 2680 3424 cerneret
2697 3385 2795 3439 per
2806 3370 3046 3424 homines
3063 3372 3324 3441 captiosos
3348 3374 3399 3425 et
3425 3371 3674 3425 subdolos

2071 3459 2231 3525 falsis
2260 3458 2587 3527 quibusdam
2616 3461 2949 3527 argumentis
2990 3461 3407 3515 circumventum
3443 3462 3533 3526 iri,
3579 3462 3677 3529 qui

2071 3547 2285 3603 Christi
2311 3548 2473 3616 ﬁdem
2511 3550 2847 3617 apertissime
2874 3547 3076 3603 Gracis
3105 3552 3349 3622 argutiis
3381 3552 3669 3619 impugna-

2068 3640 2214 3695 rent.
2253 3650 2373 3689 cum
2402 3636 2537 3708 legis
2587 3637 2837 3690 umbram
2867 3642 2918 3690 et
2947 3651 3091 3691 escas
3119 3641 3316 3692 vetitas
3339 3642 3674 3693 sectarentur

2068 3734 2121 3785 et
2146 3731 2602 3784 circumcisionem
2631 3730 2912 3799 efferrent.

2141 3893 2229 3947 Ea:
2269 3891 2497 3947 Athenis
2526 3906 2649 3945 vero
2684 3888 3244 3946 Thessalonicensibus
3271 3890 3479 3958 scribit,
3514 3891 3667 3962 apud

2068 3996 2201 4051 quos
2242 3985 2402 4035 antea
2427 3982 2616 4048 fuerat
2652 3982 2860 4036 diutius
2902 3989 3253 4035 commoratus
3285 3998 3304 4035 :
3331 3986 3382 4036 et
3409 3985 3667 4051 quoniam

2068 4071 2244 4126 multa
2273 4085 2393 4126 cum
2423 4072 2486 4125 in
2520 4072 2737 4136 Verria,
2770 4076 2884 4125 tum
2914 4070 3244 4126 Macedonica
3272 4073 3494 4127 cavitate
3533 4073 3664 4127 Phi-

2068 4162 2252 4231 lippis,
2275 4161 2659 4218 tumCorinthi
2669 4165 2720 4215 et
2746 4162 3139 4216 Thessalonica
3154 4160 3347 4235 fuerat
3352 4177 3663 4233 perpessus,

2066 4253 2273 4306 veritus
2289 4265 2355 4306 ne
2372 4252 2459 4306 vel
2483 4267 2550 4306 ea:
2577 4253 2694 4305 suis
2718 4252 2993 4321 pressaris
3018 4251 3106 4305 illi
3126 4252 3332 4318 offensi
3359 4252 3509 4307 haud
3530 4256 3669 4309 satis

2065 4340 2283 4395 stabiles
2319 4342 2521 4409 forent,
2559 4341 2644 4395 vel
2679 4356 2898 4395 marore
2932 4342 3101 4395 nimio
3142 4340 3206 4395 ob
3240 4356 3466 4397 suorum
3501 4358 3528 4397 e
3555 4346 3670 4399 vita

2067 4429 2359 4485 discessum
2386 4434 2783 4500 conﬁcerentur,
2810 4446 2916 4500 quo
2937 4432 3119 4500 patrio
3151 4446 3301 4485 more
3327 4436 3461 4486 certe
3489 4432 3666 4500 pluri-

2066 4535 2217 4574 mum
2251 4521 2608 4589 angebantur,
2660 4520 2992 4575 Timotheum
3037 4534 3158 4575 cum
3204 4521 3431 4589 epistola
3473 4520 3547 4573 ad
3583 4535 3667 4575 eos

2065 4609 2296 4672 dimisit,
2330 4614 2390 4663 ut
2420 4610 2476 4663 in
2503 4610 2612 4678 ﬁde
2639 4610 3078 4678 obﬁrmarentur,
3107 4624 3176 4662 ne
3205 4624 3480 4678 quoquam
3502 4615 3664 4679 pacto

2064 4699 2133 4753 ab
2158 4715 2221 4753 ea
2244 4699 2614 4766 desciscerent,
2656 4701 2767 4754 sive
2799 4700 2914 4769 ipsi
2936 4700 3356 4768 af/lictarenlur,
3389 4701 3501 4753 sive
3527 4699 3665 4754 alios

2063 4794 2338 4844 cernerent
2361 4790 2633 4858 afﬂictari
2658 4808 2676 4841 :
2708 4789 3078 4859 hortaturque
3121 4792 3185 4843 ut
3215 4788 3468 4843 ducerent
3493 4791 3665 4844 vitam

2062 4879 2511 4950 quemadmodum
2539 4894 2573 4933 α
2608 4894 2663 4933 se
2691 4880 3039 4949 accepissent.
3073 4877 3491 4947 Commonefacit
3513 4881 3665 4934 insu-

2056 4985 2179 5040 per,
2208 4984 2273 5024 ne
2317 4970 2559 5039 graviter
2592 4968 2781 5035 ferant
2818 4970 3168 5023 morientium
3196 4984 3402 5037 casum,
3456 4974 3509 5024 et
3544 4970 3664 5024 alia

2055 5059 2340 5130 pleraque.
2369 5059 2462 5113 Ad
2483 5058 2688 5113 eosdem
2714 5058 2918 5113 idcirco
2943 5073 3011 5113 ea:
3041 5059 3175 5114 Urbe
3202 5064 3252 5111 et
3282 5056 3457 5113 aliam
3480 5058 3665 5113 scribit

2062 5149 2387 5219 Epistolam,
2408 5150 2539 5218 quia
2558 5147 2708 5218 apud
2736 5163 2819 5203 eos
2840 5152 3001 5203 erant
3022 5145 3274 5202 nonnulli
3295 5147 3567 5216 segniores
3587 5146 3663 5201 ad

2064 5238 2280 5302 bonum,
2314 5241 2366 5294 et
2390 5239 2598 5293 nullius
2626 5239 2893 5292 momenti
2915 5238 3046 5299 viri,
3079 5237 3178 5305 qui
3206 5236 3343 5290 alios
3372 5238 3521 5288 mira
3545 5240 3666 5291 arte

2062 5327 2352 5396 fallebant,
2379 5333 2681 5384 astruentes
2712 5326 2956 5398 jamjam
2988 5327 3190 5380 instare
3228 5323 3439 5381 Christi
3461 5324 3663 5380 adven-

2064 5422 2201 5487 tum,
2233 5418 2385 5488 cujus
2405 5423 2459 5474 et
2484 5415 2719 5473 Paulum
2756 5415 2902 5485 falso
2930 5415 3270 5471 testabantur
3295 5417 3586 5482 auctorem,
3616 5418 3670 5470 et

2062 5522 2172 5563 sese
2193 5507 2339 5563 idem
2362 5510 2660 5578 cognovisse
2677 5521 2778 5578 per
2795 5507 3066 5575 Spiritum
3089 5503 3473 5574 afﬁrmabant.
3502 5503 3667 5574 Cujus

2062 5599 2145 5654 rei
2167 5599 2359 5653 certior
2383 5599 2564 5665 factus
2588 5595 2907 5666 Apostolus,
2933 5609 3035 5666 per
3072 5594 3285 5649 litteras
3319 5593 3667 5649 Thessaloni-

2064 5688 2305 5743 censium
2341 5688 2522 5757 primo
2562 5686 2856 5741 adauctam
2888 5683 3049 5754 ﬁdem
3075 5682 3367 5748 collaudat,
3407 5687 3460 5739 et
3494 5684 3669 5754 gloria

2060 5776 2220 5834 ducit
2248 5777 2393 5848 quod
2420 5775 2625 5835 Christi
2650 5774 2715 5831 ob
2741 5775 2982 5846 gratiam
3005 5773 3247 5830 viriliter
3272 5774 3485 5842 ferrent
3506 5788 3667 5845 pres-

3384 5865 3444 5919 Η
