4128 6448
502 446 593 500 331
1254 442 1342 498 ΑΙ)
1387 439 1903 499 THEOPHYLACTI
1944 438 2438 499 EXPOSITIONEM
2473 437 2539 499 ΙΝ
2575 442 2638 497 D.
2681 436 2971 497 PAULUM.

3632 434 3738 494 332

464 584 643 637 suras,
689 570 998 639 solaturque
1025 583 1264 624 asserens
1291 566 1481 624 illatas
1509 569 1593 625 his
1629 572 1795 626 Deum
1819 569 2061 624 vindica-
2087 575 2142 637 Α
2169 571 2340 624 simus
2360 569 2577 637 fugiens
2596 570 2819 624 Romam
2837 582 2892 621 se
2908 566 2981 620 ad
3003 564 3325 635 Apostolum
3346 563 3592 630 contulit,
3619 561 3770 632 apud

465 663 652 715 turum
672 659 997 730 quandoque
1023 659 1282 729 injurias.

533 750 735 806 Scribit
780 748 856 803 ad
904 749 1242 804 Timotheum
1282 763 1354 803 eo:
1391 748 1653 805 Laodicea
1688 764 1807 803 eam
1848 749 1913 803 ob
1941 762 2066 803 cau-

461 855 603 907 sam,
636 841 766 909 quia
802 839 1003 909 Ephesi
1033 842 1188 893 erant
1210 839 1484 908 permulti
1517 840 1617 909 qui
1640 838 1894 893 Iudaicos
1922 841 2062 892 ritus

461 933 756 992 servarent,
775 944 895 984 cum
921 929 1075 997 longe
1099 929 1261 983 aliter
1284 930 1398 999 ipse
1415 928 1672 998 Ephesios
1692 929 2060 994 instmmisset,

462 1018 744 1088 docereque
768 1022 817 1073 et
844 1018 1034 1085 fallere
1057 1018 1376 1087 integriores
1400 1032 1640 1088 quosque
1668 1017 2061 1072 adniterentur.

464 1110 719 1176 Quocirca
763 1108 1098 1162 Timotheum
1136 1108 1389 1162 hortatur
1416 1112 1479 1162 ut
1504 1108 1707 1178 Ephesi
1731 1110 1966 1173 maneat,
2011 1108 2062 1159 et

461 1202 801 1268 corruptores
847 1198 974 1252 illos
1015 1199 1245 1266 castiget
1289 1201 1343 1251 et
1379 1199 1639 1266 corrigat,
1669 1200 1732 1251 ut
1774 1196 1987 1251 tandem
2024 1211 2061 1249 a

460 1288 573 1343 suis
603 1287 873 1342 erroribus
917 1289 1276 1342 resanescant.
1322 1285 1418 1341 Ad
1447 1286 1690 1341 eumdem
1736 1286 1965 1341 secundo
1992 1300 2060 1340 ea:

468 1376 604 1432 Urbe
632 1376 913 1432 conscribit
941 1377 1264 1446 Epistolam,
1295 1380 1577 1446 monetque
1602 1379 1665 1430 ut
1684 1374 1759 1430 ad
1776 1390 1831 1430 se
1851 1374 2054 1429 redeat.

456 1469 596 1521 Erat
617 1467 758 1522 enim
782 1466 1079 1536 Apostolus
1105 1466 1174 1520 ab
1203 1467 1449 1520 omnibus
1478 1465 1600 1534 jam
1629 1465 1938 1527 destitutus,
1965 1464 2064 1534 qui

458 1570 636 1609 secum
665 1559 889 1610 Romam
918 1571 985 1609 ea:
1014 1556 1148 1612 Asia
1170 1557 1678 1626 commigraverant,
1701 1555 1909 1609 catenis
1932 1553 2059 1609 abs-

457 1646 659 1713 territi,
700 1645 900 1714 quibus
929 1649 1048 1700 erat
1078 1645 1376 1699 devinctus.

2176 674 2404 729 eumque
2418 658 2690 712 habitavit
2702 657 2997 727 conjectum
3012 656 3071 710 in
3086 669 3374 723 carcerem,
3390 657 3442 708 et
3457 655 3517 707 in
3536 652 3774 708 vinculis

2173 749 2471 804 detentum.
2505 749 2666 803 Hune
2691 748 2878 817 itaque
2901 761 3021 801 cum
3064 747 3116 801 ei
3140 747 3340 817 optime
3367 743 3769 814 obsequeretur,

2172 842 2223 893 et
2255 839 2401 893 brevi
2430 838 2637 909 probus
2679 838 2947 900 evasisset,
2978 840 3041 891 ut
3068 838 3120 891 ei
3155 838 3293 891 esset
3331 834 3615 900 acceptior,
3644 832 3770 889 Phi-

2171 925 2374 983 lemoni
2409 926 2749 982 commendat
2781 941 2884 997 per
2926 926 3165 989 litteras,
3197 924 3553 994 hortaturque
3596 927 3660 977 ut
3700 922 3766 976 li-

2175 1017 2377 1072 bertate
2414 1017 2594 1080 donet,
2623 1032 2720 1071 nec
2748 1032 2806 1071 eo
2847 1019 2911 1070 ut
2952 1030 3121 1079 servo,
3150 1013 3245 1070 sed
3275 1018 3334 1068 ut
3355 1014 3532 1081 fratre
3557 1015 3765 1066 utatur.

2241 1107 2341 1161 Ad
2385 1107 2633 1161 Hebraeos
2677 1106 2895 1160 demum
2934 1120 3007 1160 ea:
3036 1105 3208 1160 Italia
3245 1103 3437 1159 scribit
3477 1118 3499 1156 :
3541 1103 3637 1172 qui
3672 1102 3774 1157 etsi

2172 1197 2375 1253 Christi
2400 1199 2711 1267 acceperant
2735 1196 2917 1265 ﬁdem,
2949 1195 3098 1251 haud
3125 1198 3307 1249 tamen
3327 1206 3553 1265 prorsus
3592 1207 3628 1246 a
3654 1193 3769 1261 lege

2170 1286 2495 1353 defecerant.
2529 1286 2681 1353 Quod
2707 1301 2838 1340 sane
2865 1286 3050 1354 inique
3084 1285 3267 1351 ferens
3306 1282 3622 1353 Apostolus,
3670 1284 3775 1335 etsi

2168 1375 2242 1431 ad
2276 1380 2462 1445 gentes
2501 1378 2641 1443 erat,
2672 1378 2735 1429 ut
2770 1374 3127 1443 Evangelium
3151 1372 3494 1444 prcedicaret,
3524 1370 3646 1440 jam
3672 1370 3762 1426 de-

2169 1466 2422 1532 stinatus,
2451 1480 2560 1520 non
2587 1464 2682 1519 hos
2711 1468 2892 1519 tamen
2908 1461 3132 1534 ferebat
3154 1463 3283 1531 legis
3310 1462 3519 1516 umbris
3539 1460 3764 1523 obvolvi,

2169 1556 2490 1610 emistimans
2523 1553 2953 1624 haudquaquam
2990 1552 3332 1608 credentibus
3378 1551 3461 1607 his
3490 1550 3765 1605 molestam

2168 1645 2312 1700 hanc
2341 1645 2461 1713 fore
2490 1644 2791 1715 epistolam,
2820 1645 2885 1697 in
2909 1658 3021 1714 qua
3046 1642 3112 1697 de
3138 1641 3342 1698 Christi
3365 1640 3624 1709 adventu,
3654 1640 3768 1709 lege

525 1737 614 1790 Ea:
636 1734 892 1804 Nicopoli
916 1734 996 1788 ad
1031 1736 1211 1788 Titum
1245 1735 1454 1788 litteras
1482 1733 1702 1803 scribit,-
1725 1734 1802 1789 ibi
1827 1749 2058 1805 namque
2164 1736 2287 1805 ipsa
2314 1734 2602 1789 umbratili
2625 1733 2864 1788 disserat
2895 1751 2912 1788 :
2957 1748 3127 1803 quam
3152 1745 3378 1787 cessasse
3404 1732 3673 1800 afﬁrmat,
3711 1732 3763 1784 et

452 1825 793 1879 hiemaverat
811 1824 1034 1878 Paulus.
1063 1826 1125 1879 In
1149 1823 1306 1878 Creta
1329 1827 1509 1879 autem
1524 1826 1716 1879 Titum
1738 1825 2053 1894 reliquerat,

2160 1823 2304 1878 nihil
2324 1825 2381 1877 in
2397 1826 2669 1893 posterum
2690 1823 3008 1887 valituram,
3034 1824 3169 1892 quia
3195 1819 3442 1876 Christus
3467 1819 3764 1883 advenerit,

452 1916 627 1983 utper
646 1913 796 1968 urbes
816 1914 1127 1968 institueret
1151 1913 1475 1969 sacerdotes.
1498 1916 1673 1970 Erant
1695 1916 1838 1968 enim
1856 1913 2057 1968 ibidem
2084 1899 2132 1961 Β
2159 1928 2316 1983 quem
2338 1912 2441 1967 illa
2462 1914 2885 1982 prceﬁgurasset.

445 2004 693 2074 plerique
737 2005 835 2073 qui
874 2003 973 2059 sub
1020 2004 1151 2073 legis
1192 2007 1469 2074 praetextu
1508 2003 1756 2059 seducere
1793 2004 2059 2075 populum

450 2093 807 2147 conabantur.

521 2183 723 2239 Scribit
750 2198 818 2238 ere
854 2184 991 2239 Urbe
1019 2183 1092 2238 ad
1112 2181 1680 2254 Philemonemﬁcujus
1706 2197 1895 2238 servus
1920 2183 2053 2240 One-

2238 2004 2337 2058 His
2359 2004 2545 2071 itaque
2573 2002 2832 2072 Epistolis
2852 2000 3055 2057 Paulus
3078 2004 3188 2055 tam
3207 2000 3393 2056 valida
3408 1998 3764 2069 fundamenta

2155 2091 2311 2162 jecit,
2341 2096 2404 2146 ut
2445 2093 2785 2147 increscentis
2820 2092 2879 2146 in
2901 2095 3187 2163 posterum
3227 2090 3358 2162 ﬁdei
3398 2094 3556 2146 tanta
3587 2094 3766 2161 posset

2165 2181 2333 2237 moles
2359 2182 2589 2252 imponi.

1511 2435 1878 2498 LECTORI
1924 2433 2312 2497 VENETUS
2353 2433 2694 2496 EDITOR.

554 2725 771 2795 Prodit
815 2737 1029 2795 tomus
1069 2730 1227 2795 alter
1278 2729 1563 2813 Operum
1609 2724 2082 2812 Theophylacti,
2135 2746 2209 2792 ea
2248 2723 2512 2811 quidem
2555 2724 2903 2806 celeritate,
2944 2746 3139 2811 quam
3176 2726 3326 2792 satis
3357 2745 3492 2792 esse
3524 2732 3708 2810 puta-

474 2846 621 2892 mus
650 2828 730 2891 ad
756 2828 952 2893 ﬁdem
983 2829 1393 2893 astruendam
1448 2828 1861 2910 promissioni
1890 2835 2146 2906 nostrae,
2180 2847 2305 2911 qua
2335 2828 2404 2892 in
2450 2831 2694 2891 Prmvia
2735 2831 3156 2891 Declaratione
3194 2845 3314 2892 nos
3357 2827 3709 2892 obstrinxi-

472 2945 640 3003 mus,
684 2928 1002 3009 integram
1047 2945 1317 3008 operum
1350 2927 1639 3008 praeclari
1674 2926 1867 3009 hujus
1895 2927 2176 2992 auctoris
2219 2926 2570 2991 editionem
2613 2926 2782 2991 intra
2825 2926 3326 3009 quadriennium
3373 2926 3708 2992 absolven-

469 3025 620 3089 dam
669 3028 826 3089 fore.
878 3026 1084 3089 Habes
1127 3044 1275 3090 vero
1323 3025 1542 3089 hocin
1588 3033 1765 3090 tomo
1819 3029 2301 3089 Commentarios
2346 3024 2548 3107 ipsius
2590 3024 2659 3089 in
2690 3043 2917 3090 omnes
2965 3026 3155 3089 Pauli
3201 3027 3549 3107 Epistolas;
3596 3025 3707 3108 qui

468 3123 731 3205 quidem
798 3122 1130 3205 aliquoties
1206 3122 1450 3201 Latine,
1523 3126 1740 3188 Grmce
1811 3130 2025 3188 autem
2100 3130 2162 3188 et
2236 3124 2455 3188 Latine
2520 3124 2725 3188 semel
2782 3132 3051 3203 tantum,
3120 3142 3353 3205 nempe
3428 3123 3707 3187 Londini

465 3239 639 3286 anno
686 3222 867 3298 1636,
922 3222 987 3285 in
1042 3222 1253 3285 lucem
1285 3222 1604 3304 prodiere.
1660 3223 1751 3286 Ad
1788 3221 1955 3287 hanc
1986 3222 2338 3287 editionem
2382 3222 2531 3286 satis
2582 3221 2855 3286 nitidam
2907 3228 2970 3285 et
3015 3226 3381 3287 accuratam
3413 3225 3700 3283 nostram

465 3317 654 3398 plane
701 3319 1051 3400 exegimus,
1087 3317 1206 3381 nisi
1242 3319 1410 3400 quod
1450 3319 1785 3384 manifesta
1819 3320 2113 3400 qumdam
2160 3321 2399 3385 Latinae
2445 3320 2754 3385 versionis
2808 3327 3018 3385 errata
3066 3319 3465 3383 sustulimus.
3520 3317 3703 3392 Quod

466 3434 617 3479 vero
670 3415 777 3481 hic
826 3435 860 3479 e
910 3424 1127 3481 nostro
1176 3416 1557 3499 adiecimus,
1592 3420 1912 3501 prmcipue
1963 3426 2111 3484 sunt
2160 3420 2472 3484 variantes
2524 3420 2831 3485 lectiones
2881 3438 2960 3483 ex
3017 3419 3239 3484 codice
3298 3418 3701 3482 bibliothecae

462 3514 526 3577 S.
575 3515 770 3579 Marci
816 3514 1234 3598 depromptae,
1286 3535 1441 3598 quas
1482 3516 1565 3580 ad
1611 3518 1855 3582 calcem
1902 3518 2082 3595 tomi,
2139 3536 2321 3584 more
2379 3526 2623 3597 nostro,
2689 3519 3125 3602 apposuimus.
3180 3518 3302 3581 Eas
3355 3515 3703 3599 diligenter

460 3612 717 3694 collegit
779 3614 1029 3695 juvenis
1093 3615 1445 3679 industrius
1511 3617 1822 3698 Georgius
1880 3617 2302 3698 Constantini,
2377 3617 2637 3681 natione
2699 3619 2975 3693 Graecus,
3030 3616 3141 3699 qui
3208 3615 3496 3680 similem
3547 3633 3695 3698 ope-

456 3727 596 3772 ram
645 3710 800 3774 alias
840 3711 1033 3776 etiam
1081 3713 1267 3777 nobis
1325 3713 1661 3796 impendit.
1734 3714 2040 3779 Collectas
2099 3733 2249 3779 vero
2307 3716 2689 3781 tradidimus
2743 3715 3070 3780 Bonifaeio
3118 3714 3377 3791 Finetti,
3445 3714 3695 3779 ordinis

456 3809 979 3887 Prmdicatorum,
1065 3818 1133 3874 ut
1204 3812 1506 3876 omnibus
1578 3813 1892 3896 expensis,
1976 3814 2233 3878 solertia
2292 3833 2408 3879 sua
2459 3825 2523 3880 et
2571 3815 2841 3897 judicio,
2905 3833 3012 3879 eas
3069 3834 3210 3898 qum
3278 3815 3449 3896 frugi
3499 3814 3696 3879 alicui

453 3925 587 3970 esse
634 3916 908 3989 possent,
953 3910 1272 3992 seligeret.
1310 3912 1564 3975 Scilicet
1593 3930 1710 3975 nos
1756 3911 1948 3992 longe
1976 3912 2058 3976 ab
2089 3932 2317 3978 eorum
2366 3914 2669 3998 opinione
2709 3932 2955 3991 sumus,
2999 3914 3108 3997 qui
3140 3913 3456 3997 quidquid
3489 3914 3697 3978 varie-

450 4006 594 4068 tatis
635 4007 704 4069 in
748 4006 1080 4070 codicibus
1117 4009 1470 4089 reperiunt,
1517 4009 1583 4072 id
1632 4016 1839 4073 totum
1885 4029 1999 4092 pro
2048 4011 2439 4076 variantibus
2487 4012 2873 4077 lectionibus
2924 4012 3186 4087 habent,
3238 4020 3569 4096 totumque
3619 4012 3688 4076 in

452 4101 764 4165 editiones
808 4122 954 4166 suas
995 4105 1356 4182 effundunt,
1390 4106 1608 4188 sicque
1648 4108 1909 4190 paginas
1952 4109 2166 4173 inutili
2209 4111 2507 4192 congerie
2538 4117 2809 4175 onerant
2836 4111 3009 4175 haud
3042 4130 3212 4176 raro.
3263 4112 3392 4176 Nos
3424 4119 3686 4176 econtra

453 4199 594 4273 rati,
630 4200 943 4265 variantes
981 4202 1287 4267 lectiones
1330 4204 1680 4268 censendas
1721 4224 1855 4269 non
1903 4225 2061 4286 esse,
2106 4208 2230 4272 nisi
2274 4227 2416 4292 qum
2447 4208 2735 4292 phrasim
2780 4209 2879 4273 vel
2922 4228 3184 4275 sensum
3229 4209 3580 4293 perficiunt
3619 4229 3693 4275 ac

451 4298 799 4379 complent,
852 4305 957 4363 aut
1000 4308 1171 4365 certe
1214 4301 1372 4366 tales
1409 4311 1580 4381 sunt,
1628 4311 1701 4367 ut
1747 4306 1978 4370 merito
2019 4307 2332 4390 ambigas,
2369 4326 2529 4371 num
2578 4308 2673 4371 hm
2725 4309 2818 4372 vel
2867 4308 2991 4372 illm
3041 4309 3122 4372 ab
3169 4309 3405 4374 actoris
3437 4310 3689 4375 calamo

452 4397 748 4476 profectm
802 4398 1063 4478 fuerint,
1122 4419 1198 4464 ea
1254 4401 1475 4465 omnia
1527 4404 2070 4484 prmtermittenda
2124 4408 2511 4486 putavimus,
2570 4424 2713 4488 qum
2765 4414 2876 4471 aut
2930 4408 3277 4471 manifestm
3322 4416 3476 4472 sunt
3523 4425 3697 4472 ama-

447 4496 795 4560 nuensium
843 4497 1298 4576 aberrationes,
1331 4508 1441 4564 aut
1482 4501 1769 4583 phrasim
1818 4521 2177 4583 sensumve,
2213 4503 2425 4585 potius
2458 4522 2655 4586 quam
2699 4504 3087 4587 compleant,
3121 4505 3406 4570 reddunt
3447 4506 3693 4588 imper-

446 4596 800 4660 fectiorem.
854 4596 1062 4661 Hocce
1110 4598 1359 4662 delectu
1405 4600 1643 4664 factum
1714 4608 1827 4677 est,
1879 4609 1972 4681 ut,
2028 4619 2177 4666 cum
2229 4603 2544 4666 variantes
2594 4602 2902 4667 lectiones
2955 4612 3191 4668 nostrm
3262 4604 3415 4669 satis
3473 4604 3695 4668 multm

446 4693 676 4771 forent,
707 4694 789 4759 ad
819 4696 1219 4761 mediocrem
1250 4716 1594 4763 numerum
1642 4700 1916 4765 redactm
1964 4700 2112 4764 sint.
2146 4700 2268 4764 Sed
2308 4707 2370 4765 et
2396 4700 2573 4765 aliud
2624 4701 2694 4765 in
2740 4720 2933 4766 causa
2961 4708 3076 4783 est,
3115 4720 3235 4768 cur
3261 4702 3343 4768 ad
3374 4702 3695 4785 majorem

446 4792 699 4873 copiam
728 4812 863 4858 non
893 4797 1289 4859 excreverint
1326 4814 1340 4860 :
1381 4815 1616 4879 nempe
1654 4798 1780 4862 illm
1811 4798 2064 4863 omissm
2112 4805 2263 4863 sunt
2315 4817 2544 4864 omnes
2596 4818 2739 4883 qum
2787 4800 2947 4881 (non
2983 4819 3200 4883 panem
3229 4801 3510 4884 quidem)
3538 4819 3691 4866 cum

442 4889 834 4955 variantibus
866 4894 1245 4958 lectionibus
1293 4914 1372 4959 ex
1417 4895 1749 4960 codicibus
1792 4897 2260 4962 Oxoniensibus
2306 4917 2344 4961 a
2378 4897 2769 4963 Londinensi
2819 4899 3063 4963 editore
3113 4899 3399 4964 collectis
3438 4899 3682 4981 margi-

443 4988 637 5071 nique
672 4990 964 5072 ascriptis
1011 4993 1478 5059 conveniebant
1521 4996 1618 5075 (a).
1667 4996 1808 5060 Non
1842 4995 2113 5060 deerunt
2154 4995 2422 5061 fortasse
2453 4997 2564 5078 qui
2616 4998 2849 5062 vellent
2876 5016 2982 5062 eas
3026 5017 3282 5082 quoque
3327 4999 3432 5063 hic
3479 4998 3684 5063 adno-

442 5095 599 5154 tatas
639 5089 900 5170 habere,
962 5092 1134 5175 quod
1186 5095 1418 5159 referat
1459 5094 1760 5159 nonnihil
1806 5095 1971 5160 scire
2025 5114 2111 5159 an
2162 5095 2376 5177 aliqua
2424 5095 2611 5160 lectio
2656 5114 2789 5160 non
2825 5097 3019 5161 unius
3067 5105 3340 5180 tantum,
3388 5097 3498 5174 sed
3547 5097 3689 5180 plu-

440 5188 615 5253 rium
662 5189 963 5255 codicum
1011 5193 1391 5257 auctoritate
1443 5194 1887 5259 conﬁrmetur.
1935 5194 2016 5259 At
2042 5212 2176 5260 non
2229 5194 2756 5273 existimavimus,
2807 5214 2949 5261 rem
3005 5196 3171 5261 hanc
3221 5196 3381 5261 tanti
3425 5214 3584 5275 esse,
3616 5205 3690 5261 ut

440 5287 814 5354 ulteriorem
866 5289 1043 5355 hunc
1099 5290 1393 5356 laborem
1452 5294 1683 5358 mereri
1737 5300 1943 5375 posset
1990 5313 2064 5358 ac
2127 5294 2475 5376 postulare.
2538 5296 2736 5359 Porro
2806 5295 3126 5360 variantes
3183 5295 3323 5360 istm
3374 5295 3685 5361 lectiones

440 5387 642 5450 ferme
670 5387 739 5452 in
767 5408 898 5453 una
939 5390 1034 5453 vel
1063 5389 1262 5453 altera
1291 5408 1443 5455 voce
1472 5391 1607 5455 sitm
1648 5399 1799 5456 sunt
1844 5412 1858 5456 :
1902 5411 2061 5474 quas
2106 5392 2350 5457 idcirco
2392 5393 2607 5457 Grmce
2638 5399 2891 5458 tantum
2921 5411 3248 5476 apponere
3289 5393 3554 5477 placuit,
3605 5410 3683 5458 eo

443 5484 540 5546 vel
588 5486 792 5568 magis
831 5487 1005 5569 quod
1072 5507 1151 5552 ex
1194 5488 1324 5553 illis
1374 5508 1508 5555 non
1558 5508 1779 5573 paucm
1825 5492 2113 5556 Grmcam
2160 5491 2447 5575 phrasim
2494 5492 2687 5557 unice
2741 5498 3051 5576 spectent,
3105 5491 3396 5576 adeoque
3443 5493 3685 5558 Latium

443 5741 477 5792 ὰ
505 5662 579 5753 (a)
605 5666 809 5794 Οξηιὲθε,
830 5667 1072 5797 ιιιΡωοτὶε
1093 5670 1167 5720 est
1184 5670 1359 5733 nostri,
1390 5669 1681 5737 collegimus
1709 5671 1761 5725 in
1784 5673 2006 5739 margine
2035 5665 2274 5726 inferiori.
2310 5671 2502 5725 Littera
2542 5683 2576 5721 ο
2619 5670 2973 5737 Omniensem,
2994 5684 3053 5724 m
3080 5671 3194 5726 cod.
3228 5673 3280 5727 S.
3322 5673 3479 5728 Marci
3502 5674 3685 5728 Veneti

479 5756 646 5797 esmna
674 5780 687 5794 .
754 5758 852 5795 υιτ.
921 5759 1040 5796 ATR.

479 5756 687 5806 esignat.
709 5756 852 5795 non".
880 5756 1040 5797 l’A'ﬂt.
