4128 6442
445 492 549 551 333
1811 505 2317 564 ΡΒίΕΡΑΤΙΟΝΕΞ.
3581 503 3687 562 334

441 622 752 689 versionis
808 633 1095 692 tenorem
1143 627 1460 695 intactum
1518 631 1899 714 relinquant.
1953 630 2288 695 Nonnullae
2336 636 2550 693 tamen
2607 635 2756 692 sunt
2809 627 3002 709 paulo
3050 628 3349 707 fusiores;
3407 648 3685 713 quarum

440 720 736 787 Latinam
782 725 1142 791 versionem
1185 746 1223 791 a
1269 728 1439 792 dicto
1491 729 1817 794 Bonifacio
1866 730 2101 794 Finetti
2152 729 2383 792 factam
2442 744 2575 792 non
2610 725 3196 808 praetermittimus;
3248 727 3357 791 sed
3411 746 3555 792 eam
3602 729 3686 793 ad

438 820 680 886 calcem
728 824 979 907 paginae
1028 826 1354 908 ponimus,
1399 846 1481 892 ne
1516 827 1802 911 ipsarum
1854 826 2241 892 variantium
2288 824 2644 889 lectionum
2688 820 2925 885 seriem
2969 820 3338 903 initumque
3387 822 3681 887 ordinem

437 915 1002 1002 abrumperemus.
1052 925 1138 987 Ex
1184 924 1536 990 fusioribus
1582 926 1761 991 hisce
1803 924 2199 991 variantibus
2248 922 2636 987 lectionibus
2678 920 2822 985 alite
2853 926 3001 984 sunt
3032 919 3205 983 velut
3233 919 3529 1002 quaedam
3572 921 3684 984 ad-

442 1014 819 1099 ditamenta,
868 1038 1009 1103 quae
1060 1022 1181 1105 ipsi
1221 1024 1419 1089 textui
1467 1024 1639 1089 edito
1684 1024 1881 1089 inseri
1928 1030 2204 1108 possent,
2255 1039 2533 1105 eumque
2580 1019 2937 1103 pleniorem
2980 1018 3289 1097 reddere;
3344 1019 3487 1083 aliae
3541 1038 3689 1084 vero

446 1120 593 1177 sunt
634 1115 846 1197 potius
894 1117 1157 1184 diversze
1206 1122 1658 1204 expositiones,
1703 1131 1814 1187 aut
1874 1122 2116 1187 eaedem
2163 1123 2357 1187 etiam
2405 1118 2618 1204 quoad
2666 1136 2950 1195 sensum,
3003 1116 3115 1181 sed
3163 1117 3375 1182 verbis
3425 1118 3691 1183 diversis

451 1231 792 1295 expressae;
841 1224 903 1279 et
949 1217 1210 1299 quidem
1249 1219 1443 1285 modo
1490 1221 1839 1304 ampliores
1886 1220 2388 1304 expositionibus
2433 1225 2642 1283 textus
2676 1217 2862 1295 editi;
2912 1215 3107 1281 modo
3152 1215 3499 1295 breviores,
3546 1238 3690 1302 quze

451 1312 686 1377 scilicet
757 1321 995 1379 textum
1068 1317 1317 1382 editum
1381 1319 1576 1383 veluti
1630 1320 2013 1402 compendio
2078 1318 2405 1383 exhibent.
2454 1317 2881 1399 Perspicuum
2959 1314 3207 1379 idcirco
3265 1323 3382 1393 est,
3438 1317 3692 1383 codices

450 1410 783 1495 plerosque
822 1414 933 1497 qui
978 1413 1098 1480 hos
1142 1416 1653 1482 Commentarios
1692 1419 2043 1494 continent,
2079 1416 2585 1500 interpolatrices
2629 1433 2860 1479 manus
2910 1421 3204 1497 expertos
3251 1432 3387 1478 esse
3432 1433 3692 1496 :neqne

444 1510 623 1574 enim
688 1512 827 1576 ﬁeri
895 1522 1099 1597 potest
1162 1522 1235 1579 ut
1295 1523 1431 1580 tam
1482 1516 1807 1580 breviores
1853 1533 2051 1596 quam
2104 1515 2374 1579 fusiores
2423 1515 2856 1597 expositiones
2906 1512 3284 1595 hujusmodi
3327 1513 3410 1577 ab
3464 1513 3691 1577 eadem

441 1608 897 1693 Theophylacti
960 1632 1160 1678 manu
1223 1614 1607 1679 efﬂuxerint.
1676 1615 1800 1679 Sed
1862 1632 2163 1696 quaenam
2210 1611 2680 1695 Theophylacto
2739 1613 2867 1677 sint
2920 1612 3340 1689 ascribendze,
3395 1630 3690 1694 quaenam

445 1707 893 1791 interpolatori
920 1711 1137 1789 alicui,
1188 1731 1408 1793 nemo,
1444 1732 1590 1778 meo
1617 1713 1885 1796 judicio,
1920 1710 2190 1777 deﬁnire
2237 1717 2462 1794 potest,
2495 1710 2600 1775 cui
2647 1730 2778 1793 pra:
2812 1710 3112 1775 manibus
3159 1728 3289 1775 non
3341 1711 3423 1775 sit
3478 1712 3695 1794 ipsum

440 1804 896 1891 Theophylacti
942 1812 1442 1894 autographum.
1494 1813 1711 1893 Neque
1753 1811 1930 1875 enim
1962 1810 2045 1875 ad
2084 1809 2151 1874 id
2180 1809 2334 1875 satis
2364 1827 2500 1874 esse
2530 1817 2853 1893 putamus,
2888 1810 3207 1891 majorem
3252 1809 3495 1875 codicis
3527 1818 3698 1876 vetu-

440 1911 703 1982 statem;
741 1914 877 1971 tum
905 1909 1072 1989 quod
1107 1909 1366 1974 diflicile
1412 1910 1519 1987 sit,
1553 1928 1698 1973 eam
1740 1910 2136 1991 exploratam
2178 1908 2327 1974 satis
2367 1908 2629 1989 habere,
2677 1927 2831 1973 cum
2875 1926 3043 1991 saepe
3085 1910 3405 1973 vetustatis
3435 1911 3697 1977 incerta:

440 2004 573 2068 sint
616 2013 784 2070 notze
824 2026 838 2070 :
874 2016 1009 2071 tum
1041 2008 1214 2090 quod
1260 2010 1585 2073 recentior
1614 2008 1814 2073 codex
1846 2008 2176 2075 sincerum
2212 2029 2348 2075 esse
2396 2009 2597 2092 possit
2642 2008 3000 2073 vetustioris
3046 2026 3120 2072 ac
3149 2008 3427 2090 purioris
3460 2010 3701 2077 codicis

443 2104 916 2187 apographum.
967 2108 1029 2171 Si
1082 2108 1224 2190 quis
1281 2116 1493 2172 tamen
1551 2106 1874 2171 breviores
1920 2108 2348 2191 expositiones
2401 2107 2609 2191 potius
2657 2124 2856 2189 quam
2904 2104 3199 2182 fusiores,
3247 2105 3699 2189 Theophylacti

444 2220 584 2266 esse
628 2203 796 2280 velit,
852 2223 973 2269 nec
1024 2204 1133 2269 ille
1183 2224 1320 2269 rem
1372 2205 1522 2271 satis
1566 2204 1981 2269 verisimilem
2012 2207 2383 2283 afﬁrmabit,
2436 2212 2656 2288 utpote
2687 2204 3178 2287 compendiario
3210 2206 3698 2272 commentandi

443 2301 671 2381 generi
715 2320 841 2384 quo
878 2302 1314 2368 delectabatur
1353 2302 1866 2386 Theophylactus
1920 2310 1983 2368 et
2024 2305 2383 2387 praesertim
2421 2304 2491 2367 in
2534 2303 2709 2367 hisce
2755 2301 3274 2379 Commentariis,
3324 2302 3435 2384 qui
3482 2302 3550 2366 in
3591 2304 3701 2367 ali-

444 2396 683 2479 quibus
725 2398 1057 2464 codicibus
1107 2400 1403 2482 Ἐξήγησις
1436 2405 1489 2462 ἓν
1533 2405 1788 2483 ἐπιτομῇ,
1826 2400 2074 2483 σοφηρρφ

2066 2405 2306 2466 νιᾰτάνία
2340 2403 2658 2483 Expositio
2690 2400 3154 2477 inscribuntur,
3189 2401 3486 2482 apprime
3541 2419 3696 2466 con-

444 2502 845 2561 sentaneam.
879 2496 1063 2572 Quod
1091 2498 1143 2561 si
1183 2499 1306 2563 hoc
1335 2518 1559 2564 verum
1588 2500 1691 2580 sit,
1723 2498 1924 2563 habes
1959 2500 2268 2581 profecto,
2300 2500 2608 2564 benevole
2649 2500 2898 2575 Lector,
2931 2499 2998 2562 in
3030 2498 3447 2563 Variantibus
3476 2499 3701 2566 lectio--

444 2593 642 2658 nibus
704 2596 939 2660 nostris
966 2611 979 2671 ς
1011 2597 1439 2679 expositiones
1503 2598 1747 2681 aliquot
1807 2597 1907 2676 iis,
1980 2616 2123 2681 quae
2190 2599 2259 2663 in
2323 2598 2492 2663 edito
2554 2604 2732 2663 textu
2788 2596 3133 2675 habentur,
3204 2597 3330 2662 hoc
3407 2598 3700 2678 nomine,

450 2692 906 2774 praeferendas.
956 2694 1442 2760 Animadvertas
1474 2695 1580 2761 hic
1630 2715 1802 2777 vero,
1849 2714 1993 2777 nos,
2039 2716 2191 2762 cum
2221 2697 2390 2761 edita
2435 2697 2579 2761 loca
2624 2695 3167 2778 respondentibus
3215 2695 3339 2760 sibi
3369 2695 3438 2759 in
3480 2703 3703 2761 nostro

450 2792 675 2856 codice
717 2792 996 2858 textibus
1038 2794 1351 2877 ampliora
1403 2802 1574 2873 sunt,
1637 2815 2046 2879 nequaquam
2097 2796 2350 2879 integra
2389 2796 2653 2873 referre,
2724 2814 2806 2859 ne
2860 2794 3055 2859 nimis
3104 2795 3285 2859 vacui
3351 2813 3386 2858 e
3438 2795 3704 2876 regione

449 2890 867 2973 respondeat;
917 2891 1028 2956 sed
1063 2892 1339 2976 demptis
1389 2894 1466 2957 iis
1501 2913 1642 2977 qum
1678 2895 1747 2959 in
1789 2894 2004 2961 medio
2045 2903 2213 2971 sunt,
2266 2914 2491 2960 eorum
2523 2894 2884 2959 absentiam
2930 2893 3184 2977 punctis
3226 2894 3487 2976 aliquod
3537 2894 3709 2958 ordi-

447 2991 657 3054 natim
687 2990 905 3073 positis
945 2990 1331 3057 indicamus.
1369 2992 1584 3057 Codex
1623 2992 1797 3057 unde
1834 2992 1931 3057 hae
1964 2995 2281 3059 variantes
2326 2995 2635 3060 lectiones
2663 2994 3022 3076 desumpta:
3053 3000 3224 3070 sunt,
3260 2992 3354 3057 nil
3385 2992 3707 3075 peculiare

448 3088 647 3153 habet
675 3090 982 3173 quod‘hic
1014 3099 1585 3157 commemoretur.
1625 3091 2013 3157 Chartaceus
2057 3092 2112 3156 is
2140 3101 2259 3169 est,
2305 3101 2368 3158 et
2407 3113 2506 3158 xiv
2538 3092 2795 3158 circiter
2834 3092 3071 3156 saeculo
3101 3092 3381 3173 scriptus
3410 3099 3708 3155 censetur

447 3206 486 3251 a
548 3188 705 3254 clar.
754 3188 907 3253 viris
967 3188 1079 3271 qui
1138 3192 1695 3271 Manuscriptorum
1758 3191 2104 3255 Grecorum
2181 3192 2548 3255 bibliothecae
2610 3192 2682 3255 S.
2734 3191 2931 3254 Marci
2976 3191 3352 3272 Catalogum
3424 3188 3705 3253 edidere.

447 3286 781 3352 Variantes
844 3287 1149 3352 lectiones
1206 3295 1458 3354 nostras
1521 3290 1847 3372 excipiunt
1924 3290 2407 3356 Observationes
2455 3291 2663 3355 Latini
2711 3290 2966 3368 Latinii,
3023 3308 3180 3373 quas
3232 3294 3305 3354 ut
3368 3288 3436 3353 in
3494 3287 3709 3371 primo

450 3393 653 3464 tomo,
690 3387 779 3450 ita
822 3394 887 3451 et
923 3387 992 3451 in
1024 3388 1144 3453 isto
1192 3388 1601 3471 apponimus,
1650 3408 1730 3453 ne
1774 3389 1930 3472 quid
1977 3388 2060 3454 ad
2106 3389 2410 3454 editionis
2451 3396 2688 3453 nostrae
2736 3396 3194 3453 ornamentum
3246 3386 3634 3452 disideretur
3696 3404 3709 3450 :

456 3504 585 3567 qua
649 3486 727 3549 de
793 3504 983 3551 causa
1045 3488 1497 3569 praemittimus
1569 3489 1762 3551 etiam
1834 3506 1968 3551 non
2042 3488 2257 3553 solum
2339 3487 2619 3569 Philippi
2687 3488 2970 3551 Montani
3049 3486 3522 3564 Praefationem,
3608 3503 3708 3548 ve-

466 3601 616 3647 rum
674 3586 863 3650 etiam
914 3587 1232 3665 Adnotata,
1284 3587 1465 3669 queis
1515 3586 1859 3668 cujuslibet
1892 3586 2192 3669 Epistolae
2236 3594 2695 3666 argumentum
2746 3584 2963 3666 paucis
3016 3583 3378 3661 exhibetur,
3428 3591 3492 3648 et
3538 3581 3712 3646 unde

467 3681 731 3761 singulae
787 3684 1039 3767 scriptae
1106 3685 1256 3764 sint,
1322 3685 1665 3761 indicatur,
1749 3703 1892 3767 quae
1964 3704 2115 3749 cum
2180 3691 2424 3748 exstent
2474 3684 2562 3764 ,in
2633 3682 3024 3746 editionibus
3095 3681 3400 3745 omnibus
3467 3679 3713 3744 Latinis

468 3799 630 3863 quas
676 3782 974 3859 vidimus,
1025 3783 1396 3848 Christofori
1451 3786 1809 3861 Porsennae,
1866 3784 1975 3866 qui
2017 3784 2265 3867 primus
2311 3782 2506 3846 hosce
2562 3781 3072 3846 Commentarios
3119 3779 3339 3842 Latine
3391 3778 3715 3842 transtulit

464 3889 652 3964 atque
722 3882 1021 3965 vulgavit,
1090 3900 1226 3947 esse
1284 3890 1606 3965 putamus.
1663 3883 1936 3947 Tomum
2006 3882 2283 3964 denique
2334 3880 2643 3945 claudunt
2698 3878 2827 3942 duo
2880 3877 3150 3954 Indices,
3207 3877 3467 3939 Latinus
3517 3894 3710 3948 unus,

459 3983 716 4045 Crzecus
781 3979 977 4059 alter;
1040 3988 1337 4062 uterque,
1393 3978 1932 4063 locupletissimus
1987 3998 2004 4043 :
2055 3998 2182 4062 quo
2235 3980 2335 4044 vel
2395 3979 2531 4043 solo
2580 3977 3020 4043 additamento
3072 3974 3249 4040 haud
3296 3993 3528 4058 parum
3574 3992 3714 4039 sese

453 4080 650 4145 editio
682 4084 905 4145 nostra
950 4097 1145 4161 supra
1190 4085 1450 4143 caeteras
1496 4078 1926 4143 commendat.
1977 4078 2100 4142 Sed
2130 4098 2264 4143 non
2314 4086 2409 4143 est
2457 4096 2574 4143 cur
2599 4075 2895 4159 pluribus
2924 4082 2984 4139 te
3014 4074 3440 4149 detineamus,
3506 4075 3714 4138 amice

444 4180 700 4244 Lector.
748 4179 895 4243 Jam
946 4178 1158 4242 fruere
1206 4177 1532 4260 przeclaris
1578 4176 1754 4241 hisce
1794 4178 2294 4242 Commentariis
2340 4197 2354 4240 :
2408 4183 2471 4241 et
2500 4185 2749 4242 tomum
2795 4174 3079 4251 tertium,
3131 4174 3243 4257 qui
3284 4174 3590 4257 pleraque
3616 4173 3711 4237 vel

451 4297 724 4363 prorsus
752 4277 1018 4352 inedita,
1062 4276 1163 4340 vel
1216 4277 1548 4341 rarissima
1587 4276 2075 4359 complectetur,
2107 4275 2284 4339 brevi
2325 4275 2658 4340 intervallo
2683 4273 2992 4357 temporis
3022 4280 3423 4350 secuturum,
3452 4290 3715 4337 securus

449 4386 777 4464 exspecta.
823 4377 1097 4443 Interim
1121 4376 1284 4441 vale.
