4128 6434
375 505 476 560 335

1392 492 1907 551 THEOPHYLACTI
1945 490 2307 547 BULGARLE
2346 488 2665 546 ARCHIEP.

3579 475 3683 531 336

1246 777 2819 943 ΘΕΟΦΥΑΑΚΤΟΥ

1097 1062 2132 1149 ΑΡΧΙΕΠΙΣΚΟΠΟΥ
2208 1056 2976 1142 ΒΟΥΛΓΑΡΙΑΣ

1982 1231 2110 1278 ΤΗΣ

1192 1406 1516 1532 ΤΟΥ
1613 1398 2109 1529 ΑΓΙΟΥ
2203 1392 2889 1524 ΠΑΥΑΟΥ

910 1655 1199 1734 ΠΡΟΣ
1270 1650 1832 1733 ΡΩΜΑΙΟΥΣ
1892 1645 2538 1728 ΕΠΙΣΤΟΛΗΣ
2607 1635 3186 1721 ΕΞΗΓΗΣΙΣ.

1301 1996 2812 2162 THEOPHYLACTI

1544 2274 1636 2329 BU
1650 2272 1943 2329 LGARIE
1980 2264 2545 2326 ARCHIEPISCOPI

559 2444 1193 2538 EPISTOLJE
1277 2445 1386 2532 D.
1468 2441 1833 2533 PAULI
1913 2441 2068 2531 AD
2148 2431 2736 2528 ROMANOS
2817 2422 3535 2519 EXPOSITIO.

459 2770 988 2842 {ARGUMENTUM
1021 2768 1379 2825 EPISTOLE
1414 2768 1514 2823 AD
1552 2762 1910 2823 ROMANOS.
2000 2764 2069 2822 ΥΙ

2121 2760 2393 2822 ΟΘΕΣΙΣ
2405 2758 2562 2818 ΤΗΣ
2576 2758 2628 2817 Π
2646 2757 2799 2816 PO};
2814 2751 3213 2814 ΡΩΜΑΙΟΥΣ
3232 2748 3633 2810 ΕΠΙΣΤΟΑΗ
3645 2747 3710 2806 Σ.

468 2898 512 2966 ι
538 2896 785 2951 Assidua
805 2895 1118 2949 divinarum
1140 2894 1553 2963 Scriptura-rum
1575 2891 1727 2947 lectio
1749 2889 1824 2945 ad
1836 2891 1997 2960 ipsa-
2026 2899 2069 2963 Α

2194 2901 2261 2963 Ἦ
2323 2897 2550 2982 συνεχὴς
2602 2898 2895 2979 ἀνάγνωσις
2961 2899 3067 2955 τῶν
3133 2892 3288 2954 θείων
3348 2893 3578 2982 Γραφῶν
3627 2891 3713 2982 ἐἷς

390 3002 514 3041 rum
526 2986 881 3055 cognitionem
893 2983 1067 3039 ducit.
1080 2984 1305 3039 Mentiri
1319 2983 1468 3036 enim
1492 2983 1678 3048 nescit,
1703 2982 1802 3050 qui
1819 2980 1967 3034 dixit
1990 3001 2011 3040 .-

402 3097 427 3123 «ι
438 3076 699 3143 Quaerite,
723 3077 774 3128 et
789 3074 1073 3128 invenietis
1091 3072 1359 3142 :pulsate,
1377 3076 1429 3126 et
1446 3072 1724 3140 aperietur
1742 3069 1889 3124 vobis
1903 3070 1951 3123 ⁸.
1973 3086 2002 3119 ››

392 3163 629 3219 Proinde
659 3162 1030 3233 Epistolarum
1061 3161 1204 3216 beati
1240 3160 1406 3216 Pauli
1426 3160 1689 3229 mysteria
1727 3158 2005 3229 perdisce-

392 3269 534 3321 mus,
559 3254 610 3307 si
627 3252 842 3307 assidue
865 3250 1267 3322 diligenterque
1288 3251 1349 3304 in
1370 3251 1445 3305 eis
1468 3263 1763 3303 versemur.
1789 3249 2006 3305 Cazteris

397 3344 539 3397 enim
563 3341 808 3397 omnibus
836 3340 1101 3395 doctrina:
1130 3342 1341 3394 ratione
1376 3340 1733 3410 praestantior
1763 3341 1904 3393 erat.
1936 3339 2007 3393 Et

398 3433 590 3486 merito
619 3430 856 3501 quidem.
887 3432 1027 3488 Nam
1058 3430 1312 3499 quoniam
1348 3429 1594 3483 omnibus
1632 3426 2006 3482 abundantius

401 3519 690 3588 laboravit,
723 3520 1038 3589 ampliorem
1067 3520 1229 3573 etiam
1255 3519 1496 3588 Spiritus
1520 3519 1767 3591 gratiam
1791 3532 2001 3572 assecu-

401 3613 489 3664 tus
532 3614 629 3664 est.
674 3611 861 3678 Neque
890 3609 984 3663 hoc
1031 3624 1099 3663 ea:
1144 3608 1409 3678 Epistolis
1448 3607 1568 3677 ejus
1610 3607 2003 3670 tantummodo,

397 3713 583 3754 verum
627 3700 789 3753 etiam
839 3713 910 3752 ea:
938 3699 1299 3767 apostolorum
1344 3697 1499 3751 Actis
1540 3698 1879 3768 perspicuum
1919 3700 2002 3766 ﬁt.

403 3789 706 3844 Mercurius
734 3788 874 3843 enim
914 3788 987 3841 ab
1016 3787 1319 3857 inﬁdelibus
1344 3787 1407 3842 ob
1443 3789 1701 3842 sermonis
1725 3791 2004 3858 praestan-

401 3879 541 3932 tiam
563 3879 911 3933 existimatus
933 3881 1031 3932 cst.
1078 3879 1264 3933 Prima
1290 3881 1471 3932 autem
1504 3876 1657 3932 nobis
1679 3879 2004 3947 proponitur

402 3966 518 4021 hac
557 3968 631 4022 ad
656 3970 918 4023 Romanos
959 3967 1225 4037 Epistola,
1255 3982 1363 4021 non
1403 3966 1548 4036 quod
1587 3971 1773 4036 prima
1799 3968 2004 4035 scripta

405 4054 579 4130 fuerit
605 4074 623 4107 :
649 4056 788 4110 bime
816 4057 958 4109 enim
983 4056 1093 4109 illa:
1110 4055 1184 4109 ad
1213 4055 1515 4110 Corinthios
1538 4056 1678 4110 hanc
1697 4056 2013 4125 praecedunt

2118 2991 2213 3065 τὴν
2266 2979 2485 3073 γνῶσιν-
2515 2992 2688 3049 αὐτῶν
2747 2988 2900 3065 ἄγει*
2960 2983 3194 3067 ἀψευδὴς
3265 2982 3369 3073 γὰρ
3429 2984 3457 3040 ὃ
3514 2979 3709 3073 είπών·

2123 3105 2150 3138 α
2199 3069 2420 3154 Ζητεῖτε
2471 3079 2561 3138 καὶ
2612 3076 2897 3157 εὖρήσετε,
2949 3073 3166 3156 κρούετε
3226 3072 3317 3131 καὶ
3377 3069 3714 3148 ἀνοιγήσεται

2118 3171 2265 3248 ὖμῖν.
2290 3190 2320 3227 ι)
2380 3168 2490 3229 Καὶ
2537 3169 2641 3226 τῶν
2674 3166 3009 3226 Ἐπιστολῶν
3055 3163 3231 3222 τοίνυν
3262 3166 3359 3221 τοῦ
3391 3158 3659 3239 μακαρίου
3694 3157 3710 3191 ⁵

2120 3247 2340 3321 Παύλου
2397 3256 2465 3317 τὰ
2539 3255 2807 3336 μυστήρια
2867 3251 3252 3332 μαθησόμεθα,
3311 3253 3545 3331 συνεχῶς
3623 3247 3690 3305 αὖ

2117 3356 2231 3415 ταῖς
2260 3348 2284 3382 ²
2314 3346 2405 3407 καὶ
2447 3347 2691 3423 ἐμμελῶς
2744 3343 3184 3423 ἐντυγχάνοντες·
3236 3343 3341 3400 τῶν
3392 3339 3495 3420 γὰρ
3542 3336 3718 3395 ἄλλων

2119 3437 2370 3497 ἁπάντων
2432 3434 2816 3505 ἐπλεονέκτησε
2863 3437 2940 3511 τῷ
2999 3434 3091 3503 τῆς
3146 3429 3494 3496 διδασκαλίας
3548 3425 3715 3505 λόγῳ.

2121 3527 2225 3587 Καὶ
2305 3524 2518 3591 εἰκότως
2544 3548 2558 3561 ·
2630 3522 2812 3595 ἐπειδὴ
2875 3521 2979 3600 γὰρ
3053 3518 3428 3602 περισσότερον
3510 3514 3718 3573 πάντων

2116 3615 2399 3690 ἐκοπίασε,
2482 3612 2865 3695 δαψιλεστέραν
2935 3610 3026 3668 καὶ
3096 3610 3192 3683 τὴν
3248 3613 3341 3667 τοῦ
3409 3606 3721 3682 Πνεύματος

2116 3706 2460 3767 ἐπεσπάσατο
2490 3704 2515 3742 3
2548 3693 2720 3783 χάριν.
2816 3701 2926 3761 Καὶ
2957 3701 3016 3758 οὗ
3057 3700 3214 3776 μόνον
3263 3696 3370 3755 ἀπὸ
3411 3701 3518 3755 τῶν
3563 3693 3721 3755 Ἐπι-

2118 3798 2320 3854 στολῶν
2364 3781 2760 3864 τοῦτοδῆλον,
2819 3790 2958 3847 ἀλλὰ
3007 3787 3099 3848 καὶ
3148 3785 3254 3846 ἀπὸ
3294 3788 3397 3845 τῶν
3438 3781 3717 3865 Πράξεων.

2126 3882 2332 3964 Ἐρμῆς
2383 3881 2487 3963 γὰρ
2532 3880 2783 3959 ἐνομίσθη
2830 3880 2978 3957 παρὰ
3028 3885 3138 3943 τοῖς
3187 3874 3472 3946 ἀπίστοις,
3531 3870 3617 3964 διὰ
3661 3872 3725 3932 τὸ

2123 3961 2215 4033 rei}
2255 3972 2412 4051 λόγου
2460 3961 2772 4050 κατάρχειν.
2833 3968 3122 4047 Πρόκειται
3162 3966 3217 4024 δὲ
3260 3969 3393 4043 ἡμῖν
3439 3961 3641 4043 Πρώτη
3687 3964 3722 4033 ἡ

2120 4062 2252 4142 πρὸς
2298 4059 2637 4139 Ῥωμαίους,
2689 4060 2784 4119 οὒκ
2835 4056 3019 4131 ἐπειδὴ
3075 4054 3260 4136 πρώτη
3307 4053 3462 4142 αὕτη
3494 4051 3721 4142 ἐγράφη·

409 4149 462 4198 et
483 4146 626 4199 istas
654 4158 881 4199 rursum
909 4159 971 4197 ea
999 4145 1051 4212 2
1077 4159 1199 4213 quae
1229 4147 1306 4199 est
1328 4144 1402 4199 ad
1425 4145 1929 4213 Thessalonicenses,
1957 4146 2017 4200 in
2048 4154 2069 4216 Ῑ

2122 4140 2213 4209 καὶ
2240 4150 2345 4230 γὰρ
2395 4150 2500 4229 πρὸ
2546 4150 2708 4221 αὐτῆς
2758 4148 2890 4208 εἰσὶν
2947 4148 3003 4203 αἱ
3053 4145 3186 4225 πρὸς
3247 4141 3554 4223 Κορινθίους
3611 4140 3721 4230 δύολ

407 4248 539 4303 quas
565 4247 649 4287 eos
679 4232 745 4286 de
773 4233 1081 4286 ministerio
1113 4234 1554 4302 Hierosolymam
1586 4233 1853 4288 mittendo
1898 4249 2007 4289 non

411 4323 527 4377 sine
557 4322 716 4376 laude
745 4323 1177 4390 commonefacit.
1212 4324 1487 4379 Praeterea
1530 4323 1757 4394 Epstola
1794 4324 1870 4378 ad
1906 4323 2010 4378 Ga-

412 4411 554 4466 latas
578 4410 715 4466 hanc
740 4411 816 4466 ad
842 4414 1105 4467 Romanos
1122 4412 1406 4483 praecedit.
1433 4413 1616 4482 Atqui
1639 4414 1847 4469 caateris
1871 4414 2007 4484 Epi-

412 4499 561 4556 stolis
591 4500 705 4556 hcec
730 4506 808 4556 est
828 4502 1013 4572 prior,
1041 4503 1150 4556 [uec
1172 4502 1246 4557 ad
1272 4504 1554 4572 Romanos,
1586 4504 1833 4573 inquam.
1868 4503 2011 4571 Quid

413 4592 597 4661 itaque
623 4592 834 4659 factum
859 4595 958 4661 est,
978 4596 1042 4646 ut
1053 4593 1298 4662 primum
1321 4592 1492 4647 locum
1515 4593 1848 4647 obtinuerit?
1873 4593 2012 4659 Quo-

414 4682 563 4735 niam
587 4681 648 4734 in
674 4695 832 4736 sacra
859 4681 1144 4751 Scriptura
1184 4680 1504 4755 huiusmodi
1527 4683 1656 4738 ordo
1684 4698 1791 4737 non
1814 4686 1892 4738 est
1918 4697 2012 4737 ne-

415 4771 698 4825 cessarius.
748 4770 1028 4840 Siquidem
1075 4775 1125 4826 et
1172 4771 1451 4827 duodecim
1474 4772 1775 4843 prophetae,
1806 4773 2019 4828 etiamsi

412 4859 675 4929 proxima
700 4862 1001 4929 temporum
1025 4862 1160 4916 serie
1183 4862 1322 4916 alter
1345 4863 1576 4917 alterum
1600 4878 1708 4917 non
1731 4862 2017 4931 subsequa-

418 4953 532 5011 tur,
563 4948 656 5002 sed
701 4948 857 5018 longo
885 4950 1172 5005 intervallo
1208 4951 1277 5005 ab
1307 4953 1534 5008 invicem
1562 4951 1787 5021 distent,
1817 4954 1878 5006 in
1918 4953 2011 5008 Bi-

420 5036 655 5093 bliorum
683 5042 861 5093 tamen
902 5041 1040 5093 serie
1084 5042 1391 5096 continuato
1436 5041 1622 5097 ordine
1665 5042 2012 5097 collocantur.

417 5128 614 5185 Scribit
659 5132 841 5183 autem
887 5129 1091 5185 Paulus
1137 5130 1211 5185 ad
1259 5133 1546 5199 Romanos,
1588 5131 1814 5202 perinde
1860 5147 1924 5186 ac
1968 5133 2019 5187 si

418 5215 619 5273 Christi
630 5219 934 5274 ministerio
953 5219 1228 5289 fungendi
1240 5222 1519 5277 necessitas
1541 5223 1653 5292 ipsi
1664 5221 2015 5291 incumberet,

418 5322 481 5361 ac
500 5308 672 5363 ueluti
690 5308 768 5362 ad
787 5323 893 5377 eos,
925 5311 1026 5380 qui
1046 5312 1295 5365 universo
1324 5314 1597 5366 terrarum
1624 5311 1746 5367 orbi
1762 5312 2020 5383 praeside-

2122 4238 2213 4299 καὶ
2253 4221 2366 4320 ⁷πρὸ
2423 4221 2624 4298 τούτων
2677 4231 2744 4296 αὖ
2797 4240 2832 4309 ἡ
2880 4236 3011 4316 πρὸς
3062 4221 3513 4304 Θεσσαλονικεῑς,
3572 4231 3627 4289 ἐν

2120 4329 2240 4409 περὶ
2297 4332 2392 4399 τῆς
2442 4330 2514 4395 εἷς
2571 4327 2639 4385 τὰ
2695 4323 3040 4407 Ἱεροσόλυμα
3115 4320 3465 4400 πεμπομένης
3535 4320 3723 4409 διακο-

2119 4407 2235 4485 νίας
2278 4420 2509 4478 ἐπαινῶν
2561 4415 2749 4482 αὐτοὺς
2800 4413 3108 4473 αἰνίττεται·
3167 4412 3307 4472 ἀλλὰ
3358 4410 3452 4469 καὶ
3504 4413 3537 4481 ἡ
3593 4407 3725 4488 πρὸς

2122 4507 2370 4576 Γαλάτας
2437 4504 2676 4586 προτέρα
2752 4503 2867 4563 ἐστὶ
2941 4501 3140 4573 ταύτης
3210 4503 3306 4572 τῆς
3368 4498 3499 4578 πρὸς
3582 4496 3725 4586 Ῥῳ-

2124 4596 2331 4675 μαίους.
2407 4597 2531 4656 Τῶν
2591 4585 2776 4671 μέντοι
2839 4593 3019 4652 ἄλλων
3096 4590 3451 4675 Ἐπιστολῶὶ
3495 4585 3729 4669 προτέρα

2125 4666 2291 4759 αὕτη,
2338 4689 2373 4758 ἡ
2424 4683 2558 4763 πρὸς
2594 4666 2938 4761 ὶΡωμαίους,
2988 4679 3150 4760 φημί.
3207 4681 3338 4745 Πῶς
3390 4666 3479 4735 οὖν
3538 4666 3727 4757 ¹ιτρώτη

2124 4774 2411 4849 ritum-ai;
2470 4762 2601 4833 ⁰Οτι
2650 4770 2801 4853 παρὰ
2851 4774 2919 4852 τῇ
2967 4772 3161 4851 Γραφῇ
3217 4773 3252 4840 ἡ
3300 4764 3523 4837 τοιαύτη
3585 4762 3729 4835 τάξις

2125 4866 2222 4923 οὐκ
2271 4861 2557 4942 ἀναγκαία.
2610 4860 2718 4921 Καὶ
2771 4859 2875 4939 γὰρ
2929 4856 3022 4918 καὶ
3069 4860 3118 4919 οἱ
3163 4857 3374 4917 δώδεκα
3421 4858 3728 4937 προφῆται,

2124 4957 2221 5013 οὐκ
2290 4950 2473 5033 ἐφεξῆς
2526 4950 2671 5017 ὄντες
2752 4948 3014 5020 ἀλλήλους
3086 4947 3227 5007 κατᾶ
3285 4943 3404 5010 τοὺς
3462 4942 3686 5024 χρόνους
3711 4990 3725 5013 ,

2127 5041 2267 5101 ἀλλὰ
2317 5043 2500 5122 πολλῷ
2529 5041 2554 5079 ⁴
2612 5037 2947 5111 διεστηκότες
3013 5036 3300 5110 ἀλλήλων,
3351 5033 3498 5111 ὅμως
3553 5034 3608 5090 ἐν
3632 5120 3640 5122 ᾗ
3663 5035 3732 5111 τῇ

2125 5135 2232 5190 τῶν
2290 5120 2514 5208 picum
2565 5128 2709 5197 τάξει
2767 5126 2952 5209 ἐφεξῆς
2998 5127 3108 5209 εἰσι
3158 5124 3453 5209 κείμενοιη
3526 5120 3731 5202 Γράφει

2129 5218 2185 5279 δὲ
2237 5205 2527 5296 Ῥωμαίοις
2584 5222 2614 5278 ὁ
2668 5205 2924 5290 Παῦλος,
2973 5205 3061 5273 οἶα
3111 5214 3175 5288 δὴ
3221 5211 3381 5295 χρέος
3426 5208 3564 5290 ἔχων
3615 5212 3732 5268 λει-

2129 5307 2343 5390 τουργὸς
2389 5299 2524 5368 εἶναι
2584 5309 2859 5388 Χριστοῦ,
2912 5303 3006 5364 καὶ
3053 5305 3125 5372 ὣς
3167 5298 3612 5390 ’προκαθημένοιςΔ
3638 5302 3734 5390 τῆς

422 5395 572 5452 bant.
598 5398 745 5457 Nam
771 5399 868 5469 qui
907 5400 1079 5470 capiti
1099 5399 1344 5470 prodest,
1387 5401 1491 5456 toti
1542 5403 1755 5472 corpori
1776 5402 2011 5473 profue-
2051 5388 2069 5448 (

2123 5385 2459 5476 οἰκουμένης.
2527 5395 2601 5458 Ὃ
2644 5385 2758 5477 ’γὰρ
2797 5400 2896 5469 τὴν
2954 5392 3193 5475 κεφαλὴν
3246 5389 3469 5473 ὠφελῶν
3532 5385 3623 5446 καὶ
3670 5386 3734 5446 τὸ

419 5485 521 5541 rit.

491 5611 516 5641 ⁸
544 5609 739 5666 Matth.
770 5627 898 5682 vn,
923 5620 978 5669 7.

2125 5486 2309 5547 λοιπὸν
2340 5490 2499 5567 σῶμα
2521 5484 2793 5567 ὠφέλησε.

1813 5689 2353 5776 Variaa‘lectiones.

492 5769 511 5802 ί
537 5768 759 5841 μεγάλου
786 5786 839 5828 ο.
871 5773 893 5807 ²
922 5771 1054 5843 αυτῷ
1082 5788 1136 5831 0.
1170 5773 1194 5814 ³
1238 5774 1500 5854 ἐπορίσατο
1529 5794 1602 5835 m.
1633 5776 1657 5813 ⁸
1686 5777 1756 5836 ἴσ.
1787 5781 1916 5835 πολύ
1943 5799 1998 5841 ο.
