4128 6430
482 431 590 486 337

1415 431 1771 490 EXPOSITIO
1809 433 1876 489 IN
1916 432 2127 488 EPIST.
2169 433 2263 489 AD
2302 432 2466 489 ROM.
2513 463 2574 473 —
2617 433 2767 489 CAP.
2811 437 2850 489 l.

3701 442 3809 496 338

1010 742 2112 862 THEOPHYLACTI
2199 743 3294 864 COMMENTARIUS

1209 982 1336 1071 IN
1417 980 2172 1073 EPISTOLAM
2251 983 2416 1074 AD
2512 984 3106 1079 ROMANOS.

849 1337 897 1396 K
912 1335 1314 1396 ΕΦΑΛΑΙΟΝ
1375 1335 1712 1398 ΠΡΩΤΟΝ.

571 1502 599 1535 ι
636 1480 876 1545 Παῦλος.
908 1500 937 1535 ι)
976 1477 1118 1538 Οὔτε
1150 1481 1178 1537 ὁ
1205 1481 1408 1550 Μωσῆς
1433 1522 1450 1550 ,
1482 1477 1600 1538 οὔτε
1630 1483 1818 1543 πολλοὶ
1845 1486 1949 1543 τῶν
1973 1484 2089 1561 μετ’

484 1570 668 1638 αὐτὸν,
703 1566 823 1626 ἀλλ’
853 1566 969 1626 οὐδὲ
999 1569 1047 1627 οἱ
1088 1566 1458 1645 εὖαγγελισταὶ
1483 1617 1495 1638 ,
1524 1569 1592 1628 τὰ
1638 1571 1880 1648 ὀνόματα
1913 1573 2090 1630 αὐτῶν

483 1655 860 1734 προτεθείκασι
913 1659 1017 1715 τῶν
1075 1656 1538 1734 συγγραμμάτων.
1601 1657 1672 1720 Ὁ
1723 1660 1776 1720 δὲ
1831 1660 2090 1737 μακάριος

485 1738 671 1818 οἶτος,
702 1751 984 1826 πανταχοῦ
1037 1749 1141 1804 τῶν
1173 1745 1511 1806 Ἐπιστολῶν
1532 1795 1551 1824 ,
1597 1747 1657 1808 τὸ
1689 1751 1877 1810 ἑαυτοῦ
1921 1749 2090 1825 ὄνομα

486 1835 790 1916 προτίθησιο
837 1835 982 1920 ⁸διότι
1042 1837 1232 1894 ἐκεῖνοι
1299 1835 1396 1914 μὲν
1460 1837 1590 1915 πρὸς
1654 1838 1775 1907 τοὺς
1825 1840 2092 1920 παρόντας

486 1915 758 2008 ἔγραφον·
810 1915 959 1994 οὗτος
1007 1925 1063 1984 δὲ
1121 1923 1209 1984 διὰ
1263 1932 1473 2006 μακροῦ
1532 1926 1601 1986 τὰ
1653 1915 1958 2008 γράμματα
2015 1930 2092 1987 δι-

486 2016 790 2092 επέμπετο,
839 2015 931 2074 καὶ
997 2013 1212 2082 εἰκότως
1263 2015 1352 2074 τὸν
1405 2015 1564 2092 νόμον
1615 2023 1708 2078 τοῦ
1758 2019 2094 2077 ἐπιστολικοῦ

489 2109 835 2187 χαρακτῆρος
867 2103 1120 2184 ἐπλήρου.
1172 2104 1270 2165 Ἐν
1333 2103 1516 2183 μέντοι
1558 2110 1625 2186 τῇ
1659 2107 1787 2187 πρὸς
1813 2106 2098 2187 Ἑϐραίους

488 2199 552 2254 οὗ
606 2203 746 2254 ποιεῖ
797 2199 975 2255 10310.
1023 2193 1250 2266 Ἐπειδὴ
1302 2194 1408 2275 γὰρ
1462 2200 1712 2276 ἀπεχθῶς
1765 2188 1906 2277 εἶχον
1964 2197 2094 2276 πρὸς

489 2284 686 2360 αὐτὸν,
715 2283 804 2343 ἵνα
844 2283 920 2361 μὴ
956 2291 1046 2344 τοῦ
1076 2283 1330 2360 ὀνόματος
1378 2283 1528 2350 εὐθὺς
1576 2285 1899 2353 ἀκούσαντες
1951 2290 2092 2346 ἄπο-

486 2375 804 2446 πηδήσωσι,
849 2372 1070 2452 κρύπτει
1118 2378 1273 2431 τοῦτο
1333 2377 1383 2434 ἐν
1428 2374 1752 2450 προοιμίοις.
1816 2376 1974 2442 Τίνος
2039 2375 2093 2432 δὲ

487 2463 646 2523 ἕνεκα
679 2463 787 2520 ἀπὸ
819 2460 1034 2523 Σαύλου
1070 2465 1289 2530 Παῦλος
1342 2462 1581 2541 ἐκλήθης
1621 2461 1746 2524 Ἵνα
1793 2462 1928 2540 μηδὲ
1957 2464 2095 2523 κατὰ

485 2557 644 2611 τοῦτο
673 2554 944 2631 ἐλαττωθῇ
972 2557 1064 2611 τοῦ
1113 2551 1401 2632 κορυφαίου
1444 2555 1549 2610 τῶν
1592 2554 1908 2612 ἀποστόλων
1929 2601 1944 2629 ,
1977 2555 2096 2612 ἐπι-

2119 1341 2170 1402 Α

2673 1350 2709 1412 3
2739 1350 2986 1406 CAPUT
3017 1351 3335 1408 PRIMUM.

2269 1487 2450 1541 Vens.
2475 1490 2523 1540 1.
2559 1505 2586 1536 «
2610 1483 2832 1540 Paulus.
2863 1508 2888 1532 ι
2914 1488 3106 1558 Neque
3137 1488 3337 1550 Moses,
3360 1501 3537 1558 neque
3564 1487 3804 1560 plerique

2200 1574 2312 1641 alii,
2355 1574 2451 1646 qui
2497 1574 2652 1630 illum
2705 1581 2836 1630 sunt
2875 1574 3176 1642 subsecuti,
3215 1574 3328 1631 imo
3357 1591 3534 1648 neque
3565 1592 3807 1648 evange-

2196 1663 2338 1720 lista
2367 1663 2592 1719 nomina
2620 1677 2719 1719 sua
2749 1663 2968 1734 scriptis
2996 1663 3111 1718 suis
3140 1673 3580 1735 praeposuerunt.
3629 1666 3807 1722 Divus

2201 1761 2387 1810 autem
2412 1753 2535 1821 iste,
2567 1751 2772 1824 ubique
2807 1751 3067 1824 Epistolis
3094 1753 3206 1807 suis
3237 1769 3437 1808 nomen
3463 1769 3627 1810 suum
3661 1771 3807 1826 pra:-

2203 1843 2361 1914 ponit
2393 1860 2406 1898 :
2456 1840 2607 1914 quod
2635 1841 2716 1896 illi
2746 1841 2976 1912 quidem
3023 1839 3093 1896 ad
3133 1849 3431 1912 praesentes
3459 1842 3807 1910 scribebant,

2201 1932 2291 1988 hic
2311 1947 2438 1986 vero
2469 1947 2499 1988 e
2540 1930 2841 2002 longinquo
2870 1930 3078 1986 litteras
3098 1929 3371 1995 mittebat,
3394 1939 3449 1986 et
3472 1939 3532 1986 ut
3551 1947 3652 2001 par
3670 1941 3807 1998 erat,

2201 2020 2533 2078 characteris
2569 2020 2878 2092 epistolaris
2907 2021 3080 2091 legem
3109 2020 3440 2091 complebat.
3476 2023 3540 2075 In
3570 2020 3808 2091 Epistola

2202 2120 2395 2168 tamen
2445 2110 2513 2166 ad
2543 2110 2809 2166 Hebraeos
2855 2109 2998 2164 istud
3028 2125 3139 2164 non
3189 2108 3336 2164 facit.
3369 2112 3512 2165 Nam
3543 2111 3806 2181 quoniam

2204 2200 2408 2258 infesto
2435 2216 2562 2271 erga
2606 2200 2786 2270 ipsum
2839 2207 2997 2255 erant
3025 2199 3234 2267 animo,
3263 2214 3336 2255 ne
3379 2199 3592 2267 statim,
3623 2200 3808 2256 audito

2203 2292 2323 2365 ejus
2364 2292 2614 2358 nomine,
2657 2290 2902 2361 protinus
2938 2289 3227 2354 resilirent,
3259 2288 3402 2344 istud
3445 2290 3498 2344 in
3531 2290 3808 2361 prooemio

2206 2382 2464 2438 occultat.
2519 2380 2690 2452 Cujus
2732 2387 2917 2434 autem
2972 2378 3054 2433 rei
3083 2378 3258 2449 gratia
3305 2395 3367 2432 ex
3416 2379 3578 2433 Saulo
3610 2381 3811 2434 Paulus

2206 2473 2389 2530 dictus
2436 2475 2553 2526 est?
2583 2471 2663 2526 Ut
2706 2483 2888 2540 neque
2919 2467 2976 2522 in
3023 2467 3153 2534 hoc,
3193 2468 3571 2538 apostolorum
3599 2469 3807 2524 antesi-

2208 2577 2411 2635 gnano,
2442 2559 2538 2631 qui
2565 2557 2780 2629 Cephas
2809 2557 3116 2627 appellatus
3143 2565 3246 2620 est,
3277 2555 3422 2628 quod
3456 2559 3614 2623 valet,
3647 2558 3690 2612 si
3726 2557 3807 2611 in-

485 2641 772 2713 χληθέντος
823 2644 1028 2721 Κηφᾶ,
1082 2639 1110 2700 ὃ
1161 2640 1513 2719 ἑρμηνεύεται
1575 2664 1602 2698 α
1643 2641 1875 2722 Πέτρος,
1914 2668 1944 2699 n
2002 2642 2094 2700 καὶ

2206 2651 2539 2724 terpreteris,
2576 2668 2603 2699 ι(
2631 2651 2828 2703 Petrus
2855 2665 2884 2698 »
2924 2687 2938 2713 ,
2969 2644 3156 2699 minor
3184 2653 3328 2700 esset
3378 2663 3391 2700 :
3425 2655 3522 2700 aut
3549 2646 3676 2701 filiis
3709 2649 3806 2701 Ze-

484 2735 595 2790 τῶν
624 2734 748 2790 υἱῶν
797 2731 1093 2792 Ζεϐεδαίου
1118 2777 1136 2810 ,
1185 2731 1656 2808 ἐπονομασθέντων
1703 2731 1998 2812 Βοανεργὲς
2019 2777 2034 2805 ,
2069 2731 2099 2789 8

486 2824 634 2890 ἐστι,
662 2849 684 2874 ε
717 2822 820 2880 υἱοὶ
852 2824 1092 2901 βρονῆς.
1124 2844 1152 2877 ιι

575 2933 604 2965 ιι
639 2911 857 2976 Δοῦλος.
897 2938 920 2961 υ
960 2909 1160 2970 Πολλοὶ
1214 2909 1452 2979 δουλείας
1503 2911 1713 2991 τρόποι.
1762 2910 1833 2971 Ὁ
1864 2911 1972 2970 ἀπὸ
2002 2915 2096 2982 τῆς

483 2998 868 3080 δημιουργίας,
923 3003 1042 3059 καθ’
1078 2997 1174 3072 ὃν,
1238 3022 1266 3057 α
1301 2999 1386 3060 Τὰ
1430 3000 1607 3059 πάντα
1654 3001 1817 3059 δοῦλα
1863 2999 1949 3059 σάσ
1999 3025 2028 3057 )›
2068 3003 2096 3057 ὁ

485 3090 598 3148 ἀπὸ
631 3094 725 3161 τῆς
771 3089 1034 3162 πίστεως,
1083 3087 1211 3166 καθ’.
1253 3086 1310 3146 ὃν
1360 3089 1586 3169 εἴρηται·
1641 3114 1670 3145 α
1696 3087 1828 3150 ⁶¹Οτι
1859 3089 2096 3162 ὓπηκού-

485 3202 615 3238 σατε
666 3182 739 3245 εἷς
793 3177 850 3237 ὃν
899 3178 1230 3257 παρεδόθητε
1278 3177 1442 3237 τύπον
1499 3180 1758 3260 διδαχῆς·
1793 3182 1820 3237 δ
1868 3180 1972 3238 ἀπὸ
2000 3184 2096 3249 τ’ἧς

485 3268 797 3340 πολιτείας,
845 3268 963 3325 καθ’
989 3267 1046 3327 ὃν
1076 3269 1170 3326 καὶ
1204 3271 1409 3338 Μωσῆς
1454 3268 1699 3348 θεράπων
1734 3271 1898 3329 Θεοῦ.
1939 3269 2093 3328 Κατὰ

487 3358 693 3425 πάντας
723 3349 812 3417 οὖν
841 3356 1053 3425 τούτους
1091 3356 1211 3424 τοὺς
1237 3359 1465 3439 ⁴ιιρόπους
1484 3403 1502 3435 ,
1549 3360 1728 3426 δοῦλος
1757 3361 1784 3416 ὃ
1820 3361 2054 3424 Παῦλος.

597 3649 625 3684 ιι
662 3627 830 3698 Ἰησοῦ
865 3631 1124 3710 Χριστοῦ.
1168 3653 1198 3684 ν
1235 3627 1322 3689 Τὰ
1367 3633 1465 3701 τῆς
1508 3628 1814 3705 οἰκονομίας
1854 3627 2093 3702 ὀνόματα

504 3715 884 3795 προϐάλλεται,
917 3719 1026 3777 ἀπὸ
1067 3721 1172 3776 τῶν
1205 3720 1440 3778 κάτωθεν
1494 3719 1582 3779 ἐπὶ
1611 3719 1680 3777 τὰ
1713 3717 1824 3777 ἄνω
1865 3717 2092 3796 ἀνατρέ-

498 3829 632 3886 χων.
664 3809 765 3868 Καὶ
797 3808 901 3886 γὰρ
932 3806 1069 3884 μετὰ
1115 3807 1210 3881 τὴν
1253 3807 1555 3885 σάρκωσιν,
1586 3807 1797 3878 Ἰησοῦς
1835 3806 1928 3866 καὶ
1965 3809 2094 3889 Χρι-

499 3897 638 3962 στός.
706 3897 968 3976 Ἐχρίσθη
1025 3897 1160 3976 γὰρ,
1216 3899 1383 3978 ἐλαίῳ
1443 3896 1538 3972 μὲν
1602 3898 1992 3978 οὖδαμῶς,τῷ
2043 3895 2098 3954 δὲ

494 3987 630 4067 ἁγίῳ
694 3988 1014 4062 Πνεύματιο
1093 3985 1122 4046 ὃ
1178 3986 1271 4046 καὶ
1326 3985 1645 4066 κυριώτερον
1717 3988 1931 4053 πάντως
2007 3993 2099 4044 τοῦ

2205 2742 2404 2810 bedaei,
2451 2740 2546 2811 qui
2575 2742 2902 2808 Boanerges,
2934 2735 2991 2791 id
3019 2743 3119 2803 est,
3157 2753 3184 2785 «
3215 2735 3337 2791 Filii
3363 2736 3612 2804 tonitrui,
3650 2755 3680 2790 »
3711 2751 3809 2792 οο-

2205 2831 2515 2908 gnominati
2554 2828 2730 2884 fuere.

2285 2942 2312 2974 ιι
2359 2923 2575 2976 Servus.
2629 2936 2658 2969 »
2715 2915 2998 2971 Servitutis
3044 2914 3204 2970 multi
3256 2921 3384 2969 sunt
3423 2913 3595 2970 modi.
3651 2913 3810 2971 Alius

2205 3011 2431 3084 quidem
2457 3009 2525 3064 ab
2557 3007 2774 3078 opiﬁcio
2804 3014 2860 3060 et
2879 3005 3178 3070 creatione,
3207 3003 3510 3060 secundum
3537 3020 3700 3076 quem
3727 3005 3808 3060 di-

2205 3103 2350 3158 citur
2381 3118 2394 3156 ε
2432 3120 2459 3152 (ι
2489 3098 2693 3156 Omnia
2718 3096 2814 3152 tibi
2843 3096 3091 3151 serviunt
3113 3099 3203 3162 a";
3241 3115 3268 3147 ι)
3292 3097 3430 3152 alius
3451 3111 3479 3150 a
3503 3095 3628 3162 ﬁde,
3651 3095 3809 3166 juxta

2204 3208 2374 3265 quem
2403 3189 2618 3245 dictum
2669 3193 2754 3242 est
2800 3203 2813 3242 :
2851 3205 2880 3238 «
2909 3186 3182 3258 Quoniam
3215 3185 3518 3253 obediistis,
3565 3173 3616 3239 in
3645 3201 3806 3256 quam

2205 3281 2390 3338 traditi
2438 3279 2590 3344 estis,
2626 3277 2864 3332 formam
2905 3275 3173 3332 doctrina:
3201 3274 3265 3342 h;
3292 3295 3318 3326 »
3353 3275 3489 3330 alius
3517 3291 3547 3329 a
3573 3275 3698 3330 vita:
3723 3274 3808 3328 in-

2203 3372 2403 3428 stituto
2453 3384 2607 3440 :quo
2637 3366 2803 3424 modo
2841 3368 3022 3421 Moses
3063 3365 3241 3421 dictus
3269 3374 3351 3421 est
3396 3364 3634 3420 famulus
3687 3365 3804 3420 Dei.

2203 3448 2448 3515 Proinde
2504 3456 2686 3512 modis
2763 3454 2849 3511 his
2902 3455 3164 3510 omnibus
3228 3454 3428 3510 Paulus
3493 3453 3810 3510 nominatur

2199 3565 2407 3606 servus.

2279 3659 2306 3692 α
2330 3640 2457 3695 Jesu
2487 3637 2710 3693 Christi.
2743 3655 2774 3688 »
2803 3634 3167 3692 OEconomize
3189 3643 3244 3690 et
3262 3633 3680 3704 dispensationis
3703 3651 3806 3690 no-

2204 3730 2354 3784 mina
2394 3727 2682 3800 praeponit,
2730 3726 2797 3781 ab
2828 3723 3179 3780 inferioribus
3217 3725 3286 3779 ad
3315 3724 3590 3794 superiora
3621 3741 3807 3779 recur-

2209 3835 2350 3874 rens.
2402 3817 2626 3872 Etenim
2679 3823 2803 3886 post
2839 3813 3294 3878 incarnationem,
3339 3813 3515 3875 Jesus,
3547 3821 3600 3867 et
3643 3813 3805 3868 Chri-

2208 3917 2348 3972 stus,
2398 3908 2451 3962 id
2493 3916 2593 3973 est,
2631 3908 2867 3970 Unctus,
2907 3903 3084 3958 dictus
3113 3910 3196 3957 est
3241 3911 3484 3956 :unctus
3521 3902 3671 3956 enim
3701 3911 3806 3969 est,

2212 3997 2637 4070 haudquaquam
2668 3995 2810 4060 oleo,
2845 3993 2938 4048 sed
2968 3992 3167 4062 Spiritu
3198 4000 3409 4056 sancto,
3442 3991 3534 4063 qui
3567 3991 3686 4046 oleo
3731 4001 3811 4047 est

489 4051 696 4136 ἐλαίου.
766 4073 903 4136 Ὅτι
938 4076 990 4137 δὲ
1039 4081 1131 4136 καὶ
1170 4076 1336 4156 χωρὶς
1377 4050 1471 4135 ⁸τοῦ
1505 4050 1684 4136 ἐλιαίου
1713 4076 1888 4156 χρίσις
1921 4075 2060 4134 ἐστὶν
2081 4122 2096 4148 ,

2211 4087 2438 4143 omnino
2489 4084 2798 4157 pretiosior.
2845 4085 3020 4138 Porro
3061 4082 3206 4152 quod
3258 4081 3446 4135 unctio
3478 4081 3645 4136 etiam
3694 4082 3810 4136 sine

486 4169 544 4226 ἕν
590 4168 738 4246 μόνῳ
765 4170 842 4245 τῷ
891 4166 1193 4242 Πνεῦματι,
1241 4166 1485 4225 ἄκουσονο
1527 4190 1556 4224 ιι
1593 4165 1686 4237 Μὴ
1732 4167 1959 4224 ἅπτεσθε
1991 4169 2095 4222 τῶν

487 4259 729 4336 χριστῶν
771 4279 890 4332 μουο
939 4283 962 4308 ιο
992 4257 1114 4335 περὶ
1137 4260 1243 4314 τῶν
1271 4256 1376 4335 πρὸ
1398 4263 1490 4315 τοῦ
1518 4254 1813 4336 νόμουῖγὰρ
1847 4258 1874 4312 ὁ
1905 4254 2056 4334 λόγος
2076 4299 2094 4330 ,

484 4335 576 4404 ὅτε
606 4345 727 4404 οὐδὲ
764 4343 930 4422 ὄνομα
966 4348 1057 4416 τῆς
1083 4349 1178 4404 τοῦ
1205 4344 1384 4405 ἐλαίου
1423 4345 1654 4426 χρίσεως
1685 4335 1768 4417 ἦν.

574 4547 604 4581 ε
637 4523 866 4597 Κλητός.
920 4545 950 4581 n
992 4523 1492 4606 Ταπεινοφροσόνης
1543 4524 1606 4583 τὸ
1643 4528 1808 4606 ῥῆμα·
1859 4524 2098 4585 δείκνυσι

491 4613 598 4695 γὰρ
617 4660 632 4686 ,
668 4613 752 4673 ὅτι
783 4615 878 4673 οὐκ
907 4612 1062 4681 αὐτὸς
1093 4612 1331 4687 ζητήσας
1357 4605 1526 4696 εὗρεν,
1558 4605 1700 4673 ἀλλὰ
1744 4613 1956 4687 κληθεὶς
1987 4638 2098 4674 πα-

494 4702 734 4785 ρεγένετο
744 4747 757 4762 .

583 4818 615 4849 α
657 4792 996 4860 Ἀπόστολος.
1029 4815 1060 4852 n
1095 4795 1270 4854 T0310
1297 4792 1498 4853 τέθεικε
1539 4793 1669 4876 πρὸς
1696 4793 2100 4864 ἀντιδιαστολὴν

492 4885 600 4941 τῶν
632 4882 824 4962 ἑτέρων
872 4886 1107 4955 κλητῶν.
1146 4882 1255 4943 Καὶ
1302 4883 1497 4951 πάντες
1543 4885 1638 4954 μὲν
1679 4882 1782 4964 γὰρ
1813 4886 1860 4942 οἱ
1894 4883 2101 4955 πιστοὶ,

492 4972 701 5043 κλητοί·
735 4973 852 5030 ἀλλ’
906 4974 1096 5030 ἐκεῖνοι
1142 4971 1237 5050 μὲν
1260 5018 1277 5045 ,
1331 4976 1489 5052 μέχρι
1534 4977 1626 5032 τοῦ
1660 4979 1962 5034 πιστεῦσαι·
1996 4970 2102 5050 ἐγὼ

494 5062 584 5133 δὲ,
613 5060 778 5143 φησὶ,
805 5061 897 5120 καὶ
925 5063 1023 5133 τὴν
1055 5062 1358 5133 ἀποστολὴν
1403 5062 1760 5142 ἐνεχειρίσθην
1785 5109 1801 5136 ,
1844 5062 1908 5134 ἣν
1954 5063 2046 5121 καὶ
2074 5066 2101 5120 ὁ

493 5151 729 5230 Χριστὸς
790 5150 1181 5232 ἐγκεχείριστο,
1237 5152 1389 5233 παρὰ
1456 5157 1547 5212 τοῦ
1597 5151 1812 5234 Πατρὸς
1862 5153 2102 5212 ἀποστα-

492 5240 625 5308 λείς.

585 5352 614 5387 ‹
643 5329 1035 5410 Ἁφωρισμίνος
1068 5333 1142 5398 εἷς
1172 5331 1500 5409 Εὖαγγέλιον
1531 5332 1698 5394 Θεοῦ.
1730 5355 1763 5388 ι)
1796 5329 2106 5405 Τουτέστιν,

495 5419 1039 5499 Ἀποκεκληρωμένος
1075 5423 1148 5489 εἷς
1178 5420 1275 5494 τὴν
1309 5426 1403 5479 τοῦ
1434 5420 1766 5500 Εὖαγγελίου
1796 5420 2092 5480 διακονίαν.

503 5509 615 5570 Καὶ
666 5507 841 5576 ἄλλως
893 5509 982 5584 δὲ,
1032 5509 1126 5584 τὸ,
1187 5533 1217 5570 ι(
1267 5509 1687 5592 Ἀφωρισμένος,
1737 5535 1769 5566 »
1803 5509 1921 5569 ἀντὶ
1968 5514 2098 5583 τοῦ,

502 5598 916 5680 Προωρισμένος
947 5601 1019 5668 εἷς
1049 5605 1223 5660 τοῦτο·
1266 5602 1339 5667 ὡς
1380 5600 1473 5660 καὶ
1517 5600 1648 5681 πρὸς
1693 5599 1961 5681 Ἰερεμίαν
1993 5623 2099 5680 φη-

2209 4176 2331 4233 oleo
2377 4177 2470 4241 sit,
2503 4191 2597 4248 per
2626 4174 2888 4245 Spiritum
2933 4172 3137 4241 solum,
3167 4171 3296 4228 audi
3332 4189 3345 4226 :
3400 4190 3428 4223 ιι
3460 4172 3541 4226 Ne
3577 4170 3812 4242 tangatis

2207 4275 2406 4324 unctos
2437 4281 2588 4322 meos
2615 4318 2638 4342 ρ
2663 4307 2676 4320 .
2707 4284 2735 4316 ι)
2764 4261 2924 4333 Quod
2949 4263 3204 4328 verbum,
3243 4260 3310 4316 de
3336 4261 3420 4324 iis,
3448 4260 3544 4332 qui
3570 4269 3695 4315 ante
3732 4260 3811 4315 le-

2207 4373 2331 4429 gem
2355 4355 2532 4423 fuere,
2563 4352 2947 4426 accipiendum
2978 4360 3081 4418 est,
3111 4367 3219 4421 quo
3255 4359 3505 4421 tempore
3535 4348 3814 4406 unctionis

2209 4463 2306 4519 per
2333 4447 2519 4502 oleum
2569 4460 2640 4500 ne
2665 4459 2871 4500 nomen
2899 4441 3123 4514 quidem
3152 4441 3419 4496 innotuit.

2286 4556 2314 4590 «
2359 4537 2630 4591 Vocatus.
2668 4554 2696 4586 »
2732 4532 2971 4588 Humilis
2999 4540 3054 4588 et
3083 4530 3321 4587 modesti
3353 4529 3525 4585 animi
3557 4529 3662 4584 hoc
3692 4545 3812 4584 ver-

2211 4627 2343 4682 bum
2370 4633 2474 4682 est.
2507 4623 2720 4681 Iudicat
2754 4623 2902 4678 enim
2938 4621 3087 4693 quod
3116 4635 3230 4676 non
3261 4619 3375 4692 ipse
3403 4616 3702 4691 quarendo
3727 4616 3813 4673 in-

2209 4715 2441 4781 venerit,
2472 4713 2570 4770 sed
2600 4721 2826 4769 vocatus
2853 4711 3161 4767 accesserit.

2288 4824 2316 4857 «
2361 4804 2680 4875 Apostolus.
2716 4822 2744 4854 »
2779 4805 2902 4858 Hoc
2931 4801 3116 4872 posuit
3145 4799 3213 4855 ad
3257 4798 3490 4855 aliorum
3519 4797 3813 4854 discrimen

2212 4895 2308 4968 qui
2337 4893 2514 4950 vocati
2563 4901 2710 4948 sunt.
2746 4891 2969 4947 Etenim
3019 4889 3205 4945 ﬁdeles
3234 4905 3450 4954 omnes,
3485 4887 3661 4944 vocati
3695 4905 3708 4942 :
3761 4895 3818 4942 at

2209 4985 2289 5041 illi
2308 4983 2376 5040 ad
2406 4983 2751 5039 credendum
2782 4981 3051 5036 duntaxat
3087 4997 3099 5035 :
3130 4979 3267 5035 Mihi
3298 4996 3448 5047 vero,
3472 4977 3667 5050 inquit,
3687 4991 3817 5032 mu-

2204 5075 2352 5131 neris
2392 5072 2680 5145 apostolici
2725 5071 2952 5134 functio,
2997 5086 3091 5126 seu
3138 5069 3335 5140 legatio
3389 5066 3682 5123 commissa
3711 5073 3816 5131 est,

2211 5179 2336 5236 quae
2363 5172 2420 5220 et
2446 5162 2687 5232 Christo,
2717 5177 2847 5218 cum
2874 5177 2906 5217 a
2929 5163 3088 5216 Patre
3130 5159 3461 5225 mitteretur,
3489 5152 3817 5212 concredita

2213 5262 2352 5311 erat.

2301 5363 2330 5396 «
2357 5345 2686 5417 Segregatus
2715 5343 2772 5398 in
2803 5339 3164 5412 Evangelium
3192 5336 3326 5408 _Dei.
3366 5359 3390 5385 ιο
3420 5337 3542 5391 Ηοο
3580 5341 3685 5403 est,
3723 5335 3820 5389 Se-

2226 5435 2400 5492 lectus
2447 5433 2518 5490 ad
2568 5431 2849 5506 Evangelii
2897 5428 3277 5486 ministerium.
3325 5426 3503 5482 Aliter
3540 5432 3727 5480 autem
3768 5431 3824 5478 et

2211 5545 2240 5578 ιι
2288 5527 2640 5598 Segregatus,
2676 5543 2704 5575 »
2758 5536 2855 5594 pro
2883 5536 2971 5587 eo,
3000 5521 3056 5595 4
3085 5515 3234 5598 quod
3286 5514 3825 5598 cstPraedestinatus

2210 5605 2280 5663 ad
2328 5595 2778 5675 bocfaccipitur;
2823 5610 2886 5658 ut
2913 5616 3042 5658 cum
3089 5597 3162 5656 ad
3184 5597 3486 5656 Jeremiam
3520 5599 3669 5652 Deus
3697 5595 3776 5651 ait
3806 5610 3822 5647 :

575 5796 600 5822 ι
627 5791 652 5813 ⁹
703 5787 851 5844 Psal.
902 5802 1123 5857 cxvut,
1177 5793 1268 5845 91.
1311 5789 1339 5824 ι’
1366 5791 1535 5846 Rom.
1568 5803 1656 5858 vr,
1687 5795 1771 5844 17.
1803 5791 1827 5822 ε
1855 5786 2003 5845 Psal.
2031 5802 2094 5856 x,
2128 5792 2215 5842 15.
