4128 6428
390 453 493 508 339

1410 456 1926 516 THEOPHYLACTI
1966 460 2322 519 BULGARl/E
2357 467 2669 527 ARCHIEP.

3600 481 3703 537 340

392 596 421 629 ι(
452 576 782 651 Priusquam
809 576 986 635 exires
1025 593 1091 636 ex
1118 580 1351 638 matrice
1389 582 1726 639 sanctiﬁcavi
1760 592 1816 641 te
1844 573 1909 641 δ’.
1954 604 1982 639 )›

2100 585 2181 646 civ
2216 592 2243 648 ὁ
2271 590 2423 684 Θεός·
2461 617 2491 649 α
2519 596 2630 676 Πρὸ
2658 603 2749 659 τοῦ
2779 623 2840 659 σε
2886 600 3108 668 ἐξελθεῖν
3138 603 3199 662 ἐκ
3229 601 3436 682 μήτρας
3458 648 3474 676 ,
3499 604 3703 684 ἡγίακά

388 667 709 739 Quinetiam
738 668 853 740 ipse
876 668 1076 726 Paulus
1095 669 1225 726 alibi
1251 669 1328 727 ait
1359 689 1373 727 :
1406 690 1435 725 α
1461 672 1699 743 Quando
1723 674 1897 731 visum
1920 691 1977 732 es

2106 699 2189 776 σεΣ
2212 700 2258 776 .))
2299 682 2409 740 Καὶ
2438 686 2466 742 ὁ
2497 667 2709 756 Παῦλος
2735 687 2790 748 δὲ
2812 667 2966 758 αὐτος
2995 667 3239 773 ἀλλαχοῦ
3266 667 3471 776 ιρησινϋί
3506 667 3704 756 υἷ”οτε

389 759 531 825 Deo,
561 757 655 831 qui
696 773 785 815 me
827 761 1132 833 segregavit
1158 776 1223 816 ex
1268 770 1426 819 utero
1458 763 1652 820 matris
1697 780 1840 822 mea:
1869 772 1894 802 ε
1919 808 1932 821 .
1966 786 1995 819 »

389 847 565 904 Porro
594 863 709 904 non
737 846 944 905 frustra
971 849 1127 921 dicit,
1185 869 1213 903 «
1243 854 1489 910 Vocatus
1518 869 1664 924 sum,
1711 863 1768 911 et
1813 870 1999 929 segre-

388 945 547 1010 gatus
572 937 629 993 in
659 938 1039 1011 Evangelium.
1095 963 1123 991 »
1155 941 1438 1011 Quoniam
1484 959 1613 1001 vero
1642 945 1695 1001 ei
1730 944 1800 1001 ad
1841 962 1998 1002 arro-

389 1034 579 1098 gantes
606 1042 793 1084 sermo
823 1037 961 1097 erat,
991 1028 1147 1087 illum
1172 1030 1280 1088 ﬁde
1307 1031 1537 1105 dignum
1566 1032 1755 1102 efﬁcit,
1785 1050 1887 1091 ceu
1914 1035 1997 1093 di-

388 1116 595 1173 vinitus
643 1117 899 1174 missum.
959 1119 1324 1193 Evangelium
1371 1130 1558 1179 autem
1602 1122 1823 1193 dicitur,
1884 1141 1998 1181 non

387 1205 566 1261 solum
609 1216 832 1279 propter
857 1206 1001 1265 bona
1038 1209 1159 1282 jam
1211 1219 1455 1283 peracta,
1506 1228 1696 1270 verum
1725 1215 1893 1271 etiam
1924 1216 1996 1271 ob

389 1291 592 1351 futura.
638 1296 966 1353 Consolatur
1010 1297 1235 1370 insuper
1282 1299 1596 1359 auditorem
1646 1302 1766 1375 ipso
1803 1305 1994 1360 statim

389 1384 668 1457 Evangelii
695 1386 942 1443 nomine.
969 1389 1095 1444 Non
1118 1389 1268 1445 enim
1294 1390 1478 1448 tristia
1503 1390 1787 1464 quaedam,
1815 1393 1994 1466 qualia

388 1473 784 1547 prophetarum
809 1476 1084 1547 vaticinia,
1133 1478 1231 1537 sed
1259 1479 1675 1538 innumerorum
1718 1482 1993 1540 bonorum

390 1563 686 1621 thesauros
720 1566 1077 1639 Evangelium
1105 1569 1508 1641 complectitur.
1541 1570 1774 1639 Deinde,
1808 1574 1993 1629 Evan-

390 1653 593 1725 gelium
628 1653 732 1710 hoc
775 1655 882 1712 Dei
912 1664 1012 1721 est,
1046 1656 1153 1714 hoc
1205 1666 1290 1715 est
1331 1660 1531 1729 Patris,
1581 1669 1701 1718 tum
1738 1661 1885 1734 quod
1924 1662 1993 1719 ab

389 1741 510 1814 ipso
559 1741 830 1801 donatum
880 1745 972 1815 sit,
1030 1755 1152 1803 tum
1199 1748 1347 1820 quod
1397 1750 1580 1822 ipsum
1631 1750 1991 1808 manifestum

386 1829 600 1889 reddat.
654 1834 773 1889 Etsi
814 1835 960 1891 enim
1010 1835 1066 1891 in
1104 1836 1287 1894 Veteri
1328 1840 1689 1896 Testamento
1739 1841 1992 1915 cognitus

388 1928 527 1990 erat,
566 1922 699 1980 solis
728 1931 919 1981 tamen
965 1925 1172 1983 Judaeis
1207 1936 1330 1984 erat
1358 1930 1630 2002 cognitus,
1661 1946 1840 2003 neque
1884 1931 1990 1988 illis

2104 766 2395 866 εὐδόκησενΔ
2433 774 2461 830 ὁ
2493 775 2654 866 Θεὸς,
2690 781 2717 837 ὃ
2762 778 3020 861 ἀφορίσας
3064 766 3236 859 μεηέκ
3276 766 3478 852 κοιλίας
3509 785 3706 866 μητρός

2105 881 2229 951 μου.
2256 883 2295 951 »Α
2321 861 2404 921 Οὗ
2436 863 2611 939 μάτην
2639 866 2692 927 δὲ
2723 868 2903 948 λέγει,
2943 868 3024 929 ὅτι
3076 894 3105 930 ί(
3135 872 3347 946 Κλητός
3378 861 3524 951 εἶμι,
3552 899 3584 931 n
3610 861 3703 934 xui

2104 946 2192 1039 ὅτι
2220 970 2250 1007 α
2282 948 2667 1039 Ἇφωρισμέν-ος
2709 946 2869 1025 εἰςήτὸ
2899 960 3251 1039 Εὗαγγέλιον.
3291 984 3322 1020 (ι
3348 946 3700 1037 Ἄλλίέπειδὴ

2104 1038 2236 1119 πρὸς
2296 1039 2557 1111 ἀλαζόνας
2599 1035 2662 1118 ἦν
2695 1050 2724 1106 ὁ
2769 1046 2921 1128 λόγος
2967 1035 3147 1130 αὐτῶ,
3199 1051 3501 1121 ἀξιόπιστον
3546 1035 3703 1114 αὐτὸν

2101 1128 2280 1221 ποιεῖ,
2323 1134 2395 1197 ὡς
2442 1132 2617 1221 θεόθεν
2656 1136 2804 1195 ὄντα.
2868 1128 3195 1218 Εὖαγγέλιον
3246 1140 3302 1200 δὲ
3359 1142 3606 1221 λέγεται,
3641 1146 3700 1203 οὗ

2103 1215 2190 1310 διὰ
2228 1218 2296 1280 τὰ
2327 1220 2587 1300 γενόμενα
2613 1226 2786 1304 ἀγαθὰ
2814 1215 3012 1306 μόνον
3037 1215 3186 1290 ἀλλὰ
3214 1230 3307 1289 xui
3341 1215 3527 1290 διατὸι
3568 1215 3702 1310 μέλ-

2101 1305 2286 1401 λοντα.
2319 1312 2752 1401 ’Παραμυθεῖται
2800 1315 2854 1375 δὲ
2882 1316 2973 1375 xui
2998 1305 3092 1377 τὸν
3127 1318 3396 1401 ἀκροατὴν
3434 1305 3581 1390 εὐθὺς
3614 1322 3698 1380 διὰ

2100 1401 2191 1455 τοῦ
2239 1398 2516 1476 ὀνόματος.
2572 1405 2655 1463 Οὖ
2698 1403 2802 1486 γὰρ
2836 1407 3129 1488 σκυθρωπά
3174 1398 3332 1484 τινα,
3369 1400 3455 1471 οἶα
3498 1412 3566 1470 τὰ
3593 1416 3701 1471 τῶν

2100 1493 2423 1581 προφητῶν,
2461 1491 2601 1551 ἀλλὰ
2637 1494 2842 1576 μυρίων
2895 1497 3108 1574 ἀγαθῶν
3158 1499 3455 1579 θησαυροὺς
3485 1500 3508 1535 ⁵
3540 1524 3699 1581 περι-

2101 1572 2234 1669 έχει.
2266 1577 2347 1639 Τὸ
2378 1580 2433 1639 δὲ
2468 1572 2791 1661 Εὐαγγέλιον
2831 1572 2984 1647 τοῦτο
3022 1592 3117 1647 τοῦ
3161 1590 3302 1650 Θεοῦ
3337 1572 3499 1669 έστι,
3540 1572 3698 1650 τούτ-

2101 1662 2244 1739 έστι,
2274 1676 2366 1730 τοῦ
2392 1672 2632 1751 Πατρὸς,
2662 1673 2751 1733 xui
2779 1679 2850 1742 ὣς
2880 1677 3113 1756 δωρηθὲν
3144 1681 3271 1758 παρ’
3296 1662 3595 1753 αὖτοῦξκαὶ
3625 1682 3697 1747 ὡς

2098 1756 2347 1848 Υγξνὶρξζον
2378 1762 2553 1822 αὐτόν.
2607 1764 2675 1822 Εἰ
2701 1763 2804 1845 γὰρ
2847 1764 2939 1823 καὶ
2986 1768 3038 1825 ἐν
3180 1756 3402 1847 Παλαιᾷ
3431 1768 3695 1848 ἔγνωστο,

2100 1843 2220 1902 ἀλλ’
2252 1845 2522 1917 Ἰουδαίοις
2564 1843 2786 1928 μόνοις(
2820 1853 2909 1912 καὶ
2941 1855 3057 1915 οὐδὲ
3099 1843 3330 1929 τούτοις,
3358 1843 3429 1925 ὧς
3471 1843 3692 1937 -Πατήρί

2095 1931 2310 2029 ὕστερον
2361 1937 2550 2029 δὲ-διὰ
2594 1946 2689 1999 τοῦ
2738 1942 3071 2022 Εὗαγγελίου
3116 1945 3443 2028 ἐξεκαλύφθη
3608 1931 3691 2007 oi-

385 2009 537 2083 ipsis,
567 2020 629 2068 ut
656 2016 835 2071 Pater.
874 2017 1071 2072 Postea
1100 2031 1228 2073 vero
1266 2033 1364 2090 per
1394 2019 1752 2092 Evangelium
1786 2020 1984 2077 revela-

2103 2009 2332 2107 κουμένῃ
2363 2027 2515 2110 πάσῃ
2535 2076 2551 2107 ,
2585 2029 2723 2107 μετὰ
2765 2009 3049 2094 τοῦιῨὶοῦ.

386 2106 478 2158 tus
510 2110 593 2158 est
619 2103 876 2160 universo
913 2112 1185 2163 terrarum
1213 2107 1357 2177 orbi,
1387 2124 1498 2165 una
1527 2125 1656 2166 cum
1685 2110 1824 2168 Filio
1863 2126 1984 2168 suo.

462 2237 642 2294 Vsus.
674 2243 728 2294 2.
763 2260 789 2288 ιι
821 2237 986 2313 Quod
1017 2248 1180 2298 antea
1207 2242 1540 2314 promiserat
1565 2260 1666 2317 per
1694 2245 1989 2318 prophetas

385 2340 533 2383 suos.
564 2347 592 2380 »
624 2328 767 2385 Cum
793 2336 1065 2402 tanquam
1092 2347 1315 2401 novam,
1349 2334 1799 2405 praedicationem
1836 2336 1985 2417 illam

383 2417 669 2490 Evangelii
686 2418 1176 2492 calumniarentur,
1196 2420 1542 2481 demonstrat
1566 2423 1671 2482 hoc
1695 2425 1877 2499 ipsum
1898 2427 1986 2483 vel

382 2505 589 2564 Graecis
619 2507 753 2577 (sive
797 2508 1078 2582 gentibus)
1113 2511 1396 2585 antiquius
1421 2529 1560 2584 esse,
1589 2523 1647 2571 et
1668 2515 1725 2572 in
1754 2516 1988 2589 prophe-

379 2594 450 2652 tis
486 2595 606 2668 jam
652 2604 813 2655 antea
841 2599 1225 2673 perscriptum.
1258 2603 1531 2662 Praeterea
1575 2604 1760 2677 ipsum
1807 2608 1984 2663 Evan-

382 2684 505 2758 gelii
556 2685 886 2744 vocabulum
929 2688 989 2745 in
1018 2689 1227 2747 Davide
1256 2691 1550 2763 invenitur,
1580 2693 1717 2750 dum
1758 2695 1935 2768 inquit
1968 2716 1981 2752 :

388 2791 417 2825 (ι
456 2776 734 2831 Dominus
761 2776 915 2833 dabit
948 2780 1177 2836 verbum
1229 2782 1747 2854 evangelizantibus,
1784 2785 1984 2843 virtute

381 2861 557 2919 multa
599 2855 638 2920 ί.
688 2883 717 2916 ι)
758 2867 832 2921 Et
880 2867 934 2922 in
980 2868 1117 2925 Isaia
1168 2887 1181 2925 :
1221 2889 1249 2923 «
1300 2873 1480 2942 Quam
1536 2873 1766 2945 speciosi
1814 2873 1983 2947 pedes

380 2952 867 3025 evangelizantium
894 2972 1086 3030 pacem
1115 2967 1143 3006 ε
1166 3000 1180 3016 .
1224 2980 1252 3013 ››

453 3105 485 3142 α
532 3091 598 3145 In
640 3088 937 3163 Scripturis
982 3093 1209 3151 sanctis.
1250 3114 1277 3148 »
1313 3098 1437 3153 Non
1466 3096 1614 3154 enim
1643 3098 1802 3156 verba
1831 3099 1977 3158 dun-

377 3185 531 3235 taxat
566 3178 847 3252 prophetaa
874 3181 1142 3253 fecerunt,
1181 3184 1279 3242 sed
1328 3193 1384 3242 et
1411 3185 1604 3244 litteris
1644 3190 1979 3250 mandarunt

379 3281 500 3358 sua,
549 3283 617 3325 ac
653 3285 750 3342 per
777 3284 866 3327 res
892 3270 1200 3345 ﬁgurarum
1241 3292 1255 3330 :
1287 3274 1771 3349 quemadmodum
1798 3280 1980 3338 Ahra-
2021 3293 2065 3358 ρ

377 3355 510 3412 bam
556 3373 654 3431 per
694 3362 967 3430 Isaacum,
999 3370 1056 3419 et
1102 3364 1288 3421 Moses
1340 3380 1437 3437 per
1469 3375 1807 3439 serpentem,
1860 3386 1981 3428 ma-

373 3461 661 3520 nuumque
690 3451 1089 3521 extensionem,
1121 3454 1359 3527 agnique
1387 3458 1803 3516 mactationem.
1850 3463 1980 3518 Ete-

376 3534 492 3591 nim
520 3552 653 3593 cum
670 3537 845 3596 ardua
874 3540 1149 3613 quaepiam
1174 3544 1469 3603 moliturus
1497 3555 1580 3603 est
1599 3550 1775 3617 Deus,
1803 3551 1979 3607 multo

374 3624 571 3683 eadem
585 3634 710 3683 ante
730 3637 985 3701 tempore
1005 3631 1343 3690 vaticinatur
1364 3651 1430 3693 ac
1453 3636 1716 3709 praedicit.
1741 3640 1977 3711 Quando

375 3729 508 3788 ergo
536 3716 614 3772 ait
639 3716 790 3790 quod
821 3736 835 3775 :
874 3736 903 3774 α
950 3721 1113 3778 Multi
1157 3723 1443 3796 prophetae
1476 3727 1769 3800 cupierunt
1796 3730 1979 3788 videre

374 3820 499 3878 quae
527 3805 743 3877 videtis,
771 3817 826 3865 et
852 3826 968 3867 non
990 3811 1247 3871 viderunt
1271 3813 1295 3850 ³³
1323 3832 1335 3871 :
1373 3836 1402 3870 »
1432 3815 1539 3874 hoc
1576 3818 1726 3888 dicit,
1753 3836 1973 3893 nempe,

372 3893 522 3968 quod
562 3910 792 3954 carnem
842 3898 994 3956 illam
1039 3916 1200 3958 suam
1253 3919 1371 3960 non
1423 3905 1681 3977 viderint,
1725 3908 1976 3984 adeoque

370 3983 526 4058 signa
561 3985 700 4058 ipsa,
731 4003 855 4061 quae
878 3989 1126 4062 ipsorum
1153 3993 1327 4049 oculis
1350 3992 1572 4051 fuerant
1595 3998 1862 4070 exposita.

440 4120 622 4177 Vsus.
652 4127 707 4178 3.
739 4142 769 4174 (ι
801 4125 885 4179 De
920 4123 1063 4181 Filio
1093 4140 1218 4197 suo,
1246 4127 1340 4199 qui
1369 4137 1537 4186 natus
1562 4140 1648 4188 est
1674 4148 1740 4189 ex
1766 4136 1976 4192 semine

371 4208 548 4264 David
575 4209 882 4268 secundum
922 4228 1166 4271 carnem.
1196 4234 1224 4270 »
1259 4216 1367 4273 Hic
1395 4220 1677 4292 perspicue
1706 4223 1842 4280 duas
1882 4242 1974 4299 ge-

370 4299 689 4356 nerationes
716 4299 1036 4359 manifestat
1066 4321 1079 4359 :
1102 4320 1201 4377 per
1224 4305 1331 4363 hoc
1351 4308 1502 4365 enim
1532 4310 1678 4383 quod
1706 4313 1800 4382 ait,
1832 4334 1858 4367 «
1890 4319 1973 4372 De

375 4387 508 4444 Filio
537 4388 677 4462 ejus.
724 4410 754 4441 »
788 4389 893 4448 hoc
917 4401 1001 4449 est
1024 4394 1144 4459 Dei,
1176 4410 1472 4468 supernam
1515 4402 1924 4472 generationem
1952 4424 1965 4462 :

368 4492 467 4549 per
494 4476 601 4535 hoc
624 4487 807 4536 autem
838 4481 988 4554 quod
1016 4485 1268 4557 apponit,
1305 4506 1335 4539 «
1364 4490 1447 4544 Ex
1473 4491 1683 4547 semine
1710 4494 1903 4563 David,
1935 4516 1962 4549 »

366 4565 681 4626 inferiorem
710 4569 874 4628 hanc.
907 4571 1191 4646 Adjiciens
1220 4591 1408 4648 porro,
1446 4598 1474 4632 «
1495 4581 1811 4640 Secundum
1849 4602 1966 4642 car-

364 4672 517 4723 nem,
566 4677 595 4712 »
636 4658 894 4717 indicavit
928 4663 1079 4735 quod
1118 4673 1173 4721 et
1197 4667 1505 4726 secundum
1545 4671 1799 4745 spiritum
1824 4675 1967 4748 eius-

364 4746 495 4803 dem
536 4747 607 4803 sit
650 4750 952 4821 generatio.
1003 4755 1270 4826 Quocirca
1298 4757 1411 4814 non
1453 4759 1522 4816 de
1565 4762 1717 4818 nudo
1745 4772 1801 4820 et
1827 4746 1966 4821 sim-

367 4837 496 4910 plici
545 4837 775 4897 homine
824 4845 1181 4918 Evangelium
1223 4847 1329 4906 hoc
1367 4860 1448 4908 est
1496 4870 1676 4911 :nam
1706 4856 1774 4913 de
1826 4858 1967 4916 Filio

365 4926 469 4985 Dei
492 4936 606 4998 est;
650 4945 829 5003 neque
869 4932 938 4989 de
976 4934 1128 4991 nudo
1171 4945 1227 4993 et
1271 4939 1502 5012 simplici
1534 4946 1655 4999 Deo
1688 4963 1700 5000 :
1733 4961 1863 5003 nam
1901 4947 1969 5005 de

360 5024 497 5074 nato
542 5033 608 5075 ex
656 5019 866 5076 semine
910 5022 1134 5080 Davidis
1180 5028 1486 5086 secundum
1515 5046 1760 5105 carnem;
1793 5036 1865 5092 ita
1910 5045 1970 5093 ut

361 5103 512 5162 idem
544 5107 616 5164 sit
648 5115 971 5183 utrumque,
994 5128 1192 5186 nempe
1209 5124 1265 5172 et
1288 5116 1461 5174 Filius
1480 5120 1585 5176 Dei
1605 5129 1661 5178 et
1681 5103 1826 5181 ﬁlius
1854 5128 1962 5183 Da-

360 5191 522 5252 vidis.
593 5198 657 5252 In
726 5207 1017 5270 posterum
1071 5202 1258 5276 itaque
1312 5207 1600 5266 Nestorius
1654 5212 1961 5272 erubescat.

358 5281 742 5345 Generationis
776 5296 963 5346 autem
990 5289 1130 5364 ejus,
1162 5308 1287 5366 qua:
1317 5294 1368 5367 5
1400 5305 1484 5354 est
1508 5300 1813 5359 secundum
1852 5319 1971 5361 car-

354 5386 507 5444 nem,
550 5377 808 5435 meminit
846 5379 1016 5437 etiam
1068 5381 1193 5452 iste,
1227 5384 1448 5456 perinde
1475 5403 1539 5446 ac
1566 5397 1678 5448 tres
1729 5407 1965 5469 evange-

2183 2252 2214 2285 α
2255 2228 2333 2291 6O
2362 2233 2831 2313 προεπηγγείλατο
2861 2234 2948 2295 διὰ
2978 2238 3084 2296 τῶν
3115 2244 3404 2321 προφητῶν
3440 2242 3626 2302 αὑτοῦ.
3654 2262 3684 2299 n

2094 2317 2319 2409 Ἐπειδὴ
2351 2324 2422 2389 ὥς
2455 2322 2633 2382 καινὸν
2664 2323 2946 2384 διέϐαλλον
2979 2328 3042 2388 τὸ
3083 2317 3337 2409 κήρυγμα
3361 2374 3380 2407 ,
3433 2329 3692 2389 δείκνυσιν

2096 2406 2227 2467 αὐτὸ
2273 2411 2631 2492 πρεσϐύτερον
2675 2411 2733 2473 ὂν
2776 2415 2868 2475 καὶ
2913 2406 3371 2495 Ἑλλήνωνξκαὶν
3411 2422 3463 2479 ἐν
3494 2418 3697 2501 προφή-

2095 2522 2212 2566 ταις
2276 2501 2818 2583 προδιαγραφόμενονο
2880 2506 2973 2565 καὶ
3021 2510 3197 2576 αὐτοῖς
3245 2508 3300 2568 δὲ
3340 2510 3543 2591 ῥήμασι
3601 2514 3693 2570 τοῦ

2093 2589 2419 2667 Εὖαγγελίου
2451 2590 2513 2651 τὸ
2566 2591 2736 2672 ὄνομα
2789 2595 3096 2675 εὑρίσκεται
3139 2601 3192 2658 ἐν
3242 2589 3451 2675 Δαυῒδ,
3483 2602 3554 2667 ὡς
3600 2599 3690 2671 τὸ,

2101 2700 2127 2736 α
2162 2676 2357 2760 Κύριος
2411 2681 2571 2741 δώσει
2616 2686 2763 2764 ῥῆμα
2808 2693 2917 2753 τοῖς
2967 2687 3483 2766 εὐαγγελιζομένοις,
3540 2689 3695 2748 δυνά-

2096 2790 2185 2845 μει
2218 2768 2242 2803 ⁶
2271 2771 2445 2851 πολλῇ
2473 2794 2486 2807 ο
2521 2770 2612 2830 καὶ
2660 2776 2714 2833 ἐν
2764 2771 2966 2857 Ἡσαΐᾳ
2989 2821 3005 2849 ,
3063 2801 3093 2833 (ι
3121 2776 3218 2845 Ὡς
3243 2781 3429 2859 ὡραῖοι
3455 2780 3501 2840 οἶ
3534 2779 3692 2846 πόδες

2093 2860 2198 2917 τῶν
2224 2859 2709 2940 εὐαγγελιζομένων
2740 2863 2986 2944 εἶρήνηνῐ
3014 2892 3043 2924 ιι

2177 3058 2206 3096 α
2236 3040 2329 3130 Ἰςζν
2362 3043 2407 3101 Γ
2412 3049 2602 3120 ραφαῖς
2634 3042 2829 3121 ἁγίαις.
2869 3069 2899 3102 ››
2935 3047 3017 3106 Οὖ
3048 3045 3149 3128 γὰρ
3195 3046 3376 3126 ἔλεγον
3406 3048 3453 3108 οἱ
3483 3052 3690 3130 προφῆ·

2090 3149 2182 3217 ται
2215 3126 2410 3207 μόνον,
2459 3130 2601 3189 ἀλλὰ
2653 3133 2744 3191 καὶ
2793 3133 3057 3215 ἔγραφον,
3103 3126 3194 3195 xui
3238 3134 3323 3196 διὰ
3357 3126 3689 3217 πραγμάτων

2095 3214 2317 3277 ἐτύπουν
2344 3242 2357 3256 ·
2386 3224 2455 3288 ὡς
2479 3220 2729 3303 Ἀϐραὰμ
2760 3222 2847 3282 διὰ
2877 3214 2967 3284 τοῦ
2998 3223 3187 3285 Ἰσαὰκ
3206 3274 3219 3297 ,
3254 3226 3347 3286 xui
3383 3214 3414 3285 ὅ
3450 3214 3690 3300 Μωῦσῆς

2094 3304 2183 3365 διὰ
2229 3312 2321 3367 τοῦ
2368 3308 2576 3391 ὄφεως,
2631 3313 2848 3386 καὶτῆς
2896 3317 3000 3373 τῶν
3050 3319 3247 3397 χειρῶν
3278 3315 3572 3390 ἐκτάσεως,
3603 3316 3695 3376 καὶ

2091 3399 2185 3485 τῆς
2219 3402 2313 3457 τοῦ
2345 3400 2515 3475 ἀμνοῦ
2542 3406 2774 3481 σφαγῆς.
2827 3403 2934 3465 Καὶ
2963 3404 3066 3485 γὰρ
3103 3405 3231 3465 ὅταν
3261 3408 3431 3485 μέλλῃ
3474 3406 3687 3485 μεγάλα

2086 3484 2202 3546 τινὰ
2228 3491 2641 3560 κατασκευάζειν
2675 3502 2697 3539 7
2729 3496 2757 3552 δ
2790 3494 2954 3566 Θεὸς,
2986 3484 3091 3573 πρὸ
3126 3497 3339 3555 πολλῶν
3384 3494 3521 3554 αὐτὰ
3552 3519 3689 3576 προ-

2091 3586 2354 3659 αναφωνεῖ
2382 3579 2609 3660 χρόνων.
2657 3584 2727 3643 Εἰ
2778 3573 2866 3642 οὖν
2898 3583 2924 3623 ⁸
2953 3584 3046 3644 καὶ
3084 3583 3269 3664 λέγει,
3303 3584 3383 3643 ὅτι
3419 3608 3448 3645 α
3483 3573 3685 3646 Πολλοὶ

2089 3671 2358 3755 προφῆται
2410 3670 2754 3748 ἐπεθύμησαν
2818 3675 2945 3734 ἰδεῖν
3021 3674 3056 3733 ἃ
3108 3675 3372 3755 βλέπετε,
3429 3674 3522 3735 xui
3590 3676 3686 3735 οὐκ

2087 3747 2253 3834 εἶδον,
2277 3786 2300 3811 υ
2327 3759 2507 3831 Αὐτὴν
2529 3747 2624 3833 τὴν
2655 3760 2866 3842 σάρκα,
2898 3764 3057 3845 φησὶν
3074 3810 3090 3841 ,
3108 3747 3220 3826 ὀὐκ
3252 3747 3407 3841 εἶδον,
3433 3768 3525 3824 καὶ
3549 3764 3687 3824 αὐτὰ

2087 3845 2176 3905 ἐπὶ
2204 3851 2309 3907 τῶν
2333 3847 2503 3931 ὄψεων
2526 3850 2594 3910 τὰ
2622 3861 2840 3930 σημεῖα.

2175 4156 2203 4193 (ι
2238 4136 2375 4225 Περὶ
2403 4143 2494 4199 τοῦ
2530 4141 2659 4199 Υῖοῦ
2697 4144 2861 4201 αὑτοῦ
2893 4147 2986 4201 τοῦ
3034 4141 3319 4221 γενομένου
3349 4145 3411 4202 ἐκ
3441 4142 3684 4225 σπέρμα-

2082 4249 2168 4293 τος
2223 4220 2393 4287 Δαυῒδ
2444 4230 2583 4289 κατὰ
2642 4231 2836 4311 σάρκα.
2893 4253 2924 4291 ι)
2985 4220 3257 4293 Ἐνταῦθα
3301 4220 3559 4314 φανερῶς-
3590 4233 3682 4299 τὰς

2081 4316 2172 4374 δύο
2215 4318 2484 4395 γεννήσεις
2532 4320 2703 4393 δηλοῖ·
2758 4323 2811 4380 ἐν
2843 4321 2940 4398 μὲν
2979 4325 3057 4394 τῷ
3109 4323 3311 4399 εἰπεῖν,
3349 4343 3378 4380 (ι
3408 4322 3548 4404 Περὶ
3589 4330 3681 4384 τοῦ

2084 4406 2215 4465 Υἱοῦ
2245 4409 2432 4479 αὑτοῦ,
2467 4431 2495 4465 »
2537 4408 2779 4470 τουτέστι
2809 4417 2902 4471 τοῦ
2934 4413 3077 4471 Θεοῦ
3098 4455 3116 4485 ,
3139 4412 3236 4483 τὴν
3270 4411 3382 4470 ἀνω
3410 4412 3676 4490 γέννησιν·

2077 4495 2130 4553 ἓν
2161 4494 2217 4554 δὲ
2252 4499 2329 4578 τῷ
2357 4499 2696 4577 προσθεῖναι,
2730 4522 2761 4555 α
2801 4499 2905 4560 Ἐκ
2935 4500 3240 4579 σπέρματος
3277 4494 3450 4561 Δαυῗδ
3469 4548 3484 4572 ,
3514 4524 3543 4559 ››
3585 4499 3682 4573 -ι-λν

2080 4583 2244 4643 κάτω·
2277 4588 2523 4665 προσθεὶς
2556 4588 2609 4647 δὲ
2645 4590 2735 4648 xui
2765 4590 2858 4667 τὸ,
2915 4613 2945 4649 α
2980 4590 3133 4650 Κατὰ
3179 4591 3380 4671 σάρκα,
3407 4612 3436 4647 ι)
3479 4590 3668 4661 ἔδειξεν

2078 4674 2157 4734 ὅτι
2187 4675 2324 4734 κατὰ
2351 4681 2561 4754 πνεῦμα
2598 4677 2837 4757 γέννησίς
2881 4681 2993 4739 ἐστι
3020 4686 3111 4739 τοῦ
3146 4682 3327 4742 αὐτοῦ.
3372 4682 3455 4740 Οὖ
3504 4678 3677 4740 τοίνυν

2077 4764 2200 4843 περὶ
2229 4767 2386 4844 ψιλοῦ
2419 4765 2698 4847 ἀνθρώπου
2732 4770 2845 4828 ἐστὶ
2896 4769 2956 4827 τὸ
3002 4767 3345 4851 Εὐαγγέλιον·
3400 4769 3522 4850 περὶ
3570 4770 3675 4850 γὰρ

2078 4858 2170 4911 τοῦ
2202 4856 2336 4914 Υἱοῦ
2366 4863 2459 4916 τοῦ
2497 4857 2639 4916 Θεοῦ
2666 4859 2829 4917 ἐστιν·
2860 4858 2979 4917 ἀλλ’
3013 4859 3132 4918 οὐδὲ
3175 4858 3298 4938 περὶ
3327 4860 3485 4940 ψιλοῦ
3514 4860 3678 4919 Θεοῦπ

2078 4943 2199 5023 περὶ
2236 4943 2340 5024 γὰρ
2391 4949 2482 5004 τοῦ
2525 4946 2808 5026 γενομένου
2853 4950 2914 5007 ἐκ
2967 4948 3273 5028 σπέρματος
3320 4943 3493 5008 Δαυῒδ
3537 4948 3677 5009 κατὰ

2076 5032 2284 5113 σάρκα,
2328 5039 2423 5093 τοῦ
2477 5037 2637 5095 αὐτοῦ
2668 5036 2814 5104 ὄντος
2862 5036 3171 5120 ἀμφότερα,
3202 5038 3293 5097 xui
3322 5039 3454 5099 Υἱοῦ
3501 5039 3675 5110 Θεοῦ,

2075 5121 2168 5181 xui
2216 5127 2329 5184 υἱοῦ
2370 5119 2562 5188 Δαυΐδ.
2601 5126 2712 5188 Καὶ
2758 5119 3318 5207 λοιπὸνίαίσχυνέσθω
3368 5128 3672 5208 Νεστόριος.

2074 5213 2190 5295 ᾞῆς
2220 5213 2274 5271 δὲ
2309 5213 2448 5273 κατὰ
2493 5214 2669 5294 σάρκα
2719 5216 3014 5293 γεννήσεως
3061 5219 3222 5278 αὐτοῦ
3273 5217 3544 5295 μέμνηται
3583 5217 3675 5277 xui

2079 5292 2257 5376 οὗτος,
2299 5306 2370 5370 ὥς
2419 5302 2511 5363 καὶ
2542 5292 2591 5365 οῗ
2640 5292 2781 5385 τρεῖς
2829 5292 3283 5385 Εὖαγγελισταὶ,
3321 5292 3391 5375 ὥς
3448 5305 3513 5366 ἂν
3568 5305 3676 5364 ἀπὸ

2078 5391 2274 5466 ταύτης
2300 5392 2682 5476 χειραγωγήσῃ
2723 5396 2843 5464 τοὺς
2886 5396 3152 5477 ἀκροατὰς
3185 5399 3257 5464 εἰς
3281 5395 3393 5444 ⁹ο⁴⁰
3426 5394 3524 5469 τὴν
3562 5394 3671 5456 ἄνω

426 5525 452 5560 τι
483 5526 766 5585 Jerem.1.
821 5536 875 5601 5,
908 5536 932 5565 °
958 5533 1136 5590 Galat.
1214 5551 1238 5593 ι
1287 5542 1369 5595 15.
1413 5539 1433 5576 τ
1466 5542 1609 5599 Psal.
1650 5560 1843 5613 LXVII,
1882 5554 1967 5607 13.

2102 5553 2207 5609 Isa.
2249 5569 2357 5624 LII,
2384 5561 2437 5610 7.
2478 5548 2506 5586 ¹¹
2531 5555 2723 5612 Matth.
2750 5570 2899 5627 xm,
2930 5562 3019 5613 16.

1740 5653 1928 5716 Variae
1970 5659 2275 5724 lectiones.

423 5736 445 5771 ⁵
490 5739 734 5811 θησαυρόν
802 5758 857 5799 0.
932 5745 955 5778 ⁵
1006 5746 1229 5825 εἰρήνηνθ
1275 5769 1327 5808 o.
1405 5755 1426 5788 ’⁷
1473 5764 1963 5828 προκατασκευάζειν
1994 5781 2048 5822 ο.

2155 5767 2179 5804 ⁸
2210 5772 2333 5840 γοῦν
2362 5785 2415 5827 ο,
2495 5769 2588 5820 9ο¹⁰
2617 5770 2696 5825 ἐπὶ
2723 5786 2782 5828 0.
