4128 6466
436 493 533 551 341

1410 500 1765 559 EXPOSITIO
1805 501 1871 556 IN
1907 499 2112 557 EPIST.
2153 500 2244 555 AD
2282 499 2446 557 ROM.
2484 528 2556 539 —
2586 498 2739 555 CAP.
2783 500 2823 556 Ι.

3655 506 3757 560 342

435 618 714 698 γέννησιν.
767 624 879 710 Κ-αὶ
918 624 1022 705 γὰρ
1055 628 1146 686 καὶ
1177 626 1330 695 αὐτὸς
1358 631 1388 686 ὁ
1425 626 1617 706 Κύριος
1647 631 1854 710 πρῶτον
1888 626 2017 709 ὤφθη

2150 625 2288 683 listaa
2329 643 2343 681 :
2382 633 2446 683 ut
2470 623 2540 682 ab
2584 624 2688 682 hac
2727 624 3005 683 auditores
3040 625 3111 682 ad
3141 642 3437 700 supernam
3467 627 3619 686 illam
3666 646 3756 703 ge-

435 710 713 793 ἄνθρωπος
732 759 750 787 ,
784 705 902 776 εἶτα
937 720 1174 796 ἐγνώσθη
1203 718 1358 786 Θεός.

523 1005 555 1045 ε
585 987 701 1046 Τοῦ
758 984 1054 1069 ὁρισθέντος
1097 990 1230 1050 Υἷοῦ
1289 991 1430 1051 Θεοῦ
1482 993 1536 1050 ἐν
1593 989 1846 1068 δυνάμει,
1900 990 2039 1052 κατὰ

446 1075 669 1153 Πνεῦμα
716 1074 1050 1154 ἁγιωσύνης,
1080 1076 1134 1148 ἐξ
1184 1078 1524 1148 ἀναστάσεως
1571 1084 1799 1161 νεκρῶν,
1851 1081 2037 1155 Ἰησοῦ

443 1165 673 1243 Χριστοῦ
696 1171 791 1225 τοῦ
826 1166 1027 1249 Κυρίου
1054 1172 1228 1246 ἡμῶν.
1270 1191 1300 1226 u
1338 1161 1506 1229 Εἶπεν
1540 1169 1677 1244 ἄνω,
1723 1170 1804 1230 ὅτι
1838 1192 1867 1229 ι(
1913 1172 2036 1251 περὶ

444 1258 542 1313 τοῦ
568 1256 695 1314 Υῖοῦ
739 1257 902 1315 αὖτοῦ
938 1281 962 1309 ι
996 1260 1111 1317 ἐστι
1148 1257 1210 1317 τὸ
1253 1260 1600 1340 Εὗαγγέλιον·
1632 1264 1724 1319 νῦν
1753 1251 1842 1320 οὖν
1868 1284 2035 1321 κατα-

442 1344 717 1423 σκευάζει,
770 1348 885 1414 πῶς
927 1345 1164 1425 ἐγνώσθη
1220 1349 1346 1415 Υἱὸς
1391 1355 1485 1410 τοῦ
1529 1352 1700 1425 Θεοῦ,
1726 1350 1819 1410 καί
1860 1375 2031 1434 φησι,

445 1455 475 1490 ιι
502 1439 596 1491 τοῦ
638 1435 935 1514 ὁρισθέντος
954 1482 968 1508 ,
1002 1465 1028 1489 ι»
1059 1436 1334 1497 τουτέστιν
1353 1484 1368 1511 ,
1398 1439 1802 1521 ἀποδειχθέντος
1829 1440 1901 1514 ¹¹,
1937 1446 2032 1520 βε-

432 1520 787 1598 ϐαιωθέντος,
836 1525 1125 1603 κριθέντος.
1177 1526 1340 1607 ’Ὄρος
1387 1527 1491 1610 γὰρ
1534 1534 1569 1602 ἡ
1602 1520 1809 1609 κρίσις,
1857 1530 1950 1590 καὶ
1996 1535 2031 1603 ἡ

429 1616 642 1694 ψῆφος,
690 1615 782 1675 καὶ
809 1621 845 1689 ἡ
878 1615 1163 1701 ἀπόρασις.
1225 1617 1433 1685 Πάντες
1489 1618 1594 1698 γὰρ
1645 1622 1907 1701 ὡρίσαντο
1939 1622 2033 1680 καὶ

429 1639 642 1694 ψηφος,
690 1639 782 1675 και
809 1639 845 1689 η
878 1639 1163 1765 arrogatum.
1225 1639 1433 1685 Ιιαντες
1489 1639 1594 1698 γαρ
1645 1639 1907 1701 ωρισαντο
1939 1639 2031 1680 και

427 1702 764 1784 ἐψηφίσαντο
791 1704 947 1764 αὐτὸν
978 1729 1000 1764 ε
1027 1731 1110 1766 ναι
1140 1708 1267 1768 Υἱον
1293 1713 1458 1772 Θεοῦ.
1490 1708 1660 1769 Πόθεν
1678 1734 1695 1785 ;
1732 1709 1828 1771 Ἐν
1868 1712 2031 1770 δυνά-

428 1816 552 1868 μει,
579 1795 849 1855 τουτέστιν
871 1840 890 1873 ,
921 1796 1028 1855 ἀπὸ
1054 1800 1148 1866 τῆς
1172 1798 1446 1876 δυνάμεως
1474 1801 1579 1858 τῶν
1602 1800 1840 1878 σημείων
1871 1790 1946 1860 ὧν
1979 1800 2030 1839 ⁴²

429 1881 619 1943 ἐποίει.
650 1882 815 1943 Ἀλλὰ
848 1884 941 1944 καὶ
975 1912 1000 1939 ιι
1033 1885 1171 1945 κατὰ
1203 1889 1428 1961 Πνεῦμα
1460 1890 1787 1969 ἁγιωσύνης,
1824 1917 1849 1942 ιο
1877 1915 2028 1951 τουτ-

432 1974 581 2031 ἑστιν
600 2016 617 2043 ,
652 1974 711 2032 ἐκ
733 1979 826 2033 τοῦ
847 1972 1164 2052 Πνεόματος
1180 2021 1196 2049 ,
1220 1977 1290 2036 δι’
1309 1969 1369 2037 οἷ
1390 1976 1577 2058 ἡγίαζε
1600 1976 1721 2047 τοὺς
1749 1979 2025 2040 πιστεύον⁸

424 2086 538 2129 τας·
558 2065 701 2122 Θεοῦ
731 2062 836 2144 γὰρ
868 2065 926 2122 τὸ
956 2070 1176 2125 τοιαῦτα
1213 2068 1547 2147 χαρίζεσθαι.
1594 2067 1756 2129 Ἀλλὰ
1794 2068 1885 2128 καὶ
1918 2098 1942 2125 ιι
1974 2070 2027 2140 ἐξ

424 2152 772 2219 ἀναστάσεως
810 2156 1027 2234 νεκρῶν·
1054 2183 1077 2208 υ
1108 2160 1316 2237 πρῶτος
1346 2156 1452 2237 γὰρ
1484 2148 1633 2228 οὗτος
1657 2203 1673 2233 ,
1700 2159 1793 2219 καὶ
1832 2160 1988 2236 μόνος
2008 2205 2024 2234 ,

421 2243 614 2301 ἑαυτὸν
664 2242 864 2325 ἤγειρε.
912 2245 1022 2304 Καὶ
1069 2247 1129 2304 ἐκ
1178 2249 1271 2318 τῆς
1312 2246 1656 2316 ἀναστάσεως
1702 2239 1791 2308 οὖν
1822 2248 2025 2331 ὡρίσθη

414 2331 512 2391 καὶ
550 2332 827 2414 ἀπεφάνθη
867 2333 995 2402 Υἱὸς
1035 2338 1193 2397 Θεοῦ·
1251 2336 1391 2414 μέγα
1424 2335 1528 2419 γὰρ
1574 2338 1668 2397 καὶ
1721 2344 1909 2413 τοῦτο,
1956 2345 2028 2410 ὡς

419 2422 516 2480 καὶ
547 2421 705 2490 αὐτὸς
750 2423 910 2502 λέγει·
961 2446 990 2483 ε
1013 2421 1191 2484 ⁴Ὅταν
1222 2425 1475 2507 ὑψώσητέ
1509 2451 1575 2506 με
1627 2429 1735 2489 ἀπὸ
1774 2433 1867 2503 τῆς
1895 2435 2022 2510 γῆς,

415 2511 539 2572 τότε
570 2511 865 2591 γνώσεσθε,
909 2513 990 2573 ὅτι
1021 2514 1126 2594 ἐγώ
1154 2517 1286 2594 εἶμι.
1323 2542 1348 2569 ι

505 2715 539 2748 ιι
586 2693 673 2753 Δι’
720 2682 780 2751 οὗ
809 2692 1074 2770 ἐλάϐομεν
1115 2694 1273 2776 χάριν
1318 2695 1412 2756 καὶ
1454 2699 1762 2771 ἀποστολὴν
1814 2703 1887 2767 εἷς
1930 2703 2024 2759 ὓπ-

416 2781 587 2857 ακοὴν
615 2780 863 2851 πίστεως.
896 2811 921 2837 υ
944 2782 1095 2865 (Ὅρα
1124 2786 1556 2865 εὐγνωμοσύνην.
1598 2789 1772 2848 Οὐδὲν
1793 2835 1808 2861 ,
1838 2790 2019 2869 φησὶν,

421 2872 715 2951 ἡμέτερον,
742 2873 879 2933 ἀλλὰ
900 2874 1079 2932 πάντα
1105 2874 1369 2952 ἐλάϐομεν
1396 2875 1485 2936 διὰ
1514 2882 1611 2938 τοῦ
1639 2881 1772 2940 Υῗοῦ
1808 2879 1874 2940 ¹³.
1912 2881 2020 2940 Καὶ

418 2962 528 3037 μὴν
579 2961 670 3021 διὰ
716 2969 811 3022 τοῦ
840 2963 1156 3041 Πνεύματος
1201 2964 1396 3025 ἔλαϐον
1447 2965 1544 3040 τὴν
1573 2969 1877 3042 ἀποστολὴν
1928 2971 2019 3030 καὶ

413 3054 512 3126 τὴν
540 3052 729 3134 χάριν.
777 3079 800 3107 α
825 3052 1069 3122 Ἐκεῖνος
1110 3054 1251 3136 γὰρ,
1289 3056 1482 3139 φησὶν,
1515 3057 1770 3137 ὁδηγήσει
1805 3063 1959 3135 ὑμᾶς·
1993 3088 2016 3114 ιο

410 3142 505 3203 καὶ
549 3142 611 3202 τὸ
652 3142 877 3221 Πνεῦμά
906 3167 1097 3226 φησιν,
1131 3171 1155 3199 ιι
1186 3144 1500 3229 Ἀφορίσατέ
1538 3171 1630 3226 μοι
1658 3147 1747 3208 τὸν
1799 3152 2017 3211 Παῦλον

408 3232 504 3292 καὶ
546 3233 639 3292 τὸν
688 3232 994 3313 Βαρνάϐαν·
1038 3234 1163 3309 καὶ,
1217 3264 1242 3290 ιι
1269 3236 1372 3297 Διὰ
1419 3241 1516 3296 τοῦ
1566 3237 1879 3316 Πνεύματος
1938 3240 2017 3300 δί-

2151 715 2498 772 nerationcm
2552 716 2708 788 quasi
2759 731 2927 773 manu
2979 716 3164 773 ducat.
3197 718 3483 790 Siquidem
3526 725 3581 775 et
3639 720 3757 791 ipse

2152 805 2422 862 Dominus
2452 806 2696 879 primum
2745 805 2893 864 visus
2922 814 3007 863 est
3040 806 3232 878 homo,
3260 806 3459 865 deinde
3495 810 3756 882 cognitus

2152 903 2236 953 est
2258 899 2428 953 Deus.

2220 987 2396 1042 Vens.
2427 992 2482 1043 4.
2521 1005 2551 1040 ι(
2578 986 2681 1059 Qui
2724 986 2987 1044 deﬁnitus
3013 996 3097 1044 est
3126 987 3298 1046 Filius
3328 987 3431 1045 Dei
3469 988 3525 1045 in
3552 989 3755 1046 virtute

2144 1076 2456 1133 secundum
2483 1077 2748 1149 Spiritum
2766 1077 3239 1148 sanctiﬁcationis,
3264 1093 3333 1135 ex
3360 1080 3755 1136 resurrectione

2148 1175 2527 1237 mortuorum,
2577 1169 2710 1223 Jesu
2758 1167 2963 1225 Christi
3014 1168 3240 1224 Domini
3291 1169 3546 1225 nostri.»
3578 1173 3751 1241 Supra

2145 1254 2304 1325 dixit,
2332 1258 2690 1330 Evangelium
2720 1273 2839 1315 esse
2869 1276 2897 1311 ιι
2920 1257 2989 1316 de
3016 1256 3154 1315 Filio
3184 1274 3287 1316 suo
3314 1277 3328 1314 :
3351 1279 3380 1314 ››
3404 1275 3554 1317 nunc
3583 1260 3753 1333 igitur

2146 1346 2370 1415 astruit,
2413 1363 2652 1420 quanam
2682 1348 2892 1405 ratione
2917 1349 3168 1421 cognitus
3195 1350 3270 1407 sit
3308 1349 3476 1407 Filius
3500 1349 3624 1419 Dei,
3664 1350 3748 1406 iu-

2146 1437 2364 1509 quiens,
2414 1456 2442 1490 ιι
2470 1437 2745 1507 definitus,
2800 1457 2832 1491 ν
2862 1437 2968 1495 hoc
3006 1447 3110 1508 est,
3140 1437 3575 1511 demonstratus,
3621 1457 3752 1497 con-

2145 1526 2418 1595 ﬁrmatus,
2434 1526 2731 1600 judicatus.
2753 1527 3019 1584 Deﬁnitio
3039 1529 3194 1585 enim
3214 1538 3300 1587 est
3323 1531 3437 1603 ipsa
3452 1530 3748 1604 judicatio,

2144 1615 2470 1689 suffragium
2522 1633 2619 1674 seu
2662 1618 2906 1674 calculus
2955 1626 3009 1675 et
3053 1618 3348 1675 sententia.
3378 1623 3523 1677 Nam
3568 1622 3749 1677 cuncti

2143 1702 2478 1763 deﬁnierunt
2496 1707 2927 1780 judicaruntque
2973 1707 3158 1779 ipsum
3204 1724 3324 1766 esse
3375 1710 3580 1767 Filium
3620 1712 3743 1767 Dei.

2140 1794 2486 1852 Undenam?
2526 1814 2554 1848 «
2599 1799 2663 1852 In
2714 1797 2932 1864 virtute,
2969 1815 2998 1849 η
3038 1795 3145 1854 hoc
3172 1806 3274 1867 est,
3306 1813 3374 1854 ex
3413 1799 3655 1871 potentia
3692 1811 3748 1855 et

2141 1882 2385 1940 eflicacia
2414 1886 2700 1957 signorum
2727 1900 2849 1957 quae
2886 1884 3139 1942 faciebat.
3174 1888 3447 1944 Praeterea
3485 1908 3513 1941 ιι
3544 1904 3748 1945 secun-

2139 1977 2275 2031 dum
2303 1976 2569 2047 Spiritum
2598 1975 3062 2044 sanctiﬁcationis,
3092 1996 3120 2030 »
3167 1976 3275 2033 hoc
3300 1985 3403 2046 est,
3432 1994 3499 2033 ex
3539 1979 3745 2051 Spiritu

2139 2080 2241 2137 per
2291 2081 2459 2138 quem
2503 2066 2879 2123 sauctiﬁcabat
2924 2067 3227 2124 credentes.
3284 2068 3388 2124 Dei
3436 2067 3587 2124 enim
3638 2078 3742 2139 est,

2138 2155 2344 2211 donare
2377 2157 2530 2213 talia.
2561 2156 2878 2227 Quinetiam
2913 2176 2941 2209 ‹‹
2978 2173 3044 2213 ex
3073 2157 3473 2214 resurrectione
3500 2168 3745 2217 mortuo-

2139 2261 2263 2302 rum
2293 2266 2358 2302 :»
2382 2262 2513 2302 nam
2543 2247 2784 2319 primum
2816 2247 2928 2315 ille,
2952 2256 3009 2302 et
3040 2247 3208 2316 solus,
3232 2263 3290 2304 se
3321 2248 3434 2321 ipse
3465 2249 3737 2306 excitavit.

2138 2339 2333 2408 Itaque
2362 2352 2427 2392 ex
2472 2337 2877 2393 resurrectione
2904 2335 3165 2394 deﬁnitus
3210 2347 3293 2394 est
3329 2355 3394 2394 ac
3431 2338 3744 2397 declaratus

2135 2424 2310 2481 Filius
2335 2425 2454 2482 Dei.
2495 2428 2765 2499 Magnum
2791 2424 2936 2482 enim
2968 2435 3024 2483 et
3051 2425 3156 2482 hoc
3196 2435 3301 2495 est,
3334 2428 3556 2499 perinde
3580 2438 3742 2502 atque

2134 2513 2251 2586 ipse
2298 2514 2375 2571 ait
2413 2532 2433 2570 τ
2488 2533 2519 2568 ιι
2577 2516 2718 2572 Cum
2763 2515 3133 2572 exaltaveritis
3180 2531 3269 2572 me
3323 2533 3355 2573 a
3406 2524 3568 2590 terra,
3618 2526 3739 2575 tum

2134 2605 2482 2676 cognoscetis
2509 2605 2660 2678 quod
2686 2620 2786 2678 ego
2815 2614 2942 2662 sum
2967 2609 2979 2644 ί
3016 2648 3030 2661 .
3066 2624 3093 2658 »

2203 2697 2385 2751 Vens.
2422 2698 2474 2750 5.
2522 2714 2553 2748 ιι
2585 2696 2691 2751 Per
2718 2711 2886 2767 quem
2925 2696 3242 2768 accepimus
3267 2697 3503 2770 gratiam
3531 2707 3586 2754 et
3610 2715 3740 2772 apo-

2131 2784 2401 2840 stolatum
2441 2783 2509 2840 ad
2557 2782 2929 2841 obcdiendum
2982 2785 3130 2842 ﬁdei.
3167 2809 3192 2834 -
3232 2785 3371 2843 Vide
3414 2787 3738 2845 modestiam

2131 2881 2188 2928 et
2217 2873 2385 2929 animi
2432 2872 2737 2929 candorem
2785 2891 2799 2929 :
2838 2873 3009 2943 Nihil,
3063 2875 3267 2947 inquit,
3317 2884 3591 2945 nostrum,
3639 2878 3738 2935 sed

2130 2963 2316 3019 omnia
2370 2979 2469 3036 per
2520 2964 2727 3020 Filium
2772 2964 3104 3036 accepimus.
3140 2965 3305 3037 Atqui
3344 2982 3440 3038 per
3470 2966 3737 3039 Spiritum

2128 3067 2386 3124 accepere
2405 3054 2773 3125 apostolatum
2796 3062 2850 3110 et
2875 3055 3129 3127 gratiam.
3163 3078 3187 3103 α
3212 3057 3307 3112 Ille
3338 3057 3510 3122 enim,
3538 3057 3732 3129 inquit,

2127 3142 2349 3200 docebit
2376 3159 2475 3201 vos
2504 3145 2555 3200 ³.
2588 3164 2616 3197 η
2667 3147 2736 3201 Et
2767 3145 3001 3216 Spiritus
3028 3146 3106 3202 ait
3150 3164 3163 3202 :
3205 3168 3233 3197 ιι
3268 3148 3558 3221 Segregate
3592 3148 3730 3205 mihi

2130 3232 2362 3290 Paulum
2394 3241 2448 3291 et
2473 3234 2785 3291 Barnabam
2814 3228 2871 3305 ις
2905 3255 2934 3289 »
2966 3251 3051 3304 ac,
3086 3259 3111 3285 ι
3145 3239 3252 3292 Per
3285 3237 3546 3309 Spiritum
3575 3237 3740 3294 datur

407 3323 563 3382 δοται
605 3302 1002 3401 λόγος-σοφίας.
1036 3349 1061 3377 υ
1102 3302 1213 3387 Κάὶ
1255 3325 1309 3385 τί
1345 3330 1534 3401 τοῦτο;
1564 3325 1654 3387 Τὰ
1701 3302 1795 3387 τοῦ
1840 3302 2015 3390 lived-

2129 3338 2308 3381 sermo
2330 3324 2608 3396 sapientia)
2639 3317 2677 3380 ¹.
2708 3348 2735 3374 ι»
2759 3302 2973 3399 Ecquid
2993 3302 3132 3383 hoc?
3164 3329 3299 3398 Quae
3322 3302 3560 3399 Spiritus
3579 3336 3731 3397 sunt,

409 3435 577 3488 ματος
634 3415 729 3471 τοῦ
764 3414 899 3474 Υἷοῦ
938 3415 1041 3472 εἰσι
1064 3457 1082 3485 ,
1127 3414 1220 3474 καὶ
1251 3415 1312 3475 τὸ
1340 3414 1599 3493 ἔμπαλιν.
1635 3443 1660 3471 α
1698 3417 1871 3498 Χάριν
1917 3419 1971 3477 δὲ
1996 3464 2012 3496 ,

416 3501 600 3582 φησὶν,
626 3500 893 3581 ἐλάϐομεν
915 3501 1007 3561 καὶ
1037 3504 1363 3583 ἀποστολὴν,
1397 3532 1422 3558 ‹‹
1453 3506 1748 3585 τουτέστιν,
1780 3509 1898 3570 Οὐκ
1923 3509 2017 3566 αὖ·

417 3590 504 3649 τοὶ
552 3591 976 3673 κατωρθώσαμεν
1025 3592 1086 3652 τὸ
1132 3594 1377 3674 γενέσθαι
1429 3594 1748 3671 ἀπόστολοι,
1793 3596 1910 3658 ἀλλ’
1955 3600 2016 3657 ἐκ

421 3682 521 3751 τῆς
571 3680 761 3740 ἄνωθεν
810 3680 1030 3764 χάριτος
1079 3687 1250 3743 τοῦτο.
1301 3683 1466 3745 Ἀλλὰ
1512 3685 1607 3745 καὶ
1665 3685 1726 3747 τὸ
1778 3688 2010 3767 πείθειν,

424 3773 518 3841 τῆς
566 3769 789 3852 χάριτος·
834 3772 898 3832 τὸ
949 3772 1048 3850 μὲν
1092 3770 1196 3853 γὰρ
1243 3775 1501 3855 περιιέναι
1559 3776 1651 3836 καὶ
1697 3777 2011 3859 κηρύττειν,

416 3862 523 3920 τῶν
554 3862 882 3923 ἀποστόλων·
912 3861 974 3923 τὸ
1018 3864 1073 3922 δὲ
1119 3863 1317 3924 πείθειν
1358 3863 1479 3933 τοὺς
1519 3864 1845 3945 ἀκούοντας,
1891 3868 2010 3928 ὅλον

413 3954 506 4009 τοῦ
537 3953 702 4015 Θεοῦ.
736 3974 768 4010 ι)
813 3955 906 4021 Εἰς
945 3952 1185 4026 ὑπακοὴν
1228 3954 1478 4023 πίστεως.
1511 3978 1540 4016 ι)
1580 3959 1698 4017 Οὐκ
1724 3959 1797 4025 εἰς
1824 3961 2007 4038 λογο-

413 4039 615 4121 μαχίας
658 4041 752 4101 καὶ
785 4043 1030 4116 ζητήσεις
1060 4089 1075 4121 ,
1106 4043 1141 4114 ἢ
1171 4045 1543 4120 κατασκευὰς,
1587 4047 1969 4125 ἀπεστάλημεν
1991 4093 2007 4121 ,

406 4132 603 4213 ιρησὶν,
630 4133 753 4191 ἀλλ’
787 4134 860 4202 εἷς
895 4132 1138 4207 ὑπακοὴν
1171 4133 1416 4204 πίστεως·
1458 4134 1585 4214 ἵνα,
1628 4136 1821 4218 φησὶν,
1849 4141 1898 4198 οἱ
1934 4140 2009 4198 δι-

404 4222 731 4300 δασκόμενοι
770 4223 1145 4305 ὑπακούωσιν,
1176 4225 1572 4308 ἀναντιρῤήτως
1601 4226 1961 4296 πιστεύοντες.

491 4519 524 4550 α
551 4497 649 4556 Ἐν
680 4502 818 4554 πᾶσι
846 4496 955 4562 τοῖς
986 4494 1180 4556 ἔθνεσιν
1206 4492 1340 4578 ὖπὲρ
1371 4502 1464 4556 τοῦ
1493 4496 1749 4577 ὀνόματος
1778 4501 1958 4563 αὐτοῦ.
1987 4532 2009 4556 ιι

406 4620 491 4631 —
526 4606 558 4643 ιι
584 4585 685 4645 Ἐν
725 4591 865 4643 πᾶσι
889 4583 945 4643 δὲ
977 4592 1086 4651 τοῖς
1110 4584 1307 4645 ἔθνεσιν
1332 4611 1362 4643 »
1399 4585 1662 4664 ἐλάϐομεν
1691 4589 1882 4670 χάριν,
1915 4595 2009 4653 οὐκ

2123 3413 2243 3469 Filii
2274 3414 2476 3486 pariter
2502 3422 2657 3484 sunt,
2685 3423 2740 3471 et
2767 3422 2979 3472 contra.
3016 3438 3043 3468 «
3072 3416 3321 3474 Gratiam
3354 3441 3379 3467 ν
3411 3426 3618 3486 autem,
3653 3418 3731 3474 in-

2118 3503 2253 3576 quit,
2304 3528 2330 3552 ι
2360 3505 2677 3577 accepimus
2719 3514 2775 3561 et
2803 3505 3200 3578 apostolatum,
3244 3526 3271 3559 »
3321 3506 3426 3563 hoc
3469 3516 3573 3576 est,
3605 3511 3730 3565 Non

2124 3592 2231 3664 ipsi
2281 3591 2482 3650 virtute
2531 3602 2746 3662 nostra,
2794 3603 2855 3651 ut
2882 3596 3116 3668 apostoli
3147 3595 3516 3666 eiﬁceremur,
3555 3597 3728 3670 impe-

2121 3684 2409 3751 travimus,
2490 3682 2593 3739 sed
2660 3683 2766 3740 hoc
2821 3700 2851 3740 a
2938 3700 3179 3756 superna
3235 3686 3429 3757 gratia.
3496 3689 3619 3744 Imo
3678 3697 3733 3745 et

2121 3771 2450 3845 persuadere
2487 3773 2678 3846 gratiae
2709 3781 2812 3830 est.
2868 3774 3111 3832 Circuire
3153 3775 3303 3831 enim
3335 3784 3391 3831 et
3428 3776 3728 3849 praedicare

2118 3861 2499 3934 apostolorum
2533 3878 2737 3919 munus
2761 3871 2846 3919 est
2887 3883 2900 3920 :
2945 3863 3267 3935 persuadere
3299 3881 3428 3921 vero
3464 3865 3730 3922 auditori-

2120 3951 2223 4008 bus
2254 3959 2435 4009 totum
2477 3960 2564 4009 est
2601 3953 2722 4008 Dei.
2767 3975 2791 4001 ιι
2834 3952 2926 4010 Ad
2962 3952 3332 4010 obediendum
3365 3954 3515 4011 ﬁdei.
3552 3979 3576 4004 ιο
3605 3958 3730 4013 Non

2121 4042 2192 4099 ad
2233 4042 2454 4098 inanem
2496 4042 2793 4099 verborum
2831 4059 3099 4116 pugnam,
3127 4059 3239 4099 non
3276 4042 3348 4100 ad
3374 4046 3729 4117 quaestiones,

2119 4141 2217 4189 aut
2252 4131 2323 4188 ad
2365 4132 2717 4189 artiﬁciosam
2766 4132 3029 4189 orationis
3068 4140 3404 4191 structuram
3443 4136 3595 4192 missi
3636 4153 3726 4193 su-

2123 4237 2269 4292 mus,
2300 4221 2513 4296 inquit;
2540 4237 2737 4279 verum
2770 4242 2798 4275 ιι
2823 4221 2895 4279 ad
2920 4222 3299 4281 obediendum
3326 4225 3471 4294 ﬁdei,
3491 4251 3516 4277 ιι
3549 4235 3610 4283 ut
3637 4243 3707 4299 qu

2120 4312 2354 4369 instituti
2389 4311 2619 4381 fuerint,
2665 4312 2978 4385 credentes,
3022 4312 3219 4388 inquit,
3262 4316 3399 4372 citra
3444 4318 3723 4375 contradi-

2122 4402 2193 4458 cti
2199 4417 2361 4459 onem
2407 4400 2686 4459 obediaut.

2200 4511 2229 4546 ιι
2260 4495 2327 4548 In
2352 4492 2610 4549 omnibus
2642 4492 2892 4566 gentibus
2914 4509 3014 4567 pro
3036 4495 3262 4552 nomine
3286 4496 3421 4568 ejus.
3451 4520 3477 4547 ι
3505 4527 3577 4538 -
3613 4521 3636 4546 ι
3663 4500 3728 4554 In

2124 4581 2386 4639 omnibus
2424 4598 2587 4654 porro
2616 4583 2872 4656 gentibus
2913 4607 2938 4634 υ
2971 4585 3284 4656 accepimus
3328 4586 3578 4659 gratiam,
3611 4603 3726 4643 non

399 4674 511 4752 ἐγὼ
535 4672 723 4750 μόνος,
758 4672 899 4733 ἀλλὰ
932 4673 1023 4734 καὶ
1054 4679 1103 4735 οἱ
1134 4676 1311 4736 λοιποὶ
1351 4678 1660 4738 ἀπόστολοι.
1807 4680 1910 4761 γὰρ
1939 4682 2003 4756 δὴ

2129 4687 2226 4746 ego
2262 4673 2432 4740 solus,
2464 4689 2654 4730 verum
2684 4672 2882 4746 reliqui
2911 4674 3077 4731 etiam
3106 4674 3339 4747 apostoli
3375 4696 3390 4735 :
3425 4692 3537 4732 non
3572 4677 3722 4734 enim

403 4766 625 4831 Παῦλος
666 4764 851 4853 Δπάντα
887 4762 955 4823 τὰ
997 4764 1119 4837 ἔθνη
1167 4767 1469 4853 περιῆλθεν·
1521 4768 1568 4826 εἰ
1613 4768 1690 4845 μή
1729 4792 1806 4837 τις
1855 4770 2010 4853 εἴπῃ,

397 4852 485 4915 ὅτι
508 4855 558 4914 εἷ
589 4851 683 4913 καὶ
714 4850 790 4934 μὴ
820 4856 922 4922 ζῶν
946 4899 962 4928 ,
988 4856 1110 4914 ἀλλ’
1147 4845 1250 4914 οῦν
1269 4855 1407 4932 μετὰ
1426 4855 1679 4931 τελευτὴν
1721 4858 1793 4927 εἷς
1834 4845 2012 4921 πάντα

396 4943 473 5004 τὰ
509 4943 631 5018 ἔθνη
673 4942 919 5025 περιίεισι
961 4943 1047 5003 διὰ
1086 4947 1194 5003 τῶν
1238 4944 1594 5007 Ἐπιστολῶν.
1629 4944 1755 5008 Ἵνα
1807 4947 1863 5008 δὲ
1911 4975 2006 5009 πι-

400 5032 663 5093 στεύοισιν
696 5030 972 5102 ἀκούοντες
992 5033 1043 5074 ⁴⁴
1074 5034 1197 5114 περὶ
1229 5039 1322 5095 τοῦ
1343 5034 1604 5110 ὀνόματος
1628 5042 1719 5096 τοῦ
1744 5037 2000 5120 Χριστοῦ,

389 5123 519 5204 οὐχὶ
546 5122 595 5160 ⁴⁵
622 5122 871 5207 περὶτῆς
914 5123 1094 5193 οὐσίας
1141 5126 1322 5185 αὐτοῦ.
1405 5125 1487 5187 Τὸ
1539 5126 1643 5207 γὰρ
1699 5127 1872 5207 ὄνομα
1919 5135 2011 5191 τοῦ

386 5202 640 5292 Χριστοῦ
680 5202 782 5286 ἧν,
816 5210 844 5270 ὃ
875 5213 965 5272 καὶ
997 5211 1065 5274 τὰ
1104 5215 1303 5293 σημεῖα
1346 5214 1530 5276 ἐποίει.
1551 5202 1562 5206 ’
1583 5202 1695 5278 Καὶ
1768 5202 1924 5280 τοῦτο
1954 5220 2006 5281 δὲ

388 5302 627 5371 πίστεως
671 5304 869 5390 δεῖται·
900 5302 1020 5366 οὐδὲ
1049 5304 1172 5385 γὰρ,
1216 5306 1326 5364 οὐδ’
1369 5306 1498 5366 αὐτὸ
1540 5309 1782 5390 λογισμῷ
1830 5332 2005 5369 κατα-

388 5391 627 5466 ληπτόν.
685 5389 839 5474 Ὅρα
886 5390 1067 5467 δὲτὴν
1116 5393 1316 5476 δωρεὰν
1366 5400 1457 5455 τοῦ
1500 5398 1860 5479 Εὗαγγελίου,
1906 5404 2003 5460 οὐκ

390 5483 473 5543 ἑνὶ
502 5484 635 5543 ἔθνει
652 5528 670 5559 ,
699 5485 771 5551 ὡς
796 5487 831 5555 ἡ
863 5482 1085 5543 Παλαιὰ
1102 5528 1120 5565 ,
1152 5484 1289 5543 ἀλλὰ
1317 5493 1451 5547 πᾶσι
1476 5486 1735 5547 δοθεῖσαν.

468 5652 669 5712 ιΙΟειι.
701 5668 843 5712 νιιι.
877 5658 969 5710 28.
1084 5653 1291 5711 jJoan.
1316 5667 1449 5725 xvr,
1497 5661 1581 5714 13.

2115 4763 2235 4836 jam
2282 4762 2484 4819 Paulus
2529 4778 2724 4820 omnes
2770 4772 2960 4837 gentes
3001 4765 3366 4823 circumierat.
3418 4766 3532 4823 Nisi
3577 4766 3726 4840 quis-

2121 4851 2272 4924 piam
2296 4852 2440 4909 dieat
2458 4851 2607 4925 quod
2627 4895 2641 4921 ,
2662 4854 2874 4909 etiamsi
2902 4870 3018 4911 non
3038 4855 3216 4925 vivus,
3243 4864 3364 4928 post
3384 4864 3621 4913 mortem
3645 4866 3727 4914 ta-

2121 4957 2249 4998 men
2285 4940 2356 4998 ad
2394 4957 2585 4999 omnes
2609 4951 2803 5016 gentes
2829 4950 3076 5000 transeat
3097 4960 3193 5016 per
3215 4945 3507 5017 Epistolas.
3533 4949 3609 5004 Ut
3630 4961 3726 5003 au-

2117 5038 2235 5088 tem
2268 5030 2514 5101 credant,
2566 5031 2846 5089 audientes
2872 5032 2944 5090 de
2976 5035 3202 5091 nomine
3237 5036 3460 5105 Christi,
3492 5051 3606 5092 non
3654 5035 3725 5093 de

2119 5121 2355 5179 essentia
2391 5122 2581 5195 ipsius.
2614 5125 2837 5182 Nomen
2882 5124 3027 5180 enim
3077 5124 3282 5182 Christi
3310 5135 3447 5193 erat,
3494 5125 3640 5198 quod
3668 5135 3723 5182 et

2115 5212 2273 5284 signa
2308 5210 2558 5270 faciebat.
2604 5216 2787 5287 Atque
2825 5213 2964 5271 istuc
3001 5214 3109 5271 ﬁde
3137 5231 3274 5287 opus
3304 5214 3511 5271 habet:
3539 5231 3721 5287 neque

2114 5300 2262 5359 enim
2304 5302 2511 5360 ratione
2546 5303 2938 5377 comprehendi
2970 5312 3169 5377 potest.
3205 5304 3599 5361 Animadverte
3627 5304 3720 5360 hic

2111 5393 2396 5466 Evangelii
2437 5392 2670 5461 donum,
2719 5409 2834 5450 non
2874 5395 2969 5451 uni
3018 5393 3273 5450 videlicet
3329 5395 3501 5467 genti,
3564 5396 3724 5452 Vete-

2108 5480 2185 5538 ris
2207 5481 2265 5553 6
2290 5483 2630 5539 Tcstamenti
2658 5483 2710 5538 in
2740 5498 2973 5552 morem,
3013 5483 3110 5541 sed
3137 5481 3396 5540 omnibus
3417 5484 3724 5541 communi-

2114 5579 2300 5628 catum
2309 5613 2323 5627 .

1677 5650 1707 5690 "
1731 5660 1856 5715 Act.
1897 5675 2035 5729 xm,
2073 5665 2127 5717 2.
2204 5660 2218 5697 ¹
2250 5662 2424 5719 lCor.
2451 5676 2566 5730 xu,
2596 5668 2651 5717 8.

1803 5740 1996 5801 Variae
2039 5743 2346 5802 lectiones.

468 5824 508 5861 ¹¹
544 5824 926 5898 ἀναδειχθέντος
969 5839 1050 5881 m.
1130 5822 1172 5857 ¹²
1226 5827 1256 5879 ἃ
1308 5840 1362 5881 0.
1444 5825 1486 5863 ¹³
1526 5825 1740 5899 ἀπὸ-τοῦ
1765 5828 1893 5884 Θεοῦ
1920 5846 1973 5889 ο,
2053 5831 2094 5866 ³⁸
2113 5831 2163 5885 οἱ
2190 5830 2450 5895 ἀκούοντες
2474 5847 2550 5888 m.
2630 5830 2673 5866 ³⁵
2693 5828 2750 5883 οὗ
2778 5830 2875 5903 γὰρ
2907 5849 2961 5889 ο,
