4128 6434
435 459 536 514 343

439 673 672 729 Christi.
695 696 720 722 ν
751 673 858 729 Hic
880 673 1026 728 tollit
1045 672 1264 728 illorum
1293 670 1500 727 fastum
1528 679 1583 726 et
1610 671 1982 742 supercilium.
2015 694 2038 718 ι

439 767 565 820 Νοιι
597 765 744 819 enim
776 763 900 836 plus
925 777 1095 834 quam
1127 769 1345 817 caetera
1369 769 1559 832 gentes
1587 759 1917 826 obtinuistis,
1951 759 2045 830 qui

441 852 709 909 videmini
757 851 1050 923 imperare,
1098 851 1232 923 quin
1259 850 1417 906 vobis
1460 849 1686 922 perinde
1727 866 1791 906 ac
1831 848 2042 905 caeteris

439 941 828 1014 praedicamus.
857 940 1041 996 Nolite
1068 940 1235 1011 igitur
1257 939 1502 1012 gloriari.
1533 941 1714 994 Potest
1736 937 1900 995 etiam
1944 937 2040 991 ali-

438 1040 525 1088 ter
547 1030 775 1103 intelligi
809 1049 823 1086 :
857 1029 1044 1087 Vocati
1092 1030 1237 1085 enim
1268 1029 1399 1085 estis
1428 1037 1482 1085 et
1509 1029 1634 1101 ipsi,
1685 1028 1862 1099 gratia
1905 1026 2045 1083 anti-

434 1120 622 1192 cipati,
653 1135 765 1176 non
807 1119 1024 1192 propria
1047 1118 1247 1174 virtute
1273 1117 1610 1174 accedentes.

503 1213 685 1267 Vens.
713 1215 764 1265 7.
798 1232 825 1258 «ι
848 1209 1116 1266 Omnibus
1135 1209 1230 1281 qui
1253 1211 1454 1265 Romae
1489 1208 1637 1275 estis,
1669 1206 1884 1263 dilectis
1915 1207 2037 1273 Dei,

434 1300 640 1356 vocatis
679 1301 906 1355 sanctis.
942 1322 966 1347 ο
1018 1301 1141 1354 Non
1191 1298 1446 1354 omnibus
1489 1298 1806 1369 simpliciter
1837 1301 2036 1352 Romae

435 1389 746 1462 agentibus,
777 1388 874 1445 sed
921 1412 943 1436 σ
997 1388 1208 1444 dilectis
1255 1387 1374 1443 Dei.
1427 1410 1450 1436 ιι
1484 1387 1651 1444 Unde
1685 1403 1814 1443 vero
1871 1386 2038 1458 liquot

437 1478 589 1550 quod
649 1477 872 1534 dilecti?
927 1493 994 1534 ex
1069 1477 1526 1533 sanctiﬁcatione.
1577 1478 1804 1532 Sanctos
1857 1483 2038 1531 autem

435 1566 630 1622 ﬁdeles
654 1575 814 1624 vocat
838 1583 1054 1623 omnes.
1081 1571 1300 1623 Rursus
1327 1575 1530 1633 autem,
1569 1589 1592 1613 α
1622 1565 1866 1634 Vocatis,
1901 1589 1924 1613 ιι
1949 1581 2038 1636 ap-

432 1656 640 1728 posuit,
669 1655 996 1712 beneﬁcium
1024 1655 1132 1711 illis
1169 1655 1240 1711 ad
1278 1655 1608 1711 memoriam
1654 1669 1942 1722 revocans,
1973 1670 2036 1708 ac

432 1745 597 1801 simul
627 1745 896 1813 indicans,
929 1744 1079 1817 quod
1122 1745 1352 1800 Etiamsi
1382 1760 1448 1800 ex
1479 1743 1800 1799 consulibus
1838 1750 1893 1796 et
1920 1742 2033 1814 pri-

432 1835 672 1890 matibus
715 1835 899 1902 eratis,
952 1839 1098 1890 Deus
1128 1843 1312 1890 tamen
1359 1833 1550 1890 eadem
1601 1849 1698 1888 vos
1745 1831 2030 1888 vocatione

1476 455 1993 512 THEOPHYLACTI
2031 455 2391 511 BULGARIA'Z
2430 455 2750 511 ARCHIEP.

505 584 668 640 Vens
745 589 800 640 6.
848 606 874 632 σι
932 585 999 638 In
1037 581 1233 654 quibus
1273 582 1406 637 estis
1443 587 1500 636 et
1540 596 1636 637 vos
1680 579 1857 636 vocati
1900 582 2031 636 Jesu
2059 585 2113 648 Α

3633 453 3742 509 344

2231 606 2258 635 a
2296 579 2390 641 Ἐν
2425 571 2500 647 οἶς
2535 583 2652 641 ἐστε
2675 579 2767 640 xui
2797 583 2946 657 ὑμεῖς
2974 579 3159 652 κλητοὶ
3189 577 3370 650 Ἰησοῦ
3410 580 3666 657 Χριστοῦ.
3702 601 3732 636 n

2152 671 2416 730 Ἐνταῦθα
2455 677 2700 750 καθαιρεῖ
2749 672 2919 728 αὐτῶν
2965 668 3060 741 τὴν
3094 670 3272 750 ὀφρύν.
3322 671 3404 728 Οὐ
3435 668 3539 750 γὰρ
3578 666 3742 726 πλέον

2150 759 2334 838 ἔσχετε
2366 759 2418 798 ⁴⁶
2466 763 2572 818 τῶν
2626 761 2801 820 ἄλλων
2851 761 3042 833 ἐθνῶν,
3100 761 3147 817 οἱ
3201 760 3474 824 δοκοῦντες
3533 755 3742 837 ἄρχειν·

2150 852 2270 906 ἀλλ’
2307 848 2489 929 ὥσπερ
2517 858 2623 916 τοῖς
2649 849 2824 915 ἄλλοις
2842 893 2857 919 ,
2899 848 3038 908 οὕτω
3067 848 3159 907 xui
3189 851 3312 924 ὑμῖν
3331 894 3348 925 ,
3380 846 3736 926 κηρύττομεν·

2149 937 2224 1016 μὴ
2273 928 2359 998 οῦν
2411 928 2736 1015 κομπάζετε.
2794 939 2956 997 Ἀλλὰ
3003 938 3094 996 xui
3143 938 3338 1003 ἄλλως·
3391 936 3593 1010 Κλητοὶ
3641 936 3742 1014 γάρ

2147 1030 2262 1087 ἐστε
2293 1029 2383 1086 xui
2417 1027 2566 1087 αὐτοὶ
2588 1075 2604 1105 ,
2631 1028 2812 1108 χάριτι
2841 1027 3227 1108 προληφθέντες
3246 1071 3262 1101 ,
3290 1028 3386 1086 οὐκ
3416 1028 3506 1107 ἀφ’
3538 1029 3740 1086 ἑαυτῶν

2146 1118 2518 1198 προσελθόντες
2540 1118 2612 1179 ⁴⁷.

2227 1234 2250 1260 α
2281 1209 2425 1266 Πᾶσι
2445 1212 2553 1274 τοῖς
2578 1196 2722 1266 οῦσιν
2750 1208 2801 1264 ἐν
2827 1205 3019 1287 Ῥώμῃ
3051 1207 3346 1286 ἀγαπητοῖς
3383 1210 3530 1268 Θεοῦ
3548 1251 3564 1278 ,
3599 1207 3741 1277 κλη-

2145 1305 2250 1363 τοῖς
2293 1297 2480 1375 ἁγίοις.
2517 1320 2545 1356 ι)
2588 1299 2669 1356 Οὐ
2714 1307 2877 1355 πᾶσιν
2904 1298 3083 1364 ἁπλῶς
3113 1304 3218 1363 τοῖς
3263 1298 3314 1353 ἐν
3342 1295 3532 1376 Ῥώμῃ
3553 1340 3570 1367 ,
3601 1295 3739 1353 ἀλλὰ

2147 1414 2169 1436 α
2197 1387 2302 1453 τοῖς
2333 1390 2625 1462 ἀγαπητοῖς
2655 1387 2822 1445 Θεοῦ.
2856 1413 2878 1438 υ
2912 1386 3080 1445 Πόθεν
3114 1387 3270 1457 δῆλον
3296 1434 3308 1454 ,
3342 1384 3420 1443 ὅτι
3443 1384 3739 1461 ἀγαπητοί;

2144 1475 2241 1533 Ἐκ
2269 1481 2358 1533 τοῦ
2379 1476 2663 1553 ἁγιασμοῦ’
2683 1475 2860 1552 ἁγίους
2883 1475 2936 1533 δὲ
2963 1475 3082 1542 τοὺς
3103 1473 3320 1542 πιστοὺς
3341 1476 3493 1534 καλεῖ
3514 1473 3737 1540 πάντας.

2143 1564 2324 1622 Πάλιν
2355 1566 2408 1622 δὲ
2443 1565 2538 1637 τὸ,
2579 1589 2606 1622 (‹
2655 1565 2913 1638 Κλητοῖς,
2955 1587 2983 1621 n
3027 1565 3352 1642 προσέθηκε,
3397 1568 3492 1635 τῆς
3535 1565 3742 1642 εὐεργε-

2144 1653 2261 1720 σίας
2313 1653 2500 1721 αὖτοὺς
2541 1653 2994 1730 ἀναμιμνήσκων,
3039 1652 3132 1711 καὶ
3183 1653 3464 1725 δεικνύων,
3498 1651 3576 1710 ὅτι
3629 1651 3740 1712 Κᾶν

2144 1742 2196 1810 ἐξ
2245 1742 2461 1802 ὑπάτων
2492 1743 2583 1801 xui
2617 1741 2872 1822 ὓπάρχων
2918 1735 3049 1817 ἦτε,
3100 1743 3217 1801 ἀλλ’
3268 1745 3295 1800 6
3343 1741 3478 1807 Θεὸς
3523 1744 3659 1818 ὑμᾶς
3688 1743 3740 1798 ἐν

2141 1838 2205 1911 τῇ
2239 1835 2372 1912 αὐτῇ
2404 1833 2593 1903 κλήσει
2621 1833 2870 1892 ἐκάλεσεν
2895 1877 2911 1904 ,
2999 1831 3090 1889 xui
3113 1832 3231 1898 τοὺς
3258 1831 3469 1898 ἰδιώτας
3493 1878 3509 1909 ,
3549 1830 3743 1906 ὁμοίως

433 1925 668 1992 vocavit,
698 1940 806 1996 qua
831 1924 1093 1996 privatos,
1137 1939 1386 1996 peraeque
1413 1939 1510 1978 vos
1536 1923 1766 1994 diligens
1809 1931 1864 1977 et
1906 1937 2032 1976 san-

2145 1925 2280 1997 ὓμᾶς
2312 1922 2594 1998 ἀγαπήσας
2636 1922 2727 1980 καὶ
2767 1922 3014 2000 ἁγιάσας.
3063 1921 3217 1980 Ἐπεὶ
3260 1912 3348 1980 οῦν
3394 1922 3483 1978 καὶ
3528 1919 3742 1998 ἠγαπή-

431 2013 700 2069 ctiﬁcans.
733 2013 1010 2087 Quoniam
1041 2014 1209 2086 igitur
1235 2013 1485 2068 similiter
1513 2022 1569 2068 et
1595 2012 1773 2068 dilecti
1805 2011 1954 2077 estis,
1985 2019 2040 2065 ct

436 2103 639 2169 vocati,
676 2111 729 2158 et
773 2102 1120 2168 sanctiﬁcati,
1172 2103 1230 2157 in
1273 2103 1552 2157 tenuiores
1602 2117 1671 2156 ne
1703 2099 2032 2156 efferamiui.

514 2215 539 2240 α
572 2193 760 2249 Gratia
789 2193 942 2248 vobis
971 2201 1026 2246 et
1048 2207 1168 2262 pax.
1201 2215 1224 2239 ι
1257 2192 1398 2261 Quin
1423 2199 1476 2245 et
1507 2191 1776 2245 Dominus
1805 2189 2034 2244 verbum

434 2281 541 2336 hoc
586 2282 829 2352 primum
889 2281 1152 2353 apostolis
1179 2281 1324 2337 aedes
1364 2281 1691 2335 intrantibus
1741 2278 2034 2334 dicendum

433 2371 710 2443 praecepit,
757 2371 1007 2438 verbum,
1044 2372 1291 2442 inquam,
1329 2370 1491 2442 pacis.
1539 2372 1726 2441 Neque
1756 2369 1904 2424 enim
1929 2369 2038 2423 exi-

432 2476 603 2533 guum
628 2461 833 2517 bellum
873 2460 1116 2529 diremit,
1146 2460 1293 2530 quod
1317 2459 1477 2515 nobis
1517 2467 1802 2531 peccatum
1843 2458 2034 2514 adver-

429 2565 523 2604 sus
553 2553 732 2605 Deum
758 2558 1040 2621 pepererat
1068 2570 1083 2605 :
1112 2566 1212 2621 pax
1250 2557 1432 2604 autem
1469 2549 1558 2604 illa
1583 2565 1694 2604 non
1730 2564 1794 2604 ex
1829 2548 2036 2603 nostris

430 2638 732 2706 laboribus,
763 2639 862 2696 sed
897 2655 962 2695 ex
1006 2639 1188 2694 divina
1220 2639 1392 2710 gratia
1421 2638 1721 2710 proﬂuxit:
1751 2637 1898 2710 prius
1940 2637 2035 2692 ita-

430 2744 536 2799 que
575 2728 745 2801 gratia
791 2738 894 2797 est,
938 2729 1136 2786 deinde
1184 2745 1308 2799 pax.
1356 2730 1493 2784 Haec
1521 2728 1706 2800 itaque
1735 2727 1844 2784 duo
1893 2727 2033 2782 bona

432 2825 695 2888 perpetua
733 2833 957 2874 manere
987 2825 1141 2889 optat
1171 2826 1228 2873 et
1265 2819 1513 2885 immota,
1548 2834 1615 2871 ne
1649 2817 1833 2873 denuo
1869 2816 2034 2872 nobis

429 2905 487 2960 in
519 2915 805 2977 peccatum
836 2907 1204 2963 relabentibus
1240 2907 1385 2962 aliud
1417 2907 1620 2962 bellum
1647 2906 2030 2961 exsuscitetur.

507 3017 534 3043 α
575 2998 695 3051 Deo
725 2999 886 3052 Patre
930 3006 1144 3063 nostro,
1187 3004 1244 3051 et
1284 2996 1524 3051 Domino
1566 2999 1698 3050 Jesu
1725 2995 1965 3051 Christo.
2003 3019 2028 3043 ι

432 3085 623 3154 Papae!
676 3091 946 3155 quantum
1000 3084 1168 3140 valuit
1206 3084 1381 3156 gratia
1413 3100 1478 3140 ex
1525 3082 1708 3138 divina
1750 3092 1868 3139 orta
1895 3083 2026 3140 dile-

2146 2018 2300 2083 θητε,
2337 2012 2426 2070 καὶ
2473 2011 2768 2083 ἐκλήθητε,
2825 2011 2917 2070 xui
2978 2011 3272 2088 ἡγιάσθητε
3325 2011 3554 2088 ὁμοίως,
3601 2008 3738 2068 κατὰ

2145 2105 2248 2158 τῶν
2277 2101 2658 2181 εὐτελεστέρων
2690 2101 2765 2177 μὴ
2803 2103 3102 2181 ἐπαίρεσθε.

2226 2220 2249 2242 σι
2284 2193 2452 2272 Χάρις
2499 2195 2620 2266 ὑμῖν
2667 2191 2758 2248 xui
2789 2190 2992 2269 εἰρήνη.
3034 2215 3064 2246 n
3119 2189 3224 2250 Kui
3275 2195 3302 2248 6
3354 2188 3547 2269 Κύριος
3587 2196 3742 2248 τοῦτο

2144 2285 2353 2358 πρῶτον
2411 2286 2558 2361 ῥῆμα
2609 2282 2680 2346 εἰς
2735 2278 2828 2345 τὰς
2875 2282 3044 2346 οἰκίας
3097 2283 3317 2338 εἰσιοῦσι
3353 2289 3460 2343 τοῖς
3509 2278 3736 2337 ἀποστό-

2144 2371 2254 2436 λοις
2294 2368 2464 2446 λέγειν
2499 2369 2746 2439 ἐπέταξε,
2791 2369 2850 2426 τὸ
2897 2375 2988 2439 τ’ἧς
3032 2367 3262 2446 εἰρήνης.
3323 2367 3461 2428 Οὐδὲ
3506 2369 3608 2448 γὰρ
3654 2393 3738 2445 μι-

2144 2460 2266 2536 κρὸν
2319 2461 2552 2534 πόλεμον
2597 2457 2922 2530 κατέλυσεν,
2972 2457 3027 2517 ὃν
3063 2465 3193 2534 ἡμῖν
3243 2463 3276 2528 ἡ
3329 2459 3566 2537 ἁμαρτία
3613 2458 3742 2536 πρὸς

2143 2548 2233 2606 τὸν
2263 2547 2402 2609 Θεὸν
2431 2548 2705 2607 ἀπέτεκεν·
2738 2551 2770 2618 ἡ
2808 2548 2862 2606 δὲ
2887 2549 3067 2629 εἰρήνη
3101 2547 3234 2619 αὕτη
3262 2549 3356 2606 οὐκ
3388 2547 3439 2616 ἐξ
3470 2546 3742 2626 ἡμετέρων

2143 2637 2344 2711 πόνων,
2387 2636 2511 2717 ,ἀλλ’
2543 2640 2601 2696 ἐκ
2643 2642 2736 2706 τῆς
2785 2641 2926 2705 θείας
2973 2638 3222 2717 χάριτος·
3273 2637 3524 2717 πρότερον
3569 2626 3660 2695 οῦν
3709 2641 3742 2708 ἡ

2142 2726 2330 2806 χάρις,
2361 2716 2473 2784 εἶτα
2518 2731 2552 2798 ἡ
2584 2725 2798 2804 εἰρήνη.
2833 2716 3020 2787 Ταῦτα
3050 2716 3139 2785 οὖν
3171 2725 3237 2784 τὰ
3267 2727 3359 2784 δύο
3391 2716 3563 2802 ἀγαθὰ
3591 2725 3745 2784 ἐπεύ-

2142 2839 2298 2894 χεται
2349 2815 2521 2890 μένειν
2571 2818 2786 2884 διηνεκῆ
2845 2815 2936 2874 xui
2977 2817 3236 2888 ἀκίνητα,
3284 2813 3417 2873 ὥστε
3455 2815 3531 2893 μὴ
3578 2817 3739 2874 πάλιν

2143 2905 2490 2985 ἁμαρτόντων
2540 2908 2690 2981 ἡμῶν
2717 2952 2733 2981 ,
2771 2905 2945 2986 ἕτερον
2991 2908 3436 2986 ἀναῤῥιπισθῆναι
3480 2905 3734 2981 πόλεμον.

2229 3017 2258 3052 (‹
2292 2994 2419 3053 Ἀπὸ
2466 2997 2608 3055 Θεοῦ
2659 2997 2875 3074 Πατρὸς
2925 3000 3109 3072 ἡμῶν,
3154 2995 3246 3053 xui
3303 2994 3502 3072 Κυρίου
3556 2994 3738 3066 Ἰησοῦ

2142 3085 2399 3163 Χριστοῦ.
2426 3113 2448 3137 ιο
2484 3084 2682 3160 Βαϐαὶ,
2709 3083 2872 3143 πόσον
2909 3089 2937 3156 ἦ
2969 3085 3121 3166 χάρις
3145 3084 3363 3165 ἴσχυσεν
3397 3084 3464 3157 ⁸⁸,
3493 3088 3525 3153 ἡ
3562 3086 3620 3142 ἐκ
3652 3089 3743 3156 τ’ἤς

429 3173 636 3229 ctione!
670 3176 812 3229 Nam
851 3173 946 3245 qui
982 3174 1165 3229 hostes
1200 3183 1254 3228 et
1282 3173 1496 3245 inglorii
1529 3188 1771 3241 eramus,
1816 3175 2030 3228 Patrem

2144 3173 2286 3240 θείας
2354 3175 2607 3252 ἀγάπηςὲ
2656 3177 2726 3234 Οἱ
2778 3173 2881 3254 γὰρ
2932 3174 3108 3254 ἐχθροὶ
3156 3175 3246 3233 καὶ
3293 3175 3472 3248 ἄτιμοι
3529 3176 3744 3253 Πατέρα

426 3263 575 3317 nacti
612 3278 810 3318 sumus
845 3262 1026 3334 ipsum
1055 3266 1258 3319 Deum.
1306 3285 1331 3311 α
1374 3267 1423 3318 Α
1452 3265 1570 3318 Deo
1604 3265 1764 3318 Patre
1792 3263 1955 3335 igitur
1979 3270 2037 3318 et

426 3353 667 3407 Domino
693 3360 884 3407 nostro
905 3354 1035 3408 Jesu
1064 3352 1304 3420 Christo,
1336 3375 1360 3400 ν
1397 3353 1465 3408 sit
1495 3351 1652 3407 vobis
1679 3351 1886 3408 stabilis
1916 3369 2037 3425 gra-

426 3440 502 3494 tia
529 3448 583 3495 et
611 3456 714 3511 pax
758 3459 772 3496 :
813 3441 882 3497 ab
921 3441 1028 3508 his,
1065 3442 1315 3512 inquam,
1361 3441 1452 3513 qui
1483 3441 1599 3498 hac
1642 3449 1702 3496 ut
1744 3441 2036 3510 dederunt,

427 3529 501 3584 ita
539 3537 594 3584 et
625 3545 952 3587 conservare
995 3538 1244 3603 possunt.

495 3619 671 3675 Vnns.
714 3627 769 3675 8.
803 3643 828 3668 «ι
863 3620 1113 3676 Primum
1139 3620 1366 3692 quidem
1404 3622 1606 3693 gratias
1632 3638 1736 3695 ago
1761 3625 1881 3678 Deo
1913 3639 2036 3678 meo

424 3723 522 3779 per
557 3711 750 3764 Jesum
783 3707 1090 3777 Christum,
1131 3726 1230 3782 pro
1256 3712 1511 3766 omnibus
1552 3713 1732 3781 vobis,
1767 3713 2032 3784 quoniam

424 3796 562 3854 ﬁdes
586 3806 760 3854 vestra
782 3799 1138 3854 annuntiatur
1158 3799 1211 3854 in
1243 3800 1500 3856 universo
1521 3801 1752 3857 mundo.
1786 3821 1812 3853 »
1844 3803 2037 3857 Prooe-

425 3888 603 3942 mium
647 3888 832 3944 anima
879 3889 1032 3944 Pauli
1088 3889 1339 3958 dignum,
1374 3907 1484 3961 quo
1529 3889 1794 3947 docemur
1837 3899 1890 3946 et
1934 3891 2034 3963 ipsi

424 3976 628 4048 gratias
664 3993 847 4048 agere,
901 3994 1002 4034 nec
1047 3995 1145 4048 pro
1185 3980 1390 4034 nostris
1436 3988 1673 4044 tantum,
1717 3980 1812 4036 sed
1862 3981 2032 4036 etiam

425 4065 812 4136 proximorum
836 4067 991 4122 bonis
1015 4087 1029 4120 :
1054 4067 1158 4122 hoc
1177 4084 1411 4138 namque
1432 4068 1670 4124 (-haritas
1691 4078 1790 4124 est.
1814 4070 2033 4128 Gratias

426 4162 610 4209 autem
645 4155 773 4226 agit,
817 4171 928 4210 non
969 4171 1067 4224 pro
1105 4157 1460 4212 terrestribus
1484 4157 1810 4228 quibusdam
1853 4168 1906 4214 et
1949 4177 2037 4231 pe-

426 4242 715 4298 reuntibus
735 4243 914 4310 bonis,
939 4259 1130 4299 verum
1154 4254 1440 4316 pr0pterea
1465 4246 1616 4318 quod
1649 4249 1889 4303 Romani
1917 4265 2034 4304 cre-

425 4330 707 4387 diderunt.
747 4334 942 4398 Porro,
969 4333 1114 4404 quod
1137 4333 1231 4402 ait,
1269 4357 1294 4382 σι
1341 4337 1463 4390 Deo
1494 4351 1645 4406 meo,
1692 4360 1717 4384 υ
1749 4336 2031 4404 affectum,

425 4437 589 4493 quem
629 4421 888 4489 habebat,
931 4421 1250 4492 declaravit,
1299 4427 1482 4480 Deum
1529 4441 1888 4483 communem
1931 4423 2034 4483 sibi

2154 3264 2383 3340 ἔσχομεν
2417 3263 2502 3321 τὸν
2539 3263 2698 3323 Θεόν.
2737 3263 2864 3322 Ἀπὸ
2890 3269 3013 3341 γοῦν
3041 3269 3132 3322 τοῦ
3180 3264 3323 3323 Θεοῦ
3372 3262 3585 3340 Πατρὸς
3606 3309 3622 3338 ,
3655 3263 3744 3321 καὶ

2148 3357 2240 3409 τοῦ
2275 3353 2471 3433 Κυρίου
2503 3357 2658 3430 ἡμῶν
2694 3353 2871 3424 Ἰησοῦ
2922 3355 3187 3432 Χριστοῦ,
3235 3353 3317 3425 εἴη
3369 3355 3494 3429 ὑμῖν
3551 3351 3743 3431 βεϐαία

2149 3446 2180 3512 ἦ
2213 3441 2394 3520 χάρις,
2426 3441 2516 3500 καὶ
2551 3447 2584 3514 ἡ
2633 3441 2835 3523 εἰρήνη·
2868 3445 2978 3501 τῶν
3012 3441 3102 3501 xui
3153 3441 3347 3502 δόντων
3395 3447 3562 3500 ταῦτα
3583 3487 3600 3514 ,
3650 3441 3742 3499 καὶ

2149 3531 2452 3606 δυναμένων
2484 3531 2728 3613 φυλάξαι.

2235 3649 2259 3672 «ι
2316 3623 2542 3701 Πρῶτον
2585 3622 2680 3698 μὲν
2723 3624 3026 3702 εὐχαριστῶ
3057 3625 3132 3702 τῷ
3175 3623 3302 3701 Θεῷ
3353 3644 3452 3692 μου
3484 3620 3569 3678 διὰ
3627 3620 3742 3694 Ἰη-

2146 3715 2242 3768 σοῦ
2277 3713 2512 3788 Χριστοῦ
2531 3757 2546 3785 ,
2597 3712 2730 3791 ὑπὲρ
2758 3714 2969 3770 πάντων
3003 3714 3148 3787 ὑμῶν
3171 3756 3188 3783 ,
3221 3712 3300 3771 ὅτι
3329 3715 3362 3782 ἡ
3393 3710 3566 3777 πίστις
3596 3714 3744 3788 ὑμῶν

2146 3799 2570 3878 καταγγέλλεται
2604 3805 2655 3860 ἐν
2694 3801 2802 3881 ὅλῳ
2831 3804 2905 3881 τῷ
2931 3801 3141 3882 κόσμῳ.
3182 3825 3209 3858 ι)
3248 3801 3463 3877 Πρέπον
3497 3804 3562 3876 τῇ
3592 3801 3746 3859 Παύ-

2144 3890 2237 3946 λου
2265 3891 2415 3967 ψυχῇ
2448 3890 2508 3949 τὸ
2531 3891 2835 3969 προοίμιον,
2880 3891 2946 3949 δι’
2978 3881 3037 3946 οἷ
3082 3881 3437 3966 διδασκόμεθα
3471 3890 3561 3948 καὶ
3594 3891 3742 3948 αὐτοὶ

2145 3980 2498 4058 εὐχαριστεῖν⁹
2550 3979 2641 4038 καὶ
2690 3981 2789 4058 οὐχ
2843 3977 2975 4057 ὑπὲρ
3025 3980 3230 4038 οἰκείων
3283 3983 3495 4056 ἀγαθῶν
3543 3978 3734 4053 μόνον,

2145 4067 2283 4124 ἀλλὰ
2317 4069 2407 4125 καὶ
2439 4071 2546 4126 τῶν
2592 4068 2838 4140 πλησίον
2889 4075 3041 4127 τοῦτο
3087 4067 3189 4148 γὰρ
3236 4069 3442 4146 ἀγάπη.
3503 4070 3742 4147 Ιίὖχαρι-

2240 4156 2759 4215 ’δὲ’ἐ““ι
2977 4156 3740 4215 ὶ“’λλ’·’λλ’

2145 4180 2258 4214 στει
2319 4202 2377 4222 ..,
2412 4181 2506 4215 ουκ
2577 4181 2864 4233 πιγηινοις
2890 4182 2974 4216 τισ
3039 4181 3132 4216 και
3165 4181 3269 4215 απο
3340 4180 3585 4233 υμενοις,
3622 4182 3652 4214 α

2144 4245 2224 4303 ὅτι
2257 4245 2577 4304 ἐπίστευσαν
2607 4245 2893 4322 Ῥωμαῖοι.
2926 4247 3108 4308 Εἰπὼν
3135 4247 3214 4318 δὲ,
3243 4274 3264 4298 ι
3293 4247 3389 4325 Τῷ
3413 4249 3540 4324 Θεῷ
3567 4270 3692 4323 μου,
3719 4274 3741 4297 υ

2147 4334 2303 4402 ἔδειξε
2346 4334 2445 4406 τὴν
2476 4337 2708 4395 διάθεσιν
2748 4336 2812 4408 ἣν
2865 4335 3012 4415 ἔχει,
3067 4335 3155 4394 τὸν
3205 4334 3375 4394 κοινὸν
3423 4336 3562 4395 Θεὸν
3612 4336 3740 4394 ἰδιο-

2147 4425 2485 4500 ποιούμενος,
2515 4427 2585 4491 ὡς
2619 4426 2708 4484 καὶ
2753 4429 2799 4484 οἱ
2843 4430 3131 4505 προφῆται.
3171 4425 3280 4484 Καὶ
3309 4428 3335 4482 6
3374 4424 3510 4489 Θεὸς
3546 4423 3600 4483 δὲ
3634 4426 3742 4482 αὖ-

422 4510 679 4584 privatim
708 4510 1038 4568 vindicando
1072 4531 1086 4568 :
1115 4513 1262 4585 quod
1290 4523 1346 4569 et
1367 4511 1688 4571 factitarunt
1726 4517 2022 4589 prophetae.

2146 4513 2231 4580 τὸς
2279 4519 2433 4572 τοῦτο
2482 4524 2652 4587 ποιεῖ,
2701 4513 2840 4573 Θεὸν
2895 4513 3173 4594 Ἀϐραὰμ,
3228 4515 3320 4574 καὶ
3370 4512 3595 4587 Ἰσαὰκ,
3651 4515 3743 4572 καὶ

425 4601 740 4672 Quinetiam
781 4604 931 4658 Deus
963 4601 1070 4658 hoc
1101 4606 1216 4675 ipse
1245 4602 1392 4673 facit,
1427 4607 1611 4660 Deum
1648 4606 1948 4662 Abrahami
1975 4619 2029 4664 et

421 4691 592 4746 Isaaci
619 4699 674 4746 et
694 4691 886 4748 Jacobi
907 4707 1025 4748 sese
1048 4693 1349 4750 nominans
1369 4703 1431 4768 Ψ,
1454 4702 1516 4749 ut
1545 4711 1703 4750 suam
1729 4711 1856 4768 erga
1881 4697 2031 4768 ipsos

424 4777 750 4836 charitatem
806 4781 1229 4840 demonstraret.
1279 4784 1494 4840 Gratias
1521 4800 1682 4858 agere
1709 4795 1895 4842 autem
1946 4787 2032 4842 in-

426 4869 564 4941 quit,
590 4892 617 4918 σι
657 4885 757 4942 per
789 4872 980 4926 Jesum
1005 4871 1308 4928 Christum.
1336 4896 1363 4923 η
1405 4877 1516 4929 Iste
1550 4875 1700 4930 enim
1725 4876 1888 4932 nobis
1912 4893 2034 4950 gra-

423 4959 630 5014 tiarum
692 4959 924 5016 actionis
990 4960 1062 5017 ad
1133 4964 1314 5018 Deum
1361 4966 1523 5019 Patre
1590 4963 1864 5020 mediator
1926 4975 2030 5036 est,

422 5063 535 5103 non
567 5048 751 5104 solum
776 5064 879 5105 nos
907 5049 1110 5106 docens
1131 5051 1333 5123 gratias
1357 5068 1541 5124 agere,
1571 5053 1670 5109 sed
1693 5061 1750 5110 et
1782 5061 2031 5111 nostram

421 5137 723 5208 gratiarum
751 5137 1023 5194 actionem
1065 5140 1212 5195 Patri
1249 5139 1509 5198 offerens.
1551 5141 1720 5215 Cujus
1757 5159 1922 5215 porro
1952 5145 2028 5200 rei

420 5241 580 5282 causa
638 5228 847 5299 gratias
897 5228 1046 5301 agit?
1098 5230 1261 5300 Quod
1319 5253 1341 5278 ιι
1386 5230 1522 5286 ﬁdes
1574 5255 1598 5279 ν
1642 5229 2030 5289 Romanoruni

423 5336 449 5362 ι
489 5317 848 5373 annuntiatur
886 5317 942 5373 in
983 5317 1244 5376 universo
1281 5319 1518 5376 mundo.
1561 5344 1586 5370 ι
1626 5323 1880 5378 Duarum
1927 5323 2030 5378 illis

415 5417 605 5462 rerum
617 5407 998 5464 testimonium
1015 5407 1171 5478 dicit,
1182 5417 1239 5466 et
1250 5409 1402 5482 quod
1419 5408 1792 5481 crediderunt,
1810 5421 1866 5467 et
1878 5411 2029 5484 quod

524 5550 569 5580 ω
596 5548 772 5606 Exod.
813 5564 916 5618 ιιι,
958 5555 1045 5608 15.

2147 4601 2376 4675 Ἰακὼϐ,
2407 4603 2562 4660 αὑτὸν
2605 4605 2909 4681 ὀνομάζων,
2945 4602 3033 4660 ἵνα
3081 4603 3177 4675 τὴν
3206 4603 3334 4683 πρὸς
3380 4602 3572 4669 αὐτοὺς
3600 4603 3741 4681 ἀγά-

2145 4717 2251 4765 πην
2309 4691 2623 4764 ἐνδείξηται.
2717 4696 3075 4772 Εὐχαριστεῖν
3133 4694 3191 4750 δέ
3246 4715 3376 4772 φησι
3424 4693 3512 4750 διὰ
3562 4692 3740 4763 Ἰησοῦ

2147 4783 2398 4858 Χριστοῦ·
2431 4773 2577 4848 οὗτος
2607 4781 2709 4861 γὰρ
2740 4783 2832 4840 καὶ
2881 4788 2976 4855 τῆς
3027 4782 3156 4861 πρὸς
3184 4781 3270 4840 τὸν
3305 4782 3530 4859 Πατέρα
3580 4782 3741 4860 εὐχα-

2146 4871 2350 4949 ριστίας
2384 4870 2431 4906 ⁴⁹
2463 4875 2592 4948 ἡμῖν
2641 4875 2668 4928 6
2718 4871 2974 4948 μεσίτης,
3023 4873 3082 4929 οὗ
3133 4871 3291 4948 μόνον
3324 4869 3534 4938 διδάξας
3584 4873 3742 4948 εὐχα-

2147 4968 2367 5041 ριστεῖν,
2427 4959 2565 5019 ἀλλὰ
2625 4960 2717 5018 xui
2769 4963 3052 5040 προσάγων
3102 4964 3199 5032 τὴν
3250 4959 3515 5040 ἡμετέραν
3579 4961 3742 5038 εὐχα-

2145 5049 2348 5128 ριστίαν
2378 5053 2455 5130 τῷ
2488 5051 2685 5130 Πατρί.
2774 5051 2929 5118 Τίνος
2963 5050 3016 5108 δὲ
3046 5049 3205 5130 χάριν
3247 5051 3583 5129 εὐχαριστεῇ
3605 5044 3740 5108 Ὀτι

2139 5144 2172 5211 ἡ
2224 5139 2399 5205 πίστις
2438 5141 2544 5197 τῶν
2597 5139 2890 5216 Ῥωμαίων
2939 5138 3364 5218 καταγγέλλεται
3413 5138 3466 5172 ²⁰
3519 5140 3571 5194 ἐν
3627 5137 3736 5217 ὅλῳ

2137 5231 2212 5308 τῷ
2255 5230 2462 5308 κόσμῳ.
2515 5227 2624 5288 Δύο
2650 5230 2824 5296 αὐτοῖς
2857 5237 3143 5308 μαρτυρεῖ,
3175 5227 3255 5286 ὅτι
3285 5251 3342 5285 τε
3393 5226 3736 5299 ἐπίστευσαν,

2139 5317 2232 5376 xui
2262 5317 2344 5376 ὅτι
2392 5317 2527 5395 μετὰ
2576 5318 2837 5391 τοσαύτης
2876 5317 3212 5399 παῤῥησίας,
3244 5314 3384 5375 ὥστε
3415 5315 3515 5389 τὴν
3555 5315 3737 5374 πίστιν

2136 5409 2309 5466 αὐτῶν
2353 5407 2809 5486 καταγγέλλεσθαι
2868 5410 2923 5467 ἐν
2979 5406 3086 5489 ὅλῳ
3127 5411 3205 5488 τῷ
3262 5405 3485 5485 κόσμῳ,
3532 5405 3624 5464 xui
3664 5403 3735 5462 δι’

1803 5626 1991 5687 Varia
2033 5630 2336 5692 lectiones.

496 5743 538 5775 ¹⁶
574 5742 715 5813 ἔχετε
744 5761 822 5800 m.
901 5745 943 5778 ³⁷
973 5746 1362 5818 προσληφθέντες
1386 5767 1463 5808 m.
1558 5752 1600 5787 ¹⁸
1628 5751 1834 5820 ηὔξησεν
1860 5769 1913 5810 ο.
1991 5753 2035 5788 ¹⁹

2061 5754 2335 5826 εὐεργεσίας
2357 5772 2411 5813 ο.
2487 5755 2535 5791 ³ο
2558 5754 2705 5828 ἡμεῖς
2726 5751 2821 5810 οὗν
2855 5773 2934 5812 m.
