4128 6452
419 499 518 554 345

1370 495 1722 553 EXPOSITIO
1758 496 1826 551 IN
1865 493 2070 551 EPIST.
2113 496 2205 551 AD
2243 495 2410 553 ROM.
2450 525 2520 537 —
2565 497 2714 553 CAP.
2757 499 2798 554 Ι.

3630 506 3734 560 346

425 625 591 682 αὐτῶν
643 623 968 703 ὦρελεῖσθαι
1021 621 1262 697 πάντας,
1307 625 1382 690 εἰς
1429 623 1587 696 ζῆλον
1641 621 1735 681 καὶ
1795 621 2023 699 μίμησιν

2139 629 2296 678 tanta
2335 621 2587 679 libertate
2616 631 2671 680 et
2698 622 2901 681 fiducia
2938 624 3314 696 crediderunt,
3343 635 3406 683 ut
3443 627 3582 685 ﬁdes
3609 628 3736 686 illo-

424 717 517 784 τῆς
560 713 832 791 βασιλίδος
885 714 1089 780 πόλεως
1136 713 1531 790 ἐκκαιομένους.
1595 711 1784 772 Καίτοι
1835 711 1887 770 δὲ
1929 716 2023 768 τοῦ

428 802 632 882 Πέτρου
678 801 1008 883 κηρύξαντος
1041 805 1094 861 ἐν
1139 801 1368 882 Ῥώμῃ,
1417 802 1561 880 ὅμως
1599 801 1666 860 τὰ
1709 801 1909 862 ἐκείνου
1951 802 2028 858 οἰ-

433 893 551 950 κεῖα
595 893 926 969 ἡγούμενος,
974 893 1280 974 εὐχαριστεῖ
1331 891 1462 973 ὑπὲρ
1511 898 1603 965 τῆς
1651 892 1877 957 πίστεως
1917 891 2023 948 τῶν

428 987 520 1042 τοῦ
577 982 783 1063 Πέτρου
830 985 1116 1060 μαθητῶν
1161 981 1302 1040 οὕτω
1356 981 1650 1063 βασκανίας
1680 981 2018 1052 ἀπήλλακτο.

2135 727 2262 768 rum
2300 712 2358 768 in
2388 713 2649 770 universo
2693 714 2909 772 mundo
2952 715 3300 786 praadicetur,
3355 715 3606 791 adeoque
3641 735 3738 792 per

2139 802 2285 873 ipsos
2337 802 2430 859 alii
2481 818 2677 860 omnes
2727 803 3022 862 utilitatem
3075 806 3401 879 percipiant,
3457 807 3526 864 ad
3573 810 3736 882 regiae

2136 891 2346 947 scilicet
2368 892 2520 950 urbis
2546 895 2964 951 aemulationem
3004 904 3060 952 et
3088 894 3456 953 imitationem
3495 899 3733 956 accensi.

2137 985 2260 1038 Imo
2311 999 2440 1039 cum
2482 986 2679 1040 Petrus
2725 987 2925 1042 Romae
2970 987 3327 1059 Evangelium
3356 987 3733 1060 praedicasset,

428 1096 548 1154 quae
573 1081 714 1137 illius
737 1088 932 1151 erant,
967 1095 1068 1137 sua
1107 1088 1396 1153 reputans,
1443 1097 1542 1154 pro
1583 1079 1694 1137 fide
1736 1079 1878 1136 Petri
1920 1073 2316 1148 discipulorum
2353 1073 2560 1147 gratias
2600 1075 2713 1146 agit
2755 1073 2945 1132 :adeo
2988 1076 3057 1132 ab
3099 1075 3304 1135 invidia
3332 1076 3560 1151 quidem
3603 1079 3735 1136 alie-

431 1186 537 1226 nus
566 1178 699 1226 erat.

523 1283 551 1319 α
579 1261 796 1340 Μάρτυς
825 1260 931 1341 γάρ
967 1261 1072 1338 μού
1096 1263 1240 1320 ἐστιν
1273 1265 1300 1320 6
1331 1261 1490 1335 Θεὸς,
1524 1252 1568 1342 ᾧ
1598 1259 1841 1338 λατρεύω
1867 1262 1919 1318 ἐν
1949 1259 2027 1337 τῷ

431 1351 688 1426 πνεύματί
723 1375 861 1426 μου,
903 1353 956 1408 ἐν
1006 1355 1082 1429 τῷ
1138 1351 1448 1432 Εὖαγγελίῳ
1497 1357 1589 1409 τοῦ
1642 1352 1776 1410 Υἱοῦ
1823 1353 2025 1428 αὐτοῦ,

426 1441 497 1504 ὡς
559 1440 911 1507 ἀδιαλείπτως
974 1439 1160 1516 μνείαν
1219 1443 1366 1516 ὑμῶν
1441 1445 1700 1516 ποιοῦμαι
1759 1439 2025 1508 πάντοτε,

424 1527 514 1586 ἐπὶ
572 1531 678 1586 τῶν
745 1532 1060 1610 προσευχῶν
1133 1552 1257 1606 μου.
1309 1552 1338 1586 ι)
1390 1529 1618 1601 Ἐπειδὴ
1681 1527 1906 1588 οὐδέπω.
1961 1519 2026 1598 ἦν

428 1618 617 1683 αὐτοὺς
644 1617 890 1696 ἑωρακὼς
912 1663 928 1690 ,
972 1619 1165 1695 ἔμελλε
1196 1619 1250 1676 δὲ
1283 1621 1447 1679 εἰπεῖν
1469 1665 1484 1690 ,
1525 1618 1605 1678 ὅτι
1643 1646 1665 1672 α
1697 1619 1801 1678 Ἀεὶ
1825 1617 2029 1694 μέμνη-

429 1730 531 1784 μαι
564 1710 711 1782 ὑμῶν
734 1753 750 1780 ,
781 1730 811 1765 ))
847 1707 1094 1787 μάρτυρα
1136 1710 1291 1768 καλεῖ
1324 1709 1413 1767 τὸν
1445 1709 1539 1776 τὰς
1569 1708 1789 1789 καρδίας
1825 1707 2021 1766 εἰδότα.

2206 1258 2385 1313 Vnus.
2419 1261 2476 1312 9.
2510 1274 2541 1309 ι(
2569 1255 2749 1313 Testis
2778 1256 2926 1313 enim
2967 1256 3102 1314 mihi
3131 1266 3216 1315 est
3239 1263 3413 1328 Deus,
3441 1259 3528 1316 cui
3557 1260 3735 1318 servio

2134 1343 2190 1400 in
2219 1346 2413 1417 spiritu
2443 1362 2593 1417 meo,
2626 1345 2684 1401 in
2720 1345 3016 1419 Evangelia
3046 1347 3169 1403 Filii
3223 1347 3363 1420 ejus,
3413 1349 3562 1422 quod
3610 1349 3732 1407 sine

2137 1435 2544 1492 intermissione
2585 1436 2928 1493 mentionem
2971 1438 3134 1494 vestri
3175 1436 3374 1495 faciam
3415 1454 3636 1511 semper
3678 1441 3734 1496 in

2137 1525 2484 1581 orationibus
2530 1525 2687 1582 meis.
2741 1549 2768 1575 ι
2819 1526 2961 1595 Quia
3007 1543 3296 1600 nunquam
3355 1544 3452 1585 eos
3497 1528 3730 1597 viderat,

2138 1613 2386 1670 dicturus
2432 1623 2616 1671 autem
2661 1625 2798 1682 erat,
2849 1639 2876 1666 α
2925 1616 3154 1688 Semper
3183 1617 3524 1674 mentionem
3567 1619 3737 1675 vestri

2139 1702 2302 1773 facio,
2333 1724 2360 1756 ››
2392 1711 2589 1760 testem
2616 1705 2833 1760 invocat
2859 1721 2986 1761 eum
3014 1707 3110 1778 qui
3133 1706 3312 1762 cordis
3337 1707 3527 1763 abdita
3556 1709 3732 1764 novit.

422 1794 577 1876 ⁶⁷Ορα
608 1797 661 1856 δὲ
694 1797 1004 1876 σπλάγχνα,
1034 1797 1160 1877 εἴγε
1185 1799 1412 1858 πάντοτε
1444 1801 1712 1875 ἐμέμνητο
1735 1797 2026 1877 ἀνθρώπων

2140 1795 2361 1849 Intuere
2415 1809 2541 1849 vero
2601 1792 2693 1849 hic
2745 1794 3040 1866 apostolica
3091 1795 3319 1864 viscera,
3369 1794 3738 1868 affectumque

427 1886 567 1963 μηδὲ
619 1888 914 1966 ὁραθέντων
947 1888 1114 1967 αὐτῷ.
1165 1889 1275 1948 Καὶ
1322 1894 1464 1961 ποῦ;
1514 1888 1608 1950 Ἐν
1648 1896 1764 1955 ταῖς
1795 1909 2026 1965 προσευ-

426 1980 589 2055 χαῖς,
627 1977 717 2034 καὶ
746 1976 864 2035 τότε
910 1976 1286 2044 ἀδιαλείπτως.
1332 1977 1592 2058 Λατρεύω
1622 1977 1677 2036 δὲ
1715 1982 1788 2057 τῷ
1817 1980 1976 2058 Θεῷ,
2003 1976 2035 2035 ὅ

425 2067 572 2138 ἐστι,
598 2066 847 2125 δουλεύω
886 2089 917 2121 α
939 2067 992 2125 ἐν
1033 2070 1110 2146 τῷ
1141 2068 1410 2144 πνεύματί
1443 2092 1577 2147 μου,
1601 2090 1630 2126 ))
1665 2070 1808 2127 τοῦτ’
1845 2067 1986 2126 ἔστιν
2012 2117 2024 2138 ,

423 2157 486 2214 οὖ
519 2156 780 2235 σαρκικήν
805 2155 1056 2235 λατρείαν
1074 2205 1086 2226 ,
1115 2157 1252 2216 ἀλλὰ
1282 2157 1674 2233 πνευματικήν.
1706 2156 1775 2218 Ἥ
1808 2157 1903 2234 μὲν
1926 2158 2028 2238 γὰρ

423 2244 721 2317 Ἑλληνικὴ
765 2245 1016 2324 λατρεία,
1063 2249 1152 2304 καὶ
1205 2247 1432 2326 σαρκικὴ
1482 2247 1574 2305 καὶ
1618 2241 2026 2324 πεπλανημένη·

421 2340 459 2406 ἡ
491 2335 549 2392 δὲ
581 2334 885 2405 Ἰουδαῖκὴ,
939 2335 1181 2406 ἀπλανὴς
1228 2336 1364 2415 μὲν,
1418 2336 1556 2394 ἀλλὰ
1597 2335 1881 2412 σωματικὴ
1939 2337 2029 2395 καὶ

423 2422 584 2495 αὕτησ
613 2430 648 2496 ἡ
681 2423 734 2482 δὲ
766 2423 908 2482 κατὰ
939 2425 1168 2502 Χριστὸν
1197 2425 1417 2505 λατρεία
1443 2475 1456 2496 ,
1506 2425 1597 2484 καὶ
1639 2426 1897 2498 ἀληθινὴ,
1936 2427 2029 2484 καὶ

422 2512 782 2589 πνευματική-
835 2513 863 2570 ὃ
906 2513 997 2571 καὶ
1029 2517 1057 2572 6
1084 2516 1279 2593 Κύριος
1325 2519 1390 2593 τῇ
1436 2515 1790 2594 Σαμαρείτιδί
1824 2538 1982 2595 φησιν
2008 2563 2023 2588 ,

421 2602 505 2660 ὅτι
541 2633 565 2655 ι
597 2605 669 2664 Οἱ
699 2603 935 2672 ἀληθινοὶ
965 2603 1329 2684 προσκυνηταὶ
1367 2607 1420 2662 ἐν
1449 2603 1717 2681 πνεύματι
1761 2605 1852 2664 καὶ
1895 2606 2028 2675 ἀληη-

425 2691 543 2772 θεία
560 2692 1039 2772 προσκυνήσουσιν.
1066 2723 1090 2747 ιι
1117 2694 1274 2752 Ἐπεὶ
1293 2692 1347 2753 δὲ
1372 2695 1561 2752 πολλοὶ
1582 2699 1677 2765 τῆς
1699 2693 1949 2772 λατρείας
1972 2694 2018 2731 ²⁴

423 2785 474 2840 οἱ
504 2783 691 2860 τρόποι
726 2783 788 2858 (6
820 2781 915 2858 μὲν
963 2781 1066 2863 γὰρ
1107 2784 1355 2864 λατρεύει
1394 2784 1486 2843 καὶ
1524 2785 1761 2842 δουλεύει
1796 2786 1925 2865 Θεῷ
1972 2788 2024 2844 ἐν

422 2876 505 2951 τῷ
548 2872 616 2929 τὰ
646 2873 765 2930 καθ’
809 2872 996 2930 ἑαυτὸν
1046 2872 1182 2947 μόνα
1215 2875 1531 2950 οἰκονομεῖν⁸
1569 2877 1596 2931 6
1633 2873 1686 2934 δὲ
1719 2876 1772 2931 ἐν
1817 2876 1893 2953 τῷ
1937 2874 2028 2932 καὶ

423 2960 584 3030 ξένων
631 2963 1025 3036 ἐπιμελεῖσθαι,
1069 2962 1160 3021 καὶ
1211 2967 1394 3042 χηρῶν
1449 2960 1828 3042 προΐστασθαι,
1861 2966 1930 3031 ὥς
1975 2967 2026 3022 οἱ

2140 1881 2486 1954 singularem,
2544 1881 2813 1954 siquidem
2871 1883 3073 1954 passim
3122 1883 3379 1940 meminit
3426 1885 3737 1954 hominum,

2140 1988 2279 2044 quos
2325 1974 2490 2029 etiam
2527 1989 2641 2029 non
2686 1983 3062 2046 conspexerat.
3105 1975 3215 2033 Ubi
3255 1975 3394 2032 hoc?
3437 1979 3503 2032 In
3541 1992 3734 2048 preca-

2138 2063 2402 2130 tionibus,
2432 2063 2593 2136 idque
2621 2063 2974 2120 incessanter.
3007 2065 3142 2120 Colo
3171 2072 3355 2120 autem
3382 2067 3584 2130 Deum,
3632 2065 3737 2121 hoc

2140 2161 2244 2221 est,
2291 2153 2466 2209 servio
2499 2156 2642 2221 Deo;
2680 2171 2710 2205 (ι
2757 2153 2816 2208 in
2863 2153 3061 2226 spiritu
3103 2170 3252 2221 meo,
3296 2174 3324 2207 »
3379 2155 3432 2210 id
3474 2163 3576 2225 est,
3622 2171 3736 2212 non

2139 2241 2348 2297 carnali
2392 2241 2576 2309 cultu;
2623 2241 2719 2298 sed
2761 2241 3048 2314 spirituali.
3095 2243 3335 2298 Gentilis
3364 2243 3514 2298 enim
3561 2243 3742 2300 cultus

2138 2340 2194 2386 et
2217 2331 2453 2386 carnalis
2481 2339 2538 2386 et
2574 2347 2840 2387 erroneus
2881 2339 2967 2387 est
2999 2351 3010 2387 :
3044 2331 3312 2388 Judaicus
3339 2339 3546 2400 autem,
3588 2349 3738 2388 erro-

2139 2420 2214 2476 ris
2243 2419 2477 2492 quidem
2505 2436 2719 2492 expers,
2750 2429 2996 2477 attamen
3037 2429 3094 2476 et
3140 2421 3257 2493 ipse
3295 2422 3594 2493 corporalis
3635 2431 3738 2478 est.

2137 2509 2484 2566 Christianus
2525 2518 2716 2566 autem
2747 2515 2948 2577 cultus,
2976 2517 3031 2566 et
3060 2525 3219 2565 verus
3262 2519 3346 2565 est
3386 2519 3442 2566 et
3482 2512 3739 2583 spiritua-

2139 2599 2207 2655 lis
2251 2617 2264 2653 :
2314 2599 2464 2670 quod
2511 2607 2566 2654 et
2613 2600 2888 2655 Dominus
2936 2599 3300 2656 Samaritana:
3330 2599 3435 2656 dici
3487 2621 3499 2656 :
3554 2624 3579 2648 α
3613 2600 3736 2656 Veri

2137 2689 2456 2745 adoratores
2506 2689 2559 2744 in
2607 2689 2803 2761 spiritu
2865 2696 2921 2744 et
2981 2689 3206 2744 veritate
3250 2689 3559 2746 adorabunt
3609 2699 3657 2744 ιι.
3708 2711 3734 2742 ››

2137 2778 2412 2848 Quoniam
2501 2795 2630 2835 vero
2706 2778 2865 2834 multi
2942 2778 3051 2834 sint
3118 2778 3301 2835 cultus
3368 2778 3520 2835 modi
3578 2779 3742 2845 (alius

2137 2869 2287 2924 enim
2313 2872 2494 2924 Deum
2517 2868 2672 2936 colit,
2700 2869 2886 2940 illique
2917 2869 3146 2924 inservit
3166 2869 3220 2923 in
3244 2884 3469 2924 suarum
3495 2877 3738 2925 tantum-

2139 2959 2304 3014 modo
2359 2975 2543 3015 rerum
2597 2957 3007 3030 dispensatione
3060 2976 3074 3013 :
3129 2959 3269 3014 alius
3318 2958 3626 3030 hospitibus
3679 2967 3734 3014 et

425 3052 552 3128 περὶ
582 3051 873 3130 Στέρανον·
903 3056 931 3110 ὁ
970 3051 1025 3110 δὲ
1059 3053 1111 3111 ἐν
1158 3056 1224 3132 τῇ
1263 3057 1367 3132 τοῦ
1395 3053 1552 3128 λόγου
1584 3052 1888 3132 διακονίᾳ),
1936 3053 2024 3112 διὰ

2139 3048 2434 3122 peregrinis
2476 3047 2789 3104 adhibendo
2830 3063 3043 3114 curam,
3087 3064 3152 3104 ac
3203 3049 3491 3105 viduarum
3543 3048 3742 3120 prmio-

423 3141 582 3200 τῶτό
611 3163 771 3220 φησιν
817 3144 846 3198 6
881 3142 1095 3208 Παῦλος
1116 3185 1131 3212 ,
1164 3141 1244 3199 ὅτι
1297 3163 1327 3198 (ι
1353 3131 1427 3227 ῗῼ
1458 3140 1566 3220 ἐγὼ
1593 3141 1833 3220 λατρεύω
1861 3146 1913 3202 ἐν
1949 3146 2027 3224 τῷ

421 3230 743 3312 Εὖαγγελίῳ
769 3235 869 3288 τοῦ
896 3232 1026 3290 Υἱοῦ
1041 3229 1116 3290 2³.
1139 3258 1162 3282 ι
1185 3230 1378 3290 Καίτοι
1407 3236 1500 3291 τοῦ
1524 3234 1572 3292 [Ι
1581 3231 1733 3312 ατρὸς
1756 3230 1950 3312 ἔφησεν
1974 3232 2026 3269 23

423 3311 560 3377 εἶναι
591 3319 655 3377 τὸ
697 3319 1022 3398 Εὖαγγέλιον
1069 3319 1194 3378 ἄνω·
1237 3322 1358 3378 ἀλλ’
1391 3320 1540 3379 οὐδὲν
1583 3311 1892 3380 καινόν-γτὰ
1923 3320 2026 3402 γὰρ

425 3413 517 3466 τοῦ
550 3408 762 3484 Πατρὶς
781 3451 798 3480 ,
834 3413 927 3468 τοῦ
952 3410 1102 3468 Υἱοῦ·
1128 3409 1220 3467 καὶ
1251 3410 1318 3467 τὰ
1349 3415 1442 3468 τοῦ
1477 3412 1630 3482 Υῖοῦ,
1668 3416 1756 3469 τοῦ
1791 3411 2024 3490 Πατρός.

436 3498 592 3572 Λέγει
669 3499 722 3556 δὲ
795 3503 996 3570 τοῦτο,
1057 3498 1307 3557 δεικνύων
1365 3499 1666 3575 ἀναγκαίαν
1729 3503 1874 3582 αὐτῷ
1932 3500 2028 3572 τὴν

437 3583 678 3655 τοιαύτην
707 3586 836 3666 ὑπὲρ
867 3589 1043 3645 αὐτῶν
1073 3589 1344 3667 φροντίδα.
1433 3587 1503 3649 Ὀ
1537 3589 1641 3669 γὰρ
1666 3588 1761 3658 τὴν
1787 3589 2025 3648 δουλείαν

447 3679 539 3732 τοῦ
589 3676 906 3752 Εὖαγγελίου
957 3679 1409 3756 ἐγκεχειρισμένος
1457 3682 1691 3756 ἀνάγκην
1734 3680 1845 3758 ἔχει
1890 3681 2028 3738 ποίν-

443 3787 548 3821 των
581 3767 855 3845 φροντίζειν
887 3770 995 3824 τῶν
1024 3768 1113 3825 τὸν
1135 3768 1293 3844 λόγον
1325 3768 1798 3846 παραδεχομένων.

518 4049 545 4079 α
576 4026 834 4101 Δεόμενος
881 4027 931 4084 εἴ
956 4051 1068 4094 πως
1113 4028 1218 4101 ἤδη
1250 4028 1377 4088 ποτὲ
1411 4029 1812 4105 εὐοδωθήσομαι
1868 4033 1922 4088 ἐν
1954 4033 2028 4112 τῷ

429 4117 690 4191 θελήματι
720 4124 812 4176 τοῦ
839 4120 980 4179 Θεοῦ
1001 4163 1018 4192 ,
1048 4121 1214 4178 ἐλθεῖν
1258 4119 1389 4198 πρὸς
1427 4124 1586 4197 ὑμᾶς.
1617 4142 1646 4177 ι)
1695 4119 1816 4182 Νῦν
1847 4145 2026 4202 προσ-

422 4208 604 4276 τίθησι
649 4206 742 4264 καὶ
788 4206 922 4287 ὑπὲρ
966 4208 1103 4274 τίνος
1154 4211 1328 4266 αὐτῶν
1381 4211 1669 4285 μέμνηται·
1719 4209 1893 4292 ’Υπὲρ
1937 4217 2029 4270 τοῦ

425 4323 448 4347 α
471 4299 664 4369 ἐλθεῖν,
685 4324 708 4346 ιι
739 4297 892 4375 φησὶ,
922 4324 944 4348 ι
961 4297 1088 4378 πρὸς
1110 4302 1266 4375 ὑμᾶς.
1292 4325 1314 4352 τι
1335 4297 1482 4378 "Oper
1517 4296 1570 4357 δὲ
1592 4304 1706 4366 πῶς
1731 4300 1898 4378 ἐφίλει
1933 4299 2028 4378 μὲν

2138 3148 2353 3196 cturam
2397 3155 2576 3210 neque
2621 3149 2736 3195 non
2779 3139 3205 3195 sollicitudinem
3250 3139 3510 3210 gerendo,
3542 3137 3741 3194 itidem

2139 3237 2197 3285 ut
2225 3229 2539 3301 Stephanus
2591 3248 2604 3283 :
2648 3229 2786 3285 alius
2828 3229 2889 3284 in
2918 3229 3071 3284 verbi
3125 3228 3475 3295 ministerio),
3522 3237 3744 3300 propter

2140 3319 2244 3376 hoc
2273 3319 2453 3390 ipsum
2479 3317 2679 3374 Paulus
2710 3318 2886 3389 inquit
2913 3338 2925 3374 :
2964 3337 2993 3371 (ι
3021 3318 3117 3374 Cui
3144 3334 3247 3389 ego
3268 3318 3447 3374 servio
3473 3319 3529 3372 in
3559 3321 3739 3372 Evan-

2139 3409 2282 3478 gelio
2329 3409 2470 3464 Filii.
2518 3428 2546 3461 »
2598 3409 2768 3480 Atqui
2817 3423 2982 3479 supra
3029 3407 3182 3472 dixit,
3216 3407 3573 3481 Evangelium
3623 3422 3744 3463 esse

2137 3499 2344 3566 Patris;
2394 3497 2496 3554 sed
2538 3497 2676 3553 nihil
2718 3497 2946 3554 mirum.
2995 3498 3134 3568 Quae
3173 3498 3325 3554 enim
3377 3498 3550 3553 Patris
3589 3507 3744 3568 sunt,

2139 3589 2261 3644 Filii
2291 3589 2458 3644 etiam
2501 3595 2658 3654 sunt;
2705 3596 2761 3643 et
2803 3603 2928 3660 quae
2971 3588 3112 3653 Filii,
3150 3588 3346 3644 Patris.
3388 3588 3525 3643 Haec
3552 3599 3742 3644 autem

2142 3693 2609 3746 commemorans,
2638 3679 2999 3732 necessariam
3030 3692 3191 3732 suam
3216 3692 3381 3748 super
3403 3676 3509 3731 illis
3538 3692 3736 3732 curam

2141 3766 2504 3823 demonstrat.
2533 3767 2633 3822 Cui
2663 3767 2812 3821 enim
2852 3765 3128 3838 Evangelii
3165 3765 3520 3822 annuntiandi
3573 3766 3741 3820 servi-

2142 3865 2230 3913 tus
2275 3866 2360 3912 est
2388 3856 2707 3922 commissa,
2739 3855 2811 3910 illi
2839 3871 3058 3911 necesse
3097 3864 3199 3923 est,
3248 3863 3312 3910 ut
3361 3855 3618 3910 omnium
3648 3855 3743 3925 qui

2144 3946 2372 4002 verbum
2417 3953 2766 4017 exceperunt,
2809 3961 3000 4001 curam
3030 3954 3198 4017 gerat.

2216 4040 2396 4092 Vsus.
2433 4043 2520 4091 10.
2552 4056 2582 4088 (ι
2622 4037 2932 4092 Obsecrans
2961 4035 3009 4090 si
3043 4052 3152 4107 quo
3193 4034 3364 4090 modo
3391 4033 3614 4090 tandem
3644 4033 3748 4090 ali-

2143 4128 2368 4199 quando
2401 4142 2726 4198 prosperum
2779 4126 2884 4181 iter
2916 4124 3146 4180 habeam
3195 4127 3253 4181 in
3299 4125 3578 4181 voluntate
3617 4125 3745 4192 Dei,

2142 4225 2206 4272 ut
2253 4217 2467 4272 veniam
2502 4217 2571 4272 ad
2608 4231 2725 4271 vos.
2779 4235 2806 4269 »
2847 4219 3007 4272 hunc
3052 4215 3265 4287 adjicit,
3309 4231 3416 4288 qua
3464 4213 3536 4270 de
3583 4230 3744 4270 causa

2142 4307 2370 4363 illorum
2411 4305 2745 4365 meminerit.
2776 4320 3002 4376 nempe,
3039 4325 3068 4357 ιι
3097 4307 3176 4362 Ut
3207 4306 3448 4373 veniam,
3477 4323 3508 4359 ν
3541 4304 3740 4377 inquit,

426 4384 648 4460 αὐτοὺς,
708 4387 800 4444 καὶ
858 4385 1112 4445 ἔσπευδεν
1165 4390 1324 4446 ἰδεῖν·
1383 4391 1442 4446 οὐ
1493 4388 1599 4464 μὴν
1649 4391 1798 4470 παρὰ
1851 4391 1911 4450 τὸ
1953 4395 2027 4471 τῷ

2150 4414 2178 4446 ‹‹
2206 4395 2276 4452 ad
2301 4411 2423 4452 vos.
2465 4415 2494 4449 »
2527 4395 2662 4452 Vide
2691 4403 2877 4451 autem
2906 4411 3069 4466 quam
3100 4395 3352 4467 impense
3381 4394 3604 4466 quidem
3649 4409 3745 4449 eos

427 4477 556 4554 Θεῷ
601 4477 810 4534 δοκοῦν.
901 4475 1039 4535 Ἀλλ’
1074 4481 1272 4555 ἡμεῖς,
1336 4477 1370 4548 ἢ
1408 4478 1596 4536 οὐδένα
1643 4481 1937 4558 φιλοῦμεν,

425 4564 642 4625 ἐπειδὰν
674 4564 987 4645 φιλήσωμέν
1039 4590 1200 4640 ποτε,
1256 4567 1406 4648 παρὰ
1449 4568 1510 4626 τὸ
1567 4569 1752 4627 δοκοῦν
1797 4571 1874 4648 τῷ
1906 4570 2031 4649 Θεῷ

423 4659 584 4715 τοῦτο
624 4659 902 4730 ποιοῦμεν.
1015 4655 1082 4715 Ὁ
1136 4657 1189 4715 δὲ
1243 4659 1491 4734 Παῦλος,
1546 4657 1607 4715 τὸ
1657 4658 1752 4734 μὲν
1785 4656 2032 4738 εὔχεσθαι

424 4745 679 4815 διηνεκῶς
721 4749 792 4810 ὡς
841 4744 902 4802 ἂν
950 4744 1136 4814 αὐτοὺς
1193 4747 1312 4822 ἴδῃ,
1369 4747 1474 4804 ἀπὸ
1531 4746 1748 4824 ἀγάπης
1801 4750 2035 4829 σφοδρᾶς

426 4834 679 4891 ἐποιεῖτο·
733 4833 880 4892 τὸδὲ
927 4834 1161 4894 ὑπείκειν
1205 4839 1283 4917 τῷ
1330 4841 1418 4895 τοῦ
1456 4839 1601 4895 Θεοῦ
1631 4835 1889 4914 νεύματι,
1927 4839 2034 4897 ἀπὸ

426 4920 708 4988 εὐλαϐείας
750 4925 953 4996 πολλῆς
984 4924 1210 4987 ἐδείκνυ.
1304 4925 1414 4985 Καὶ
1460 4927 1610 5002 ἡμεῖς
1654 4928 1707 4984 ἐν
1751 4929 1826 5005 τῷ
1867 4928 2031 4986 αἰτεῖν

429 5011 920 5092 ἀποτυ-αάνοντες,
979 5013 1056 5090 μὴ
1108 5016 1489 5094 ἀσχάλλωμεν.
1592 5016 1674 5075 Οὖ
1717 5016 1818 5096 γάρ
1871 5021 2030 5092 ἐσμεν

431 5101 652 5161 Παύλου
688 5102 956 5174 ϐελτίους,
996 5101 1054 5171 ὂς
1084 5104 1176 5162 καὶ
1223 5102 1356 5183 ὑπὲρ
1388 5109 1478 5162 τοῦ
1510 5104 1769 5171 σκόλοπος
1797 5104 1911 5183 τρὶς
1942 5107 2030 5164 τὸν

426 5189 626 5270 Κύριον
690 5192 1025 5271 παρεκάλεσε
1075 5193 1168 5252 καὶ
1227 5194 1322 5252 οὔκ
1365 5193 1541 5273 ἔτυχεο
1605 5198 1761 5253 τοῦτο
1815 5195 1919 5276 γὰρ
1974 5196 2033 5256 τὸ

424 5280 716 5361 συμφέρον.

511 5473 540 5508 α
592 5450 874 5512 Ἐπιποθῶ
913 5451 1019 5534 γὰρ
1060 5454 1188 5514 ἰδεῖν
1231 5457 1404 5533 ὑμᾶς,
1453 5452 1542 5512 ἵνα
1572 5478 1626 5514 τι
1667 5456 1890 5534 μεταδῶ
1925 5457 2032 5538 χοὶ-

499 5615 526 5641 ι
563 5605 722 5663 Joan.
755 5620 847 5675 1v,
880 5611 973 5660 23.

2141 4486 2366 4542 amabat
2388 4503 2450 4543 ac
2481 4486 2670 4542 videre
2700 4485 3029 4552 festinabat;
3061 4501 3175 4541 non
3206 4493 3392 4541 tamen
3418 4496 3616 4558 praeter
3641 4501 3741 4540 vo-

2143 4576 2412 4631 luntatem
2441 4575 2563 4631 Dei.
2593 4578 2708 4632 Nos
2744 4591 2894 4643 vero,
2935 4583 3032 4630 aut
3066 4575 3348 4630 neminem
3379 4590 3570 4630 amore
3594 4591 3746 4630 com-

2146 4665 2458 4739 plectimur,
2485 4672 2580 4723 aut
2608 4665 2652 4720 si
2680 4680 2846 4736 quem
2876 4679 3117 4736 unquam
3144 4663 3425 4736 complexi
3455 4661 3746 4729 fuerimus,

2141 4755 2247 4811 hoc
2271 4763 2470 4827 prater
2507 4755 2850 4811 voluntatem
2875 4754 2978 4808 Dei
3021 4753 3253 4824 agimus.
3295 4752 3571 4808 Caeterum
3601 4752 3750 4824 quod

2143 4837 2348 4893 Paulus
2371 4837 2429 4908 8
2449 4835 2650 4908 iugiter
2671 4835 2863 4891 orabat
2882 4843 2945 4890 ut
2962 4834 3175 4890 videret
3200 4849 3318 4902 eos,
3345 4849 3420 4890 ex
3435 4833 3752 4888 vehementi

2145 4928 2252 4983 hoc
2278 4926 2548 4982 charitate
2573 4923 2814 4981 faciebat
2844 4946 2856 4981 :
2891 4924 3042 4995 quod
3061 4939 3195 4979 vero
3229 4923 3329 4979 Dei
3355 4922 3508 4980 nutui
3538 4923 3751 4978 obtem-

2144 5024 2319 5089 perat,
2345 5015 2625 5087 religionis
2649 5023 2766 5070 erat
2789 5014 3083 5070 indicium.
3105 5016 3222 5070 Nos
3243 5013 3448 5085 itaque,
3464 5012 3508 5068 si
3529 5011 3749 5086 quando

2144 5123 2375 5178 precum
2426 5114 2744 5161 nostrarum
2813 5119 2926 5160 non
2976 5102 3282 5159 efﬁciamur
3322 5109 3626 5173 compotes,
3675 5115 3748 5156 ne

2145 5212 2290 5269 aagre
2317 5194 2583 5252 feramus.
2630 5197 2825 5268 Neque
2854 5194 3006 5250 enim
3037 5193 3208 5248 Paulo
3234 5207 3428 5247 sumus
3468 5190 3748 5257 meliores,

2143 5286 2240 5358 qui
2269 5301 2370 5358 pro
2414 5283 2640 5340 stimulo
2679 5292 2764 5339 ter
2791 5285 2971 5338 Deum
3015 5289 3269 5353 precatus
3298 5288 3400 5348 est,
3432 5293 3538 5333 nec
3561 5286 3744 5333 tamen

2144 5375 2294 5448 quod
2317 5374 2494 5431 voluit
2521 5380 2606 5428 est
2633 5379 2917 5428 assecutus
2945 5389 2958 5424 :
2989 5369 3096 5425 hoc
3129 5367 3275 5424 enim
3305 5367 3380 5422 illi
3411 5364 3640 5438 profuit.

2213 5466 2398 5521 Vens.
2432 5469 2521 5520 ιι.
2558 5482 2586 5515 ιι
2609 5461 2872 5518 Desidero
2900 5458 3045 5516 enim
3072 5455 3257 5514 videre
3282 5471 3397 5528 vos,
3431 5463 3494 5512 ut
3521 5454 3746 5528 aliquod

1814 5681 2005 5742 Varia:
2047 5683 2354 5743 lectiones.

488 5808 529 5843 ²¹
553 5808 783 5871 δουλείας
810 5823 868 5866 o.
944 5807 989 5842 ³²
1019 5807 1140 5878 φησὶ
1167 5809 1518 5880 παρακλήσεως
1545 5826 1622 5867 m.
1698 5809 1743 5845 ’³
1772 5810 1911 5866 εἶπεν
1940 5828 1995 5869 0.
