4128 6458
419 475 520 528 347

1432 475 1941 533 THEOPHYLACTI
1979 475 2337 532 BULGARIA‘I
2373 474 2688 531 ARCHIEP.

3613 476 3718 533 348

416 599 576 658 vobis
603 598 814 657 donum
840 599 1131 674 impertiar
1179 600 1479 675 spirituale.
1518 622 1547 657 »
1600 602 1710 659 Alii
1743 618 1843 676 pro
1886 602 2007 660 aliis

2124 625 2287 682 ρισμα
2320 604 2444 679 ὑμῖν
2486 600 2863 677 πνευματικόν.
2902 621 2935 660 n
2981 596 3166 661 ³Ἀλλοι
3212 599 3309 679 μὲν
3355 599 3493 683 ὑπὲρ
3542 600 3716 660 ἄλλων

416 689 642 762 quidem
675 690 841 747 rebus
869 690 1095 765 longam
1118 690 1508 764 profectionem
1539 693 1846 766 suscipiunt
1875 714 1887 750 :
1911 708 2011 767 ego

417 795 566 853 vero,
606 780 804 853 inquit,
840 804 865 830 α
909 790 970 838 ut
1012 781 1168 838 vobis
1209 781 1421 854 aliquid
1465 782 1767 855 impertiar.
1814 803 1841 837 »
1892 785 2015 839 Hoc

416 877 604 925 autem
642 869 794 939 dicit,
836 869 1165 927 modestiam
1195 870 1426 943 spirans.
1471 872 1595 928 Non
1623 872 1773 928 enim
1803 871 1898 937 ait,
1931 873 2013 929 Ut

418 959 704 1016 instituam
729 975 846 1030 vos,
873 959 996 1029 sed,
1036 962 1115 1017 Ut
1152 960 1303 1034 quod
1330 962 1534 1035 accepi,
1578 963 2007 1019 communicem.

419 1052 487 1105 Et
505 1048 611 1107 hoc
630 1065 848 1124 quoque
867 1049 1125 1123 exiguum
1150 1059 1203 1107 et
1221 1050 1561 1108 modestum.
1587 1053 1778 1118 Porro,
1806 1051 2012 1107 donum

416 1138 530 1193 sive
556 1140 752 1211 gratia,
783 1155 952 1196 omne
985 1139 1041 1196 id
1069 1148 1171 1208 est,
1203 1140 1353 1212 quod
1382 1140 1451 1197 ad
1481 1139 1821 1198 audientium
1851 1157 2014 1197 com-

416 1228 739 1286 moditatem
768 1228 1025 1286 doctores
1055 1228 1305 1287 indicant
1333 1249 1346 1287 :
1375 1245 1508 1286 nam
1543 1230 1757 1287 etiamsi
1793 1238 2012 1287 rectum

413 1317 682 1386 ofﬁcium,
714 1326 770 1375 et
788 1334 853 1375 ex
876 1319 1078 1377 virtute
1105 1317 1306 1376 factum
1331 1336 1448 1376 esse
1476 1318 1739 1389 videatur,
1770 1328 2014 1377 attamen

2120 692 2424 772 ὁδοιπορίας
2462 690 2515 730 ²⁴
2569 689 2779 772 μακρὰς
2827 690 3171 763 στέλλονται,
3223 689 3334 771 ἐγὼ
3383 689 3472 765 δὲ,
3521 690 3718 774 φησὶν,

2121 808 2145 834 ιι
2165 779 2254 841 ἵνα
2287 805 2335 841 τι
2362 781 2577 858 μεταδῶ
2611 783 2756 856 ὑμῖν.
2784 809 2809 834 ιι
2850 783 3259 863 Μετριοφρονῶν
3281 781 3336 841 δὲ
3368 786 3527 841 τοῦτο
3553 778 3715 860 λέγει’

2118 872 2178 931 οὗ
2216 871 2322 951 γὰρ
2367 869 2512 931 εἴπεν
2536 915 2553 944 ,
2584 869 2706 931 Ἵνα
2737 869 2967 945 διδάξω,
3009 870 3145 942 ἀλλ’,
3173 867 3295 932 Ἵνα
3330 871 3462 951 ὅπερ
3493 870 3684 931 ἔλαϐον
3705 916 3723 945 ,

2122 962 2362 1036 μεταδῶ.
2402 960 2511 1022 Καὶ
2540 965 2695 1020 τοῦτο
2729 961 2917 1039 μικρὸν
2948 959 3039 1019 καὶ
3079 959 3410 1041 σύμμετρον.
3452 960 3716 1041 Χάρισμα

2122 1048 2180 1109 δέ
2209 1049 2264 1089 ³⁵
2295 1051 2408 1109 ἐστι
2439 1058 2577 1123 πᾶν,
2618 1048 2749 1129 ὅπερ
2788 1051 2836 1109 οἱ
2883 1048 3196 1110 διδάσκαλοι
3224 1052 3298 1119 εἷς
3350 1050 3403 1087 ²⁶
3449 1050 3713 1129 ὠφέλειαν

2122 1143 2225 1198 τῶν
2270 1141 2568 1200 ἀκουόντων
2600 1139 2974 1199 ἐνδείκνυνται.
3017 1141 3089 1199 Εἰ
3119 1137 3223 1219 γὰρ
3265 1139 3357 1198 καὶ
3390 1139 3719 1219 κατόρθωμα

2122 1231 2292 1303 δοκεῖ,
2318 1230 2435 1290 ἀλλ’
2464 1221 2553 1289 οὖν
2583 1228 2676 1287 καὶ
2702 1228 2769 1288 τὰ
2792 1227 3183 1310 κατορθώματα
3210 1232 3368 1306 ἡμῶν
3400 1229 3719 1311 χαρίσματᾶ

2123 1322 2226 1379 εἰσι
2245 1366 2263 1398 ,
2298 1318 2386 1379 διὰ
2415 1319 2476 1379 τὸ
2501 1324 2594 1393 τῆς
2617 1318 2814 1378 ἄνωθεν
2847 1320 3052 1379 δεῖσθαι
3086 1322 3274 1402 ῥοπῆς.

413 1416 564 1465 recte
591 1423 655 1465 ac
684 1409 943 1481 praeclare
968 1426 1000 1465 a
1022 1409 1181 1466 nobis
1208 1408 1367 1477 facta,
1398 1420 1689 1484 propterea
1726 1410 1874 1484 quod
1903 1427 2145 1484 superno
2168 1434 2308 1491 opus
2330 1417 2563 1474 habeant
2580 1417 2801 1487 auxilio,
2827 1417 2971 1474 dona
2994 1425 3122 1473 sunt
3145 1425 3200 1473 et
3222 1417 3575 1475 charismata.

486 1509 668 1565 Vens.
717 1515 800 1565 l2.
851 1532 876 1559 α
930 1508 1019 1566 Ad
1058 1509 1471 1566 conﬁrmandos
1503 1525 1601 1566 vos
1642 1527 1657 1565 :
1689 1510 1796 1567 hoc
1823 1520 2010 1567 autem

2206 1532 2234 1567 α
2294 1509 2383 1576 Εἷς
2409 1507 2469 1568 τὸ
2499 1512 2852 1590 στηριχθῆναι
2904 1510 3063 1581 ὑμᾶς’
3101 1513 3255 1567 τοῦτο
3304 1507 3361 1566 δέ
3392 1510 3537 1582 ἔστι,
3572 1533 3719 1588 συμ-

415 1605 523 1668 est,
553 1607 616 1655 ut
653 1614 1008 1655 communem
1035 1601 1251 1672 capiam
1282 1599 1722 1656 consolationem
1765 1600 1825 1656 in
1857 1601 2013 1657 vobis

2124 1599 2533 1680 παρακληθῆναι
2589 1600 2644 1657 ἐν
2693 1601 2857 1675 ὑμῖν,
2925 1597 3014 1656 διὰ
3069 1600 3163 1670 τῆς
3211 1599 3265 1656 ἐν
3325 1598 3577 1669 ἀλλήλοις
3625 1598 3716 1657 πί-

415 1704 516 1761 per
542 1697 798 1745 mutuam
826 1688 989 1745 ﬁdem
1016 1698 1252 1745 vestram
1277 1690 1439 1746 simul
1468 1697 1525 1746 et
1554 1705 1760 1746 meam.
1792 1713 1816 1739 υ
1848 1691 2014 1747 Clan-

2124 1677 2284 1757 στεως
2342 1691 2492 1765 ὑμῶν
2545 1710 2603 1747 τε
2663 1686 2757 1747 καὶ
2817 1689 2970 1764 ἐμοῦ.
3029 1709 3061 1747 ι)
3122 1687 3505 1756 Λανθανόντως
3559 1687 3721 1757 ἔδειξε

415 1778 605 1835 culum
647 1778 907 1835 indicavit
948 1780 1122 1836 multa
1164 1780 1292 1852 ipsis
1330 1796 1468 1852 opus
1498 1796 1619 1837 esse
1647 1781 2011 1838 correctione.

414 1869 720 1941 Postquam
739 1878 924 1925 autem
944 1879 999 1926 et
1024 1869 1130 1927 hoc
1160 1869 1319 1927 valde
1346 1870 1642 1927 molestum
1668 1881 1785 1928 erat
1808 1870 2012 1938 (dicere

413 1972 657 2030 namque
710 1958 1018 2031 potuissent
1064 1959 1257 2030 :Quid
1303 1959 1415 2016 ais?
1460 1960 1862 2018 Concutimur?
1899 1961 2015 2017 Cir-

412 2047 812 2105 cumferimur?
841 2058 1048 2122 tuaque
1086 2058 1146 2105 ut
1175 2050 1577 2107 conﬁrmemur
1604 2067 1773 2123 opera
1805 2051 2013 2125 indige-

415 2143 598 2206 mus?)
644 2137 831 2208 infert,
868 2162 895 2188 α
938 2141 1063 2195 Ηοο
1108 2148 1291 2196 autem
1331 2148 1437 2208 est,
1476 2147 1539 2195 ut
1579 2140 2012 2198 consolationem

416 2228 583 2284 simul
629 2228 859 2300 capiam.
919 2251 946 2278 ι
992 2228 1153 2299 Quod
1195 2244 1325 2285 vero
1364 2228 1460 2297 ait,
1507 2228 1825 2302 hujusmodi
1869 2239 1953 2287 est
1996 2250 2010 2287 :

416 2318 618 2374 Multas
647 2318 984 2375 sustinuistis
1009 2317 1340 2375 afﬂictiones
1368 2338 1382 2375 :
1419 2342 1445 2368 α
1490 2318 1808 2375 Desideravi
1841 2319 2014 2393 igitur

414 2424 511 2465 vos
546 2407 751 2476 videre,
787 2432 811 2457 ιο
856 2417 917 2464 ut
957 2408 1342 2480 quadantenus
1385 2425 1483 2467 vos
1525 2410 1865 2478 consolarer,
1902 2411 2013 2466 imo

414 2498 620 2571 potius,
652 2507 714 2555 ut
759 2506 815 2554 et
841 2498 955 2570 ipse
993 2499 1433 2556 consolationem
1461 2500 1766 2572 acciperem
1811 2519 1825 2556 :
1856 2516 2013 2557 com-

413 2604 586 2645 mune
631 2589 779 2645 enim
824 2587 930 2645 hoc
965 2589 1185 2645 lucrum
1223 2597 1321 2645 est.
1364 2590 1529 2660 Quasi
1574 2590 1722 2645 enim
1748 2589 1805 2646 in
1834 2592 2014 2662 capti-

414 2679 580 2735 vitate
627 2679 911 2751 degentes,
944 2678 1038 2751 qui
1083 2687 1204 2736 tum
1234 2678 1426 2736 ﬁdeles
1468 2686 1644 2747 erant,
1674 2695 1814 2751 opus
1850 2680 2016 2736 habe-

413 2768 548 2826 bant
573 2776 774 2825 mutuo
817 2778 1114 2833 conventu,
1146 2784 1256 2840 quo
1304 2768 1555 2840 impense
1599 2769 1739 2825 alter
1777 2771 2015 2826 alterum

414 2857 850 2915 consolarentur.
897 2858 1037 2927 Quid
1070 2857 1233 2916 inde?
1275 2860 1423 2915 Num
1467 2867 1523 2915 et
1565 2858 1763 2915 Paulus
1793 2859 2013 2916 illorum

2121 1780 2325 1850 πολλῆς
2376 1775 2652 1855 δεομένους
2700 1775 3062 1858 ,διορθῴσεωςξ
3144 1777 3306 1837 Ἐπεὶ
3346 1777 3401 1836 δὲ
3438 1775 3723 1837 καὶτοῦτο

2125 1866 2328 1948 σφόδρα
2384 1865 2632 1947 φορτικὸν
2692 1856 2757 1937 ἦν
2797 1856 3001 1944 (εἷπον
3058 1864 3163 1947 γὰρ
3228 1867 3324 1926 ἄν’
3383 1866 3456 1927 Τί
3514 1867 3717 1945 λέγεις;

2125 1957 2513 2032 Σαλευόμεθα;
2569 1955 2993 2036 περιφερόμεθα;
3051 1954 3144 2014 καὶ
3219 1960 3314 2016 σοῦ
3372 1954 3601 2035 δεόμεθα
3650 1958 3723 2024 εἷς

2124 2045 2186 2106 τὸ
2215 2050 2568 2127 στηριχθῆναι
2581 2068 2598 2122 ;
2627 2048 2646 2123 )
2674 2044 2900 2125 ἐπάγει·
2944 2067 2973 2104 (ι
3016 2047 3066 2106 Τ
3069 2050 3195 2104 οῦτο
3235 2045 3294 2106 δέ
3324 2046 3473 2122 ἐστι,
3506 2068 3726 2123 συμπα-

2126 2137 2481 2216 ρακληθῆναι.
2533 2158 2563 2194 ι)
2622 2133 2700 2196 ⁸0
2746 2133 2802 2196 δὲ
2850 2134 2994 2215 λέγει
3042 2135 3276 2196 τοιοῦτόν
3329 2137 3468 2196 ἔστιν
3514 2136 3727 2204 Πολλὰς

2124 2225 2444 2305 ὑπεμείνατε
2500 2224 2736 2306 θλίψειςο
2790 2224 3106 2304 ἐπεθύμησα
3155 2223 3329 2286 τοίνυν
3380 2227 3508 2285 ἰδεῖν
3557 2230 3725 2305 ὑμᾶς,

2121 2314 2209 2375 ἵνα
2240 2341 2293 2376 τι
2336 2315 2723 2398 παρακαλέσω·
2770 2316 2978 2394 μᾶλλον
3031 2313 3121 2387 δὲ,
3156 2312 3245 2374 ἵνα
3288 2314 3380 2375 καὶ
3410 2315 3566 2384 αὑτὸς
3609 2340 3723 2376 πα-

2127 2406 2385 2485 ράκλησιν
2447 2405 2700 2483 δέξωμαι·
2769 2404 2944 2467 κοινὸν
3017 2402 3121 2485 γάρ
3179 2407 3291 2465 ἐστι
3369 2404 3431 2465 τὸ
3505 2405 3720 2487 κέρδος,

2124 2493 2345 2576 "Qa-nep
2398 2494 2503 2575 γὰρ
2549 2497 2603 2555 ἐν
2649 2492 3001 2576 αἰχμαλωσίᾳ
3047 2495 3234 2568 ὄντες,
3280 2495 3330 2554 οἱ
3376 2493 3497 2554 τότε
3547 2496 3727 2555 πιστοὶ

2124 2586 2331 2646 ἐδέοντο
2357 2590 2454 2654 τῆς
2481 2585 2611 2666 πρὸς
2660 2585 2925 2666 ἀλλήλους
2962 2588 3274 2665 συναγωγῆς
3297 2633 3310 2656 ,
3351 2584 3444 2644 καὶ
3476 2585 3725 2663 μεγάλως

2122 2665 2548 2757 παρεμυθοῦντο.
2589 2675 2663 2736 Τί
2697 2665 2824 2755 οῦνς
2873 2674 2984 2736 Καὶ
3018 2678 3234 2743 Παῦλος
3277 2674 3447 2735 ἐδεῖτο
3474 2681 3571 2748 τῆς
3599 2676 3727 2757 παρ’

2124 2766 2342 2825 ἐκείνων
2427 2764 2783 2844 συμμαχίαςς
2840 2762 3083 2842 Ἄπαγε,
3142 2768 3171 2823 ὁ
3225 2769 3320 2835 τῆς
3396 2762 3726 2839 Ἐκκλησίας

2124 2857 2339 2922 στῦλοςί
2396 2854 2538 2915 Ἀλλ’
2586 2851 2677 2912 ἵνα
2730 2854 2804 2932 μὴ
2861 2852 3223 2935 καταφορικὸν
3274 2852 3328 2893 ²⁷
3376 2855 3575 2935 ποιήσῃ
3633 2854 3725 2914 τὸν

414 2947 619 3004 auxilio
651 2946 963 3020 indigebat?
1001 2948 1160 3004 Absit
1186 2964 1214 3004 a
1258 2956 1311 3004 te
1339 2948 1507 3013 istud,
1558 2966 1592 3004 ο
1631 2949 1890 3005 Ecclesia
1919 2965 2013 3005 co-

2124 2945 2318 3024 λόγον,
2375 2943 2467 3004 καὶ
2527 2943 2739 3024 πλήξῃ,
2794 2946 2864 3009 ὡς
2922 2943 3175 3021 εἴπομεν,
3248 2941 3469 3017 αὐτοὺς,
3536 2944 3723 3004 τούτου

416 3038 629 3095 lumnal
685 3040 891 3094 Verum
932 3052 1002 3094 ne
1044 3037 1419 3110 impetuosum
1463 3054 1781 3095 sermonem
1829 3037 2010 3109 faciat,

414 3143 551 3184 neve
612 3127 739 3185 illos
785 3126 948 3184 feriat
1003 3144 1101 3184 seu
1156 3128 1436 3200 percellat,
1492 3129 1573 3184 uti
1624 3128 1888 3195 diximus,
1950 3145 2011 3186 ea

415 3226 642 3291 propter
684 3227 741 3275 et
781 3232 901 3275 sese
948 3233 1145 3275 eorum
1188 3216 1582 3286 consolationis
1626 3217 1874 3290 indigere
1916 3218 2010 3275 ait.

416 3306 510 3364 Sin
528 3315 717 3365 autem
741 3308 1017 3381 quispiam
1057 3307 1495 3365 consolationem
1536 3307 1626 3364 hic
1656 3307 1853 3365 dixerit
1893 3324 2014 3365 esse

416 3396 687 3467 laetitiam,
718 3413 886 3471 quam
923 3397 995 3454 ob
1023 3397 1159 3454 ﬁdei
1197 3400 1579 3454 Romanorum
1609 3396 2013 3455 incrementum

415 3485 692 3555 habuerit,
756 3494 922 3559 atque
965 3503 1029 3543 ea
1075 3487 1322 3560 indigere
1370 3488 1628 3556 Paulum,
1691 3496 1842 3544 recte
1892 3504 2014 3545 mea

416 3576 642 3650 quidem
672 3576 939 3634 sententia
982 3577 1180 3634 dixerit
1224 3596 1237 3633 :
1268 3576 1419 3650 quod
1449 3585 1507 3633 et
1542 3578 1893 3650 perspicuum
1935 3586 2019 3634 est

418 3683 485 3725 ex
511 3683 578 3724 eo
603 3667 749 3740 quod
784 3668 883 3736 ait,
914 3690 939 3717 α
970 3668 1074 3724 Per
1104 3676 1360 3725 mutuam
1386 3667 1557 3725 ﬁdem
1588 3675 1826 3724 vestram
1852 3668 2015 3725 simul

417 3766 474 3817 et
496 3774 712 3826 meam;
744 3782 771 3809 ι
799 3766 862 3815 ut
885 3758 959 3815 sit
981 3757 1101 3817 haec
1132 3758 1437 3815 sententia:
1477 3760 1594 3831 Ego
1620 3758 1838 3830 quidem
1886 3773 2019 3815 con-

414 3855 598 3920 specta
639 3848 749 3906 ﬁde
791 3857 972 3905 vestra
1018 3848 1266 3905 solamen
1310 3849 1546 3920 capiam,
1590 3857 1751 3920 atque
1794 3846 2021 3906 laetabor

420 3953 488 3995 ex
525 3938 712 3997 animo
751 3959 768 3995 :
809 3955 906 3997 vos
952 3955 1087 3997 vero
1128 3955 1227 4012 per
1255 3954 1435 3995 meam
1469 3937 1637 3994 ﬁdem
1664 3938 2020 3995 confirmabi-

415 4028 575 4098 mini,
629 4030 1009 4085 consolatione
1070 4038 1293 4101 accepta
1338 4027 1411 4084 de
1460 4028 1524 4084 iis
1585 4028 1772 4094 rebus,
1821 4027 2020 4099 quibus

2123 3032 2301 3095 ἕνεκεν
2331 3034 2424 3095 καὶ
2455 3034 2610 3101 αὐτὸς
2641 3034 2695 3073 ³⁸
2727 3034 2932 3095 δεῖσθαι
2974 3039 3068 3107 τῆς
3108 3032 3236 3115 παρ’
3279 3033 3490 3094 ἐκείνων
3541 3058 3725 3115 παρα-

2121 3123 2362 3196 κλήσεως
2415 3123 2540 3204 ἔφη.
2576 3124 2644 3184 Εἰ
2676 3122 2732 3183 δέ
2777 3146 2856 3191 τις
2911 3125 3134 3182 ἐνταῦθα
3190 3122 3534 3202 παράκλησιν
3583 3115 3719 3184 εἶναι

2120 3213 2273 3294 λέγει
2342 3212 2439 3286 τὴν
2508 3211 2866 3294 εὖφροσύνην,
2915 3213 3015 3285 τὴν
3076 3213 3165 3272 ἐπὶ
3336 3217 3431 3284 τῆς
3496 3213 3723 3283 πίστεως

2122 3306 2229 3362 τῶν
2286 3300 2577 3382 Ῥωμαίων
2641 3301 2908 3381 ἐπιδόσει,
2973 3302 3063 3361 καὶ
3123 3301 3321 3374 ταύτης
3368 3302 3572 3362 δεῖσθαι
3629 3302 3720 3362 τὸν

2126 3395 2342 3454 Παῦλον
2365 3440 2380 3466 ,
2410 3393 2587 3459 καλῶς
2628 3390 2692 3450 ἂν
2728 3390 2897 3453 εἴποι·
2932 3391 2961 3451 ὃ
2992 3393 3149 3464 δῆλον
3188 3391 3281 3450 καὶ
3313 3393 3370 3450 ἐκ
3402 3396 3493 3450 τοῦ
3523 3392 3719 3471 λέγειν’

2134 3505 2165 3543 (ι
2187 3482 2293 3542 Διὰ
2321 3486 2417 3555 τῆς
2446 3484 2500 3541 ἐν
2534 3481 2782 3555 ἀλλήλοις
2825 3480 3055 3548 πίστεως
3096 3484 3245 3558 ὑμῶν
3291 3504 3347 3539 τε
3375 3482 3465 3540 καὶ
3501 3483 3655 3561 ἐμοῦ·
3689 3507 3719 3539 ι

2123 3575 2195 3641 ὣς
2231 3562 2366 3631 εἶναι
2396 3570 2485 3631 τὸν
2514 3570 2669 3650 λόγον
2700 3576 2958 3632 τοιοῦτον⁸
3005 3570 3114 3631 Καὶ
3158 3569 3262 3649 ἐγὼ
3291 3569 3418 3648 μὲν,
3463 3570 3589 3631 ἰδὼν
3623 3572 3720 3645 τὴν

2124 3663 2304 3722 πίστιν
2333 3665 2512 3739 ὑμῶν,
2566 3659 3062 3741 παρακληθήσομαι
3104 3662 3195 3720 καὶ
3240 3662 3716 3741 εὐφρανθήσομαι·

2126 3750 2219 3810 καὶ
2271 3750 2422 3831 ὑμεῖς
2472 3749 2526 3809 δὲ
2579 3750 2683 3810 ὑπὸ
2735 3754 2827 3824 τῆς
2872 3752 2925 3809 ἐν
2978 3751 3098 3831 ἐμοὶ
3143 3748 3372 3817 πίστεως
3427 3756 3721 3831 στηριχθῆ-

2130 3829 2318 3917 σεσθε,
2365 3838 2835 3920 παραμυθηθέντες
2888 3840 2969 3920 ἐφ’
3024 3829 3099 3905 οἷς
3144 3838 3272 3907 ἴσως
3322 3837 3410 3898 διὰ
3455 3829 3726 3923 μικροψυ-

2128 3930 2253 4012 χίαν
2284 3929 2588 3989 σαλεύεσθε.
2622 3927 2764 3989 Ἀλλ’
2795 3931 2854 3990 οὗ
2884 3934 3057 3989 ταῦτα
3087 3927 3233 4008 λέγει
3281 3933 3550 4011 φανερῶς,
3586 3929 3725 3991 ἀλλὰ

2131 4018 2398 4097 μεθοδεύει
2422 4018 2512 4079 τὸν
2537 4018 2724 4100 λόγον,
2757 4020 2828 4088 ὥς
2854 4017 3082 4101 εἴρηται.

413 4115 648 4173 fortasse
690 4134 802 4190 prae
842 4118 1297 4190 pusillanimitate
1334 4116 1712 4173 concutimini.
1749 4119 1957 4174 Verum
1985 4116 2104 4175 haec
2138 4133 2252 4175 non
2291 4125 2481 4191 aperte
2527 4116 2677 4187 dicit,
2726 4115 2827 4175 sed
2873 4115 3537 4189 orationemIartiﬁciose
3598 4133 3732 4176 con-

415 4206 572 4275 texit,
603 4208 683 4263 uti
713 4207 921 4265 dictum
957 4216 1058 4264 est.

488 4308 669 4362 Vsus.
724 4313 812 4363 13.
858 4329 885 4355 α
929 4307 1073 4364 Nolo
1109 4314 1299 4364 autem
1342 4321 1440 4362 vos
1480 4306 1750 4380 ignorare,
1789 4305 2013 4375 fratres,
2050 4308 2099 4373 D

417 4395 569 4468 quod
610 4411 755 4469 saepe
800 4398 1059 4470 proposui
1104 4396 1290 4453 venire
1328 4395 1400 4453 ad
1443 4412 1562 4464 vos,
1615 4405 1670 4452 et
1716 4394 2024 4469 prohibitus

414 4502 541 4543 sum
595 4486 901 4559 hucusque.
957 4511 983 4537 ι
1038 4489 1341 4560 Potsquam
1386 4502 1553 4559 supra
1594 4485 1827 4555 dixerat,
1876 4488 2016 4559 Opto

418 4577 605 4634 venire
647 4577 720 4634 ad
764 4593 887 4648 vos,
933 4594 997 4635 ac
1044 4577 1343 4634 verisimile
1386 4585 1507 4633 erat
1543 4575 1814 4649 quosdam
1861 4577 2018 4651 cogi-

419 4677 536 4725 tare
574 4684 784 4737 secum,
828 4669 882 4726 Si
919 4678 1076 4742 optas
1106 4679 1161 4725 ct
1189 4668 1532 4741 concupiscis
1557 4669 1614 4739 9
1638 4668 1930 4738 consolari,
1961 4678 2018 4726 et

420 4759 859 4815 consolationem
898 4775 1087 4815 rursus
1119 4759 1381 4830 accipere,
1422 4757 1559 4832 quid
1613 4766 1695 4815 est
1718 4758 1865 4832 quod
1893 4774 2018 4831 pro-

417 4847 621 4912 hibeat.
690 4863 799 4920 quo
859 4849 1042 4904 minus
1098 4849 1322 4906 venias?
1386 4849 1698 4919 subintulit,
1752 4849 2018 4922 quoniam

421 4962 447 4988 a
490 4937 805 4994 Prohibitus
833 4954 960 4994 sum
997 4962 1020 4988 ιι
1052 4954 1083 4994 a
1113 4941 1250 4994 Deo.
1287 4938 1683 4995 Animadverte
1710 4954 1860 5006 vero,
1890 4955 2023 5011 quo-

418 5027 588 5085 modo
615 5044 731 5084 non
761 5027 975 5085 curiose
1004 5029 1241 5100 inquirat
1267 5044 1366 5084 cur
1405 5028 1477 5085 sit
1506 5027 1829 5101 prohibitus.
1873 5030 2017 5085 Nam

417 5117 726 5175 Dominicis
759 5118 1035 5174 mandatis
1079 5119 1237 5191 plane
1278 5118 1620 5191 obsequitur,
1670 5117 1925 5174 erudiens
1964 5125 2020 5173 et

413 5224 540 5282 nos,
569 5225 639 5266 ne
677 5209 892 5266 curiose
934 5209 1255 5282 indagemus
1280 5225 1339 5264 ea
1371 5224 1494 5281 quae
1539 5211 1689 5265 Deus
1727 5207 1876 5264 facit.
1910 5210 2019 5264 De-

417 5300 640 5356 nuntiat
678 5299 868 5372 itaque
899 5299 1195 5369 Romanis,
1223 5298 1372 5372 quod
1414 5315 1526 5355 non
1558 5314 1657 5371 per
1699 5296 2018 5355 socordiam

418 5396 516 5444 aut
551 5397 941 5463 contemptum
978 5405 1091 5446 non
1119 5389 1348 5447 venerit.
1379 5388 1540 5445 Adeo
1583 5390 1732 5445 enim
1761 5387 2018 5444 ardenter

416 5492 515 5534 vos
534 5477 723 5551 diligo,
738 5480 937 5553 inquit,
962 5488 1023 5537 ut
1043 5495 1219 5552 neque
1242 5477 1552 5552 prohibitus
1574 5478 1901 5547 destiterim,
1916 5475 2016 5533 sed

2216 4321 2245 4357 α
2275 4300 2356 4359 Οὖ
2385 4296 2521 4358 θέλω
2550 4296 2605 4357 δὲ
2633 4301 2773 4376 ὑμᾶς
2801 4299 3036 4378 ἀγνοεῖν,
3073 4297 3320 4379 ἀδελφοὶ,
3351 4296 3432 4356 ὅτι
3467 4296 3729 4367 πολλάκις

2128 4389 2432 4469 προεθέμην
2461 4388 2590 4469 πρὸς
2623 4392 2760 4467 ὑμᾶς
2789 4389 2990 4469 ἐλθεῖν,
3034 4387 3125 4447 καὶ
3168 4387 3437 4460 ἐκωλύθην
3468 4388 3596 4469 ἄχρι
3635 4393 3728 4447 τοῦ

2126 4467 2300 4559 δεῦρο.
2333 4501 2362 4537 ››
2398 4467 2622 4550 Ἐπειδή
2646 4477 2891 4556 ἀνωτέρω
2931 4467 3104 4553 εἶπεν,
3138 4476 3219 4536 ὅτι
3264 4467 3726 4558 Εὔχομαινέλθεῖν

2125 4569 2257 4650 πρὸς
2305 4573 2473 4645 ὑμᾶς,
2525 4568 2663 4634 εἰκὸς
2713 4567 2766 4627 δὲ
2823 4560 2886 4640 ἦν
2944 4591 3090 4636 τινας
3141 4570 3463 4638 ὑπονοῆσαι,
3526 4565 3609 4627 ὅτι
3663 4571 3730 4626 Εἰ

2127 4659 2259 4739 εὔχῃ
2305 4659 2397 4718 καὶ
2446 4660 2720 4733 ἐπιθυμεῖς
2772 4655 3193 4738 παρακαλέσαι,
3239 4656 3331 4716 καὶ
3374 4658 3730 4738 παρακληθῆ..

2125 4773 2238 4824 ναι,
2260 4748 2313 4808 τί
2341 4748 2400 4808 τὸ
2425 4747 2630 4807 κωλύον
2660 4749 2854 4820 ἐλθεῖν;
2884 4746 3175 4827 ἐπήγαγεν,
3208 4745 3290 4805 ὅτι
3318 4772 3342 4798 α
3366 4743 3679 4819 Ἐκωλύθην
3700 4775 3726 4799 ι

2126 4839 2293 4898 ἐλθεῖν
2341 4837 2445 4898 ὑπὸ
2482 4839 2624 4897 Θεοῦ
2655 4836 2731 4898 ²⁹.
2763 4833 2915 4917 Ὅρα
2960 4837 3050 4914 δὲ,
3083 4841 3198 4904 πῶς
3230 4838 3288 4896 οὗ
3316 4836 3725 4919 περιεργάζεται

2127 4928 2214 4987 διὰ
2260 4928 2313 4987 τί
2362 4925 2632 5001 ἐκωλύθη,
2676 4928 2791 4986 ἀλλ’
2839 4927 3046 4987 ὑπείκει
3097 4926 3150 4966 ³⁰
3198 4929 3308 4995 τοῖς
3371 4929 3723 4994 Δεσποτικοῖς

2126 5017 2538 5099 προστάγμασι,
2571 5016 2838 5077 παιδεύων
2880 5017 2971 5075 καὶ
3004 5015 3291 5099 ἡμᾶςλῖνα
3324 5015 3399 5094 μὴ
3431 5038 3724 5095 περιεργα-

2126 5097 2337 5184 ζῶμεθα
2367 5107 2402 5167 ἃ
2426 5111 2453 5166 ὁ
2482 5105 2619 5174 Θεὸς
2647 5107 2804 5166 ποιεῖ.
2836 5105 3114 5167 Δείκνυσιν
3136 5097 3226 5166 οὖν
3251 5106 3358 5174 τοῖς
3395 5103 3723 5182 Ῥωμαίοις,

2126 5198 2207 5256 ὅτι
2239 5199 2299 5256 οὗ
2334 5196 2421 5256 διὰ
2459 5196 2757 5280 ῥᾳθυμίαν,
2804 5195 2837 5267 ἢ
2888 5193 3320 5277 καταφρόνησιν,
3367 5196 3463 5255 οὒκ
3499 5194 3721 5275 ἤρχετο.

2125 5291 2394 5348 Τοσοῦτον
2418 5285 2521 5367 γὰρ
2553 5285 2900 5367 περικαίομαι
2930 5289 3114 5363 ὑμῶν,
3164 5284 3246 5345 ὅτι
3290 5284 3410 5346 οὐδὲ
3444 5286 3727 5363 κωλυόμε-

2125 5401 2210 5445 νος
2269 5378 2610 5457 ἄφιστάμην,
2673 5376 2808 5435 ἀλλὰ
2850 5375 3012 5435 πάλιν
3065 5374 3159 5435 καὶ
3205 5375 3370 5437 πάλιν
3419 5374 3728 5457 ἐπεχείρουν

2126 5469 2320 5543 ἐλθεῖν,
2356 5466 2443 5525 διὰ
2471 5465 2569 5537 τὴν
2605 5466 2837 5547 σφοδρὰν
2870 5465 2994 5547 περὶ
3024 5466 3164 5545 ὑμᾶς
3194 5464 3437 5548 ἀγάπην.

438 5577 622 5626 terum
646 5575 812 5642 atque
846 5570 1048 5627 iterum
1074 5577 1305 5627 conatus
1336 5584 1462 5626 sum
1503 5568 1711 5637 venire,
1743 5568 1815 5625 ob
1852 5567 2238 5623 vehementem
2264 5580 2394 5639 erga
2425 5579 2522 5621 vos
2552 5562 2925 5622 dilectionem.

1816 5691 2011 5750 Variae
2053 5690 2354 5750 lectiones.

488 5802 532 5837 ³⁸
559 5801 837 5873 ἀποδημίας
863 5818 917 5859 ο.
994 5802 1039 5837 ⁸⁵
1068 5803 1164 5874 γὰρ
1192 5820 1243 5861 0.
1322 5803 1367 5838 ²⁶
1396 5804 1515 5875 πρὸς
1542 5820 1594 5861 0.
1675 5803 1720 5838 ετ
1751 5803 2030 5874 κατάφωρον
2057 5817 2112 5859 0.
2186 5801 2234 5838 ³⁸
2267 5800 2338 5859 ἴσ.
2366 5798 2534 5856 αὑτόν.
2613 5798 2636 5833 ³
2685 5798 2815 5870 παρὰ
2843 5798 2971 5853 Θεοῦ
2991 5814 3046 5857 0.
3124 5796 3170 5834 ³ο
3195 5797 3417 5853 ὑπέκειτο
3447 5811 3501 5855 0.
