4128 6430
319 475 426 532 349

1284 478 1635 537 EXPOSITIO
1676 481 1742 536 IN
1784 480 1996 538 EPIST.
2036 482 2127 538 AD
2164 482 2331 538 ROM.
2372 513 2440 522 —
2479 482 2629 539 CAP.
2671 482 2713 537 1.

3547 488 3652 542 350

403 622 436 661 ί
473 600 602 663 Ἵνα
657 603 784 664 τινὰ
822 603 1026 686 καρπὸν
1057 607 1175 685 σχῶ
1217 605 1310 664 καὶ
1342 608 1395 665 ἐν
1444 610 1599 683 ὓμῖν,
1635 605 1809 673 καθὼς
1838 608 1923 666 καῖ

2122 626 2153 662 (ι
2190 609 2272 665 Ut
2296 606 2544 665 fructum
2566 608 2806 682 aliquem
2835 606 3073 665 habeam
3092 608 3147 665 in
3179 607 3356 678 vobis,
3385 610 3654 683 quemad-

321 693 376 751 ἐν
404 696 516 761 τοῖς
555 694 765 761 λοιποῖς
812 695 1029 757 ἔθνεσιν.
1066 717 1097 753 ι)
1133 693 1360 766 Ἐπειδὴ
1403 695 1757 775 περίϐλεπτος
1786 687 1851 769 ἦν
1895 703 1929 769 ἡ

321 783 514 855 πόλις,
566 783 660 843 καὶ
709 784 907 852 πάντες
952 784 1083 866 πρὸς
1138 784 1303 857 αὐτὴν
1352 786 1667 869 ωνέὸρεον,
1719 786 1805 845 διὰ
1862 786 1931 847 τὰ

327 873 383 930 ἐν
411 875 548 953 αὐτῇ
578 873 625 911 ³⁸
662 873 946 951 θαύματα,
970 875 1063 933 καὶ
1091 876 1188 948 τὴν
1212 874 1364 943 δόξαν
1399 878 1563 948 αὐτῆς
1584 920 1600 949 ,
1632 873 1721 934 ἵνα
1750 874 1827 953 μή
1853 900 1931 943 τις

331 963 522 1043 νομίσῃ
554 963 648 1023 τὸν
682 966 900 1025 Παῦλον
933 967 1019 1025 διὰ
1062 964 1160 1038 τὴν
1209 965 1376 1036 αὐτὴν
1427 965 1606 1024 αἰτίαν
1658 968 1930 1043 ἐπιθυμεῖν

332 1056 430 1123 τῆς
456 1054 578 1122 θέας
608 1056 779 1112 αὐτῶν
802 1102 819 1128 ,
855 1054 1015 1136 φησί·
1048 1055 1150 1115 Διὰ
1192 1060 1350 1114 τοῦτο
1392 1056 1686 1133 ἐπεθύμουν
1719 1058 1886 1116 ἐλθεῖν
1912 1102 1928 1134 ,

343 1165 377 1198 ι
404 1140 491 1201 ἵνα
513 1143 627 1203 τινὰ
656 1144 863 1223 καρπὸν
893 1146 1029 1224 σχῶ.
1057 1166 1088 1202 ››
1121 1140 1272 1222 Ἅμα
1295 1143 1351 1202 δὲ
1378 1144 1467 1203 καὶ
1499 1144 1592 1217 τὴν
1614 1146 1780 1218 ἄλλην
1808 1144 1931 1204 ὑπό-

337 1255 483 1290 νοιαν
524 1233 659 1292 λύει·
693 1232 823 1301 ἴσως
871 1231 975 1315 γὰρ
1029 1225 1176 1294 εἶπεν
1230 1234 1293 1292 ἄν
1324 1259 1431 1307 τις,
1488 1233 1568 1294 ὅτι
1622 1235 1726 1296 Διὰ
1776 1239 1931 1294 τοῦτο

335 1322 572 1382 ἐκωλύου
592 1367 609 1393 ,
653 1322 786 1383 διότι
813 1325 871 1383 οὗ
901 1322 1042 1383 κατὰ
1078 1324 1217 1384 Θεὸν
1251 1327 1419 1384 ἐλθεῖν
1452 1323 1692 1383 ἐϐούλου.
1749 1323 1929 1396 Φησὶν

329 1400 452 1485 οὖν,
481 1412 563 1471 ὅτι
594 1413 817 1492 Καρπὸν
846 1422 994 1493 σχεῖν
1020 1413 1338 1491 ἐϐουλόμην.
1379 1416 1499 1475 Οὐκ
1538 1406 1654 1474 εἶπε
1686 1414 1765 1492 δὲ,
1799 1411 1925 1474 Ἵνα

326 1499 636 1581 κατηχήσω
656 1552 669 1573 ,
717 1501 803 1561 ἵνα
836 1501 1060 1572 διδάξωο
1098 1503 1236 1562 ἀλλὰ
1268 1507 1698 1586 μετριοφρονῶν,
1743 1527 1775 1560 ιι
1805 1500 1926 1564 Ἵνα

324 1589 449 1648 τι.νᾶ
494 1591 701 1672 καρπὸν
743 1595 861 1672 σχῶ
877 1611 925 1647 »⁸
959 1593 1144 1673 ὥσπερ
1174 1592 1264 1652 καὶ
1311 1594 1600 1673 ἀνωτέρω,
1651 1617 1679 1652 α
1712 1592 1832 1655 Ἵνα
1875 1616 1926 1651 τι

326 1681 551 1755 μεταδῶ
575 1679 843 1763 χάρισμα.
874 1703 905 1740 n
945 1682 1261 1743 Συστέλλων
1298 1681 1354 1739 δὲ
1385 1681 1477 1741 καὶ
1506 1681 1723 1757 αὐτοὺς,
1759 1682 1924 1765 φησί’

336 1790 367 1826 ιι
396 1768 595 1838 Καθὼς
622 1771 712 1830 καὶ
740 1773 792 1830 ἐν
820 1779 927 1839 τοῖς
958 1772 1159 1839 λοιποῖς
1188 1771 1381 1832 ἔθνεσι.
1406 1792 1437 1854 ν
1477 1772 1572 1845 Μὴ
1606 1771 1709 1854 γὰρ
1742 1772 1923 1844 ἐπειδὴ

328 1860 642 1937 βασιλεύετε
665 1906 680 1933 ,
748 1860 1002 1939 νομίσητε
1061 1861 1331 1943 κρείττους
1387 1851 1523 1920 εἶναι
1568 1851 1693 1921 τῶν
1724 1864 1925 1922 λοιπῶν

325 1950 520 2009 ἐθνῶν·
552 1952 606 2009 ἐν
630 1949 719 2032 ἴσῃ
749 1950 853 2032 γὰρ
880 1950 1022 2021 τάξει
1047 1949 1284 2013 ἵστασθε.

2043 698 2275 755 modum
2305 706 2361 755 et
2391 698 2447 754 in
2475 697 2700 771 reliquis
2725 697 3000 770 gentibus.
3045 722 3072 747 ιο
3105 698 3248 768 Quia
3294 700 3648 758 celeberrima

2040 798 2158 846 erat
2189 789 2345 857 urbs,
2383 796 2441 844 et
2489 804 2683 845 omnes
2725 787 2798 845 ad
2854 803 2978 844 eam
3034 789 3396 846 conﬂuebant
3435 799 3655 863 propter

2039 878 2287 937 miranda
2309 893 2434 952 quae
2457 878 2513 935 in
2536 879 2656 951 ipsa
2681 878 3082 950 spectabantur,
3107 887 3164 935 et
3191 879 3654 953 magniﬁcentiam

2039 969 2182 1042 ejus,
2234 984 2306 1025 ne
2349 969 2473 1041 quis
2515 968 2809 1038 existimet,
2859 967 3013 1040 quod
3055 968 3258 1026 Paulus
3287 969 3361 1025 ob
3396 969 3651 1026 eamdem

2040 1074 2262 1115 causam
2310 1074 2406 1115 eos
2444 1057 2629 1115 videre
2681 1057 2980 1127 desideret,
3024 1060 3259 1130 Propter
3285 1058 3414 1127 hoc,
3454 1060 3653 1131 inquit,

2039 1147 2424 1205 desiderabam
2440 1147 2639 1216 venire,
2667 1170 2693 1197 α
2713 1155 2773 1203 ut
2790 1146 3038 1204 fructum
3064 1148 3311 1222 aliquem
3334 1148 3591 1205 habeam.
3622 1173 3649 1198 ιι

2041 1238 2222 1295 Simul
2263 1247 2448 1294 autem
2489 1246 2542 1294 et
2587 1237 2753 1295 aliam
2812 1238 3181 1311 suspicionem
3222 1238 3399 1297 diluit.
3436 1241 3652 1296 Forsan
3738 1262 3741 1265 ·

2041 1328 2192 1385 enim
2212 1327 2445 1385 dixisset
2463 1328 2764 1400 quispiam,
2795 1327 2932 1383 Eam
2960 1329 3032 1385 ob
3054 1341 3285 1384 causam
3316 1327 3653 1400 prohibeba-

2038 1419 2139 1487 ris,
2179 1416 2331 1490 quod
2360 1433 2477 1474 non
2500 1417 2805 1474 secundum
2837 1417 2941 1474 Dei
2983 1418 3323 1475 voluntatem
3354 1419 3541 1475 venire
3560 1433 3656 1475 vo-

2040 1507 2242 1564 lueris:
2272 1506 2406 1563 dicit
2431 1507 2620 1579 igitur,
2652 1507 2918 1564 Fructum
2964 1506 3169 1564 habere
3198 1507 3472 1565 volebam.
3505 1510 3648 1577 Non,

2050 1605 2240 1652 autem
2261 1595 2449 1663 ait,Ut
2468 1595 3119 1666 instituam,utdoceam,
3142 1613 3336 1653 verum
3360 1597 3647 1654 moderate

2042 1686 2298 1759 loquens,
2333 1708 2359 1734 α
2399 1685 2484 1741 Ut
2532 1684 2773 1757 aliquem
2804 1685 3045 1742 fructum
3074 1684 3329 1742 habeam.
3365 1709 3392 1736 ι»
3422 1687 3652 1744 Perinde

2040 1792 2104 1833 ac
2129 1792 2315 1848 supra,
2357 1797 2383 1823 σι
2412 1778 2494 1832 Ut
2512 1774 2734 1847 aliquod
2754 1774 2964 1831 donum
2990 1775 3331 1847 impertiam.
3364 1799 3389 1825 ι
3419 1776 3649 1833 Illorum

2039 1874 2227 1923 autem
2246 1864 2456 1921 factum
2491 1880 2871 1936 compescens,
2894 1865 3093 1938 inquit,
3128 1864 3652 1936 «Quemadmodum

1964 1946 2012 2008 Β
2042 1966 2099 2013 et
2126 1957 2185 2012 in
2212 1954 2433 2027 reliquis
2473 1954 2751 2028 gentibus.
2784 1978 2811 2003 ι
2853 1958 2982 2011 Non
3016 1954 3164 2011 enim
3189 1955 3322 2029 quia
3348 1955 3649 2029 imperium

324 2047 480 2106 orbis
510 2064 679 2122 penes
717 2064 816 2106 vos
844 2058 951 2120 est,
1000 2048 1345 2107 arbitremini
1395 2066 1493 2109 vos
1531 2050 1758 2125 reliquis
1799 2049 2057 2125 gentibus
2098 2044 2515 2121 prazstantiores
2558 2060 2679 2102 esse
2724 2063 2741 2102 :
2780 2045 2981 2118 aequali
3033 2044 3183 2102 enim
3217 2044 3412 2103 ordine
3474 2045 3647 2103 collo-

326 2153 562 2195 Camilli.

410 2257 436 2282 ι
468 2226 706 2301 Ἕλλησί
744 2253 801 2289 τε
831 2227 923 2289 καὶ
954 2229 1255 2313 Βαρϐάροις
1276 2277 1290 2302 ,
1320 2240 1501 2314 σοφοῖς
1535 2256 1593 2292 τε
1623 2231 1715 2291 καὶ
1763 2231 1922 2304 ἀνοή-

322 2341 434 2386 τοις
457 2320 731 2400 ὀῳειλέτης
776 2319 907 2397 εἶμί.
955 2319 1117 2381 Οὕτω
1144 2322 1203 2380 τὸ
1240 2323 1361 2380 κατ’
1396 2320 1490 2400 ἐμὲ
1527 2320 1796 2403 πρόθυμον
1834 2320 1927 2381 καὶ

325 2409 456 2485 ὑμῖν
494 2409 604 2476 τοῖς
634 2411 687 2468 ἐν
709 2408 904 2490 Ῥώμῃ
938 2410 1407 2489 εὐαγγελίσασθαι.
1445 2432 1475 2469 α
1504 2412 1615 2473 Καὶ
1643 2418 1799 2472 τοῦτο
1825 2436 1925 2489 με·

320 2497 731 2579 τριοφροσύνης.
819 2500 1026 2574 Οὐδὲν,
1059 2500 1189 2579 γὰρ,
1229 2499 1389 2581 φησὶν
1412 2546 1429 2576 ,
1464 2501 1568 2580 ἐγὼ
1598 2501 1924 2582 χαρίζομαι,

320 2588 448 2647 ἀλλ’
501 2589 780 2667 ἐπίταγμα
841 2591 1033 2669 πληρῶ
1084 2591 1445 2667 Δεσποτικὸν,
1510 2592 1602 2651 καὶ
1663 2595 1739 2673 τῷ
1797 2593 1924 2672 Θεῷ

318 2680 655 2758 εὖχαριστεῖν
727 2679 808 2738 δεῖ
878 2683 1039 2757 ὑμᾶς’
1110 2682 1308 2748 ἐκεῖνος
1366 2682 1469 2761 γὰρ
1522 2683 1551 2740 ὃ
1599 2683 1921 2761 εὐεργετῶν,

319 2766 427 2847 ἐγὼ
447 2769 504 2828 δὲ
540 2769 818 2845 ὀφειλέτης
843 2770 986 2846 εἰμὶ,
1019 2769 1113 2828 καὶ
1142 2769 1511 2849 ἀπαραίτητον
1541 2770 1696 2852 χρέος
1727 2770 1836 2851 ἔχω
1867 2770 1925 2830 τὸ

315 2856 620 2938 κηρύττεινο
656 2857 686 2917 ὃ
728 2858 821 2917 καὶ
849 2866 958 2927 τοῖς
1007 2858 1305 2939 Κορινθίοις
1351 2858 1475 2942 ἔφη·
1531 2887 1585 2942 «μ
1616 2860 1758 2921 Οὐαί
1813 2884 1923 2939 μοι,

316 2947 411 3008 ἐὰν
466 2948 544 3025 μὴ
603 2949 1053 3026 εὐαγγελίζωμαι.
1101 2970 1131 3006 n
1188 2940 1471 3030 Πρόθυμος
1527 2940 1617 3009 οὖν
1666 2954 1777 3028 εἰμι
1834 2951 1926 3010 καὶ

316 3038 442 3113 ὑμῖν
474 3035 742 3115 κηρύξαι,
782 3038 880 3097 κᾶν
926 3037 1155 3098 κίνδυνοι
1197 3043 1568 3121 προορῶνται·
1619 3040 1785 3109 οὕτως
1816 3040 1924 3110 ἔζεε

316 3131 385 3209 τῇ
415 3125 553 3210 ὖπὲρ
586 3131 683 3188 τοῦ
726 3128 959 3209 Χριστοῦ
992 3128 1217 3207 σπουδῇ.

412 3384 443 3421 ιι
473 3364 558 3424 Οὔ
587 3361 695 3445 γὰρ
743 3362 1142 3442 ἐπαισχύνομαι
1178 3363 1238 3423 τὸ
1287 3364 1616 3443 Εὖαγγέλιον
1664 3368 1754 3423 τοῦ
1785 3365 1923 3445 Χρι-

322 3457 481 3511 ατοῦ·
534 3452 756 3531 δύναμις
805 3454 909 3533 γὰρ
958 3454 1102 3514 Θεοῦ
1147 3455 1293 3513 ἐστιν
1335 3454 1411 3521 εἰς
1459 3460 1729 3533 σωτηρίαν
1761 3453 1924 3512 παντὶ

326 3544 407 3620 τῷ
434 3541 747 3604 πιστεύοντι.
776 3565 809 3601 ι)
869 3542 1093 3616 Ἐπειδὴ
1143 3546 1190 3603 οἱ
1227 3542 1497 3623 Ῥωμαῖοι
1543 3542 1747 3625 σφόδρα
1785 3534 1922 3617 ἦσαν

329 3630 654 3708 ἐπτοημένοι
692 3631 810 3714 περὶ
862 3631 959 3704 τὴν
1016 3637 1108 3691 τοῦ
1164 3633 1366 3711 κόσμου
1411 3631 1605 3706 δόξαν,
1660 3632 1817 3700 αὐτὸς
1866 3633 1921 3692 δὲ

327 3720 527 3797 ἔμελλε
559 3721 822 3801 κηρύττειν
860 3721 951 3781 τὸν
983 3722 1159 3783 πάντα
1206 3722 1274 3781 τὰ
1320 3728 1415 3795 τῆς
1454 3723 1672 3800 ἀτιμίας
1700 3721 1753 3758 ³³
1784 3726 1922 3782 ὑπο-

327 3810 587 3888 μείναντα
643 3810 879 3890 Ἰησοῦν,
910 3813 1004 3871 καὶ
1052 3812 1191 3879 εἰκὸς
1238 3803 1305 3886 ἧν
1359 3811 1547 3880 αὐτοὺς
1598 3812 1923 3893 ἐπαισχύνε-

325 3905 452 3960 σθαι
498 3899 712 3983 τοιούτῳ
767 3903 1006 3962 δοκοῦντι
1062 3904 1311 3981 Σωτῆριο
1365 3900 1452 3961 διὰ
1499 3902 1656 3963 τοῦτό
1724 3925 1920 3984 φησιν·

330 4018 359 4043 ι
411 3993 527 4052 Οὐκ
574 3991 998 4072 ἐπαισχύνομαιθ
1047 3990 1275 4060 ἐκείνους
1335 3991 1465 4060 τέως
1519 3990 1784 4052 διδάσκων
1845 3994 1921 4067 μὴ

322 4080 772 4161 ἐπαισχύνεσθαι,
825 4080 1026 4141 ἔπείτοι
1067 4105 1128 4159 γε
1177 4080 1334 4148 αὐτὸς
1379 4082 1438 4141 οὗ
1487 4080 1646 4160 μόνον
1686 4084 1782 4142 οὐκ
1825 4084 1921 4143 ἐπ-

317 4170 602 4253 ῃσχύνετο,
634 4170 777 4230 ἀλλὰ.
804 4171 896 4229 καὶ
938 4170 1387 4240 ἐνεκαλλωπίζετο
1415 4173 1492 4253 τῷ
1533 4170 1922 4253 ἐσταυρωμένῳ

312 4263 406 4320 καὶ
434 4265 788 4342 ἐνεκαυχᾶτο.
860 4258 1009 4338 Ἅμα
1040 4261 1095 4320 δὲ
1125 4262 1219 4320 καὶ
1243 4260 1427 4333 ἐπειδὴ
1465 4261 1617 4321 αὐτοὶ
1647 4261 1735 4321 ἐπὶ
1764 4261 1922 4342 σοφίᾳ

314 4351 649 4429 ἐκόμπαζον,
682 4348 832 4431 Ἐγὼ
853 4395 871 4423 ,
900 4352 1063 4431 φησὶ,
1098 4350 1324 4430 σταυρὸν
1355 4348 1585 4431 ἔρχομαι
1614 4348 1915 4432 κηρύττων·

313 4441 410 4501 καὶ
427 4442 486 4499 οὗ
507 4441 591 4500 διὰ
622 4447 780 4500 τοῦτο
802 4441 1149 4521 αἰσχύνομαι-
1183 4467 1209 4494 α
1230 4440 1472 4518 Δύναμις
1492 4440 1596 4522 γὰρ
1612 4442 1756 4502 Θεοῦ
1777 4442 1920 4500 ἐστιν

312 4534 389 4598 εἰς
419 4530 689 4612 σωτηρίαν
713 4530 791 4587 ³³.
820 4558 845 4582 ι
873 4527 1033 4591 Ἔστι
1072 4530 1166 4589 καὶ
1195 4530 1416 4607 δύναμις
1444 4534 1519 4599 εἷς
1565 4531 1785 4590 κόλασιν
1803 4578 1818 4603 ,
1849 4534 1922 4600 ὡς

309 4629 421 4689 τοῖς
453 4621 766 4701 Αἰγυπτίοις
815 4619 1137 4680 ἐνεδείκνυτο
1184 4624 1213 4680 ὁ
1261 4620 1399 4687 Θεὸς
1429 4619 1526 4691 τὴν
1568 4625 1733 4680 αὑτοῦ
1765 4619 1923 4680 δύνα-

311 4736 440 4787 μιν,
480 4709 720 4779 κολάζων
759 4708 965 4779 αὐτούς.
996 4709 1157 4771 Ἐστι
1182 4708 1274 4769 καὶ
1307 4714 1379 4778 εἷς
1405 4709 1706 4784 ἀπώλειαν,
1741 4713 1811 4777 ὡς
1841 4709 1919 4784 τὸ,

2108 2231 2292 2285 Vens.
2340 2231 2430 2299 14,
2470 2229 2596 2296 15,‹‹
2651 2225 2872 2283 61·ωοίς
2900 2232 2953 2281 et
2978 2224 3261 2296 Barbaris,
3307 2225 3649 2298 sapientibus

2031 2324 2088 2373 et
2115 2315 2503 2388 insipientibus
2553 2314 2780 2372 debitor
2818 2331 2963 2372 sum.
3021 2317 3102 2372 Ita
3130 2323 3403 2387 quantum
3462 2315 3521 2371 in
3554 2331 3647 2373 me

2034 2414 2139 2472 est,
2161 2413 2383 2479 paratus
2408 2420 2537 2463 sum
2577 2413 2634 2461 et
2660 2404 2838 2476 vobis,
2878 2406 2974 2478 qui
3002 2407 3200 2462 Romae
3236 2405 3391 2473 estis,
3426 2421 3650 2480 evange-

2037 2495 2221 2553 lizare.
2271 2514 2301 2548 ι)
2329 2496 2453 2551 Hoc
2478 2494 2649 2551 etiam
2665 2509 2731 2550 ex
2763 2493 3031 2551 modestia
3057 2502 3265 2550 manat.
3291 2495 3436 2551 Nihil
3470 2496 3649 2565 enim,

2035 2585 2236 2658 inquit,
2284 2600 2386 2658 ego
2430 2584 2604 2654 dono,
2652 2599 2847 2640 verum
2886 2584 3118 2640 Domini
3171 2584 3280 2641 mei
3329 2583 3648 2641 mandatum

2034 2674 2331 2747 adimpleo,
2358 2676 2584 2746 Deoque
2622 2689 2717 2729 vos
2756 2673 2957 2747 gratias
2984 2689 3150 2745 agere
3179 2674 3451 2731 convenit:
3483 2674 3650 2747 siqui-

2035 2764 2166 2821 dem
2193 2764 2280 2820 ille
2306 2762 2628 2820 benefactor
2669 2771 2773 2833 est,
2819 2778 2921 2835 ego
2947 2778 3078 2819 vero
3113 2786 3139 2813 α
3182 2761 3409 2819 debitor
3436 2779 3584 2832 sum,
3618 2788 3643 2813 π

2035 2863 2090 2911 et
2102 2853 2457 2911 irrecusabile
2477 2852 2731 2910 debitum
2751 2852 2931 2909 habeo
2949 2853 3310 2924 praedicandi,
3339 2854 3521 2926 ipsum
3550 2853 3650 2909 sci-

2036 2944 2162 3001 licet
2186 2958 2393 2999 munus
2441 2961 2455 2999 :
2501 2941 2652 3016 quod
2696 2950 2755 2997 et
2792 2941 3091 3000 Corinthiis
3134 2942 3403 2999 dicebat:
3468 2965 3493 2992 α
3544 2944 3645 2999 Vae

2034 3034 2199 3104 mihi,
2227 3033 2272 3091 si
2288 3048 2398 3089 non
2417 3032 2856 3107 evangelizavero
2875 3030 2918 3088 °.
2948 3054 2976 3083 υ
3007 3030 3248 3088 Proinde
3270 3048 3400 3089 sane
3421 3040 3647 3105 paratus

2031 3140 2161 3181 sum
2189 3132 2246 3183 et
2271 3123 2425 3180 vobis
2455 3123 2813 3196 Evangelium
2842 3122 3198 3191 annuntiare,
3234 3122 3455 3179 etiamsi
3495 3123 3640 3194 peri-

2034 3214 2159 3272 cula
2187 3213 2360 3271 oculis
2385 3213 2767 3270 observentur.
2797 3213 2976 3271 Tanto
3033 3211 3093 3270 in
3122 3210 3413 3270 Christum
3453 3211 3647 3285 ﬂagra-

2038 3305 2133 3361 bat
2177 3302 2383 3361 studio.

2102 3396 2288 3452 Vens.
2316 3398 2402 3451 ιϐ.
2439 3412 2469 3448 α
2487 3396 2614 3451 Non
2642 3393 2795 3451 enim
2810 3393 2982 3467 pudet
3008 3409 3098 3451 me
3117 3394 3400 3468 Evangelii
3418 3393 3642 3451 Christi.

2029 3484 2225 3542 Virtus
2252 3484 2402 3541 enim
2428 3484 2531 3541 Dei
2576 3492 2660 3541 est
2686 3482 2760 3542 ad
2806 3484 3041 3540 salutem
3088 3484 3239 3541 omni
3278 3483 3549 3542 credenti.
3610 3506 3636 3533 ι

2033 3576 2174 3632 Cum
2199 3573 2444 3631 Romani
2469 3573 2537 3630 ad
2554 3572 2749 3630 mundi
2768 3573 2935 3646 hujus
2946 3573 3179 3648 gloriam
3209 3573 3442 3630 miriﬁce
3457 3573 3645 3632 obstu-

2034 3663 2235 3736 pefacti
2274 3671 2477 3733 essent,
2509 3663 2626 3735 ipse
2674 3679 2806 3720 vero
2837 3662 3233 3736 praedicaturus
3261 3672 3398 3732 erat,
3432 3662 3524 3734 qui
3553 3664 3642 3719 ni-

2032 3754 2109 3809 hil
2134 3770 2249 3810 non
2282 3753 2608 3826 ignominiaa
2638 3753 2961 3824 pertulerat,
2992 3755 3212 3818 Jesum;
3250 3768 3315 3809 ac
3338 3752 3643 3810 verisimile

2033 3851 2156 3900 erat
2182 3843 2316 3915 ipsis
2344 3841 2545 3915 pudori
2602 3841 2711 3899 hoc
2752 3840 2897 3910 fore,
2954 3842 3002 3897 si
3055 3841 3182 3898 talis
3229 3840 3641 3899 existimaretur

2031 3936 2289 3991 Servator
2322 3940 2674 4005 :prOpterea,
2731 3953 2758 3982 κ
2802 3934 2926 3989 Non
2974 3946 3065 3987 me
3108 3929 3303 4004 pudet,
3337 3954 3362 3979 ι
3392 3930 3576 4003 inquit
3621 3949 3635 3989 :

2034 4024 2158 4080 illos
2189 4023 2346 4096 juxta
2375 4022 2603 4094 docens,
2646 4037 2717 4079 ne
2748 4019 3070 4094 pudeﬁant:
3106 4020 3556 4093 quandoquidem
3583 4030 3641 4078 et

2032 4114 2147 4187 ipse
2171 4112 2382 4170 nedum
2435 4128 2555 4169 non
2600 4111 2936 4185 pudeﬁebat,
2969 4111 3103 4184 quin
3136 4112 3321 4183 potius
3345 4110 3639 4184 pulchrum

2029 4195 2135 4252 sibi
2167 4195 2415 4268 putabat,
2441 4203 2497 4252 et
2514 4194 2864 4267 gloriabatur
2893 4210 2961 4251 eo
2987 4193 3237 4250 nomine.
3269 4194 3417 4265 Quia
3438 4210 3567 4252 vero
3591 4203 3647 4251 et

2031 4276 2135 4349 ipsi
2174 4277 2461 4347 sapientia;
2505 4274 2729 4332 nomine
2784 4275 2990 4348 turgidi
3026 4283 3209 4343 erant,
3256 4277 3391 4348 Ego,
3437 4276 3644 4349 inquit,

2031 4373 2252 4415 crucem
2289 4358 2397 4429 ιο
2426 4357 2586 4415 venio
2614 4356 3034 4429 praedicaturus,
3076 4373 3181 4413 nec
3221 4365 3507 4429 propterea
3538 4374 3644 4429 pu-

2030 4447 2167 4504 dore
2191 4446 2483 4504 suffundor
2516 4464 2531 4503 :
2562 4462 2718 4511 nam,
2753 4469 2779 4496 ιι
2805 4447 2989 4504 Virtus
3012 4446 3110 4503 Dei
3136 4454 3223 4504 est
3248 4446 3308 4502 in
3328 4447 3587 4504 salutem.
3615 4470 3640 4496 ιο

2030 4540 2131 4595 Est
2158 4538 2325 4594 etiam
2348 4536 2519 4593 virtus
2542 4536 2676 4604 (sive
2704 4536 2963 4609 potentia,
2982 4536 3049 4593 ad
3074 4535 3642 4609 punitionem,quem-

2029 4627 2330 4685 admodum
2356 4626 2627 4700 Egyptiis
2663 4642 2826 4683 suam
2870 4628 3025 4683 Deus
3055 4625 3370 4698 potentiam
3408 4624 3642 4682 demon-

2028 4718 2259 4783 strabat,
2286 4716 2437 4789 ipsos
2468 4731 2631 4789 paena
2656 4714 2924 4773 afﬁciens.
2956 4718 3055 4772 Est
3079 4724 3344 4787 praeterea
3370 4723 3428 4771 et
3452 4715 3520 4772 ad
3549 4714 3642 4771 in-

318 4822 351 4858 ιι
380 4799 674 4873 Φοϐήθητε
704 4798 792 4858 τὸν
826 4798 1114 4878 δυνάμενον
1145 4799 1408 4860 ἀπολέσαι
1450 4802 1505 4859 ἐν
1536 4800 1744 4881 γεέννῃ.
1773 4825 1798 4853 ι
1850 4797 1911 4858 Ἃ

2035 4806 2282 4875 teritum,
2318 4815 2381 4864 ut
2406 4822 2536 4863 cum
2566 4806 2644 4863 ait
2675 4825 2688 4862 :
2716 4825 2743 4859 «
2773 4807 2991 4862 Timete
3022 4821 3171 4874 eum,
3193 4805 3286 4879 qui
3318 4813 3500 4878 potest
3523 4821 3644 4878 per-

307 4888 487 4949 τοίνυν
518 4888 623 4968 ἐγὼ
662 4891 690 4946 ὁ
722 4890 938 4957 Παῦλος
983 4888 1261 4970 κηρύττω,
1295 4892 1354 4949 οὖ
1404 4889 1624 4948 κόλασιν
1674 4888 1766 4948 καὶ
1814 4889 1918 4948 ἀπ-

310 4978 509 5038 ώλειαν
531 4982 790 5059 περιέχει,
823 4980 962 5038 ἀλλὰ
985 4978 1274 5059 σωτηρίαν.
1306 4978 1428 5039 Τίνι
1454 4977 1545 5051 δέ;
1576 5001 1605 5036 (‹
1637 4977 1811 5039 Παντὶ
1841 4981 1917 5060 τῷ

306 5067 637 5130 πιστεύοντι.
665 5097 689 5122 ι
716 5072 800 5129 Οὐ
823 5067 927 5148 γὰρ
958 5068 1143 5135 ἅπλῶς
1165 5068 1329 5128 πᾶσίν
1355 5069 1497 5127 ἐστιν
1540 5070 1613 5136 εἰς
1642 5065 1917 5150 σωτηρίαν

305 5157 370 5218 τὸ
402 5159 735 5240 Εὖαγγέλιον
757 5204 774 5233 ,
807 5158 947 5220 ἀλλὰ
983 5166 1089 5226 τοῖς
1121 5157 1602 5240 παραδεχομένοις.

389 5367 416 5394 ι
446 5338 689 5420 Ἰουδαίῳ
706 5361 767 5398 τε
780 5339 992 5419 πρῶτον
1014 5338 1108 5398 καὶ
1126 5335 1381 5411 σΕλληνι.
1413 5364 1438 5392 ιο
1458 5338 1557 5413 Τὸ,
1578 5364 1604 5392 α
1633 5340 1872 5417 Πρῶτον,
1888 5363 1912 5390 υ

306 5433 575 5505 ἐνταῦθα,
622 5427 821 5499 τάξεώς
850 5431 966 5489 ἐστι
992 5427 1156 5507 τιμὴ,
1196 5432 1253 5488 οὗ
1295 5428 1509 5509 χάριτος
1553 5427 1908 5507 πλεονασμός.

377 5595 404 5624 °
432 5595 456 5648 Ι
483 5594 612 5651 Cor.
654 5607 748 5660 ιι,
797 5595 885 5646 l6.
988 5597 1016 5633 ν
1040 5588 1238 5645 Matth.
1267 5604 1332 5658 ι,
1364 5593 1453 5647 28.

2031 4896 2164 4955 dere
2182 4895 2497 4970 ingehenna
2535 4907 2580 4952 ν.
2614 4915 2642 4951 ››
2676 4896 2813 4967 Quae
2835 4896 3001 4969 igitur
3026 4910 3128 4969 ego
3150 4894 3355 4952 Paulus
3381 4894 3640 4967 praedico,

2024 5003 2138 5044 non
2156 5002 2377 5060 pinnam
2397 5001 2575 5058 neque
2591 4985 2882 5043 interitum
2905 4985 3214 5054 continent,
3255 4984 3353 5041 sed
3378 4984 3636 5041 salutem.

2026 5078 2124 5136 Cui
2142 5078 2373 5134 autem?
2406 5099 2434 5125 α
2455 5076 2626 5133 Omni
2655 5074 2927 5135 credenti.
2962 5098 2989 5126 ι)
3014 5075 3140 5131 Non
3153 5075 3303 5132 enim
3327 5073 3648 5147 simpliciter

2036 5167 2252 5224 cunctis
2294 5166 2669 5241 Evangelium
2699 5165 2847 5223 cedit
2867 5164 2936 5223 ad
2962 5164 3220 5233 salutem,
3247 5162 3346 5221 sed
3374 5162 3644 5235 accipien-

2034 5257 2182 5313 tibus
2210 5255 2362 5314 illud.

2099 5371 2125 5396 ι
2172 5347 2368 5406 Iudaeo
2393 5348 2660 5420 primum,
2710 5354 2767 5403 et
2803 5346 3020 5403 Graeco.
3071 5365 3098 5393 ιο
3139 5345 3382 5401 Primum
3430 5341 3522 5397 hic
3559 5348 3642 5398 est

2024 5435 2237 5494 ordinis
2259 5436 2459 5508 honos,
2487 5452 2605 5494 non
2656 5434 2852 5509 gratiae
2875 5430 3260 5490 exuberantia.
3309 5432 3442 5488 Non
3484 5429 3637 5488 enim

1699 5670 1892 5731 Variae
1936 5670 2238 5733 lectiones.

375 5808 417 5843 ³¹
446 5808 656 5866 ἐνταῦθα
687 5824 745 5868 0.
825 5806 876 5842 ⁸³
901 5803 1093 5868 ἀδοξίας
1115 5821 1167 5863 ο.
1244 5804 1289 5840 ⁸³
1317 5803 1349 5872 ἣ
1373 5805 1591 5876 σωτηρία
1614 5821 1691 5861 m.
