4150 6446
507 463 602 517 351

1513 463 2031 521 THEOPHYLACTI
2068 464 2427 521 BULGARME
2463 464 2774 521 ARCHIEP.

3709 449 3812 504 352

503 588 627 660 plus
654 587 821 645 habet
845 587 1071 646 Iudaeus
1127 591 1249 659 (aut
1293 587 1670 660 praeferendus
1699 593 1803 658 est)
1846 604 1912 646 eo
1953 588 2100 662 quod

2230 592 2298 651 Οὖ
2341 587 2444 668 γὰρ
2473 589 2633 650 πλέον
2661 591 2772 670 ἔχει
2800 594 2828 650 ὁ
2859 590 3138 661 Ἰουδαῖος,
3187 590 3238 647 ἐν
3267 590 3343 668 τῷ
3377 587 3591 665 μείζονα
3629 583 3813 645 λαϐεῖν

505 679 781 752 majorem
802 679 1084 752 justitiam
1112 678 1385 751 acceperit
1429 697 1443 735 :
1472 695 1664 736 verum
1699 679 1851 753 quod
1892 681 2100 751 primus

505 785 632 826 eam
662 771 950 843 acceperit,
1000 769 1302 826 honoratus
1330 778 1412 826 est
1443 790 1456 827 :
1508 769 1678 827 solius
1721 770 1922 828 idcirco
1949 770 2098 826 verbi

507 867 593 916 est
618 859 813 916 honor.

579 953 761 1007 Vens.
803 956 888 1006 17.
935 972 962 998 α
992 948 1211 1006 Justitia
1249 947 1400 1006 enim
1442 949 1537 1006 Dei
1565 950 1626 1006 in
1669 949 1789 1023 ipso
1831 951 2102 1007 revelatur

507 1055 572 1095 ex
599 1039 709 1095 ﬁde
747 1041 804 1095 in
832 1038 1020 1108 ﬁdem,
1059 1040 1201 1096 sicut
1226 1040 1490 1112 scriptum
1521 1048 1603 1096 est
1648 1058 1661 1096 :
1693 1042 1884 1096 Justus
1913 1050 2103 1097 autem

510 1145 575 1185 ex
603 1128 709 1185 ﬁde
737 1129 927 1184 vivetq
949 1171 962 1184 .
995 1152 1020 1178 ιι
1053 1131 1192 1187 Cum
1219 1128 1416 1186 dixerit
1442 1129 1591 1203 quod
1605 1129 1674 1186 ad
1700 1130 1932 1187 salutem
1960 1138 2105 1187 esset

515 1218 899 1292 Evangelium,
957 1218 1200 1290 exponit,
1255 1220 1349 1292 qui
1381 1219 1486 1276 hoc
1548 1219 1629 1276 ﬁt:
1687 1235 1885 1292 nempe
1952 1218 2106 1292 quod

507 1317 690 1365 servet
717 1325 817 1365 nos
850 1333 874 1358 ιι
893 1308 1102 1381 justitia
1133 1309 1260 1377 Dei,
1296 1332 1322 1358 ιο
1346 1325 1456 1365 non
1482 1325 1613 1366 sane
1640 1317 1848 1365 nostra.
1874 1310 2107 1379 Qualem

511 1398 661 1454 enim
676 1398 947 1471 justitiam
967 1415 1072 1455 nos
1097 1398 1430 1455 haberemus
1459 1398 1722 1455 exsecrati
1769 1399 2027 1472 operibus
2055 1406 2109 1454 et

510 1488 796 1560 corrupti?
818 1495 893 1544 At
921 1504 1047 1544 vero
1066 1492 1214 1545 Deus
1237 1488 1560 1562 justiﬁcavit
1593 1505 1717 1557 nos,
1743 1505 1858 1545 non
1886 1505 1951 1544 ex
1981 1504 2108 1560 ope-

508 1579 682 1645 ribus,
705 1578 803 1635 sed
829 1594 893 1634 ex
916 1578 1045 1646 ﬁde,
1095 1594 1218 1650 quae
1247 1578 1315 1635 ad
1341 1578 1507 1635 ﬁdem
1549 1579 1865 1636 uberiorem
1894 1586 1950 1635 et
1992 1595 2108 1634 ma-

503 1668 686 1740 jorem
717 1666 1012 1739 procedere
1035 1667 1216 1725 debet.
1247 1671 1360 1724 Nec
1405 1669 1552 1724 enim
1593 1669 1723 1725 satis
1750 1677 1835 1725 est
1868 1668 2106 1741 primum

510 1757 825 1826 credidisse,
894 1758 992 1814 sed
1070 1774 1139 1814 ex
1212 1758 1607 1816 introductoria
1683 1759 1794 1815 ﬁde
1893 1767 2112 1831 oportet

512 1864 616 1903 nos
641 1847 936 1905 ascendere
967 1847 1035 1904 ad
1063 1848 1820 1918 consummatiorem‘ﬁdem,
1857 1849 2114 1905 immobi-

516 1939 625 1993 lem
664 1953 864 2010 nempe
888 1946 942 1994 et
987 1938 1211 1995 ﬁrmam
1254 1939 1468 2006 sedem,
1507 1955 1602 1996 seu
1631 1939 2064 1995 stabilimentum
2099 1956 2112 1993 :
2145 1915 2192 1978 Β

514 2027 658 2082 sicut
715 2037 773 2084 et
799 2028 1029 2100 apostoli
1056 2027 1313 2084 dixerunt
1348 2029 1416 2085 ad
1443 2030 1747 2085 Dominum
1780 2047 1792 2084 :
1830 2051 1855 2077 ιι
1889 2028 2116 2101 Adauge

517 2117 678 2173 nobis
707 2116 878 2172 ﬁdem
913 2126 956 2182 τ,
983 2141 1008 2166 ι
1049 2118 1358 2173 Conﬁrmat
1377 2127 1565 2175 autem
1601 2118 1752 2191 quod
1778 2119 1872 2181 ait,
1893 2134 2112 2190 nempe,

514 2205 663 2278 quod
710 2222 776 2262 ex
810 2206 915 2262 ﬁde
950 2207 1230 2279 justiﬁcati
1274 2223 1560 2275 sumus,ex
1607 2207 1895 2280 prophetia
1924 2207 2114 2263 Haba-

513 2311 613 2351 cuc
645 2313 659 2352 :
702 2318 728 2345 α
761 2297 952 2352 Justus
993 2296 1160 2365 enim,
1191 2297 1394 2368 inquit,
1438 2314 1504 2354 ex
1537 2297 1641 2354 ﬁde
1692 2299 1858 2354 vivet.
1895 2321 1920 2348 υ
1973 2298 2111 2352 Cum

514 2384 662 2440 enim
692 2401 755 2441 ea
785 2401 910 2458 quae
925 2386 1083 2442 nobis
1121 2403 1214 2458 per
1241 2388 1480 2456 gratiam
1515 2403 1672 2443 suam
1712 2392 1861 2444 Deus
1904 2387 2114 2458 imper-

513 2476 620 2539 tiit,
663 2475 936 2531 humanas
976 2477 1338 2548 cogitationes
1387 2477 1678 2546 excedant,
1724 2477 1924 2534 merito
1952 2476 2117 2533 nobis

521 2565 629 2621 ﬁde
651 2581 791 2637 opus
820 2574 923 2622 est.
963 2569 1111 2623 Nam
1138 2567 1183 2623 si
1210 2569 1547 2638 coeperimus
1575 2567 1774 2623 curiosi
1802 2567 2115 2624 divinarum

524 2674 710 2716 rerum
736 2668 1074 2717 scrutatores
1096 2676 1235 2728 esse,
1264 2661 1582 2718 universum
1646 2661 2006 2734 perdidimus.

590 2842 772 2896 Vsus.
803 2846 890 2898 18.
926 2861 949 2889 α
975 2839 1272 2896 Revelatur
1298 2842 1442 2896 enim
1468 2841 1546 2897 ira
1569 2840 1668 2897 Dei
1693 2841 1761 2897 de
1779 2841 1921 2898 coelo
1951 2857 2120 2913 super

523 2945 746 2984 omnem
772 2929 1112 3001 impietatem
1137 2939 1194 2986 et
1241 2930 1596 3002 injustititam
1628 2930 1944 2998 hominum,
1975 2930 2119 2986 veri-

520 3028 694 3074 tatem
715 3018 776 3074 in
819 3018 1075 3090 injustitia
1105 3018 1488 3075 detinentium.
1531 3041 1558 3069 α
1597 3020 1739 3076 Cum
1781 3035 1813 3075 a
1861 3035 2121 3075 commo-

523 3108 772 3165 dioribus
819 3124 978 3165 orsus
1017 3117 1180 3176 esset,
1211 3109 1542 3182 dixissetque
1577 3109 1855 3182 justitiam
1892 3111 1992 3165 Dei
2027 3125 2123 3181 per

528 3199 887 3271 Evangelium
931 3198 1184 3268 revelari,
1227 3215 1378 3256 nunc
1427 3215 1488 3256 ea
1522 3198 1734 3271 profert
1770 3214 1894 3271 qua:
1920 3207 2123 3255 terrere

525 3297 728 3360 queant
762 3307 776 3344 :
809 3289 966 3345 novit
993 3289 1141 3344 enim
1182 3289 1333 3360 quod
1361 3290 1549 3361 plures
1584 3297 1738 3346 metu
1769 3289 1837 3345 ad
1863 3289 2120 3344 virtutem

523 3379 837 3434 trahuntur.
872 3381 1036 3434 Hunc
1066 3378 1119 3433 in
1142 3379 1372 3435 modum
1413 3382 1560 3435 Deus
1581 3380 1738 3451 regni
1780 3379 2120 3434 mentionem

526 3466 757 3535 faciens,
783 3468 945 3524 simul
988 3467 1255 3540 gehennae
1297 3469 1555 3524 meminit
1598 3489 1611 3523 :
1661 3469 1951 3540 Propheta
1992 3469 2122 3524 item

532 3558 771 3629 primum
817 3558 956 3614 bona
990 3567 1342 3630 praeponunt,
1389 3558 1592 3614 deinde
1617 3558 1759 3614 mala
1798 3559 2118 3631 subjiciunt.

529 3650 673 3703 Nam
713 3647 800 3703 illa
830 3646 1056 3719 quidem
1078 3657 1208 3704 sunt
1234 3648 1593 3716 praecedentis
1621 3656 1676 3704 et
1715 3649 2005 3719 prmt'ipuae
2032 3663 2126 3703 vo-

529 3737 756 3794 luntatis
784 3738 906 3807 Dei,
932 3737 1052 3795 haec
1084 3747 1273 3794 autem
1307 3749 1514 3794 nostra:
1546 3738 1800 3810 ignavia-3.
1821 3739 2124 3794 Considera

527 3837 717 3883 autem
761 3827 852 3884 hic
873 3828 1134 3884 orationis
1171 3829 1623 3884 consecutionem
1669 3847 1684 3886 :
1718 3827 1900 3896 Venit,
1921 3829 2124 3901 inquit,

531 3918 811 3974 Dominus
826 3919 1100 3996 justitiam
1122 3918 1220 3974 tibi
1253 3917 1514 3984 efferens,
1541 3933 1812 3990 noxasque
1843 3918 2126 3974 dimissio-

529 4024 661 4063 nem
697 4029 709 4063 :
741 4023 866 4080 quae
888 4009 936 4064 si
962 4023 1076 4064 non
1110 4008 1422 4076 admiseris,
1447 4017 1567 4063 tum
1603 4009 1873 4066 revelatur
1909 4008 1992 4063 ira
2023 4009 2127 4063 Dei

526 4096 596 4152 de
627 4099 788 4162 coelo,
817 4113 940 4168 quae
965 4097 1221 4152 videlicet
1248 4097 1300 4152 in
1358 4098 1603 4153 secundo
1634 4106 1994 4167 exprometur
2025 4097 2129 4153 ad-

530 4195 716 4242 ventu.
741 4191 824 4242 Ac
859 4186 1021 4242 hodie
1064 4186 1288 4258 quidem
1339 4188 1662 4258 experimur
1685 4187 1823 4241 iram
1854 4187 1991 4258 ejus,
2021 4189 2122 4256 ιι

531 4291 721 4332 verum
765 4275 835 4331 ad
876 4277 1274 4332 correctionem
1307 4295 1322 4331 ε
1355 4284 1476 4331 tum
1523 4292 1653 4333 vero
1681 4275 1751 4332 ad
1799 4277 2127 4348 supplicium

531 4365 882 4421 tantumodo.
917 4368 983 4420 Et
1019 4382 1169 4422 nunc.
1213 4366 1439 4437 quidem
1492 4366 1562 4422 ab
1609 4366 1929 4422 hominibus
1980 4366 2126 4421 vide-

532 4472 661 4512 mur
700 4455 758 4510 in
784 4455 972 4511 multis
1001 4455 1126 4513 laedi
1155 4465 1209 4511 et
1238 4454 1406 4528 afﬂigi
1453 4473 1466 4508 :
1512 4464 1648 4511 tunc
1679 4472 1806 4512 vero
1839 4454 2129 4511 manifesta

2219 679 2588 753 δικαιοσύνην,
2625 682 2828 762 ἀλλξέν
2868 683 2945 762 τῷ
2973 683 3184 760 πρῶτον
3223 677 3388 750 αὐτὴν
3419 675 3602 736 λαϐεῖν
3624 723 3638 750 ,
3662 673 3814 746 τετί-

2218 793 2404 847 μηταιο
2435 770 2673 850 ῥήματος
2703 760 2790 830 οῦν
2820 772 2932 829 ἐστι
2961 768 3091 847 τιμὴ
3117 771 3296 847 μόνον.

2300 975 2324 1000 σι
2365 950 2686 1023 Δικαιοσύνη
2741 949 2844 1031 γὰρ
2884 951 3027 1010 Θεοῦ
3071 951 3124 1008 ἐν
3177 951 3318 1028 αὐτῷ
3375 944 3816 1005 ἀποκαλύπτεται

2218 1040 2279 1098 ἐκ
2309 1038 2538 1106 πίστεως
2571 1042 2644 1106 εἷς
2680 1039 2891 1112 πίστιν,
2937 1039 3110 1106 καθὼς
3155 1037 3486 1117 γέγραπταιο
3530 1033 3598 1095 Ὁ
3644 1034 3698 1092 δὲ
3730 1033 3817 1093 δί-

2219 1151 2368 1197 καιος
2415 1130 2476 1187 ἐκ
2521 1128 2747 1196 πίστεως
2793 1127 3029 1199 ζήσεται.
3067 1152 3098 1185 ν
3138 1124 3350 1200 Εἰπὼν,
3397 1125 3477 1186 ὅτι
3519 1127 3589 1192 εἷς
3625 1146 3814 1194 σωτη-

2220 1217 2337 1292 ρίαν
2385 1217 2499 1276 ἐστὶ
2527 1217 2587 1276 τὸ
2616 1218 2943 1296 Εὗαγγέλιον
2964 1263 2980 1290 ,
3030 1216 3172 1296 λέγει
3211 1215 3304 1275 καὶ
3336 1219 3450 1282 πῶς
3478 1216 3590 1272 ἐστι
3633 1218 3810 1274 τοῦτο.

2217 1302 2348 1367 εὈτι
2400 1311 2433 1378 ἡ
2467 1308 2772 1381 δικαιοσύνη
2811 1312 2905 1366 τοῦ
2963 1311 3105 1368 Θεοῦ
3152 1305 3309 1376 σώζει
3368 1311 3544 1382 ἡμᾶς’
3601 1306 3660 1362 οὖ
3708 1302 3813 1380 γὰρ

2219 1395 2475 1476 ἡμετέρα.
2565 1397 2737 1458 Ποίαν
2781 1396 2883 1478 γὰρ
2928 1395 3141 1476 εἴχομεν
3187 1397 3239 1438 34
3283 1393 3615 1464 δικαιοσύνην
3664 1397 3818 1466 ἡμεῖς

2221 1485 2594 1564 ἔϐδελυγμένοι
2637 1488 2742 1555 τοῖς
2790 1485 2958 1566 ἔργοις
3004 1488 3094 1545 καὶ
3145 1483 3553 1566 διεφθαρμένου
3602 1483 3743 1541 Ἀλλ’
3789 1484 3817 1538 ὁ

2220 1575 2356 1644 Θεὸς
2399 1575 2707 1635 ἐδικαίωσεν
2749 1581 2920 1653 ἡμᾶς,
2969 1578 3064 1635 οὐκ
3114 1575 3170 1644 ἐξ
3215 1577 3409 1656 ἔργων,
3459 1575 3577 1633 ἀλλ’
3626 1574 3686 1630 ἐκ
3716 1570 3815 1629 πί-

2222 1689 2409 1737 στεως,
2464 1665 2582 1738 ἥτις
2628 1669 2700 1733 εἷς
2729 1665 2907 1725 πίστιν
2960 1665 3130 1724 πλείω
3160 1665 3250 1724 καὶ
3301 1665 3463 1744 μείζω
3495 1661 3814 1742 προκόπτειν

2221 1756 2438 1834 ὀφείλει.
2491 1757 2572 1818 Οὖ
2617 1754 2720 1837 γὰρ
2761 1758 2912 1836 ἀρκεῖ
2959 1755 3019 1815 τὸ
3069 1755 3293 1836 πρώτως
3339 1761 3656 1824 πιστεῦσαι,
3695 1752 3813 1808 ἀλλ’

2225 1849 2283 1904 ἐκ
2327 1849 2423 1917 τῆς
2491 1849 2843 1925 εἰσαγωγικῆς
2889 1846 3117 1912 πίστεως
3179 1846 3256 1903 δεῖ
3311 1849 3458 1921 ἡμᾶς
3507 1840 3815 1901 ἀναϐαίνειν

2223 1935 2294 2002 εἷς
2372 1934 2468 2008 τὴν
2547 1935 2868 2015 τελεωτέραν
2950 1935 3166 2010 πίστιν,
3265 1933 3360 2006 τὴν
3432 1934 3817 2012 ἀμετάσειστον

2223 2024 2428 2097 δηλαδὴ
2473 2025 2592 2106 μκαὶ
2661 2024 2883 2106 βεϐαίαν
2937 2025 3175 2105 ἵδρυσιν,
3231 2025 3363 2084 καθὸ
3419 2023 3511 2083 καὶ
3568 2025 3616 2081 οἱ
3682 2019 3813 2078 ἀπό-

2223 2117 2401 2174 στολοι
2455 2103 2600 2174 εἶπον
2649 2115 2779 2194 πρὸς
2825 2115 2913 2173 τὸν
2970 2115 3180 2194 Κύριονο
3247 2138 3275 2173 (ι
3323 2114 3556 2193 Πρόσθες
3587 2112 3638 2148 ³⁵
3688 2115 3818 2185 ἡμῖν

2223 2202 2426 2265 πίστιν.
2464 2225 2492 2262 ιι
2542 2205 2762 2264 Βεϐαιοῖ
2805 2203 2860 2263 δὲ
2899 2204 3135 2281 ὃλέγει,
3169 2204 3308 2282 φημὶ
3362 2204 3456 2277 δὲ,
3509 2201 3592 2260 ὅτι
3633 2203 3692 2258 ἐκ
3719 2198 3816 2256 πί-

2225 2316 2390 2360 στεως
2424 2293 2808 2372 ἐδικαιώθημεν
2829 2341 2845 2367 ,
2890 2293 2997 2352 ἀπὸ
3043 2299 3140 2366 τῆς
3177 2300 3268 2353 τοῦ
3312 2291 3625 2368 Ἀϐϐακούμ
3649 2313 3661 2326 ο
3698 2309 3727 2345 (ι
3755 2287 3821 2347 Ὁ

2225 2382 2424 2450 δίκαιος
2452 2383 2573 2464 γὰρ,
2603 2383 2789 2464 φησὶν,
2811 2385 2870 2442 ἐκ
2895 2383 3122 2450 πίστεως
3145 2383 3384 2453 ζήσεται.
3407 2403 3437 2439 ι)
3469 2379 3693 2448 Ἐπειδὴ
3717 2376 3822 2456 γὰρ

2225 2473 2362 2554 ἅπερ
2392 2477 2522 2545 ἡμῖν
2549 2479 2575 2534 ὁ
2609 2474 2744 2540 Θεὸς
2773 2473 3063 2554 ἐχαρίσατο
3084 2519 3101 2545 ,
3135 2473 3442 2553 ὑπερϐαίνει
3472 2470 3589 2537 τοὺς
3620 2471 3829 2551 ἀνθρω-

2224 2563 2406 2630 πίνους
2434 2561 2752 2641 λογισμοὺς,
2799 2562 3015 2630 εἰκότως
3051 2570 3146 2636 τῆς
3193 2562 3420 2627 πίστεως
3463 2562 3544 2618 δεῖ
3572 2565 3720 2635 ἡμῖν·
3752 2566 3822 2628 ὡς

2226 2653 2316 2713 ἐάν
2371 2678 2432 2732 γε
2473 2652 2753 2734 ἀρξώμεθα
2806 2654 3271 2734 περιεργάζεσθαι,
3323 2651 3382 2711 τὸ
3437 2661 3544 2710 πᾶν
3577 2651 3819 2731 ἀπωλέ-

2225 2765 2416 2821 σαμεν.

2314 2855 2341 2889 ιι
2381 2831 2836 2892 Ἀποκαλύπτεται
2871 2834 2974 2913 γὰρ
3030 2834 3160 2915 ὀργὴ
3213 2837 3355 2896 Θεοῦ
3400 2833 3454 2870 ³⁶
3508 2830 3596 2890 ἐπὶ
3644 2840 3827 2890 πᾶσαν

2229 2921 2477 2982 ἀσέϐειαν
2535 2923 2625 2981 καὶ
2675 2923 2880 2982 ἀδικίαν
2937 2923 3226 3003 ἀνθρώπων
3283 2929 3386 2982 τῶν
3429 2923 3527 2992 τὴν
3572 2923 3828 2992 ἀλήθειαν

2227 3016 2281 3070 ἐν
2312 3013 2489 3092 ἀδικίᾳ
2521 3013 2873 3093 κατεχόντων.
2907 3041 2932 3065 υ
2965 3013 3093 3073 Ἀπὸ
3122 3018 3226 3074 τῶν
3254 3010 3626 3094 χρῃστοτέρων
3654 3011 3705 3049 ³⁷
3732 3016 3831 3090 ἆρ-

2232 3101 2447 3179 ξοίμενος
2473 3148 2488 3174 ,
2529 3104 2618 3160 καὶ
2645 3101 2807 3163 εἰπὼν
2826 3151 2841 3182 ,
2866 3101 2946 3162 ὅτι
2973 3104 3276 3177 δικαιοσύνη
3305 3107 3446 3166 Θεοῦ
3470 3105 3520 3161 ἐν
3547 3105 3622 3182 τῷ
3652 3103 3832 3179 Εὐαγ-

2153 3236 2196 3300 C
2229 3192 2391 3272 γελίῳ
2444 3189 2914 3300 ἀποκταλύπτεται,
2973 3199 3062 3252 νῦν
3117 3193 3261 3269 λέγει
3320 3191 3411 3251 καὶ
3460 3191 3529 3250 τὰ
3596 3189 3832 3272 φοϐῆσαι

2238 3283 2259 3300 ᾗ
2344 3281 2359 3300 I
2610 3283 2632 3300 ᾗ
2726 3282 2739 3300 ι
2835 3283 2860 3300 η
2970 3287 2986 3300 ο
3063 3285 3082 3300 κ
3131 3283 3144 3300 Ι
3298 3287 3330 3300 συ
3439 3281 3486 3300 1ο
3649 3280 3662 3296 \
3772 3278 3786 3300 \

2232 3271 2520 3358 δυνάμενα’
2552 3271 2659 3340 οἶδε
2682 3282 2806 3362 γὰρ,
2829 3283 2908 3342 ὅτι
2941 3287 2988 3343 οἱ
3022 3283 3232 3350 πλείους
3263 3287 3336 3363 τῷ
3385 3281 3533 3362 φόϐῳ
3571 3271 3702 3358 πρὸς
3731 3278 3827 3350 τὴν

2232 3370 2426 3450 ἀρετὴν
2448 3370 2714 3432 ἕλκονται.
2745 3371 2908 3432 Οὕτω
2937 3371 3030 3431 καὶ
3058 3376 3085 3432 δ
3104 3372 3240 3438 Θεὸς
3262 3371 3398 3447 μετὰ
3428 3371 3523 3440 τὴν
3558 3368 3833 3449 βασιλείαν

2235 3461 2327 3519 καὶ
2359 3460 2412 3498 ³⁸
2436 3459 2558 3540 περὶ
2589 3459 2798 3542 γεέννης
2827 3461 2990 3542 λέγει.
3031 3461 3140 3521 Καὶ
3183 3464 3231 3519 οἱ
3259 3465 3528 3541 προφῆται
3556 3459 3623 3517 τὰ
3651 3457 3828 3536 ἀγαθὰ

2237 3550 2600 3630 προτιθέασιν,
2652 3539 2765 3608 εἶτα
2818 3551 2887 3608 τὰ
2944 3553 3128 3610 κακά·
3186 3549 3267 3609 ὅτι
3328 3553 3502 3608 ἐκεῖνα
3555 3547 3680 3625 μὲν,
3735 3553 3835 3620 τῆς

2232 3641 2636 3719 προηγουμένης
2686 3646 2775 3699 τοῦ
2825 3645 2968 3703 Θεοῦ
3012 3640 3269 3720 γνώμης,
3322 3645 3489 3698 ταῦτα
3540 3639 3593 3697 δὲ
3628 3637 3705 3714 ³9,
3738 3643 3836 3708 τ’ἧς

2235 3729 2502 3810 ἡμετέρας
2547 3729 2831 3809 ῥᾳθυμίας.
2920 3732 3126 3791 Σκόπει
3165 3732 3219 3788 δὲ
3259 3728 3356 3801 τὴν
3393 3728 3712 3788 ἀκολουθίαν
3738 3733 3836 3785 τοῦ

2235 3809 2419 3897 λόγου(
2468 3809 2680 3891 τΗλθε,
2735 3819 2933 3899 φησὶν,
2998 3829 3026 3878 ὸ
3085 3819 3299 3898 Κύριος,
3360 3815 3697 3890 δικαιοσύνην
3752 3841 3840 3876 σοι

2238 3909 2412 3990 φέρων
2450 3910 2542 3968 καὶ
2576 3909 2789 3989 ἄφεσιν·
2822 3909 2913 3968 ἐὰν
2955 3909 3030 3984 μὴ
3083 3909 3204 3989 δέξῃ
3228 3960 3248 3983 ,
3287 3910 3405 3968 τότε
3458 3905 3834 3966 ἀποκαλύπτε-

2239 4023 2328 4058 ται
2359 4003 2392 4069 ἡ
2418 3997 2549 4078 ὀργὴ
2583 4003 2676 4058 τοῦ
2709 4000 2851 4058 Θεοῦ
2882 3999 2988 4057 ἀπὸ
3018 4005 3276 4080 οὐρανοῦ,
3308 4004 3342 4071 ἡ
3372 3997 3511 4058 κατὰ
3540 3996 3634 4061 τῆν
3665 3997 3844 4055 δευτέ-

2245 4112 2340 4164 ραν
2376 4089 2580 4160 δηλαδὴ
2616 4088 2932 4168 παρουσίαν.
2966 4089 3078 4150 Καὶ
3105 4095 3196 4147 νῦν
3229 4089 3325 4168 μὲν
3357 4089 3459 4167 γὰρ
3491 4085 3840 4162 ἀπολάϐομεν

2355 4213 2434 4222 -
2457 4177 2656 4254 λαύομ.
2682 4177 2704 4259 J
2733 4182 2826 4250 τῆς
2851 4181 3008 4259 ὀργῆς
3038 4181 3200 4237 αὐτοῦ
3221 4224 3237 4252 ,
3281 4179 3421 4238 ἀλλὰ
3453 4177 3580 4256 πρὸς
3611 4176 3842 4254 διόρθω-

2238 4289 2340 4327 σινσ
2378 4268 2497 4328 τότε
2530 4267 2621 4339 δὲ,
2655 4270 2783 4348 πρὸς
2829 4269 3049 4328 κόλασιν
3104 4269 3279 4343 μόνον.
3323 4269 3429 4328 Καὶ
3478 4273 3566 4325 νῦν
3605 4267 3700 4342 μὲν
3735 4265 3841 4323 ὕπὸ

2240 4357 2530 4438 ἀνθρώπων
2561 4358 2812 4434 δοκοῦμεν
2843 4359 3226 4438 ἐπηρεάζεσθαι
3278 4357 3346 4417 τὰ
3376 4359 3567 4417 πολλά-
3599 4357 3716 4414 τότε
3745 4356 3804 4413 δὲ
3825 4401 3840 4425 ,

2239 4447 2440 4528 φανερὰ
2467 4450 2501 4518 ἠ
2530 4447 2677 4526 παρὰ
2723 4453 2816 4505 τοῦ
2846 4451 2988 4509 Θεοῦ
3039 4451 3258 4514 κόλασις
3301 4477 3325 4500 ιι
3377 4446 3465 4506 ἐπὶ
3492 4456 3673 4504 πᾶσαν
3709 4443 3843 4504 ἀσέ-

531 4545 634 4601 erit
659 4560 822 4616 paena
849 4545 1032 4601 divina
1064 4568 1091 4594 «ι
1120 4561 1287 4616 super
1315 4527 1536 4601 omnem
1580 4544 1946 4616 impietatem.
1972 4567 1996 4593 υ
2029 4547 2121 4601 Ve-

2243 4538 2412 4596 ϐειαν.
2448 4561 2478 4592 δ)
2513 4536 2580 4596 Ἣ
2615 4535 2712 4613 μὲν
2734 4537 2786 4578 ⁴⁰
2813 4537 3014 4611 ἀληθὴς
3055 4538 3310 4617 λατρεία,
3358 4537 3449 4596 καὶ
3483 4543 3517 4608 ἡ
3562 4534 3841 4608 εὐσέϐεια,

535 4649 631 4690 rus
667 4650 797 4691 sane
825 4635 1006 4691 cultus
1052 4642 1107 4691 et
1159 4635 1331 4705 pietas
1366 4650 1479 4690 una
1512 4643 1627 4691 est:
1670 4634 1928 4706 impietas
1977 4649 2130 4702 vero,

537 4722 837 4779 multiﬁda:
860 4739 984 4779 eam
1004 4723 1074 4780 ob
1088 4739 1207 4780 rem
1220 4724 1391 4792 dixit,
1411 4743 1441 4777 ι(
1459 4727 1698 4781 Omnem
1723 4722 2084 4794 impietatem,
2106 4746 2131 4771 ι

535 4828 640 4867 ceu
685 4813 875 4869 multas
915 4814 1028 4868 sint
1081 4814 1199 4886 ejus
1236 4813 1384 4870 viae:
1424 4837 1450 4863 σι
1482 4823 1538 4870 et
1589 4813 1917 4886 injustitiam
1944 4813 2134 4868 homi-

535 4902 931 4958 num.nAliud
977 4911 1063 4958 est
1088 4904 1362 4974 impietas,
1423 4913 1480 4960 et
1504 4904 1650 4961 aliud
1706 4903 1996 4976 injustitia.
2037 4903 2134 4958 illa

533 4991 680 5047 enim
723 4992 782 5047 in
836 4996 1040 5060 Deum,
1081 4992 1349 5066 injustitia
1378 5010 1508 5049 vero
1533 4994 1591 5050 in
1621 4993 1898 5050 homines.
1940 4998 2023 5049 Ac
2047 4993 2134 5047 illa

533 5081 755 5153 quidem
800 5082 1005 5138 mentis
1035 5083 1090 5138 in
1131 5083 1499 5155 speculatione
1548 5083 1816 5140 versantis
1857 5090 2136 5155 peccatum

538 5181 642 5241 est,
677 5172 799 5230 haec
842 5189 972 5229 vero
1011 5173 1067 5229 id
1113 5189 1279 5246 opere
1331 5173 1711 5230 consistentis.
1763 5174 1941 5245 Hujus
1972 5189 2138 5243 porro

541 5271 674 5319 sunt
731 5263 922 5321 multa:
973 5262 1207 5320 semitas.
1259 5266 1404 5319 Nam
1459 5263 1690 5336 injurius
1728 5271 1813 5320 est
1866 5263 2139 5335 quispiam

540 5353 812 5424 proximo,
850 5369 980 5410 cum
1022 5353 1078 5408 in
1112 5354 1340 5425 pecunia
1399 5361 1456 5409 et
1497 5352 1867 5423 facultatibus,
1910 5361 2031 5408 tum
2085 5353 2139 5407 in

545 5457 718 5498 uxore
765 5453 824 5499 et
853 5443 1040 5516 gloria.
1073 5443 1310 5515 Quidam
1338 5459 1466 5500 vero
1499 5451 1772 5513 asserunt,
1801 5444 1973 5500 etiam
2002 5444 2142 5516 iniu-

639 5525 891 5580 qHabac.
919 5540 994 5594 ιι,
1025 5532 1080 5581 4.
1159 5529 1182 5558 τ
1211 5526 1347 5581 Luc.
1383 5540 1548 5594 xvu,
1579 5531 1632 5581 5.

2245 4628 2380 4706 μία·
2419 4631 2454 4699 ἡ
2506 4627 2560 4686 δὲ
2609 4625 2863 4701 ἀσέϐεια,
2914 4629 3260 4707 πολυσχιδήςο
3325 4627 3412 4686 διὰ
3475 4632 3628 4685 τοῦτο
3684 4617 3844 4699 εἷπε,

2251 4739 2282 4773 (ι
2310 4719 2502 4777 Πᾶσαν
2536 4715 2820 4788 ἀσέϐειαν,
2857 4743 2886 4774 ι)
2929 4721 3000 4783 ὥς
3030 4719 3243 4777 πολλῶν
3285 4720 3454 4775 οὐσῶν
3488 4716 3643 4775 ὁδῶν.
3677 4742 3701 4768 α
3734 4716 3847 4774 Καὶ

2243 4808 2451 4864 ἀδικίαν
2483 4804 2794 4885 ἀνθρώπων.
2848 4829 2876 4865 ι)
2915 4804 3076 4866 ⁷Άλλο
3108 4807 3357 4878 ἀσέϐεια,
3407 4805 3500 4864 καὶ
3546 4805 3678 4864 ἄλλο
3711 4805 3850 4862 ἀδι-

2242 4895 2350 4953 κία·
2384 4902 2418 4967 ἡ
2462 4895 2557 4972 μὲν
2591 4895 2723 4975 γὰρ,
2767 4897 2838 4963 εἷς
2870 4897 3026 4957 Θεόψ
3077 4902 3110 4969 ἡ
3164 4895 3218 4954 δὲ
3252 4895 3468 4970 ἀδικία,
3512 4897 3584 4962 εἷς
3631 4895 3849 4974 ἀνθρώ-

2243 5008 2402 5052 πους*
2457 4984 2548 5043 καὶ
2605 4989 2638 5056 ἡ
2696 4985 2824 5061 μὲν,
2877 4993 2968 5045 τοῦ
3026 4991 3347 5064 θεωρητικοῦ
3405 4985 3746 5064 ἁμάρτημα·
3811 4991 3848 5057 ἡ

2244 5075 2335 5147 δὲ,
2367 5080 2457 5133 τοῦ
2509 5080 2823 5154 πρακτικοῦ.
2877 5074 3084 5134 Πολλαὶ
3123 5075 3178 5133 δὲ
3227 5074 3320 5133 καὶ
3361 5077 3414 5132 αἱ
3458 5072 3656 5144 ταύτης
3701 5073 3850 5132 ὁδοί’

2246 5164 2414 5221 ἀδικεῖ
2439 5163 2542 5242 γάρ
2593 5187 2670 5232 τις
2729 5163 2819 5223 τὸν
2875 5164 3100 5237 πλησίον
3152 5163 3244 5222 καὶ
3303 5167 3354 5222 ἐν
3412 5161 3691 5242 χρήμασι,
3747 5163 3852 5221 καὶ

2245 5255 2299 5311 ἐν
2333 5252 2588 5333 γυναικὶ,
2632 5251 2723 5311 καὶ
2767 5255 2818 5312 ἐν
2870 5255 3017 5334 δόξῃ.
3106 5253 3262 5320 Τινὲς
3317 5252 3374 5311 δέ
3421 5276 3581 5333 φασιν
3617 5250 3698 5310 ὅτι
3749 5252 3853 5310 καὶ

2246 5344 2343 5416 τὴν
2385 5342 2592 5401 ἀδικίαν
2651 5343 2774 5422 περὶ
2832 5343 3112 5423 δογμάτων
3165 5343 3338 5415 ἔθηκε.
3447 5340 3521 5402 Τί
3574 5339 3631 5400 δέ
3689 5343 3851 5417 ἐστι,

2257 5457 2285 5493 (ι
2311 5436 2436 5495 Τῶν
2464 5431 2559 5505 τὴν
2593 5433 2841 5504 ἀλήθειαν
2869 5435 2922 5492 ἐν
2955 5433 3134 5514 ἀδικίᾳ
3159 5431 3493 5513 κατεχόντων
3514 5479 3532 5510 ,
3562 5452 3593 5490 υ
3636 5430 3803 5490 ἄκουε
3828 5453 3845 5469 ο

1932 5600 2121 5658 Varia!
2165 5599 2473 5658 lectiones.

612 5689 655 5723 ⁸⁴
683 5690 871 5762 ἔχομεν
898 5709 976 5748 m.

1055 5695 1097 5728 ⁸⁸
1123 5697 1301 5767 πρόθες
1328 5712 1406 5752 m.

541 5768 630 5838 μὲν
654 5769 750 5841 γὰρ
779 5787 854 5826 m.

1483 5695 1529 5730 ³⁸
1553 5694 1685 5749 Θεοῦ
1723 5695 1809 5750 ἀπ’
1839 5695 2048 5766 οὐρανοῦ
2085 5713 2162 5753 m.

2237 5694 2283 5728 ³³⁷
2310 5695 2424 5766 γάρ.
2503 5694 2550 5731 ³⁸
2598 5698 2684 5761 τῆς
2715 5695 2972 5765 βασιλείας
3007 5710 3062 5751 0.
3139 5692 3184 5728 ³⁹
3211 5693 3272 5746 τὰ
3301 5692 3550 5747 ἀκόλουθα
3594 5707 3669 5747 m.
3746 5689 3791 5722 ⁵ο
3823 5692 3858 5760 ἣ
