4150 6450
337 478 444 532 353

333 599 404 662 Ἦ
433 599 688 676 ἀλήθεια,
745 600 864 673 ἤτοι
892 604 926 673 ἡ
957 601 1078 681 περὶ
1121 604 1262 663 Θεοῦ
1311 601 1554 678 γνῶσις,’
1579 603 1686 666 τοῖς
1731 596 1936 687 ἀνθρώ·
1964 622 2013 687 Α

334 713 453 757 ποις
483 689 694 760 ἐνετέθη
727 689 781 760 ἐξ
824 695 1016 770 ἀρχῆς.
1046 688 1266 762 Ταύτην
1289 689 1386 762 τὴν
1432 687 1683 760 ἀλήθειαν
1717 687 1807 747 καὶ
1841 686 1938 760 τὴν

332 785 532 855 γνῶσιν
563 781 612 838 οἱ
643 778 915 851 Ἕλληνες
964 781 1017 837 ἐν
1050 781 1233 858 ἀδικία
1292 780 1584 859 κατέσχον,
1631 777 1939 848 τουτέστιν,

335 871 602 942 ’ἠδίκησαν
654 868 720 929 τὸ
765 870 890 929 ὅσον
946 871 1029 927 ἐπ’
1081 871 1288 943 αὐτοῖς,
1342 869 1579 936 εἰδώλοις
1645 866 1944 946 περιθέντες

340 961 436 1030 τὴν
468 959 619 1027 δόξαν
642 963 735 1018 τοῦ
767 960 930 1020 Θεοῦ.
1012 955 1234 1039 Ὥσπερ
1262 959 1354 1018 καὶ
1385 962 1414 1017 6
1437 958 1698 1039 χρήματα
1729 954 1936 1028 λαϐὼν,

342 1049 481 1109 ὥστε
515 1053 585 1114 εἷς
614 1047 709 1121 τὴν
742 1055 835 1108 τοῦ
883 1048 1148 1127 βασιλέως
1190 1048 1346 1117 δόξαν
1399 1050 1716 1121 ἀναλῶσαι,
1755 1045 1820 1104 ἂν
1870 1047 1943 1112 εἷς

345 1140 547 1219 λῃστὰς
583 1137 867 1219 δαπανήσῃ
893 1144 1066 1198 ταῦτα
1096 1139 1186 1197 καὶ
1215 1138 1448 1217 πόρνας,
1484 1135 1698 1218 λεχθείη
1733 1134 1795 1193 ἂν
1830 1136 1944 1219 εἰῇ-

348 1213 516 1300 κῆσαι
546 1230 637 1301 τὴν
667 1234 759 1288 τοῦ
796 1213 1060 1308 βασιλέως
1106 1213 1302 1297 δόξαν.-
1327 1228 1434 1289 Καὶ
1477 1230 1523 1286 οἱ
1546 1213 1830 1297 ’ίΈλληνες
1855 1213 1944 1282 οῦν

347 1321 405 1378 ἕν
458 1319 630 1400 ἀδικίᾳ
689 1318 987 1399 κατέσχον,
1051 1317 1328 1391 τουτέστι,
1374 1317 1792 1397 κατεκάλυψαν,
1850 1311 1943 1372 καὶ

341 1409 620 1468 ἕσκότισαν
641 1409 838 1476 ἀδίκως
870 1409 968 1480 τὴν
994 1408 1148 1477 δόξαν
1176 1413 1267 1468 τοῦ
1299 1409 1444 1468 Θεοῦ
1471 1407 1516 1446 ⁴¹
1555 1405 1649 1465 καὶ
1681 1404 1776 1477 τὴν
1808 1405 1946 1482 γνῶ-

338 1522 459 1571 σιν,
485 1500 579 1558 οὐκ
611 1501 682 1566 εἰς
718 1499 776 1558 τὸ
815 1503 1086 1578 προσῆκον
1121 1500 1255 1577 αὐτῇ
1289 1495 1656 1579 χρησάμενοι.

1297 473 1644 531 EXPOSITIO
1683 474 1749 529 ΙΝ
1788 472 2000 530 EPIST.
2053 474 2142 530 AD
2180 473 2346 531 ROM.
2389 503 2460 516 —
2497 474 2650 530 CAP.
2691 475 2732 530 ῐ.

3554 477 3660 535 354

2045 598 2254 655 stitiam
2291 599 2359 655 de
2393 599 2745 672 dogmatibus
2775 599 2867 657 hic
2906 600 3165 672 positam.
3203 601 3354 672 Quid
3397 618 3528 659 vero
3583 603 3660 659 sit

2045 711 2071 737 σι
2105 689 2414 745 Veritatem
2434 687 2490 744 in
2535 688 2810 762 injustitia
2835 689 3220 759 detinentium,
3259 713 3284 738 ι
3315 691 3447 748 audi
3490 711 3506 747 :
3545 693 3656 748 Ve-

2044 777 2196 844 ritas,
2225 777 2337 834 sive
2365 793 2490 850 qua:
2517 778 2585 835 de
2633 782 2752 836 Deo
2803 787 2885 836 est
2927 780 3192 852 cognitio,
3222 781 3558 837 mortalibus
3589 782 3659 838 ab

2049 867 2205 924 initio
2257 877 2342 924 est
2388 868 2576 924 insita.
2628 872 2788 925 Hanc
2824 870 3124 927 veritatem
3177 878 3347 943 atque
3435 871 3659 928 otitiam

2052 958 2231 1016 Graeci
2277 958 2334 1014 in
2362 957 2624 1031 injustitia
2655 958 3028 1029 detinuerunt,
3063 960 3170 1017 hoc
3216 969 3324 1030 est,
3381 970 3654 1034 quantum

2052 1048 2110 1103 in
2155 1048 2289 1119 ipsis
2335 1057 2471 1115 erat,
2525 1049 2719 1122 iniuria
2758 1048 3085 1119 affecerunt,
3138 1050 3297 1107 idolis
3340 1050 3659 1108 deferentes

2052 1137 2284 1210 gloriam
2317 1137 2434 1195 Dei.
2470 1137 2700 1195 Perinde
2727 1155 2792 1195 ac
2828 1139 2874 1196 si
2903 1140 3029 1212 quis
3059 1140 3317 1212 peCunias
3360 1141 3658 1212 accipiens,

2055 1228 2125 1284 ad
2162 1228 2303 1302 regis
2342 1229 2576 1301 gloriam
2618 1229 2994 1298 insumendas,
3031 1230 3151 1286 illas
3183 1231 3238 1286 in
3273 1232 3568 1303 praedones
3603 1241 3664 1290 et

2049 1327 2230 1374 scorta
2254 1318 2526 1391 prodigat,
2556 1327 2706 1376 recte
2733 1319 2947 1377 dicetur
2981 1320 3216 1392 injurius
3242 1336 3362 1378 esse
3391 1321 3654 1380 adversus

2047 1407 2196 1480 regis
2243 1409 2476 1481 gloriam
2517 1416 2573 1465 et
2613 1409 3098 1483 magniﬁcentiam.
3156 1411 3331 1468 Graeci
3379 1411 3563 1485 itaque
3603 1414 3664 1470 in

2049 1496 2312 1570 injustitia
2337 1496 2713 1568 detinuerunt,
2755 1499 2862 1556 hoc
2889 1507 2993 1568 est,
3023 1510 3455 1572 cooperuerunt,
3487 1510 3544 1558 et
3572 1503 3659 1559 in-

325 1597 482 1669 juste
517 1597 682 1653 veluti
715 1597 956 1653 tenebris
992 1596 1352 1654 obfuscarunt
1401 1595 1642 1669 gloriam
1679 1591 1781 1649 Dei
1822 1599 1878 1646 et
1923 1586 2335 1660 cognitionem,
2373 1604 2521 1660 cum,
2551 1605 2664 1645 non
2693 1589 2957 1646 decenter
2993 1606 3172 1662 neque
3204 1591 3510 1649 commode
3559 1593 3652 1650 illa

342 1695 662 1744 uterentur.

429 1806 453 1832 ι
487 1777 638 1838 Διότι
662 1782 721 1837 τὸ
744 1777 977 1857 γνωστὸν
1005 1784 1099 1838 τοῦ
1137 1780 1280 1839 Θεοῦ
1305 1776 1529 1860 φανερόν
1561 1777 1703 1836 ἐστιν
1735 1777 1788 1834 ἐν
1843 1772 1946 1830 αὖ-

345 1871 486 1936 τοῖς·
514 1872 543 1926 6
573 1867 676 1944 γὰρ
705 1869 842 1935 Θεὸς
891 1870 1067 1935 αὐτοῖς
1111 1868 1427 1949 ἐφανέρωσε.
1467 1867 1554 1929 Τὰ
1601 1865 1702 1948 γὰρ
1744 1863 1950 1943 ἀόρατα

352 1960 518 2018 αὐτοῦ
556 1957 661 2015 ἀπὸ
717 1959 940 2023 κτίσεως
983 1957 1188 2035 κόσμου
1244 1966 1351 2024 τοῖς
1386 1957 1650 2034 ποιήμασι
1689 1952 1950 2030 νοούμενα

348 2052 684 2127 καθορᾶται,
722 2045 758 2119 ἥ
803 2070 859 2105 τε
901 2042 1064 2115 ἀΐδιος
1115 2049 1275 2106 αὐτοῦ
1323 2048 1542 2126 δύναμις
1582 2043 1674 2105 καὶ
1717 2043 1950 2115 θειότης,

349 2141 426 2203 εἰς
479 2139 540 2196 τὸ
590 2128 722 2195 εἶναι
770 2135 960 2202 αὐτοὺς
1013 2137 1483 2214 ἀναπολογήτους*
1539 2135 1674 2197 διότι
1737 2133 1946 2214 γνόντες

352 2229 442 2307 τὸν
476 2227 616 2288 Θεὸν
639 2275 656 2304 ,
687 2228 784 2307 οὐχ
814 2230 885 2294 ὡς
927 2225 1064 2286 Θεὸν
1096 2226 1374 2302 ἐδόξασαν,
1424 2227 1459 2299 ἢ
1487 2225 1908 2306 ηὐχαρίστησαν.
1929 2251 1951 2276 υ

349 2306 518 2376 Εἶπεν
563 2317 709 2389 ἄνω,
745 2306 824 2374 ὅτι
873 2317 970 2387 τὴν
1016 2322 1108 2375 τοῦ
1155 2321 1297 2378 Θεοῦ
1349 2319 1543 2394 γνῶσιν
1595 2315 1860 2387 ἠδίκησαν
1903 2314 1952 2371 οἱ

345 2406 612 2479 "sum;
631 2451 647 2477 ,
689 2409 867 2486 κακῶς
893 2409 1028 2485 αὐτῇ
1057 2406 1410 2486 χρησάμενοι.
1442 2406 1609 2466 Πόθεν
1641 2394 1730 2462 οῦν
1768 2405 1950 2475 δῆλον,

346 2497 429 2554 ὅτι
458 2499 652 2574 γνῶσιν
679 2485 853 2575 εἶχον,
896 2499 988 2554 νῦν
1029 2517 1208 2576 φησιν’
1259 2523 1283 2547 κ
1323 2493 1457 2556 Ὅτι
1495 2494 1556 2552 τὸ
1589 2492 1824 2570 γνωστὸν
1858 2497 1949 2551 τοῦ

347 2587 493 2645 Θεοῦ
519 2584 740 2665 φανερόν
774 2587 914 2643 ἐστιν
945 2586 996 2643 ἐν
1028 2575 1220 2652 αὐτοῖς.
1254 2611 1278 2638 υ
1315 2575 1450 2646 Εἶτα
1480 2583 1572 2643 καὶ
1597 2588 1754 2642 τοῦτο
1784 2606 1949 2641 κατα-

348 2675 622 2746 σκευάζει,
649 2673 838 2752 λέγων,
862 2672 944 2732 ὅτι
969 2673 1100 2734 Ἀπὸ
1122 2678 1216 2746 τῆς
1242 2673 1486 2744 εὐταξίας
1517 2677 1620 2732 τῶν
1643 2673 1950 2747 κτισμάτων

349 2765 672 2846 κηρύττεται
700 2764 753 2799 ⁴²
797 2767 826 2821 6
863 2764 1228 2844 Δημιουργός·
1277 2768 1348 2828 ὡς
1392 2763 1484 2822 καὶ
1521 2767 1548 2822 6
1583 2756 1750 2823 Δαυῒδ
1790 2763 1949 2841 λέγει·

356 2877 387 2911 α
424 2857 496 2913 Οἱ
526 2852 738 2933 οὐρανοὶ
780 2854 1084 2931 διηγοῦνται
1137 2852 1292 2922 δόξαν
1340 2855 1504 2914 Θεοῦ.
1539 2880 1562 2905 ι
1607 2851 1685 2913 Τὸ
1717 2851 1951 2930 γνωστὸν

348 2943 405 3002 δὲ
433 2950 527 3002 τοῦ
561 2945 705 3004 Θεοῦ
729 2942 780 3000 τί
817 2944 957 3000 ἐστιν
978 2989 992 3015 ,
1028 2942 1192 3009 οὕτως
1222 2942 1284 3001 ἂν
1317 2943 1522 3020 μάθοις⁶
1553 2946 1663 3003 Τοῦ
1695 2944 1864 3020 Θεοῦ,
1893 2941 1954 3001 τὸ

349 3033 448 3109 μέν
473 3034 617 3092 ἐστιν
649 3032 917 3109 ἄγνωστον
941 3079 956 3106 ,
995 3023 1102 3091 οἷον
1141 3036 1176 3104 ἡ
1216 3032 1369 3091 οὐσία
1402 3035 1586 3092 αὐτοῦ*
1621 3031 1681 3090 τὸ
1722 3031 1777 3090 δὲ
1803 3056 1947 3111 γνω-

350 3123 512 3198 στὸν,
554 3113 663 3181 οἷον
698 3120 873 3180 πάντα
906 3122 972 3180 τὰ
1009 3121 1130 3200 περὶ
1169 3121 1264 3194 τὴν
1296 3122 1482 3182 οὐσίαν
1505 3166 1523 3194 ,
1575 3119 1880 3194 τουτέστιν,
1915 3126 1948 3194 ἡ

350 3213 616 3291 ἆγαθότης
635 3260 650 3284 ,
669 3216 704 3282 ἡ
729 3211 888 3292 σοφία
906 3256 923 3283 ,
945 3218 977 3285 ἡ
1009 3211 1261 3287 δύναμις,
1290 3216 1324 3283 ἡ
1356 3212 1562 3285 θειότης
1581 3258 1595 3284 ,
1626 3210 1745 3283 ἤτοι
1782 3235 1950 3290 μεγα-

349 3304 580 3373 λειότης⁶
612 3301 650 3360 ἃ
689 3301 781 3360 καὶ
816 3300 1020 3379 ἀόρατα
1050 3303 1218 3360 αὐτοῦ
1265 3306 1293 3360 6
1339 3304 1552 3370 Παῦλος
1579 3301 1753 3379 λέγει,
1799 3301 1951 3360 νοού-

2136 1781 2313 1836 Vsus.
2336 1783 2522 1835 19-21.
2549 1801 2574 1828 ει
2594 1779 2738 1849 Quia
2766 1779 2918 1852 quod
2945 1777 3014 1836 de
3037 1782 3155 1836 Deo
3173 1782 3429 1853 cognosci
3461 1790 3665 1854 potest,

2059 1868 2420 1926 manifestum
2444 1869 2610 1925 estin
2637 1870 2740 1926 illis
2773 1888 2786 1926 :
2825 1873 2969 1926 Deus
2999 1870 3146 1926 enim
3176 1870 3309 1943 ipsis
3334 1871 3663 1930 manifesta-

2057 1959 2154 2014 vit.
2177 1958 2478 2014 Invisibilia
2523 1958 2672 2015 enim
2702 1959 2875 2031 ipsius
2912 1975 2942 2015 a
2971 1969 3220 2017 creatura
3250 1960 3447 2016 mundi
3480 1977 3575 2032 per
3602 1977 3665 2019 ea

2059 2064 2182 2122 qua
2201 2046 2345 2104 facta
2372 2057 2521 2115 sunt,
2551 2048 2824 2106 intellecta
2849 2050 3284 2122 conspiciuntur,
3328 2051 3665 2122 sempiterna

2063 2153 2282 2212 quoque
2309 2139 2427 2211 ejus
2469 2138 2714 2210 potentia
2744 2148 2800 2195 et
2822 2139 3080 2196 divinitas
3124 2159 3136 2194 :
3184 2141 3262 2197 ita
3316 2149 3377 2197 ut
3416 2141 3535 2197 sint
3577 2141 3662 2197 in-

2063 2228 2400 2286 excusabiles
2429 2246 2443 2283 :
2476 2229 2602 2302 quia
2625 2244 2755 2286 cum
2786 2232 2970 2286 Deum
3000 2230 3403 2302 cognovissent,
3452 2247 3562 2287 non
3604 2239 3669 2288 ut

2064 2322 2247 2376 Deum
2277 2317 2739 2392 gloriﬁcaverunt,
2771 2328 2866 2375 aut
2905 2320 3106 2391 gratias
3140 2328 3391 2392 egerunt.
3427 2345 3452 2372 ι
3492 2324 3669 2395 Supra

2059 2407 2218 2477 dixit,
2278 2408 2427 2480 quod
2485 2409 2857 2481 cognitionem
2923 2409 3021 2465 Dei
3086 2409 3289 2481 injuria
3360 2409 3668 2467 affecerunt

2061 2499 2264 2566 Graeci,
2290 2515 2353 2555 ea
2383 2499 2651 2554 nimirum
2689 2500 3002 2556 abutentes.
3051 2499 3219 2556 Unde
3269 2500 3436 2569 igitur
3467 2504 3663 2573 perspi-

2060 2604 2228 2645 cuum
2258 2587 2349 2652 sit,
2377 2587 2524 2660 quod
2554 2588 2654 2644 Dei
2686 2588 2947 2645 notitiam
2978 2586 3291 2657 habuerint,
3318 2605 3467 2646 nunc
3492 2591 3669 2662 expli—

2061 2685 2148 2734 cat
2179 2699 2191 2733 :
2229 2699 2254 2725 α
2279 2677 2557 2748 Quoniam
2594 2676 2742 2750 quod
2771 2676 2839 2733 de
2871 2681 2984 2733 Deo
3012 2679 3271 2750 cognosci
3300 2687 3496 2750 potest,
3546 2695 3665 2735 ma-

2060 2766 2325 2823 nifestum
2346 2775 2430 2822 est
2459 2768 2512 2822 in
2539 2767 2666 2822 illis.
2688 2785 2715 2819 »
2737 2767 2952 2824 Deinde
2974 2767 3078 2824 hoc
3103 2768 3280 2839 ipsum
3316 2769 3665 2838 corroborat,

2060 2857 2332 2930 inquiens,
2365 2857 2626 2928 quoniam
2671 2872 2737 2912 ex
2781 2857 2926 2914 bona
2968 2867 3360 2914 creaturarum
3407 2859 3670 2916 constitu-

2059 2946 2208 3003 tione
2232 2945 2565 3018 praedicatur
2593 2944 2791 3018 Opifex
2839 2967 2851 3002 :
2883 2946 3356 3019 quemadmodum
3403 2956 3458 3004 et
3493 2948 3667 3005 David

2059 3035 2170 3092 ait:
2205 3060 2228 3084 α
2264 3035 2406 3093 Coeli
2442 3043 2702 3092 enarrant
2743 3035 2980 3108 gloriam
3009 3037 3114 3092 Dei
3146 3047 3184 3087 ⁸.
3225 3059 3250 3084 ιν
3280 3037 3430 3107 Quid
3467 3049 3665 3097 autem

2059 3127 2153 3193 sit,
2194 3125 2346 3198 quod
2367 3125 2438 3183 de
2471 3128 2582 3182 Deo
2618 3126 2879 3198 cognosci
2907 3127 3108 3198 possit,
3134 3127 3208 3182 ita
3233 3126 3448 3184 discere
3477 3143 3664 3199 queas.

2060 3217 2143 3272 De
2168 3217 2305 3279 Deo,
2344 3215 2493 3271 aliud
2522 3214 2746 3288 quidem
2780 3216 3042 3288 cognosci
3070 3232 3186 3271 non
3219 3223 3422 3287 potest,
3454 3225 3515 3273 ut
3541 3217 3662 3288 ipsa

2061 3306 2298 3361 essentia
2329 3303 2515 3362 :aliud
2547 3321 2676 3361 vero
2704 3304 2959 3377 cognosci
2986 3313 3185 3377 potest,
3217 3316 3281 3361 ut
3318 3306 3506 3363 omnia
3541 3321 3664 3377 qua:

352 3415 484 3469 μενα
516 3391 609 3466 μὲν
635 3391 685 3429 ⁵³
717 3398 825 3459 τοῖς
861 3391 1148 3468 ποιήμασι.
1203 3393 1333 3457 Τοῖς
1363 3382 1454 3448 οὖν
1478 3389 1750 3464 Ἕλλησιν
1783 3390 1951 3460 ἔδειξε

2065 3403 2195 3450 sunt
2216 3394 2359 3450 circa
2382 3394 2700 3463 essentiam,
2725 3410 2924 3466 nempe
2955 3394 3195 3462 bonitas,
3234 3395 3528 3467 sapientia,
3564 3411 3662 3467 po-

358 3483 419 3540 τὸ
455 3480 684 3558 γνωστὸν
722 3483 884 3539 αὐτοῦ
934 3489 1073 3551 πᾶν,
1130 3480 1290 3560 ἤγουν
1343 3481 1414 3539 τὰ
1465 3481 1589 3560 περὶ
1623 3480 1718 3552 τὴν
1769 3480 1952 3541 οὐσίαν

366 3570 527 3627 αὐτοῦ
576 3571 772 3644 πάντα,
833 3569 869 3627 ἃ
927 3572 1216 3650 ὀφθαλμοῖς
1274 3568 1369 3648 μὲν
1425 3573 1694 3644 αἰσθητοῖς
1751 3570 1956 3649 ἄόρατά

365 3660 471 3716 εἶσι
497 3703 515 3732 ,
547 3661 619 3737 νῷ
667 3661 717 3716 δὲ
747 3658 1100 3734 καταληπτὰ,
1140 3659 1228 3718 διὰ
1279 3664 1372 3731 τῆς
1418 3661 1471 3717 ἐν
1501 3668 1614 3727 τοίς
1660 3661 1955 3736 ποιήμασιν

366 3747 630 3815 εὐταξίας.
705 3749 851 3817 Τινὲς
901 3750 957 3808 δὲ
1024 3749 1228 3831 ἀόρατα
1292 3748 1412 3817 τοὺς
1463 3748 1714 3828 ἀγγέλους
1776 3750 1956 3831 φασίν·

362 3838 464 3896 οὐκ
493 3835 748 3918 εὐστόχως
783 3839 865 3911 υ,
899 3828 1070 3912 οἶμαι.
1098 3827 1259 3898 νΕἶπε
1297 3837 1354 3896 δέ
1393 3863 1472 3905 τις
1512 3827 1620 3898 τῶν
1671 3840 1957 3919 Πατέρων,

362 3923 530 3985 ἀίδιον
563 3928 805 4004 δύναμιν,
825 3927 914 3987 τὸν
945 3928 1092 3989 Υῐόνο
1123 3927 1369 4000 θειότητα
1401 3927 1495 4004 δὲ,
1529 3928 1588 3986 τὸ
1622 3931 1872 4006 Πνεῦμα.

2063 3485 2254 3553 tentia,
2285 3483 2559 3552 divinitas,
2593 3483 2708 3540 sive
2749 3484 3002 3556 majestas
3051 3505 3063 3541 :
3111 3500 3238 3557 qua:
3279 3493 3335 3540 et
3372 3485 3667 3541 invisibilia

2064 3573 2183 3645 ejus
2226 3573 2385 3630 divus
2434 3573 2639 3629 Paulus
2684 3573 2961 3639 nominat,
3007 3574 3286 3630 intellecta
3328 3575 3549 3647 quidem
3596 3591 3659 3632 ex

2067 3662 2344 3734 Operibus.
2393 3662 2605 3718 Graecis
2659 3663 2847 3735 itaque
2903 3663 3232 3718 monstravit
3277 3664 3544 3736 quidquid
3597 3664 3666 3720 de

2067 3768 2185 3808 sese
2213 3752 2476 3824 cognosci
2505 3759 2710 3823 posset,
2751 3752 2866 3806 sive
2895 3751 3086 3807 omnia
3127 3751 3196 3807 ad
3226 3753 3518 3807 essentiam
3546 3753 3668 3825 ejus

2065 3841 2396 3914 spectantia:
2421 3856 2546 3914 quae
2565 3840 2742 3897 oculis
2767 3839 2994 3912 quidem
3015 3839 3366 3896 sensibilibus
3383 3841 3669 3898 invisibilia

2067 3940 2215 3999 sunt,
2250 3939 2436 3988 mente
2464 3946 2594 3986 vero
2625 3928 3173 4001 comprehensibilia,
3206 3939 3428 4002 propter
3453 3932 3672 3988 concin-

360 4041 488 4082 nam
524 4026 580 4081 in
637 4026 895 4098 operibus
937 4025 1364 4083 ordinationem.
1412 4027 1516 4097 12
1563 4027 1800 4098 Quidam
1833 4045 1959 4087 vero
2006 4030 2323 4099 invisibilia,
2362 4030 2585 4103 angelos
2619 4028 2828 4096 dicunt,
2870 4027 3054 4084 minus
3078 4036 3265 4084 tamen
3307 4031 3582 4102 apposite,
3614 4039 3676 4088 ut

356 4117 573 4188 opinor.
626 4115 872 4190 Quidam
916 4123 1107 4174 autem
1155 4132 1187 4174 e
1232 4115 1514 4187 Patribus,
1572 4118 1960 4191 sempiternam
2007 4120 2338 4195 potentiam,
2391 4121 2588 4177 Filium
2638 4119 2809 4177 dixit:
2855 4121 3195 4179 divinitatem
3232 4129 3450 4191 autem,
3498 4120 3672 4195 Spiri-

355 4215 473 4263 tum
501 4214 782 4264 sanctum.

439 4321 469 4353 ιι
501 4300 593 4364 Εἰς
643 4296 704 4357 τὸ
749 4287 884 4356 εἶναι
917 4296 1102 4365 αὐτοὺς
1133 4297 1586 4377 ἀναπολογήτους.
1627 4327 1648 4353 υ
1684 4301 1862 4362 Τοῦτο
1903 4301 1955 4372 ἐξ
1985 4310 2036 4374 D

355 4387 792 4463 ἀποτελέσματος
815 4385 1047 4467 γέγονεν.
1083 4391 1165 4450 Οὖ
1207 4389 1308 4499 γὰρ
1339 4389 1426 4448 διὰ
1467 4395 1620 4448 τοῦτο
1652 4394 1824 4450 ταῦτα
1855 4412 1954 4451 πε-

435 4476 450 4499 Ι
611 4483 625 4499 r
660 4479 712 4499 n
747 4477 760 4494 ἱ
860 4476 885 4499 α
985 4481 1001 4499 9
1065 4486 1085 4498 ο
1383 4481 1400 4499 9
1546 4479 1568 4499 λ
1596 4478 1609 4499 Ι
1845 4481 1954 4499 ςςὶθ

357 4476 577 4548 ποίηκεν
605 4483 634 4536 6
660 4477 797 4544 Θεὸς
815 4523 831 4551 ,
860 4476 948 4536 ἵνα
977 4481 1165 4537 ἐκεῖνοι
1207 4476 1338 4537 ὦσιν
1371 4478 1797 4557 ἀναπολόγητοι,
1833 4481 1954 4541 ἀλλ’

354 4564 410 4634 ἐξ
456 4565 890 4639 ἀποτελέσματος
937 4567 1132 4641 συνέϐη
1180 4571 1357 4626 τοῦτο.
1446 4567 1694 4648 Πρόσεχε
1726 4574 1849 4646 γοῦν
1881 4575 1956 4652 τῷ

351 4654 578 4736 τοιούτῳ
630 4655 882 4733 ἰδιώματι
924 4661 1016 4728 τῆς
1066 4660 1110 4718 Γ
1114 4662 1315 4740 ραφῆς,
1360 4655 1454 4715 καὶ
1501 4659 1558 4716 οὐ
1589 4659 1910 4740 προσκόψεις
1936 4677 1952 4692 '

354 4745 537 4803 πολλὰ
583 4744 690 4824 γὰρ
736 4750 958 4805 τοιαῦτα
1008 4752 1289 4827 πανταχοῦ
1318 4746 1590 4824 λέγονται,
1622 4747 1656 4806 ἃ
1706 4750 1784 4807 δεῖ
1813 4749 1956 4808 λύειν

358 4834 552 4916 οὕτως,
601 4837 675 4901 ὣς
731 4839 792 4895 ἐκ
846 4843 940 4896 τοῦ
995 4837 1428 4912 ἀποτελέσματος
1475 4837 1911 4916 αἷτιολογούμενα
1938 4848 1950 4871 ‘

356 4914 464 4983 οἷον
507 4923 652 5003 λέγει
684 4923 854 4985 Δαυίδ
880 4949 893 4963 ο
943 4949 973 4982 ιι
1011 4921 1146 4987 Ὅτι
1199 4925 1258 4984 τὸ
1309 4925 1544 5006 πονηρὸν
1599 4927 1818 4988 ἐνώπιόν
1864 4953 1956 4988 σου

358 5013 620 5089 ἐποίησα,
653 5013 796 5083 ὅπως
842 5014 903 5074 ἂν
933 5015 997 5077 σὺ
1048 5017 1332 5096 δικαιωθῇς
1371 5019 1424 5076 ἐν
1473 5017 1580 5084 τοῖς
1626 5018 1800 5097 λόγοις
1829 5040 1958 5096 σου,

356 5102 450 5160 καὶ
480 5104 722 5184 νικήσῃς.
760 5133 782 5156 ι
831 5106 942 5165 Καὶ
983 5105 1229 5186 φαίνεται
1279 5105 1511 5179 ἄτοπον,
1548 5109 1666 5166 ἀλλ’
1700 5109 1795 5166 οὗκ
1825 5107 1956 5169 ἔστι.

357 5193 513 5265 Φησὶ
543 5193 665 5272 γὰρ,
697 5193 778 5252 ὅτι
804 5195 1183 5275 Εὗεργετηθεὶς
1214 5195 1365 5276 παρὰ
1397 5201 1522 5269 σοῦ,
1571 5195 1738 5279 Κύριε
1765 5241 1782 5270 ,
1820 5196 1956 5278 ὑπὲρ

355 5292 538 5342 πᾶσαν
569 5282 758 5342 ἐλπίδα
776 5329 792 5357 ,
821 5283 1065 5366 ἥμαρτόν
1096 5309 1213 5360 σοι,
1243 5284 1332 5344 καὶ
1367 5287 1426 5344 ἐκ
1453 5283 1641 5346 τούτου
1669 5285 1958 5364 συμϐαίνει

355 5394 418 5431 σε
465 5371 957 5456 δικαιολογούμενον
987 5374 1118 5456 πρός
1152 5398 1253 5454 με,
1282 5384 1458 5457 νικᾷν.
1551 5374 1649 5446 Ἐξ
1691 5377 1957 5438 ἀποτελέ-

434 5554 454 5581 ·
480 5545 622 5604 Psal.
659 5561 844 5617 xvm,
879 5553 929 5604 ι.
1007 5550 1025 5582 ι
1052 5547 1199 5606 Psal.
1230 5563 1274 5617 1,
1303 5552 1357 5604 6.

2141 4335 2166 4361 ιι
2185 4312 2267 4368 Ut
2293 4309 2405 4367 sint
2434 4309 2535 4384 ipsi
2559 4309 2978 4368 inexcusabiles.
3016 4336 3038 4361 υ
3071 4312 3194 4369 Hoc
3216 4327 3283 4370 ex
3311 4319 3514 4370 eventu
3543 4327 3674 4370 cou-

2063 4401 2211 4474 tigit.
2258 4402 2384 4456 Non
2414 4398 2564 4457 enim
2607 4409 2900 4473 prOpterea
2941 4405 3088 4459 Deus
3126 4403 3245 4459 huic
3293 4403 3443 4467 fecit,
3486 4411 3548 4459 ut
3591 4401 3673 4458 illi

2065 4491 2175 4546 sint
2215 4489 2631 4559 inexcusabiles,
2683 4506 2874 4546 verum
2925 4507 2988 4547 ex
3045 4500 3244 4548 eventu
3297 4492 3401 4548 hoc
3451 4491 3674 4548 accidit.

2069 4579 2466 4637 Animadverte
2500 4581 2689 4653 itaque
2718 4579 2886 4636 talem
2919 4581 3218 4653 Scriptura:
3254 4580 3668 4653 proprietatem,

2065 4678 2122 4726 et
2149 4686 2259 4726 non
2285 4668 2538 4726 offendes
2571 4689 2583 4724 :
2618 4670 2878 4742 pleraque
2912 4685 3150 4743 namque
3191 4669 3509 4743 hujusmodi
3553 4669 3672 4742 ple-

2066 4760 2250 4832 risque
2299 4759 2352 4814 in
2384 4759 2514 4816 locis
2551 4757 2846 4824 dicuntur,
2895 4775 3023 4832 quae
3073 4759 3151 4816 sic
3200 4759 3464 4817 diluenda
3516 4768 3667 4830 sunt,

2067 4858 2138 4905 ut
2177 4865 2276 4922 per
2325 4857 2587 4907 eventum
2643 4849 2864 4905 illorum
2918 4849 3186 4907 reddatur
3235 4851 3378 4907 ratio
3437 4870 3448 4906 :
3505 4851 3676 4908 veluti

2067 4939 2244 4996 David
2279 4939 2459 5013 inquit
2505 4942 2522 4975 ι
2567 4956 2582 4996 :
2624 4962 2650 4989 σι
2677 4939 2960 5009 Quoniam
2990 4941 3198 4997 malum
3230 4956 3418 4997 coram
3462 4949 3518 4997 te
3549 4940 3673 5010 feci,

2069 5038 2133 5086 ut
2167 5029 2488 5104 justiﬁceris
2549 5029 2609 5086 in
2657 5030 3006 5088 sermonibus
3065 5031 3199 5101 tuis,
3259 5041 3322 5088 ut
3375 5031 3582 5088 vincas.
3645 5054 3672 5080 η

2067 5117 2230 5190 Quod
2280 5119 2495 5176 etiamsi
2543 5117 2847 5177 absurdum
2888 5129 3148 5194 apparet,
3213 5119 3442 5176 minime
3483 5128 3675 5175 tamen

2067 5217 2154 5265 est
2183 5207 2511 5266 absurdum.
2541 5209 2639 5265 Ait
2667 5208 2815 5266 enim
2850 5228 2864 5265 :
2895 5209 3190 5267 Beneﬁciis
3231 5226 3264 5265 a
3304 5208 3379 5265 tei
3409 5208 3674 5277 Domine,

2065 5313 2229 5370 supra
2282 5315 2506 5356 omnem
2553 5314 2710 5371 spem
2756 5297 3006 5366 affectus,
3074 5300 3317 5371 peccavit
3365 5297 3664 5354 adversum

2069 5395 2122 5444 te
2156 5395 2365 5462 :atque
2421 5404 2489 5446 ex
2525 5387 2630 5446 hoc
2675 5387 2962 5461 contingit,
3004 5395 3059 5444 te
3113 5401 3338 5444 mecum
3380 5386 3440 5443 in
3469 5385 3676 5458 judicio

1770 5639 1960 5703 Variae
2005 5642 2317 5706 lectiones.

434 5800 473 5838 ⁸³
508 5801 602 5872 τὴν
624 5811 812 5878 γνῶσιν
845 5809 934 5859 τοῦ
971 5803 1100 5859 Θεοῦ
1129 5821 1181 5864 ο.
1259 5804 1304 5840 ⁸³
1332 5805 1628 5880 ἓκηρύττετο
1655 5823 1708 5865 0.
1787 5807 1832 5844 ’⁸³
1871 5811 2040 5882 μέντοι
2081 5825 2136 5867 o.
2212 5807 2255 5842 “
2277 5808 2505 5880 ἀστόχως
2533 5825 2588 5865 0.
