4150 6446
466 445 569 504 355

1504 440 2023 503 THEOPHYLACTI
2061 442 2419 503 BULGARIAE
2456 444 2773 502 ARCHIEP.

3671 449 3775 503 3356

460 572 879 644 disceptantem,
943 573 1178 629 vincere.
1220 575 1297 628 Ex
1364 571 1569 629 effectu
1590 572 1772 647 itaque
1811 572 2060 644 abeoque

2173 596 2372 650 σματος
2419 565 2507 631 οὖν
2558 574 2854 632 δικαιοῦται
2899 570 3072 649 Θεὸς,
3120 574 3275 648 ἡμῶν
3325 569 3775 650 ἀγνωμονούντων

460 662 610 720 exitu
629 662 967 735 justiﬁcatur
995 665 1147 719 Deus
1165 661 1300 720 dum
1331 678 1434 718 nos
1476 661 1675 736 ingrati
1701 678 1895 718 sumus
1962 676 2060 733 pro

461 753 634 825 ipsius
672 752 729 808 in
770 768 874 809 nos
907 752 1118 809 collatis
1154 751 1454 820 beneﬁciis,
1494 768 1597 808 nec
1627 752 1927 826 quidquam
1951 766 2061 824 quo

462 859 567 899 nos
621 841 1005 911 defendamus,
1050 841 1341 899 habemus.
1394 842 1607 900 Graecis
1659 843 1849 915 itaque
1902 840 2063 911 nihil,

463 948 573 1004 quo
596 948 715 988 sese
760 929 1080 1000 defendant,
1129 931 1463 1004 relinquitur
1495 953 1507 989 τ
1536 931 1983 1004 quandoquidem
2000 947 2065 988 ex

459 1022 723 1078 creaturis
750 1024 928 1078 Deum
950 1030 1375 1095 cognoscentes,
1396 1036 1524 1078 eum
1571 1037 1670 1094 pro
1702 1021 1903 1077 merito
1952 1037 2068 1077 non

2173 660 2259 719 ἐπὶ
2297 670 2402 729 τοῖς
2427 665 2555 742 παρ’
2589 662 2748 721 αὐτοῦ
2779 661 2972 722 δοθεῖσι
2992 707 3009 738 ,
3043 660 3135 720 καὶ
3177 660 3251 736 μὴ
3284 661 3517 740 ἐχόντων
3548 660 3601 719 τί
3630 664 3763 720 ἀπο·

2170 751 2533 830 λογησόμεθα.
2624 751 2734 812 Καὶ
2771 753 2819 810 οἱ
2860 747 3127 821 εΈλληνες
3158 750 3210 811 δὲ
3244 749 3640 829 ἀναπολόγητοι
3668 774 3762 830 γε-

2173 840 2394 917 γόνασι,
2429 840 2558 901 διότι
2587 840 2792 919 γνόντες
2834 840 2920 898 διὰ
2945 844 3039 911 τῆς
3072 839 3295 907 κτίσεως
3324 841 3414 899 τὸν
3458 841 3633 913 Θεὸν,
3675 843 3773 899 οὐκ

2178 928 2332 1000 ἀξίως
2381 930 2538 990 αὐτὸν
2590 929 2878 1005 ἐδόξασαν,
2922 928 2958 1000 ἢ
3004 930 3407 1009 ηὐχαρίστησαν
3443 933 3514 997 ὡς
3558 929 3773 1010 Κτίστῃ

2178 1019 2269 1077 καὶ
2307 1022 2550 1099 Ποιητῇ,
2582 1018 2699 1078 ἀλλ’
2731 1020 2964 1086 εἰδώλοις
2984 1018 3079 1091 τὴν
3104 1021 3263 1078 αὐτοῦ
3289 1018 3449 1097 τιμὴν
3473 1021 3770 1101 περιῆψαν.

461 1112 921 1185 gloriﬁcaverunt,
963 1126 1147 1184 neque
1209 1118 1440 1185 egerunt
1492 1111 1693 1184 gratias
1762 1118 2026 1183 tanquam
2066 1116 2309 1175 Creatori
2365 1127 2423 1176 et
2459 1119 2704 1189 Factori,
2757 1133 2953 1174 verum
2988 1116 3157 1175 idolis
3206 1116 3476 1174 honorem
3525 1117 3623 1191 ipsi
3675 1116 3770 1173 de-

461 1204 622 1260 litum
647 1202 985 1260 detulerunt.

530 1306 697 1361 Vsus.
731 1308 821 1372 21,
842 1308 934 1358 22.
961 1324 987 1350 α
1020 1300 1126 1359 Sed
1162 1308 1506 1359 evanuerunt
1544 1301 1605 1357 in
1641 1302 2066 1375 cogitationibus

459 1392 592 1461 suis,
622 1400 678 1449 et
697 1392 1051 1449 obscuratum
1084 1400 1172 1448 est
1198 1391 1464 1463 insipiens
1488 1407 1584 1448 cor
1605 1407 1821 1449 eorum.
1854 1393 2065 1449 Dicen-

460 1492 547 1540 tes
583 1498 644 1539 se
688 1497 809 1539 esse
867 1482 1159 1553 sapientes,
1210 1481 1367 1537 stulti
1400 1481 1530 1537 facti
1573 1488 1718 1537 sunt.
1759 1500 1789 1535 »
1827 1484 2064 1539 Causam

457 1572 637 1631 reddit
662 1572 733 1629 ob
761 1587 929 1645 quam
954 1571 1024 1627 ad
1048 1570 1368 1643 huiusmodi
1395 1570 1697 1627 amentiam
1728 1572 2051 1628 exciderint.

456 1661 1008 1732 Ratiocinationibus,
1039 1661 1232 1733 inquit,
1280 1660 1395 1718 suis
1423 1660 1609 1717 omnia
1639 1661 2048 1734 permiserunt:

456 1753 809 1825 volentesque
841 1751 900 1807 in
919 1749 1099 1808 forma
1129 1749 1405 1824 quapiam,
1437 1750 1680 1807 formam
1707 1767 1822 1807 non
1839 1749 2050 1807 baben-

2257 1325 2283 1351 α
2316 1297 2457 1359 Ἀλλ’
2481 1296 2894 1372 ἐματαιώθησαν
2926 1300 2981 1357 ἐν
3004 1306 3113 1367 τοῖς
3152 1298 3517 1378 διαλογισμοῖς
3552 1300 3729 1356 αὐτῶν
3753 1343 3770 1370 ,

2173 1386 2265 1446 καὶ
2297 1390 2575 1461 ἐσκοτίσθη
2613 1394 2646 1461 ἡ
2689 1387 2938 1456 ἀσύνετος
2982 1390 3158 1448 αὐτῶν
3207 1388 3424 1465 καρδία.
3457 1388 3772 1454 Φάσκοντες

2173 1467 2306 1537 εἶναι
2355 1480 2546 1560 σοφοὶ,
2597 1477 3004 1559 ἐμωράνθησαν.
3041 1506 3064 1530 ι
3101 1478 3217 1550 Τὴν
3266 1477 3441 1536 αἰτίαν
3472 1477 3646 1550 τίθησι
3697 1478 3769 1535 δι’

2167 1566 2233 1639 ἣν
2272 1570 2344 1635 εἷς
2373 1568 2625 1640 τοιαύτην
2657 1567 2839 1627 ἄνοιαν
2876 1566 3141 1637 ἐξέπεσον.
3174 1569 3300 1634 Τοῖς
3329 1568 3605 1645 λογισμοῖς
3632 1566 3766 1646 γὰρ,

2163 1656 2326 1737 φησὶ,
2350 1657 2411 1717 τὸ
2437 1666 2543 1716 πᾶν
2591 1658 2904 1739 ἐπέτρεψαν
2932 1657 3024 1716 καὶ
3070 1657 3382 1737 βουλόμενοι
3423 1659 3476 1715 ἐν
3509 1655 3757 1736 σχήματι

2164 1746 2251 1804 τὸν
2284 1747 2690 1826 ἀσχημάτιστον
2714 1792 2730 1820 ,
2758 1746 2850 1805 καὶ
2882 1749 2936 1807 ἐν
2979 1746 3193 1824 σώματι
3219 1746 3310 1806 τὸν
3352 1745 3639 1823 ἀσώματον
3669 1767 3769 1804 κα-

455 1851 593 1909 tem,
618 1841 864 1914 adeoque
897 1841 951 1897 in
984 1855 1232 1913 corpore,
1274 1839 1662 1913 incorporeum
1692 1841 2056 1914 comprehen-

2173 1834 2460 1913 ταλαϐεἶν,
2516 1835 2734 1913 μάταιοι
2780 1836 3163 1917 ἠλέγχθησαν,
3204 1838 3262 1896 οὗ
3305 1835 3629 1908 δυνηθέντων
3660 1837 3766 1893 τῶν

457 1931 609 2000 dere,
631 1932 759 1987 vani
783 1930 1110 2003 deprehensi
1141 1938 1304 2001 sunt;
1324 1929 1755 2003 cogitationibus
1785 1930 2058 1987 nimirum

457 2023 572 2080 sive
600 2020 1117 2079 ratiocinationibus
1162 2020 1332 2077 ﬁnem
1382 2036 1547 2077 suum
1591 2036 1704 2077 non
1750 2021 2059 2093 pertingen-

458 2112 625 2169 tibus.
692 2110 961 2183 [nsipiens
1008 2118 1221 2181 autem,
1282 2126 1383 2167 seu
1423 2109 1704 2167 intellectu
1751 2125 1942 2167 carens
1966 2126 2063 2167 cor

459 2203 710 2275 ipsorum
761 2199 915 2269 dicit,
973 2200 1123 2272 quod
1180 2199 1287 2256 ﬁde
1334 2200 1478 2256 nolit
1533 2200 1719 2256 omnia
1766 2200 2060 2272 percipere.

460 2289 626 2348 Unde
665 2296 852 2345 autem
896 2304 962 2344 eo
992 2288 1198 2344 erroris
1224 2287 1427 2361 delapsi
1463 2296 1616 2357 sunt,
1663 2297 1727 2345 ut
1764 2288 2061 2346 ratiocina-

458 2378 703 2436 tionibus
732 2379 847 2435 suis
875 2385 1075 2435 cuncta
1106 2377 1532 2450 permitterent?
1571 2380 1651 2435 Ex
1678 2394 1743 2435 eo
1775 2380 1924 2452 quod
1955 2394 2057 2451 pu-

2168 1926 2436 2005 λογισμῶν
2472 1926 2601 2006 πρὸς
2631 1926 2692 1984 τὸ
2716 1924 2883 2005 πέρας
2913 1926 3194 1994 ἐξικέσθαι.
3277 1924 3552 1985 Ἀσύνετον
3589 1924 3641 1983 δὲ
3668 1922 3767 1996 τὴν

2170 2015 2396 2095 καρδίαν
2451 2017 2624 2074 αὐτῶν
2666 2038 2824 2096 φησι,
2873 2016 2962 2074 διὰ
3006 2015 3067 2074 τὸ
3101 2015 3176 2093 μὴ
3222 2017 3442 2087 θελῆσαι
3486 2012 3769 2077 nictantia

2170 2112 2279 2161 πᾶν
2310 2103 2641 2185 περιλαϐεῖν.
2677 2105 2751 2162 ⁴⁵.
2784 2103 2953 2165 Πόθεν
2986 2104 3041 2164 δὲ
3072 2104 3447 2177 ἐπλανήθησαν
3474 2104 3545 2170 εἷς
3576 2102 3636 2163 τὸ
3656 2109 3771 2185 τοῖς

2171 2195 2446 2272 λογισμοῖς
2475 2196 2788 2276 ἐπιστρέψαι
2820 2195 2880 2254 τὸ
2923 2203 3064 2271 πᾶν;
3112 2194 3215 2255 Ἐκ
3260 2200 3350 2255 τοῦ
3384 2192 3592 2254 οἴεσθαι
3632 2184 3768 2253 εἶναι

2172 2285 2347 2361 σοφοί·
2396 2283 2474 2343 διὸ
2526 2286 2617 2344 καὶ
2674 2283 3082 2365 ἐμωράνθησαν.
3141 2284 3215 2346 Τί
3263 2283 3366 2365 γὰρ
3421 2282 3769 2363 ἀνοητότερον

2170 2378 2260 2431 τοῦ
2288 2373 2450 2442 λίθοις
2478 2376 2795 2455 προσκυνεῖν
2829 2373 2923 2433 καὶ
2954 2373 3161 2449 ξύλοις;

458 2477 636 2527 tarent
675 2492 701 2519 α
753 2484 813 2527 se
848 2483 968 2526 esse
1011 2467 1284 2542 sapientes
1316 2489 1343 2519 ι
1401 2467 1639 2541 ideoque
1680 2491 1707 2519 α
1756 2469 1909 2526 stulti
1947 2468 2085 2527 facti
2115 2478 2265 2527 sunt.
2303 2494 2329 2522 »
2382 2471 2526 2542 Quid
2574 2472 2729 2530 enim
2773 2470 3025 2529 stolidius
3066 2487 3236 2545 quam
3279 2470 3489 2545 lapides
3525 2477 3582 2528 et
3627 2469 3772 2544 ligna

459 2560 726 2619 adorare?

527 2661 705 2716 Vnus.
739 2664 830 2716 23.
853 2680 878 2706 α
912 2658 979 2714 Et
999 2664 1354 2714 mutaverunt
1367 2656 2061 2731 gloriamincorruptibilis

456 2747 582 2816 Dei,
611 2748 666 2804 in
704 2746 1128 2805 similitudinem
1168 2747 1428 2819 imaginis
1460 2747 1835 2818 corruptibilis
1871 2748 2058 2804 homi-

457 2838 564 2909 nis,
592 2844 649 2894 et
674 2837 982 2905 volucrum,
1015 2844 1070 2892 et
1097 2835 1539 2908 quadrupedum,
1566 2844 1622 2892 et
1651 2844 1994 2909 serpentum.
2034 2861 2059 2886 η

455 2927 562 2998 Qui
576 2934 867 2998 permutat,
888 2924 945 2981 id
962 2924 1115 2998 quod
1139 2924 1331 2993 habet,
1356 2924 1413 2981 in
1441 2925 1594 2983 aliud
1608 2933 1911 2998 permutat.
1941 2929 2060 2984 Ha-

458 3015 663 3074 bebant
690 3031 821 3088 ergo
856 3022 913 3071 et
947 3014 1053 3087 ipsi
1098 3014 1374 3084 notitiam,
1403 3014 1498 3071 sed
1522 3030 1647 3071 eam
1677 3015 2060 3087 perdiderunt,

457 3114 515 3162 et
535 3105 681 3163 aliud
712 3103 983 3178 quiddam
1020 3103 1227 3160 habere
1262 3105 1526 3162 volurunt
1574 3113 1776 3176 praeter
1828 3105 1881 3162 id
1913 3107 2060 3178 quod

456 3194 755 3264 habebant,
795 3195 1211 3267 amiseruntque
1249 3193 1308 3251 id
1350 3194 1503 3267 quod
1543 3194 1837 3251 habebant.
1882 3195 2060 3251 Attri-

458 3285 701 3342 buerunt
724 3292 913 3342 autem
942 3284 1178 3358 gloriam
1216 3283 1641 3356 incorrupiibilis
1671 3284 1797 3353 Dei,
1828 3301 1941 3342 non
1967 3285 2064 3341 ho-

465 3374 597 3432 mini
628 3374 879 3448 quidem,
915 3374 1011 3432 sed
1040 3373 1267 3447 imagini
1297 3373 1672 3445 corruptibilis
1702 3374 1967 3431 hominis.
1996 3380 2065 3432 Et

461 3466 609 3537 quod
633 3465 741 3521 hoc
791 3463 1226 3537 longedeterius,
1254 3470 1359 3532 est,
1389 3462 1463 3520 ad
1481 3464 1694 3535 reptilia
1715 3464 1881 3521 etiam
1897 3463 2063 3521 delati

458 3562 608 3624 sunt,
636 3554 753 3610 imo
790 3569 919 3610 vero
950 3561 1006 3610 et
1033 3553 1105 3610 ad
1152 3551 1357 3610 horum
1386 3552 1678 3626 imagines,
1709 3552 1847 3611 adeo
1899 3554 2058 3611 lucu-

455 3643 632 3701 lenter
658 3643 1020 3700 insanierunt.
1078 3644 1222 3700 Nam
1270 3642 1672 3716 cognitionem,
1705 3659 1875 3714 quam
1905 3659 2061 3715 opor-

457 3734 613 3790 tebat
645 3733 845 3790 habere
863 3733 931 3791 de
960 3749 1049 3802 eo,
1072 3733 1166 3806 qui
1197 3732 1386 3789 omnia
1416 3733 1520 3804 13
1553 3732 2062 3805 incomparabiliter

2257 2678 2281 2704 α
2318 2650 2429 2714 Καὶ
2454 2650 2753 2724 ἠλλάξαντο
2799 2650 2891 2725 τὴν
2923 2651 3076 2722 δόξαν
3101 2656 3193 2712 τοῦ
3226 2650 3501 2734 ἀφθάρτου
3534 2652 3677 2712 Θεοῦ
3716 2651 3770 2708 ἐν

2172 2739 2477 2821 ὁμοιώματι
2509 2741 2705 2809 εἰκόνος
2742 2746 2974 2823 φθαρτοῦ
3018 2740 3314 2824 ἀνθρώπου,
3356 2741 3447 2801 καὶ
3477 2742 3734 2800 πετεινῶν
3755 2784 3772 2810 ,

2175 2831 2266 2888 καὶ
2315 2829 2681 2910 τετραπόδων,
2730 2831 2821 2889 καὶ
2869 2835 3122 2911 ἑρπετῶν.
3162 2853 3192 2889 n
3253 2830 3321 2892 Ὁ
3366 2830 3688 2907 ἀλλάσσων,
3743 2828 3773 2887 ὂ

2174 2918 2317 2999 ἔχει,
2360 2920 2616 2980 ἀλλάσσει
2659 2920 2790 3000 πρὸς
2835 2921 2986 2981 ἄλλο.
3027 2912 3193 3002 Εἶχον
3218 2920 3325 3002 ἄρα
3367 2920 3459 2979 καὶ
3495 2918 3645 2977 αὐτοὶ
3673 2917 3770 2990 τὴν

2174 3013 2404 3088 γνῶσιν,
2441 3009 2580 3069 ἀλλὰ
2625 3009 2941 3090 προῦδωκαν
2998 3010 3162 3082 αὐτὴν
3212 3006 3298 3084 ⁴⁶,
3349 3008 3441 3069 καὶ
3498 3010 3770 3090 ἠθέλησαν

2171 3087 2305 3181 ἀλλο
2333 3123 2383 3158 τι
2428 3109 2605 3181 σχεῖν,
2645 3087 2778 3179 παρ’
2825 3100 2855 3159 ὃ
2905 3091 3078 3181 εἶχον,
3127 3100 3219 3160 καὶ
3270 3099 3517 3169 ἐξέπεσον
3570 3096 3664 3156 καὶ
3711 3087 3769 3155 οἷ

2171 3178 2337 3269 εἶχον.
2369 3178 2703 3268 Περιέθηκαν
2734 3178 2790 3249 δὲ
2828 3188 2923 3261 τὴν
2954 3178 3107 3260 δόξαν
3151 3197 3243 3250 τοῦ
3287 3190 3553 3271 ἀφθάρτου
3587 3190 3770 3261 Θεοῦ,

2172 3278 2289 3337 οὐδὲ
2318 3277 2613 3361 ἀνθρώπῳ,
2651 3281 2770 3339 ἀλλ’
2798 3277 2958 3338 εἰκόνι
2989 3277 3269 3358 ἀνθρώπου
3301 3279 3352 3325 ⁴7
3395 3282 3645 3360 φθαρτοῦ,
3677 3277 3773 3335 καὶ

2172 3366 2231 3426 τὸ
2289 3365 2474 3428 τούτου
2528 3376 2735 3449 χεῖρον,
2793 3368 2883 3427 καὶ
2935 3369 3006 3436 εἰς
3059 3367 3259 3446 ἑρπετὰ
3314 3365 3773 3444 ξκατηνέχθησαν,

2177 3458 2381 3532 μᾶλλον
2442 3455 2495 3516 δὲ
2527 3461 2600 3525 εἰς
2640 3457 2738 3525 τὰς
2785 3456 2984 3517 τούτων
3038 3456 3275 3525 εἰκόνας·
3321 3458 3459 3516 οὕτω
3507 3458 3775 3537 λαμπρῶς

2174 3545 2468 3624 ἐμάνησαν.
2501 3547 2616 3619 Τὴν
2639 3546 2741 3627 γὰρ
2768 3551 2992 3624 γνῶσιν,
3031 3549 3096 3619 ἣν
3124 3548 3231 3607 ἔδει
3269 3546 3390 3627 περὶ
3427 3551 3523 3604 τοῦ
3554 3543 3775 3604 πάντων

2169 3636 2501 3716 ἀσυγκρίτως
2535 3637 2884 3717 ὓπερὲχοντος
2936 3636 3109 3717 ἔχειν,
3165 3635 3367 3711 ταύτην
3424 3639 3500 3717 τῷ
3550 3634 3774 3695 πάντων

2172 3725 2503 3805 ἀσυγκρίτως
2529 3726 2883 3807 εὐτελεστέρῳ
2909 3728 3259 3807 περιέθηκαν.
3347 3724 3487 3795 Δόξα
3518 3724 3572 3783 δὲ
3604 3726 3775 3796 Θεοῦ,

457 3823 698 3893 excellit,
723 3823 866 3880 hanc
893 3824 962 3887 ei,
993 3823 1143 3896 quod
1173 3824 1424 3880 omnium
1449 3831 1534 3880 est
1561 3823 2064 3896 incomparabiliter

2173 3814 2269 3889 τὸ,
2315 3818 2386 3883 ὥς
2437 3816 2714 3891 Ποιητήν,
2765 3819 2835 3883 ὡς
2893 3816 3190 3898 προνοητὴν
3237 3815 3623 3895 γινώσκεσθαι,
3674 3814 3776 3873 καὶ

456 3914 806 3984 vilissimum,
829 3913 1222 3971 attribuerunt.
1250 3915 1424 3970 Porro
1454 3913 1627 3986 gloria
1642 3912 1740 3969 Dei
1784 3921 1866 3969 est
1885 3913 2068 3986 ipsum

457 4019 558 4060 ceu
587 4005 932 4071 Creatorem,
980 4020 1084 4060 ceu
1122 4002 1512 4076 providentem
1552 4002 1718 4060 rebus
1751 4003 2069 4059 mortalium

460 4093 885 4165 gubernatorem
928 4092 1205 4165 cognosci,
1258 4091 1427 4164 idque
1467 4107 1641 4165 genus
1685 4092 1812 4161 alia,
1852 4108 1977 4165 qua:
2024 4092 2069 4148 ei

2177 3897 2349 3964 τᾶλλα
2380 3906 2447 3965 τὰ
2488 3908 2632 3985 αὐτῷ
2664 3908 2956 3986 πρέποντα.
2986 3909 3144 3973 Τίνες
3183 3902 3237 3964 δὲ
3266 3912 3439 3965 ταῦτα
3487 3903 3774 3981 ἥμαρτονς

2178 3998 2248 4056 Οἱ
2286 3996 2709 4077 φιλοσοφώτατοι
2747 3997 2823 4073 ‘8,
2879 4001 2927 4056 οῖ
2976 3996 3296 4076 Αἰγύπτιοι·
3344 3987 3487 4057 οῦτοι
3516 3995 3618 4076 γὰρ
3661 3994 3769 4063 τὰς

2180 4087 2283 4144 τῶν
2318 4088 2554 4167 ἑρπετῶν
2584 4086 2786 4154 εἰκόνας
2815 4095 3112 4167 περιεῖπον.

460 4182 810 4238 conveniunt.
843 4188 918 4238 At
945 4182 1090 4236 enim
1127 4180 1221 4253 qui
1270 4190 1423 4251 sunt,
1467 4180 1561 4253 qui
1606 4179 1746 4238 adeo
1789 4196 1962 4253 usque
2004 4181 2424 4256 deliquierunt?
2460 4184 2881 4258 Sapientissimi,
2935 4185 3182 4258 Egyptii.
3214 4187 3354 4241 Nam
3395 4193 3449 4241 et
3493 4182 3775 4257 reptilium

462 4270 722 4343 imagines
744 4271 826 4326 illi
850 4270 1158 4327 coluerunt.

531 4370 710 4426 Vnus.
742 4374 833 4437 24,
872 4372 962 4458 25.
1000 4389 1027 4420 ‹‹
1055 4370 1285 4442 Propter
1331 4367 1480 4442 quod
1529 4367 1762 4458 tradidit
1784 4383 1878 4427 eos
1907 4371 2059 4427 Deus
2091 4396 2138 4458 ι)

457 4458 515 4515 in
544 4458 811 4517 desideria
834 4457 1016 4516 cordis
1053 4473 1249 4516 eorum
1278 4458 1338 4514 in
1374 4457 1802 4529 immunditiam,
1832 4467 1897 4515 ut
1925 4476 2061 4517 con-

461 4548 689 4607 tumelia
734 4547 977 4606 afﬁciant
1027 4564 1258 4622 corpora
1312 4565 1410 4606 sua
1462 4549 1522 4604 in
1574 4546 1904 4621 semetipsis.
1962 4549 2064 4619 Qui

458 4647 944 4696 commutaverunt
970 4639 1262 4695 veritatem
1284 4637 1378 4695 Dei
1402 4638 1458 4694 in
1488 4637 1862 4707 mendacium,
1893 4649 1950 4696 et
1975 4655 2065 4696 co-

462 4730 686 4785 luerunt
709 4736 766 4785 et
792 4727 1100 4785 servierunt
1127 4736 1401 4789 creaturae
1428 4727 1611 4800 potius
1644 4744 1813 4800 quam
1842 4730 2066 4786 Creato-

462 4818 533 4886 ri,
555 4818 650 4891 qui
690 4827 774 4875 est
802 4816 1126 4875 benedictus
1155 4817 1211 4874 in
1238 4818 1458 4875 saecula.
1493 4822 1689 4876 Amen.
1729 4841 1756 4868 »
1776 4849 1848 4859 -
1882 4837 1912 4870 (ι
1935 4820 2071 4874 Tra-

462 4906 624 4976 didit,
670 4923 792 4980 pro,
822 4908 1098 4976 Permisit,
1144 4907 1355 4965 dimisit
1385 4927 1399 4965 :
1430 4907 1902 4981 quemadmodum
1945 4924 2065 4964 me-

460 4996 614 5053 dicus
624 5012 953 5054 succurrens
976 4996 1273 5064 laboranti,
1287 4996 1485 5054 deinde
1498 4996 1696 5054 videns
1716 4996 1900 5070 ipsum
1916 4998 2066 5054 inor-

462 5085 648 5144 dinate
674 5102 734 5144 se
748 5095 1055 5160 gerentem,
1096 5103 1197 5143 nec
1224 5087 1402 5145 diaetae
1421 5086 1830 5157 observantem,
1858 5087 2069 5161 sibique

458 5176 894 5250 immorigerum,
908 5176 1080 5235 tradit
1094 5194 1228 5234 eum
1241 5185 1302 5233 ut
1315 5177 1691 5235 vehementius
1705 5185 1953 5250 aegrotet,
1969 5192 2068 5251 pro

460 5282 524 5323 eo
541 5266 691 5340 quod
707 5274 811 5335 est,
833 5265 1038 5324 deserit
1052 5283 1208 5338 eum,
1234 5275 1289 5324 et
1302 5267 1573 5340 permittit
1586 5275 1650 5324 ut
1661 5283 1776 5325 suae
1799 5266 2065 5324 voluntati

460 5356 743 5430 indulgens
757 5374 787 5414 a
808 5357 1002 5415 morbo
1022 5374 1137 5416 non
1156 5357 1669 5416 convalescat.Sunt
1694 5357 1812 5431 qui,
1840 5357 2064 5415 «Tradi-

461 5443 542 5501 dit
557 5461 652 5502 eos
670 5450 878 5516 Deus,»
911 5447 988 5503 sic
1004 5446 1418 5517 intellexerunt,
1450 5461 1650 5520 nempe
1672 5462 1796 5520 pro,
1821 5445 2073 5504 Tradidit

461 5549 557 5592 eos
582 5535 775 5608 iniuria
797 5552 905 5609 qua
929 5539 1114 5594 Deum
1139 5535 1475 5608 affecerunt,
1502 5545 1558 5594 et
1582 5536 1916 5611 petulantia:
1943 5551 2073 5609 per-

2258 4384 2287 4422 ((
2315 4363 2410 4425 Διὸ
2439 4363 2529 4423 καὶ
2561 4363 2867 4445 παρέδωκεν
2912 4362 3105 4433 αὖτοὺς
3146 4363 3334 4434 ὁΘεὸς
3386 4366 3440 4425 ἐν
3489 4367 3605 4433 ταῖς
3644 4365 3775 4423 ἐπι-

2171 4453 2384 4531 θυμίαις
2435 4456 2541 4513 τῶν
2593 4454 2828 4533 καρδιῶν
2885 4455 3057 4515 αὐτῶν
3118 4457 3191 4523 εἷς
3246 4454 3622 4536 ἀκαθαρσίαν,
3679 4461 3778 4514 τοῦ

2171 4543 2517 4621 ἀτιμάζεσθαι
2576 4544 2645 4602 τὰ
2692 4544 2921 4621 σώματα
2973 4547 3147 4605 αὐτῶν
3190 4546 3243 4603 ἐν
3282 4545 3518 4612 ἑαυτοῖς·
3575 4542 3777 4612 οἵτινες

2173 4631 2511 4710 μετήλλαξαν
2534 4632 2583 4671 “9
2612 4634 2708 4707 τὴν
2735 4633 2984 4705 ἀλήθειαν
3029 4639 3118 4693 τοῦ
3164 4634 3306 4694 Θεοῦ
3336 4635 3391 4692 ἐν
3431 4636 3510 4714 τῷ
3549 4632 3733 4713 ψεύδει
3761 4680 3778 4708 ,

2174 4721 2265 4780 καὶ
2312 4720 2684 4795 ἐσεϐάσθησαν
2753 4720 2844 4782 καὶ
2903 4724 3231 4800 ἐλάτρευσαν
3283 4727 3350 4803 τῇ
3404 4723 3575 4782 κτίσει
3622 4723 3778 4803 παρὰ

2173 4810 2263 4870 τὸν
2296 4811 2604 4885 Κτίσαντα,
2652 4808 2707 4879 ἅς
2744 4815 2888 4871 ἐστιν
2936 4813 3214 4893 εὐλογητὸς
3267 4814 3337 4879 εἰς
3380 4810 3501 4877 τοὺς
3551 4813 3778 4878 αἰῶνας.

2176 4899 2359 4978 Ἀμήν.
2390 4924 2418 4960 ››
2447 4900 2561 4975 Τὸ,
2600 4922 2628 4958 ι(
2658 4901 2980 4982 Παρέδωκεν
3002 4950 3018 4974 ,
3053 4929 3077 4957 ν
3116 4900 3235 4961 ἀντὶ
3258 4907 3352 4961 τοῦ
3373 4948 3388 4976 ,
3424 4899 3643 4982 Εἴοισεν,
3678 4902 3784 4959 ἀπ-

2177 4990 2380 5050 έλυσεν⁶
2402 4989 2582 5073 ὥσπερ
2614 4991 2789 5072 ἰατρὸς
2824 4994 3030 5071 βοηθῶν
3064 4996 3141 5074 τῷ
3177 4991 3472 5069 κάμνοντι,
3499 4978 3613 5049 εἶτα
3638 4993 3782 5070 δρῶν

2176 5083 2503 5141 ἀτακτοῦντα
2548 5082 2671 5161 περὶ
2705 5081 2804 5154 τὴν
2834 5080 3077 5159 δίαιταν,
3113 5082 3207 5141 καὶ
3238 5084 3559 5140 ἀπειθοῦντα
3598 5083 3779 5163 αὐτῷ,

2177 5170 2547 5252 παραδίδωσιν
2599 5171 2757 5231 αὐτὸν
2792 5173 2869 5252 τῷ
2908 5171 2996 5231 ἐπὶ
3026 5171 3187 5232 πλέον
3234 5171 3403 5232 νοσεῖν
3426 5213 3444 5243 ,
3476 5169 3593 5229 ἀντὶ
3638 5176 3730 5231 τοῦ
3754 5217 3772 5244 ,

2176 5259 2402 5320 ἀπολύει
2431 5260 2587 5322 αὐτὸν
2609 5262 2703 5321 καὶ
2732 5263 2833 5342 ἐᾷ,
2856 5260 2996 5320 ὥστε
3023 5264 3098 5341 τῷ
3126 5259 3305 5341 οἰκείῳ
3336 5258 3596 5336 θελήματι
3620 5257 3783 5339 χρώ-

2178 5372 2333 5428 μενον
2368 5349 2442 5426 μὴ
2494 5352 2917 5424 ἀνακομισθῆναι
2966 5354 3060 5422 τῆς
3112 5350 3290 5410 νόσου.
3378 5348 3537 5417 Τινὲς
3586 5348 3779 5422 δὲτὸ,

2184 5463 2214 5494 α
2250 5439 2576 5520 Παρέδωκεν
2608 5444 2636 5499 ὁ
2665 5439 2837 5517 Θεὸς,
2869 5461 2901 5498 ι)
2933 5437 3096 5507 οὕτως
3127 5438 3387 5514 ἐνόησαν,
3425 5437 3543 5497 ἀντὶ
3574 5443 3665 5497 τοῦ
3687 5484 3704 5516 ,
3737 5443 3776 5511 ἡ

2179 5530 2251 5597 εἰς
2279 5529 2365 5588 τὸν
2396 5528 2535 5591 Θεὸν
2566 5527 2746 5609 ὕϐρις,
2794 5529 2886 5589 καὶ
2931 5528 3183 5611 παροινία
3213 5548 3226 5562 ⁸
3276 5528 3461 5609 ὥσπερ
3506 5527 3734 5611 λέγομεν
3760 5575 3780 5609 ,

1863 5657 2055 5719 Variae
2096 5658 2381 5721 lectiones

534 5763 578 5801 ’⁸⁸
605 5762 914 5836 παραλαϐεῖν
944 5780 1024 5822 m.
1098 5764 1145 5802 ⁸⁸
1170 5765 1353 5836 ταύτην
1382 5784 1438 5826 o.
1514 5764 1561 5802 ⁸⁷
1585 5769 1693 5826 τοῦ.

1772 5764 1816 5802 ιε
1846 5765 2236 5841 φιλοσοφώτεροι
2261 5784 2315 5825 ο,
2392 5767 2436 5803 ιθ
2464 5767 2843 5840 μετηλλάξαντο
2870 5784 2945 5825 ῐηι
