4150 6428
357 429 458 487 357

1301 427 1652 490 EXPOSITIO
1693 434 1755 488 ΙΝ
1799 426 2004 490 ΕΡὶΞΤ.
2046 431 2138 488 AD
2187 431 2349 489 ROM.
2392 463 2463 474 —
2502 431 2653 490 CAP.
2695 430 2733 489 ῐ.

3573 440 3676 496 3358

357 557 444 616 ὅτι
497 558 608 619 Τὸν
650 559 798 618 δεῖνα
845 555 1093 618 ἀπώλεσε
1138 558 1200 618 τὸ
1249 558 1533 638 ἀργύριονο
1567 558 1744 620 καίτοι
1797 560 1857 619 οὗ
1904 557 1964 618 τὸ

2082 557 2201 615 inde
2253 576 2320 615 ac
2367 558 2609 614 dicimus
2665 557 2813 630 quod
2859 577 2872 615 :
2925 562 3087 616 Hunc
3128 563 3363 633 pecunia
3417 563 3674 636 perdide-

357 648 610 726 ἀργύριον
640 647 953 721 ἀπώλεσεν,
989 647 1105 708 ἀλλ’
1157 651 1192 719 ἡ
1247 650 1592 730 παράχρησις
1619 672 1632 686 ο
1674 649 1798 720 καὶ,
1843 648 1956 708 Τὸν

357 737 543 797 Σαοὺλ
593 742 628 809 ἡ
700 737 949 817 βασιλεία
997 737 1315 819 διέρθειρεν,
1360 738 1395 810 ἢ
1448 739 1538 800 τὸν
1593 741 1954 814 Σολομῶντα,

357 827 478 886 ἀντὶ
506 831 635 909 τοῦ,
669 825 738 888 Ἣ
771 830 867 899 τῆς
903 826 1177 907 βασιλείας
1227 827 1590 908 παραχρησις.
1639 828 1958 909 Παρεδόθη-

359 939 459 975 σαν
491 906 580 975 οὖν
610 915 698 975 διὰ
745 915 844 987 τὴν
895 906 1094 976 οἰκείαν
1126 906 1432 998 μοχθηρίαν.
1464 919 1536 985 εἰς
1586 906 1956 993 ἀκαθαρσίαν,

361 1004 500 1065 ὥστε
532 1004 608 1082 μὴ
638 1008 844 1066 δεῖσθαι
873 1005 1068 1086 ἑτέρων
1112 1010 1219 1066 τῶν
1269 1006 1620 1087 ὑϐριζόντων,
1657 1009 1775 1065 ἀλλ’
1809 1005 1959 1064 αὐτοὶ

364 1095 581 1163 ἱαυτοὺς
609 1096 820 1176 ὕϐριζον
851 1095 932 1134 ⁵ο·
963 1102 1183 1155 τοιαῦτα
1213 1095 1317 1176 γὰρ
1347 1097 1414 1156 τὰ
1455 1097 1737 1177 ἀκάθαρτα
1779 1096 1952 1168 πάθη.

367 1187 539 1246 Πόθεν
570 1186 626 1245 δὲ
658 1189 733 1252 εἰς
763 1185 1100 1262 ἀκαθαρσίαν
1145 1185 1489 1262 ἐξεδόθησαν;
1540 1188 1647 1248 Ἐκ
1683 1191 1778 1258 τῆς
1829 1185 1960 1262 πρὸς

364 1276 456 1334 τὸν
488 1274 620 1336 θεὸν
649 1275 872 1354 ὕϐρεως.
909 1273 982 1336 c0
1012 1274 1115 1354 γὰρ
1160 1277 1250 1335 τὸν
1281 1276 1420 1336 Θεὸν
1479 1274 1553 1355 μὴ
1601 1273 1766 1334 θέλων
1819 1274 1957 1333 εἶδέ-

359 1388 491 1441 ναι,
523 1363 670 1431 εὐθὺς
701 1365 792 1422 καὶ
823 1364 964 1445 κατὰ
999 1363 1088 1423 τὸν
1143 1364 1254 1443 βίον
1309 1365 1699 1445 διαφθείρεται·
1750 1366 1820 1430 ὥς
1853 1365 1958 1445 ,καὶ

356 1457 384 1512 ὁ
411 1449 586 1514 Δαυῒδ
616 1455 758 1531 λέγει
784 1480 798 1492 ·
832 1484 855 1506 κ
884 1444 1056 1515 Εἶπεν
1078 1453 1281 1536 ἄφρων
1308 1444 1427 1514 Οὐκ
1452 1444 1564 1514 ἔστι
1597 1453 1754 1523 Θεός·
1777 1483 1799 1506 ιι
1827 1444 1962 1526 εἶτα,

365 1567 395 1601 ιι
425 1545 808 1624 Διεφθάρησαν
853 1544 945 1604 καὶ
975 1543 1376 1624 ἐϐδελύχθησαν
1413 1546 1466 1604 ἐν
1499 1544 1904 1620 ἐπιτηδεύμασι.
1934 1567 1961 1601 ι

365 1632 733 1703 Μετήλλαξαν
764 1624 853 1693 οὖν
901 1633 970 1692 τὰ
1005 1636 1216 1706 ἀληθῶς
1257 1633 1525 1714 προσόντα
1555 1637 1632 1716 τῷ
1663 1635 1819 1713 Θεῷ,
1872 1634 1964 1692 καὶ

364 1722 689 1802 περιέθηκαν
716 1723 848 1781 αὐτὰ
875 1732 980 1790 τοῖς
1007 1724 1225 1803 ψευδέσι
1253 1725 1408 1792 θεοῖς.
1440 1724 1520 1784 Τὸ
1537 1769 1552 1797 ,
1590 1752 1611 1775 ι
1637 1723 1970 1794 Ἐσεϐοίσθη-

363 1833 467 1870 σαν
498 1839 523 1864 ι
554 1811 653 1888 μὲν
684 1804 804 1886 οὖν’,
826 1812 944 1871 ἀντὶ
977 1818 1093 1887 τοῦ,
1130 1811 1389 1890 ἐτίμησαν
1415 1831 1428 1844 “
1455 1813 1516 1872 τὸ
1543 1811 1596 1872 δὲ
1617 1857 1632 1885 ,
1658 1841 1681 1868 «ι
1709 1812 1818 1874 Καὶ
1842 1813 1970 1871 ἐλά-

363 1923 593 1980 τρευσαν
615 1945 632 1974 ,
666 1931 690 1954 ιι
722 1903 838 1960 ἀντὶ
867 1908 989 1975 τοῦ,
1019 1902 1112 1962 καὶ
1142 1902 1240 1976 τὴν
1273 1902 1360 1961 διὰ
1392 1907 1500 1962 τῶν
1533 1901 1707 1984 ἔργων
1729 1900 1970 1961 δουλείαν

363 1990 738 2070 προσήνεγκαν
761 1993 832 2052 ⁵³.
857 1996 1046 2073 ΔἸὀῧτο
1075 1991 1177 2073 γὰρ
1223 1996 1255 2064 ἡ
1281 1992 1501 2072 λατρεία
1530 1997 1565 2064 ἡ
1607 1992 1692 2052 διὰ
1726 1991 1966 2070 πράξεως

366 2079 526 2156 τιμή.
570 2080 679 2142 Καὶ
707 2083 801 2142 οὐκ
831 2071 978 2140 εἶπεν
1013 2071 1226 2157 ἁπλῶς,
1258 2071 1432 2154 ἀλλὰ,
1465 2109 1488 2134 α
1520 2079 1682 2163 Παρὰ
1715 2083 1801 2141 τὸν
1833 2080 1970 2144 Κτί-

367 2192 574 2246 σαντα,
601 2195 629 2229 ι)
693 2173 753 2230 ἐκ
785 2175 880 2244 τῆς
923 2172 1248 2253 συγκρίσεως
1299 2171 1359 2232 τὸ
1405 2171 1653 2250 ἔγκλημα
1709 2171 1965 2253 ἐπαίρων.

369 2258 514 2320 Ἀλλ’
540 2261 753 2332 ἐκεῖνος,
785 2261 973 2340 φησὶν,
1021 2289 1045 2315 ι
1077 2261 1359 2340 εὗλογητός
1410 2263 1551 2321 ἐστιν
1585 2264 1657 2330 εἰς
1691 2260 1810 2328 τοὺς
1836 2263 1972 2320 αἰῶ-

367 2373 463 2416 νας
481 2395 501 2428 ,
527 2376 551 2402 ι
576 2349 868 2426 τουτέστιν,
896 2352 956 2411 οὗ
976 2351 1296 2432 παρεϐλάϐη
1327 2375 1376 2410 τι
1402 2353 1462 2410 ἐκ
1484 2357 1576 2410 τοῦ
1606 2351 1729 2433 παρ’
1758 2352 1971 2410 ἐκείνων

364 2440 705 2520 ὕϐρισθῆναι·
764 2443 884 2500 ἀλλ’
937 2440 1080 2502 ἔστιν
1129 2442 1414 2521 εὐλογητὸς
1450 2443 1522 2509 εἷς
1573 2440 1696 2511 τοὺς
1739 2444 1972 2522 αἰῶνας,

370 2530 637 2612 βεϐαίως,
667 2531 760 2592 καὶ
791 2533 1044 2615 ἀσφαλῶς
1066 2552 1080 2566 ⁸
1107 2538 1264 2593 τοῦτο
1293 2533 1396 2614 γὰρ
1430 2529 1520 2605 τὸ,
1565 2556 1595 2588 α
1629 2531 1822 2609 Ἀμήν.
1857 2554 1885 2589 ι)

458 2736 487 2770 ε
527 2711 630 2772 Διὰ
673 2716 826 2772 τοῦτο
868 2710 1178 2792 παρέδωκεν
1221 2712 1411 2780 αὐτοὺς
1451 2715 1480 2772 ὁ
1526 2711 1663 2779 Θεὸς
1713 2716 1787 2780 εἰς
1824 2711 1971 2784 παίοη

369 2804 610 2881 ἀτιμίας.
647 2801 727 2865 Αἵ
767 2826 824 2862 τε
870 2804 973 2883 γὰρ
1003 2805 1210 2876 θήλειαι
1263 2805 1438 2863 αὐτῶν
1484 2801 1825 2880 μετήλλαξαν
1877 2802 1970 2874 τὴν

365 2893 599 2976 φυσικὴν
635 2897 830 2974 χρῆσιν
860 2897 934 2961 εἰς
962 2893 1059 2965 τὴν
1091 2893 1240 2973 παρὰ
1280 2892 1458 2974 φύσιν.
1510 2892 1752 2970 Ὁμοίως
1791 2892 1846 2951 δὲ
1881 2891 1974 2951 καὶ

365 2988 415 3044 οἱ
453 2986 693 3064 ἆῤῥενες,
727 2982 945 3066 ἀφέντες
979 2982 1074 3056 τὴν
1102 2983 1328 3066 φυσικὴν
1373 2987 1570 3064 χρῆσιν
1599 2986 1692 3053 τῆς
1726 2982 1971 3055 θηλείας,

368 3074 734 3147 ἷξεκαύθησαν
782 3077 836 3134 ἐν
1005 3072 1171 3152 ὀρέξει
1212 3076 1389 3134 αὑτῶν
1434 3075 1506 3140 εἷς
1561 3072 1824 3144 ἀλλήλους
1877 3073 1974 3153 ἀρ-

369 3187 515 3230 σενες
562 3165 618 3222 ἐν
668 3163 859 3244 ἄρσεσι
904 3161 1001 3235 τὴν
1051 3161 1438 3242 ἀσχημοσύνην
1501 3161 1976 3245 κατεργαζόμενοι,

2068 649 2140 703 rit
2171 648 2354 719 :atqui
2385 657 2674 720 argentum
2707 665 2816 704 non
2853 649 3106 721 perdidit,
3142 651 3237 707 sed
3275 652 3473 709 abusus
3503 673 3516 710 :
3545 656 3676 710 Sau-

2069 738 2178 793 lem
2219 737 2412 794 itidem
2450 754 2684 809 regnum
2730 739 2998 812 corrupit,
3025 749 3119 796 aut
3147 741 3525 810 Solomonem,
3569 761 3668 815 pro

2069 845 2134 884 eo
2161 827 2312 899 quod
2357 835 2456 896 est,
2508 828 2684 899 Regni
2731 829 2933 885 abusus
2980 830 3238 902 perdidit.
3287 831 3495 888 Traditi
3538 843 3669 890 sunt

2069 932 2199 988 ergo
2228 932 2322 988 per
2345 917 2626 988 propriam
2649 918 2952 989 nequitiam
2980 935 3137 975 suam
3171 919 3239 976 ad
3262 919 3665 992 impuritatem,

2072 1015 2135 1062 ut
2161 1022 2270 1062 non
2303 1022 2443 1077 opus
2488 1005 2783 1062 habuerint
2830 1007 2951 1064 aliis
2982 1008 3245 1080 injuriam
3277 1009 3671 1080 inferentibus,

2070 1095 2165 1152 sed
2202 1095 2306 1167 ipsi
2339 1111 2397 1152 se
2435 1097 2771 1152 contumelia
2797 1097 3104 1154 affecerunt
3136 1118 3148 1153 :
3183 1098 3506 1171 hujusmodi
3546 1109 3676 1158 sunt

2073 1185 2221 1241 enim
2250 1185 2448 1257 impuri
2473 1186 2548 1241 illi
2591 1184 2842 1242 affectus.
2876 1186 3042 1244 Unde
3069 1196 3253 1245 autem
3284 1188 3353 1246 ad
3382 1191 3676 1262 impurita-

2074 1284 2189 1331 tem
2211 1275 2398 1332 traditi
2429 1279 2596 1332 sunt?
2635 1279 2716 1331 Et
2759 1277 2955 1348 injuria
2991 1294 3100 1350 qua
3127 1277 3183 1333 in
3213 1283 3393 1335 Deum
3423 1281 3675 1355 impege-

2076 1375 2221 1421 runt.
2258 1367 2404 1422 Nam
2434 1365 2527 1438 qui
2563 1369 2738 1422 Deum
2765 1383 2880 1423 non
2912 1367 3026 1424 vult
3053 1383 3237 1436 nosse,
3268 1369 3459 1425 statim
3485 1371 3541 1426 in
3557 1372 3678 1428 vita:

2076 1456 2246 1511 etiam
2303 1455 2552 1512 moribus
2607 1457 2984 1528 corrumpitur
3029 1479 3041 1514 :
3099 1458 3569 1530 quemadmodum
3624 1471 3684 1518 et

2077 1543 2249 1600 David
2279 1545 2457 1617 inquit
2489 1563 2503 1601 :
2546 1568 2570 1594 α
2606 1545 2757 1601 Dixit
2785 1546 3072 1618 insipiens,
3103 1551 3229 1604 Non
3249 1557 3334 1605 est
3363 1552 3512 1606 Deus
3541 1561 3568 1586 ιι
3596 1569 3609 1605 :
3650 1574 3675 1600 υ

2079 1635 2223 1692 illico
2251 1636 2514 1704 subdens,
2551 1659 2577 1685 ι
2609 1637 2866 1708 Corrupti
2895 1645 3027 1692 sunt
3046 1646 3100 1693 et
3129 1638 3532 1698 abominabiles
3548 1640 3679 1698 facti

2081 1734 2211 1782 sunt
2265 1726 2324 1781 in
2371 1725 2570 1782 studiis
2609 1726 2742 1782 suis.
2793 1749 2820 1776 ι›
2875 1728 3304 1784 Commutarunt
3345 1730 3508 1802 igitur
3555 1748 3681 1804 qua:

2081 1831 2204 1871 vere
2235 1814 2301 1871 ad
2331 1818 2513 1871 Deum
2562 1816 2927 1888 pertinebant,
2969 1832 3140 1888 eaque
3168 1818 3276 1874 diis
3323 1819 3465 1876 lictis
3503 1837 3680 1893 appo-

2081 1913 2324 1962 suerunt.
2354 1907 2548 1972 Porro,
2577 1906 2932 1974 «coluerunt,
2957 1926 2986 1958 ι)
3021 1908 3203 1978 posuit
3231 1924 3354 1978 pro,
3377 1908 3683 1968 honorave-

2082 2004 2228 2051 runt.
2255 1997 2325 2051 Et
2373 2019 2397 2044 α
2449 1995 2778 2052 servierunt.
2815 2019 2840 2044 ιο
2875 2013 2996 2068 pro,
3046 1997 3307 2069 operibus
3361 1999 3678 2058 servitutem

2084 2085 2484 2142 exhibuernnt:
2529 2084 2766 2142 idenim
2815 2095 2898 2142 est
2953 2086 3176 2158 λατρεία,
3229 2087 3406 2145 honos
3450 2091 3539 2162 qui
3584 2107 3682 2163 per

2083 2191 2221 2248 opus
2240 2175 2550 2232 exhibetur.
2585 2179 2697 2232 Nec
2725 2175 3050 2248 simpliciter
3091 2177 3251 2242 dixit,
3301 2177 3401 2236 sed
3430 2203 3454 2228 σι
3487 2181 3683 2239 Potius

2083 2280 2246 2337 quam
2271 2265 2534 2331 Creatori,
2569 2288 2595 2314 ιο
2629 2281 2696 2321 ex
2743 2267 3154 2337 comparatione
3191 2266 3456 2326 delictum
3482 2285 3680 2345 aggra-

2082 2370 2234 2411 vans.
2250 2357 2457 2411 Verum
2473 2355 2581 2423 ille,
2605 2355 2804 2428 inquit,
2825 2379 2849 2404 ιι
2872 2355 3194 2413 benedictus
3221 2359 3384 2414 estin
3407 2361 3631 2429 sazcula,
3647 2381 3678 2412 ιι

2081 2443 2186 2500 Ιιοο
2223 2452 2326 2512 est,
2369 2443 2504 2500 nihil
2551 2444 2854 2516 quidquam
2902 2446 3062 2502 laesus
3108 2455 3192 2503 est
3215 2463 3287 2503 ex
3308 2448 3559 2520 ipsorum
3590 2451 3684 2506 in-

2072 2532 2240 2604 juria,
2267 2532 2361 2589 sed
2385 2541 2468 2588 est
2503 2531 2820 2589 benedictus
2848 2535 2901 2589 in
2918 2549 3116 2604 aevum,
3155 2536 3425 2594 stabiliter
3453 2553 3517 2594 ac
3551 2554 3681 2596 cer-

2083 2631 2142 2679 to
2175 2641 2188 2678 :
2219 2621 2326 2678 hoc
2342 2621 2490 2678 enim
2523 2625 2699 2678 Amen
2729 2623 3019 2694 significat.

2155 2715 2328 2769 Vens.
2377 2719 2465 2777 26,
2494 2717 2582 2767 27.
2629 2736 2654 2761 α
2697 2716 2990 2786 Propterea
3042 2714 3272 2772 tradidit
3317 2732 3411 2774 eos
3450 2720 3680 2776 Deusin

2080 2804 2359 2875 passiones
2394 2803 2730 2875 ignominiae.
2758 2805 3004 2861 Feminae
3020 2806 3165 2861 enim
3190 2807 3439 2878 ipsorum
3471 2809 3678 2866 immu-

2078 2901 2265 2949 tarunt
2295 2893 2605 2948 naturalem
2653 2909 2816 2949 usum
2859 2894 2915 2950 in
2947 2911 3098 2963 eum,
3131 2897 3224 2968 qui
3255 2906 3336 2954 est
3361 2906 3551 2954 contra
3580 2915 3683 2954 na-

2079 2991 2286 3038 turam.
2339 2982 2600 3038 Similiter
2637 2991 2689 3038 et
2732 2984 2984 3050 masculi,
3055 2984 3241 3042 relicto
3300 2988 3537 3044 naturali
3581 3006 3684 3046 usu

2082 3072 2326 3136 feminae.
2351 3080 2675 3128 exarserunt
2703 3072 2757 3128 in
2773 3071 3062 3130 desideriis
3089 3075 3204 3132 suis
3232 3076 3378 3132 inter
3399 3093 3458 3133 se
3482 3086 3682 3135 mutuo

2080 3163 2308 3220 masculi
2343 3163 2400 3218 in
2427 3163 2704 3219 masculos
2742 3165 3145 3236 turpitudinem
3174 3180 3331 3222 suam
3362 3175 3672 3240 operantes,

369 3255 460 3312 καὶ
493 3252 592 3324 τὴν
641 3250 982 3330 ἀντιμισθίαν
1031 3252 1096 3325 ἣν
1143 3253 1248 3312 ἔδει
1292 3257 1385 3325 τῆς
1431 3253 1638 3325 πλάνης
1670 3255 1871 3328 αὒτῶν,
1921 3255 1971 3311 ἐν

2083 3261 2138 3310 et
2187 3251 2526 3321 mercedem,
2567 3267 2733 3324 quam
2782 3255 3046 3326 oportuit,
3085 3257 3285 3312 erroris
3342 3256 3449 3329 14
3488 3258 3572 3314 sui
3617 3258 3672 3313 in

370 3345 576 3410 ίαυτοῖς
609 3341 1108 3419 ἀπολαμϐάνοντες.
1143 3371 1166 3394 ιι
1196 3343 1370 3402 Πάλιν
1396 3340 1492 3415 τὴν
1523 3347 1614 3402 τοῦ
1636 3342 1780 3402 Θεοῦ
1812 3342 1974 3420 ἐγκαο

374 3435 614 3513 τάλειψιν
661 3432 965 3513 παράδοσιν
1011 3432 1290 3509 ὀνομάζει,
1325 3432 1413 3490 διὰ
1456 3436 1610 3513 τοῦτο
1643 3430 1970 3512 γενομένην,

379 3521 516 3580 διότι
544 3512 867 3602 ἰλάτρευσαν
997 3522 1188 3582 κτίσει.
1218 3521 1440 3603 Ὥσπερ
1470 3512 1560 3580 οὖν
1606 3525 1657 3582 ἐν
1695 3529 1802 3588 τοῖς
1854 3522 1976 3602 περὶ

384 3614 532 3670 Θεοῦ
579 3611 830 3689 δόγμασιν
853 3656 871 3682 ,
906 3610 1122 3691 ἀφέντες
1156 3610 1254 3684 τὴν
1291 3611 1396 3671 ἀπὸ
1427 3615 1519 3683 τῆς
1565 3611 1784 3678 κτίσεως
1823 3634 1977 3692 χειρ-

386 3701 659 3777 αγωγίαν,
680 3700 1030 3781 διεφθάρησαν
1051 3725 1064 3738 ·
1097 3701 1236 3761 οὕτω
1263 3701 1355 3760 καὶ
1377 3703 1430 3761 ἐν
1460 3704 1535 3781 τῷ
1569 3700 1667 3783 βίῳ
1701 3701 1976 3780 βδελυκτοὶ

385 3789 654 3864 ἐγένοντο,
701 3789 913 3870 ἀφέντες
955 3789 1052 3864 τὴν
1098 3790 1238 3850 κατὰ
1269 3789 1424 3872 φύσιν
1462 3790 1655 3862 ἡδονὴν
1691 3788 1844 3866 (ἥτις
1887 3790 1978 3850 καὶ

382 3877 711 3958 εὖκολωτέρα
760 3881 854 3939 καὶ
905 3878 1129 3958 ἡδίων),
1185 3879 1280 3940 καὶ
1327 3881 1416 3940 ἐπὶ
1473 3879 1568 3952 τὴν
1621 3879 1771 3960 παρὰ
1822 3878 1976 3962 φύσιν

379 3968 748 4040 ὀλισθήσαντες
783 3968 932 4051 (ἥτις
963 3979 1055 4028 καὶ
1079 3969 1457 4049 δυσκολωτέρα
1489 3969 1968 4051 καὶ-ἀηδεστέρα).

380 4060 458 4120 Τὸ
497 4057 598 4136 γὰρ
627 4049 962 4136 μεταλλάξαι
990 4065 1146 4120 τοῦτο
1175 4060 1347 4140 δηλοῖ,
1381 4059 1462 4118 ὅτι
1493 4059 1526 4117 ἃ
1561 4049 1706 4140 εἶχον
1747 4049 1980 4140 ἀφῆκαν,

375 4150 468 4208 καὶ
498 4149 638 4208 ἀλλα
669 4147 894 4210 εἴλοντο.
949 4148 1136 4227 Μέγαν
1185 4139 1274 4208 οὖν
1319 4147 1616 4229 κατήγορον
1664 4139 1980 4229 ἀμφοτέροις

369 4242 480 4306 τοῖς
531 4240 708 4317 γένεσι
749 4248 986 4320 παριστᾷ
1013 4244 1104 4298 καὶ
1146 4237 1246 4312 τὴν
1289 4239 1476 4321 φύσιν,
1531 4240 1595 4314 ἣν
1638 4239 1976 4318 παρέϐησαν.

373 4329 565 4390 Εἰπὼν
611 4327 716 4408 γὰρ
748 4326 873 4408 περὶ
902 4333 1008 4389 τῶν
1059 4329 1279 4402 θηλειῶν
1334 4328 1820 4409 ἐπικεκρυμμένως
1862 4331 1982 4387 αἰσ-

374 4417 508 4498 χρόν
539 4441 623 4492 τι,
675 4417 770 4477 καὶ
803 4416 921 4477 οὐδὲ
973 4422 1198 4498 ῥηθῆναι
1242 4417 1482 4498 πρέπον,
1529 4418 1674 4495 λέγει
1721 4417 1813 4477 καὶ
1859 4418 1981 4494 περὶ

375 4511 483 4566 τῶν
514 4509 719 4588 ἀνδρῶν
738 4551 755 4580 ,
793 4508 876 4567 ὅτι
905 4535 930 4559 ι
959 4507 1360 4588 Ἐξεκαύθησαν
1393 4510 1466 4576 εἷς
1505 4507 1771 4578 ἀλλήλους
1790 4555 1806 4581 ,
1841 4535 1867 4560 ι»
1901 4499 1981 4567 οἶ-

374 4620 535 4676 στρον
557 4587 652 4656 καὶ
675 4595 872 4673 μανίαν
894 4597 1092 4668 δηλῶν.
1129 4600 1250 4659 Οὗκ
1278 4587 1395 4656 εἶπε
1427 4596 1512 4674 δὲ,
1532 4596 1648 4669 Τὴν
1695 4597 1980 4676 ἐπιθυμίαν

372 4686 858 4766 κατεργαζόμενοι,
906 4685 1082 4764 ἀλλὰ,
1134 4713 1160 4743 ι
1190 4687 1309 4760 Τὴν
1359 4687 1773 4767 ἀσχημοσύνην,
1811 4713 1834 4739 ιι
1861 4687 1984 4767 ,δει-

375 4765 611 4844 κνὺςίὸτι
659 4776 756 4848 τὴν
811 4776 966 4856 φύσιν
1009 4776 1382 4859 κατῄσχυναν.
1430 4765 1697 4851 ΠἚπειδὴ
1732 4775 1787 4836 δὲ
1835 4765 1983 4837 εἶπεν

376 4866 461 4924 ὅτι
491 4895 513 4918 ι
548 4865 645 4927 Ἐν
675 4870 744 4946 τῇ
775 4864 940 4946 ὀρέξει
980 4865 1374 4945 ἐξεκαύθησαν,
1417 4893 1442 4919 ι
1485 4863 1572 4925 ἵνα
1604 4865 1680 4945 μὴ
1722 4865 1982 4947 νομίσῃς,

379 4955 462 5014 ὅτι
520 4959 615 5027 τῆς
677 4957 956 5032 ἐπιθυμίας
1017 4947 1083 5028 ἦν
1150 4954 1210 5016 τὸ
1261 4953 1472 5034 νόσημα
1527 4956 1721 5034 μόνης,
1786 4956 1980 5030 Αὐτοὶ,

380 5045 545 5126 φησὶ,
586 5046 1030 5127 κατειργάζοντο,
1097 5044 1375 5123 τουτέστι,
1424 5045 1660 5118 σπουδὴν
1735 5047 1982 5106 ἐποιοῦνιο

376 5159 440 5194 το
491 5135 616 5214 περὶ
661 5134 758 5207 τὴν
807 5133 1170 5216 ἀκαθαρσίαν,
1233 5134 1384 5217 ἔργον
1429 5135 1630 5211 ταύτην
1681 5134 1982 5215 τιθέμενοι,

374 5224 472 5285 καὶ
517 5225 606 5284 τὸν
651 5225 838 5301 μισθὸν
888 5229 984 5298 τῆς
1035 5227 1096 5285 ἐκ
1143 5230 1236 5285 τοῦ
1275 5231 1416 5289 Θεοῦ
1470 5225 1846 5300 ἀποστασίας,
1891 5225 1985 5286 καὶ

375 5314 511 5396 πρὸς
565 5319 634 5374 τὰ
696 5314 893 5375 εἴδωλα
958 5314 1190 5389 πλάνης,
1245 5314 1720 5393 ἀπολαμϐάνοντες
1779 5317 1832 5375 ἐν
1911 5321 1976 5397 τῇ

378 5404 598 5486 τοιαύτῃ
630 5402 1020 5486 ἀσχημοσύνῃ,
1051 5405 1144 5466 καὶ
1174 5406 1228 5464 ἐν
1273 5406 1410 5487 αὐτῇ
1549 5407 1712 5486 ἡδονῇ
1753 5403 1852 5479 τὴν
1889 5405 1978 5466 κόλ-

455 5559 482 5587 ι
506 5551 657 5609 Psal.
688 5564 829 5621 xm,
858 5553 921 5618 ι,
953 5555 1009 5606 2.

2011 4563 2061 4626 D

2089 3344 2282 3416 seipsis
2305 3343 2645 3414 recipientes.
2683 3365 2707 3391 ιο
2740 3346 2954 3402 Rursus
2984 3345 3083 3401 Dei
3109 3345 3524 3404 derelictionem
3571 3355 3687 3404 tra-

2084 3434 2355 3490 ditionem
2381 3432 2652 3503 nominat,
2673 3443 2958 3506 propterea
2989 3435 3216 3504 factam,
3241 3437 3385 3508 quod
3416 3438 3688 3494 inservie-

2085 3532 2215 3580 runt
2239 3530 2528 3580 creatum.
2569 3523 2722 3580 Sicut
2753 3538 2883 3596 ergo
2921 3525 2976 3580 in
3019 3525 3082 3580 iis
3111 3541 3234 3598 qua:
3273 3525 3340 3581 de
3371 3530 3488 3583 Deo
3531 3534 3686 3584 erant

2084 3613 2456 3688 dogmatibus,
2497 3625 2708 3672 naturae
2749 3615 3240 3672 manuductionem
3299 3616 3686 3689 relinquentes,

2087 3705 2330 3777 corrupti
2377 3715 2556 3774 erant;
2591 3706 2665 3761 ita
2693 3714 2748 3761 et
2777 3705 2940 3760 invita
2988 3703 3343 3760 exsecrabiles
3375 3705 3503 3761 facti
3534 3715 3684 3775 sunt,

2089 3793 2451 3864 dimittentes,
2478 3810 2604 3867 qua:
2631 3794 2934 3851 secundum
2981 3803 3239 3850 naturam
3280 3802 3385 3863 est,
3439 3797 3689 3866 volupta-

2089 3891 2200 3941 tem
2237 3885 2378 3957 (qua:
2414 3895 2469 3942 et
2503 3884 2715 3942 facilior
2755 3892 2900 3940 esset
2941 3891 2996 3940 et
3035 3883 3302 3952 suavior),
3344 3892 3402 3940 et
3441 3885 3509 3942 ad
3561 3901 3685 3942 eam

2089 3984 2699 4047 quaepraaternaturam
2742 3981 2827 4031 est
2856 3978 3002 4046 (quae
3042 3982 3099 4029 et
3127 3973 3394 4032 difﬁcilior
3444 3983 3501 4032 et
3543 3974 3690 4048 iniu-

2091 4065 2340 4136 cundior)
2383 4065 2637 4138 prolapsi.
2687 4065 2986 4120 lmmutare
3048 4063 3198 4119 enim
3241 4063 3349 4120 hoc
3391 4064 3684 4137 signiﬁcat,

2091 4155 2240 4228 quod
2277 4172 2402 4227 quae
2449 4155 2727 4210 habebant
2764 4154 3106 4222 dimiserunt,
3151 4163 3205 4210 et
3231 4155 3336 4211 alia
3384 4155 3684 4227 elegerunt.

2091 4247 2353 4319 Magnum
2376 4245 2545 4317 igitur
2573 4252 2952 4300 accusatorem
2974 4244 3192 4316 utrique
3210 4243 3388 4312 sexui,
3433 4252 3686 4301 naturam

2091 4351 2255 4407 quam
2296 4335 2614 4408 transgressi
2644 4343 2793 4400 sunt,
2823 4333 3128 4390 constituit.
3162 4337 3304 4392 Cum
3333 4335 3484 4391 enim
3511 4335 3581 4392 de
3612 4335 3693 4392 fc-

2092 4425 2252 4480 minis
2282 4433 2454 4496 turpe
2479 4423 2740 4496 quiddam
2785 4423 3009 4480 dixisset
3052 4440 3117 4481 ac
3163 4423 3484 4480 indecorum
3532 4425 3694 4498 plane

2090 4515 2258 4583 dictu,
2300 4513 2368 4570 de
2413 4513 2662 4570 maribus
2699 4513 2863 4570 etiam
2894 4513 2989 4581 ait,
3019 4512 3168 4586 quod
3196 4513 3498 4570 exarserint
3543 4514 3692 4569 inter

2092 4620 2210 4662 sese
2233 4611 2449 4672 mutuo,
2489 4613 2720 4661 (nstrum
2757 4611 2816 4660 et
2841 4602 3092 4660 furorem
3116 4602 3385 4660 indicans.
3426 4607 3549 4660 Non
3585 4619 3689 4659 au-

2090 4703 2208 4753 tem
2234 4694 2397 4763 dixit,
2425 4693 2944 4766 Concupiscentiam
2971 4702 3276 4767 operantes,
3309 4692 3408 4750 sed
3437 4717 3460 4741 αι
3492 4693 3690 4764 Turpi-

2090 4784 2364 4857 tudinem,
2425 4808 2450 4834 »
2501 4783 2760 4854 innuens,
2795 4783 2946 4858 quod
2989 4791 3246 4840 naturam
3285 4783 3692 4857 pudefecerint.

2090 4875 2366 4950 Quoniam
2393 4889 2522 4931 vero
2543 4873 2704 4942 dixit,
2726 4897 2752 4922 α
2773 4877 2837 4930 In
2859 4873 3160 4947 cupiditate
3180 4883 3530 4942 exarserunt,
3566 4897 3594 4925 υ
3622 4889 3693 4930 ne

2089 4965 2210 5039 quis
2241 4965 2583 5022 existimaret
2611 4963 2928 5036 cupiditatis
2967 4964 3358 5022 tantummodo
3389 4981 3507 5022 esse
3541 4979 3689 5021 mor-

2090 5055 2248 5124 bum,
2291 5053 2422 5127 lpsi,
2488 5053 2688 5128 inquit,
2737 5054 3124 5127 operabantur,
3158 5054 3266 5111 hoc
3318 5063 3423 5124 est,
3465 5053 3693 5111 studiosi

2092 5161 2154 5202 ac
2192 5144 2486 5218 diligentes
2531 5152 2689 5200 erant
2733 5144 2879 5202 circa
2906 5144 3306 5216 impuritatem,
3344 5159 3482 5216 opus
3511 5143 3690 5215 ipsam

2095 5234 2377 5304 facientes,
2427 5243 2483 5290 et
2514 5233 2829 5291 mercedem
2869 5233 3189 5291 defectionis
3213 5248 3243 5289 a
3275 5235 3419 5302 Deo,
3452 5240 3508 5289 et
3537 5246 3692 5288 erro-

2085 5325 2164 5382 ris
2195 5323 2541 5382 idololatrici
2596 5324 2920 5395 recipientes
2962 5323 3019 5380 in
3074 5322 3173 5379 tali
3235 5320 3576 5395 turpitudine
3649 5330 3702 5378 et

2086 5415 2144 5471 in
2168 5414 2284 5488 ipsa
2336 5414 2640 5488 voluptate,
2681 5422 2745 5470 ut
2781 5428 2907 5486 qua:
2960 5420 3162 5486 praeter
3190 5420 3474 5468 naturam
3524 5411 3608 5469 sit
3644 5423 3699 5469 et

1787 5659 1975 5720 Variae
2015 5660 2316 5722 lectiones.

455 5757 499 5792 '°
525 5757 743 5833 ὒϐρίζειν
775 5771 858 5814 rn.
933 5755 976 5791 “
1004 5757 1310 5826 προσέθηκαν
1340 5773 1396 5815 0.
